4088 6336
583 357 602 409 ί
615 356 716 408 047

575 465 920 537 elegantiam,
947 474 1002 520 ut
1023 479 1121 520 nec
1145 461 1334 521 eadem
1363 461 1492 528 sint,
1521 469 1576 516 et
1601 460 1789 516 eadem
1810 459 1938 514 sint.
1965 456 2148 513 Unum

577 559 699 622 iter,
726 566 783 612 et
813 554 1156 625 perveniendi
1194 571 1300 623 quo
1325 550 1544 624 cupias,
1597 553 1762 606 multa
1805 549 2145 620 compendia.

575 649 731 718 Saepe
754 647 822 700 ad
855 647 1040 702 viduas
1065 645 1398 713 scripsimus,
1426 653 1482 699 et
1511 645 1562 697 in
1592 641 2017 698 exhortationem
2053 653 2146 692 ea-

564 737 694 791 dum
726 737 888 791 multa
919 737 986 791 de
1008 735 1303 804 Scripturis
1328 735 1528 790 sanctis
1551 732 1794 800 exempla
1818 737 2144 800 repetentes,

574 829 752 883 varios
780 828 1206 882 testimoniorum
1236 827 1396 881 ﬂores
1424 827 1476 880 in
1508 840 1667 879 unam
1700 823 1966 893 pudicitiae
1987 835 2146 874 coro-

572 934 697 971 nam
745 919 1031 972 texuimus.
1080 915 1231 972 Nune
1269 915 1337 971 ad
1383 913 1736 984 Ageruchiam
1781 911 1936 966 nobis
1971 924 2148 965 sermo

571 1019 677 1072 est,
705 1024 826 1077 quae
854 1008 1084 1078 quodam
1119 1009 1366 1062 vaticinio
1405 1006 1720 1070 futurorum,
1749 1018 1813 1059 ac
1843 1003 1934 1058 Dei
1965 1001 2150 1072 przesi-

573 1098 751 1153 dentis
778 1098 997 1164 auxilio,
1041 1114 1236 1152 nomen
1275 1098 1498 1166 accepit.
1539 1095 1708 1162 Quam
1749 1094 1904 1159 avito,
1941 1092 2146 1158 matris,

573 1189 878 1259 amitzeque,
915 1190 1256 1256 probatarum
1291 1188 1343 1242 in
1371 1187 1586 1243 Christo
1613 1183 1956 1249 feminarum,
1996 1182 2146 1237 nobi-

575 1280 641 1335 lis
687 1280 840 1336 turba
881 1283 1211 1336 circumstat.
1257 1279 1494 1347 Quarum
1543 1277 1662 1332 atia
1702 1275 2004 1341 Metronia,
2051 1288 2148 1343 per

575 1373 922 1443 quadraginta
952 1387 1125 1427 annos
1149 1373 1304 1426 vidua
1347 1385 1716 1441 perseverans,
1759 1370 1967 1423 Annam
1995 1365 2149 1421 nobis

581 1466 744 1520 lilium
776 1465 1060 1520 Phanuelis
1089 1465 1156 1520 de
1204 1465 1489 1534 Evangelii)
1524 1462 1707 1518 retulit
1749 1459 1900 1527 (Luc.
1933 1459 1986 1513 5.
2029 1456 2144 1526 36).

579 1556 834 1627 Beuigna,
866 1567 1036 1611 mater
1059 1565 1328 1627 quartum,
1368 1564 1423 1610 et
1459 1554 1720 1608 decimum
1751 1550 2022 1605 viduitatis
2053 1551 2149 1603 im-

579 1647 730 1717 pleas
750 1662 970 1710 annum,
993 1646 1302 1704 centenario
1324 1645 1585 1715 virgimun
1608 1643 1774 1698 choro
1793 1641 2042 1710 cingitur.
2066 1638 2147 1711 (l)

573 1737 740 1794 Soror
788 1738 1053 1803 Celeriui,
1113 1739 1278 1807 patris
1328 1733 1680 1805 Ageruchiaa,
1727 1731 1817 1803 qui
1875 1729 2146 1800 parvulam

574 1829 798 1884 nutrivit
826 1829 1102 1896 infantem,
1134 1837 1190 1884 et
1217 1829 1269 1883 in
1311 1841 1409 1882 suo
1438 1837 1616 1880 natam
1645 1823 1883 1892 suscepit
1919 1819 2143 1892 gremio,

575 1937 671 1991 per
716 1937 886 1977 annos
933 1922 1116 1992 viginti
1165 1921 1340 1976 mariti
1395 1919 1588 1975 solatio
1637 1917 1912 1983 destituta,
1971 1911 2148 1970 erudit

575 2022 788 2080 neptem
813 2030 829 2076 ;
861 2012 1060 2068 docens
1085 2012 1226 2083 quod
1253 2027 1283 2066 a
1311 2021 1486 2067 matre
1515 2009 1718 2065 didicit.

643 2103 698 2159 ἓ.
760 2104 920 2175 ωι
975 2103 1100 2159 Haec
1122 2104 1267 2158 brevi
1289 2115 1534 2158 sermone
1556 2097 1864 2170 perstrinxi,
1888 2105 1944 2152 ut
1965 2105 2147 2152 osten-

571 2193 692 2248 dam
705 2193 1158 2249 adolescentulam
1177 2207 1350 2249 meam
1367 2207 1470 2246 non
1491 2199 1742 2260 praestare
1754 2187 2142 2256 monogamiam

571 2283 753 2352 generi
800 2298 920 2347 suo,
951 2283 1044 2338 sed
1072 2281 1297 2337 reddere
1319 2299 1341 2358 ,ι
1372 2295 1470 2336 nec
1495 2289 1602 2334 tam
1643 2277 1956 2333 laudandam
2000 2291 2142 2341 esse,

573 2374 619 2426 si
667 2373 882 2438 tribuat,
927 2387 1087 2442 quam
1123 2371 1372 2426 omnibus
1423 2369 1801 2434 execrandam,
1851 2368 1895 2422 si
1945 2381 2142 2436 negare

575 2463 855 2516 tentaverit
886 2479 900 2516 :
932 2461 1230 2532 prmsertim
1277 2476 1398 2516 cum
1430 2459 1745 2530 posthumus
1776 2457 1892 2534 ejus
1931 2456 2147 2525 Simpli-

571 2555 689 2608 cius
715 2570 908 2610 nomen
937 2554 1102 2624 patris
1147 2551 1367 2618 referat,
1396 2559 1452 2607 et
1479 2551 1623 2606 nulla
1649 2551 1720 2605 sit
1752 2547 2024 2604 excusatio
2051 2547 2147 2601 de-

571 2657 729 2700 serta!
763 2661 825 2700 ac
851 2646 966 2700 sine
991 2645 1294 2701 lueredibus
1319 2645 1512 2699 donms
1535 2659 1554 2707 ,°
1580 2643 1680 2696 sub
1704 2657 1929 2712 quorum
1962 2651 2146 2711 patro-

570 2737 715 2792 cinio
743 2737 1007 2792 interdum
1033 2737 1134 2792 sibi
1164 2737 1330 2792 libido
1361 2736 1650 2802 blanditur,
1681 2745 1737 2788 ut
1761 2733 1902 2803 quod
1927 2744 2145 2802 propter

572 2830 1032 2899 intemperantiam
1059 2827 1453 2893 suam-faciunt,
1486 2825 1770 2880 videantur
1798 2825 1972 2877 facere
1997 2822 2145 2876 desi-

569 2921 720 2976 derio
761 2920 1074 2975 liberorum.
1117 2919 1225 2974 Sed
1268 2918 1392 2988 quid
1421 2931 1522 2986 ego
1548 2915 1697 2986 quasi
1729 2913 1796 2968 ad
1844 2920 2142 2967 retrectan-

572 3019 678 3065 tem
703 3011 910 3079 loquor,
942 3024 1064 3064 cum
1093 3008 1306 3062 audiam
1334 3023 1452 3061 eam
1475 3005 1672 3060 multos
1697 3003 1884 3058 Palatii
1916 3001 1988 3073 (a)
2023 3017 2147 3073 pro-

569 3115 684 3163 cos,
707 3099 964 3155 Ecclesia:
989 3100 1155 3154 vitare
1176 3098 1446 3168 praesidio,
1474 3111 1611 3166 quos
1635 3094 1876 3151 certatim
1903 3093 2145 3148 diabolus

571 3189 879 3254 inﬂammat,
901 3200 958 3243 ut
983 3189 1155 3243 vidua:
1173 3197 1374 3243 nostra:
1393 3187 1695 3242 castitatem
1721 3184 1963 3254 probent,
1986 3198 2142 3252 quam

573 3287 629 3332 et
657 3279 929 3342 nobilitas,
962 3287 1016 3331 et
1043 3276 1237 3343 forma,
1266 3287 1320 3330 et
1349 3284 1500 3340 mtas,
1543 3283 1597 3328 et
1625 3287 1755 3342 opes
1783 3273 1982 3326 faciunt
2007 3286 2142 3324 cun-

570 3369 670 3422 ctis
713 3367 1096 3438 appetibilem:
1139 3374 1195 3420 ut
1232 3375 1430 3435 quanto
1477 3365 1624 3434 plura
1669 3372 1824 3426 sunt,
1869 3377 1988 3431 qua:
2044 3361 2145 3416 im-

573 3468 806 3528 pugnant
855 3457 1202 3528 pudicitiam,
1279 3465 1428 3511 tanto
1479 3454 1714 3510 victricis
1780 3454 1982 3523 majora
2039 3455 2144 3508 sint

574 3551 828 3621 praemia?

642 3643 695 3697 5.
737 3643 804 3697 Et
842 3642 965 3714 quia
1006 3641 1160 3697 nobis
1205 3641 1272 3696 de
1317 3649 1470 3710 portu
1523 3638 1940 3711 egredientibus,
1987 3637 2139 3707 quasi

570 3734 783 3804 quidam
830 3735 1082 3802 scopulus
1119 3733 1426 3803 opponitur,
1458 3747 1526 3786 ne
1569 3730 1834 3801 possimus
1871 3729 1936 3783 ad
1967 3729 2140 3800 pelagi

575 3836 683 3882 tuta
711 3827 1018 3892 decurrere,
1065 3836 1119 3881 et
1149 3825 1386 3894 Apostoli
1438 3823 1588 3878 Pauli
1624 3823 1906 3877 scribentis
1943 3822 2008 3876 ad
2053 3820 2146 3874 Ti-

577 3919 849 3974 motheum
878 3917 1148 3988 profertur
1171 3918 1481 3980 auctoriuts,
1517 3915 1570 3969 in
1609 3929 1712 3984 qua
1740 3912 1809 3968 de
1833 3912 2004 3966 viduis
2032 3911 2144 3966 dis-

579 4018 769 4078 putans
802 4010 910 4064 ait:
949 4007 1080 4063 Volo
1117 4019 1285 4062 autem
1304 4007 1539 4076 juniores
1587 4004 1792 4068 nubere,
1839 4003 1975 4072 ﬁlios
2022 4019 2142 4072 pro-

574 4119 765 4166 creare,
804 4101 1216 4172 matresfamilias
1255 4115 1383 4164 esse,
1429 4097 1626 4152 nullam
1670 4095 1983 4150 occasionem
2022 4095 2146 4149 dare

574 4191 890 4256 adversario,
920 4189 1176 4243 maledicti
1216 4189 1400 4258 gratia.
1425 4185 1547 4240 lam
1581 4187 1713 4238 enim
1737 4184 1968 4254 qutcdam
2007 4184 2144 4238 abie-

571 4291 686 4334 runt
710 4292 842 4334 retro
871 4292 982 4350 post
1009 4282 1255 4336 Satanam
1275 4280 1352 4351 (ι.
1389 4278 1520 4332 Tim.
1550 4279 1602 4332 5.
1635 4279 1723 4332 14.
1755 4288 1800 4330 et
1833 4274 1951 4348 i5):
1981 4293 2143 4346 Opor-

575 4382 646 4425 tet
679 4371 904 4440 prituum
927 4385 1142 4424 sensum
1167 4379 1396 4424 tractare
1417 4369 1690 4436 praecepti,
1718 4377 1772 4421 et
1802 4383 2012 4422 onmem
2043 4367 2142 4421 loci

573 4463 728 4531 hujus
752 4462 1131 4517 continentiam
1163 4464 1473 4529 (contextum
1495 4461 1598 4513 sive
1622 4458 1940 4527 complexum
1960 4460 2146 4511 oratio—

575 4555 674 4623 nis)
714 4553 1013 4617 discutere;
1067 4564 1228 4621 atque
1272 4553 1340 4604 ita
1386 4549 1705 4618 Apostolicis
1735 4547 1968 4617 vestigiis
2013 4549 2143 4602 insi-

579 4657 835 4709 stentem,
871 4659 938 4699 ne
970 4653 1332 4698 transversum
1361 4642 1598 4712 quidem,
1632 4650 1688 4695 ut
1727 4641 1828 4694 dici
1861 4640 2017 4706 solet,
2045 4656 2145 4693 uu-

572 4751 730 4805 guem
760 4737 811 4789 in
846 4745 1049 4805 partem
1079 4736 1305 4789 alteram
1332 4734 1626 4788 declinare.
1658 4733 1827 4801 Supra
1859 4733 2145 4800 scripserat

573 4827 746 4894 qualis
773 4827 925 4878 vidua
959 4839 1078 4880 esse
1103 4825 1324 4878 deberet
1348 4841 1360 4876 :
1389 4822 1552 4878 Unius
1583 4823 1678 4876 viri
1704 4838 1852 4886 uxor,
1881 4837 1991 4890 qua
2019 4821 2144 4874 libe-

574 4933 656 4970 ros
683 4917 929 4982 educavit,
951 4933 1064 4984 quae
1088 4919 1140 4971 in
1169 4917 1310 4971 bouis
1330 4917 1564 4983 operibus
1585 4916 1758 4969 habuit
1780 4915 2140 4980 testimonium,

577 5022 685 5062 oua:
703 5005 949 5060 trbulatis
967 5007 1030 5061 de
1045 5024 1139 5060 sua
1153 5005 1481 5060 substantiola
1497 5004 1890 5059 subministravit
1909 5003 2072 5074 (Ibid.
2087 5005 2141 5060 9.

573 5111 620 5152 et
653 5097 743 5166 10)
776 5111 792 5162 ;
824 5097 975 5165 cujus
1019 5113 1141 5167 spes
1189 5099 1325 5152 Deus
1368 5107 1473 5162 est,
1517 5105 1572 5151 et
1610 5112 1729 5167 qua:
1774 5104 2052 5165 permanet
2090 5097 2140 5150 iu

570 5188 960 5252 obsecratione,
988 5195 1043 5242 et
1087 5186 1415 5242 orationibus
1459 5195 1616 5241 nocte
1655 5201 1718 5241 ac
1748 5186 1837 5241 die
1873 5183 2035 5257 (Ibid.
2063 5186 2140 5256 5).

640 5339 702 5408 (α)
741 5341 1011 5408 Victorius,
1055 5353 1202 5408 quem
1247 5341 1550 5390 Martianseus
1591 5339 1841 5403 sequitur,
1887 5353 2138 5404 proceres,

569 5400 700 5452 haud
718 5407 835 5453 satis
855 5400 1320 5464 congrualectioue.
1348 5411 1523 5451 Procas
1547 5400 1682 5458 vero,
1707 5416 1848 5464 quant
1883 5400 1970 5464 nos
2003 5415 2144 5463 repo-

566 5466 771 5524 suimus,
797 5475 848 5516 et
871 5461 1233 5534 Veroneu._lds.
1250 5472 1327 5534 _et_
1340 5465 1634 5534 vetustiores
1669 5461 1884 5534 impressi
1911 5461 2016 5534 libri
2042 5461 2143 5534 om:

571 5537 660 5590 ires
683 5535 902 5590 probant,
927 5536 1101 5590 estque
1126 5528 1175 5576 iu
1194 5527 1374 5590 primis,
1392 5528 1674 5576 eontextum
1705 5524 1746 5574 si
1770 5525 2058 5584 attenderis,
2083 5524 2142 5572 ad

569 5583 848 5665 Ηίιίιῇιιιχιιιι
870 5583 1107 5660 uteutétu.

633 5649 705 5718 (l)
742 5645 914 5718 Gravia
951 5659 1174 5718 probatur
1213 5649 1367 5718 magis
1387 5647 1747 5718 Sorgryelerini
1764 5645 1924 5718 patris
1964 5657 2141 5718 sgere-

569 5706 900 5821 ἕξιξέηέῧῇ
923 5706 1118 5776 quoqle
1139 5706 1442 5763 amita'soror
1465 5707 1675 5764 Celeriui
1699 5706 1846 5772 patris
1869 5706 2141 5770 Agerochia

635 5781 812 5821 minata
834 5781 896 5823 διι

1872 343 2112 402 SANCTI
2151 343 2527 400 HlEllONYMI

3683 355 3813 414 ιοιε

2260 457 2384 512 Post
2407 475 2524 528 qua:
2547 461 2721 532 jungit
2750 467 3018 519 contraria
3049 483 3064 521 :
3091 465 3218 532 Qua:
3245 476 3412 522 autem
3431 467 3484 521 is
3507 467 3701 524 deliciis
3721 484 3808 536 est,

2252 549 2417 604 vivens
2462 562 2661 605 mortua
2705 564 2799 608 est.
2851 554 3147 625 Statimque
3193 554 3372 624 infert,
3423 569 3479 612 ut
3501 558 3812 630 discipulum

2251 651 2406 694 suum
2461 643 2664 697 muniat
2706 645 2852 700 omni
2896 656 3010 701 arte
3064 646 3322 701 doctrina:
3349 665 3362 698 :
3393 648 3814 704 Adolescentiom

2253 739 2416 784 autem
2449 730 2627 788 viduas
2653 734 2834 799 devita,
2876 752 2989 808 qua
3029 753 3142 791 cum
3169 739 3470 792 lascivierint
3507 741 3561 793 in
3596 740 3813 806 Christo,

2253 821 2434 876 nubere
2472 825 2644 878 volunt
2671 841 2690 880 :
2716 827 2952 882 habentes
2995 828 3377 884 damnationem
3425 831 3560 901 quod
3603 833 3813 902 primam

2250 914 2401 982 [idem
2423 916 2620 972 irritant
2647 921 2873 990 fecerunt
2903 921 2950 994 (l
2989 922 3122 977 Tim.
3151 924 3212 979 ﬂ
3243 935 3288 978 et
3332 924 3444 994 12).
3476 924 3701 994 Propter
3723 924 3814 982 has

2251 1005 2432 1076 igitur,
2455 1024 2573 1079 qua:
2597 1009 2871 1066 fornicata:
2901 1021 3027 1068 sunt
3052 1013 3104 1068 in
3135 1014 3381 1082 injuriam
3411 1015 3510 1069 viri
3550 1015 3632 1070 sui
3662 1013 3813 1071 Chri-

2250 1097 2315 1150 sti
2343 1095 2469 1167 (hoc
2495 1099 2636 1154 enim
2660 1108 3093 1174 καταστρηνιάσωσι
3118 1103 3196 1175 (ὃ)
3217 1103 3435 1160 Graecus
3451 1120 3628 1160 sermo
3655 1107 3812 1177 signi-

2249 1188 2826 1262 ticat)vultApostolus
2869 1195 3092 1250 alterum
3163 1197 3326 1270 902
3395 1197 3814 1266 matrimonium,

2250 1284 2535 1352 praetereas
2568 1285 2853 1356 digamiam
2899 1289 3235 1344 fornicationi
3265 1307 3277 1341 :
3307 1288 3602 1346 secundum
3645 1290 3813 1346 indul-

2247 1376 2480 1446 gentiam
2503 1378 2778 1448 duntaxat,
2809 1397 2914 1437 non
2941 1383 3235 1439 secundum
3267 1383 3566 1452 imperium.

2318 1467 2373 1522 4.
2415 1466 2695 1540 Simulque
2742 1472 2945 1542 singula
2992 1474 3281 1528 testimonii
3322 1473 3482 1528 verba
3542 1473 3814 1528 tractanda

2248 1572 2389 1617 sunt.
2419 1563 2564 1632 W10,
2589 1566 2784 1636 inquit,
2811 1567 3214 1622 adolescentulos
3239 1569 3442 1623 nubere.
3464 1567 3573 1622 Cur
3595 1569 3813 1638 quasso?

2247 1654 2369 1722 quia
2398 1655 2521 1710 nolo
2564 1656 2994 1714 adolescentulas
3031 1659 3301 1714 fornicari.
3334 1657 3619 1714 Prucreare
3657 1657 3808 1727 ﬁlios.

2247 1747 2413 1814 Quam
2459 1750 2529 1805 ob
2577 1752 2835 1810 'causam?
2886 1769 2954 1809 ne
3003 1763 3147 1809 metu
3189 1762 3372 1822 partus
3419 1767 3486 1808 ex
3527 1751 3808 1816 adulterio,

2249 1838 2389 1895 ﬁlios
2438 1857 2632 1899 necare
2674 1853 2953 1913 cogantur.
3002 1845 3421 1916 Matresfamilias
3459 1859 3586 1899 esse.
3641 1842 3812 1912 Quare

2245 1931 2516 1988 obsecro?
2551 1934 2673 2004 quia
2704 1935 2872 1990 multo
2913 1936 3245 1992 tolerabilius
3279 1944 3362 1990 est
3383 1935 3647 2004 digamam
3673 1947 3808 1998 esse,

2245 2038 2404 2091 quam
2445 2035 2700 2089 scortum,
2751 2036 2806 2080 et
2841 2026 3133 2081 secundum
3175 2025 3375 2080 habere
3413 2025 3608 2090 virum,
3654 2039 3810 2093 quam

2247 2114 2426 2182 plures
2445 2113 2736 2171 adulteros.
2766 2115 2821 2171 In
2847 2117 3015 2172 altero
3037 2117 3181 2171 enim
3208 2116 3539 2170 miseriarum
3575 2115 3812 2169 consola—

2247 2207 2340 2272 tio,
2376 2207 2428 2262 in
2451 2207 2621 2263 altero
2646 2223 2801 2278 paena
2825 2210 3027 2278 peccati
3051 2217 3151 2264 est.
3175 2207 3461 2278 Sequitur:
3491 2205 3706 2261 Nullam
3728 2222 3812 2260 oc-

2244 2299 2496 2354 casionem
2543 2301 2667 2355 dare
2715 2301 3006 2356 adversario
3050 2301 3304 2355 maledicti
3352 2300 3518 2370 gratia
3537 2286 3566 2364 ;’
3606 2299 3661 2354 in
3711 2314 3814 2368 quo

2247 2391 2395 2445 brevi
2442 2392 2793 2462 accinctoque
2843 2401 3132 2462 prmcepto,
3189 2391 3356 2446 multa
3409 2389 3568 2445 simul
3618 2390 3811 2444 monita

2245 2482 2606 2536 continentur.
2636 2481 2712 2537 Ne
2743 2483 3078 2552 propositum
3105 2480 3278 2536 viduae
3307 2479 3622 2549 exquisitior
3644 2479 3820 2535 cultus

2247 2571 2482 2626 infamet.
2510 2571 2587 2627 Ne
2633 2573 2906 2627 oculorum
2952 2573 3192 2637 nutibus,
3239 2583 3294 2628 et
3322 2572 3588 2626 hilaritate
3615 2571 3815 2635 vultus,

2241 2661 2498 2728 juveuum
2528 2671 2644 2730 post
2669 2678 2729 2716 se
2754 2676 2945 2733 greges
2973 2661 3167 2716 trahat.
3191 2662 3268 2718 Ne
3293 2661 3432 2716 aliud
3465 2661 3646 2726 verbo,
3675 2659 3816 2714 aliud

2248 2751 2428 2806 habitu
2479 2752 2826 2820 polliceatur,
2867 2762 2922 2808 et
2963 2754 3246 2808 conveniat
3296 2752 3346 2807 ei
3385 2751 3686 2808 versiculus
3729 2749 3821 2804 ille

2247 2839 2486 2910 vulgatus
2515 2857 2528 2894 :

2389 2932 2542 3000 Risit,
2571 2941 2619 2987 et
2653 2943 2833 3004 arguto
2859 2933 3101 3001 quiddam
3139 2934 3365 3004 promisit
3407 2933 3592 3001 ocello,

2455 3025 2627 3096 (Orto.
2657 3030 2708 3078 iu
2735 3024 2928 3095 Elegiis
2952 3027 3229 3089 amatoriis,
3273 3026 3360 3080 lib.
3387 3027 3442 3081 5.
3461 3023 3609 3095 Eleg.
3631 3023 3748 3096 22).

2317 3116 2489 3184 Atque
2515 3125 2572 3170 ut
2599 3131 2784 3171 omnes
2800 3116 3032 3170 nubendi
3049 3130 3238 3169 causas
3257 3115 3405 3172 brevi
3420 3130 3671 3170 sermone
3690 3129 3820 3170 cou-

2244 3206 2508 3271 cluderet,
2528 3223 2625 3260 cur
2655 3207 2757 3260 hoc
2780 3207 3138 3275 prmcepisset,
3171 3207 3428 3273 ostendit,
3447 3208 3634 3263 dicens
3659 3225 3674 3263 :
3704 3205 3823 3261 1am

2244 3297 2376 3348 euint
2395 3296 2625 3366 quwdam
2651 3297 2878 3349 abierunt
2907 3305 3042 3349 retro
3073 3304 3185 3364 post
3225 3295 3499 3350 Satanam.
3525 3297 3655 3352 Ideo
3696 3311 3821 3367 ergo

2243 3385 2496 3451 secunda,
2511 3395 2582 3450 et,
2598 3387 2640 3439 si
2655 3399 2873 3440 necesse
2889 3394 2991 3444 est.
3011 3386 3165 3440 tertia
3185 3385 3638 3440 incontinentibus
3650 3389 3822 3458 aperit

2244 3477 2600 3538 matrimonia,
2624 3487 2726 3530 uta
2749 3475 2942 3531 Satana
2967 3476 3259 3539 abstrahat,
3277 3485 3333 3530 ut
3350 3477 3517 3546 magis
3539 3477 3819 3534 mulierem

2243 3567 2614 3636 qualicumque
2643 3569 2758 3620 viro
2781 3567 3024 3634 junctam
3049 3566 3205 3620 faciat
3230 3581 3371 3631 esse,
3394 3581 3552 3635 quam
3580 3565 3817 3622 diabolo.

2243 3656 2349 3711 Sed
2375 3667 2428 3710 et
2459 3655 2524 3709 ad
2553 3655 2858 3710 Corinthios
2897 3655 3000 3709 tale
3028 3655 3154 3725 quid
3186 3655 3419 3724 loquitur
3449 3672 3462 3708 :
3495 3653 3624 3709 Dico
3655 3665 3822 3710 autem

2244 3746 2487 3814 innuptis,
2507 3755 2552 3799 et
2575 3746 2735 3799 riduis
2765 3746 2988 3800 :bonum
3016 3755 3087 3800 est
3105 3746 3226 3810 illis,
3259 3747 3300 3800 si
3329 3746 3403 3799 sic
3430 3746 3819 3814 permanserint,

2243 3847 2298 3890 ut
2332 3853 2444 3907 ego.
2494 3835 2558 3892 Si
2603 3847 2770 3890 autem
2810 3853 2910 3890 non
2957 3852 3012 3891 se
3047 3836 3325 3901 continent,
3375 3836 3606 3890 nubant:
3634 3833 3819 3890 Melius

2242 3929 2377 3983 enim
2402 3937 2473 3982 est
2496 3926 2698 3990 nubere,
2729 3943 2877 3996 quam
2908 3927 2990 3980 uri
3013 3928 3088 3996 (ι.
3115 3925 3234 3982 Cor.
3269 3927 3319 3979 7.
3351 3927 3406 3980 8.
3434 3925 3510 3996 9).
3538 3925 3648 3980 Cur
3675 3929 3815 3995 Apoc

2241 4018 2420 4075 stole?
2441 4019 2633 4073 Statim
2667 4018 2864 4082 intulit,
2899 4017 3018 4086 quia
3052 4013 3200 4086 pejus
3224 4025 3309 4070 est
3333 4015 3412 4069 uri
3440 4015 3542 4087 (l).

2315 4113 2373 4169 5.
2410 4111 2662 4181 Alioquin
2686 4109 2986 4165 absolutum
3009 4109 3206 4163 bonum
3229 4117 3334 4173 est,
3366 4117 3422 4163 et
3446 4108 3563 4162 sine
3592 4121 3810 4174 compa-

2245 4204 2452 4259 ratione
2483 4203 2702 4272 pejoris,
2733 4216 2855 4257 esse
2883 4201 3026 4270 quod
3057 4199 3346 4270 Apostolus
3372 4208 3476 4264 est,
3505 4197 3554 4252 id
3583 4207 3687 4263 est,
3723 4213 3812 4253 so-

2246 4295 2440 4360 lutum,
2471 4308 2578 4348 non
2606 4293 2862 4360 ligatum;
2902 4306 3000 4345 nec
3038 4305 3270 4355 servum,
3301 4293 3394 4345 sed
3436 4289 3695 4354 liberum;
3725 4303 3790 4343 co

2241 4387 2498 4456 gitantem
2529 4401 2590 4440 ea
2621 4400 2738 4450 qua:
2783 4385 2874 4438 Dei
2903 4393 3047 4447 sunt,
3096 4397 3200 4436 non
3243 4397 3306 4437 ea
3352 4397 3471 4452 qua:
3502 4380 3710 4436 uxoris.
3749 4381 3812 4435 Et

2246 4479 2488 4548 protinus
2517 4477 2568 4530 in
2598 4475 3052 4546 consequentibus
3086 4491 3100 4527 :
3132 4473 3340 4535 Mulier,
3371 4473 3562 4544 inquit,
3603 4465 3813 4543 alligata

2245 4579 2314 4622 est
2339 4569 2467 4631 viro,
2497 4568 2740 4633 quamdiu
2776 4567 2852 4619 vir
2889 4567 2998 4632 eius
3037 4565 3176 4630 vivit,-
3208 4564 3342 4635 quod
3382 4564 3425 4618 si
3453 4563 3712 4616 dormierit
3741 4563 3814 4614 vir

2245 4659 2376 4725 eius,
2421 4658 2576 4711 libera
2606 4667 2678 4712 est
2711 4657 2839 4712 εειιὶ
2881 4655 2986 4711 vult
3030 4656 3208 4718 nubat,
3245 4665 3439 4708 tantum
3481 4653 3532 4706 in
3574 4653 3808 4706 Domino.

2245 4750 2448 4805 Beatior
2469 4760 2638 4803 autem
2671 4749 2783 4812 erit,
2811 4748 2855 4802 si
2883 4748 2957 4801 sic
2983 4747 3316 4817 permanserit
3339 4743 3616 4799 secundum
3646 4742 3813 4796 consi-

2245 4841 2368 4894 lium
2393 4855 2576 4893 meum.
2613 4837 2745 4892 Puto
2771 4847 2938 4890 autem
2965 4835 3121 4905 quod,
3149 4845 3197 4891 et
3223 4851 3314 4906 ego
3342 4834 3578 4902 spiritum
3606 4831 3699 4886 Dei
3727 4832 3813 4884 lia-

2245 4930 2386 4984 beam
2409 4927 2568 4999 (Ibid.
2592 4928 2707 4998 59),
2730 4938 2784 4982 et
2810 4926 2861 4980 in
2890 4925 2992 4980 hoc
3014 4925 3150 4980 idem
3182 4939 3372 4978 sensus
3398 4933 3498 4988 est,
3531 4922 3652 4992 quia
3677 4921 3812 4975 idem

2245 5021 2496 5090 spiritus;
2569 5020 2731 5091 903
2807 5017 3045 5072 Diversa:
3069 5015 3344 5084 Epistolis,
3367 5013 3459 5069 sed
3481 5028 3615 5067 unus
3633 5023 3815 5066 auctor

2247 5113 2623 5183 Epistolarum.
2676 5110 2897 5164 Viveute
2931 5107 3068 5171 viro,
3118 5107 3309 5161 umlier
3346 5105 3558 5175 alligata
3606 5115 3724 5168 est;
3762 5110 3816 5156 et

2246 5214 2478 5269 mortuo,
2507 5203 2699 5256 soluta.
2734 5201 2877 5270 Ergo
2905 5199 3305 5252 matrimonium
3334 5195 3602 5250 vinculum
3628 5203 3730 5259 est,
3762 5201 3814 5246 et

2309 5336 2379 5398 (b)
2413 5334 2644 5398 Plerique
2660 5345 2833 5398 omnes
2848 5356 2986 5382 κατιστ
2994 5333 3578 5398 πνυισοιιίηιριξῃιςθιιιιιιιιις
3593 5326 3814 5397 licenter,

2245 5388 2334 5447 seu
2359 5388 2586 5451 inolliter',
2611 5404 2696 5446 aut.
2715 5392 2927 5444 delicate
2963 5388 3259 5456 se'gerere,‘
3287 5388 3518 5456 deligari,
3565 5388 3812 5456 lascivire,

2245 5467 2329 5507 aut
2349 5459 2462 5520 quid
2488 5449 2681 5520 simile;
2704 5456 3018 5520 quodauteut
3044 5449 3264 5520 liiruicari
3290 5452 3339 5500 iu
3374 5452 3588 5519 injuriatu
3623 5449 3813 5520 Christi,

2245 5509 2523 5581 Hieronym.
2571 5509 2797 5579 explicat,
2835 5516 2992 5566 latiori
3037 5516 3264 5578 equidem
3302 5509 3450 5563 sensu
3486 5509 3814 5574 accipiendum

2247 5583 2484 5629 videatur.
3445 5599 3448 5601 λ
3726 5627 3733 5629 ξ
3800 5611 3812 5629 ε

2311 5625 2532 5704 (lilium
2556 5639 2652 5704 duo
2686 5639 2855 5704 verba,
2880 5649 3026 5701 quam
3055 5636 3134 5704 uri
3172 5637 3221 5686 in
3250 5636 3344 5686 hoc
3378 5639 3610 5704 contextu
3645 5625 3813 5704 obduc'

2247 5697 2587 5752 vult'Gravius
2611 5703 2752 5763 juxta
2789 5697 2932 5752 ﬁdem
2975 5700 3159 5751 veteris
3198 5697 3504 5761 exemplaris,
3553 5701 3605 5743 et
3644 5703 3814 5740 conse-

2231 5765 2496 5827 quentiam
2517 5764 2778 5815 sermonis.
