4088 6336
357 377 382 429 1
391 378 508 435 969

356 495 601 551 viduitas
626 494 839 550 solutio.
870 490 1016 548 Uxor
1045 489 1262 561 alligata
1298 496 1382 544 est
1409 489 1546 554 viro,
1583 499 1638 546 et
1665 492 1743 545 vir
1771 492 1923 546 uxori

357 587 616 656 alligatus
642 593 726 640 est
751 602 766 640 :
792 585 843 639 in
862 593 1088 647 tantum,
1111 593 1168 636 ut
1195 581 1276 636 sui
1297 582 1542 652 corporis
1570 596 1678 636 non
1709 580 1940 636 habeant

360 688 709 750 potestatem,
738 685 792 732 et
815 677 1130 732 alterutrum
1154 674 1391 729 debitum
1415 674 1659 731 reddant.
1693 673 1800 728 Nec
1820 687 1945 744 pos-

359 771 474 825 sint
504 769 702 824 habere
731 768 1000 839 pudicitia:
1027 768 1347 832 libertatem,
1377 766 1467 835 qui
1495 768 1736 820 serviunt
1773 766 1946 820 domi-

362 861 517 914 natui
537 859 865 928 nuptiarum.
888 858 1145 928 Quodque
1162 856 1384 920 addidit,
1410 865 1606 910 tantum
1621 858 1675 910 in
1705 855 1941 921 Domino,

359 959 612 1018 amputat
635 949 982 1003 Etltuicornm
1004 947 1274 1018 coniugia,
1297 946 1366 1001 de
1391 947 1586 1017 quibus
1612 947 1663 1001 in
1692 947 1798 1001 alio
1827 946 1946 1000 loco

357 1038 578 1094 dixerat
609 1057 624 1094 :
660 1039 835 1094 Nolite
867 1039 1051 1110 jugum
1097 1039 1281 1092 ducere
1321 1054 1434 1091 cum
1472 1037 1785 1106 inﬁdelibus.
1821 1037 1948 1103 Qua:

357 1131 501 1186 enim
529 1131 853 1202 participatio
871 1131 1090 1202 justitiw
1129 1147 1244 1184 cum
1268 1130 1565 1200 iniquitate?
1591 1130 1690 1183 Aut
1719 1144 1832 1198 quia
1860 1145 1945 1183 so-

359 1226 524 1278 cietas
550 1225 678 1278 lucis
716 1240 830 1277 cum
867 1223 1120 1278 tenebris?
1148 1223 1278 1288 Qua:
1301 1223 1565 1276 conventio
1606 1222 1797 1276 Christi
1831 1237 1946 1275 cum

358 1315 683 1373 Belial?Aut
703 1333 816 1388 qua:
840 1334 960 1386 pars
988 1318 1128 1385 fideli
1154 1333 1267 1370 cum
1293 1316 1530 1385 inﬁdeli?
1559 1315 1660 1382 Qui
1677 1330 1948 1370 consensus

361 1409 556 1480 templo
585 1407 682 1463 Dei
719 1425 834 1463 cum
864 1409 1014 1463 idolis
1054 1407 1132 1482 (2.
1164 1407 1282 1463 Cor.
1314 1409 1368 1464 6.
1397 1409 1486 1465 14.
1531 1417 1578 1462 et
1619 1407 1832 1479 seqq.)?
1869 1405 1948 1462 Ne

361 1502 577 1556 scilicet
605 1513 822 1556 aremus
864 1502 914 1554 in
954 1500 1114 1566 bove,
1161 1509 1214 1554 et
1243 1501 1396 1554 asino
1427 1497 1656 1573 (Denter.
1687 1497 1778 1552 ‘22.
1809 1497 1898 1568 10)
1928 1513 1943 1552 :

364 1609 438 1649 ne
462 1594 636 1648 tunica
670 1593 942 1662 nuptialis,
971 1593 1122 1647 vario
1161 1593 1233 1647 sit
1262 1600 1400 1646 texta
1447 1591 1804 1668 subtegmine.
1836 1590 1944 1644 Ex-

361 1685 675 1755 temploque
713 1684 850 1738 tollit
892 1682 1034 1754 quod
1073 1691 1438 1747 concesserat,
1483 1690 1537 1735 et
1579 1681 1728 1751 quasi
1772 1680 1944 1750 poeni-

365 1786 478 1833 teat
502 1791 624 1830 eum
659 1776 942 1830 sententiae
966 1789 1098 1840 suae,
1132 1773 1392 1828 retrahit:
1420 1771 1626 1826 Beatior
1651 1773 1762 1837 erit,
1802 1772 1848 1825 si
1873 1771 1946 1825 sic

365 1868 740 1939 permanserit;
769 1866 957 1935 suique
983 1865 1085 1920 hoc
1112 1865 1279 1934 magis
1299 1863 1374 1934 (α)
1408 1863 1538 1918 dicit
1563 1877 1684 1918 esse
1709 1862 1940 1917 consilii.

369 1958 526 2026 Quod
564 1975 632 2013 ne
674 1967 1052 2013 contemnatur
1093 1964 1150 2009 ut
1192 1954 1427 2009 hominis
1451 1972 1465 2006 :
1489 1953 1722 2024 Spiritus
1761 1952 1944 2008 Sancti

368 2049 687 2104 auctoritate
709 2047 1010 2113 conﬁrmat,
1037 2055 1092 2101 ut
1120 2061 1226 2100 non
1253 2043 1537 2114 indulgens
1559 2043 1720 2098 homo
1747 2043 1948 2113 fragili-

368 2140 662 2195 taticarnis
685 2141 964 2204 humanm;
987 2136 1081 2192 sed
1110 2141 1161 2190 in
1185 2135 1440 2205 Apostolo
1458 2133 1688 2204 Spiritus
1715 2132 1944 2189 Sanctus

370 2231 689 2300 praecipiens
713 2231 980 2285 audiatur.
1013 2229 1122 2284 Nec
1156 2229 1258 2284 sibi
1286 2229 1337 2282 in
1359 2243 1426 2282 eo
1454 2243 1716 2282 annorum
1743 2227 1946 2298 puella-

367 2325 509 2378 rium
550 2323 711 2378 debet
729 2323 886 2376 vidua
915 2321 1160 2386 blandiri,
1191 2321 1332 2392 quod
1370 2337 1474 2376 non
1506 2323 1683 2376 minus
1720 2336 1946 2388 sexage-

372 2415 579 2470 nariam
628 2414 752 2484 eligi
801 2415 1040 2484 praecipit
1069 2415 1145 2488 (l.
1185 2413 1325 2471 Tim.
1369 2415 1423 2470 5.
1468 2414 1546 2484 9).
1586 2414 1772 2485 Neque
1803 2416 1945 2470 enim

373 2505 648 2573 innuptas,
694 2503 778 2558 vel
812 2503 1128 2572 juvenculas
1173 2505 1334 2574 cogit,
1383 2511 1442 2558 ut
1487 2504 1708 2571 nubant,
1752 2505 1839 2574 qui
1879 2505 1946 2558 de

373 2596 552 2665 nuptis
576 2610 786 2666 quoque
814 2596 1048 2666 loquitur
1071 2615 1086 2650 :
1109 2595 1331 2667 Tempus
1357 2597 1499 2650 breve
1528 2607 1603 2650 est
1632 2615 1646 2649 :
1681 2596 1942 2667 Superest,

372 2695 447 2748 ut,
497 2695 544 2739 et
579 2686 665 2753 qui
693 2685 876 2739 habent
912 2702 1093 2741 uxores
1133 2687 1206 2741 sic
1244 2688 1365 2754 sint,
1409 2689 1557 2758 quasi
1599 2703 1701 2741 non
1730 2686 1946 2741 habeant

373 2775 450 2845 (ι.
480 2775 598 2831 Cor.
632 2776 684 2829 7.
715 2775 846 2847 29);
876 2776 968 2832 sed
997 2777 1064 2832 de
1095 2777 1178 2832 bis
1197 2778 1371 2832 viduis
1391 2778 1648 2848 disputat,
1676 2793 1798 2849 qua:
1822 2791 1947 2832 suo-

372 2880 489 2918 rum
522 2872 826 2920 nutriuntur
852 2868 1141 2931 alimentis,
1172 2884 1292 2940 qua:
1327 2869 1575 2936 ﬁliorum,
1609 2878 1664 2924 et
1691 2880 1942 2940 nepotum

371 2959 672 3015 cervicibus
717 2962 1086 3032 imponuntur.
1115 2962 1318 3029 Quibus
1347 2963 1594 3032 imperat,
1635 2971 1698 3018 ut
1738 2963 1946 3018 discant

371 3048 587 3103 domum
616 3065 768 3104 suam
797 3052 997 3116 colere,
1030 3061 1085 3107 et
1111 3067 1455 3108 remunerare
1484 3061 1730 3122 parentes
1756 3062 1810 3108 et
1833 3054 1946 3108 sul-

370 3139 614 3196 ﬁcienter
651 3141 728 3195 eis
769 3141 1027 3208 tribuere,
1073 3152 1130 3196 ut
1171 3157 1276 3197 non
1320 3152 1573 3212 gravetur
1601 3143 1861 3206 Ecclesia,
1891 3154 1948 3199 et

372 3233 539 3303 possit
564 3234 726 3289 certis
754 3234 928 3290 viduis
973 3236 1297 3291 ministrare.
1333 3236 1411 3291 De
1439 3236 1632 3306 quibus
1672 3238 1932 3305 scriptum

369 3331 454 3378 est
481 3338 502 3378 :
529 3322 740 3377 Honora
764 3324 966 3391 viduas,
988 3341 1103 3395 quia
1125 3339 1254 3379 verte
1276 3325 1441 3380 viduae
1467 3335 1586 3379 sunt
1611 3323 1658 3400 (Ι
1675 3367 1688 3379 .
1723 3325 1856 3380 Tim.
1887 3326 1940 3380 5.

370 3412 452 3484 5).
494 3415 596 3468 hoc
637 3422 742 3478 est,
787 3429 906 3484 qua:
943 3417 1088 3470 omni
1132 3429 1355 3470 suorum
1405 3416 1606 3470 auxilio
1649 3417 1942 3482 destituta,

369 3519 490 3575 qua:
531 3505 779 3559 manibus
815 3506 929 3559 suis
958 3505 1203 3561 laborare
1243 3521 1348 3560 non
1377 3516 1622 3576 possunt,
1653 3522 1786 3576 quas
1817 3523 1947 3576 pau-

274 3643 278 3647 λ
371 3607 550 3667 pertas
574 3596 836 3660 debilitat,
864 3607 1101 3666 aetasque
1129 3599 1345 3654 conﬁcit
1377 3615 1392 3654 :
1423 3601 1618 3669 quibus
1645 3601 1786 3654 Deus
1823 3615 1946 3669 spes

371 3698 472 3754 est,
518 3698 572 3743 et
613 3703 771 3743 omne
815 3703 950 3758 opus
992 3691 1188 3754 oratio.
1231 3691 1310 3745 Ex
1358 3706 1466 3761 quo
1504 3691 1661 3746 datur
1696 3693 1942 3764 intelligi,

370 3779 798 3835 adolescentulos
826 3781 1032 3847 viduas,
1063 3785 1302 3851 exceptis
1332 3781 1414 3836 his
1449 3799 1584 3852 quas
1608 3793 1830 3838 excusat
1866 3787 1948 3838 iit-

373 3871 615 3935 ﬁrmitas,
643 3871 728 3925 vel
770 3886 870 3925 suo
897 3870 1085 3935 labori,
1117 3872 1199 3927 vel
1240 3873 1554 3938 liberorum,
1646 3872 1810 3946 905.
1891 3883 1947 3930 et

374 3961 790 4032 propinquorum
817 3961 1116 4016 ministerio
1141 3961 1398 4031 delegari.
1429 3962 1612 4018 Honor
1636 3973 1814 4018 autem
1843 3965 1944 4018 im-

373 4056 800 4124 praesentiarum,
832 4054 919 4108 vel
959 4069 1057 4123 pro
1084 4053 1448 4125 eleemosyna,
1485 4055 1568 4110 vel
1596 4071 1694 4125 pro
1723 4072 1945 4112 munere

371 4144 649 4214 accipitur,
676 4154 736 4198 ut
764 4152 847 4199 est
875 4143 1023 4208 illud,
1057 4142 1348 4216 Presbyteri
1372 4145 1568 4215 duplici
1588 4147 1781 4200 honore
1803 4147 1944 4219 digni

371 4236 670 4304 habeantur,
713 4238 930 4291 maxime
955 4237 1040 4306 qui
1077 4236 1308 4292 laborant
1348 4239 1402 4293 in
1430 4240 1598 4306 verba,
1629 4249 1678 4294 et
1716 4241 1944 4296 doctrina

371 4327 448 4395 (1.
489 4326 617 4380 Tim.
664 4329 719 4383 5.
749 4329 857 4399 l7).
890 4327 959 4383 Et
1003 4330 1055 4382 in
1099 4330 1386 4399 Evangelio
1433 4330 1686 4386 Dominus
1724 4331 1944 4389 disserit

373 4417 679 4472 mandatum
731 4418 922 4489 Legis,
978 4420 1028 4474 in
1073 4435 1180 4498 quo
1222 4420 1452 4476 dicitur:
1490 4420 1701 4478 Honora
1749 4436 1943 4494 patrem

372 4521 532 4576 tuum,
555 4521 600 4564 et
629 4520 838 4564 matrem
863 4521 999 4566 luant
1030 4513 1220 4579 (Exod.
1250 4514 1339 4569 20.
1367 4513 1503 4584 ‘21);
1533 4531 1637 4569 non
1671 4517 1720 4571 in
1752 4520 1946 4576 verbo-

371 4617 488 4654 rmu
519 4615 674 4662 sono,
701 4603 792 4669 qui
834 4601 1064 4671 inopiam
1094 4615 1392 4673 parentmn,
1430 4622 1581 4661 cassa
1615 4618 1786 4676 potest
1813 4611 1944 4665 adu-

371 4690 566 4744 latione
595 4692 860 4756 lrustrari,
887 4693 980 4746 sed
1008 4695 1058 4746 in
1088 4695 1256 4750 victus
1284 4699 1607 4753 necessariis
1632 4701 1942 4756 ministran-

371 4780 453 4834 dis
493 4780 690 4835 debere
733 4780 976 4850 intelligi.
1004 4782 1232 4837 Jubeute
1269 4785 1414 4838 enim
1457 4786 1702 4854 Domino,
1754 4800 1810 4844 ut
1849 4792 1940 4846 lilii

370 4873 579 4926 alerent
624 4881 871 4940 parentes
920 4888 1202 4942 pauperes,
1252 4883 1306 4928 ct
1348 4875 1636 4931 redderent
1684 4879 1942 4935 beneﬁcia

370 4964 608 5027 senibus,
647 4979 764 5034 qua:
794 4965 998 5034 parvuli
1040 4975 1378 5038 acceperant,
1412 4966 1636 5032 Scribat,
1666 4981 1719 5023 et
1751 4970 1940 5025 Phari-

369 5055 461 5108 seei
487 5069 518 5109 e
540 5054 812 5109 contrario
835 5055 1101 5111 docebant
1121 5057 1281 5121 ﬁlios,
1315 5067 1370 5112 ut
1394 5059 1699 5127 parentibus
1725 5077 1944 5133 respon-

369 5145 561 5201 derent
591 5163 606 5201 :
639 5143 861 5212 (Iarban,
885 5146 988 5202 hoc
1015 5157 1118 5213 est,
1149 5147 1357 5214 donum,
1389 5148 1533 5220 quod
1557 5150 1711 5206 altari
1739 5155 1944 5223 pollici-

370 5249 456 5292 tus
496 5253 636 5301 sum.
667 5246 724 5293 et
765 5237 819 5292 in
862 5240 1048 5309 templi
1075 5240 1214 5295 dona
1244 5241 1485 5310 promisi,
1518 5240 1596 5314 (b)
1625 5243 1670 5298 si
1701 5253 1755 5299 tu
1795 5260 1826 5300 a
1857 5262 1942 5303 nte

432 5346 506 5418 (τι)
538 5346 665 5418 Heio
699 5345 1018 5418 vocemdicit
1047 5349 1364 5418 restituimus,
1391 5357 1442 5418 et
1470 5364 1615 5414 supra
1650 5362 1797 5418 atque
1822 5354 1942 5408 infra

369 5408 585 5471 quaedam
606 5408 696 5457 alia
718 5409 919 5471 minoris
939 5414 1168 5471 momenti
1188 5408 1570 5464 emendavimus.

437 5469 498 5535 (1:)
537 5469 796 5536 Libentius
817 5470 1038 5536 legergn
1059 5470 1149 5536 etsi
1169 5486 1200 5522 a
1223 5485 1297 5522 me
1316 5483 1410 5522 non
1430 5475 1692 5536 acceperis,
1715 5485 1771 5527 ut
1793 5479 1862 5526 eti
1879 5494 1940 5529 an

368 5530 610 5600 Victorius
633 5530 930 5600 conjec-erat.
955 5531 1048 5600 Hic
1072 5534 1200 5582 enim
1222 5543 1299 5600 est
1321 5546 1512 5600 sensus,
1536 5530 1688 5600 quem
1706 5539 1844 5588 Hier.
1869 5543 1940 5590 in-

369 5596 541 5657 tendit,
570 5594 661 5657 etsi
687 5591 1070 5657 nempetemplo
1093 5596 1294 5657 non_tibt
1310 5591 1510 5657 dedero;
1533 5591 1753 5649 v'ertetur
1776 5609 1939 5652 tamen

367 5654 543 5718 donum
569 5656 618 5703 in
643 5662 775 5704 tuum
806 5653 1158 5718 refrigerium;
1179 5654 1379 5718 Gravius
1402 5657 1452 5706 in
1488 5653 1696 5709 nostram
1733 5669 1938 5712 senten-

371 5717 483 5782 tiam
516 5717 663 5782 etiam
703 5715 1320 5782 veterum'exemplarium
1353 5717 1498 5769 tidem
1533 5729 1850 5782 contestatur,
1887 5731 1941 5776 et

369 5777 598 5880 Idi-lignis
615 5812 630 5838 ,
675 5789 731 5830 ac
773 5776 1053 5841 Hieronymi
1097 5776 1147 5827 iit
1191 5777 1466 5832 lambe-um
1510 5776 1940 5847 interpretationes

387 5848 471 5885 lii!)
481 5849 542 5890 δί.

1701 375 2028 460 εριδτοιπι
2064 374 2298 432 cxxni.

3478 391 3616 449 £050

2035 491 2307 562 acceperis
2321 489 2494 559 cibos,
2529 501 2780 550 vertetur
2800 495 2854 552 in
2881 505 3028 554 tuum
3057 499 3416 572 refrigerium.
3449 509 3622 578 Atque

2046 583 2119 639 ita
2148 583 2328 650 ﬁebat,
2365 593 2423 639 ut
2453 585 2738 655 egentibus
2773 599 2947 659 patre,
2976 600 3033 648 et
3077 603 3271 658 matre,
3300 594 3624 652 sacriﬁcium

2045 675 2300 730 otl'erreut
2326 675 2442 742 ﬁlii,
2471 677 2613 747 quod
2653 677 2974 737 Sacerdotes
3005 682 3316 754 Scribatque
3343 699 3631 742 consume-

2048 777 2187 823 rent.
2215 769 2269 825 Si
2309 784 2436 839 ergo
2466 771 2758 839 Apostolus
2788 787 3051 843 pauperes
3077 775 3262 830 viduas
3289 777 3406 846 (eas
3448 787 3624 834 tamen

2047 875 2166 930 qum
2193 859 2606 916 adulescentula:
2631 873 2778 926 sunt,
2808 875 2865 917 et.
2903 865 3045 919 nulla
3069 867 3344 923 debilitate
3369 867 3628 938 frangun-

2049 949 2156 1022 tur)
2185 951 2327 1020 cogit
2351 952 2461 1005 suis
2487 952 2733 1007 manibus
2763 952 3028 1019 laborare,
3054 971 3121 1010 ne
3159 967 3410 1026 gravetur
3433 958 3627 1013 Eccle-

2049 1041 2146 1105 sia,
2167 1051 2220 1095 et
2241 1043 2408 1112 possit
2425 1058 2559 1097 anus
2582 1043 2767 1105 viduas
2795 1055 3132 1112 sustentare;
3155 1064 3256 1116 qua
3278 1052 3624 1105 excusatione

2051 1141 2246 1198 utetur,
2277 1149 2398 1202 quae
2431 1135 2621 1202 Opibus
2663 1134 2844 1189 mundi
2875 1134 3067 1201 afﬂuit,
3106 1152 3226 1205 qtae
3255 1149 3432 1208 potest
3463 1142 3622 1195 etiam

2047 1223 2166 1276 aliis
2197 1222 2527 1289 ministrare,
2575 1233 2631 1278 et
2657 1224 2728 1280 de
2758 1225 2940 1294 iniquo
2983 1241 3286 1281 mammona
3315 1229 3416 1282 sibi
3449 1229 3630 1285 lacere

2048 1314 2272 1378 amicos,
2301 1314 2390 1384 qui
2417 1316 2624 1384 possint
2651 1331 2770 1370 eam
2799 1317 2852 1371 in
2894 1327 3092 1372 interna
3125 1317 3466 1374 tabernacula
3493 1322 3631 1376 reei-

2051 1407 2214 1476 pere?
2255 1405 2535 1476 Simulque
2560 1407 2864 1474 considera,
2896 1409 3039 1480 quod
3065 1409 3224 1464 vidua
3264 1425 3373 1466 non
3401 1411 3629 1482 eligatur

2049 1499 2148 1553 nisi
2176 1499 2334 1553 unius
2365 1498 2463 1552 viri
2493 1514 2627 1553 uxor
2658 1517 2671 1553 :
2695 1509 2750 1555 et
2775 1515 2874 1554 nos
2896 1501 2966 1573 (c)
2995 1511 3244 1570 putamus
3272 1501 3622 1557 Sacerdotem

2049 1589 2150 1645 hoc
2183 1599 2384 1644 tantum
2413 1605 2534 1645 esse
2566 1590 2925 1661 privilegium,
2972 1601 3165 1647 utnon
3206 1593 3520 1648 admittatur
3558 1593 3624 1647 ad

2046 1684 2234 1747 altare,
2276 1682 2377 1736 nisi
2404 1683 2494 1752 qui
2536 1697 2698 1737 uuam
2728 1683 2978 1738 habuerit
3015 1699 3259 1740 uxorem.
3291 1683 3408 1740 Non
3454 1686 3628 1741 solum

2045 1775 2188 1829 enim
2211 1774 2280 1829 ab
2305 1773 2484 1829 ofﬁcio
2505 1773 2804 1830 Sacerdotii
2825 1774 3072 1845 digamus
3095 1775 3425 1842 excluditur;
3453 1776 3548 1832 sed
3573 1786 3630 1833 et

2045 1867 2113 1921 ab
2140 1866 2478 1938 cleemosyua
2509 1866 2784 1932 Ecclesia,
2818 1866 2944 1920 dum
2976 1867 3190 1938 indigna
3213 1877 3435 1938 putatur
3461 1867 3620 1936 stipe,

2046 1973 2165 2028 qua:
2193 1957 2261 2012 ad
2307 1957 2542 2014 secunda
2576 1957 2824 2028 coniugia
2862 1957 3114 2013 devoluta
3156 1967 3260 2013 est.
3313 1957 3627 2029 Quanquam

2048 2049 2164 2119 lege
2192 2048 2524 2105 Sacerdotali
2571 2046 2649 2121 (ά)
2695 2057 2962 2116 teneatur,
3011 2058 3066 2104 et
3110 2047 3301 2114 laicus,
3333 2049 3423 2118 qui
3467 2049 3625 2104 talem

2048 2140 2288 2209 praebere
2331 2153 2394 2194 se
2429 2138 2612 2207 debet,
2657 2149 2717 2194 ut
2756 2139 2925 2210 possit
2967 2139 3090 2210 eligi
3133 2140 3188 2194 in
3231 2138 3623 2194 Sacerdotium.

2045 2231 2161 2286 Non
2187 2231 2332 2286 enim
2356 2231 2591 2300 eligitur,
2617 2233 2661 2286 si
2688 2231 2933 2301 digamus
2954 2229 3133 2286 fuerit.
3165 2231 3334 2286 Porro
3353 2231 3625 2301 eliguntur

2046 2339 2112 2377 ex
2157 2323 2304 2377 laicis
2349 2322 2679 2378 sacerdotes.
2727 2321 2869 2393 Ergo
2911 2331 2965 2378 et
2993 2322 3165 2376 laicus
3221 2330 3431 2376 tenetur
3470 2335 3622 2376 man-

2045 2412 2192 2477 dato,
2224 2428 2319 2482 per
2347 2411 2488 2482 quod
2512 2411 2589 2467 ‘ad
2617 2410 2980 2467 sacerdotium
3009 2411 3342 2480 pervenitur.

2117 2504 2170 2559 7.
2213 2501 2372 2557 Aliud
2400 2510 2484 2556 est
2507 2501 2650 2572 quod
2691 2501 2804 2556 vult
2829 2500 3122 2572 Apostolus
3149 2518 3165 2556 :
3195 2498 3338 2555 aliud
3375 2498 3520 2579 quod
3543 2514 3621 2557 eo

2046 2593 2188 2663 gitur
2220 2593 2379 2648 velle.
2425 2592 2497 2648 Ut
2533 2592 2795 2647 concedat
2833 2591 3069 2648 secunda
3112 2591 3452 2646 matrimonia
3493 2606 3628 2646 meae

2047 2695 2127 2740 est
2146 2685 2568 2752 incontinentiae,
2641 2683 2805 2756 905
2877 2699 2984 2741 non
3007 2683 3148 2738 illius
3170 2683 3476 2738 voluntatis.
3499 2681 3627 2738 Vult

2046 2791 2234 2831 omnes
2272 2791 2394 2831 esse
2423 2777 2562 2830 sicut
2603 2779 2864 2846 seipsum,
2906 2785 2961 2831 et
3002 2790 3065 2830 ea
3113 2775 3351 2846 cogitare
3377 2790 3497 2844 qua)
3535 2774 3627 2830 Dei

2045 2877 2193 2935 sunt,
2225 2875 2280 2922 et
2304 2866 2512 2921 solutos
2543 2880 2875 2937 nequaquam
2914 2866 3050 2920 ultra
3080 2865 3304 2935 alligari.
3333 2864 3437 2922 Sed
3471 2867 3518 2919 si
3546 2863 3626 2938 la-

2047 2959 2260 3023 bentes,
2295 2959 2390 3028 per
2426 2957 2870 3013 incontinentiam
2901 2957 2968 3012 ad
2995 2957 3307 3013 barathrum
3351 2958 3520 3028 stupri
3550 2957 3629 3012 vi-

2047 3049 2188 3104 derit
2213 3049 2530 3118 pervenire;
2566 3047 2814 3118 digamite
2855 3048 3080 3118 porrigit
3120 3063 3359 3115 manum,
3403 3056 3464 3102 ut
3502 3062 3624 3102 cum

2050 3155 2152 3194 una
2203 3139 2392 3210 magis,
2441 3153 2598 3208 quam
2639 3153 2762 3194 cum
2813 3139 3056 3209 pluribus
3103 3139 3429 3194 volutentur.
3472 3137 3625 3205 Quod

2047 3245 2382 3300 nequaquam
2415 3238 2472 3284 ut
2496 3244 2678 3285 amare
2703 3229 2924 3295 dictum,
2956 3238 3011 3284 et
3037 3238 3223 3285 contra
3265 3231 3506 3298 Apostoli
3535 3245 3624 3286 re-

2044 3324 2245 3394 gulam,
2274 3321 2544 3378 secundus
2572 3325 2847 3392 nuptiator
2874 3321 3146 3378 exaudiat.
3183 3323 3309 3377 Duae
3334 3322 3475 3376 enim
3501 3333 3628 3378 sunt

2046 3413 2289 3484 Apostoli
2321 3413 2663 3468 voluntates:
2695 3429 2798 3467 una
2837 3429 2943 3484 qua
2973 3414 3246 3484 praecepit,
3290 3413 3420 3468 Dico
3459 3422 3627 3468 autent

2045 3505 2288 3574 innuptis,
2335 3515 2382 3559 et
2409 3504 2573 3558 viduis
2600 3519 2618 3557 :
2641 3503 2827 3557 bonunt
2864 3515 2940 3558 est
2988 3503 3095 3557 illis
3130 3506 3175 3557 si
3213 3506 3286 3558 sic
3333 3521 3628 3575 permanse-

2045 3597 2168 3659 rint,
2195 3596 2325 3648 sicut
2348 3605 2394 3648 et
2422 3611 2533 3665 ego.
2563 3595 2747 3649 Altera
2783 3609 2888 3663 qua
2917 3595 3156 3666 indulget
3185 3613 3199 3650 :
3233 3596 3296 3651 Si
3319 3607 3488 3650 autem
3527 3614 3628 3653 non

2045 3702 2099 3740 se
2133 3688 2403 3750 continent,
2447 3685 2656 3739 nubant.
2704 3684 2892 3738 Melius
2925 3695 2998 3739 est
3045 3687 3177 3738 enim
3224 3685 3430 3753 nubere,
3474 3704 3629 3758 quam

2046 3778 2145 3830 uri.
2180 3778 2414 3831 Primum
2455 3776 2583 3845 quid
2610 3777 2781 3831 velit:
2808 3776 3004 3831 deinde
3046 3777 3174 3847 quid
3214 3789 3437 3848 cogatur
3464 3781 3625 3848 velle,

2047 3866 2406 3922 demonstrat.
2439 3866 2566 3920 Vult
2593 3880 2694 3920 nos
2724 3880 3040 3936 permanere
3072 3877 3191 3936 post
3221 3868 3456 3938 nuptias,
3489 3870 3630 3926 sicut

2047 3960 2284 4027 seipsum
2316 3967 2411 4013 :et
2433 3959 2721 4028 propositae
2746 3958 3093 4013 beatitudinis
3131 3960 3497 4028 Apostolieum
3529 3978 3627 4031 po-

2048 4043 2466 4112 nitexetnplum.
2496 4043 2590 4097 Sin
2622 4051 2802 4098 autem
2832 4057 2932 4097 nos
2953 4041 3145 4096 viderit
3167 4044 3311 4099 nolle
3341 4044 3482 4114 quod
3513 4045 3628 4113 ipse

2045 4133 2196 4198 vult,
2251 4132 2655 4187 incontinentim
2711 4141 2911 4188 nostra:
2968 4132 3154 4187 tribuit
3217 4132 3624 4205 indulgentiam.

2046 4225 2214 4292 Quam
2263 4239 2294 4280 e
2337 4223 2546 4279 duabus
2583 4224 2832 4295 eligimus
2875 4223 3230 4290 voluntatem,
3277 4226 3418 4295 quod
3458 4226 3628 4295 magis

2049 4317 2179 4382 vult,
2211 4326 2266 4372 et
2293 4317 2432 4388 quod
2466 4333 2561 4388 per
2590 4332 2649 4374 se
2675 4319 2875 4373 bonum
2901 4327 2984 4372 est
3013 4334 3028 4372 :
3055 4333 3122 4372 an
3145 4318 3286 4390 quod
3317 4319 3442 4373 mali
3471 4333 3627 4374 com-

2046 4409 2329 4482 paratione
2375 4407 2434 4463 ﬁt
2465 4409 2658 4474 levius,
2706 4417 2763 4464 et
2807 4409 3037 4478 quodam
3085 4411 3245 4464 modo
3285 4426 3386 4465 nec
3427 4411 3624 4464 bonum

2046 4513 2149 4568 est,
2179 4503 2302 4573 quia
2351 4504 2636 4574 praefertur
2662 4501 2864 4558 anulo?
2896 4503 3036 4572 Ergo
3081 4503 3127 4557 si
3171 4503 3436 4572 eligimus,
3482 4502 3624 4573 quod

2047 4596 2340 4664 Apostolus
2371 4611 2477 4647 non
2505 4596 2640 4657 vult,
2690 4593 2784 4647 sed
2825 4594 2965 4648 velle
3002 4595 3358 4663 compellitur,
3395 4594 3504 4647 into
3529 4610 3623 4649 ac-

2045 4686 2274 4755 quiescit
2319 4683 2589 4738 deteriora
2641 4682 3009 4752 cupicutibus,
3061 4701 3166 4737 non
3212 4683 3473 4755 Apostoli,
3523 4685 3616 4740 sed

2046 4787 2282 4830 nosnam
2328 4772 2553 4828 facimus
2596 4773 2919 4828 voluntatem
2951 4774 3029 4845 (Ι)
3062 4773 3313 4846 Legimus
3357 4776 3413 4831 in
3448 4778 3616 4832 veteri

2107 4930 2178 4993 (c)
2214 4928 2387 4981 Contra
2407 4928 2936 4993 Hieronymi_mentem
2976 4929 3170 4993 legerat
3211 4933 3379 4984 Editor
3413 4935 3623 4986 Benedi-

2043 4991 2221 5059 ctitms,
2241 4998 2295 5040 Et
2316 5004 2401 5059 nos
2420 4991 2661 5059 putamus.
2685 4991 2920 5059 Reatinus
2938 4991 3080 5056 paulo
3097 4997 3285 5059 rectius
3300 4998 3582 5059 putabamus
3603 5011 3622 5048 :

2043 5052 2319 5122 sedneque
2343 5051 2448 5122 btet:
2485 5051 2635 5122 lectio,
2668 5054 2808 5122 nobis
2829 5051 2953 5104 satis
2979 5059 3221 5119 probatur,
3258 5051 3623 5122 legendumque

2044 5114 2350 5176 arbitramur,
2375 5120 2535 5163 etnon
2556 5115 2839 5176 putandum.

2107 5174 2473 5246 (dlSumptnm
2497 5174 2836 5246 arguttientum
2871 5189 2937 5225 ex
2974 5177 3260 5246 Tertulliani
3301 5180 3387 5246 lib.
3425 5181 3491 5231 de
3521 5181 3621 5246 15x-

2043 5239 2316 5289 bortatione
2339 5237 2590 5295 castitatis,
2616 5237 2698 5286 ubi
2737 5241 3054 5295 monogamia:
3090 5242 3162 5291 sic
3197 5244 3365 5291 astruit
3406 5244 3622 5292 necessi-

2041 5308 2208 5365 tatem,
2236 5315 2258 5343 ιι
2280 5297 2481 5359 Omnes,
2528 5300 2696 5365 inquit,
2728 5312 2829 5365 nos
2880 5297 3037 5365 Deus
3063 5302 3164 5352 vult
3208 5302 3464 5365 dispositos
3487 5317 3621 5365 esse,

2043 5361 2302 5423 intubique
2341 5361 2656 5423 sacramentis
2690 5361 2803 5423 eius
2830 5363 3084 5423 Aobeuudis
3127 5364 3224 5423 alti
3268 5361 3434 5410 simus.
3487 5361 3622 5414 Unus

2041 5421 2196 5477 Dens,
2219 5421 2312 5469 una
2332 5421 2469 5480 ﬁdes,
2489 5434 2582 5470 una
2599 5429 2652 5471 et
2671 5421 2808 5484 discit
2829 5421 2940 5471 lina.
2969 5423 3136 5484 Usque
3158 5421 3282 5471 adeo
3304 5424 3396 5472 nisi
3437 5431 3489 5472 et
3507 5425 3616 5476 laici

2042 5497 2102 5533 ea
2125 5485 2420 5540 observent,
2446 5496 2532 5545 per
2571 5496 2683 5547 qute
2727 5483 3008 5590 Presbi'teri
3045 5483 3342 5546 alleguntur,
3381 5489 3621 5547 quantulo

2042 5551 2188 5590 erunt
2210 5545 2489 5590 Presbvteri
2511 5545 2592 5590 nui
2616 5545 2681 5590 de
2704 5542 2839 5590 laicis
2858 5558 2883 5590 a
2907 5543 3153 5590 leguntur.
3179 5561 3200 5589 ι

2041 5542 2489 5608 crnntj’resbytei‘i
2511 5542 2681 5608 qui’ide
2704 5542 2839 5608 laicis
2858 5542 3169 5608 allegttntur.’
3179 5561 3200 5589 ι

2102 5608 2176 5669 (ι)
2200 5605 2646 5670 Ριτεδίᾀίολγείβιὶε
2669 5605 2848 5670 codicis
2873 5605 3002 5670 hunc
3021 5619 3170 5670 quem
3192 5606 3504 5670 depravatum
3529 5622 3618 5670 [υ.

2039 5665 2119 5718 ωε
2134 5665 2308 5724 locum.
2334 5669 2407 5717 sic
2422 5667 2625 5717 Gravius
2648 5666 2877 5727 restituit.
2903 5682 2926 5711 ι
2941 5665 3174 5727 Legimus
3195 5668 3245 5715 in
3261 5665 3425 5716 veteri
3452 5665 3620 5719 Testa-

2038 5738 2207 5780 mento
2229 5729 2490 5780 Pontiﬁces
2524 5725 2684 5788 semel
2721 5727 2951 5788 maritos,
2986 5725 3040 5788 et
3075 5727 3196 5776 ﬁlias
3228 5728 3538 5788 sacerdotum
3575 5745 3617 5782 si

2039 5791 2198 5854 vidua;
2215 5791 2411 5854 iuerint,
2438 5795 2533 5854 etc.
2550 5803 2583 5835 ι,
2604 5787 2821 5854 Inquam
2847 5786 2956 5837 rem
2988 5786 3192 5854 Levitici
3223 5787 3378 5854 locum
3400 5791 3613 5854 adducit,

2046 5871 2066 5902 ι
2091 5853 2143 5903 Si
2167 5853 2262 5902 ﬁlia
2285 5849 2562 5902 Sacerdotis
2586 5847 2791 5899 cuilibet
2815 5861 2845 5898 e
2868 5847 3044 5912 pepulo
3079 5855 3225 5913 nupta
3250 5848 3415 5913 Merit,
3450 5851 3513 5904 de
3539 5847 3613 5905 his
