4088 6336
549 350 673 406 1051

541 460 883 521 Testamento
912 461 1098 534 (Leuit.
1127 461 1240 527 ἥς
1272 470 1316 517 et
1357 460 1545 518 Eucti.
1578 461 1670 536 Μ)
1701 481 1715 519 :
1747 463 1925 520 Semel
1955 465 2124 518 mari-

539 564 677 608 tatas
706 553 841 607 tilias
884 553 1256 620 Sacerdotem,
1302 552 1369 608 si
1393 554 1564 608 vidua:
1607 554 1825 618 fuerint,
1853 553 1995 607 vesci
2027 552 2124 607 de-

545 645 674 699 bere
709 643 778 698 de
824 644 1250 699 sacerdotalibus
1289 644 1464 700 cibis:
1495 645 1829 712 mortuisque
1877 640 1956 714 (α)
1985 644 2124 696 sicut

539 736 700 807 puri,
732 745 784 788 ct
813 738 971 790 matri
1003 738 1081 791 sic
1113 738 1474 792 exhibrntlum
1518 737 1829 792 inferiarum
1859 737 2120 792 ol‘licium.

536 827 629 880 Sin
672 837 850 880 autem
900 828 1035 882 alios
1065 829 1205 882 viros
1243 829 1573 900 acceperint,
1617 829 1824 883 aliettas
1855 844 1969 893 eas,
2012 837 2066 883 et
2092 844 2123 882 a

539 931 709 989 patre,
742 930 796 975 et
841 937 869 975 a
903 923 1162 977 sacriﬁcis
1199 923 1336 990 ﬁeri,
1378 933 1434 979 et
1478 924 1616 977 inter
1645 931 1894 978 externas
1923 920 2122 977 debere

536 1012 803 1081 deputari.
1385 1059 1388 1062 .

611 1103 666 1159 8.
709 1103 860 1170 Quod
902 1104 1117 1174 quidem
1157 1103 1430 1170 observat,
1465 1114 1520 1159 et
1563 1105 1852 1175 gentilitas,
1902 1105 1954 1159 iu
1994 1120 2122 1160 con-

538 1195 938 1249 demttatioucm
986 1197 1178 1260 nostri,
1228 1197 1270 1251 si
1324 1196 1426 1250 hoc
1476 1211 1582 1250 non
1630 1196 1883 1251 exhibeat
1925 1197 2124 1252 veritas

541 1288 783 1355 Christo,
812 1289 956 1358 quod
990 1289 1176 1343 tribuit
1206 1287 1542 1342 mendacium
1569 1289 1814 1350 diabolo;
1850 1287 1927 1361 (Ι)
1951 1292 2040 1359 qui
2067 1298 2124 1343 et

539 1385 843 1438 castitatem
897 1384 1097 1452 reperit
1141 1382 1507 1452 perditricem.
1558 1381 1917 1449 Hieruphauta
1981 1380 2123 1450 apud

541 1473 779 1529 Athenas
809 1473 884 1543 (ti)
915 1474 1090 1542 ejttrat
1111 1475 1305 1538 virum,
1337 1483 1390 1527 et
1415 1486 1614 1527 mtcrna
1645 1474 1922 1528 debilita'e
1947 1473 2004 1527 ﬁt
2029 1489 2122 1540 ca-

543 1575 680 1619 stus.
724 1564 948 1618 Flamen
981 1563 1137 1617 unius
1176 1563 1356 1617 uxoris
1428 1563 1592 1634 906
1662 1562 1728 1616 ad
1764 1563 2122 1616 sacerdotium

540 1655 856 1708 admittitur.
908 1653 1181 1708 Flaminea
1231 1668 1444 1724 quoque
1486 1655 1641 1706 unius
1691 1652 1867 1707 mariti
1909 1653 2126 1722 eligitur

541 1765 695 1802 uxor.
729 1749 810 1802 Ad
840 1748 973 1801 tattri
1006 1747 1244 1816 Egyptii
1271 1763 1422 1800 sat-ra
1450 1746 1621 1801 semel
1648 1746 1868 1799 maritus
1891 1745 2123 1799 assumi-

542 1849 650 1894 tur.
686 1837 750 1894 Ut
771 1841 1012 1892 omittam
1045 1839 1279 1908 virgines
1307 1836 1505 1900 Vcstte,
1545 1845 1599 1890 el.
1634 1837 1922 1906 Apollinis,
1949 1835 2122 1891 Juno-

543 1934 728 2002 nisque
757 1931 826 2002 (ε)
859 1929 1097 1995 Acltivtc,
1125 1939 1179 1984 et
1220 1931 1398 1984 Diana:
1437 1944 1499 1982 ac
1526 1928 1802 1993 Minervio,
1845 1943 1964 1998 qua:
1996 1943 2120 1996 per-

542 2035 697 2090 petua
748 2021 1036 2076 sacerdotii
1084 2021 1390 2090 virginitate
1441 2007 1802 2073 marcescunt.
1852 2018 2121 2087 Stringam

543 2114 777 2167 breviter
804 2113 1043 2180 reginam
1068 2111 1430 2181 Carthaginis,
1461 2125 1580 2180 qua:
1608 2110 1775 2177 magis
1804 2111 1997 2164 ardere
2021 2125 2120 2163 vo-

546 2204 663 2265 lttit,
693 2219 850 2271 quam
881 2202 1092 2256 Hiarba:
1118 2201 1227 2270 regi
1259 2203 1460 2255 nubere
1487 2217 1500 2252 :
1530 2208 1583 2253 et
1612 2198 1963 2253 llasdruhalis
1986 2214 2120 2252 uxo-

541 2310 678 2359 rem,
707 2311 826 2364 qua:
854 2293 1209 2363 apprehensis
1237 2303 1460 2361 utraque
1487 2307 1648 2345 manu
1674 2291 1880 2353 liberis,
1909 2290 1962 2344 itt
1995 2290 2122 2344 sub-

534 2389 735 2458 jectum
759 2403 816 2442 se
836 2388 1187 2457 prascipitavit
1204 2384 1528 2445 incendium,
1552 2398 1619 2437 ne
1639 2381 1906 2451 pudicitia:
1925 2382 2118 2436 damna

544 2481 770 2536 sentiret
804 2497 817 2534 :
847 2489 900 2534 et
926 2477 1252 2539 Lucretiam,
1277 2491 1395 2544 quae
1421 2475 1616 2528 amissa
1643 2475 1812 2544 gloria
1835 2475 2118 2540 castitatis,

548 2572 714 2625 noluit
741 2571 958 2642 polluta:
981 2569 1327 2623 conscientia:
1353 2566 1725 2634 supervivere.
1758 2567 1836 2620 Ac
1863 2581 1929 2619 ne
1954 2567 2120 2620 multa

540 2662 699 2731 longo
725 2675 974 2715 sermone
1003 2668 1307 2722 contexam,
1332 2672 1450 2726 qua:
1474 2665 1623 2724 potes
1647 2655 1714 2710 dc
1743 2657 1914 2724 primo
1933 2665 2120 2711 contra

538 2751 879 2806 Joviuian-tm
941 2749 1212 2804 volumine
1255 2746 1322 2801 ad
1366 2746 1777 2800 aediﬁcationem
1828 2755 1972 2800 tuam
2026 2762 2116 2801 su-

545 2858 714 2908 mere,
743 2855 906 2896 unum
939 2848 1166 2901 tantum,
1197 2836 1340 2900 quod
1371 2837 1424 2890 in
1456 2837 1627 2906 patria
1663 2848 1746 2890 tua
1769 2846 1980 2907 gestum
2011 2847 2115 2906 est,

541 2943 814 3004 repetam;
847 2941 906 2986 ut
927 2933 1065 2986 scias
1092 2929 1396 2999 pudicitiam
1424 2929 1586 2982 etiam
1609 2929 1850 2984 barbaris
1875 2945 1939 2984 ac
1963 2931 2113 2999 leris,

533 3035 589 3078 rt
645 3021 1000 3094 sanguinariis
1055 3019 1305 3089 gentibus
1353 3033 1475 3074 esse
1532 3021 1917 3075 venerabilem.
1968 3021 2115 3079 Gens

533 3120 875 3174 'l‘heutonum
916 3114 998 3185 (ά)
1027 3129 1092 3168 ex
1138 3113 1339 3168 ultimis
1381 3112 1578 3168 Oceani
1621 3121 1782 3184 atque
1812 3114 2114 3171 Germania:

533 3212 772 3282 profecta
823 3209 1112 3272 littoribus,
1161 3223 1349 3262 omnes
1400 3206 1601 3263 Gallias
1643 3207 1955 3273 inundavit;
2011 3225 2115 3263 sae-

532 3305 760 3372 piusque
810 3300 966 3356 caesis
1017 3299 1271 3354 Romanis
1320 3298 1677 3364 exercitibus,
1738 3298 1878 3368 apud
1931 3302 2112 3370 Aquas

535 3395 752 3450 Sextias
780 3393 946 3449 Mario
987 3401 1277 3464 pugnante,
1309 3401 1556 3462 superata
1598 3401 1700 3446 est.
1729 3390 1966 3458 Quorum
2006 3400 2113 3447 U'e-

618 3575 668 3646 a)
691 3574 870 3646 Victor.
890 3575 1182 3640 mortuisque
1198 3575 1268 3627 sic
1281 3589 1314 3626 a
1328 3582 1466 3638 patre
1479 3572 1806 3625 exhibendum
1825 3570 2114 3636 inferiarum

529 3645 756 3688 animum.
782 3645 878 3688 εις.

691 3675 1010 3766 vli'l’art'ianteus
1032 3700 1198 3766 alique
1233 3699 1352 3766 editi
1361 3764 1370 3766 ᾼ
1385 3698 1618 3766 oriretur,
1643 3695 1780 3756 falso,
1798 3709 1907 3766 _pro
1922 3695 2114 3766 duobus

535 3757 698 3810 verbis
715 3761 874 3835 eiurat
909 3761 1084 3835 uirum,
1116 3757 1195 3834 vel
1219 3768 1273 3812 ut
1294 3763 1372 3812 alii
1397 3762 1513 3810 Mss.
1539 3757 1739 3835 habent,
1759 3757 1912 3835 ejet'at
1933 3757 2109 3835 ι’ξζξιηι,

533 3835 643 3931 qlute
668 3824 805 3872 nobis
838 3823 988 3874 lectio
1022 3818 1248 3874 restituta
1267 3858 1282 3882 ,
1305 3836 1501 3885 unaque
1529 3833 1644 3868 vera
1671 3828 1741 3870 est
1758 3853 1772 3875 .
1801 3826 1854 3891 et
1887 3819 1946 3868 ad
1970 3818 2112 3869 [idem

533 3881 560 3931 ἃ
665 3884 838 3947 Neque
865 3890 992 3935 enim
1020 3888 1232 3934 eviratus
1257 3893 1363 3934 erat
1384 3883 1508 3947 apud
1525 3881 1744 3947 Athenas
1758 3880 2109 3943 Hterophanta,

530 3945 618 4009 sed
644 3943 798 3994 virum
836 3947 1074 4009 eiurabat.
1102 3955 1301 4007 Ejerare
1325 3943 1511 4009 autem,
1534 3944 1640 4009 sive
1675 3943 1889 4009 eiurare,
1933 3956 2114 4009 renun-

531 4007 655 4055 tiare
681 4017 772 4065 est,
798 4003 902 4057 siv'e
922 4003 1169 4066 abdicare,
1194 4018 1342 4072 atque
1363 4007 1486 4072 adeo
1497 4003 1664 4072 pirum
1675 4003 1886 4072 gerere,
1908 4005 2112 4072 perinde

533 4074 609 4116 est
630 4077 776 4178 atﬁue
801 4071 862 4120 ab
885 4072 1013 4119 omni
1038 4064 1362 4133 generatione
1385 4070 1652 4118 abstinere.
1672 4065 1856 4129 Ejurat,
1873 4064 1962 4129 qui
1981 4064 2115 4126 jurat

533 4130 661 4178 quod
720 4132 1008 4178 esideralur.
1035 4144 1060 4178 a
1085 4145 1141 4178 se
1167 4133 1382 4178 praestari
1408 4145 1501 4178 non
1527 4141 1698 4178 nosse.
1719 4131 1784 4178 ait
1807 4129 1947 4178 Sext.
1973 4127 2114 4177 Pom-

532 4130 661 4197 quod
683 4127 1008 4197 dgsideratur,
1035 4127 1063 4180 5
1085 4145 1141 4181 se
1167 4133 1382 4197 praestari
1408 4145 1501 4197 non
1527 4127 1784 4197 posse-{ait
1807 4127 1947 4197 sext.
1973 4127 2114 4177 Pom-

531 4189 691 4298 peius.
715 4192 976 4242 Petronius
1005 4189 1201 4254 quoque
1235 4194 1280 4241 in
1303 4189 1552 4254 Satyrico':
1577 4190 1624 4240 Si
1641 4190 1806 4246 eiuras
1829 4189 2114 4239 hodiernam

563 4249 692 4298 tlem.
727 4265 823 4298 una
860 4253 1169 4298 amabimus.
1204 4253 1398 4298 'Iacitus
1433 4250 1733 4298 consulatum
1769 4260 1820 4298 et
1854 4251 2112 4298 imperium

563 4249 692 4307 ilem,
727 4265 823 4301 una
860 4249 1169 4303 cwnabittttis.
1204 4249 1402 4302 'Iacitus
1433 4250 1733 4300 consulatum
1769 4260 1820 4301 et
1854 4251 2112 4312 imperium

534 4313 905 4374 eiuraredixit.
945 4315 1160 4364 Tandem
1185 4314 1375 4363 Seneca
1412 4316 1460 4362 in
1485 4312 1708 4374 suasoria
1745 4325 1832 4374 pro
1855 4311 1931 4359 Μ.
1953 4311 2113 4362 Tullio

531 4373 688 4423 Asinii
711 4373 941 4424 Pollionis
966 4390 978 4424 :
1013 4384 1108 4424 Nec
1131 4387 1267 4425 mora
1302 4374 1412 4435 fuit,
1451 4372 1566 4435 quin
1588 4371 1802 4435 ejuraret
1821 4385 1968 4435 suos.
1992 4385 2114 4435 quas

533 4435 842 4497 cupidissime
863 4438 1100 4497 eﬂ’uderat
1120 4435 1380 4486 orationes.
1399 4433 1483 4484 De
1513 4433 1856 4497 Hieropbantis
1879 4433 2111 4484 vero'Ju-

535 4493 690 4547 lia'uus
723 4497 859 4548 Orat.
890 4493 955 4549 V.
982 4507 1076 4550 (οὕτω
1093 4506 1134 4548 δί
1148 4510 1209 4548 ita!
1237 4509 1337 4561 παρὰ
1358 4497 1561 4557 insciam,
1583 4507 1618 4545 οὶ
1639 4493 1709 4546 τὸν
1919 4507 2112 4556 ἁπτόμενοι

531 4576 696 4622 πανιτιῖς
722 4573 804 4618 ttat,
827 4573 888 4612 nl
917 4574 938 4612 ὸ
958 4577 1093 4612 team
1133 4571 1285 4624 ἂξάρχωοι
1307 4561 1786 4624 ίιροςὰντης-ᾀπίπμπτιι
1807 4573 1926 4607 πᾶσιν
1949 4571 2026 4624 fuit!
2047 4571 2111 4619 τι·-

532 4619 641 4684 4th
663 4640 685 4667 ι
701 4623 838 4684 Apud
855 4619 1290 4684 Atltenienses'qui
1308 4619 1478 4684 arcana
1500 4619 1581 4684 illa
1603 4619 1825 4684 traeutnt,
1842 4619 2111 4684 castissime

530 4680 865 4746 deguntjtum
891 4698 1058 4734 eorum
1074 4680 1297 4746 Antistes
1313 4682 1644 4746 Hierophanta
1667 4681 1728 4729 ab
1751 4681 1880 4746 omni
1904 4692 2112 4742 genera-

533 4744 666 4815 tione
712 4741 920 4815 [morsus
939 4747 1170 4796 abstinet.
1195 4763 1218 4790 ι
1247 4745 1335 4815 _Ex
1372 4741 1730 4815 quibus-plane
1764 4741 1932 4815 videas
1961 4755 2110 4815 quam

531 4804 661 4854 male
686 4804 822 4870 apud
862 4808 1208 4870 Hieronymum
1247 4808 1339 4855 hoc
1377 4804 1596 4868 ejurandi
1623 4806 1829 4870 verbum
1849 4804 1996 4870 _ttoeti
2021 4805 2109 4863 viri

534 4864 818 4930 exturbant,
843 4878 1008 4920 contra
1034 4864 1146 4919 liiss.
1173 4883 1317 4930 quam
1344 4876 1394 4916 et
1407 4864 1504 4930 ipsi
1529 4864 1781 4930 proferunt
1802 4865 1962 4915 ﬁdem.

600 4924 662 4999 (e)
692 4924 979 4999 'l‘ertulliap.
1007 4931 1038 4978 1.
1078 4933 1120 4981 1.
1145 4924 1204 4999 ad
1242 4924 1456 4999 Uxorem
1480 4924 1596 4999 c.'§_.
1623 4925 1795 4999 Αεζιρίε
1818 4927 2012 4999 Jttnoni,
2033 4930 2110 4977 in.

534 4988 658 5050 quit,
683 4991 816 5053 apud
835 4992 1026 5055 ﬁgium
1047 4991 1434 5055 oppidum_tirgo
1452 4989 1670 5055 sortitur.
1697 4991 1793 5055 Ριςο
1815 4988 2008 5055 Acltirte
2029 5002 2112 5038 an-

529 5056 634 5117 tem
675 5051 796 5102 vece
831 5051 1245 5117 Erasm._,it‘git'te
1283 5052 1548 5117 legendum
1593 5051 1801 5117 censuit,
1839 5051 1967 5117 quod
2015 5065 2110 5117 non

528 5116 763 5176 probatur
789 5131 803 5175 ;
826 5114 905 5176 alii
931 5111 1144 5176 mallent:
1157 5111 1391 5170 Achaicae,
1417 5111 1818 5176 quemadmodum
1846 5111 1962 5161 alibi
1985 5113 2112 5175 apud

527 5171 819 5226 Tertulliati.
850 5175 934 5226 lib.
958 5176 1023 5226 de
1046 5175 1301 5226 Exltortat.
1325 5171 1558 5224 castitatis
1579 5171 1776 5234 legitur.

597 5238 674 5302 (τι)
715 5237 932 5302 Martiali.
974 5247 1084 5302 post
1116 5237 1302 5302 Erasm.
1323 5249 1407 5302 _ex
1438 5233 1900 5302 _ttltt'ntisgallompt
1937 5234 2114 5286 Oceani

523 5295 666 5362 atque
693 5295 1107 5351 GermwtiwIV’id.
1132 5299 1298 5348 Valer.
1323 5297 1518 5347 Maxitn.
1546 5297 1630 5345 lib.
1649 5295 1698 5345 6.
1717 5309 1822 5361 cap.
1850 5297 1896 5346 1.

519 5396 629 5442 quae
659 5383 946 5436 sanctiﬁcata
970 5390 1102 5443 sunt,
1138 5388 1191 5433 et
1211 5382 1276 5432 de
1301 5380 1643 5445 primitiisnon
1664 5388 1912 5445 _vescetur.
1939 5379 1992 5445 S_i
2024 5393 2111 5445 au-

522 5441 622 5492 tem
647 5447 790 5496 vidua
808 5482 824 5506 ,
847 5446 930 5498 vel
953 5441 1205 5506 repudiata
1231 5452 1283 5495 et
1302 5441 1502 5506 absque
1535 5441 1706 5491 liberis
1727 5454 1930 5506 reversa
1961 5441 2112 5506 fuerit

523 5506 582 5571 ad
624 5503 820 5571 domum
853 5511 1000 5570 patris
1016 5503 1110 5571 tui,
1144 5509 1271 5558 sicut
1305 5503 1467 5569 puella
1489 5510 1828 5563 consueverat,
1865 5504 2026 5553 aletur
2048 5503 2114 5551 de

526 5569 647 5632 cibis
675 5570 824 5632 patris
846 5569 938 5620 Sui.

587 5592 658 5691 illa)
675 5592 1069 5682 ’ἒξῖτῗὲιιῗῖἱιιίθω
1095 5631 1158 5682 de
1180 5630 1434 5681 Exhortat.
1459 5629 1696 5679 castitatis
1715 5664 1729 5686 ,
1755 5631 1955 5676 notante
1989 5624 2110 5691 φιδι-
2145 5592 2150 5597 ί

525 5685 621 5739 viti.
641 5685 686 5738 ἰ
727 5692 920 5744 Invenit
941 5693 1164 5743 diabolus
1199 5700 1303 5754 post
1326 5691 1566 5754 luxuriam
1587 5685 1862 5754 castitatem
1888 5685 2112 5748 perditri-

526 5764 652 5823 cem,
680 5755 925 5823 quomodo
943 5768 1060 5823 reus
1093 5756 1158 5806 sit
1193 5752 1493 5808 Christianus
1514 5753 1598 5815 qui
1621 5752 1892 5803 castitatem
1917 5760 2111 5799 recusa-

524 5817 651 5862 verit
677 5817 1105 5870 conservatricem.
1182 5881 1184 5883 ν

1833 348 2074 406 SANCTI
2096 350 2500 409 VHIERONYHI

3661 357 3798 416 105'!

2230 475 2401 518 centre
2425 475 2703 533 matronzc,
2735 479 2855 520 cum
2878 466 2994 522 aliis
3019 480 3076 522 se
3102 466 3227 522 viris
3255 468 3578 540 captivitatis
3604 470 3788 526 condi-

2231 555 2376 610 tione
2413 556 2696 612 tradendas
2733 572 2853 612 esse
2877 557 3208 624 didicissent,
3244 562 3472 630 primum
3514 559 3799 622 Consuletn

2228 645 2527 716 deprecata;
2554 657 2698 714 sunt,
2725 659 2782 702 ut
2813 650 3014 718 templo
3039 649 3255 706 Cereris
3280 666 3345 706 ac
3371 651 3594 709 Veneris
3622 653 3675 708 in
3696 671 3801 710 ser-

2231 739 2417 791 vitium
2475 739 2838 794 traderentur.
2887 740 3040 806 Quod
3093 757 3217 796 cum
3270 749 3382 797 non’
3433 743 3799 814 impetrarent,

2228 827 2584 884 subutoveute
2609 845 2700 885 eas
2723 831 2936 895 lictore,
2965 831 3201 901 parvulis
3227 833 3385 888 cmsis
3413 833 3616 898 liberis,
3651 851 3804 891 mane

2228 928 2452 973 mortuae
2492 928 2617 974 sunt
2656 930 2904 991 repertae,
2933 922 3209 978 sull‘ocatis
3245 924 3435 994 laqueo
3463 924 3722 992 faucibus,
3754 938 3806 980 et

2228 1010 2426 1063 mutuis
2451 1011 2820 1080 complexibus
2843 1026 2902 1066 se
2924 1021 3189 1069 tenentes.
3237 1039 3258 1044 -
3604 1069 3606 1071 ,
3647 1069 3649 1071 ,

2299 1101 2352 1157 9.
2394 1101 2547 1169 Quod
2573 1104 2730 1176 igitur
2754 1104 2999 1161 barbarae
3019 1106 3250 1161 castitati
3275 1121 3380 1160 non
3409 1107 3584 1178 potuit
3607 1106 3804 1162 inferre

2229 1193 2530 1262 captivitas,
2563 1194 2666 1250 hoc
2698 1207 2942 1252 matrona
2975 1197 3170 1252 nobilis
3201 1198 3394 1254 faciet?
3422 1207 3477 1253 et
3502 1200 3805 1269 experietur

2227 1285 2463 1339 alterum
2501 1287 2696 1353 virum,
2743 1303 2863 1358 qua:
2909 1288 3139 1358 priorem
3178 1297 3271 1342 aut
3312 1288 3511 1344 bonum
3556 1288 3798 1357 perdidit,

2228 1385 2320 1428 aut
2348 1379 2545 1431 malttm
2578 1387 2804 1447 experta
2854 1388 2958 1443 est,
2991 1388 3048 1433 ut
3095 1394 3306 1434 rursum
3333 1389 3530 1434 contra.
3545 1379 3800 1450 judiciqu

2232 1467 2322 1521 Dei
2365 1466 2542 1523 facere
2574 1468 2817 1523 nitatur?
2843 1468 2981 1536 Quid
3019 1470 3062 1523 si
3093 1469 3273 1524 statim
3302 1471 3592 1524 secundum
3624 1469 3800 1539 perdi-

2225 1558 2385 1622 derit,
2413 1560 2671 1615 sortietur
2695 1572 2750 1614 ct
2777 1562 2987 1616 tertium
3013 1558 3105 1634 [aL
3133 1561 3350 1614 societur
3374 1571 3420 1614 et
3443 1559 3611 1633 tertia]
3637 1561 3661 1614 ἰ
3689 1572 3738 1614 et
3758 1566 3799 1616 si

2231 1651 2320 1706 ille
2347 1651 2652 1716 dormierit,
2694 1652 2748 1707 in
2776 1663 3023 1723 quartum
3066 1655 3416 1723 quintumque
3447 1653 3716 1722 procedet,
3749 1666 3802 1707 ut

2227 1742 2356 1796 nihil
2428 1744 2589 1815 907
2664 1746 2733 1798 sit
2757 1759 2864 1814 quo
2899 1760 2927 1798 a
2966 1745 3340 1800 meretricibus
3374 1744 3797 1800 dill'erat‘itlmni

2227 1834 2434 1889 ratione
2462 1837 2634 1889 vidua:
2665 1835 3055 1904 providendum
3091 1845 3192 1900 est,
3224 1851 3290 1890 ne
3312 1835 3574 1890 castitatis
3607 1835 3802 1904 primos

2225 1926 2449 1980 excedat
2483 1927 2701 1982 limites.
2731 1930 2878 1996 Quos
2905 1929 2951 1983 si
2985 1927 3301 1992 excesserit,
3339 1937 3394 1980 et
3420 1927 3796 1982 verecundiam

2225 2017 2430 2085 ruperit
2455 2019 2828 2083 matronalem,
2860 2018 2913 2072 in
2940 2033 3158 2072 omnem
3195 2017 3612 2072 debaccltabitur
3642 2016 3799 2070 luxu-

2227 2110 2382 2171 riam,
2411 2109 2481 2162 ita
2520 2119 2577 2163 ut
2604 2109 2925 2178 Prophetam
2967 2117 3245 2164 mereatur
3267 2108 3454 2163 audire
3481 2108 3748 2162 dicentem
3783 2126 3796 2160 :

2227 2196 2408 2253 Facies
2455 2200 2730 2254 meretricis
2781 2199 2918 2268 facta
2963 2210 3036 2254 est
3083 2198 3172 2252 tibi
3203 2196 3587 2262 :lmpttdorata
3641 2214 3692 2252 ex
3747 2207 3798 2249 tu

2226 2290 2438 2361 (Jerem.
2468 2293 2519 2346 3.
2557 2292 2637 2363 3).
2670 2292 2805 2359 Quid
2838 2291 3039 2361 igitur?
3071 2291 3394 2346 Damnamus
3423 2288 3654 2344 secunda
3685 2303 3796 2342 nta-

2225 2383 2514 2437 trimonia?
2543 2383 2790 2449 Minime;
2837 2383 2932 2438 sed
2967 2383 3134 2452 prima
3166 2380 3466 2436 laudamus.
3506 2379 3801 2448 Abjicitnus

2223 2474 2291 2529 de
2347 2475 2588 2530 Ecclesia
2628 2474 2907 2544 digamos?
2959 2474 3113 2529 Absit
3147 2474 3284 2530 :setl
3336 2486 3688 2540 monOgamos
3735 2471 3800 2524 ad

2223 2565 2605 2621 continentiam
2647 2580 3022 2636 provocamus.
3051 2566 3108 2620 ln
3148 2567 3286 2620 Area
3329 2564 3443 2620 Noe
3482 2580 3589 2619 non
3631 2564 3798 2619 solum

2223 2659 2444 2724 munda,
2483 2659 2577 2715 sed
2617 2671 2670 2715 et
2719 2660 2992 2715 immunda
3024 2659 3242 2714 fuerunt
3285 2658 3560 2713 animalia.
3613 2657 3804 2711 llabuit

2195 2749 2491 2814 .homiues,
2524 2750 2708 2805 habuit
2745 2759 2801 2806 et
2835 2763 3140 2822 serpentes.
3168 2749 3234 2805 ln.
3254 2749 3418 2804 domo
3446 2763 3658 2818 quoque
3689 2764 3803 2802 ma-

2219 2855 2344 2911 gna,
2390 2856 2515 2896 vasa
2561 2842 2772 2897 diversa
2817 2853 2979 2907 sunt;
3023 2843 3126 2896 alia
3179 2843 3232 2897 in
3275 2842 3560 2905 honorent,
3607 2840 3709 2892 alia
3751 2841 3800 2893 in

2219 2937 2598 2993 contumeliam
2640 2938 2718 3008 (2.
2751 2937 2888 2993 Tim.
2920 2939 2976 2994 2.
3000 2938 3115 3010 20).
3155 2939 3252 2994 Est
3280 2947 3460 2994 cr..ter
3503 2939 3569 3014 ad
3610 2937 3801 2992 biben-

2220 3027 2347 3082 dunt
2373 3044 2388 3091 ;
2419 3038 2501 3083 est
2528 3038 2582 3083 et
2616 3029 2815 3083 matula
2845 3028 2914 3083 ad
2940 3030 3234 3084 secretiora
3265 3039 3489 3083 naturae.
3523 3028 3654 3082 Nam
3679 3042 3812 3082 cum

2221 3119 2272 3172 in
2317 3126 2561 3173 semente
2611 3129 2769 3172 terra:
2795 3119 2969 3181 bonae,
3001 3119 3376 3182 centesimum,
3428 3128 3482 3173 et
3525 3118 3804 3187 sexagesi-

2220 3227 2385 3276 mum,
2447 3220 2503 3266 et
2557 3211 2892 3279 trigesimum
2951 3209 3180 3263 fructum
3234 3210 3522 3279 Evangelia
3575 3210 3805 3265 doceant

2218 3301 2432 3373 (Matth.
2477 3302 2562 3356 l3.
2608 3301 2704 3370 8);
2747 3310 2802 3354 et
2839 3301 3186 3354 centenarius
3218 3313 3314 3368 pro
3343 3299 3672 3368 virginitatis
3708 3315 3801 3355 co-

2216 3406 2368 3455 rona,
2399 3391 2631 3461 primum
2657 3390 2882 3460 gradum
2917 3389 3129 3454 teneat;
3170 3389 3550 3459 sexagenarius
3589 3405 3690 3458 pro
3724 3390 3802 3445 la-

2218 3482 2352 3538 bore
2384 3484 2688 3544 viduarum,
2720 3483 2772 3537 in
2801 3480 3039 3538 secundo
3076 3480 3148 3536 sit
3179 3495 3444 3545 numero;
3478 3480 3802 3536 tricenarius

2215 3574 2416 3630 hedera
2462 3575 2790 3644 nuptiarum,
2837 3575 2950 3644 ipsa
2981 3574 3051 3643 (e)
3089 3573 3376 3642 digitorum
3420 3571 3801 3642 conjunctione

2194 3677 2462 3734 .testetur,
2495 3668 2547 3722 d'
2589 3668 2728 3722 amia
2760 3668 2812 3720 in
2839 3681 2946 3736 quo
2973 3667 3078 3737 erit
3097 3665 3356 3721 numero?
3382 3664 3496 3720 lmo
3522 3674 3670 3720 extra
3706 3683 3798 3721 nuo

2215 3684 2637 3827 merumiﬁiﬁte
2677 3761 2730 3814 in
2760 3759 2899 3815 bona
2944 3769 3085 3814 terra
3130 3773 3238 3814 non
3265 3758 3453 3823 oritur,
3497 3757 3596 3813 sed
3627 3759 3680 3812 in
3710 3753 3798 3813 ve-

2215 3753 2637 3823 merumICerte
2677 3761 2730 3814 in
2760 3759 2899 3815 bona
2944 3769 3085 3814 terra
3130 3773 3238 3814 non
3265 3758 3453 3823 oritur,
3497 3757 3596 3813 sed
3627 3759 3680 3812 in
3710 3753 3801 3813 ve-

2216 3854 2430 3925 pribus,
2458 3862 2513 3908 et
2551 3852 2776 3923 Spinetis
2804 3852 3066 3922 vulpium,
3105 3866 3225 3922 qua:
3255 3851 3451 3906 Herodi
3483 3851 3798 3921 impiissimo

2215 3955 2617 4018 comparantur,
2653 3957 2712 4001 ut
2758 3947 2810 4002 in
2856 3961 2922 4001 eo
2952 3961 3010 4000 se
3036 3955 3186 4015 putet
3226 3959 3346 3999 esse
3377 3943 3720 4007 laudabilem,
3751 3944 3794 3998 si

2214 4040 2411 4093 scortis
2437 4039 2632 4094 melior
2660 4039 2729 4094 sit
2759 4056 2772 4092 :
2804 4039 2848 4094 si
2879 4037 3212 4107 publicarum
3243 4036 3524 4091 libidinum
3552 4037 3794 4091 victimas

2214 4141 2453 4202 superet,
2485 4133 2531 4187 si
2562 4133 2651 4187 uni
2677 4133 2748 4187 sit
2778 4131 3081 4202 prostituta,
3111 4147 3219 4186 non
3250 4131 3507 4202 pluribus.

2287 4225 2375 4280 l0.
2419 4225 2550 4279 Rem
2581 4225 2819 4280 dicturus
2865 4239 2982 4278 sum
3028 4222 3418 4287 incredibilem,
3452 4223 3544 4278 sed
3597 4223 3792 4279 multo-

2215 4333 2332 4372 rum
2360 4317 2684 4371 testimoniis
2727 4316 3100 4386 approbatam.
3131 4317 3269 4371 Ante
3308 4331 3476 4370 annos
3510 4315 3789 4385 plurimos,

2214 4423 2335 4463 cum
2365 4408 2418 4462 in
2445 4408 2646 4462 chartis
2673 4407 3061 4462 Ecclesiasticis
3091 4406 3333 4476 juvarem
3364 4407 3646 4461 Damasum
3685 4406 3789 4459 Ro-

2215 4515 2388 4555 mana:
2424 4500 2570 4555 urbis
2596 4498 2943 4570 Episcopum,
2989 4507 3044 4553 et
3083 4497 3320 4554 Orientis
3346 4508 3509 4569 atque
3538 4497 3794 4553 Occiden-

2215 4593 2285 4647 tis
2307 4591 2599 4664 Synodicis
2620 4590 3104 4646 consultationibus
3134 4589 3539 4661 reSponderem,
3562 4589 3666 4643 vidi
3691 4588 3793 4643 duo

2215 4685 2354 4738 inter
2380 4700 2440 4738 se
2467 4684 2636 4752 paria,
2669 4681 3054 4736 vilissimorum
3086 4697 3116 4736 e
3146 4681 3302 4751 plebe
3339 4679 3617 4733 hominum
3644 4693 3794 4732 com~

2215 4785 2421 4847 parata,
2458 4789 2622 4828 unum
2651 4775 2743 4844 qui
2783 4773 2967 4843 viginti
3009 4772 3287 4843 sepelisset
3318 4785 3532 4835 uxores,
3571 4770 3790 4824 alteram

2211 4883 2334 4938 qua:
2375 4865 2688 4921 vicesimum
2730 4864 3024 4918 secundum
3075 4863 3351 4917 habuisset
3391 4862 3664 4926 maritum,
3713 4875 3795 4913 ex-

2217 4969 2388 5015 tremo
2417 4958 2544 5023 sibi,
2576 4966 2635 5011 ut
2677 4957 2777 5026 ipsi
2809 4954 3085 5024 putabant,
3127 4952 3476 5008 matrimonio
3497 4954 3789 5022 copulatos.

2214 5054 2432 5108 Summa
2476 5052 2716 5105 omnium
2756 5047 3087 5119 exspectatio
3126 5047 3364 5102 virorum
3394 5046 3593 5116 pariter
3621 5060 3684 5098 ac
3717 5045 3790 5099 l'e-

2215 5149 2507 5211 minarum,
2534 5152 2652 5214 post
2684 5151 2859 5196 tantas
2881 5139 3044 5196 rudes
3066 5141 3185 5210 quis
3206 5155 3362 5209 quem
3393 5139 3542 5208 prius
3561 5138 3791 5193 ellerret.

2219 5237 2359 5292 Vicit
2381 5235 2625 5300 maritus,
2663 5243 2718 5286 ct
2747 5231 2908 5286 totius
2933 5230 3082 5286 urbis
3110 5217 3306 5301 populo
3344 5229 3670 5293 conlluente,
3704 5243 3794 5282 eo-

2285 5431 2344 5497 (e)
2374 5431 2623 5497 _Veterum
2655 5441 2846 5497 rnorem
2876 5441 2968 5491 per
3000 5426 3498 5497 digitosnumerandj
3539 5427 3712 5497 innuit,
3738 5425 3800 5472 de

2216 5487 2315 5558 quo
2333 5487 2476 5556 'plura
2511 5491 2714 5541 dicenda
2737 5487 3155 5558 nobis'erutlt‘lib.
3186 5491 3229 5558 _l.
3255 5489 3447 5537 advers.
3472 5487 3796 5558 Joviniantun.

2217 5549 2353 5609 Heic'
2377 5568 2525 5616 unum
2557 5560 2707 5616 atque
2754 5552 2960 5602 alterum
2995 5551 3147 5601 Beda:
3186 5552 3342 5600 loetnn
3383 5549 3633 5616 prtestabit
3666 5560 3800 5596 reco-

2219 5619 2390 5669 luisse.
2436 5633 2460 5662 ι
2497 5611 2651 5678 Cum}
2677 5615 3093 5678 inquit,triginta
3129 5620 3302 5664 notare
3341 5611 3573 5678 v_0lueris_.
3611 5622 3802 5678 ungues

2219 5679 2388 5730 indicis
2427 5686 2479 5730 et
2508 5676 2700 5740 pollicis
2732 5674 2909 5726 blando
2941 5674 3210 5740 conjunges
3250 5674 3497 5740 amplexu.
3541 5674 3658 5740 Cum
3683 5674 3803 5722 dicis

2495 5713 2766 5804 ,Tmlliccm
2786 5713 3048 5791 Eiiiiaiiim‘
3065 5713 3225 5790 mdia:
3250 5713 3568 5787 ciriiumﬂexo
3593 5735 3799 5799 ιίιιιειιιιο

2220 5813 2300 5856 ter
2323 5802 2812 5864 a'fronte‘praecinge.
2849 5816 2871 5845 ι
