4088 6336
295 409 319 462 ,1
329 405 446 461 053'

291 559 548 616 ronatus,
604 554 659 603 et
708 544 938 616 palmam
981 550 1202 608 tenens,
1241 537 1321 616 (a)
1370 537 1726 608 adoreamque
1776 551 1872 608 per

289 641 531 712 singulos
569 637 671 693 sibi
715 637 1094 700 acclamantes,
1144 633 1327 689 uxoris
1374 630 1690 688 multinuba:
1735 628 1875 684 fere-

293 744 431 787 trum
464 722 826 802 prmcedebat.
858 725 996 794 Quid
1023 725 1266 781 dicemus
1288 723 1379 778 tali
1405 721 1654 778 mulieri?
1673 719 1875 789 Nempe

293 827 460 894 illud,
513 822 657 894 quod
729 823 895 894 908
972 820 1232 875 Dominus
1258 811 1872 882 Samaritanazﬂligiuti

291 919 426 974 duos
458 915 687 971 habuisti
719 916 963 978 maritos,
1003 922 1058 968 et
1086 911 1188 966 iste
1227 925 1257 964 a
1295 925 1402 980 quo
1433 921 1575 962 nunc
1601 903 1871 975 sepeliris,

291 1029 398 1068 non
427 1020 512 1068 est
537 1019 654 1066 tuus
681 1007 862 1080 (Joan.
893 1007 972 1078 ι).

367 1105 457 1160 ll.
501 1103 684 1171 Itaque
713 1099 942 1155 obsecro
969 1107 1042 1161 te,
1067 1094 1313 1166 religiosa
1341 1091 1393 1147 in
1422 1089 1637 1148 Christo
1669 1088 1796 1150 ﬁlia.
1821 1092 1878 1140 ut

293 1194 599 1251 testimonia
637 1194 738 1249 ista
776 1177 890 1245 non
934 1188 1170 1252 noveris,
1204 1185 1395 1257 quibus
1423 1181 1876 1240 incontinentibus

290 1298 343 1342 ct
367 1287 582 1340 miseris
611 1283 926 1340 subvenitur
951 1297 966 1345 ;
993 1279 1087 1334 sed
1112 1279 1201 1332 illa
1225 1277 1401 1347 potius
1429 1274 1660 1340 lectites,
1685 1271 1876 1342 quibus

293 1379 548 1448 pudicitia
585 1383 894 1430 coronatur.
941 1371 1152 1427 Sufﬁcit
1197 1369 1290 1423 tibi
1319 1367 1461 1438 quod
1491 1367 1721 1438 primum
1753 1378 1876 1431 per-

291 1469 474 1524 didisti
514 1465 838 1536 virginitatis
863 1462 1109 1533 gradum,
1142 1469 1197 1515 et
1224 1473 1318 1529 per
1348 1457 1564 1512 tertium
1591 1452 1783 1509 venisti
1809 1450 1875 1505 ad

292 1558 611 1622 secundum,
643 1557 696 1610 id
734 1564 838 1622 est,
871 1567 967 1624 per
1005 1552 1242 1607 officium
1269 1549 1572 1617 coniugale,
1601 1548 1666 1600 ad
1704 1542 1878 1598 vidui-

295 1654 421 1707 tatis
446 1649 851 1706 continentiam.
879 1647 1150 1709 Extrema,
1185 1644 1290 1696 imo
1315 1641 1520 1710 abjecta
1545 1653 1612 1693 ne
1633 1637 1872 1705 cogites:

296 1759 396 1798 nec
423 1729 596 1797 aliena
624 1750 677 1794 et
713 1738 871 1808 longe
904 1739 1070 1806 posita
1096 1732 1340 1803 exempla
1366 1728 1667 1803 perquiras.
1703 1727 1878 1782 llabes

292 1835 494 1899 aviam,
546 1839 794 1895 matrem,
840 1839 894 1884 et
923 1828 1416 1894 amitam,.quarum
1462 1822 1557 1877 tibi
1602 1818 1878 1875 abundans

289 1927 523 1988 imitatio
551 1934 711 1994 atque
740 1921 1005 1985 doctrina,
1049 1933 1104 1973 et
1131 1927 1396 1988 prmcepta
1426 1912 1658 1994 vivendi,
1691 1925 1877 1964 norma

295 2019 551 2072 virtutum
576 2025 680 2070 est.
712 2014 768 2082 Si
805 2013 949 2068 enim
981 2011 1164 2064 multa:
1192 2009 1243 2062 in
1275 1989 1880 2076 conjugio,’viventibus

300 2113 475 2165 adlmc
501 2108 647 2172 viris,
680 2106 982 2175 intelligunt
1016 2102 1142 2157 illud
1177 2099 1419 2170 Apostoli
1447 2116 1458 2152 :
1496 2095 1684 2150 Omnia
1706 2092 1876 2154 licent,

295 2206 386 2259 sed
414 2220 514 2258 non
546 2203 718 2256 omnia
760 2200 1033 2271 expediunt
1066 2197 1139 2268 (l.
1172 2196 1288 2250 (lor.
1323 2195 1376 2248 6.
1409 2191 1522 2262 i2),
1561 2199 1615 2246 et
1645 2197 1881 2244 castraut

298 2312 356 2350 sc
387 2303 607 2366 propter
636 2307 796 2361 regna
824 2289 1108 2352 caelorum,
1152 2286 1236 2339 vel
1268 2300 1297 2338 a
1328 2283 1561 2338 secunda
1605 2281 1879 2335 nativitate

299 2399 419 2458 post
445 2389 714 2442 lavacrum
743 2399 808 2439 ex
846 2394 1132 2443 consensu,
1163 2378 1248 2432 vel
1278 2384 1402 2448 post
1442 2375 1654 2444 nuptias
1680 2387 1746 2427 ex
1777 2387 1874 2426 ar-

297 2485 428 2536 dore
468 2478 626 2543 lidei;
658 2493 753 2531 cur
774 2474 930 2529 vidua
957 2488 1076 2543 qua:
1100 2470 1302 2542 judicio
1331 2469 1447 2534 Dei,
1475 2469 1648 2522 virum
1681 2465 1879 2521 habere

298 2575 479 2636 desiit,
507 2586 613 2626 n0u
647 2568 774 2624 illud
799 2564 1102 2620 laetabunda
1125 2561 1488 2634 congeminet,
1515 2559 1762 2613 Dominus
1789 2559 1880 2611 de-

300 2668 392 2732 dit,
442 2664 693 2718 Dominus
727 2659 934 2715 abstulit
961 2656 1105 2729 (Job.
1140 2655 1194 2725 1)
1222 2671 1236 2719 ;
1269 2663 1326 2708 et
1363 2652 1596 2707 oblatam
1638 2649 1878 2704 occasio-

300 2773 422 2814 nem
451 2755 674 2825 arripiat
700 2752 982 2816 libertatis,
1023 2760 1073 2802 ut
1107 2746 1191 2801 sui
1234 2747 1478 2814 corporis
1508 2743 1701 2797 habeat
1730 2749 1877 2811 pote-

299 2858 517 2911 statem,
562 2861 662 2900 nec
693 2857 902 2899 rursum
933 2841 1125 2895 ancilla
1176 2839 1264 2892 fiat
1308 2835 1575 2892 hominis?
1621 2835 1685 2889 Et
1726 2839 1856 2887 certi

298 2940 471 2995 multo
519 2936 838 2992 laboriosius
883 2942 986 2999 est,
1033 2948 1138 2986 non
1187 2928 1290 2984 frui
1345 2943 1414 2983 eo
1462 2925 1602 2998 quod
1661 2924 1876 2991 habeas,

299 3046 460 3104 quam
492 3029 806 3084 desiderare
832 3024 974 3096 quod
1017 3022 1283 3078 amiseris.
1317 3018 1470 3075 Unde
1513 3028 1568 3073 et
1607 3015 1881 3087 virginitas

302 3126 354 3179 in
394 3138 459 3178 co
499 3121 703 3176 facilior
731 3129 832 3182 est,
865 3115 1008 3188 quod
1046 3118 1220 3170 carnis
1254 3113 1517 3168 incentiva
1547 3127 1650 3165 non
1683 3109 1828 3163 novit
1861 3125 1874 3160 :

300 3226 357 3270 et
378 3214 606 3269 viduitas
647 3213 702 3266 in
742 3225 808 3266 eo
853 3206 1152 3270 sollicitior,
1181 3205 1320 3276 quod
1369 3204 1664 3274 praeteritas
1700 3199 1879 3254 animo

303 3306 493 3361 recolit
521 3304 822 3374 voluptates
847 3319 862 3356 :
890 3315 1098 3355 usxme
1139 3313 1184 3352 st
1223 3311 1284 3351 se
1314 3297 1486 3350 virum
1526 3303 1671 3363 putet
1699 3292 1877 3362 perdi-

300 3396 466 3458 disse,
525 3409 632 3450 nou
678 3391 1000 3464 prmntisisse
1047 3406 1061 3442 :
1105 3403 1334 3459 quorum
1382 3386 1609 3441 alterum
1657 3384 1875 3450 doloris,

300 3489 523 3542 alterum
553 3484 730 3555 gaudii
757 3491 860 3538 est.

373 3579 464 3634 η.
506 3577 672 3632 Primi
719 3574 949 3630 hominis
1000 3582 1244 3627 creatura
1296 3586 1393 3625 nos
1437 3569 1658 3634 doceat,
1702 3567 1881 3637 plures

302 3671 514 3741 nuptias
544 3666 800 3721 refutare.
843 3663 992 3720 Unus
1019 3662 1211 3728 Adam,
1239 3670 1295 3715 et
1333 3675 1433 3715 una
1481 3658 1611 3722 Eva,
1642 3658 1748 3712 imo
1777 3671 1880 3711 una

301 3779 373 3818 ex
397 3778 462 3816 eo
491 3767 642 3815 costa
677 3764 956 3826 separatur
987 3755 1038 3808 iu
1069 3753 1344 3808 feminam.
1368 3751 1711 3818 Rursumque
1739 3748 1879 3818 quod

302 3852 530 3907 divisum
561 3847 755 3911 fuerat,
787 3844 987 3915 nuptiis
1009 3843 1314 3914 copulatur,
1338 3841 1550 3896 dicente
1571 3839 1880 3907 Scriptura:

306 3944 470 3999 Erunt
499 3944 599 3997 duo
625 3941 678 3994 in
706 3953 912 3994 carnem
937 3951 1128 4001 unam;
1163 3949 1266 3987 non
1297 3931 1351 3986 in
1371 3932 1524 3993 duas,
1551 3944 1650 3984 nec
1673 3929 1723 3982 in
1754 3939 1881 3984 tres.

306 4037 527 4102 Propter
561 4033 698 4103 quod
745 4031 992 4101 relinquet
1032 4029 1182 4082 homo
1225 4033 1437 4096 patrem,
1479 4030 1522 4078 et
1559 4031 1790 4085 matrem,
1838 4029 1883 4073 et

307 4127 581 4183 adhaerebit
602 4124 748 4180 uxori
774 4137 881 4177 sua:
907 4118 1111 4192 (Cenes.
1137 4117 1192 4173 2.
1225 4117 1314 4188 il)
1337 4133 1352 4181 ;
1379 4123 1525 4171 certe
1565 4131 1667 4168 non
1699 4111 1884 4166 usuri.

309 4223 428 4276 lms.
453 4219 607 4288 Quod
638 4215 1003 4273 testimonium
1044 4212 1241 4268 Paulus
1267 4210 1594 4272 edissereus,
1637 4206 1704 4261 ad
1731 4203 1885 4260 Chri-

305 4323 446 4369 stum
471 4311 656 4379 refert,
681 4320 737 4367 et
754 4309 822 4365 ad
843 4307 1138 4364 Ecclesiam
1163 4306 1241 4376 (l.
1265 4304 1381 4359 Cor.
1415 4303 1468 4358 6.
1500 4302 1584 4358 16.
1611 4311 1658 4356 et
1683 4299 1844 4371 seqq.)
1866 4317 1881 4364 ;

307 4413 364 4458 ut
407 4403 608 4474 primus
643 4401 813 4456 Adam
865 4401 919 4454 in
972 4413 1154 4464 carne,
1194 4405 1248 4453 et
1283 4395 1551 4452 secundus
1597 4395 1648 4449 in
1689 4393 1882 4463 spiritu

306 4511 656 4566 mouogamus
697 4494 787 4548 sit.
820 4490 898 4564 (l)
936 4491 1018 4548 Sit
1060 4506 1164 4546 una
1207 4490 1317 4546 Eva
1357 4497 1529 4544 mater
1567 4496 1881 4542 cunctorum

306 4589 620 4653 viventium,
661 4595 716 4641 et
744 4602 848 4640 una
889 4584 1127 4640 Ecclesia
1164 4597 1361 4654 parens
1410 4582 1646 4636 omnium
1719 4581 1884 4652 909

305 4677 756 4731 Christianorum.
796 4675 946 4730 Sicut
986 4675 1128 4728 illam
1184 4672 1496 4728 maledictus
1536 4671 1769 4726 Lantech
1833 4672 1884 4724 in

307 4770 443 4823 duas
469 4765 650 4822 divisit
676 4779 891 4827 uxores,
931 4763 1008 4817 sic
1047 4763 1185 4817 hanc
1208 4762 1446 4817 hzeretici
1479 4762 1530 4815 in
1562 4762 1741 4829 plures
1776 4761 1891 4814 Ec—

315 4860 508 4916 clesias
533 4857 790 4919 lacerant,
817 4853 1099 4926 quaajuxta
1128 4852 1505 4922 Apocalypsim
1536 4851 1778 4911 Joannis,
1803 4865 1888 4920 sy-

319 4968 538 5026 nagoga:
574 4950 743 5021 magis
772 4948 969 5004 diaboli
995 4943 1330 5016 appellanda:
1367 4951 1490 4998 sunt
1513 4944 1694 5014 (Apoc.
1725 4943 1779 4996 2.
1809 4939 1884 5013 9),

314 5061 472 5116 quam
517 5042 717 5099 Christi
767 5039 1137 5096 conciliabula.
1189 5035 1441 5108 Legimus
1482 5035 1532 5088 in
1583 5033 1890 5088 Carmiuum

314 5139 475 5203 libro,
510 5134 794 5206 Sexaginta
821 5142 937 5187 sunt
965 5132 1174 5202 regium,
1202 5139 1249 5184 et
1279 5128 1542 5198 octoginta
1578 5125 1888 5190 concubinte,

312 5241 358 5283 et
392 5225 802 5287 adolescentulus,
849 5239 1064 5293 quarum
1115 5239 1213 5276 non
1261 5231 1332 5275 est
1363 5235 1624 5273 numerus.
1675 5215 1792 5272 Una
1822 5224 1894 5270 est

313 5320 547 5376 columba
568 5334 698 5383 mea,
729 5318 950 5387 perfecta
975 5330 1083 5367 mea
1110 5330 1124 5366 :
1158 5331 1259 5368 una
1290 5322 1361 5367 est
1403 5307 1553 5366 matri
1580 5325 1706 5374 sate,
1739 5308 1895 5362 electa

315 5413 545 5486 genitrici
565 5426 672 5467 sua:
697 5408 868 5480 (Cant.
899 5407 980 5480 6).
1001 5405 1084 5461 Ad
1100 5421 1261 5476 quam
1282 5406 1476 5492 scribit
1498 5405 1638 5460 idem
1659 5402 1896 5458 Joannes

311 5607 318 5614 ’
367 5611 454 5724 ((a)
472 5609 626 5661 Nobis
647 5605 882 5670 placeret,
902 5602 1202 5678 adoreasque
1221 5615 1308 5675 per
1321 5601 1896 5676 singulassubctamante,

349 5689 368 5724 ι
404 5689 432 5724 e
454 5675 554 5724 icet
573 5669 772 5724 populo:
798 5679 906 5724 quas
930 5666 1077 5715 lectio
1101 5678 1165 5714 ex
1189 5679 1308 5724 ινδιξ
1330 5666 1442 5716 Mss.
1467 5667 1549 5714 ubi
1575 5675 1651 5714 est
1675 5667 1896 5714 adoreas-

349 5666 554 5725 tdelicet
573 5666 772 5742 populo:
798 5679 920 5742 quae.
930 5666 1080 5742 lectio
1096 5678 1165 5742 ex
1189 5666 1308 5742 ipsis
1467 5667 1651 5742 ubi-est
1675 5667 1900 5742 ademps-

352 5750 440 5787 vue
463 5747 550 5799 per
571 5725 766 5799 singula
786 5725 1135 5780 subolamantes
1154 5765 1168 5787 ,
1191 5725 1434 5779 levissima
1470 5730 1738 5780 mutatione
1763 5725 1900 5776 indu-

319 5807 396 5850 cui
419 5795 682 5848 conﬁcitur.

385 5861 462 5926 (i)
494 5859 619 5920 Legi
643 5856 847 5908 Gravius
863 5852 1007 5914 jubet
1029 5851 1098 5903 sic
1118 5864 1232 5913 una,
1259 5858 1356 5904 etc.

1607 396 1938 459 EPISTOIA
1977 393 2209 452 CXXIII.

3429 406 3564 462 1038

1987 510 2306 582 Epistulam,
2356 513 2563 583 Senior,
2593 513 2688 590 (α)
2707 515 2894 573 Electa!
2929 519 3167 590 domina,
3200 531 3246 577 et
3276 523 3397 593 filiis
3444 526 3552 594 ejus

1982 606 2065 676 (2.
2091 603 2250 661 Joan.
2280 605 2354 679 l).
2382 605 2489 664 Sed
2529 617 2584 663 et
2619 607 2672 674 in
2701 610 2894 666 Arcam
2923 627 3082 682 quam
3109 613 3298 670 Petrus
3326 616 3554 684 Aposto-

1983 699 2067 754 lus
2089 700 2192 755 sub
2219 709 2345 771 typo
2371 699 2752 772 interpretatur
2780 693 3034 760 Ecclesiae
3063 705 3140 777 (l.
3172 705 3311 761 Petr.
3342 706 3418 776 '5),
3441 707 3555 762 Noe

1981 805 2105 846 cum
2134 791 2303 846 tribus
2333 790 2475 854 filiis,
2507 791 2764 861 singulas,
2800 809 2905 848 non
2951 796 3106 852 binas
3149 809 3347 852 uxores
3387 798 3555 853 intro-

1981 879 2134 936 duxit
2179 880 2387 952 (Genes.
2441 881 2520 951 6).
2573 882 2745 937 Etiam
2790 881 2857 938 de
2913 884 3199 942 immundis
3236 887 3556 943 animalibus

1982 972 2106 1026 bina
2137 983 2440 1041 sumuntur,
2468 974 2760 1038 masculus,
2788 982 2844 1028 et
2871 974 3065 1029 femina
3090 994 3106 1032 :
3129 986 3188 1032 ut
3214 994 3282 1033 ne
3303 979 3354 1033 in
3375 978 3560 1033 bestiis

1983 1065 2219 1134 quidem,
2251 1065 2719 1135 serpentibusque,
2752 1065 3062 1134 crocodilis,
3107 1083 3172 1124 ac
3203 1069 3439 1136 lacertis,
3479 1069 3564 1124 di-

1982 1157 2156 1226 gamia
2185 1157 2378 1212 habeat
2405 1159 2604 1213 locum.
2637 1157 2791 1226 Quod
2816 1159 2860 1213 si
2887 1157 2955 1212 de
2987 1159 3200 1214 mundis
3225 1170 3443 1231 septena
3473 1177 3569 1232 po-

1985 1256 2203 1309 nuntur,
2249 1246 2302 1300 id
2349 1255 2454 1312 est,
2502 1246 2728 1316 imparia
2764 1264 2778 1303 :
2811 1256 2866 1302 et
2909 1247 2960 1300 in
3007 1248 3109 1302 hoc
3141 1250 3462 1317 virginitatis
3505 1267 3569 1306 ac

1985 1337 2251 1406 pudicitia:
2281 1339 2452 1408 palma
2481 1347 2828 1394 monstratur.
2857 1339 3119 1410 Egressus
3158 1343 3300 1395 enim
3330 1343 3397 1397 de
3425 1345 3565 1398 Area

1983 1429 2116 1494 Noe,
2147 1430 2257 1484 Deo
2283 1431 2526 1487 victimas
2572 1432 2870 1487 immolavit
2901 1449 2912 1484 :
2949 1449 3054 1487 non
3088 1435 3273 1504 utique
3317 1434 3386 1490 de
3429 1436 3567 1505 pari,
3607 1418 3614 1428 ’

1983 1520 2077 1574 sed
2103 1520 2171 1575 de
2215 1523 2404 1591 impari
2450 1539 2692 1586 numero,
2727 1525 2849 1593 quia
2889 1524 3116 1580 alterum
3149 1527 3362 1582 fastibus
3406 1538 3567 1598 atque

1983 1611 2250 1680 coniugio,
2285 1613 2508 1667 alterum
2538 1613 2800 1668 sacrificio
2837 1625 3189 1685 prtcparatum
3224 1627 3328 1673 est.

2057 1705 2144 1759 15.
2179 1706 2247 1758 At
2275 1703 2366 1776 [al.
2397 1705 2568 1777 Atqui]
2601 1706 2926 1762 Patriarcha:
2959 1726 3063 1764 non
3092 1712 3328 1782 singulas
3356 1714 3560 1771 habue-

1986 1804 2111 1848 runt
2141 1809 2341 1850 uxores
2361 1837 2376 1862 ,
2426 1797 2534 1851 imo
2561 1809 2615 1852 et
2653 1801 2977 1855 concubinas
3021 1801 3255 1858 habuere
3284 1807 3566 1875 plurimas.

1987 1885 2088 1951 Et,
2137 1902 2205 1940 ne
2251 1887 2352 1942 hoc
2386 1903 2569 1958 parum
2602 1890 2703 1955 sit,
2757 1892 2920 1946 David
2967 1894 3194 1958 multas,
3227 1907 3283 1951 et
3311 1896 3566 1954 Salomon

1985 1975 2168 2031 habuit
2211 1977 2650 2036 innumerabiles.
2692 1981 2859 2037 ludas
2901 1983 2967 2038 ad
3009 1984 3262 2052 Thamar,
3309 1991 3462 2058 quasi
3498 1991 3564 2044 ad

1984 2078 2219 2122 scortum
2269 2070 2583 2139 ingreditur.
2619 2073 2681 2126 Et
2707 2073 2880 2141 juxta.
2904 2075 3240 2132 occidentem
3289 2079 3524 2135 litteram
3546 2123 3561 2148 ,

1985 2158 2125 2215 Osee
2153 2159 2415 2230 Propheta
2446 2178 2550 2217 non
2582 2164 2756 2218 solum
2785 2168 3076 2232 meretrici,
3105 2170 3197 2224 sed
3220 2173 3380 2226 etiam
3408 2172 3564 2227 adul-

1988 2259 2115 2304 tera:
2145 2253 2429 2320 copulatur
2453 2253 2608 2323 (Osee
2638 2255 2709 2326 1).
2743 2256 2897 2324 Quod
2925 2259 2969 2312 si
3011 2269 3066 2314 et
3097 2262 3250 2317 nobis
3273 2263 3394 2331 jure
3433 2280 3568 2320 con-

1985 2343 2214 2408 ceditur,
2247 2345 2621 2401 adhinniamus
2642 2349 2708 2404 ad
2733 2366 2919 2406 omnes
2947 2354 3189 2421 feminas,
3219 2365 3274 2410 et
3302 2357 3353 2410 in
3384 2373 3581 2414 exem-

1993 2435 2139 2506 plum
2191 2438 2438 2495 Sodoma:
2493 2449 2548 2495 et
2575 2440 2884 2508 Gomorrm,
2913 2445 2981 2498 ab
3013 2445 3203 2500 ultimo
3245 2447 3333 2504 die
3372 2448 3566 2519 depre-

1990 2528 2290 2586 hendamur
2309 2533 2621 2598 vendentes,
2649 2543 2703 2588 et
2725 2547 2987 2602 ementes,
3009 2539 3287 2607 nubentes,
3307 2551 3359 2596 et
3382 2543 3567 2612 nuptui

1989 2621 2262 2678 tradentes
2292 2621 2506 2694 (Matth.
2533 2625 2623 2681 24.
2657 2627 2770 2697 58),
2798 2638 2853 2682 et
2881 2637 3007 2684 tunc
3047 2631 3114 2684 sit
3158 2632 3274 2685 finis
3297 2635 3528 2704 conjugii
3549 2676 3564 2700 ,

1985 2713 2200 2781 quando
2227 2716 2484 2770 terminus
2510 2717 2652 2772 vitze.
2692 2719 2844 2785 Quod
2874 2731 2927 2776 et
2960 2721 3003 2775 si
3036 2730 3158 2790 post
3187 2723 3484 2790 Diluvium,
3514 2735 3570 2781 ct

1985 2813 2110 2860 ante
2141 2805 2401 2862 Diluvium
2434 2808 2598 2878 viguit
2627 2810 2725 2866 ista
2753 2814 3017 2868 sententia
3053 2832 3067 2868 :
3101 2814 3322 2872 Crescite
3345 2829 3392 2871 et
3431 2820 3568 2874 mul-

1988 2895 2289 2966 tiplicamini
2308 2938 2323 2964 ,
2356 2908 2404 2952 et
2446 2900 2636 2969 replete
2667 2911 2851 2956 terram
2879 2903 3085 2977 (Cenes.
3120 2906 3170 2961 l.
3204 2907 3318 2977 28),
3347 2909 3472 2980 quid
3500 2909 3568 2964 ad

1988 3004 2121 3052 nos,
2155 2990 2205 3043 in
2233 3005 2371 3059 quos
2412 2991 2547 3047 lines
2593 2995 2909 3050 saeculorum
2941 2996 3331 3066 decurrerunt,
3376 3002 3570 3072 quibus

1987 3080 2180 3135 dicitur
2208 3100 2220 3135 :
2250 3082 2471 3153 Tempus
2497 3085 2641 3140 breve
2675 3099 2748 3141 es:
2779 3088 2864 3159 (1.
2901 3087 3020 3143 Cor.
3052 3092 3104 3145 7.
3145 3093 3239 3162 29)
3267 3110 3283 3150 :
3314 3093 3414 3160 Et,
3446 3094 3568 3150 Iam

1984 3175 2174 3228 securis
2202 3175 2270 3228 ad
2294 3177 2492 3231 radices
2515 3181 2752 3232 arborum
2782 3181 2948 3250 posita
2977 3193 3072 3247 est,
3100 3199 3219 3252 quzc
3246 3185 3434 3240 silvam
3465 3187 3565 3243 Le-

1985 3265 2100 3332 gis,
2155 3275 2209 3320 et
2259 3267 2563 3335 nuptiarum
2625 3269 2940 3338 Evangelica
2991 3274 3238 3328 castitate
3286 3276 3570 3342 succidat?

1989 3354 2209 3427 Tempus
2234 3351 2592 3428 amplexandi,
2626 3369 2672 3414 et
2699 3370 2894 3432 ternpus
2919 3363 3070 3434 longe
3095 3366 3208 3433 ﬁeri
3232 3366 3294 3419 ab
3322 3369 3572 3438 amplexi-

1985 3449 2078 3502 bus
2115 3447 2336 3521 (Eccles.
2368 3451 2420 3506 5.
2459 3451 2538 3521 5).
2583 3448 2868 3519 Jeremias,
2893 3457 3198 3524 captivitate
3228 3459 3557 3531 prOpiuqua,

1987 3553 2206 3594 uxorem
2235 3539 2548 3608 prohibetur
2576 3542 2843 3612 accipere.
2880 3545 3130 3600 Ezechiel
3173 3548 3223 3601 in
3256 3547 3552 3619 Babylone,

1989 3630 2198 3684 Mortua
2226 3633 2526 3700 est,inquit,
2557 3650 2687 3686 uxor
2713 3650 2854 3698 mea;
2888 3646 2932 3689 et
2967 3647 3198 3706 apertum
3223 3648 3296 3692 est
3322 3656 3377 3693 os
3406 3657 3573 3695 meum

1989 3720 2201 3802 (Ezech.
2231 3723 2322 3777 24.
2354 3722 2464 3794 28).
2543 3725 2706 3795 910
2777 3725 2886 3780 Nec
2914 3726 3167 3781 ducturus
3191 3744 3442 3797 uxorem,
3475 3747 3574 3786 nec

1989 3811 2079 3867 ille
2117 3813 2205 3882 qui
2251 3813 2509 3878 duxerat,
2543 3823 2768 3882 possunt
2809 3816 2860 3868 in
2892 3831 3056 3883 opere
3096 3817 3364 3887 coniugali
3407 3821 3575 3878 lihere

1990 3905 2331 3974 prophetare.
2351 3905 2488 3958 Olim
2508 3903 2689 3974 gloria:
2709 3917 2823 3960 erat
2842 3907 2988 3961 illum
3008 3909 3192 3963 audire
3215 3912 3535 3967 versiculum
3558 3931 3572 3969 :

1991 3993 2116 4048 Filii
2158 3997 2230 4048 tui
2256 3997 2383 4049 sicut
2424 3997 2632 4050 novella:
2670 3995 2775 4070 [aL
2807 4001 3076 4054 novellatio
3106 4016 3226 4055 cum
3269 4003 3489 4074 August.
3522 4017 3578 4062 et

1991 4085 2218 4160 Hilario]
2250 4087 2533 4154 olivarum,
2565 4091 2615 4142 in
2641 4089 2852 4143 circuitu
2883 4107 3068 4144 menstv
3091 4103 3190 4146 tua?
3209 4111 3226 4160 ;
3261 4095 3354 4158 Et,
3397 4096 3576 4152 Videas

1991 4179 2128 4246 ﬁlios
2154 4179 2378 4247 ﬁliorum
2406 4190 2604 4234 tuorum
2632 4180 2806 4252 (Psal.
2834 4182 2982 4255 127).
3017 4183 3167 4240 Nunc
3198 4186 3265 4242 de
3293 4191 3575 4246 continen-

1993 4271 2133 4326 tibus
2163 4270 2357 4327 dicitur
2389 4290 2401 4326 :
2438 4272 2538 4338 Qui
2566 4273 2790 4328 adltwret
2832 4275 3079 4342 Domino,
3111 4293 3243 4333 unus
3271 4281 3476 4349 spiritus
3505 4292 3578 4336 est

1994 4363 2068 4438 (l.
2100 4367 2220 4422 Cor.
2253 4366 2306 4421 6.
2342 4367 2450 4438 l7).
2486 4366 2585 4432 Et,
2619 4366 2844 4422 Adhaesit
2879 4370 3052 4423 anima
3088 4387 3198 4424 mea
3239 4383 3353 4441 post
3381 4385 3428 4426 te
3455 4390 3473 4427 :
3503 4390 3581 4428 me

1992 4459 2210 4529 suscepit
2253 4459 2459 4513 dextera
2504 4469 2590 4512 tua
2634 4457 2762 4531 (Ps.
2796 4460 2885 4514 62.
2930 4461 3005 4529 9).
3047 4461 3197 4516 Tunc
3241 4447 3451 4517 oculum
3483 4481 3580 4536 pro

1994 4552 2148 4605 oculo
2177 4568 2189 4604 :
2240 4567 2380 4606 nunc
2410 4551 2713 4607 verberanti
2747 4551 3013 4606 maxillam
3035 4594 3049 4619 ,
3098 4555 3398 4622 pra-bemus
3426 4567 3480 4612 et
3507 4560 3583 4611 al-

1998 4653 2184 4696 teram.
2217 4640 2311 4696 lllo
2341 4654 2579 4710 tempore
2605 4640 2953 4696 bellatoribus
2974 4642 3250 4698 dicebatur
3273 4663 3286 4699 :
3314 4647 3583 4720 Accingere

1994 4733 2166 4802 gladio
2205 4743 2288 4784 tuo
2329 4749 2482 4800 super
2513 4735 2858 4800 [enturtuum,
2894 4729 3298 4808 Potentissime(
3319 4735 3462 4791 I'sal.
3490 4740 3580 4793 M.

1996 4825 2087 4891 4);
2119 4821 2278 4875 modo
2307 4821 2454 4874 audit
2483 4821 2669 4875 Petrus
2693 4837 2705 4872 :
2738 4821 2910 4876 Conde
2934 4821 3166 4894 gladium
3195 4835 3334 4880 tuum
3360 4827 3412 4881 in
3442 4832 3582 4901 ragi-

1998 4931 2134 4967 nam.
2169 4913 2266 4979 Qui
2290 4913 2422 4966 enim
2447 4913 2619 4984 gladio
2644 4913 2874 4982 percutit,
2902 4913 3076 4985 gladio
3099 4919 3339 4972 morietur
3367 4917 3585 4988 (Matth.

1998 5006 2090 5060 26.
2120 5005 2231 5076 52).
2264 5004 2390 5059 llazc
2434 5005 2698 5072 dicimus,
2751 5022 2859 5061 non
2909 5017 3222 5076 separantcs
3268 5009 3502 5081 Legem,
3537 5023 3591 5067 et

2001 5096 2373 5167 Evangeliuut,
2408 5106 2468 5151 ut
2495 5096 2732 5152 Marcion
2758 5099 3154 5167 calumniatur;
3186 5103 3279 5157 sed
3312 5121 3473 5158 untun
3505 5115 3592 5158 ato

2001 5207 2106 5262 que
2148 5189 2396 5246 eumdem
2441 5191 2795 5259 suscipientes
2839 5194 3038 5255 Deum,
3075 5194 3165 5264 qui
3208 5210 3304 5265 pro
3332 5199 3590 5250 varietate

2005 5295 2306 5354 temporum
2332 5292 2492 5354 atque
2537 5299 2820 5340 causarum
2861 5285 3178 5355 principium
3198 5327 3213 5349 ,
3241 5296 3294 5338 et
3324 5284 3474 5349 finis;
3505 5301 3593 5339 se-

2003 5377 2094 5442 rit,
2122 5385 2178 5430 ut
2205 5385 2404 5442 mctat;
2436 5376 2660 5446 plantat,
2695 5388 2752 5430 ut
2782 5377 2972 5431 habeat
3001 5375 3144 5444 quod
3167 5375 3436 5438 succidat;
3463 5377 3594 5444 jacit

2007 5468 2432 5533 fundamentum,
2466 5479 2525 5522 ut
2547 5468 2884 5523 mdilicationi
2906 5506 2920 5529 ,
2952 5476 3326 5521 consummato
3352 5468 3550 5522 saeculo
3574 5509 3590 5536 _,
3649 5466 3655 5474 ’

2006 5563 2214 5618 culmen
2248 5563 2506 5633 imponat.
2551 5562 2765 5632 Alioqui
2821 5561 2865 5614 si
2909 5559 2974 5612 ad
3027 5568 3360 5612 sacramenta
3400 5561 3588 5614 venia-

2009 5672 2156 5724 mus,
2191 5665 2246 5712 et
2283 5656 2578 5711 futurorum
2621 5663 2808 5724 typos,
2849 5666 2954 5706 non
2987 5658 3172 5705 nostro
3203 5651 3430 5706 arbitrio
3453 5693 3468 5717 ,
3500 5654 3592 5711 sed

2073 5795 2146 5859 (α)
2177 5793 2367 5844 Nomen
2394 5792 2584 5849 Electa,
2606 5796 2660 5838 ut
2676 5789 2925 5852 proprium
2943 5785 3036 5838 hoc
3055 5784 3159 5836 loco
3175 5791 3321 5848 atque
3339 5784 3452 5834 alibi
3468 5800 3552 5851 sua;
3573 5801 3594 5839 ε

2013 5857 2152 5909 liter.
2172 5858 2543 5918 interpretatur.
