4088 6336
593 385 730 450 4035

590 503 847 575 Apostolo
868 500 1163 558 disserente
1180 499 1258 575 (a)
1279 498 1681 556 consideremus
1699 515 1715 564 ;
1743 497 1898 568 Agar,
1923 507 1978 551 et
1997 496 2152 562 Sara,

587 599 669 653 vel
703 612 852 650 mons
881 595 1027 657 Sina.
1055 603 1110 650 et
1137 595 1264 650 Sion
1285 635 1300 659 ,
1331 593 1438 648 duo
1465 593 1806 647 Testamenta
1834 588 2153 656 signiﬁcant.

589 687 680 744 L'sa
703 687 1040 757 lippientibus
1061 685 1252 747 oculis,
1273 694 1329 739 et
1348 683 1570 748 Rachel,
1586 697 1744 752 quam
1766 680 1928 734 Jacob
1948 677 2161 732 amabat

589 774 911 848 plurimum(
941 773 1209 829 Gem.”
1238 773 1276 846 ),
1301 774 1632 843 Synagogam
1665 768 2063 836 Ecclesiamque
2084 777 2160 821 te-

587 879 814 922 stantur.
832 867 982 924 Unde
997 875 1050 922 et
1069 873 1214 920 Anna
1235 865 1379 936 prius
1396 865 1615 930 sterilis,
1637 863 1899 918 Fennenm
1920 859 2160 914 ubertate

590 960 889 1015 immmdior
917 968 1001 1014 est
1029 958 1103 1031 (l.
1133 957 1261 1028 Reg.
1293 958 1370 1027 i).
1420 956 1568 1011 Licet
1607 964 1663 1009 et
1694 952 2023 1022 monogamia
2063 963 2159 1004 nos

588 1053 639 1106 in
667 1051 831 1115 Isaac,
864 1061 916 1106 et
941 1050 1178 1104 Rebecca
1207 1049 1540 1117 praecesserit
1565 1064 1578 1100 :
1611 1045 1765 1114 cujus
1793 1044 1958 1097 solius
1976 1050 2158 1112 partus

591 1142 796 1197 DOmini
827 1143 1081 1197 revelatio
1105 1151 1207 1195 est.
1241 1139 1350 1194 Nec
1380 1137 1484 1192 ulla
1517 1137 1617 1190 alia
1645 1136 1960 1190 feminarum
1993 1133 2157 1186 Deum

586 1248 686 1304 per
721 1236 950 1302 seipsam
980 1231 1268 1288 consuluit.
1309 1227 1445 1296 Quid
1476 1227 1664 1297 loquar
1691 1225 1757 1280 de
1796 1223 2047 1287 Thamar.
2081 1221 2157 1292 (ὁ)

587 1337 707 1394 qua
733 1321 954 1386 Zaram,
996 1333 1049 1376 et
1091 1321 1289 1375 i'barez
1327 1319 1568 1388 geminos
1610 1316 1742 1370 fudit
1790 1313 2058 1368 infantes?
2100 1311 2157 1366 in

587 1428 812 1483 quorum
837 1414 1106 1468 nativitate
1133 1412 1301 1466 divisa
1332 1409 1583 1474 maceria,
1607 1407 1741 1461 duos
1765 1405 1989 1475 populos
2009 1419 2163 1472 sepa-

587 1503 725 1558 ravit
751 1520 766 1557 :
795 1513 850 1558 et
877 1503 1033 1572 ligata
1060 1517 1252 1556 manus
1275 1500 1518 1564 coccino,
1545 1495 1925 1552 conscientiam
1949 1493 2160 1548 iudico-

587 1609 704 1649 rum
723 1593 833 1664 jarn
861 1602 986 1648 tunc
1005 1593 1204 1647 Christi
1230 1592 1476 1661 passione
1497 1587 1770 1657 respersit.
1802 1587 1878 1639 Ac
1897 1585 1964 1639 de
1983 1592 2160 1639 scorto

586 1686 922 1757 prophetico,
952 1687 1103 1754 cujus
1130 1682 1422 1740 similitudo
1447 1681 1532 1736 vel
1582 1679 1872 1734 Ecclesium
1902 1675 2161 1745 signiﬁcat

586 1780 654 1835 de
676 1780 927 1850 gentibus
951 1787 1326 1846 congregatam
1356 1790 1370 1829 :
1402 1775 1485 1829 vel
1518 1771 1694 1846 (quod
1726 1770 1826 1840 ipsi
1850 1769 1969 1824 loco
1995 1767 2161 1836 magis

585 1870 857 1943 convenit)
881 1871 1212 1942 Synagogam
1237 1867 1464 1938 primum
1485 1874 1810 1932 assumptam
1833 1861 1900 1916 de
1939 1858 2162 1915 idolola-

588 1967 686 2021 tris
713 1981 810 2036 per
833 1964 1122 2028 Abraham,
1141 1971 1197 2016 et
1213 1961 1452 2032 Moysen:
1473 1956 1666 2012 deinde
1687 1964 1804 2025 post
1817 1951 2157 2016 adulterium,

585 2068 641 2114 et
667 2057 1006 2128 negationem
1029 2055 1341 2117 Salvatoris,
1372 2051 1644 2108 sedentem
1669 2048 1896 2118 plurimo
1921 2055 2160 2113 tempore

584 2153 702 2206 sine
726 2151 903 2216 altari,
931 2146 1312 2205 Sacerdotibus
1332 2159 1398 2198 ac
1420 2141 1718 2214 Prophetis,
1753 2149 1808 2194 et
1829 2137 1928 2192 viri
1956 2135 2160 2206 pristini

586 2243 915 2297 (consortium
941 2239 1374 2311 pmstolantem;
1404 2243 1458 2288 ut
1487 2240 1766 2303 postquam
1789 2223 2162 2282 subintraverit

587 2331 857 2401 plenitudo
904 2330 1178 2401 gentium,
1228 2336 1352 2382 tunc
1400 2324 1576 2380 omnis
1629 2320 1789 2377 lsrael
1844 2318 2020 2373 salvus
2071 2315 2163 2369 tiat

585 2422 762 2498 (Rom.
792 2422 900 2494 it).

653 2518 816 2588 911
893 2514 982 2570 ﬂ.
1014 2513 1174 2582 Quasi
1198 2511 1252 2565 in
1280 2507 1426 2565 brevi
1455 2505 1649 2562 tabella
1681 2501 1968 2558 latissimos
1995 2506 2162 2554 terra-

587 2623 706 2662 rum
746 2608 880 2661 sitns
905 2603 1188 2661 ostendere
1224 2599 1400 2667 volui,
1433 2609 1491 2652 ut
1521 2609 1735 2667 pergam
1763 2592 1828 2648 ad
1860 2591 1993 2646 alias
2017 2603 2161 2659 qua:-

589 2698 913 2762 stiunculas;
945 2710 1166 2765 quarum
1202 2693 1372 2761 prima
1395 2689 1462 2744 de
1489 2690 1656 2743 Annae
1679 2683 1905 2740 consilio
1928 2689 2010 2737 est
2040 2700 2054 2736 :

660 2808 854 2864 Seiane
881 2815 1126 2876 perpetua
1151 2817 1366 2856 marem
1382 2814 1590 2868 carpere
1605 2794 1853 2867 juventa?

660 2900 770 2956 Nec
798 2901 969 2953 dulces
997 2905 1174 2961 natos,
1212 2891 1418 2948 Veneris
1449 2906 1538 2945 nec
1577 2887 1787 2960 prtemia
1813 2884 1984 2940 noris?

659 2994 686 3049 1
692 2996 727 3049 d
748 2994 982 3055 cinerem,
1013 2997 1101 3042 aut
1127 3002 1302 3040 manes
1331 2983 1494 3038 credis
1518 2995 1698 3035 curare
1725 2976 1987 3049 sepultos?

585 3087 682 3141 Cui
713 3082 947 3140 breviter
973 3063 1298 3149 respondeat
1321 3074 1433 3144 ipsa
1451 3113 1468 3139 ,
1495 3086 1616 3142 quas
1643 3083 1796 3140 passa
1824 3074 1908 3122 est
1939 3082 1953 3119 :

659 3177 736 3232 Tu
762 3173 1000 3244 lacrymis
1022 3171 1180 3225 euicta
1209 3169 1332 3222 meis
1355 3182 1374 3220 :
1399 3175 1453 3218 tu
1484 3163 1650 3234 prima
1677 3163 1923 3232 furentem

665 3265 779 3327 llis.
800 3277 1063 3334 germana,
1086 3259 1236 3312 malis
1263 3270 1463 3317 oneras,
1491 3265 1639 3318 atque
1667 3247 1844 3316 obiicis
1865 3244 2016 3298 hosti.

661 3355 781 3411 Non
811 3352 955 3408 licuit
982 3348 1193 3403 thalami
1221 3354 1478 3413 expertem
1505 3342 1612 3394 sine
1639 3339 1848 3392 crimine
1869 3337 2023 3390 vitam

660 3447 852 3518 Degere
877 3458 1013 3497 more
1041 3444 1182 3512 fera,
1213 3437 1338 3490 tales
1364 3451 1454 3488 nec
1479 3442 1684 3502 tangere
1707 3444 1878 3483 curas.

659 3537 781 3594 Non
809 3543 1006 3591 servata
1033 3531 1160 3602 ﬁdes
1183 3528 1336 3583 cineri
1369 3525 1614 3598 promissa
1643 3521 1833 3577 Sichci

1607 3630 1844 3705 (/Eneid.
1871 3627 1948 3700 4).

565 3799 568 3802 ~
661 3758 922 3831 Proponis
965 3755 1092 3810 mihi
1134 3750 1323 3821 gaudia
1369 3746 1672 3818 nuptiarum
1703 3761 1716 3797 :
1748 3757 1846 3813 ego
1875 3740 1965 3794 tibi
1996 3752 2166 3809 oppo-

589 3871 709 3912 nam
767 3866 987 3926 pyram,
1031 3847 1301 3918 gladium,
1344 3853 1398 3898 ct
1443 3838 1766 3896 incendium.
1796 3835 1912 3892 Non
1959 3844 2162 3890 tantum

591 3946 714 4004 boni
763 3953 846 3998 est
871 3943 925 3996 in
958 3940 1156 4010 nuptiis
1193 3935 1335 4008 quod
1365 3947 1674 4004 speramus,
1706 3939 1962 4000 quantum
2003 3926 2160 3989 mali,

586 4036 729 4108 quod
746 4033 988 4090 accidere
1009 4039 1208 4100 potest.
1235 4036 1290 4083 et
1315 4023 1603 4082 timendum
1631 4029 1733 4076 est.
1762 4019 1942 4074 LIBIDO
1967 4029 2162 4072 TRANS-

589 4142 729 4183 Itcn
755 4138 966 4194 semper
1011 4120 1096 4174 sui
1131 4117 1382 4185 relinquit
1420 4111 1806 4185 paenitudinem
1837 4129 1853 4164 :
1898 4120 2162 4176 nunquam

589 4220 844 4280 satiatur;
877 4221 932 4269 et
974 4212 1208 4268 extincta
1252 4205 1640 4263 reaccenditur.
1687 4201 1798 4258 Usu
1841 4201 2067 4264 crescit,
2114 4205 2167 4252 ct

589 4303 772 4361 deiicit
800 4320 814 4356 :
846 4318 947 4357 nec
974 4300 1166 4355 rationi
1206 4307 1385 4368 paret,
1425 4311 1544 4366 quzc
1575 4296 1772 4362 impetu
1801 4293 2028 4346 ducitur.
2060 4290 2162 4345 Sed

591 4401 738 4456 dices
779 4415 794 4454 :
835 4394 1041 4465 Amplzn
1088 4405 1249 4461 opes,
1295 4397 1350 4442 ct
1394 4385 1722 4456 dispensatio
1767 4384 1844 4438 rei
1890 4381 2167 4437 familiaris

593 4500 752 4561 egi-nt
771 4486 1088 4544 auctoritate
1114 4482 1235 4536 viri.
1265 4480 1481 4536 Scilicet
1507 4476 1783 4548 perierunt
1802 4475 1992 4529 domus
2016 4475 2165 4528 eteiio

595 4581 744 4646 bum,
777 4587 832 4635 et
854 4577 952 4632 nisi
975 4591 1095 4630 cum
1118 4572 1343 4628 servulis
1373 4570 1476 4625 tuis
1507 4569 1619 4638 ipsa
1650 4566 1921 4629 scrvicris,
1951 4564 2166 4619 inutilia:

531 4702 534 4703 ν
596 4681 700 4724 tua!
732 4671 994 4737 imperare
1022 4680 1127 4719 non
1157 4661 1374 4732 poteris.
1401 4660 1533 4714 Avia
1565 4667 1674 4722 tua,
1708 4665 1876 4711 mater
1901 4665 1955 4710 et
1982 4655 2163 4716 amita,

597 4775 776 4816 nonne
800 4755 1131 4812 auctoritatis
1159 4753 1413 4823 pristinae,
1439 4748 1764 4817 honorisque
1785 4747 2000 4816 majoris
2020 4752 2162 4808 sunt,

597 4852 721 4904 dum
751 4863 864 4914 eas,
893 4859 947 4902 et
973 4856 1082 4900 tota
1112 4842 1406 4914 provincia,
1435 4848 1490 4894 et
1519 4839 1872 4894 Ecclesiarum
1899 4837 2166 4906 principes

595 4940 931 5010 suspiciunt?
962 4937 1100 5007 Ergo
1128 4934 1204 5005 (ε)
1236 4933 1434 4987 milites
1453 4971 1469 4997 ,
1509 4937 1563 4984 et
1588 4928 1987 4998 peregrinantes
2006 4968 2020 4992 ,
2053 4926 2168 4979 sine

659 5096 734 5157 (α)
767 5093 906 5144 Hanc
939 5104 1111 5144 vocem
1150 5087 1522 5157 consideremus,
1555 5098 1666 5150 quae
1701 5084 1891 5145 deerat,
1928 5099 1991 5136 ex
2027 5084 2170 5134 editis

603 5154 949 5209 vetustioribus
981 5154 1301 5212 reposuimus.

669 5206 740 5287 (ὁ)
755 5206 920 5287 Turpi
946 5206 1131 5287 errore,
1161 5219 1212 5287 e_t
1230 5223 1380 5287 quem
1403 5216 1546 5287 antea
1565 5206 1982 5287 Reatinuseditqr
2006 5219 2169 5287 emen-

597 5267 798 5332 daie'rat
815 5317 828 5337 ,
850 5267 1202 5337 Benedictiiius
1230 5267 1730 5337 Erasinum_secuttis_,
1757 5276 1911 5316 Ezron
1944 5267 2072 5337 Iegi_t_
2085 5282 2171 5337 pro

603 5330 797 5394 2am.
819 5330 946 5390 Vide
972 5336 1097 5387 Gen.
1121 5335 1200 5384 '58.
1224 5347 1274 5382 v.
1297 5333 1360 5394 29
1399 5339 1450 5380 et
1476 5333 1554 5380 50.
1582 5330 1717 5389 Quod
1734 5343 1900 5394 _po_rro
1937 5330 2099 5394 subdit
2121 5331 2172 5378 in

601 5389 1046 5454 eorumnativilate
1067 5396 1190 5445 duos
1221 5393 1422 5457 populos
1442 5400 1704 5447 separatos,
1728 5389 1942 5451 Judteos,
1968 5398 2019 5439 et
2040 5391 2171 5457 Gen-

601 5452 718 5515 tiles
736 5461 995 5526 siguilicarj
1016 5472 1118 5526 ,_ex
1144 5452 1366 5526 veterum
1388 5453 1585 5526 Patrum
1609 5461 1686 5501 est
1707 5464 1859 5501 sensu
1880 5487 1894 5512 ,
1937 5465 2085 5514 quem
2119 5452 2170 5499 in

602 5516 815 5578 Miehit‘é
838 5539 942 5586 cap.
967 5521 1012 5571 2.
1033 5518 1330 5586 luculenlius
1351 5516 1565 5586 eanit:

663 5573 732 5647 (ὁ)
768 5573 909 5637 (ibin.
928 5597 1108 5647 nempe
1119 5581 1307 5647 milites
1329 5579 1390 5647 ab
1407 5573 1644 5647 uxoribus
1664 5573 1900 5646 ducendis
1922 5573 2037 5635 lege
2061 5586 2169 5647 pro-

601 5634 911 5705 hibebantur.
950 5634 1078 5708 quoii
1119 5642 1502 5708 lucuientissime
1538 5639 1588 5688 in
1631 5638 1796 5708 primis
1826 5634 2041 5708 testatur
2064 5634 2170 5682 Dio

603 5696 911 5760 iibrtXOItibi
928 5696 993 5758 de
1017 5707 1212 5759 Claudio
1234 5704 1463 5766 loquens,
1488 5696 1718 5750 concessa
1739 5698 1862 5746 dixit
1885 5700 1947 5745 ab
1971 5696 2052 5744 illo
2074 5708 2171 5744 ma-

602 5774 804 5820 ritorutn
833 5773 968 5830 jura,
993 5786 1069 5826 τοῖς
1093 5779 1402 5830 στρατινρμίηοις,
1435 5771 1558 5824 ιω.δῆ
1788 5771 1852 5810 οὔκ
1883 5767 2050 5830 mut-ne
2073 5771 2110 5830 ξι
2132 5782 2171 5818 γι

603 5817 806 5892 QQ;
828 5817 1430 5892 ξιζέέεῖἰέὲιήἰόηϋίὶαὺίῦιι
1457 5817 1678 5888 quoniam
1703 5833 1876 5872 uxores
1898 5835 1962 5871 ea:
1987 5819 2059 5883 leg
2079 5817 2164 5868 ("‘3

1858 381 2100 440 SANC'I‘l
2139 377 2520 438 HIERONYMI

3687 387 3816 446 {056

2264 493 2516 549 uxoribus
2553 506 2650 550 sua
2678 490 2961 563 bospitiola
2991 509 3096 550 non
3134 505 3351 568 regunt,
3379 505 3434 554 et
3483 513 3583 555 nec
3609 500 3821 562 invitant

2263 585 2330 640 ad
2358 585 2632 650 convivia,
2679 599 2781 640 nec
2809 584 3130 640 invitantur?
3158 587 3317 655 Quasi
3353 604 3456 645 non
3497 593 3669 660 possis
3699 608 3817 662 pro.

2264 675 2404 730 batas
2430 677 2602 731 artatis
2630 674 2830 730 habere
2861 677 3085 732 famulos
3102 718 3120 744 ,
3150 679 3234 734 vel
3259 680 3500 746 libertos,
3531 682 3582 735 in
3609 699 3821 753 quorum

2264 767 2460 820 nutrita
2489 783 2548 821 es
2569 767 2850 831 manibus;
2880 767 2970 836 qui
2994 769 3213 837 prmsint
3239 768 3440 833 domui,
3472 771 3535 826 ad
3567 773 3818 840 publicum

2263 857 2653 927 respondeant,
2682 859 2874 912 tributa
2905 860 3248 928 perspivant;
3294 862 3382 931 qui
3425 871 3479 917 te
3503 865 3822 938 suspiciant,

2263 957 2323 1002 ut
2349 959 2622 1016 patronam
2647 991 2661 1016 ,
2704 950 2959 1020 diligant,
2993 961 3049 1005 ut
3075 952 3341 1006 alumnam
3362 994 3378 1020 ,
3410 968 3746 1026 venerentur,
3774 972 3826 1017 ut

2262 1049 2522 1095 sanctam.
2554 1041 2746 1108 Qumre
2787 1043 3016 1112 primum
3043 1059 3264 1112 regnum
3296 1046 3407 1111 Dei,
3436 1057 3488 1102 et
3519 1047 3636 1104 bare
3659 1054 3821 1107 omnia

2261 1130 2579 1200 adjicientnr
2601 1132 2692 1187 tibi
2723 1131 2936 1205 (.llatt/t.
2964 1134 3020 1188 6.
3048 1134 3161 1205 33).
3196 1137 3250 1190 Si
3279 1136 3354 1191 de
3379 1149 3528 1192 veste
3564 1140 3822 1210 cogitave-

2263 1223 2361 1287 ris,
2395 1223 2502 1278 lilia
2535 1225 2629 1279 tibi
2654 1226 2722 1280 de
2750 1226 3041 1297 Evangelia
3068 1240 3452 1298 proponuntur.
3493 1231 3548 1286 Si
3578 1233 3645 1286 de
3679 1235 3792 1289 cibo
3808 1225 3830 1302 ,-

2263 1313 2552 1369 remittcris
2577 1315 2643 1370 ad
2669 1330 2826 1382 aves,
2859 1333 2976 1387 qua:
3003 1334 3110 1372 non
3141 1330 3360 1385 serunt,
3393 1336 3572 1392 neque
3601 1333 3821 1392 metunt,

2261 1411 2316 1457 et
2344 1403 2500 1458 Pater
2522 1413 2643 1459 tuus
2668 1407 2902 1462 etelestis
2927 1409 3097 1476 pascit
3122 1408 3260 1464 illas.
3283 1410 3506 1476 Quanta:
3530 1411 3758 1481 virgines
3779 1427 3827 1468 et

2261 1493 2422 1566 912
2493 1495 2666 1549 vidua:
2691 1496 2893 1566 absque
2938 1497 3046 1552 ulla
3069 1497 3228 1554 sorde
3249 1501 3500 1568 rumoris,
3523 1515 3675 1556 suam
3721 1503 3827 1557 sub-

2262 1586 2568 1640 stantiolam
2597 1587 3004 1657 gubernarunt?

2338 1677 2426 1732 15.
2458 1675 2599 1732 Cave
2640 1693 2709 1734 ne
2747 1680 2990 1750 jungaris
3033 1680 3446 1736 adolescentulis
3479 1700 3492 1737 :
3528 1698 3600 1739 ne
3639 1684 3721 1740 bis
3745 1686 3826 1740 ad-

2263 1765 2502 1831 bmreas,
2549 1777 2766 1838 prepter
2810 1783 2943 1838 quas
2985 1771 3274 1838 Apostolus
3313 1771 3566 1826 concedit
3610 1775 3824 1829 secunda

2264 1857 2621 1924 matrimonia,
2650 1866 2704 1912 et
2728 1859 2994 1913 sustineas
3018 1859 3068 1913 in
3095 1859 3267 1915 media
3298 1861 3685 1932 tranquillitate
3711 1879 3828 1918 nau-

2264 1950 2503 2020 fragium.
2540 1952 2598 2006 Si
2623 1951 2906 2006 Timotheo
2935 1951 3128 2007 dicitur
3161 1971 3174 2006 :
3205 1953 3642 2010 Adolescentiares
3666 1955 3828 2009 viduas

2264 2043 2426 2098 devita
2453 2060 2472 2099 :
2502 2044 2569 2098 Et
2596 2044 2790 2100 iterum
2820 2061 2834 2099 :
2865 2045 2995 2097 Ama
3028 2060 3176 2109 anus,
3209 2054 3265 2099 ut
3291 2057 3475 2100 matres
3497 2062 3518 2100 :
3549 2047 3823 2102 adolescen-

2263 2135 2430 2199 tulus,
2477 2144 2530 2188 ut
2568 2151 2766 2189 sorores
2809 2150 2925 2188 cum
2967 2136 3105 2188 omni
3133 2136 3392 2201 castitate;
3436 2153 3608 2206 quare
3657 2149 3709 2191 ιιι
3755 2155 3831 2192 me

2263 2233 2694 2280 commonentcm
2724 2240 2829 2279 non
2855 2224 3074 2280 audias?
3102 2225 3244 2296 Fuge
3267 2243 3548 2295 personas,
3579 2229 3631 2282 in
3654 2230 3828 2297 quibus

2263 2323 2439 2384 potest
2468 2315 2622 2368 make
2649 2316 3074 2369 conversationis
3099 2331 3219 2370 esse
3248 2315 3513 2388 suspicio,
3551 2333 3656 2373 nec
3682 2333 3828 2388 para-

2265 2413 2374 2457 tum
2403 2403 2602 2460 habeas
2645 2404 2772 2458 illud
2798 2419 2830 2458 e
2861 2405 3016 2460 trivio
3045 2423 3058 2459 :
3105 2405 3310 2460 Stil'licit
3338 2407 3466 2461 mihi
3509 2409 3826 2464 conscientia

2263 2509 2382 2548 mea
2412 2511 2424 2546 :
2458 2509 2563 2547 non
2593 2508 2723 2548 curo
2759 2493 2886 2564 quid
2926 2493 3004 2549 de'
3033 2511 3118 2548 me
3146 2495 3433 2564 loquantur
3467 2495 3741 2552 homines.
3772 2497 3829 2551 Et

2263 2593 2409 2640 certe
2433 2586 2721 2654 Apostolus
2744 2585 3055 2656 providebat
3086 2586 3218 2640 bona
3241 2627 3257 2652 ,
3290 2602 3394 2642 non
3427 2597 3636 2644 tantum
3662 2603 3828 2643 coram

2263 2677 2406 2740 Deo,
2438 2675 2530 2729 sed
2559 2677 2719 2729 etiam
2749 2691 2929 2730 coram
2961 2675 3265 2733 hominibus
3293 2676 3465 2750 (Rom.
3500 2679 3614 2752 12),
3651 2696 3716 2734 ne
3747 2696 3832 2749 per

2265 2765 2411 2819 illum
2455 2780 2648 2820 nomen
2681 2766 2772 2820 Dei
2804 2766 3260 2836 blasphemaretur
3297 2769 3348 2822 iu
3377 2770 3632 2838 gentibus
3666 2768 3828 2842 (Ibid.

2261 2856 2316 2910 2.
2341 2855 2456 2927 24).
2486 2855 2726 2910 Habebat
2749 2855 2929 2926 utique
2954 2866 3271 2926 potestatem
3295 2872 3535 2914 sororem
3565 2861 3833 2914 mulierem

2263 2946 2718 3013 circumducendi,
2748 2947 2842 3002 sed
2870 2947 3081 3001 nolebat
3107 2963 3166 3002 se
3188 2948 3414 3017 judicari
3439 2949 3508 3004 ab
3535 2949 3616 3022 (ά)
3646 2949 3835 3006 infideli

2263 3039 2610 3094 conscientia.
2638 3039 2703 3093 Et
2730 3053 2849 3094 cum
2872 3047 3052 3108 posset
3081 3037 3147 3092 de
3170 3037 3462 3106 Evangelio
3489 3041 3702 3108 vivere,
3729 3040 3836 3094 dies

2265 3131 2364 3186 bus
2391 3146 2454 3184 ac
2483 3130 2732 3184 noctibus
2775 3129 3051 3183 laborabat
3097 3130 3340 3183 manibus
3376 3132 3525 3196 suis,
3575 3148 3647 3188 ne
3687 3146 3836 3202 quem

2263 3229 2506 3288 gravaret
2529 3218 2880 3273 credentium.
2916 3217 2978 3272 Si
3001 3217 3333 3277 scandalizat.
3367 3219 3559 3288 inquit,
3589 3238 3708 3276 esca
3737 3221 3837 3291 fra-

2266 3317 2390 3360 trem
2411 3348 2424 3368 ,
2465 3307 2518 3359 in
2544 3317 2787 3360 azternum
2816 3321 3017 3359 carnem
3037 3322 3138 3358 non
3165 3307 3482 3360 manducabo
3513 3309 3595 3376 (1.
3630 3310 3754 3366 Cor.
3783 3311 3832 3364 ε.

2267 3396 2374 3468 13).
2406 3397 2652 3451 Dicamus
2671 3404 2724 3450 et
2753 3408 2848 3448 nos
2873 3410 2886 3446 :
2917 3393 2971 3450 Si
2997 3394 3321 3448 scandalizat
3343 3409 3519 3462 soror,
3546 3402 3637 3454 vel
3661 3399 3836 3464 frater,

2265 3503 2370 3542 non
2396 3501 2578 3550 unum,
2605 3494 2660 3540 et
2678 3485 2926 3548 alterum,
2957 3484 3050 3538 sed
3078 3494 3241 3540 totam
3270 3485 3601 3555 Ecclesiam;
3633 3505 3736 3546 nec
3762 3505 3838 3544 so-

2265 3593 2440 3634 rorem
2461 3577 2672 3643 videbo,
2697 3591 2794 3631 nec
2813 3575 3055 3630 fratrem.
3077 3575 3262 3631 Melius
3281 3588 3361 3631 est
3383 3592 3498 3632 rem
3521 3577 3837 3637 familiarem

2267 3670 2455 3734 minui,
2486 3684 2643 3738 quam
2670 3667 2895 3722 salutem
2923 3669 3114 3722 anima:
3144 3669 3338 3736 perire.
3368 3668 3557 3725 Melius
3585 3681 3672 3727 est
3691 3674 3838 3727 aruit-

2268 3771 2410 3827 tere,
2441 3759 2580 3830 quod
2620 3757 2874 3822 velimus,
2918 3757 3180 3822 nolimus,
3221 3759 3507 3828 aliquando
3544 3763 3834 3830 periturum

2267 3860 2368 3906 est.
2402 3850 2587 3904 Melius
2621 3855 2703 3902 est
2731 3856 2921 3916 sponte
2947 3845 3252 3912 dimittere;
3292 3863 3449 3917 quant
3483 3849 3532 3903 id
3561 3852 3833 3916 amittere,

2270 3955 2365 4009 pro
2393 3954 2498 4008 quo
2533 3938 2711 3991 omnia
2737 3937 3050 3992 dimittenda
3080 3946 3226 3991 sunt.
3267 3937 3397 4005 Quis
3428 3948 3670 3995 nostrum
3690 3983 3704 4004 ,
3736 3957 3834 3996 non

2266 4030 2438 4083 dicam
2465 4028 2724 4094 cubitum,
2754 4027 2896 4098 quod
2921 4043 3141 4083 enorme
3161 4037 3280 4092 est;
3310 4028 3403 4083 sed
3431 4030 3587 4085 unius
3619 4031 3835 4087 unciolat

2266 4119 2529 4174 decimam
2559 4129 2760 4188 partem
2800 4119 3032 4188 adjicere
3063 4126 3238 4188 potest
3262 4117 3326 4170 ad
3367 4127 3626 4175 staturam
3657 4121 3835 4176 suam?

2268 4221 2321 4264 et
2349 4210 2566 4265 solliciti
2593 4225 2775 4264 sumus
2813 4208 2937 4278 quid
2962 4207 3342 4263 manducemus
3361 4249 3377 4275 ,
3401 4219 3493 4264 aut
3529 4211 3659 4279 quid
3688 4212 3832 4266 biba-

2270 4299 2428 4353 mus?
2465 4298 2540 4352 Ne
2579 4299 2871 4367 cogitemus
2911 4311 3040 4367 ergo
3082 4295 3150 4352 de
3185 4300 3420 4352 crastino
3452 4316 3465 4352 :
3505 4300 3703 4370 Suﬁcit
3741 4301 3832 4353 diei

2269 4390 2464 4443 malitia
2491 4405 2581 4442 sua
2609 4386 2836 4460 (Matth.
2870 4387 2924 4442 6.
2968 4385 3079 4460 54).
3128 4386 3294 4442 Iacob
3339 4387 3556 4443 fratrem
3605 4390 3826 4458 fugiens.

2270 4481 2476 4550 magnis
2506 4481 2557 4532 in
2587 4479 2751 4548 patris
2774 4477 2936 4531 domo
2964 4477 3168 4532 divitiis
3194 4477 3487 4544 derelictis,
3519 4479 3692 4532 nudus
3722 4493 3831 4546 per-

2269 4575 2345 4642 git
2372 4572 2464 4644 [ιιι.
2495 4567 2740 4640 profugit]
2769 4573 2820 4622 in
2849 4567 3314 4637 Mesopotamiam;
3348 4577 3400 4622 ct
3429 4575 3487 4622 ut
3509 4569 3660 4622 nobis
3683 4567 3825 4622 forti-

2271 4665 2467 4718 tudinis
2495 4678 2606 4716 sua:
2629 4661 2891 4732 praiberet
2913 4662 3236 4731 exemplum,
3265 4661 3437 4730 lapide
3457 4661 3618 4730 capiti
3645 4675 3830 4732 suppo-

2271 4758 2407 4821 sito,
2448 4754 2580 4809 vidit
2625 4755 2821 4809 scalam
2861 4753 2926 4808 ad
2967 4752 3164 4808 cmlum
3210 4767 3378 4823 usque
3406 4753 3741 4816 subrectam,
3783 4759 3832 4805 et

2275 4848 2555 4903 Dominum
2588 4849 2900 4902 innitentem
2930 4859 3091 4916 super
3129 4859 3248 4901 eam
3279 4861 3294 4900 :
3327 4859 3422 4914 per
3463 4859 3624 4914 quam
3650 4857 3830 4898 ascen-

2271 4937 2470 4994 debant
2498 4938 2685 5009 Angeli
2713 4946 2770 4992 et
2805 4934 3203 4993 descendebant
3231 4933 3383 5006 (Gen.
3409 4932 3502 4990 28.
3536 4932 3627 5005 5);
3661 4943 3716 4988 tit
3741 4945 3831 4986 nec

2275 5041 2521 5099 peccator
2563 5028 2810 5099 desperet
2860 5025 3120 5090 salutem,
3166 5037 3265 5078 nec
3312 5023 3483 5093 justus
3523 5023 3578 5078 in
3607 5037 3701 5076 sua
3737 5021 3833 5076 vir-

2273 5203 2457 5266 Iiabere
2478 5215 2573 5253 non
2606 5206 2840 5266 poterant.
2880 5199 3141 5266 Caeterum,
3175 5197 3304 5266 quod
3341 5195 3546 5266 G_ravius
3581 5201 3753 5266 notat,”
3774 5203 3829 5242 ex

2272 5264 2574 5316 'l‘ertulliano
2608 5256 2675 5312 'de
2718 5261 3050 5312 Exhortation.
3099 5256 3330 5309 castitatis
3371 5256 3502 5306 locus
3542 5257 3831 5316 CXU‘illliilﬂ‘.

2281 5346 2303 5374 ι
2334 5327 2534 5375 Scilicet
2571 5323 2687 5373 solis
2721 5325 2998 5372 maritorum
3031 5322 3255 5371 domibus
3289 5322 3416 5368 bene
3441 5327 3556 5368 est:
3598 5319 3832 5379 perierunt

2272 5386 2496 5459 ca'libum
2520 5385 2729 5495 fagiiliaa,
2761 5387 3044 5447 spadonum,
3067 5381 3288 5436 militum.
3312 5389 3396 5431 aut
3428 5378 3832 5443 peregrinantium

2273 5462 2384 5495 sme
2419 5461 2556 5495 uxori
2597 5461 2669 5495 us.
2690 5463 2712 5491 ι

2321 5462 2384 5496 ne
2419 5461 2556 5495 UXOI‘I
2565 5461 2669 5495 DlIS.
2690 5463 2712 5491 ι

2273 5462 2384 5497 Sine
2419 5462 2669 5495 uxoribus.
2690 5463 2712 5491 ι

2341 5509 2406 5579 (tl)
2436 5510 2516 5577 Sic
2539 5507 2720 5579 legisse
2737 5507 2932 5577 videtur
2947 5506 3070 5567 apud
3086 5501 3364 5614 AEosmlum
3391 5503 3434 5550 l.
3453 5500 3670 5572 Corinth.
3689 5496 3740 5546 Χ.
3759 5496 3829 5544 9.9.

2273 5574 2332 5614 ab
2369 5570 2556 5614 "nﬁdeli
2590 5577 2873 5614 conscientia
2897 5583 2983 5614 nro
3005 5571 3062 5614 ab
3094 5581 3122 5614 α
3161 5579 3281 5614 etut:
3313 5579 3419 5612 nam
3455 5572 3507 5611 et
3541 5562 3719 5614 ahqucl
3754 5557 3829 5605 L’I‘

2271 5557 2556 5634 ab‘ir'tﬁdeli
2589 5557 2873 5634 conscientia
2897 5557 2990 5634 pro.
3005 5571 3062 5617 ab
3094 5557 3281 5623 alicam;
3313 5579 3419 5634 nam
3455 5572 3507 5634 et
3541 5562 3719 5634 aliquot
3746 5557 3834 5634 7L3-

2275 5617 2362 5682 tibi
2372 5617 2715 5695 codicesejus
2736 5617 2973 5695 lectionis
2983 5643 3056 5692 sin
3068 5637 3259 5695 _ers_uut.
3269 5617 3334 5674 'et
3356 5626 3535 5695 Auctor
3557 5617 3834 5695 de'siugula;

2274 5677 3160 5755 vittt,t:_ii“Cypriani
3203 5677 3368 5748 opera,
3407 5692 3459 5734 et
3495 5677 3751 5755 Ifritnasiu',
3781 5677 3833 5755 ad

2276 5769 2389 5804 eum
2413 5756 2603 5804 modum
2636 5756 2834 5803 habent.
2863 5751 3060 5804 Graecus
3081 5762 3274 5812 quoque
3307 5756 3444 5806 mosi
3480 5751 3532 5796 εἴ
3553 5755 3738 5806 Mem
3757 5752 3835 5804 Ρτο

2277 5817 2460 5868 infideli
2483 5817 2659 5866 alicubi
2685 5817 2935 5878 accipitur.
