4088 6336
311 411 447 470 M81

310 533 422 582 tute
449 537 668 580 securus
690 523 778 578 sit.
811 523 983 593 Atque
1002 561 1016 586 ,
1045 530 1103 576 ut
1126 521 1292 577 multa
1328 530 1640 592 prasteream
1668 522 1876 595 (neque

307 615 448 670 etum
473 623 681 682 tempus
702 623 787 670 est
803 655 819 678 ,
847 623 905 668 ut
926 613 1186 680 assumpti
1215 613 1506 668 testimonii
1534 613 1713 669 omnia
1736 613 1879 669 edis-

304 709 502 774 seram)
573 705 734 776 913
806 713 928 774 post
951 717 1124 762 annos
1150 705 1332 774 viginti
1354 703 1505 759 dives
1524 704 1792 768 dominus,
1819 713 1877 759 et

306 803 454 866 pater
481 793 573 868 [ιιι.
605 791 767 866 patre]
796 794 975 856 ditior,
1019 793 1109 862 qui
1137 793 1336 847 dudum
1362 793 1652 849 Jordanem
1696 794 1748 847 in
1779 794 1876 848 ba-

303 884 422 940 culo
449 885 749 949 transierat,
775 899 896 938 cum
923 885 1092 938 tribus
1118 885 1306 938 turmis
1327 900 1547 953 gregum
1575 885 1629 939 in
1651 885 1872 954 patriam

304 976 606 1030 revertitur.
637 974 879 1041 Apostoli
925 984 1035 1030 toto
1078 975 1208 1029 orbe
1251 975 1543 1044 peregrini,
1575 989 1681 1028 non
1719 989 1794 1030 ωε
1820 974 1873 1029 in

303 1083 468 1132 zona,
514 1081 621 1120 non
666 1065 864 1135 virgam
897 1066 948 1120 in
979 1082 1138 1120 tnanu
1159 1107 1174 1131 ,
1204 1081 1308 1120 non
1335 1065 1530 1135 caligas
1559 1065 1791 1119 habuere
1821 1065 1872 1118 in

305 1157 545 1224 pedibus,
569 1165 622 1209 ct
649 1167 825 1210 tamen
856 1156 1034 1211 dicere
1063 1165 1346 1226 poterant:
1379 1154 1428 1208 Ν
1436 1155 1530 1209 ihit
1551 1155 1806 1218 habentes,
1827 1164 1874 1208 et

299 1247 471 1302 omnia
501 1248 811 1317 possidentes
837 1248 915 1317 (2.
944 1246 1064 1303 Car.
1095 1248 1147 1302 6.
1179 1247 1288 1318 10).
1321 1247 1420 1314 Et,
1453 1263 1640 1302 aurum
1676 1257 1734 1302 et
1781 1263 1874 1301 ar-

299 1346 517 1407 gentum
549 1353 654 1391 non
677 1346 758 1392 est
788 1338 961 1402 nobis,
985 1337 1124 1407 quod
1150 1349 1326 1392 autem
1352 1339 1627 1402 habemus,
1653 1337 1753 1392 hoc
1781 1337 1872 1390 tibi

300 1428 528 1484 damus:
559 1429 613 1482 in
649 1429 849 1483 nomine
884 1427 1011 1483 Iesu
1052 1429 1238 1484 Christi
1277 1428 1568 1494 Nazareni,
1607 1444 1789 1499 surge,
1826 1438 1872 1481 et

298 1520 498 1574 ainhula
528 1521 662 1590 (Act.
689 1521 742 1576 3.
767 1520 846 1590 6).
869 1520 986 1575 Non
1006 1522 1149 1576 enim
1169 1531 1322 1576 erant
1342 1521 1643 1576 divitiarum
1665 1520 1873 1575 sarcina

300 1611 630 1679 praegravati.
663 1611 728 1665 Et
755 1611 876 1667 ideo
902 1620 1107 1666 stantes
1129 1611 1207 1683 (l)
1235 1627 1357 1667 cum
1384 1611 1499 1666 Elia
1530 1613 1582 1666 in
1612 1611 1873 1668 foramine

297 1709 484 1770 petrae,
513 1714 610 1768 per
632 1702 907 1770 angustias
927 1716 1055 1755 acus
1079 1702 1309 1756 transire
1326 1709 1594 1772 poterant,
1621 1710 1674 1756 et
1693 1712 1875 1772 poste-

301 1792 439 1846 riora
470 1791 677 1846 Domini
707 1794 1056 1862 contemplari
1089 1794 1168 1863 (5.
1199 1793 1328 1864 Reg.
1358 1791 1468 1865 l9).
1500 1793 1608 1848 Nos
1633 1809 1760 1849 vero
1783 1808 1873 1848 ar-

304 1882 490 1936 demus
513 1883 757 1950 avaritia,
787 1894 842 1939 et
867 1895 1050 1939 contra
1075 1886 1327 1954 pecunias
1355 1886 1710 1955 disputantes,
1741 1899 1874 1938 auro

301 1973 474 2027 sinum
500 1974 888 2043 expandimus;
918 1975 1152 2045 nihilque
1174 1975 1328 2030 nobis
1353 1977 1482 2029 satis
1506 1985 1605 2030 est.
1633 1975 1700 2028 Et
1723 1974 1870 2038 illud,

298 2063 438 2132 quod
467 2062 536 2118 de
575 2063 976 2135 Megarensibus
1003 2066 1217 2130 dicitur,
1241 2065 1364 2135 jure
1391 2067 1601 2120 miseris
1637 2066 1872 2134 coaptari

293 2163 476 2224 potest
499 2173 512 2210 :
545 2155 833 2212 Edillcant
853 2158 1004 2226 quasi
1025 2173 1238 2227 semper
1258 2158 1448 2212 victuri
1475 2174 1489 2210 :
1519 2157 1702 2211 vivunt
1720 2158 1873 2228 quasi

297 2247 466 2302 altera
508 2247 597 2302 die
625 2247 891 2302 morituri.
924 2247 992 2301 Et
1038 2247 1153 2302 haec
1194 2246 1421 2302 facimus
1444 2288 1461 2315 ,
1500 2249 1624 2318 quia
1667 2249 1872 2302 Domini

298 2336 481 2392 verbis
520 2351 628 2390 non
657 2337 956 2402 credimus;
1004 2345 1060 2392 et
1103 2338 1228 2407 quia
1275 2346 1406 2392 mtas
1449 2347 1628 2408 Optata
1670 2338 1875 2394 cunctis

299 2440 408 2480 non
437 2427 685 2481 viciniam
721 2428 942 2492 mortis,
988 2443 1107 2498 qua:
1146 2427 1370 2484 debetur
1409 2429 1722 2486 mortalibus
1760 2430 1876 2500 lege

299 2525 541 2580 natura;
570 2515 665 2570 sed
692 2529 842 2570 cassa
869 2531 966 2586 spe
985 2557 1000 2582 ,
1031 2531 1292 2572 annorum
1325 2519 1478 2574 nobis
1517 2520 1688 2588 spatia
1721 2520 1874 2590 polli-

299 2613 473 2662 cetur.
512 2605 683 2662 Nemo
711 2609 852 2662 enim
881 2616 986 2662 tam
1016 2609 1197 2665 fractis
1234 2610 1466 2676 viribus,
1498 2619 1552 2664 et
1578 2612 1655 2665 sic
1692 2610 1876 2666 decre-

303 2698 426 2766 pita:
455 2699 746 2755 senectutis
769 2707 874 2766 est,
906 2709 964 2754 ut
991 2716 1098 2756 non
1127 2711 1274 2771 putet
1299 2717 1359 2758 se
1385 2718 1546 2756 unum
1574 2702 1749 2759 adhuc
1773 2718 1870 2758 an-

300 2805 428 2844 num
450 2804 570 2846 esse
591 2793 873 2847 victurum.
898 2792 1051 2848 Unde
1076 2794 1319 2866 subrepit
1339 2795 1537 2850 oblivio
1556 2796 1875 2851 conditionis

298 2893 430 2945 suae,
461 2889 521 2936 ut
550 2890 817 2938 terrenum
843 2885 1061 2950 animal,
1092 2895 1145 2940 et
1163 2885 1274 2956 jam
1297 2886 1514 2957 jamque
1532 2887 1871 2954 solvendum,

299 2972 535 3042 erigatur
563 2973 616 3028 in
645 2976 970 3045 superbiam,
1003 2984 1058 3031 et
1081 2978 1262 3032 animo
1287 2979 1482 3034 ccelum
1515 2988 1711 3036 teneat.

371 3065 462 3122 i6.
489 3065 690 3122 Verum
717 3068 844 3137 quid
869 3069 1004 3138 ago?
1031 3067 1221 3124 Fracta
1246 3071 1364 3126 navi
1391 3070 1460 3126 de
1484 3057 1752 3127 mercibus
1774 3071 1878 3128 dis-

299 3165 451 3227 puto.
495 3157 595 3224 Qui
643 3157 889 3225 tenebat,
937 3158 1006 3214 de
1032 3160 1210 3215 medio
1253 3160 1341 3228 lit,
1390 3171 1444 3216 et
1471 3177 1576 3216 non
1623 3162 1875 3233 intelligi-

299 3261 422 3303 mus
449 3245 528 3319 (a)
555 3248 943 3304 Antichristum
962 3249 1414 3320 appropinquare,
1436 3266 1598 3322 quem
1620 3251 1875 3306 Dominus

299 3337 456 3392 .lesus
481 3338 723 3396 Christus
749 3341 1034 3396 interliciet
1059 3341 1249 3412 spiritu
1277 3341 1389 3398 oris
1416 3343 1498 3398 sui
1529 3343 1606 3412 (2.
1639 3343 1788 3398 Thes.
1814 3343 1871 3400 2.

299 3430 380 3499 8).
415 3430 503 3486 Var
521 3433 911 3502 pregnantibus,
940 3443 990 3488 et
1019 3434 1352 3489 nutrientibus
1379 3435 1433 3488 in
1459 3435 1552 3489 illa
1573 3437 1656 3490 die
1681 3435 1871 3508 (Marc.

302 3524 393 3580 i3.
426 3523 514 3589 i7;
542 3536 588 3577 et
618 3523 741 3578 Luc.
770 3525 900 3595 2i);
928 3541 1152 3595 quorum
1195 3537 1477 3598 utrumque
1506 3526 1574 3582 de
1613 3527 1876 3583 fructibus

304 3616 602 3686 nuptiarum
641 3625 741 3668 est.
785 3614 1133 3671 Praesentium
1177 3617 1514 3672 miseriarum
1558 3624 1722 3687 pauca
1752 3634 1874 3688 per-

301 3720 538 3762 curram.
565 3705 720 3772 Quod
747 3705 852 3759 rari
893 3706 1170 3775 hucusque
1197 3707 1527 3773 residemus,
1558 3722 1662 3760 non
1704 3709 1875 3784 nostri

303 3795 512 3862 meriti,
545 3795 639 3850 sed
669 3795 874 3851 Domini
903 3794 1284 3850 misericordia:
1312 3804 1416 3850 est.
1458 3797 1878 3854 Innumerabiles

303 3896 359 3942 et
412 3885 760 3942 ferocissima:
803 3886 1046 3941 nationes
1101 3886 1380 3941 universas
1413 3886 1612 3942 Gallias
1652 3901 1881 3958 occupa-

303 3987 450 4033 runt.
485 3975 753 4046 Quidquid
800 3975 939 4030 inter
967 3976 1128 4046 Alpes
1155 3985 1213 4031 et
1254 3977 1568 4048 Pyrenaeum
1596 3987 1708 4042 est,
1737 3981 1878 4048 quod

303 4071 519 4126 Oceano
538 4079 584 4124 et
610 4068 801 4124 Rheno
822 4068 1133 4135 includitur,
1155 4068 1394 4136 Quadus,
1414 4069 1727 4134 Wandalus,
1757 4070 1880 4126 Sar-

305 4170 446 4217 mata
467 4203 481 4226 ,
513 4161 737 4228 Halani,
771 4161 852 4230 (b)
897 4159 1163 4230 Gipedes,
1195 4160 1413 4226 Heruli,
1443 4159 1714 4229 Saxones,
1747 4162 1882 4218 Bur-

304 4255 636 4324 gundiones,
665 4253 939 4321 Alemani,
972 4262 1065 4320 et,
1139 4253 1304 4327 915
1374 4270 1406 4311 ο
1437 4255 1661 4326 lugenda
1690 4271 1879 4326 respu-

309 4346 477 4401 blica!
511 4343 694 4401 hostes
719 4344 980 4399 Pannonii
1013 4355 1310 4401 vastarunt.
1341 4345 1541 4401 Etenim
1571 4347 1727 4401 Assur
1751 4349 1881 4402 venit

305 4456 420 4492 cum
448 4439 554 4493 iliis
589 4438 759 4508 (Psal.
789 4439 878 4494 82.
907 4437 983 4510 9).
1021 4438 1412 4510 Mogontiacum
1457 4437 1552 4513 [aL
1583 4438 1880 4510 Mnguntia-

305 4530 461 4603 cum],
492 4532 684 4586 nobilis
710 4532 978 4602 quondam
1007 4531 1218 4597 civitas,
1250 4542 1405 4603 capta
1434 4542 1594 4601 atque
1622 4532 1881 4588 subversa

307 4631 425 4687 est,
453 4630 508 4676 et
533 4622 585 4675 in
616 4621 858 4676 Ecclesia
891 4622 1055 4676 nmlta
1100 4623 1375 4677 hominum
1405 4623 1570 4677 millia
1601 4623 1878 4678 trucidata.

375 4790 441 4860 (et)
474 4793 554 4860 Et;
587 4793 834 4857 Apostolo.
850 4793 1014 4860 A2..a_d
1037 4793 1322 4860 Thessalon.
1340 4796 1389 4843 2.
1413 4795 1463 4845 7.
1488 4796 1664 4860 quibus
1681 4795 1883 4860 Romani

309 4855 503 4921 imperii
527 4855 810 4921 fluctuante
833 4855 1132 4921 Antidristi
1157 4856 1418 4904 adventum
1462 4855 1716 4921 significat.
1741 4858 1883 4921 Sole-

308 4916 436 4970 mnis
452 4931 596 4982 porro
611 4917 776 4966 isthaac
797 4924 1020 4982 veterum
1031 4916 1324 4982 scriptorum
1337 4916 1570 4982 querela,
1591 4918 1638 4964 in
1661 4919 1885 4982 gravissi-

307 4984 400 5032 mis
419 4975 616 5030 suorum
641 4975 1297 5040 temporumrcalamitatibus,
1322 4975 1685 5026 Antichristum'
1701 4979 1884 5028 adven-

309 5052 415 5109 tare
452 5049 506 5091 ut
527 5039 820 5109 crederent._
846 5039 1058 5109 Hilarius
1077 5048 1245 5109 contra
1265 5040 1562 5109 Auxentium
1588 5051 1721 5108 num.
1748 5041 1795 5089 5.
1819 5042 1885 5090 ob

309 5100 904 5172 Arianorumjviolentias,
924 5108 1140 5172 ‘p'ecesse
1162 5107 1272 5172 _es_t,
1290 5101 1490 5172 inquit,
1521 5100 1572 5172 in
1609 5100 1771 5172 ipsum
1800 5114 1884 5172 nos

308 5172 497 5216 (etatem
517 5162 791 5214 Antichristi
804 5162 1044 5213 incidisse.
1064 5163 1203 5212 Paria
1225 5163 1407 5214 habent
1423 5161 1636 5224 Basilius
1657 5163 1854 5224 epist.7l
1867 5201 1880 5214 .

309 5235 361 5275 et
380 5226 666 5288 Ambrosius
687 5224 771 5288 lib.
796 5223 856 5288 Χἐ
880 5225 929 5288 i_n
945 5224 1119 5288 Lucam
1144 5239 1248 5288 cap.
1277 5223 1646 5288 l._el_0ratione
1661 5223 1725 5273 de
1748 5226 1881 5275 obitu

307 5288 470 5336 fratris
505 5288 578 5336 sui
610 5287 786 5349 Satyri.
810 5283 1060 5349 _Sulpitius
1094 5283 1268 5337 Sever.
1308 5286 1500 5349 Dialog.
1528 5286 1575 5335 2.
1602 5286 1880 5345 Cbrysosto-

309 5361 417 5412 mus
437 5349 601 5412 homil.
626 5347 711 5397 33.
731 5348 782 5396 in
804 5347 1002 5412 ionam,
1031 5356 1084 5412 et
1103 5349 1349 5412 praecipue
1373 5347 1644 5412 Gregorius
1678 5349 1882 5412 Magnus

310 5409 531 5472 pluribus
551 5410 687 5468 locis,
713 5417 768 5459 ut
787 5409 908 5472 alios
928 5409 1206 5472 sequiornm
1229 5409 1500 5471 temporum
1524 5409 1815 5462 omittamus.

393 5470 440 5530 οι
477 5471 534 5521 In
557 5473 762 5530 quodam
783 5471 1104 5521 Vormatiensi
1128 5470 1364 5522 Chronico
1384 5472 1653 5530 Gesipedes.

397 5531 629 5607 l)__Facile
645 5533 743 5607 sibi
751 5531 1021 5607 persuadet
1038 5531 1241 5607 Gravius
1259 5533 1510 5607 remisisse
1532 5532 1879 5607 Hieronymum

306 5593 677 5664 tantumne;
701 5593 807 5643 aliis
818 5593 1116 5664 Hieronymi.
1126 5593 1246 5664 locis
1262 5629 1276 5652 ,
1299 5595 1424 5664 utin
1449 5593 1778 5646 Eeclesiasfc.
1803 5596 1876 5664 l2.

308 5655 358 5722 ξε
387 5655 542 5722 μοειέί
564 5657 744 5722 dicitur
767 5669 785 5706 :
813 5665 990 5705 Portam
1012 5655 1069 5704 te
1095 5655 1147 5705 in
1167 5655 1401 5722 foramine
1424 5664 1576 5722 petra:
1593 5697 1605 5715 ,
1633 5667 1729 5708 etc.
1757 5660 1878 5708 etin

308 5715 555 5769 Isaiae.'ca
596 5757 608 5768 .
648 5720 698 5768 2.
737 5726 920 5782 uoyses
961 5729 1146 5780 quoque
1190 5716 1242 5767 in
1277 5715 1511 5780 foramine
1551 5726 1703 5782 parte
1779 5725 1879 5771 oni-

305 5784 405 5830 tur.
429 5787 524 5830 etc.
550 5734 718 5830 Helias
753 5790 920 5830 autem
943 5779 1082 5829 stetit
1124 5779 1174 5828 in
1205 5781 1332 5830 ostio
1375 5779 1639 5830 speluncae.
1677 5781 1726 5829 3.
1745 5733 1875 5830 gica.

329 5791 405 5846 ur.
429 5791 524 5832 etc.
551 5791 718 5834 Helias
753 5791 920 5831 autem
943 5791 1082 5829 stetit
1124 5791 1174 5828 tn
1205 5791 1332 5830 ostio
1375 5791 1639 5842 speluncae,
1677 5791 1726 5829 3.
1751 5791 1875 5846 tteg.

308 5784 524 5892 gnate.
550 5779 718 5834 Helias
753 5779 920 5831 autem
943 5779 1082 5829 stetit
1124 5779 1174 5828 in
1205 5779 1332 5830 ostio
1375 5779 1639 5842 speluncae,
1677 5781 1726 5829 3.

367 5875 386 5900 .
412 5875 512 5892 vw-

1582 405 1913 469 EPISTOLA
1951 409 2188 469 CXXIII.

3407 432 3542 488 1058

1984 525 2289 597 Vangiones
2332 525 2486 597 longa
2527 527 2806 588 obsidione
2850 532 3034 591 deleti.
3080 535 3369 596 Remorum
3418 547 3547 602 urbs

1981 628 2307 689 praepotens,
2332 620 2602 689 Ambiani,
2628 624 2941 690 Attrebatie,
2977 628 3053 702 (c)
3085 635 3415 706 extremique
3446 637 3545 692 ho-

1977 711 2178 766 minum
2205 711 2424 775 Morini,
2468 713 2739 770 Tornacus
2759 758 2775 781 ,
2817 719 3051 778 Nemetas
3070 764 3086 789 ,
3121 725 3506 796 Argentoratus
3527 769 3542 792 ,

1980 803 2248 858 translatze
2275 804 2326 859 in
2354 803 2716 862 Germaniam.
2751 813 3047 880 Aquitania:
3070 854 3088 881 ,
3116 816 3422 888 Novemque
3453 836 3547 888 po-

1978 895 2221 964 pulorum
2244 937 2258 960 ,
2290 896 2664 966 Lugdunensis
2683 941 2711 966 ν
2731 910 2786 956 et
2824 902 3182 962 Narbonensis
3233 913 3544 979 provinciae,

1980 997 2174 1056 praeter
2203 1005 2398 1057 paucas
2425 993 2584 1047 urbes
2617 994 2862 1062 populata
2904 1007 3028 1049 sunt
3068 1010 3278 1053 cuncta.
3309 1000 3451 1069 Quas
3492 1012 3544 1056 rt

1977 1077 2124 1146 ipsas
2167 1081 2296 1134 foris
2321 1080 2564 1150 gladius,
2601 1083 2742 1137 intus
2764 1095 2937 1139 vastat
2963 1083 3152 1141 fames.
3183 1089 3297 1144 Non
3329 1106 3543 1160 possunt

1975 1169 2179 1239 absque
2207 1171 2456 1243 lacrymis
2483 1173 2694 1228 Tolosa:
2734 1172 2912 1230 facere
2940 1178 3265 1231 mentionem
3285 1217 3303 1244 ,
3345 1197 3464 1249 qua:
3491 1190 3548 1235 ut

1976 1258 2250 1328 hucusque
2279 1277 2384 1314 non
2415 1273 2632 1328 rueret,
2653 1265 2823 1318 sancti
2864 1264 3113 1334 Episcopi
3145 1265 3397 1336 Exuperii
3430 1284 3542 1323 me-

1975 1350 2076 1404 rita
2107 1352 2488 1419 praestiterunt.
2533 1352 2664 1422 Ipsa:
2712 1355 2980 1424 llispanim
3004 1355 3114 1425 jam
3147 1359 3366 1426 jamque
3405 1361 3548 1428 peri-

1978 1447 2144 1506 turae,
2173 1440 2413 1509 quotidie
2438 1444 2864 1500 contremiscunt
2885 1486 2900 1508 ,
2932 1448 3280 1504 recordantes
3305 1449 3384 1520 (Δ)
3415 1452 3552 1504 irru-

1977 1531 2174 1600 ptionis
2200 1531 2516 1599 Cimbricae,
2549 1544 2602 1589 et
2633 1535 2889 1605 quidquid
2919 1537 3010 1591 alii
3031 1539 3195 1594 semel
3221 1541 3362 1610 passi
3387 1549 3511 1596 sunt
3532 1582 3548 1605 ,

1976 1623 2084 1677 illa:
2111 1638 2324 1692 semper
2348 1624 2538 1679 timore
2566 1627 2857 1693 patiuntur.

2049 1715 2134 1767 Π.
2165 1713 2372 1770 Caetera
2405 1723 2578 1780 taceo,
2610 1731 2676 1770 ne
2703 1717 2884 1771 videar
2910 1718 2978 1774 de
3005 1718 3098 1775 Dei
3125 1719 3412 1791 desperare
3437 1723 3548 1779 cle-

1974 1805 2194 1858 mentia.
2227 1804 2366 1859 Olim
2395 1820 2428 1859 a
2459 1807 2593 1860 mari
2624 1806 2843 1862 Pontico
2873 1825 3038 1880 usque
3063 1810 3131 1864 ad
3159 1811 3321 1882 Alpes
3347 1812 3544 1881 Julias,

1975 1909 2081 1948 non
2110 1903 2265 1948 erant
2286 1906 2488 1962 nostra,
2523 1913 2640 1966 qua:
2671 1907 2853 1952 nostra
2877 1908 3020 1953 sunt.
3049 1901 3117 1954 Et
3141 1916 3236 1971 per
3260 1917 3430 1958 annos
3453 1904 3548 1959 tri-

1973 1985 2120 2054 ginta
2147 1985 2319 2042 fracto
2341 1987 2564 2042 Danubii
2590 1989 2780 2055 limite,
2805 1991 2856 2045 in
2878 1991 3068 2046 mediis
3089 1992 3318 2048 Romani
3341 1995 3550 2067 imperii

1976 2077 2284 2146 regionibus
2312 2079 2664 2148 pugnabatur.
2693 2084 2964 2136 Aruerunt
2991 2092 3252 2138 vetustate
3279 2084 3548 2157 lacrymze.

1975 2168 2178 2224 Practer
2205 2186 2400 2238 paucos
2439 2187 2595 2226 senes
2615 2211 2633 2238 ,
2672 2188 2861 2229 omnes
2901 2175 2952 2228 in
2982 2175 3289 2244 captivitate
3313 2187 3368 2233 et
3400 2179 3549 2234 obsi-

1975 2260 2136 2315 dione
2169 2262 2441 2330 generati,
2473 2279 2578 2317 non
2608 2263 3025 2333 desiderabant,
3056 2284 3217 2338 quam
3247 2284 3352 2324 non
3382 2287 3549 2328 nove-

1974 2361 2096 2404 rant
2116 2351 2438 2407 libertatem.
2463 2353 2596 2421 Quis
2616 2354 2718 2410 hoc
2739 2356 2958 2412 credet?
2978 2374 3097 2427 quae
3119 2359 3280 2429 digno
3301 2375 3551 2417 sermone

1977 2439 2211 2495 historia:
2231 2443 2723 2512 comprehendent?
2749 2445 2975 2500 Romam
3000 2448 3054 2502 in
3073 2450 3280 2518 gremio
3300 2464 3419 2516 suo,
3441 2465 3547 2506 non

1976 2546 2073 2601 pro
2098 2532 2264 2603 gloria
2286 2575 2301 2598 ,
2335 2534 2428 2589 sed
2457 2550 2554 2605 pro
2581 2537 2755 2593 salute
2781 2540 3056 2608 pugnare?
3087 2541 3195 2594 imo
3221 2557 3288 2594 ne
3316 2557 3550 2613 pugnare

1974 2622 2188 2694 quidem
2208 2665 2224 2689 ,
2256 2625 2350 2680 sed
2390 2641 2522 2680 auro
2551 2635 2609 2683 et
2634 2639 2825 2683 cuncta
2855 2630 3188 2698 supellectile
3215 2632 3375 2686 vitam
3405 2633 3549 2687 redi-

1975 2715 2162 2770 mere?
2203 2716 2355 2784 Quod
2396 2733 2502 2773 non
2532 2720 2661 2774 vitio
2697 2719 3004 2791 Principum
3041 2722 3141 2793 (Ξ),
3178 2724 3268 2794 qui
3299 2724 3381 2778 vel
3424 2725 3554 2780 reli-

1974 2806 2264 2876 giosissimi
2291 2817 2418 2862 sunt
2435 2849 2451 2872 ,
2485 2809 2578 2864 sed
2605 2811 2808 2866 scelere
2833 2813 3180 2868 semibarbari
3208 2814 3400 2869 accidit
3428 2831 3550 2885 pro-

1975 2896 2166 2954 ditoris
2210 2899 2312 2972 (3),
2356 2901 2446 2970 qui
2491 2903 2692 2958 nosnis
2729 2912 2916 2958 contra
2963 2919 3062 2958 nos
3091 2905 3282 2975 opibus
3321 2907 3551 2962 armavit

1977 2989 2242 3047 inimicos.
2273 2991 2505 3050 Eterno
2546 2995 2814 3065 quondam
2844 2995 3110 3054 dedecore
3142 2997 3441 3056 Romanum
3468 3000 3550 3058 la-

1976 3081 2200 3139 borabat
2227 3084 2508 3154 itnperinm
2531 3125 2548 3152 ,
2577 3086 2720 3157 quod
2759 3087 2930 3142 Gallis
2963 3097 3151 3144 cuncta
3179 3090 3506 3146 vastantibus
3530 3131 3546 3153 ,

1975 3172 2202 3246 fusoque
2238 3175 2381 3246 apud
2407 3177 2601 3234 Alliam
2629 3179 2870 3234 exercitu
2893 3221 2907 3246 ,
2947 3179 3170 3235 Romam
3199 3181 3444 3236 Brennus
3469 3181 3545 3237 in-

1977 3266 2156 3320 travit.
2188 3265 2299 3322 Nec
2331 3267 2610 3333 pristinam
2654 3278 2865 3338 poterat
2903 3271 3122 3328 abolere
3163 3272 3506 3344 ignominiam
3529 3313 3548 3340 ,

1974 3357 2146 3414 donec
2175 3366 2232 3413 et
2257 3358 2478 3423 Gallias,
2509 3360 2741 3430 genitale
2763 3359 3037 3416 Gallorum
3064 3363 3258 3429 solum,
3292 3371 3348 3419 et
3375 3362 3552 3420 Gallo-

1973 3452 2222 3523 graeciam
2242 3493 2257 3519 ,
2288 3453 2340 3508 in
2367 3468 2471 3525 qua
2501 3454 2857 3511 consederant
2881 3453 3118 3511 Orientis
3138 3455 3552 3528 Occidentisque

1975 3544 2244 3607 victores,
2289 3558 2390 3599 suo
2441 3545 2666 3615 imperio
2713 3545 3074 3615 subjugasset.
3129 3545 3429 3612 Hannibal,
3484 3547 3553 3601 de

1977 3632 2250 3702 Hispaniae
2303 3634 2517 3708 finibus
2550 3644 2666 3689 orta
2723 3643 3054 3705 tempesuts,
3109 3650 3230 3689 cum
3293 3645 3553 3690 vastasSet

1980 3724 2141 3794 915
2216 3724 2455 3791 Italiam,
2499 3715 2628 3780 vidit
2682 3726 2869 3780 urbem
2892 3768 2906 3791 ,
2943 3742 3041 3783 nec
3078 3743 3241 3782 ausus
3269 3736 3350 3781 est
3405 3729 3551 3782 obsi-

1978 3815 2126 3869 dere.
2177 3814 2436 3885 Pyrrhum
2484 3826 2626 3870 tanta
2674 3817 2844 3871 tenuit
2883 3816 3110 3872 Romani
3150 3818 3380 3872 nominis
3406 3833 3555 3872 reve-

1978 3905 2185 3969 rentia,
2231 3913 2287 3957 ut
2314 3904 2503 3959 deletis
2546 3907 2824 3969 munibus,
2868 3921 2900 3961 e
2945 3908 3244 3977 prOpinquo
3283 3908 3556 3965 recederet

1979 3995 2134 4050 loco:
2168 4011 2265 4051 nec
2311 3995 2539 4051 audebat
2569 3998 2738 4052 victor
2764 3999 3028 4067 aspicere,
3059 4015 3215 4069 quam
3248 4015 3431 4069 regum
3475 4001 3548 4055 di-

1979 4087 2184 4144 dicerat
2227 4089 2518 4144 civitatem.
2566 4091 2630 4146 Et
2669 4101 2844 4146 tamen
2894 4108 2989 4161 pro
3036 4091 3136 4146 hac
3181 4092 3369 4161 injuria
3415 4093 3556 4163 (non

1980 4181 2124 4234 enim
2153 4179 2324 4234 dicam
2352 4178 2621 4253 superbia)
2670 4182 2742 4255 (e)
2785 4198 2906 4254 quae
2936 4183 3105 4237 bonos
3141 4183 3315 4238 exitus
3343 4183 3557 4249 habuit,

1980 4271 2116 4326 alter
2145 4272 2223 4343 (4)
2254 4281 2364 4327 toto
2391 4273 2522 4328 orbe
2551 4271 2809 4344 fugitivus
2828 4317 2844 4337 ,
2878 4273 3091 4328 tandem
3123 4273 3386 4346 Bithynia:
3412 4289 3559 4330 mor-

1983 4373 2088 4418 tem
2117 4381 2320 4419 vcneno
2349 4365 2580 4436 reperit;
2628 4368 2764 4423 alter
2796 4367 2878 4438 (5)
2918 4382 3167 4422 reversus
3208 4367 3262 4420 in
3302 4367 3522 4436 patriam
3545 4408 3558 4430 ,

1983 4457 2034 4510 in
2062 4472 2161 4512 suo
2188 4472 2354 4527 regno
2380 4459 2662 4523 occubuit;
2695 4467 2749 4514 et
2774 4460 3051 4528 utriusque
3075 4458 3361 4528 provincia:
3385 4456 3564 4526 populi
3646 4464 3648 4466 '

1982 4549 2539 4624 Romanivcctigales
2583 4561 2728 4605 sunt.
2773 4549 2930 4605 Nunc
2979 4559 3036 4605 ut
3082 4549 3262 4602 omnia
3311 4561 3570 4618 prospero

1983 4645 2090 4698 line
2114 4645 2395 4708 eveniant,
2424 4654 2618 4714 pra-ter
2643 4654 2824 4697 nostra
2854 4659 2975 4713 qua:
3001 4643 3298 4705 amisimus,
3329 4657 3437 4696 non
3471 4639 3568 4694 ha-

1984 4737 2172 4790 bemus
2213 4736 2354 4805 quod
2395 4738 2549 4790 victis
2595 4735 2843 4790 hostibus
2882 4733 3560 4790 auicramus.‘Potentiam

1986 4827 2240 4880 Romana:
2279 4826 2454 4890 urbis,
2484 4826 2680 4881 ardens
2709 4827 2872 4881 Poeta
2908 4827 3250 4893 describens,
3283 4827 3395 4883 ait:
3427 4827 3566 4896 Quid

1981 4918 2104 4972 satis
2130 4927 2236 4984 est,
2280 4918 2325 4971 si
2354 4917 2518 4972 Roma
2546 4935 2725 4990 parum
2751 4928 2825 4973 est
2854 4918 3074 4992 (Lucan.
3096 4923 3147 4975 in
3191 4919 3251 4976 V.
3295 4921 3557 4996 Pharsal.)

2052 5151 2113 5223 (ε)
2143 5154 2516 5223 Hemistichium
2543 5165 2621 5223 est
2640 5157 2958 5223 Virgilianum
2983 5174 3044 5212 ex
3069 5151 3257 5214 ﬁneid.
3283 5161 3367 5213 IX.
3393 5171 3559 5216 Extre-

1981 5217 2141 5278 mique
2163 5217 2405 5282 hominum
2443 5219 2641 5282 Morini,
2671 5217 2947 5279 Rh'enusque
2971 5224 3191 5275 bicornis.
3216 5225 3341 5275 Tum
3374 5226 3435 5274 ad
3470 5236 3557 5277 .vc-

1981 5284 2122 5350 metm
2145 5279 2455 5350 vocabulum,
2479 5279 2730 5334 recentius
2771 5286 2904 5335 urbis
2937 5299 3117 5336 nomen
3147 5287 3327 5336 addunt
3363 5287 3558 5350 quidam

1980 5340 2120 5392 codd.
2137 5340 2190 5391 id
2209 5349 2277 5393 est
2299 5340 2455 5400 Spira.

2068 5403 2118 5471 ιζ)
2147 5403 2421 5471 _I_.audatum
2441 5404 2742 5471 Vgrmatien.
2780 5406 3003 5471 Chronic.
3025 5407 3306 5471 irruptionis
3333 5411 3524 5470 Africae.

2066 5466 2110 5532 e)
2147 5466 2688 5535 Exingenloﬁravius
2725 5470 2934 5535 negandi
2973 5466 3252 5535 particulam
3287 5466 3552 5535 interserit,

1980 5526 2202 5592 quianon
2226 5526 2367 5580 bones
2388 5530 2563 5592 exitus,
2585 5545 2681 5596 qua
2700 5526 2819 5582 sine
2830 5526 3029 5582 sensum
3053 5531 3213 5582 vitiari
3237 5537 3388 5596 putat.

2045 5657 2118 5774 ξς)
2151 5656 2384 5730 Arcadius
2407 5636 2458 5710 et
2475 5656 2739 5708 Honorius.

2067 5723 2118 5774 ο)
2152 5718 2352 5768 Sttltcon
2371 5719 2601 5770 Vandalis
2618 5731 2739 5774 cogn

2047 5718 2095 5778 (5
2152 5718 2352 5768 Stilicon
2371 5719 2601 5770 Vandalis
2618 5726 2869 5784 cognatus.

2069 5723 2118 5866 if
2149 5779 2404 5829 Hannibal.

2047 5779 2113 5906 ἱῦι
2152 5841 2382 5904 Pyrrhus.

2069 5783 2092 5830 ι

2067 5827 2113 5906 ἐξ
2150 5827 2402 5904 ἧττιῶζ
3400 5917 3403 5921 Ι
3481 5827 3522 5872 θ
