4088 6336
559 372 722 446 loss

583 490 733 556 Quod
777 506 874 546 nos
898 490 1002 545 alio
1031 497 1299 547 mutemus
1324 490 1499 563 elogio
1528 508 1544 548 :
1576 490 1713 557 Quid
1743 490 1940 548 saluum
1965 501 2072 557 est,
2111 492 2155 545 si

584 580 748 634 Roma
778 583 903 652 perit
915 583 942 636 .’

656 693 778 748 Non
806 696 927 748 mihi
951 695 996 748 si
1023 694 1214 766 lingua
1236 705 1435 750 centum
1461 696 1582 762 sint,
1611 713 1798 767 oraque
1821 705 2052 762 centum,

657 783 848 838 Ferrea
877 800 992 848 uox,
1025 802 1196 840 omnes
1224 797 1485 855 captorum
1513 787 1678 840 dicere
1703 802 1875 856 poenas
1893 827 1909 853 ,

659 871 843 926 Omnia
868 889 1113 927 cwsorum
1139 892 1429 945 percurrere
1455 878 1660 929 nomina
1686 877 1893 947 possim.

1431 966 1450 1036 (
1479 965 1680 1021 VIBGIL.
1707 964 1919 1020 Eneid.
1952 965 2046 1035 6).

588 1075 653 1129 Et
683 1074 795 1130 hrcc
826 1075 937 1144 ipsa
960 1088 1079 1145 qua:
1105 1077 1251 1140 dixi,
1287 1078 1580 1146 periculosa
1605 1088 1763 1142 sunt,
1798 1089 1901 1132 tam
1936 1080 2156 1149 loquen-

585 1165 743 1229 tibus,
774 1181 930 1234 quam
957 1166 1318 1232 audientibus,
1350 1178 1407 1220 ut
1435 1183 1503 1222 ne
1531 1170 1759 1238 gemitus
1783 1170 1994 1239 quidem
2023 1171 2158 1225 liber

583 1256 682 1321 sit,
713 1256 1014 1310 nolentibus
1034 1296 1050 1324 ,
1080 1258 1188 1311 imo
1228 1272 1325 1311 nec
1352 1259 1673 1312 audentibus
1702 1260 1856 1314 nobis
1886 1259 2014 1314 ﬂere
2041 1276 2157 1330 qure

583 1349 830 1417 patimur.
2133 1369 2137 1372 ’

659 1440 744 1493 18.
777 1439 1064 1508 Responde
1093 1441 1244 1504 mihi,
1276 1443 1553 1497 carissima
1584 1443 1633 1496 in
1661 1441 1875 1496 Christo
1903 1441 2007 1496 lilia
2027 1484 2042 1507 ,
2073 1442 2155 1496 in-

585 1539 667 1583 ter
695 1531 792 1583 ista
835 1539 1061 1600 nuptura
1101 1531 1199 1585 es?
1237 1547 1394 1602 quem
1424 1543 1704 1603 acceptura
1741 1536 1947 1599 virum,
1991 1533 2156 1588 cedo?

584 1619 899 1689 fugiturum,
928 1635 996 1674 an
1024 1623 1416 1691 pugnaturum?
1447 1622 1578 1689 Quid
1604 1633 1886 1694 utrumque
1907 1634 2159 1694 sequatur

583 1711 856 1781 intelligis.
900 1712 966 1766 Et
1007 1727 1103 1782 pro
1140 1712 1476 1768 Fescennin
1509 1715 1748 1769 carmine
1787 1715 1867 1788 (l)
1910 1715 2158 1771 terribilis

583 1801 676 1854 tibi
705 1815 864 1856 rauco
891 1802 1068 1857 sonitu
1099 1802 1319 1857 buccina
1350 1804 1732 1874 concrepabit:
1765 1815 1824 1859 ut
1843 1821 1973 1874 quas
1995 1805 2158 1861 habes

581 1891 870 1959 pronubas,
904 1891 1100 1947 habeas
1136 1891 1272 1949 forte
1299 1894 1562 1963 lugentes.
1596 1895 1703 1949 Aut
1731 1896 1921 1967 quibus
1953 1897 2160 1953 deliciis

580 1982 788 2044 afﬂuas,
807 1998 928 2052 quae
946 1984 1344 2052 possessionum
1365 1996 1574 2040 tuarum
1595 1986 1833 2041 redditus
1851 1987 2154 2054 perdidisti;

580 2088 699 2142 qua:
725 2073 999 2127 obsessam
1021 2073 1326 2129 familiolam
1354 2084 1518 2143 tuam,
1542 2077 1729 2132 morbo
1751 2087 1804 2132 ct
1824 2077 1963 2133 fame
1985 2080 2159 2134 cernis

581 2165 1002 2220 contabesceret
1039 2165 1145 2221 Sed
1172 2167 1346 2231 absit,
1381 2178 1439 2222 ut
1479 2169 1546 2224 de
1575 2177 1628 2224 te
1660 2170 1780 2224 talia
1810 2173 2033 2226 sentiam
2056 2215 2070 2238 ,
2106 2181 2163 2227 ut

581 2255 856 2310 sinistrum
896 2257 1165 2326 quippiam
1206 2259 1447 2328 suspicer
1474 2258 1541 2313 de
1587 2273 1648 2313 ea
1671 2303 1683 2322 ,
1717 2275 1835 2330 qua:
1865 2275 2014 2315 suam
2059 2262 2163 2317 Do-

583 2347 730 2402 mino
757 2348 991 2402 animam
1029 2351 1382 2406 consecravit.
1411 2349 1526 2405 Non
1555 2358 1663 2405 tam
1692 2351 1783 2406 tibi
1805 2392 1820 2418 ,
1865 2368 2020 2422 quam
2063 2351 2162 2407 sub

585 2449 677 2495 tuo
704 2442 921 2495 nomine
941 2440 1060 2494 aliis
1079 2454 1194 2495 sum
1219 2441 1430 2498 locutus
1453 2458 1467 2497 :
1497 2457 1615 2512 qua:
1637 2443 1822 2498 otiosa:
1843 2451 1896 2498 et
1915 2444 2158 2506 curiosm,

583 2541 740 2601 atque
766 2531 1006 2587 verbosa:
1031 2531 1220 2587 domos
1243 2534 1579 2590 circumeunt
1606 2544 1969 2589 matronarum
1995 2552 2008 2588 :
2039 2551 2164 2604 qua-

585 2638 699 2675 rum
746 2620 885 2676 Deus
929 2632 1098 2676 venter
1126 2632 1232 2690 est,
1265 2632 1312 2677 et
1352 2625 1515 2695 gloria
1553 2625 1606 2677 in
1648 2627 1945 2695 confusione
1991 2640 2164 2679 earum

589 2714 846 2784 (Philipp.
886 2715 964 2783 ὃ),
1005 2731 1125 2785 qua:
1161 2716 1292 2770 nihil
1323 2716 1466 2771 aliud
1497 2716 1564 2770 de
1591 2716 1914 2786 Scripturis,
1946 2715 2046 2770 nisi
2078 2717 2161 2770 di-

585 2805 774 2874 gamia:
804 2816 1073 2876 praecepta
1115 2815 1412 2870 noverunt;
1445 2821 1562 2876 qua:
1602 2805 1654 2860 in
1699 2806 1873 2860 alieno
1902 2819 2160 2874 corpore,

587 2910 682 2949 sua
703 2895 966 2951 desideria
989 2898 1352 2963 consolantur,
1377 2896 1594 2966 utquod
1619 2897 1746 2966 ipsa:
1767 2896 2008 2961 fecerint,
2031 2897 2164 2951 alias

587 2988 761 3043 facere
789 2987 1036 3054 videant,
1079 2998 1135 3043 et
1177 2989 1436 3042 malarum
1509 2988 1672 3060 916
1741 2989 1996 3044 societate
2046 2990 2160 3058 pal-

590 3090 801 3148 pentur.
829 3081 1065 3148 Quarum
1090 3095 1210 3135 cum
1243 3081 1620 3149 impudentiam
1646 3089 1700 3134 et
1738 3081 2125 3150 propositiones
2143 3121 2160 3144 ,

587 3172 1014 3239 Apostolicarum
1039 3171 1426 3224 sententiarum
1451 3170 1884 3239 interpretatione
1906 3171 2164 3226 contrive-

587 3262 679 3322 ris,
715 3261 874 3330 legito
901 3259 1169 3327 quomodo
1199 3259 1291 3312 tibi
1321 3259 1374 3311 in
1403 3259 1657 3314 viduitate
1684 3260 1942 3314 servanda
1978 3262 2165 3316 viven-

586 3350 711 3400 dum
743 3350 844 3411 sit,
893 3349 1082 3401 librum
1123 3348 1188 3400 ad
1232 3348 1576 3403 Eustochium
1616 3350 1682 3405 de
1713 3350 2022 3420 Virginitate
2051 3368 2164 3407 ser-

586 3437 756 3492 vanda
805 3437 1080 3508 (Epistula
1107 3435 1299 3492 XXII.
1347 3438 1416 3491 ad
1459 3438 1777 3508 Eustoch.),
1820 3453 1876 3497 et
1916 3443 2050 3499 alios
2094 3445 2160 3500 ad

587 3528 800 3584 Furiam
823 3568 839 3594 ,
869 3537 1028 3597 atque
1063 3527 1332 3584 Salvinam
1365 3528 1568 3602 (Epist.
1600 3530 1750 3586 LIV.
1782 3532 1850 3586 ad
1877 3532 2089 3588 Furiam
2116 3547 2162 3590 et

586 3617 823 3673 LXXIX
845 3620 913 3672 ad
937 3619 1245 3691 Salvinam),
1269 3636 1493 3689 quarutn
1518 3622 1683 3676 altera
1713 3623 1869 3678 Probi
1897 3626 2161 3694 quondam

584 3709 820 3763 consulis
845 3723 1042 3775 nurus,
1072 3709 1238 3764 altera
1282 3709 1553 3778 Gildonis,
1579 3712 1670 3781 qui
1704 3712 1934 3767 Alricum
1976 3715 2162 3781 tenuit,

587 3800 692 3852 lilia
719 3808 819 3852 est.
853 3798 954 3853 llic
981 3799 1194 3854 libellus
1222 3799 1286 3852 de
1315 3798 1646 3871 Monogamia
1671 3803 1770 3857 sub
1803 3805 2018 3862 nomine
2048 3816 2160 3874 tuo,

589 3891 799 3944 titulum
827 3889 1141 3961 possidebit.

1020 3983 1348 4041 EPISTOLA
1388 3986 1596 4043 cxxw
1628 3990 1722 4059 (a).

1163 4095 1229 4132 an
1267 4093 1462 4133 Ανιτυιι
1491 4079 1586 4151 (b).

848 4177 983 4245 Quid
1011 4179 1288 4231 cavendum
1319 4180 1373 4233 in
1397 4178 1565 4234 Libris
1592 4191 1695 4252 περὶ
1723 4185 1897 4254 ἆρχῶν.

587 4288 794 4344 Librum
824 4287 1056 4359 Origenis
1094 4291 1394 4360 περιάρχῶν,
1413 4308 1557 4362 quem
1587 4293 1780 4362 pridem
1811 4295 2041 4366 [iu/ﬁnus
2077 4315 2163 4352 su-

658 4383 813 4438 blesta
832 4383 936 4451 ﬁde
956 4381 1136 4436 Latine
1161 4382 1467 4447 reddiderat,
1496 4384 1688 4438 addens
1712 4388 2048 4459 inutilemque
2065 4393 2164 4444 ali-

658 4493 790 4549 qua,
821 4474 1162 4546 Hieronymus
1187 4492 1300 4529 cum
1327 4493 1359 4528 a
1388 4473 1723 4532 Pammachio
1754 4491 1961 4550 rogatus
1999 4483 2163 4538 denuo

658 4569 904 4633 uertisset,
929 4569 1057 4621 nihil
1087 4568 1385 4635 immutans,
1414 4584 1513 4638 quo
1538 4580 1702 4639 posset
1726 4572 1855 4624 citra
1885 4573 2002 4641 ﬁdei
2026 4577 2163 4645 peri-

657 4660 827 4714 culum
853 4661 972 4731 legi,
1001 4660 1218 4714 ostendit
1244 4676 1356 4730 quae
1376 4663 1473 4716 sint
1492 4663 1546 4716 in
1577 4679 1634 4717 eo
1658 4664 1810 4735 impie
1835 4666 1992 4736 dicta,
2017 4678 2166 4740 atque

658 4761 712 4806 ut
737 4752 971 4807 heretica
998 4754 1164 4806 caueri
1191 4753 1420 4808 debeant.

668 4873 722 4924 ί.
753 4872 890 4926 Ante
913 4885 1084 4926 annos
1107 4871 1319 4926 circiter
1336 4871 1544 4940 decem,
1569 4874 1644 4946 (c)
1669 4885 1883 4932 sanctus
1907 4879 1988 4933 vir
2008 4879 2163 4935 Pam-

593 4959 833 5015 machius
858 4961 924 5016 ad
954 4978 1039 5018 me
1065 4962 1340 5033 cujusdam
1370 4963 1651 5022 schedulas
1677 4969 1855 5038 misit,
1893 4987 2012 5042 qua:
2041 4973 2162 5028 Ori-

670 5098 716 5163 ᾳ)
756 5098 884 5163 1llius
905 5099 989 5163 59.
1008 5101 1195 5163 Scripta
1214 5101 1303 5153 sub
1325 5115 1448 5153 anno
1469 5105 1578 5155 410.

668 5159 713 5232 bl
733 5160 891 5232 _Idem
916 5159 1225 5232 videturﬁste
1244 5167 1415 5214 Avitus
1437 5168 1519 5232 qui
1544 5163 1836 5232 Hieronymo
1860 5177 2026 5220 auctor
2048 5169 2158 5232 fuit,

582 5221 908 5293 ad'Salviuam
933 5231 985 5272 ut
1012 5225 1250 5276 scriberet
1275 5221 1548 5293 ;_et__eujus
1569 5229 1680 5293 alibi
1719 5221 2082 5293 ipsememinit,
2111 5221 2164 5285 ei

583 5283 865 5356 Gennadius
886 5297 1222 5357 quoque-cap.
1355 5283 1575 5357 .Hue'tius
1594 5291 1716 5342 duos
1736 5283 1902 5343 Avitus
1925 5283 2163 5357 Hisjut'nos

622 5347 875 5407 rigeutana
915 5346 1017 5416 lue:
1037 5346 1237 5416 intectus
1256 5349 1544 5416 distinguit,
1569 5362 1716 5416 atque
1756 5369 1922 5405 eorum
1955 5346 2161 5407 alterum

583 5406 712 5457 hunc
735 5421 846 5458 esse
873 5409 1062 5469 statuit,
1086 5411 1142 5457 ad
1167 5425 1315 5474 quem
1339 5406 1620 5478 Hiéronj’mi
1637 5406 1806 5466 ist]th
1826 5418 2026 5480 epistola
2051 5406 2161 5470 data

584 5480 677 5517 ωἷ.
1853 5509 1866 5512 _

652 5530 712 5594 (c)
753 5531 947 5606 Recole.
963 5533 1226 5606 Epistulam
1249 5534 1504 5587 LXXXIII.
1524 5538 1816 5606 Pammachii
1841 5541 1898 5590 ad
1923 5539 2160 5606 Hierony-

582 5606 731 5648 mum.
756 5609 912 5660 eaque
937 5597 1174 5660 inprimis
1197 5611 1510 5660 {quaesumus
1545 5603 1881 5653 I’rtestantiam
1915 5609 2073 5660 tuam,
2109 5597 2161 5654 ἱιε

581 5654 913 5726 supradictitm
937 5654 1112 5726 librum
1133 5654 1352 5724 Origenis
1374 5662 1438 5711 ad
1461 5661 1636 5725 ﬁdem,
1672 5654 2072 5726 quemadmodum
2099 5667 2160 5716 ab

581 5727 684 5790 ips?
710 5724 906 5789 Auctore
927 5718 1086 5790 editus
1121 5718 1314 5790 estftuo
1354 5718 1567 5790 sermone
1597 5718 1888 5788 manifestas,
1915 5731 1959 5775 et
1996 5738 2107 5790 qua:
2127 5741 2159 5776 a

583 5776 831 5849 defensore
849 5779 952 5840 ejus
975 5776 1258 5849 interpolata
1274 5792 1395 5846 sunt,
1424 5788 1618 5847 prodas,
1647 5776 1744 5835 etc'.

651 5836 715 5900 (l)
754 5836 954 5891 Carmen
978 5842 1204 5903 nuptiale.

1886 373 2128 432 SANCTI
2166 369 2539 431 HIERONYMI

3687 389 3826 446 £000

2263 488 2414 559 genis
2450 500 2557 561 ιιρι
2591 492 2748 562 ἀρχῶν
2774 489 3116 561 interpretata
3153 495 3421 554 volumina
3461 505 3825 574 continerent,

2263 581 2374 638 imo
2403 583 2620 648 vitiata;
2650 581 2752 638 hoc
2788 598 3110 655 magquere
3153 592 3460 660 postulans,
3501 605 3559 650 ut
3594 596 3828 655 Graecam

2261 673 2540 728 veritatem
2568 673 2754 736 Latina
2777 687 3022 732 servaret
3047 682 3323 737 translatio
3343 725 3358 750 ,
3397 697 3451 742 et
3478 687 3531 742 in
3560 699 3829 760 utramque

2264 771 2469 831 partem
2495 779 2592 819 seu
2616 764 2774 830 bene,
2803 781 2900 821 seu
2920 769 3058 824 male
3081 769 3308 828 dixisset
3335 775 3444 843 ille,
3481 777 3559 848 (ά)
3586 781 3676 849 qui
3706 783 3830 835 scri-

2263 853 2404 920 psit,
2449 854 2652 923 absque
2695 856 3008 926 iuterpretis
3037 865 3349 930 patrocinio,
3382 866 3624 924 Romana
3657 870 3824 940 lingua

2262 952 2628 1010 cognosceret.
2661 944 2786 1002 Feci
2821 958 2877 1002 ut
2905 949 3101 1018 voluit,
3143 955 3367 1024 misique
3395 959 3444 1013 ei
3475 959 3641 1014 libros
3660 1001 3676 1026 ,
3704 977 3831 1030 quos

2263 1047 2385 1086 cum
2417 1033 2672 1103 legisset,
2717 1037 3017 1104 exhorruit,
3044 1049 3099 1096 et
3133 1043 3349 1099 reclusit
3376 1047 3594 1112 scrinio,
3625 1065 3693 1102 ne
3719 1064 3826 1119 pro.

2264 1123 2354 1178 lati
2383 1125 2434 1179 in
2462 1126 2668 1197 vulgus,
2701 1129 2986 1184 multorum
3016 1133 3226 1189 animos
3252 1137 3614 1195 vulnerarent.
3643 1141 3688 1195 Α
3709 1157 3832 1210 quo-

2261 1216 2382 1270 dam
2409 1217 2574 1274 fratre
2598 1220 2688 1289 qui
2712 1220 2941 1276 habebat
2963 1224 3136 1278 zelum
3158 1225 3274 1291 Dei,
3299 1229 3393 1283 sed
3417 1246 3519 1284 non
3543 1233 3830 1288 secundum

2259 1307 2572 1375 scientiam,
2604 1322 2822 1380 rogatus
2862 1321 2918 1366 ut
2959 1313 3192 1370 traderet
3217 1316 3283 1371 ad
3331 1319 3641 1389 legendum,
3690 1327 3832 1392 quasi

2259 1398 2436 1453 statim
2469 1399 2766 1467 reddituro,
2795 1411 3014 1472 propter
3038 1409 3331 1474 angustiam
3375 1414 3665 1481 temporis,
3697 1417 3831 1470 frau-

2258 1483 2380 1538 dem
2427 1502 2530 1540 non
2561 1489 2734 1556 potuit
2777 1493 3058 1560 suspicari.
3097 1494 3198 1561 Qui
3239 1509 3521 1568 acceperat
3549 1502 3830 1571 legendos,

2259 1574 2512 1632 adhibitis
2533 1579 2758 1637 notariis
2785 1595 2918 1650 opus
2947 1599 3107 1638 omne
3134 1586 3416 1657 descripsit
3435 1631 3449 1653 ,
3475 1601 3530 1646 et
3556 1594 3725 1648 multo
3751 1609 3832 1650 ce-

2258 1665 2421 1722 lerius
2442 1683 2597 1738 quam
2627 1671 2965 1739 promiserat.
2991 1675 3232 1730 codicem
3255 1679 3504 1735 reddidit.
3537 1681 3834 1754 Eademque

2259 1760 2559 1816 temeritate
2579 1799 2594 1827 ,
2623 1771 2679 1816 et
2721 1763 2814 1832 (ut
2839 1763 3006 1821 levius
3033 1767 3245 1838 dicam)
3275 1770 3467 1840 ineptia
3488 1812 3504 1838 ,
3533 1776 3674 1842 quod
3706 1777 3834 1831 male

2261 1852 2622 1920 surripuerat,
2669 1855 2821 1924 pejus
2849 1855 2918 1925 (c)
2949 1858 3068 1914 aliis
3092 1861 3338 1916 credidit.
3379 1864 3446 1918 Et
3472 1867 3593 1935 quia
3625 1867 3835 1924 difficile

2259 1942 2486 2010 grandes
2510 1943 2632 1998 libri
2661 1944 2728 2000 de
2799 1947 2960 2018 917
3035 1951 3195 2005 rebus
3223 1955 3460 2022 mysticis
3481 1956 3832 2026 disputantes,

2261 2042 2504 2088 notarum
2537 2045 2755 2104 possunt
2784 2054 3002 2093 scrvare
3031 2043 3351 2111 compendia
3375 2085 3390 2107 ,
3433 2049 3726 2114 praesertim
3753 2051 3835 2116 qui

2262 2123 2442 2179 furtim
2492 2126 2845 2198 celeriterque
2889 2128 3188 2197 dictantur;
3239 2132 3310 2186 ita
3374 2135 3425 2189 in
3473 2136 3580 2191 illis
3625 2139 3835 2194 confusa

2261 2225 2384 2271 sunt
2422 2218 2599 2271 omnia
2620 2259 2635 2284 ,
2662 2228 2802 2278 utet
2839 2221 3027 2276 ordine
3055 2222 3106 2276 in
3154 2223 3454 2295 plerisque,
3485 2238 3539 2282 et
3567 2244 3730 2283 sensu
3755 2245 3837 2284 ca-

2262 2317 2429 2362 reant.
2463 2307 2820 2374 Quamobrem
2850 2313 2984 2380 petis
3009 2354 3026 2380 ,
3057 2315 3212 2370 Avite
3234 2318 3546 2385 carissime,
3576 2329 3634 2374 ut
3671 2320 3835 2389 ipsum

2261 2397 2327 2455 ad
2356 2407 2406 2452 te
2433 2400 2710 2469 exemplar
2733 2401 2979 2472 dirigam,
3007 2405 3150 2477 quod
3179 2423 3207 2460 a
3234 2424 3320 2463 me
3348 2409 3475 2464 olim
3503 2413 3834 2478 translatum,

2261 2497 2315 2542 et
2345 2488 2472 2542 nulli
2515 2491 2604 2545 alii
2649 2492 2932 2562 traditum,
2975 2511 3008 2551 a
3052 2499 3357 2568 supradicto
3385 2500 3550 2557 fratre
3591 2519 3838 2574 perverse

2261 2579 2460 2634 editum
2493 2593 2594 2636 est.

2333 2669 2386 2723 2.
2435 2671 2630 2742 Accipe
2668 2674 2829 2744 igitur
2866 2678 3007 2748 quod
3046 2681 3222 2749 petisti
3272 2699 3286 2736 :
3331 2682 3424 2738 sed
3455 2684 3548 2753 ita,
3596 2696 3655 2741 ut
3707 2688 3840 2743 scias

2261 2760 2574 2818 detestanda
2617 2765 2709 2820 tibi
2744 2767 2794 2821 in
2835 2772 2916 2824 eis
2941 2784 3060 2825 esse
3098 2787 3272 2842 qttatn-
3299 2774 3550 2844 plurima.
3595 2786 3650 2831 et
3699 2778 3839 2846 juxta

2262 2869 2564 2908 sermonem
2597 2855 2829 2924 Domini,
2866 2859 3004 2914 inter
3022 2861 3332 2931 scorpiones
3353 2905 3368 2928 ,
3398 2876 3453 2919 et
3475 2866 3731 2920 colubros
3764 2869 3839 2921 iu-

2261 2943 2558 3004 cedendum
2589 2945 2742 3018 (Luc.
2791 2949 2880 3018 10)
2907 2990 2924 3015 ,
2951 2959 3010 3004 ut
3053 2960 3137 3006 est
3180 2953 3308 3007 illud
3349 2957 3528 3008 statim
3582 2957 3635 3010 in
3669 2959 3838 3026 primo

2261 3035 2530 3090 volumine
2557 3053 2570 3090 :
2599 3037 2870 3093 Christum
2897 3039 3088 3095 Filium
3111 3042 3202 3097 Dei
3232 3057 3340 3098 non
3375 3044 3426 3114 (Γ
3442 3046 3461 3114 )
3493 3056 3674 3100 natum
3704 3063 3838 3114 esse,

2263 3124 2356 3178 sed
2383 3125 2574 3180 factum
2607 3145 2622 3181 :
2661 3128 2824 3181 Deum
2854 3129 3067 3183 Patrem
3097 3146 3190 3198 per
3221 3145 3465 3187 naturam
3496 3136 3838 3204 invisibilcm,

2263 3215 2420 3268 etiam
2444 3230 2474 3267 a
2504 3215 2636 3269 Filio
2663 3231 2768 3270 non
2796 3218 2982 3272 videri.
3015 3219 3232 3284 Filium,
3262 3223 3352 3291 qui
3379 3225 3450 3276 sit
3487 3225 3667 3295 imago
3703 3229 3840 3282 invi-

2263 3304 2431 3357 sibilis
2454 3304 2644 3370 Patris,
2668 3317 3031 3376 comparatum
3056 3309 3220 3375 Patri,
3246 3327 3350 3364 non
3369 3328 3491 3368 esse
3510 3319 3800 3373 veritatem
3825 3336 3838 3372 :

2263 3391 2402 3462 apud
2431 3408 2528 3448 nos
2557 3405 2732 3448 autem
2765 3397 2854 3466 qui
2887 3397 2977 3451 Dei
3007 3399 3392 3469 omnipotentis
3413 3419 3520 3458 non
3553 3422 3839 3474 possumus

2263 3481 2502 3550 recipere
2523 3482 2824 3550 veritatem,
2855 3484 3222 3556 imaginariam
3241 3491 3518 3555 veritatem
3543 3495 3758 3564 videri;
3789 3507 3841 3552 ut

2265 3572 2518 3642 majestas
2566 3589 2631 3629 ac
2667 3575 2974 3645 magnitudo
3016 3577 3259 3648 majoris,
3299 3581 3698 3650 quodammodo
3736 3591 3839 3644 cir-

2263 3667 2584 3734 cumscripta
2626 3669 2887 3723 sentiatur
2934 3669 2985 3723 in
3038 3670 3198 3726 Filio.
3249 3674 3413 3728 Deum
3463 3675 3676 3734 Patrem
3725 3696 3842 3737 esse

2264 3755 2442 3812 lumen
2466 3758 3022 3829 incomprehensibile.
3045 3762 3316 3820 Christum
3336 3767 3626 3826 collatione
3648 3772 3838 3836 Patris.

2263 3847 2600 3917 splendorem
2626 3865 2746 3904 esse
2794 3866 3109 3921 perparvum
3136 3892 3152 3920 ,
3201 3855 3291 3923 qui
3326 3857 3466 3925 apud
3496 3874 3596 3914 nos
3624 3877 3720 3929 pro
3748 3863 3841 3915 im-

2265 3937 2554 3993 becillitate
2610 3950 2790 3994 nostra
2852 3957 3074 4012 magnus
3119 3959 3240 3999 esse
3290 3945 3554 4003 videatur.
3611 3949 3839 4005 Duarum

2263 4036 2556 4082 statuarum
2580 4029 2812 4098 majoris,
2840 4040 2896 4086 et
2923 4034 3156 4101 parvula:
3181 4050 3196 4098 ;
3229 4035 3408 4101 unius,
3431 4052 3550 4107 qua:
3585 4041 3836 4094 mundum

2265 4117 2504 4188 impleat,
2534 4128 2588 4173 et
2621 4121 2984 4188 magnitudine
3021 4139 3115 4176 sua
3140 4124 3533 4194 quodammodo
3561 4129 3841 4184 invisibilis

2264 4211 2353 4274 sit,
2381 4222 2436 4266 et
2459 4211 2696 4276 alterius,
2743 4229 2861 4280 qua:
2898 4213 3000 4268 sub
3041 4216 3227 4271 oculos
3269 4217 3459 4286 cadat,
3489 4221 3637 4289 ponit
3663 4237 3841 4278 exem-

2266 4301 2408 4370 plum
2436 4317 2453 4356 :
2483 4302 2642 4371 priori
2690 4301 2923 4366 Patrem,
2957 4306 3236 4372 posteriori
3267 4306 3461 4362 Filium
3495 4324 3834 4380 comparans.

2268 4393 2433 4447 Deum
2453 4393 2658 4447 Patrem
2687 4395 3104 4463 omnipotentem
3130 4401 3364 4467 appellat
3385 4401 3606 4469 bonum,
3635 4412 3691 4460 et
3716 4421 3834 4472 per-

2265 4482 2418 4538 fecta:
2445 4484 2713 4538 bonitatis.
2754 4485 2947 4540 Filium
2976 4505 3080 4544 non
3115 4504 3235 4545 esse
3263 4491 3482 4559 bonum,
3523 4497 3618 4552 sed
3657 4512 3835 4551 auram

2265 4574 2567 4644 quamdam,
2618 4585 2675 4630 et
2717 4576 3004 4647 imaginem
3045 4579 3336 4648 bonitatis;
3378 4591 3439 4638 ut
3479 4600 3586 4640 non
3631 4587 3835 4642 dicatur

2264 4667 2511 4723 absolute
2537 4668 2726 4733 bonus,
2756 4671 2848 4725 sed
2873 4687 2992 4726 cum
3016 4673 3398 4740 additamento,
3442 4687 3618 4746 pastor
3655 4679 3833 4742 bonus,

2265 4769 2321 4814 et
2367 4768 2581 4815 caetera.
2656 4761 2822 4833 918
2893 4762 3131 4820 Tertium
3182 4764 3440 4836 dignitate
3468 4807 3485 4832 ,
3537 4778 3593 4823 et
3639 4772 3838 4824 honore

2266 4931 2647 5058 riulgjpulllgiqtte
2667 4937 2926 5001 Origenes,
2950 4953 3048 4991 non
3073 4939 3307 5004 Ruﬂ‘mus,
3330 4949 3385 4994 ut
3405 4957 3662 5008 perperam
3685 4947 3835 4998 Victo-

2328 5059 2588 5135 (e)A_AtitAea
2613 5067 2724 5135 erat
2759 5059 2860 5135 alii.
2888 5061 2997 5110 Mox
3037 5062 3242 5126 Regina:
3279 5066 3385 5116 cod.
3412 5067 3520 5118 490.
3545 5071 3758 5135 grandes
3781 5071 3833 5120 li-

2267 5117 2709 5183 bi‘QSZCLdthCle,
2738 5128 2876 5171 etc...
2902 5136 3037 5183 posse
3059 5117 3270 5176 seFvare.

2332 5179 2389 5242 (f)
2416 5180 2563 5254 _I\'ihil_
2595 5182 2860 5254 hujusmodi
2886 5179 2952 5254 eo.
2969 5185 3016 5232 in
3041 5185 3167 5254 libro
3191 5201 3256 5238 ex
3279 5188 3479 5249 Ruﬂini,
3503 5205 3615 5254 quae
3639 5207 3732 5241 una
3757 5207 3833 5241 su-

2263 5249 2465 5316 perest,
2505 5244 2901 5316 interpretatione
2943 5246 3185 5316 invenias;
3221 5244 3696 5316 npntame'n-usque
3720 5256 3836 5316 adeo

2263 5310 2401 5350 recte
2511 5303 2682 5376 Clu-isti
2709 5307 2956 5376 nativitate
2987 5303 3204 5360 sensisse
3240 5313 3536 5376 Origenem,
3562 5303 3647 5364 alit
3667 5315 3838 5364 saltem

2262 5375 2357 5410 non
2379 5364 2498 5434 satis
2520 5367 2666 5437 bonis
2680 5367 3035 5437 verbis‘bouatn
3055 5364 3358 5422 sententiain
3373 5364 3634 5437 protulisse
3653 5415 3667 5434 ,
3692 5378 3836 5424 multa

2261 5424 2587 5499 auspicia-cst.
2613 5426 2812 5497 .I'assint
2847 5429 2914 5478 illi
2947 5433 3193 5499 objectuut
3233 5446 3339 5494 est,
3373 5424 3529 5487 't'uisse
3551 5424 3836 5499 persuasum

2261 5498 2434 5554 corpus
2453 5484 2624 5538 Christi
2651 5503 2951 5554 nequaquam
2976 5484 3040 5542 ei
3065 5495 3211 5544 Maria
3234 5484 3413 5554 uatum,
3440 5484 3529 5548 sed
3550 5484 3837 5549 aeneae;

2260 5553 2454 5620 vectum
2479 5563 2492 5598 :
2519 5563 2661 5612 quam
2680 5553 2917 5620 insaniam
2943 5569 3002 5603 ex
3039 5557 3302 5620 iuquinotis
3325 5553 3742 5609 Marcionistaruut
3767 5560 3837 5609 la-

2259 5608 2400 5682 cunis
2436 5608 2651 5682 liattstant
2668 5613 2953 5682 fnennadius
2988 5608 3536 5682 quoqueMastSiliensis
3557 5608 3754 5671 inlibro
3773 5608 3838 5671 de

2258 5666 2581 5746 Pisuetae
2601 5690 2643 5746 σξ-
2666 5675 2714 5746 2-
2751 5678 2798 5746 in
2824 5677 2956 5746 illum
2989 5666 3179 5746 aeut-st
3199 5666 3838 5746 {asini-it'as'aga‘mz

2256 5728 2467 5808 ‘zﬂgaras
2491 5734 2574 5784 lib.
2601 5737 2645 5808 ἓ.
2674 5728 2966 5808 Βφιίῳιειέιρ
2989 5728 3401 5808 ιήιιὲρᾗόνῖέιῦίὶἰ
3416 5728 3670 5808 Ϊεῖιίεᾶιὶἑ
3693 5728 3838 5808 sui};

2259 5790 2767 5870 Filiuu‘tnexcelleutia
2785 5790 2854 5870 “in
2887 5790 3433 5870 Notis‘au'syiiddiéaﬁi
3450 5790 3507 5856 ti:
3517 5790 3837 5868 Ei‘éipéiﬁti

2259 5866 2384 5904 mus.
2412 5857 2448 5906 ιπ
2458 5860 2535 5909 ide
2563 5863 2758 5925 insuper
2784 5864 2960 5915 lituum
2985 5881 3061 5930 περι
3081 5857 3196 5931 ἀρχώ
3218 5881 3324 5921 can.
3349 5870 3396 5916 2.
3421 5873 3484 5918 de
3506 5857 3710 5918 Cbristb.
