4088 6336
313 427 452 497 1063

308 557 388 612 dit
426 558 751 627 humanum,
807 575 988 632 puram
1031 569 1085 616 et
1124 576 1432 633 germanam
1481 557 1884 621 similitudinem

308 645 444 722 signi
471 652 524 707 in
553 667 613 708 se
639 654 832 728 prioris
864 655 1148 724 expressit,
1184 657 1284 711 nisi
1309 656 1398 711 illa
1430 656 1497 712 de
1518 673 1621 728 qua
1640 657 1887 716 Salvator

308 743 578 813 loquitur:
632 735 801 801 Nemo
830 746 968 812 tollet
999 748 1223 802 animum
1267 765 1429 803 meum
1454 767 1486 803 a
1511 766 1620 815 me,
1667 751 1755 806 sed
1793 769 1885 823 ego

306 850 438 905 pono
473 851 584 888 eam
609 853 641 889 a
670 831 861 905 meipso
891 835 1072 908 (Joan.
1106 839 1214 908 10).
1240 834 1308 894 Et
1336 841 1386 895 in
1416 841 1523 895 alio
1548 841 1665 897 loco
1694 839 1886 900 :Unde

304 939 422 978 cum
456 924 662 980 inﬁnita
690 928 938 983 cautione
971 927 1304 986 tractandum
1336 941 1442 999 est,
1491 947 1560 987 ne
1589 931 1726 988 forte
1759 949 1882 990 cum

302 1015 497 1071 anima:
527 1018 752 1074 salutem
785 1019 988 1076 fuerint
1024 1032 1350 1089 consecutae,
1381 1023 1525 1079 etad
1552 1025 1763 1081 beatam
1806 1027 1888 1081 vi-

301 1116 406 1161 tam
463 1111 844 1180 pervenerint,
886 1114 1080 1168 anima:
1122 1128 1242 1170 esse
1281 1113 1561 1172 desistant.
1607 1117 1688 1188 (1)
1735 1116 1887 1173 Sicut

299 1200 442 1256 enim
477 1203 622 1258 venit
649 1205 907 1261 Dominus
937 1215 1102 1277 atque
1135 1207 1380 1263 Salvator
1406 1224 1669 1279 quaerere,
1697 1217 1754 1265 et
1772 1211 1882 1264 sal-

298 1309 418 1348 vum
446 1292 628 1352 facere
642 1298 782 1368 quod
810 1301 1040 1367 perierat
1063 1300 1215 1374 (Luc.
1247 1289 1362 1372 19),
1389 1311 1446 1356 ut
1464 1301 1730 1373 perditum
1761 1315 1883 1357 esse

295 1385 522 1442 desistat
550 1407 564 1442 :
595 1389 680 1445 sic
980 1393 1158 1448 anima
1188 1410 1307 1464 qua:
1335 1394 1587 1464 perierat,
1609 1398 1666 1449 et
1689 1393 1759 1447 ob
1787 1407 1882 1447 cu-

238 1501 240 1503 ·
285 1478 376 1550 jus
405 1479 636 1537 salutem
667 1484 816 1538 venit
841 1484 1138 1553 Dominus,
1163 1500 1286 1543 cum
1322 1485 1468 1541 salva
1504 1483 1643 1541 facta
1684 1483 1886 1550 fuerit,

291 1572 468 1628 anima
501 1589 624 1632 esse
651 1569 908 1632 cessabit.
937 1567 1072 1634 Illud
1115 1595 1327 1650 quoque
1373 1579 1571 1651 pariter
1607 1578 1883 1648 requiren-

290 1663 441 1731 dum,
472 1663 654 1721 utrum
679 1659 818 1723 sicut
843 1669 1108 1739 perditum
1139 1671 1430 1742 aliquando
1458 1686 1567 1727 non
1613 1669 1718 1726 fuit
1756 1684 1879 1740 per-

289 1755 483 1826 ditum,
524 1768 580 1814 et
619 1759 723 1815 erit
764 1769 974 1832 tempus
1014 1763 1227 1833 quando
1276 1764 1546 1835 perditum
1579 1779 1690 1820 non
1732 1765 1874 1821 erit:

289 1850 370 1905 sic
394 1859 450 1905 et
480 1851 659 1906 anima
687 1849 976 1924 aliquando
1005 1855 1168 1912 fuerit
1193 1857 1394 1927 anima,
1420 1867 1476 1914 et
1500 1858 1616 1914 fore
1641 1866 1878 1928 tempus,

289 1941 506 2011 quando
538 1959 874 2015 nequaquam
903 1947 1083 2003 anima
1113 1957 1446 2018 perseveret.
1493 1951 1564 2006 Et
1592 1960 1715 2020 post
1740 1951 1875 2005 mul-

291 2041 398 2086 tum
413 2027 479 2089 de
491 2029 670 2090 anima
692 2043 997 2102 tractatum,
1016 2037 1130 2095 haec
1152 2040 1350 2105 intulit,
1369 2051 1490 2106 νοῦς,
1517 2040 1568 2094 id
1591 2049 1692 2106 est,
1733 2058 1875 2096 mens

289 2138 564 2191 corruens,
595 2117 734 2182 facta
762 2138 845 2184 est
868 2131 1066 2198 anima,
1100 2141 1154 2186 et
1178 2147 1390 2187 rursum
1413 2133 1587 2188 anima
1613 2134 1874 2190 instructa

288 2217 576 2274 virtutibus
607 2237 760 2277 mens
785 2219 896 2278 ﬁet.
926 2223 1078 2289 Quod
1120 2233 1174 2279 et
1209 2224 1275 2278 de
1317 2225 1494 2280 anima
1535 2226 1677 2282 Esau
1717 2240 1875 2282 scru-

288 2320 463 2367 tantes
505 2328 795 2384 possumus
837 2315 1117 2382 invenire,
1151 2327 1369 2388 propter
1404 2321 1624 2390 antiqua
1656 2329 1873 2390 peccata

284 2419 406 2458 enm
437 2403 490 2458 in
523 2404 783 2460 deteriori
816 2409 923 2462 vita
953 2423 1074 2464 esse
1101 2399 1436 2466 damnatum.
1467 2413 1535 2467 Et
1555 2412 1622 2470 de
1648 2414 1873 2471 caelesti-

285 2494 384 2549 bus
413 2496 791 2565 requirendum
822 2509 924 2564 est,
956 2498 1095 2570 quod
1125 2516 1234 2555 non
1271 2517 1336 2556 eo
1368 2511 1607 2573 tempore
1653 2520 1759 2576 quo
1787 2503 1870 2560 fa-

282 2595 403 2642 ctns
431 2597 515 2643 est
541 2579 771 2644 mundus
793 2631 808 2657 ,
841 2590 968 2646 solis
997 2595 1195 2662 anima,
1238 2595 1318 2649 vel
1349 2596 1724 2668 quodcumque
1749 2612 1868 2652 eam

283 2681 542 2750 appellari
569 2685 802 2752 Oportet,
829 2697 950 2740 esse
966 2677 1212 2754 coeperit,
1243 2687 1337 2742 sed
1363 2697 1651 2758 antequam
1682 2691 1870 2745 lucens

283 2767 433 2836 illud,
480 2780 536 2828 et
577 2771 770 2831 ardens
799 2791 993 2847 corpus
1034 2776 1276 2833 intraret.
1324 2771 1398 2835 De
1445 2780 1569 2835 luna
1608 2791 1661 2836 et
1697 2782 1870 2838 stellis

282 2862 532 2920 similiter
557 2867 873 2932 sentiamus,
906 2869 1049 2939 quod
1080 2885 1144 2925 ex
1174 2869 1355 2926 causis
1395 2872 1828 2942 praecedentibus
1848 2915 1864 2940 ,

281 2955 408 3012 licet
430 2957 632 3024 invitae,
663 2961 952 3031 compulsa:
981 2959 1092 3017 sint
1115 2964 1304 3032 subjici
1336 2966 1592 3034 vanitati,
1620 2967 1690 3021 ob
1722 2983 1864 3038 prte-

282 3049 386 3103 mia
418 3049 745 3119 futurorum,
776 3068 885 3108 non
913 3069 1063 3108 suam
1093 3055 1303 3121 facere,
1343 3057 1439 3113 sed
1479 3055 1752 3113 Creatoris
1775 3074 1866 3114 γοα

280 3141 562 3208 luntatem,
597 3159 628 3198 a
656 3159 762 3213 quo
793 3146 844 3200 in
877 3147 993 3202 haec
1022 3146 1196 3203 officia
1228 3149 1529 3206 distributae
1556 3160 1705 3207 sunt.
1731 3169 1752 3203 ›

351 3233 404 3289 7.
436 3234 616 3304 ignem
647 3236 723 3309 (α)
753 3251 962 3309 quoque
989 3235 1284 3310 gehennae,
1335 3250 1390 3296 et
1430 3249 1717 3311 tormenta,
1744 3259 1866 3313 quas

287 3327 562 3398 Scriptura
607 3335 789 3383 sancta
833 3329 1205 3400 peccatoribus
1245 3331 1639 3400 comminatur,
1703 3352 1725 3386 ι
1755 3349 1862 3390 non

279 3421 427 3492 ponit
467 3423 518 3476 in
547 3421 853 3492 suppliciis,
888 3423 983 3480 sed
1027 3425 1081 3479 in
1119 3428 1449 3483 conscientia
1482 3438 1822 3498 peccatorum
1843 3470 1859 3495 ,

275 3513 494 3587 quando
519 3518 611 3571 Dei
639 3517 854 3584 virtute,
883 3525 938 3574 et
976 3520 1216 3588 potentia
1246 3523 1423 3576 omnis
1463 3523 1721 3577 memoria
1763 3524 1859 3578 de-

275 3609 525 3664 lictorum
569 3617 694 3664 ante
733 3610 917 3664 oculos
967 3619 1180 3666 nostros
1218 3612 1457 3681 ponitur.
1504 3611 1575 3668 Et
1597 3613 1764 3669 veluti
1794 3631 1860 3670 ex

274 3699 596 3772 quibusdam
638 3699 934 3756 seminibus
978 3701 1031 3755 in
1075 3702 1249 3756 anima
1279 3703 1580 3769 derelictis,
1611 3705 1861 3763 universa

274 3793 527 3848 vitiorum
563 3806 718 3864 seges
755 3796 995 3848 exoritur
1027 3810 1041 3846 :
1078 3801 1133 3848 et
1171 3793 1428 3864 quidquid
1476 3797 1776 3855 feceramus
1806 3801 1862 3855 in

279 3887 382 3942 vita
406 3886 491 3942 vel
525 3887 700 3958 turpe,
729 3886 811 3941 \el
844 3886 1100 3957 impium,
1150 3891 1326 3946 utnnis
1377 3906 1566 3946 eorum
1616 3891 1674 3945 in
1727 3906 1860 3948 con-

276 3991 464 4056 spectu
494 3986 677 4040 nostro
709 3977 914 4054 pictura
942 3980 1294 4050 describitur,
1324 3997 1387 4038 ac
1414 3983 1716 4054 preteritas
1762 3998 1858 4038 v0-

275 4079 507 4149 luptates
536 4093 689 4132 mens
719 4077 931 4131 intuens
951 4117 966 4142 ,
1005 4074 1347 4129 conscientiae
1382 4075 1600 4146 punitur
1627 4074 1821 4129 ardore
1840 4115 1856 4142 ,

275 4183 330 4231 et
357 4171 704 4246 pmnitudinis
729 4170 962 4226 stimulis
990 4168 1316 4224 confoditur.
1353 4168 1424 4223 Et
1466 4169 1703 4224 iterum:
1745 4167 1858 4225 Nisi

275 4266 414 4322 forte
455 4275 654 4337 corpus
695 4263 796 4321 hoc
835 4265 1030 4335 pingue
1069 4272 1230 4334 atque
1257 4271 1529 4318 terrenum
1569 4262 1772 4333 caligo,
1805 4270 1859 4320 et

277 4359 512 4416 tenebrae
550 4357 887 4414 nominandae
929 4365 1090 4424 sunt;
1123 4372 1218 4427 per
1261 4355 1438 4429 quod,
1485 4365 1857 4412 consummato

277 4453 379 4510 hoc
430 4453 650 4519 mundo.
693 4467 817 4508 cum
860 4465 1084 4508 necesse
1133 4449 1292 4504 fuerit
1329 4449 1383 4504 in
1420 4449 1586 4504 alium
1628 4448 1856 4505 transire

274 4545 554 4613 mundum,
582 4559 796 4600 rursum
830 4542 1085 4600 nascendi
1112 4552 1290 4598 sumet
1327 4540 1575 4598 exordia.
1609 4539 1736 4595 Haec
1774 4540 1855 4595 di-

273 4653 425 4705 cens,
457 4637 735 4707 perspicue
764 4642 1118 4705 μετιμψύχωσιν
1154 4634 1471 4705 Pythagora:
1505 4633 1854 4704 Platonisque

337 4787 412 4851 (a)
445 4785 763 4851 Martianaaus
772 4783 924 4846 ignes,
939 4783 1182 4851 Victorius
1199 4793 1364 4833 autem
1375 4781 1532 4851 Lenis,
1558 4787 1612 4832 et
1629 4793 1854 4851 [nonnon

432 4861 519 4911 P'O
537 4857 631 4897 ποθι
654 4835 1111 4916 mallii;
1147 4857 1357 4916 errore.”
1489 4835 1655 4916 autem
1672 4842 1856 4916 ‘Olrigef

272 4903 401 4976 niani
425 4903 570 4976 quem
587 4905 781 4976 sugillat
804 4906 940 4976 Hier.
1118 4905 1396 4976 pperislib.
1490 4906 1636 4976 capit.
1663 4903 1741 4976 μ.
1769 4903 1851 4975 ubi

272 4963 472 5038 recitata
514 4963 925 5038 [saizevsententia
962 4967 1039 5019 50.
1079 4963 1186 5017 U':
1235 4963 1624 5038 (finibula‘te'in
1663 4963 1850 5038 lumine

272 5036 401 5097 ignis
424 5035 590 5090 vestri,
618 5040 670 5080 et
690 5033 1066 5097 ﬂamma,_quam_
1101 5030 1429 5097 accendistis:
1457 5027 1554 5077 Per
1573 5040 1732 5097 quos.
1773 5029 1849 5076 in-

273 5092 377 5159 q'uit
400 5134 412 5157 ,
451 5095 817 5164 sermonesth
842 5092 1270 5164 videturjndicari.
1293 5097 1517 5164 peccator
1534 5092 1850 5164 utrﬁatnmam

270 5151 364 5224 sibi
389 5151 494 5221 ipse
518 5156 696 5224 praprii
718 5157 844 5217 ignis
865 5155 1126 5224 accendat,
1152 5161 1203 5203 et
1224 5151 1318 5224 non
1342 5153 1394 5202 in
1416 5151 1628 5224 aliquem
1652 5151 1819 5224 ignem
1833 5187 1849 5213 ,

271 5222 358 5284 qui
380 5213 493 5285 ante
519 5213 682 5268 't'uei-at
713 5213 1027 5285 accensus-ab
1048 5217 1161 5275 alio,
1195 5216 1275 5285 vel
1297 5224 1413 5264 ante
1431 5213 1590 5285 ipsum
1613 5213 1850 5285 substite-

270 5275 330 5332 rit
351 5320 363 5342 ,
390 5283 722 5342 demergatur.
742 5277 906 5342 avid.
928 5276 1211 5342 Hieronym.
1232 5278 1406 5342 _dcnno
1429 5275 1519 5342 lii).
1541 5277 1589 5342 ξς
1630 5276 1677 5323 in
1696 5276 1846 5342 epist.

269 5345 327 5412 ad
352 5337 534 5404 Ephes.
561 5337 606 5392 5.
632 5341 680 5389 6.
713 5339 874 5412 {Quia
898 5340 1044 5400 igitur
1059 5337 1180 5412 sunt
1202 5338 1426 5401 plerique
1439 5340 1522 5412 qui
1541 5337 1724 5398 dicunt,
1753 5349 1849 5412 non

268 5399 428 5456 futura
458 5417 546 5467 pro
570 5403 782 5465 peccatis
803 5414 915 5467 esse
927 5399 1214 5462 ’supplic'ta,‘
1233 5399 1678 5467 nec—extrinsecus
1713 5399 1848 5467 adhi-

268 5468 427 5516 benda
454 5461 710 5521 tormenta,
733 5462 819 5512 sed
845 5465 1000 5524 ipsum
1024 5461 1293 5524 peccatum,
1322 5470 1372 5512 et
1394 5463 1738 5512 conscientiam
1758 5461 1847 5511 dc-

267 5527 504 5598 licti_cs_se
531 5542 616 5590 pro
641 5539 840 5598 pinna,»
871 5532 968 5573 etc.
1039 5594 1048 5598 Δ
1148 5585 1162 5598 _
1212 5584 1223 5598 Ι
1313 5592 1322 5598 _
1455 5585 1468 5598 ‘
1549 5585 1563 5598 Ι
1705 5585 1728 5598 τ
1792 5586 1823 5598 Δ.

330 5592 404 5654 (1)
438 5584 554 5654 ligni:
574 5584 712 5654 porro
737 5586 906 5654 Graece
929 5584 1391 5654 quoque-habentur
1413 5585 1468 5634 ad
1493 5585 1677 5635 calcem
1701 5585 1849 5635 Justi-

267 5643 424 5700 nianfe
459 5643 686 5715 Epistolas
724 5650 781 5698 ad
823 5643 1192 5709 Μιξῐὶῖξῐηι-ὦσπιρ
1227 5666 1341 5698 σῶσαι
1376 5661 1420 5699 τὸ
1457 5660 1640 5704 ἀπολωλὸς
1678 5660 1782 5707 ait"
1826 5659 1847 5699 6

267 5729 399 5777 ὶέωτήρ.
421 5725 481 5766 ὅτι
519 5730 639 5775 ptirent
677 5723 830 5770 σώζῑται
851 5725 894 5762 τὸ
930 5723 1126 5768 ἀπολωλὸς,
1149 5722 1266 5760 οὐκετι
1305 5722 1401 5760 ιστὶν
1433 5722 1633 5767 ἀποὶωλὸξ
1654 5720 1779 5768 οὕτως,
1803 5721 1846 5770 ἥν

266 5795 383 5827 σῶσαι
402 5789 486 5835 ἧλοι
508 5790 633 5840 ψδχὴν,
654 5790 699 5834 ὡς
719 5795 834 5825 σῶσαι
857 5787 900 5823 τὸ
920 5786 1121 5830 ἀπολωλὸς.
1145 5785 1262 5823 οὖκιτι
1285 5786 1379 5834 μίνιι
1513 5785 1535 5831 ἦ
1558 5785 1714 5821 «marina.
1738 5786 1846 5835 ψυχὴ,

267 5848 349 5888 οὖτα
359 5851 607 5895 τὸὰπολωλὸς.
621 5847 675 5888 in
703 5853 941 5899 paeane-tim:
966 5849 1009 5894 tl,
1032 5849 1148 5899 ὥσπερ
1185 5847 1228 5885 τὸ
1250 5847 1432 5892 ἀπολωλὸς
1450 5842 1470 5894 ἦ
1487 5847 1548 5884 ὅτι
1570 5847 1632 5882 οὐκ
1655 5846 1844 5892 ἀπολωλε,

315 5914 326 5949 't
349 5910 451 5948 ἱσται
471 5913 558 5950 ποτὶ
572 5911 631 5950 ὅτι
655 5913 717 5949 οὐ».
741 5915 842 5950 icta:
862 5911 1060 5958 ἀπολωλὸς,
1083 5909 1173 5950 οὕτω
1195 5911 1252 5948 καὶ
1270 5909 1292 5958 ή
1309 5910 1401 5961 φυλὴ
1422 5904 1463 5958 ἦν
1488 5909 1550 5949 ὅτι
1571 5909 1633 5947 οὒκ
1657 5899 1697 5954 ἦν
1728 5907 1844 5959 ψυχὴ»

266 5975 325 6014 καὶ
348 5973 449 6013 inut
464 5973 524 6013 ὃτι
548 5972 609 6012 oin:
635 5973 739 6014 ἱσται
761 5976 864 6026 ψυχή.

1633 431 1960 505 Errsroui
2002 435 2234 507 CXXIV.

3440 473 3579 531 1066

1993 566 2251 624 defendit.
2285 587 2305 623 ι
2340 567 2412 626 Et
2446 571 2501 626 in
2545 572 2651 654 ﬁne
2689 580 2912 636 secundi
2969 583 3252 644 voluminis
3289 588 3360 645 de
3393 590 3579 650 Perfe-

1993 660 2173 716 ctione
2197 671 2380 718 nostra
2405 662 2706 734 disputans,
2727 669 2938 728 intulit:
2967 673 3045 746 (Ξ)
3071 695 3092 729 ι
3109 675 3348 751 Cumque
3372 680 3427 736 in
3455 691 3577 737 tan-

1992 760 2102 807 tum
2135 753 2544 825 profecerimus,
2569 767 2630 814 ut
2647 775 2985 834 nequaquam
3005 783 3217 837 carnes,
3246 782 3301 828 et
3321 787 3570 845 corpora,

1990 843 2215 902 forsitan
2255 863 2325 904 ne
2362 850 2553 906 animae
2599 853 2814 923 quidem
2857 857 3157 930 fuerimus,
3197 865 3294 921 sed
3335 843 3490 924 mens
3517 877 3577 924 et

1991 954 2188 996 sensus
2212 942 2280 997 ad
2307 943 2598 1012 perfectum
2671 946 2839 1020 924
2908 953 3131 1009 veniens
3149 997 3170 1022 ,
3189 957 3441 1030 nulloque
3460 976 3575 1032 per-

1990 1031 2354 1089 turbationum
2388 1036 2571 1092 nubilo
2598 1037 2870 1109 caligans,
2897 1041 3186 1101 intuebitur
3212 1047 3384 1122 [fort.-
3405 1051 3573 1106 intue-

1988 1119 2176 1195 bimur]
2203 1125 2551 1182 rationabiles
2590 1129 3067 1204 intelligibilesque
3101 1119 3452 1209 substantias,
3487 1141 3569 1198 fa-

1988 1213 2072 1268 cie
2095 1215 2163 1269 ad
2190 1217 2400 1272 faciem.
2439 1237 2460 1271 ι

2045 1306 2100 1362 8.
2116 1307 2273 1363 CAP.
2295 1308 2520 1366 lll.—ln
2537 1311 2676 1370 libro
2703 1331 2918 1388 quoque
2936 1320 3098 1376 tertio
3114 1321 3229 1378 haec
3246 1325 3372 1380 vitia
3399 1331 3572 1384 conti-

1984 1410 2204 1456 nentur:
2229 1421 2248 1456 ι
2261 1401 2354 1458 Sin
2384 1413 2563 1461 autem
2589 1409 2758 1464 semel
2776 1412 3101 1483 recepimus,
3121 1417 3266 1486 quod
3283 1433 3350 1474 ex
3367 1435 3573 1489 praece-

1983 1490 2235 1550 dentibus
2251 1495 2431 1553 causis
2446 1497 2592 1554 aliud
2616 1514 2712 1556 vas
2741 1500 2798 1557 in
2815 1500 3100 1574 honorem,
3129 1508 3272 1564 aliud
3289 1511 3343 1566 in
3373 1521 3572 1568 contu-

1981 1585 2196 1639 meliam
2224 1586 2295 1642 sit
2322 1598 2560 1643 creatum
2580 1630 2598 1656 ,
2637 1605 2735 1646 cur
2770 1608 2878 1650 non
2905 1610 3252 1655 recurremus
3279 1601 3572 1660 ad'ani-mae

1979 1687 2260 1743 arcanum,
2291 1687 2346 1733 et
2374 1678 2736 1751 intelligamus
2754 1698 2872 1739 eam
2895 1687 3071 1756 egisse
3094 1693 3410 1761 antiquitus,
3446 1711 3570 1764 pro-

1979 1777 2100 1837 pter
2125 1769 2269 1838 quod
2299 1769 2353 1825 in
2380 1771 2552 1828 altero
2580 1774 2774 1830 dilecta
2793 1817 2810 1843 ,
2841 1778 2898 1833 in
2936 1780 3108 1836 altero
3135 1783 3260 1839 odio
3288 1785 3471 1844 habita
3498 1791 3570 1846 sit

1980 1859 2234 1934 (Malach.
2269 1865 2320 1918 1.
2345 1863 2428 1935 2),
2463 1874 2748 1937 antequam
2780 1872 2831 1924 in
2859 1869 3030 1928 Jacob
3056 1890 3282 1946 corpore
3306 1882 3570 1953 supplan-

1981 1965 2200 2026 taret,et
2215 1957 2270 2012 in
2284 1958 2424 2014 Esau
2442 1961 2622 2030 planta
2637 1971 2911 2020 teneretur
2922 1982 2952 2022 a
2965 1966 3129 2024 fratre
3145 1969 3298 2043 (Gen.
3314 1973 3533 2049 25.9.5)?
3545 1995 3566 2032 ι

1979 2053 2047 2108 Et
2069 2053 2262 2108 iterum
2287 2071 2301 2108 :
2329 2071 2348 2105 t
2372 2053 2442 2110 Ut
2456 2067 2634 2112 autem
2652 2057 2770 2112 aliae
2791 2059 2986 2116 animai
3004 2062 3195 2121 ﬁerent
3211 2066 3263 2121 in
3284 2067 3571 2142 honorem,

1975 2145 2095 2200 alia:
2120 2145 2172 2199 in
2205 2147 2614 2216 contumeliam,
2643 2152 2996 2208 materiarum
3023 2170 3420 2232 causarumque
3455 2181 3568 2222 me-

1975 2237 2080 2292 rita
2104 2248 2520 2306 praecesserunt.
2550 2240 2618 2296 Et
2643 2241 2697 2296 in
2728 2244 2918 2299 eodem
2957 2247 3114 2302 loco:
3142 2249 3308 2308 Juxta
3335 2269 3438 2310 nos
3462 2271 3562 2312 au-

1976 2337 2084 2386 tem
2111 2347 2176 2388 ex
2206 2333 2632 2401 prmcedentibus
2658 2337 2886 2404 meritis,
2917 2355 3016 2397 vas
3043 2343 3186 2412 quod
3213 2344 3268 2401 in
3299 2347 3560 2406 honorem

1974 2423 2136 2480 fuerit
2164 2423 2508 2495 fabricatum,
2535 2428 2581 2484 si
2611 2444 2720 2485 non
2750 2431 2970 2502 dignum
2999 2437 3266 2494 vocabqu
3290 2453 3394 2495 suo
3419 2455 3566 2514 Opus

1976 2517 2190 2585 fecerit,
2222 2518 2274 2574 in
2296 2520 2404 2575 alio
2433 2523 2634 2578 saeculo
2659 2523 2750 2579 ﬁet
2770 2539 2864 2580 vas
2884 2529 3242 2596 contumeliae,
3269 2541 3324 2587 et
3348 2547 3560 2589 rursum

1971 2623 2068 2664 vas
2097 2609 2252 2679 illud,
2279 2612 2420 2682 quod
2449 2628 2516 2668 ex
2545 2615 2802 2670 anteriori
2831 2617 2987 2688 culpa
3007 2621 3348 2677 contumeliae
3365 2639 3564 2681 nomen

1975 2710 2284 2772 acceperat,
2308 2704 2353 2759 si
2374 2705 2431 2759 in
2458 2708 2710 2775 praesenti
2729 2709 2834 2762 vita
2850 2710 3044 2780 corrigi
3066 2713 3317 2781 voluerit,
3342 2716 3396 2771 in
3419 2732 3562 2773 nova

1971 2795 2248 2851 creatione
2275 2795 2369 2851 fiet
2397 2812 2492 2852 vas
2519 2799 2910 2855 sanctiﬁcatum
2933 2842 2946 2866 ,
2974 2811 3030 2857 et
3058 2805 3187 2860 utile
3214 2806 3478 2877 Domino,
3507 2817 3564 2866 et

1971 2885 2026 2939 in
2055 2901 2216 2941 omne
2242 2902 2380 2957 opus
2407 2888 2604 2944 bonum
2633 2901 2900 2961 paratum.
2930 2892 3234 2967 Statimque
3253 2899 3559 2972 subiungit:

1969 2977 2086 3050 Ego
2111 2979 2350 3037 arbitror
2381 2997 2540 3052 posse
2567 2985 2828 3055 quosdam
2862 2986 3130 3056 homines,
3156 3005 3187 3044 a
3215 2993 3394 3061 parvis
3418 2995 3562 3052 vitiis

1968 3071 2316 3142 incipientes,
2341 3070 2409 3130 ad
2430 3084 2630 3132 tantam
2649 3079 2943 3148 nequitiam
2967 3082 3276 3150 pervenire,
3308 3085 3352 3140 si
3377 3094 3558 3142 tamen

1967 3167 2246 3221 noluerint
2285 3166 2352 3221 ad
2385 3167 2610 3223 meliora
2639 3171 2878 3226 converti
2904 3213 2917 3238 ,
2946 3181 3002 3227 et
3026 3175 3346 3243 ptenitentia
3372 3193 3560 3233 emen-

1966 3255 2099 3312 dare
2139 3267 2392 3328 peccata,
2424 3269 2482 3314 ut
2520 3269 2574 3315 et
2601 3263 2886 3317 contraria:
2919 3262 3260 3322 fortitudines
3304 3269 3432 3325 ﬁant
3454 3288 3475 3338 ι
3501 3280 3558 3328 et

1964 3363 2178 3406 rursum
2199 3366 2266 3406 ex
2288 3350 2519 3408 inimicis
2537 3355 2929 3425 contrariisque
2951 3357 3256 3426 virtutibus,
3273 3360 3330 3415 in
3349 3372 3556 3419 tantum

1965 3442 2226 3514 quosdam
2251 3459 2350 3514 per
2378 3445 2542 3501 multa
2572 3454 2816 3517 tempora
2841 3450 3146 3509 vulneribus
3169 3453 3280 3510 suis
3297 3455 3554 3513 adhibere

1963 3536 2334 3606 medicinam,
2371 3545 2428 3596 et
2465 3537 2685 3598 liuentia
2725 3545 2875 3611 prius
2915 3544 3106 3599 delicta
3147 3548 3550 3618 constringere,-

1966 3636 2027 3685 ut
2049 3627 2118 3686 ad
2148 3632 2330 3688 locum
2358 3641 2638 3690 transeant
2662 3635 3012 3702 optimorum.
3045 3634 3254 3705 Saepius
3277 3637 3512 3695 diximus
3535 3681 3550 3706 ,

1965 3719 2022 3776 in
2068 3721 2292 3777 inﬁnitis
2331 3724 2714 3793 perpetuisque
2753 3725 3006 3790 saeculis,
3039 3725 3091 3778 in
3139 3727 3332 3796 quibus
3370 3731 3551 3786 anima

1965 3815 2211 3870 subsistit
2235 3822 2295 3869 et
2317 3815 2473 3882 vivit,
2500 3815 2581 3870 sic
2611 3816 2892 3870 nonnullas
2919 3831 3104 3870 earum
3132 3817 3198 3871 ad
3222 3821 3402 3888 pejora
3429 3836 3552 3877 cor-

1966 3924 2146 3975 ruere,
2167 3918 2225 3964 ut
2245 3908 2494 3966 ultimum
2510 3908 2729 3964 malitiae
2751 3908 2930 3965 locum
2954 3918 3196 3977 teneant,
3218 3921 3272 3966 et
3286 3913 3364 3966 sic
3387 3929 3550 3984 quas-

1964 4001 2089 4056 dam
2120 4002 2383 4072 proﬁcere
2399 4039 2420 4066 ,-
2447 4012 2508 4058 ut
2532 4002 2602 4058 de
2630 4001 2822 4059 ultimo
2859 4003 3081 4059 malitia:
3112 4005 3308 4074 gradu,
3331 4007 3398 4062 ad
3421 4023 3548 4079 per-

1966 4093 2158 4150 fectam
2185 4094 2402 4149 veniant
2423 4103 2960 4165 consummataque
2988 4095 3262 4150 virtutem.
3290 4113 3310 4148 ι
3341 4097 3546 4170 Quibus

1960 4185 2122 4240 dictis
2145 4195 2372 4240 conatur
2396 4185 2706 4252 ostendere,
2733 4193 2789 4240 et
2812 4185 3080 4251 liomims,
3110 4185 3161 4240 id
3188 4197 3313 4252 est,
3339 4190 3548 4246 animas

1963 4292 2122 4348 posse
2151 4277 2268 4333 ﬁeri
2299 4277 2593 4342 daemones,
2624 4285 2680 4332 et
2708 4292 2924 4332 rursum
2951 4276 3224 4334 daemones
3253 4279 3308 4334 in
3331 4280 3547 4352 Angeli-

1960 4385 2079 4427 cam
2121 4369 2289 4440 redigi
2340 4369 2676 4440 dignitatem.
2719 4369 2894 4440 Atque
2937 4369 2991 4424 in
3021 4370 3215 4427 eodem
3238 4373 3542 4430 volumine:

1967 4481 1987 4516 ι
2009 4461 2118 4520 Sed
2139 4461 2311 4518 ethoc
2329 4461 2734 4531 requirendum.
2748 4476 2914 4528 quare
2940 4461 3170 4517 humana
3194 4466 3372 4519 anima
3403 4482 3544 4523 nunc

1959 4556 2030 4612 ab
2053 4556 2158 4622 his,
2186 4569 2326 4610 nunc
2341 4554 2410 4609 ab
2431 4552 2551 4608 aliis
2574 4552 2858 4608 virtutibus
2878 4551 2946 4608 ad
2972 4551 3184 4610 diversa
3207 4564 3536 4616 moveatur»

1957 4650 2026 4705 Et
2044 4646 2552 4719 putatquorumdam
2565 4653 2852 4715 antequam
2869 4647 3114 4702 venirent
3131 4647 3184 4702 in
3201 4648 3275 4721 (ι)
3288 4663 3538 4725 corpora,

1956 4741 2146 4796 merita
2216 4737 2382 4810 925
2454 4738 2816 4807 praecessisse,
2840 4746 2900 4793 ut
2914 4749 2996 4794 est
3013 4740 3139 4795 illud
3155 4740 3542 4805 Joannisexul-

1957 4835 2119 4890 tantis
2145 4834 2198 4886 in
2227 4841 2382 4886 utero
2407 4830 2594 4886 matris
2624 4845 2757 4898 suae,
2784 4832 3002 4902 quando
3029 4833 3097 4888 ad
3123 4849 3307 4891 mecm
3333 4838 3537 4896 saluta-

1956 4924 2120 4979 tionis
2146 4922 2350 4984 Mariae,
2383 4920 2655 4992 indignam
2684 4937 2744 4977 se
2769 4923 3202 4982 confabulatione
3223 4928 3340 4999 ejus
3361 4930 3540 4988 Eliza-

1953 5016 2080 5072 beth
2107 5012 2414 5069 conﬁtetur.
2443 5012 2742 5085 Statimque
2770 5015 3078 5087 subjungit:
3117 5037 3136 5071 ι
3161 5019 3230 5075 Ει
3257 5036 3289 5077 e
3316 5037 3536 5081 contra-

1954 5110 2037 5166 rio
2065 5108 2266 5179 parvuli
2299 5107 2451 5177 licet,
2493 5114 2550 5163 et
2590 5123 2728 5177 pene
2768 5109 3032 5166 lactentes
3065 5113 3223 5168 malis
3260 5117 3536 5186 replentur

1954 5203 2254 5274 spiritibus,
2283 5211 2338 5256 et
2362 5203 2415 5257 in
2455 5202 2672 5257 divinos
2701 5213 2859 5274 atque
2886 5205 3123 5263 hariolos
3164 5208 3494 5278 inepirantur
3516 5229 3534 5266 :

1956 5297 2008 5352 in
2035 5307 2259 5364 tantum,
2277 5305 2334 5351 ut
2351 5297 2510 5353 etiam
2533 5297 2746 5353 daemon
2765 5297 2840 5370 (a)
2861 5297 3187 5372 Pythonicus
3209 5302 3470 5370 quosdam
3502 5319 3534 5360 a

1957 5396 2142 5446 tenera
2183 5393 2337 5444 aetate
2380 5389 2686 5459 possideat;
2719 5405 2853 5459 quos
2898 5390 3181 5445 derelictos
3229 5397 3351 5446 csse
3392 5394 3536 5463 apud

1953 5479 2341 5553 providentiam
2365 5480 2482 5550 Dei,
2515 5497 2637 5537 cum
2669 5481 2799 5536 nihil
2831 5481 2938 5536 tale
2968 5479 3232 5549 fecerint,
3263 5491 3321 5537 ut
3345 5482 3571 5540 ἰαίνει-ι

2014 5707 2087 5771 (b)
2123 5708 2414 5771 Antea‘erat
2435 5716 2651 5771 corpore.
2685 5702 2794 5753 Alia
2828 5700 3046 5766 qnzcdam
3085 5701 3418 5766 hujuscemodi
3449 5717 3509 5756 su
3541 5719 3560 5756 .·

1951 5767 2033 5840 pra
2058 5767 2350 5840 atqueinfra
2376 5767 2704 5840 cmendamnus.
2751 5826 2762 5837 .
2809 5838 2820 5840 ξ
2864 5826 2872 5836 ,
2995 5839 3000 5840 7
3107 5830 3120 5840 _

2015 5832 2084 5892 (ε)
2118 5826 2365 5894 Pythoncs
2402 5835 2572 5878 vocant
2610 5826 2765 5876 Graeci
2803 5826 3003 5890 spiritus
3039 5830 3122 5892 qui
3156 5826 3318 5880 futura
3356 5829 3533 5894 praedi-

1949 5902 2084 6016 ωδ)
2119 5953 2224 6007 Lib.
2253 5954 2298 6002 2.
2327 5966 2430 6016 cap.
2457 5951 2610 6004 ultim.
2637 5964 2745 6016 quzc
2769 5951 2986 6004 Bullinus
3009 5952 3268 6004 adulterat.
