4088 6336
521 361 661 419 1067

516 475 660 532 modi
711 472 972 530 insaniam
1024 469 1386 534 sustinerent,
1431 481 1537 524 non
1576 474 1661 525 est
1687 456 1806 540 ejus
1835 468 1926 539 qui
1957 466 2096 522 nihil

513 569 628 626 vult
653 569 858 640 absque
887 567 998 624 Deo
1024 565 1170 635 fieri,
1203 573 1259 622 et
1282 557 1462 620 omnia
1489 563 1632 620 illius
1668 562 1872 635 justitia
1901 560 2100 633 guber-

518 662 656 716 nari.
683 678 704 712 ι

588 752 643 806 9.
676 751 1020 820 Rursumque
1050 747 1120 805 de
1147 748 1348 804 mundo
1373 767 1386 803 :
1425 767 1444 802 ι
1472 748 1639 804 Nobis
1667 755 1877 813 autem,
1905 744 2096 815 inquit,

513 844 710 916 placet,
735 851 789 899 et
814 853 938 898 ante
971 842 1110 896 hunc
1136 841 1396 902 mundum
1420 840 1588 895 alium
1623 837 1790 893 fuisse
1816 835 2099 912 mundum,

515 947 570 992 et
602 945 726 1008 post
754 936 915 990 istum
945 935 1110 988 alium
1146 933 1405 988 futurum.
1438 932 1532 986 Vis
1559 931 1788 996 discere,
1816 927 1957 1000 quod
1984 935 2104 998 post

519 1031 921 1102 corruptionem
966 1028 1125 1098 hujus
1164 1027 1346 1082 mundi
1393 1026 1528 1081 alius
1566 1025 1636 1079 sit
1688 1023 1938 1078 futurus?
1978 1018 2104 1074 audi

515 1121 710 1178 Isaiam
739 1123 1048 1190 loquentem
1076 1137 1089 1174 :
1123 1118 1241 1172 Erit
1267 1117 1450 1173 calum
1478 1133 1682 1181 novum,
1716 1124 1762 1169 et
1789 1124 1924 1168 terra
1950 1127 2100 1177 nova,

402 1240 416 1252 -
513 1229 632 1275 qua:
671 1228 760 1282 ego
803 1213 939 1284 facio
981 1225 1275 1280 permanere
1309 1210 1361 1261 in
1390 1216 1663 1276 conspectu
1687 1220 1797 1260 meo
1828 1202 1982 1276 (Cap.
2011 1201 2101 1256 66.

517 1305 633 1377 22).
665 1304 759 1359 Vis
787 1317 967 1369 nosse,
999 1302 1140 1373 quod
1168 1309 1292 1356 ante
1319 1300 1571 1355 fabricam
1601 1300 1755 1354 istius
1775 1297 1982 1360 nnmdi,
2013 1294 2104 1350 alii
2126 1296 2142 1311 ‘

518 1396 707 1451 mundi
755 1398 806 1450 in
837 1394 1112 1465 pr;rterito
1157 1391 1397 1447 fuerint?
1434 1390 1650 1446 Asculta
1695 1389 2055 1445 Ecclesiasten
2087 1404 2100 1440 :

524 1489 664 1555 Quid
688 1499 762 1544 est
789 1488 923 1556 quod
954 1487 1090 1558 fuit?
1118 1487 1285 1556 ipsum
1312 1484 1447 1556 quod
1471 1485 1586 1538 erit.
1617 1483 1685 1536 Et
1723 1482 1845 1554 quid
1873 1489 1945 1535 est
1969 1479 2105 1550 quod

524 1581 718 1652 factum
749 1580 864 1634 est?
894 1581 1060 1648 ipsum
1089 1577 1224 1648 quod
1250 1577 1476 1647 futurum
1502 1585 1594 1630 est.
1628 1574 1694 1628 Et
1729 1591 1828 1627 non
1859 1583 1931 1628 est
1960 1587 2107 1625 omne

515 1688 702 1727 novum
729 1671 818 1726 sub
849 1671 977 1739 sole,
1007 1671 1145 1742 quod
1171 1671 1425 1740 loquatur,
1458 1678 1504 1723 et
1529 1669 1663 1722 dicat
1688 1685 1706 1722 :
1737 1666 1872 1721 Ecce
1896 1667 1989 1720 hoc
2015 1672 2106 1719 no-

514 1779 632 1820 vum
657 1763 797 1819 estJ
802 1781 884 1819 am
899 1765 1030 1818 enim
1055 1764 1153 1834 fuit
1179 1764 1234 1818 ir.
1257 1762 1460 1817 saeculis
1488 1761 1737 1832 pristinis,
1773 1776 1887 1832 qua’
1901 1761 2108 1831 fuerunt

515 1868 634 1914 ante
662 1875 752 1912 nos
777 1856 973 1927 (Eccle.
1006 1857 1057 1911 l.
1088 1855 1144 1911 9.
1173 1855 1284 1925 10).
1317 1853 1467 1920 Quod
1491 1852 1853 1908 testimonium
1881 1865 1986 1905 non
2013 1863 2105 1903 so-

517 1951 626 2004 lum
657 1949 843 2014 fuisse,
882 1948 977 2002 sed
1021 1946 1232 2001 futuros
1272 1945 1503 2000 mundos
1542 1959 1662 2000 esse
1695 1952 1956 1998 testatur:
1999 1957 2104 1996 non

520 2041 663 2112 quod
694 2040 874 2103 simul,
905 2049 959 2093 et
997 2039 1202 2108 pariter
1231 2051 1419 2092 omnes
1461 2036 1592 2090 fiant
1615 2078 1629 2102 ,
1677 2034 1772 2090 sed
1813 2034 1949 2089 alius
1987 2040 2108 2104 post

457 2160 470 2170 -
519 2133 682 2188 alium
711 2151 724 2188 :
755 2133 1042 2202 statimque
1062 2129 1336 2201 subjungit
1362 2146 1375 2183 :
1407 2127 1486 2200 (a)
1515 2128 1812 2183 Divinitalis
1833 2127 2105 2182 habitacu-

517 2226 628 2282 lum
654 2235 708 2281 et
732 2239 914 2280 veram
940 2224 1180 2294 requiem
1210 2222 1346 2293 apud
1377 2237 1601 2292 superos
1629 2220 1880 2276 existimo
1908 2220 2106 2275 intelli-

520 2320 594 2391 gi,
629 2319 682 2373 in
714 2333 816 2389 qua
843 2325 1107 2372 creatura:
1143 2314 1494 2370 rationabiles
1524 2322 1917 2369 commorantes
1954 2322 2106 2367 ante-

521 2426 681 2481 quam
713 2410 780 2465 ad
823 2409 1078 2465 inferiora
1111 2407 1544 2473 descenderent,
1585 2417 1641 2462 et
1664 2407 1732 2463 de
1757 2405 2108 2461 invisibilibus

521 2504 589 2558 ad
626 2502 855 2557 visibilia
891 2501 1341 2571 commigrarent,
1391 2507 1722 2568 ruentesque
1761 2496 1827 2551 ad
1869 2506 2066 2552 terram
2089 2537 2106 2565 ,

523 2597 720 2654 crassis
770 2595 1090 2667 corporibus
1136 2593 1476 2664 indigerent,
1519 2593 1734 2662 antiqua
1781 2589 2110 2646 beatitudine

524 2692 859 2748 fruebantur.
889 2688 1046 2746 Unde
1067 2688 1314 2742 conditor
1336 2687 1478 2742 Deus
1504 2685 1626 2740 fecit
1654 2684 1733 2738 eis
1753 2697 1985 2752 congrua
2007 2682 2108 2736 bu—

526 2786 742 2841 milibus
779 2783 913 2840 locis
941 2796 1167 2851 corpora
1190 2821 1204 2845 ,
1248 2789 1302 2834 et
1344 2778 1603 2832 mundum
1642 2777 1800 2829 istum
1843 2775 2108 2829 visibilem

525 2877 820 2934 fabricatus
845 2885 928 2932 est
962 2895 974 2930 :
1006 2874 1386 2942 ministrosque
1440 2870 1510 2923 ob
1563 2869 1786 2923 salutem
1827 2877 1881 2923 et
1928 2882 2110 2923 corre-

527 2973 762 3039 ptionem
781 2982 991 3032 eorum,
1011 2966 1098 3036 qui
1125 2961 1455 3027 ceciderunt,
1477 2961 1622 3015 misit
1650 2961 1700 3014 in
1725 2959 1978 3014 mundum
2005 2978 2016 3013 :
2044 2975 2110 3015 ex

526 3062 722 3132 quibus
751 3061 841 3114 alii
871 3066 1020 3114 certa
1050 3056 1360 3110 obtinerent
1384 3051 1502 3106 loca
1525 3093 1539 3117 ,
1573 3060 1627 3106 et
1655 3050 1837 3105 mundi
1879 3050 2112 3105 necessi-

532 3155 731 3210 tatibus
760 3151 1040 3206 obedirent
1066 3164 1078 3199 :
1111 3146 1200 3199 alii
1247 3143 1484 3213 injuncta
1511 3143 1613 3198 sibi
1642 3142 1816 3198 officia
1842 3185 1855 3208 ,
1889 3142 2112 3211 singulis

530 3245 832 3315 quibusque
874 3235 1207 3306 temporibus
1226 3275 1242 3300 ,
1271 3249 1390 3304 quae
1418 3235 1568 3288 novit
1592 3233 1784 3288 artifex
1814 3234 1953 3288 Deus
1972 3274 1986 3298 ,
2029 3248 2114 3289 se-

529 3337 654 3391 dula
683 3340 864 3388 mente
892 3335 1204 3383 tractarent.
1252 3327 1318 3380 Et
1357 3342 1423 3380 ex
1454 3327 1536 3380 bis
1576 3327 1885 3381 sublimiora
1930 3326 2112 3381 mundi

535 3430 650 3482 loca
676 3466 692 3489 ,
726 3423 828 3488 sol,
863 3431 917 3476 et
945 3421 1092 3486 luna,
1123 3427 1176 3475 et
1201 3420 1390 3486 stellae,
1421 3435 1540 3490 quae
1573 3419 1640 3474 ab
1670 3419 1930 3488 Apostolo
1957 3435 2112 3474 crea-

534 3528 651 3570 tura
676 3514 946 3577 dicuntur,
972 3519 1311 3581 acceperunt.
1335 3511 1464 3578 Quae
1485 3520 1728 3566 creatura
1750 3511 1968 3565 vanitati
1989 3510 2117 3564 sub-

529 3611 673 3679 jecta
702 3617 781 3661 cst
821 3605 994 3678 (Rom.
1027 3603 1105 3678 8),
1137 3621 1203 3660 eo
1231 3605 1374 3675 quod
1403 3605 1602 3660 crassis
1638 3604 1962 3659 circumdata
1998 3618 2118 3658 cor-

536 3701 782 3770 poribus,
813 3709 867 3753 et
890 3698 1125 3768 aspectui
1198 3697 1362 3768 926
1436 3705 1630 3766 pateat.
1683 3697 1751 3750 Et
1796 3705 1969 3751 tamen
2011 3712 2117 3750 non

533 3798 726 3860 sponte
753 3789 988 3858 subjecta
1021 3799 1104 3843 est
1130 3789 1348 3842 vanitati
1375 3805 1388 3840 :
1422 3788 1514 3842 sed
1544 3796 1761 3857 propter
1788 3789 2116 3843 voluntatem

535 3883 674 3952 ejus,
704 3883 794 3953 qui
819 3897 936 3937 eam
965 3882 1192 3950 subjecit
1222 3882 1272 3935 in
1302 3897 1416 3951 spe.
1454 3881 1519 3934 Et
1547 3883 1736 3936 iterum
1763 3898 1776 3935 :
1805 3881 1892 3936 alii
1914 3897 2044 3936 vero
2066 3883 2117 3936 in

539 3977 767 4046 singulis
812 3976 943 4031 locis
987 3985 1145 4046 atque
1189 3975 1553 4046 temporibus,
1595 3991 1714 4046 qua:
1753 3975 1899 4031 solus
1929 3975 2118 4031 artifex

541 4070 723 4135 novit,
757 4068 939 4123 mundi
983 4067 1362 4138 gubernaculis
1403 4067 1677 4133 serviunt,
1719 4082 1854 4136 quos
1892 4068 2123 4138 Angelos

541 4164 657 4234 ejus
673 4177 790 4218 esse
809 4161 1098 4218 credimus.
1126 4180 1145 4213 ι
1167 4160 1233 4216 Et
1248 4167 1368 4230 post
1382 4159 1652 4230 paululum
1677 4177 1690 4214 :
1716 4177 1736 4210 ε
1759 4160 1926 4228 Quem
1946 4176 2121 4215 rerum

543 4255 786 4310 ordinem
828 4253 991 4307 totius
1029 4251 1212 4306 mundi
1256 4251 1393 4320 regit
1444 4249 1811 4319 providentia,
1839 4251 1965 4305 dum
2006 4251 2125 4305 alia:

542 4348 772 4402 virtutes
799 4345 867 4400 de
894 4343 1296 4399 sublimioribus
1320 4351 1597 4408 corruunt,
1623 4342 1741 4396 alia:
1769 4344 2022 4413 paulatim
2052 4345 2128 4399 la-

542 4440 738 4495 buntur
782 4439 834 4492 in
864 4446 1055 4491 terras.
1099 4434 1220 4488 Istae
1245 4433 1558 4488 voluntaria:
1601 4433 1966 4502 descendunt,
2009 4436 2126 4491 alia:

547 4530 949 4601 praecipitantur
965 4527 1162 4580 invitae.
1186 4524 1279 4578 Ha:
1295 4533 1485 4593 sponte
1501 4525 1796 4596 suscipiunt
1815 4526 2124 4595 ministeria,

546 4621 894 4677 utruentibus
915 4632 1129 4672 manum
1152 4616 1427 4686 porrigant
1451 4616 1585 4670 :illa:
1601 4626 1864 4687 coguntur
1885 4618 2126 4688 ingratae,

551 4714 628 4786 (b)
657 4722 874 4770 uttanto
889 4721 1127 4781 tempore
1155 4711 1206 4764 in
1235 4720 1488 4779 suscepto
1507 4710 1685 4765 officio
1712 4722 2075 4781 perseverent.
2102 4731 2121 4765 ι

550 4811 616 4863 Et
653 4809 844 4862 iterum
871 4825 882 4860 :
919 4823 938 4857 ι
961 4805 1038 4860 Ex
1069 4819 1175 4875 quo
1205 4805 1476 4874 sequitur,
1519 4814 1575 4858 ut
1602 4804 1672 4859 ob
1711 4807 1885 4860 varios
1916 4817 2126 4872 motus,

549 4906 684 4961 varii
710 4913 961 4960 creentur
994 4913 1049 4958 et
1079 4901 1298 4966 mundi,
1338 4911 1392 4955 et
1428 4909 1550 4970 post
1579 4901 1718 4956 hunc
1751 4917 1908 4972 quem
1945 4903 2131 4958 incoli-

549 5013 700 5064 mus,
729 4997 869 5050 alius
915 4995 1084 5050 multo
1124 4993 1400 5048 dissimilis
1431 4993 1660 5047 mundus
1699 4993 1810 5047 ﬁat.
1841 4994 2131 5066 Nullusque

551 5092 689 5146 alius
717 5087 946 5144 diversis
973 5085 1208 5151 casibus,
1238 5093 1294 5140 et
1321 5085 1665 5154 profectibus,
1691 5094 1745 5140 et
1770 5087 1852 5141 vel
1876 5087 2130 5143 virtutum

551 5181 811 5255 praemiis,
833 5179 918 5236 vel
943 5179 1193 5233 vitiorum
1215 5178 1515 5249 suppliciis,
1549 5187 1604 5232 et
1629 5178 1680 5232 in
1707 5179 1975 5250 praesenti,
2002 5181 2130 5237 etin

617 5342 690 5405 (a)
723 5340 906 5405 Locum
921 5351 1016 5405 ope
1032 5335 1179 5405 Begii
1197 5335 1375 5405 codicis
1388 5338 1706 5405 restituimus,
1725 5351 1834 5405 cum
1852 5339 2133 5405 antea‘editi

551 5396 725 5454 omnes
768 5396 1258 5458 vitiose'babei‘ent,
1307 5397 1543 5449 Divinitus
1591 5396 1934 5450 habitaculum.
1978 5402 2134 5452 Abest

551 5471 700 5516 etiam
723 5465 784 5515 ab
823 5463 996 5513 eodem
1036 5459 1336 5523 exemplari,
1377 5462 1570 5523 integro
1610 5470 1770 5511 tamen
1807 5476 1973 5518 sensu,
2012 5476 2136 5512 com-

548 5534 805 5578 morantes.
851 5525 1094 5575 Caeterum
1138 5537 1202 5572 ex
1259 5523 1664 5584 interpretatione
1699 5524 1872 5573 Ruﬂini
1915 5524 2032 5572 nihil
2069 5526 2133 5574 de

548 5604 669 5640 vero
693 5588 920 5651 Origenis
937 5600 1086 5636 sensu
1109 5587 1391 5634 constituas.
1416 5584 1594 5635 Confer
1615 5600 1724 5648 qua:
1747 5587 1875 5645 hinc,
1904 5598 2058 5648 usque
2074 5587 2132 5636 ad

549 5653 936 5706 subsequentem
958 5660 1240 5706 numerum,
1263 5655 1394 5696 sunt.

611 5713 684 5775 (b)
718 5708 929 5772 Regium
952 5710 1078 5759 idem
1105 5708 1376 5775 exemplar,
1403 5711 1480 5759 cui
1503 5711 1675 5775 partim
1700 5714 1842 5759 vetus
1866 5709 2134 5775 editio_suf-

549 5771 780 5836 fragatur,
804 5771 904 5822 iet
926 5779 1058 5820 tanto
1081 5771 1162 5821 vel
1199 5776 1332 5820 tanto
1370 5771 1592 5834 tempore
1631 5773 1679 5822 in
1716 5780 1938 5834 suscepto
1976 5772 2133 5823 ofﬁcio

550 5843 888 5896 perseverant,
913 5849 935 5877 ν
968 5841 1066 5882 etc.

1817 352 2062 411 SANCTI
2098 350 2458 412 HIERONYM
2467 354 2487 410 ι

3637 362 3772 423 1068

2206 470 2406 537 futuro,
2437 479 2596 542 atque
2630 470 2684 527 in
2711 470 2963 528 omnibus
2987 478 3043 529 et
3065 479 3216 529 retro
3244 471 3320 547 (c)
3347 481 3401 530 et
3430 482 3620 547 postea
3642 486 3772 534 tem-

2207 563 2428 634 poribus
2455 571 2627 633 potest
2655 565 2846 618 merita
2868 563 3200 636 dispensare,
3222 576 3276 622 et
3297 567 3363 622 ad
3386 583 3546 623 unum
3571 586 3778 627 rursum

2209 653 2370 709 finem
2397 662 2587 710 cuncta
2620 655 2954 725 pertrahere,
2985 655 3089 710 nisi
3115 657 3263 712 solus
3282 659 3527 714 conditor
3547 662 3778 717 omnium

2210 743 2376 812 Deus,
2409 745 2498 814 qui
2529 745 2634 800 scit
2678 759 2872 800 causas
2919 755 3138 816 propter
3179 763 3310 817 quas
3343 749 3478 804 alios
3517 752 3780 820 permittat

2209 850 2304 889 sua
2330 835 2534 905 perfrui
2560 835 2858 903 voluntate,
2883 845 2938 892 et
2965 836 3032 892 de
3053 837 3344 908 majoribus
3365 839 3432 894 ad
3462 841 3644 896 ultima
3667 859 3782 914 pau-

2207 926 2354 982 latim
2381 928 2580 995 delabi,
2611 929 2750 984 alios
2777 929 2997 1000 incipiat
3026 931 3282 1000 visitare,
3306 942 3359 989 et
3379 935 3638 1004 gradatim
3660 953 3784 1008 qua—

2210 1017 2256 1072 si
2281 1033 2439 1072 manu
2465 1018 2611 1087 data,
2641 1020 2709 1074 ad
2754 1021 3037 1090 pristinum
3079 1025 3356 1082 retrahere
3394 1035 3587 1082 statum
3611 1069 3626 1095 ,
3657 1039 3710 1084 et
3734 1029 3784 1086 in

2210 1108 2530 1164 sublimibus
2560 1109 2848 1167 collocare.
2884 1129 2904 1164 ›

2281 1199 2332 1256 9.
2379 1199 2620 1272 Cumque
2650 1203 2716 1257 de
2746 1202 2852 1258 line
2905 1203 3178 1276 disputare
3228 1207 3513 1277 coepisset,
3559 1211 3674 1268 haec
3704 1213 3783 1269 in-

2213 1291 2366 1348 tulit:
2402 1311 2421 1344 ι
2446 1292 2578 1361 Quia
2608 1294 2690 1364 (ut
2719 1295 2910 1351 crebro
2923 1295 3032 1367 jam
3052 1298 3304 1373 diximus)
3330 1302 3647 1372 principium
3672 1320 3784 1360 rur-

2211 1397 2304 1436 sus
2325 1397 2390 1438 ex
2418 1382 2525 1438 fine
2547 1393 2857 1455 generatur,
2881 1389 3141 1457 qumritur
3161 1400 3362 1458 utrum,
3392 1403 3448 1448 et
3469 1402 3597 1449 tunc
3618 1395 3784 1450 futura

2210 1477 2320 1533 sint
2343 1491 2594 1546 corpora,
2626 1493 2692 1531 an
2721 1479 2840 1536 sine
2861 1483 3176 1549 corporibus
3198 1483 3487 1554 aliquando
3509 1487 3784 1544 vivendum

2211 1570 2316 1634 sit,
2349 1583 2468 1624 cum
2511 1569 2726 1624 redacta
2769 1571 2823 1626 in
2854 1571 3078 1628 nihilum
3123 1572 3352 1642 fuerint,
3395 1585 3449 1632 et
3481 1577 3785 1648 incorpora-

2211 1661 2340 1716 lium
2367 1659 2496 1727 vita,
2529 1662 2887 1733 incorporalis
2914 1679 3036 1722 esse
3064 1666 3334 1723 credenda
3361 1669 3461 1736 sit,
3502 1671 3710 1740 qualem
3737 1681 3786 1727 et

2211 1751 2306 1807 Del
2335 1753 2599 1808 novimus.
2624 1753 2733 1810 Nec
2759 1755 2976 1812 dubium
2994 1766 3096 1825 est,
3123 1759 3274 1829 quin,
3294 1760 3338 1815 si
3362 1742 3540 1816 omnia
3568 1777 3785 1832 corpora

2211 1844 2279 1899 ad
2307 1845 2562 1900 mundum
2591 1846 2752 1902 istum
2779 1850 3090 1905 seusibilem
3118 1853 3447 1920 pertineant,
3471 1869 3590 1924 quae
3611 1855 3787 1924 appel-

2211 1934 2389 1990 lantur
2413 1935 2480 1992 ab
2498 1938 2755 2008 Apostolo
2771 1940 2996 1996 visibilia
3011 1941 3186 2012 (Rom.
3209 1942 3284 2012 l),
3304 1943 3474 2000 futura
3493 1945 3564 2000 sit
3583 1946 3688 2001 vita
3713 1946 3789 2002 in-

2211 2031 2568 2102 corporalium
2583 2034 2950 2105 incorporalis.
2965 2055 2984 2088 s
3004 2037 3070 2091 Et
3097 2040 3253 2108 paulo
3272 2049 3391 2110 post
3415 2060 3428 2096 :
3458 2059 3478 2094 ι
3503 2042 3638 2098 Illud
3664 2059 3788 2111 quo-

2212 2138 2316 2194 que
2342 2125 2482 2193 quod
2514 2126 2582 2182 ab
2609 2127 2801 2184 eodem
2823 2130 3084 2199 Apostolo
3107 2132 3303 2188 dicitur
3327 2153 3341 2190 :
3369 2134 3546 2189 Omnis
3567 2148 3788 2194 creatura

2211 2217 2510 2272 liberabitur
2538 2237 2570 2272 a
2597 2221 2834 2275 servitute
2861 2225 3221 2294 corruptionis,
3245 2227 3299 2280 in
3323 2227 3602 2283 libertatem
3620 2231 3790 2300 gloria:

2212 2310 2439 2380 ﬁliorum
2465 2311 2563 2366 Dei
2597 2311 2773 2384 (Rom.
2804 2313 2856 2369 8.
2885 2315 3013 2388 21),
3060 2318 3138 2372 sic
3178 2319 3560 2390 intelligimus,
3595 2333 3653 2377 ut
3681 2325 3786 2395 pri-

2213 2419 2355 2459 mam
2386 2415 2687 2461 creaturam
2707 2409 3109 2466 rationabilium
3140 2420 3195 2466 et
3240 2413 3654 2485 incorporalium
3678 2432 3791 2473 esse

2213 2499 2476 2566 dicamus,
2506 2515 2626 2570 qua:
2659 2517 2764 2556 non
2793 2505 2994 2558 serviat
3022 2506 3383 2574 corruptioni,
3425 2523 3491 2562 eo
3519 2509 3660 2579 quod
3691 2525 3791 2565 non

2214 2591 2284 2646 sit
2308 2593 2502 2647 vestita
2536 2594 2894 2664 corporibus;
2926 2606 2976 2652 et
3007 2597 3332 2668 ubicumque
3427 2600 3590 2672 927
3674 2617 3792 2656 cor-

2213 2699 2346 2755 pora
2386 2685 2612 2751 fuerint,
2647 2689 2830 2742 statim
2868 2691 3145 2760 eorruptio
3185 2693 3563 2764 subsequatur.
3607 2697 3794 2752 Postea

2215 2783 2395 2829 autem
2424 2776 2740 2832 liberabitur
2767 2778 2835 2834 de
2857 2782 3117 2837 servitute
3142 2786 3504 2853 corruptionis
3523 2827 3539 2853 ,
3585 2788 3795 2858 quando

2216 2867 2524 2938 receperint
2561 2870 2789 2940 gloriam
2834 2871 3066 2927 filiorum
3101 2873 3193 2947 [ιιι.
3242 2876 3360 2948 ﬁlii]
3398 2877 3524 2943 Dei,
3557 2888 3613 2933 et
3660 2880 3796 2935 Deus

2215 2960 2376 3015 fuerit
2400 2963 2578 3016 omnia
2607 2964 2659 3019 in
2678 2965 2946 3021 omnibus.
2973 2985 2993 3019 ι
3025 2967 3358 3024 Etineodem
3375 2971 3492 3025 loco
3522 2989 3534 3024 :
3563 2991 3580 3023 ι
3611 2973 3676 3028 Ut
3704 2989 3797 3026 au-

2219 3061 2328 3107 tem
2366 3053 2742 3123 incorporeum
2776 3058 2934 3112 finem
2966 3061 3204 3114 omnium
3247 3077 3426 3116 rerum
3459 3079 3578 3119 esse
3616 3066 3799 3120 creda-

2218 3162 2360 3212 mus,
2393 3147 2481 3201 illa
2511 3163 2609 3204 nos
2633 3150 2929 3205 Salvatoris
2953 3155 3126 3207 oratio
3155 3165 3434 3223 provocat,
3467 3158 3519 3212 in
3551 3175 3654 3229 qua
3686 3161 3758 3214 ait
3785 3177 3798 3212 :

2222 3237 2291 3292 Ut
2319 3240 2570 3304 quomodo
2612 3257 2702 3309 ego
2741 3251 2787 3294 et
2816 3251 2868 3294 tu
2897 3259 3055 3295 ununt
3083 3261 3279 3312 sumus,
3308 3248 3380 3298 sic
3405 3258 3451 3300 et
3477 3250 3564 3302 isti
3590 3252 3643 3304 in
3667 3253 3800 3305 uobis

2218 3346 2374 3384 unum
2400 3333 2518 3385 sint.
2551 3331 2764 3387 Etenim
2791 3333 2932 3388 scire
2958 3333 3239 3403 debemus,
3275 3338 3402 3407 quid
3432 3340 3503 3393 sit
3533 3341 3680 3397 Deus
3701 3384 3715 3406 ,
3755 3355 3802 3398 et

2217 3425 2345 3495 quid
2373 3425 2444 3479 sit
2470 3426 2677 3480 futurus
2708 3427 2762 3481 in
2793 3426 2898 3482 line
2923 3428 3203 3496 Salvator,
3237 3439 3290 3485 et
3319 3434 3592 3501 quomodo
3636 3435 3720 3507 (ά)
3755 3438 3800 3491 in

2219 3518 2420 3573 sanetis
2449 3517 2741 3573 similitudo
2777 3518 2981 3586 Patris,
3013 3529 3067 3576 et
3093 3521 3218 3577 Filii
3249 3525 3577 3591 repromissa
3606 3528 3711 3595 sit,
3752 3539 3803 3582 ut

2220 3609 2490 3678 quomodo
2516 3609 2569 3663 in
2599 3623 2658 3664 se
2687 3609 2764 3663 illi
2789 3626 2952 3665 unum
2977 3620 3120 3680 sunt,
3154 3615 3233 3669 sic
3263 3624 3316 3670 et
3345 3615 3430 3669 isti
3460 3616 3511 3670 in
3542 3619 3623 3672 eis
3645 3635 3801 3673 tutum

2220 3703 2348 3757 sint.
2381 3703 2489 3760 Aut
2514 3703 2657 3758 enim
2687 3705 3086 3774 suscipiendum
3131 3717 3213 3763 est
3253 3709 3614 3766 universitatis
3638 3713 3800 3768 Deum

2224 3797 2409 3851 vestiri
2437 3813 2687 3868 corpore,
2720 3809 2773 3853 et
2800 3801 3072 3869 quomodo
3106 3817 3205 3856 nos
3229 3804 3502 3869 carnibus,
3537 3809 3616 3862 sic
3656 3808 3799 3864 illum

2224 3888 2460 3958 qualibet
2491 3891 2713 3945 materia
2743 3892 3102 3961 circumdari;
3134 3904 3190 3949 ut
3217 3896 3513 3950 similitudo
3540 3900 3662 3955 vitae
3688 3902 3799 3966 Dei,

2227 3980 2278 4034 in
2298 3981 2404 4035 fine
2425 3982 2624 4036 sanctis
2653 3986 2824 4054 possit
2848 3987 3047 4054 mquari
3069 4003 3084 4052 ;
3105 3996 3196 4041 aut
3223 3988 3266 4042 si
3296 3988 3400 4044 hoc
3424 3990 3678 4047 indecens
3700 4005 3798 4059 est,

2226 4075 2458 4128 maxime
2481 4075 2620 4146 apud
2651 4092 2764 4144 cos,
2798 4077 2888 4148 qui
2915 4078 3102 4133 saltem
3149 4094 3216 4135 ex
3247 4081 3467 4139 minima
3508 4094 3655 4153 parte
3707 4086 3792 4141 Dei

2227 4169 2430 4223 sentire
2459 4169 2677 4239 cupiunt
2702 4171 3057 4239 majestatem,
3089 4180 3144 4227 et
3169 4172 3420 4243 ingenita:
3447 4187 3607 4247 atque
3629 4181 3800 4232 omnia

2234 4261 2547 4316 excedentis
2578 4272 2781 4317 natura:
2810 4264 3032 4333 gloriam
3057 4266 3356 4335 suspicari;
3385 4283 3415 4321 e
3446 4269 3653 4324 duobus
3679 4271 3804 4325 alte-

2228 4368 2346 4408 rum
2376 4355 2651 4423 suscipere
2680 4356 2943 4425 cogimur,
2975 4365 3033 4410 ut
3061 4365 3152 4411 aut
3190 4358 3540 4429 desperemus
3565 4362 3803 4416 similitu-

2230 4444 2409 4500 dinem
2438 4446 2552 4511 Dei,
2581 4446 2627 4500 si
2658 4445 2844 4500 eadem
2867 4461 3084 4517 semper
3104 4464 3287 4503 sumus
3308 4465 3532 4521 corpora
3558 4452 3799 4520 habituri,

2229 4547 2323 4592 aut
2349 4537 2393 4593 si
2425 4537 2702 4594 beatitudo
2732 4540 2889 4594 nobis
2931 4540 3172 4610 ejusdem
3214 4559 3333 4599 cum
3380 4545 3492 4600 Deo
3535 4547 3656 4603 vite
3693 4562 3805 4617 pro—

2232 4633 2483 4700 mittitur,
2511 4633 2701 4688 eadem
2729 4649 2833 4706 qua
2862 4633 2998 4690 vivit
3026 4635 3189 4704 Deus,
3220 4637 3377 4692 nobis
3402 4638 3710 4695 conditione
3736 4641 3805 4693 vi~

2233 4724 2465 4779 vendum
2496 4734 2600 4782 est.
2631 4744 2651 4778 ι

2306 4815 2395 4871 10.
2425 4816 2501 4871 Ex
2528 4817 2724 4888 quibus
2745 4819 2999 4876 omnibus
3019 4820 3369 4892 approbatur,
3397 4822 3525 4893 quid
3551 4822 3620 4880 de
3639 4839 3810 4880 resur-

2234 4911 2473 4966 rectione
2503 4913 2719 4981 sentiat,
2767 4923 2824 4969 et
2861 4915 3004 4986 quod
3046 4918 3223 4972 omnia
3269 4931 3499 4986 corpora
3539 4919 3810 4974 interitura

2234 5005 2552 5062 confirmet:
2595 5017 2655 5062 ut
2698 5008 2866 5064 simus
2911 5009 3117 5080 absque
3156 5012 3505 5084 corporibus,
3549 5013 3814 5084 quomodo

2242 5098 2389 5170 prius
2414 5097 2610 5153 fuimus
2632 5140 2648 5166 ,
2676 5108 2964 5170 antequam
2995 5103 3195 5157 crassis
3232 5104 3549 5172 corporibus
3589 5105 3810 5158 vestire-

2239 5205 2380 5246 mur.
2410 5191 2755 5260 Rursumque
2780 5191 2849 5245 de
2877 5191 3199 5248 mundorum
3229 5197 3488 5250 varietate
3515 5195 3810 5266 disputans,

2237 5292 2293 5341 et
2321 5285 2409 5339 vel
2441 5299 2504 5338 ex
2536 5283 2754 5353 Angelis
2784 5283 3060 5342 daemones
3079 5327 3094 5353 ,
3126 5287 3211 5342 vel
3247 5287 3316 5344 de
3342 5288 3676 5344 daemonibus
3704 5289 3811 5342 Αηο

2237 5376 2408 5447 gelos,
2435 5373 2548 5428 sive
2569 5372 2816 5430 homines
2837 5374 3050 5432 futuros
3065 5391 3186 5434 esse
3205 5387 3533 5445 contestans,
3559 5390 3610 5435 et
3638 5395 3669 5436 e
3692 5394 3812 5434 con-

2305 5526 2365 5603 (c)
2407 5529 2711 5603 Martianaeus
2743 5533 2936 5603 priora,
2982 5536 3109 5599 quod
3145 5537 3508 5603 emendavimus
3533 5551 3597 5588 ex
3614 5538 3809 5603 Victorii

2238 5572 2486 5665 editione,
2523 5608 2632 5665 qua:
2665 5572 2909 5665 tapienviti

2237 5651 2359 5716 legit
2383 5651 2672 5725 promerita:
2700 5657 2850 5725 Paulo
2873 5651 3074 5710 inferius
3089 5674 3273 5718 vocem,
3290 5651 3530 5725 paulatim'
3544 5676 3606 5712 ex
3634 5651 3746 5712 Mss.
3765 5671 3811 5712 et

2236 5719 2397 5765 veteri
2421 5719 2538 5767 edit.
2565 5719 2860 5771 sulfeeimus.

2303 5777 2379 5838 (d)
2414 5779 2506 5828 Alii
2542 5782 2658 5848 editi
2696 5781 2745 5830 iu
2777 5784 2964 5842 Sancti,
3004 5785 3092 5834 sed
3113 5784 3164 5834 in
3187 5784 3417 5845 particula
3444 5795 3714 5848 expuncta,
3740 5799 3812 5836 se»

2239 5849 2475 5901 quentcm
2501 5850 2550 5894 ut
2584 5843 2640 5893 ad
2665 5857 2840 5894 sensus
2865 5843 3258 5914 perspicuitatem
3292 5843 3625 5913 supplet-intus
3649 5863 3678 5898 e
3702 5843 3804 5900 Mss.
