4088 6336
555 316 707 416 ’ίογδ

564 481 811 530 teneatur
829 469 1164 537 criminibus,
1203 475 1350 526 certe
1371 463 1426 523 in
1449 479 1518 525 eo
1539 465 1732 528 melior
1753 473 1859 535 est,
1886 467 2030 539 quod
2047 479 2143 522 sua

565 567 614 623 ei
645 566 787 622 mala
814 579 920 621 non
958 565 1190 636 placent.

638 659 692 716 6.
725 658 901 716 Audio
937 658 1242 730 religiosam
1267 656 1468 714 habere
1497 664 1549 712 te
1575 663 1823 722 matrem,
1853 651 2145 708 multorum

565 766 829 808 annorum
857 749 1091 816 viduam,
1119 763 1240 820 quae
1263 749 1414 814 aluit,
1447 763 1566 820 quae
1593 745 1822 803 erudivit
1846 743 2142 800 infantem:

502 839 510 934 ξ
563 859 629 900 ac
657 851 778 914 post
806 843 978 898 studia
998 841 1311 911 Galliarum,
1338 857 1458 913 qua:
1479 841 1566 898 vel
1590 839 1968 896 ﬂorentissima
1996 845 2140 906 sunt,

470 930 510 998 χῖ
563 937 710 992 misit
752 935 997 1002 Romam,
1026 950 1133 991 non
1162 949 1389 1004 parcens
1417 932 1738 1003 sumptibus,
1767 941 1822 987 et
1847 930 2144 986 absentiam

478 1096 479 1099 η
559 1029 680 1097 filii,
709 1043 805 1099 spe
843 1029 1113 1084 sustinens
1156 1028 1496 1092 futurorum;
1523 1034 1580 1081 ut
1619 1024 1916 1080 ubertatem
1957 1020 2145 1079 Gallici

464 1116 481 1154 τ’
559 1123 896 1193 nitoremque
920 1123 1204 1188 sermonis,
1227 1122 1457 1192 gravitas
1481 1119 1720 1174 Romana
1739 1118 2020 1174 condiret:
2044 1132 2144 1174 nec

559 1217 858 1273 calcaribus
885 1218 940 1272 in
986 1225 1058 1284 te,
1089 1217 1184 1272 sed
1227 1214 1410 1271 fraenis
1436 1223 1699 1281 uteretur,
1734 1211 1877 1283 quod
1903 1220 1958 1267 et
1985 1212 2036 1266 in
2061 1211 2144 1266 di-

557 1309 868 1364 sertissimis
909 1309 1038 1363 viris
1078 1307 1298 1363 Graeciae
1344 1306 1590 1377 legimus,
1629 1304 1707 1375 (a)
1747 1303 1838 1374 qui
1885 1301 2142 1357 Asianum

561 1414 824 1460 tumorem
847 1403 1023 1459 Attico
1044 1402 1318 1458 siccabant
1337 1401 1471 1468 sale,
1493 1408 1549 1456 et
1570 1398 1900 1454 luxuriantes
1919 1395 2142 1467 flagellis

556 1499 764 1565 vineas,
799 1498 1025 1553 falcibus
1049 1497 1444 1567 reprimebant,
1476 1503 1535 1550 ut
1559 1493 1878 1565 eloquentiae
1907 1492 2142 1547 torcula-

557 1591 656 1657 ria,
681 1607 787 1646 non
816 1589 1102 1645 verborum
1126 1587 1410 1659 pampinis,
1429 1585 1523 1642 sed
1545 1601 1820 1654 sensuum,
1839 1583 1990 1655 quasi
2017 1597 2144 1638 uva.

553 1698 696 1750 rum,
715 1681 1150 1753 expressionibus
1175 1680 1555 1736 redundarent.
1573 1678 1719 1733 Hanc
1744 1686 1800 1732 tu
1825 1676 2056 1746 suspice,
2085 1681 2143 1729 ut

555 1785 832 1844 parentem
864 1793 877 1829 :
907 1791 1049 1840 ama,
1068 1785 1126 1830 ut
1146 1774 1409 1830 nutricem
1439 1788 1456 1833 :
1486 1787 1766 1837 venerare,
1791 1779 1849 1826 ut
1875 1779 2137 1825 sanctam.

553 1865 663 1923 Nec
692 1868 919 1922 aliorum
946 1867 1172 1922 imiteris
1201 1865 1528 1936 exemplum,
1551 1861 1642 1933 qui
1666 1863 1972 1933 relinquunt
1989 1875 2136 1928 suas,

553 1969 607 2016 ct
637 1961 841 2017 alienas
888 1970 1189 2032 appetunt:
1219 1975 1444 2031 quorum
1487 1957 1722 2014 dedecus
1761 1955 1816 2010 in
1857 1955 2139 2025 propatulo

551 2061 670 2118 est,
702 2053 801 2108 sub
828 2053 1130 2108 nominibus
1174 2051 1250 2124 (b)
1280 2051 1490 2122 pietatis
1514 2049 1863 2120 qumrcntium
1891 2054 2139 2116 suspecta

556 2144 846 2200 consortia.
878 2143 1011 2199 Novi
1035 2158 1134 2215 ego
1155 2143 1416 2214 quasdam
1451 2141 1560 2212 jam
1593 2138 1897 2194 maturioris
1920 2138 2092 2193 aetatis
2116 2178 2134 2205 ,

553 2247 608 2292 et
629 2236 910 2308 plerasque
929 2236 1165 2292 libertini
1185 2235 1398 2307 generis
1416 2231 1842 2289 adolescentibus
1857 2229 2134 2296 delectari,

549 2336 603 2383 et
650 2328 789 2384 lilios
838 2344 1079 2398 quaerere
1125 2325 1430 2398 spirituales
1473 2341 1486 2377 :
1527 2322 1888 2393 paulatimque
1933 2320 2138 2392 pudore

548 2429 823 2491 superato,
858 2435 953 2492 per
1001 2419 1121 2476 ficta
1151 2428 1382 2474 matrum
1410 2413 1626 2471 nomina
1673 2427 1955 2483 erumpere
1983 2412 2040 2466 in
2067 2411 2136 2466 li-

549 2506 777 2560 centiam
809 2505 1131 2561 maritalem.
1161 2503 1297 2558 Alite
1334 2514 1548 2557 sorores
1576 2497 1812 2569 virgines
1836 2500 2090 2552 deserunt
2115 2535 2133 2563 ,

549 2608 604 2654 et
625 2597 863 2654 externis
886 2598 1058 2653 viduis
1078 2597 1419 2667 copulantur.
1443 2591 1579 2649 Sunt
1598 2605 1717 2661 qua:
1732 2589 1962 2646 oderunt
1980 2603 2130 2654 suos,

547 2697 605 2744 et
633 2704 740 2745 non
768 2704 988 2746 suorum
1019 2689 1302 2759 palpantur
1330 2685 1522 2740 atl'ectu
1551 2700 1565 2737 :
1592 2696 1819 2752 quarum
1847 2680 2134 2750 impatien-

547 2783 644 2849 tia,
692 2782 853 2838 index
896 2781 1082 2847 animi,
1128 2779 1328 2834 nullam
1372 2776 1565 2846 recipit
1605 2774 2046 2839 excusationem;
2079 2779 2136 2828 et

547 2891 702 2934 cassa
753 2876 823 2947 (c)
869 2873 1211 2945 impudicitiae
1249 2871 1578 2936 velamenta,
1623 2868 1773 2940 quasi
1816 2881 2133 2923 aranearum

547 2968 637 3042 ﬁla
673 2968 977 3037 disrumpit.
1021 2964 1218 3019 Videas
1257 2961 1548 3027 nonnullos
1587 2959 1844 3017 accinctis
1867 2960 2086 3017 renibus
2113 3000 2131 3029 ,

548 3061 691 3131 pulla
722 3060 920 3123 tunica,
962 3056 1124 3112 barba
1166 3054 1372 3125 prolixa
1391 3095 1408 3120 ,
1435 3069 1466 3109 a
1497 3054 1807 3110 mulieribus
1842 3068 1951 3109 non
1976 3067 2135 3124 posse

547 3152 848 3216 discedere,
881 3149 982 3204 sub
1009 3147 1197 3204 eodem
1228 3161 1447 3202 manere
1477 3153 1640 3214 tecto,
1662 3146 1820 3200 simul
1842 3145 1978 3201 inire
2006 3159 2136 3201 con-

550 3247 710 3309 vivia,
739 3241 957 3296 ancillas
978 3239 1205 3310 juvenes
1238 3238 1436 3294 habere
1463 3238 1516 3293 in
1560 3237 1882 3303 ministerio,
1913 3246 1968 3292 et
1992 3252 2132 3307 prte-

550 3347 632 3392 ter
661 3333 974 3390 vocabulum
1045 3333 1209 3405 936
1279 3331 1583 3402 nuptiarum
1608 3372 1624 3398 ,
1656 3330 1835 3384 omnia
1860 3343 1982 3385 esse
2019 3344 2136 3385 ma-

553 3425 815 3484 trimonii.
848 3423 1097 3481 Nccbtec
1141 3423 1297 3495 culpa
1346 3431 1430 3479 est
1467 3423 1759 3478 Christiani
1802 3422 2055 3486 nominis,
2086 3423 2134 3478 si

549 3518 830 3574 simulator
868 3516 1138 3586 religionis
1181 3516 1236 3570 in
1282 3515 1410 3570 vitio
1457 3515 1572 3571 sit:
1603 3515 1844 3586 quinimo
1887 3515 2134 3571 confusio

539 3594 846 3681 gentilium,
887 3624 1008 3663 cum
1053 3624 1114 3664 ea
1158 3607 1338 3668 vident
1383 3607 1638 3664 Ecclesiis
1678 3607 1986 3678 displicere,
2014 3622 2134 3678 quas

551 3700 798 3756 omnibus
828 3699 984 3755 bonis
1011 3715 1115 3754 non
1151 3699 1380 3768 placent.

624 3796 676 3848 7.
738 3792 870 3848 Boni
922 3793 1164 3849 Monachi
1213 3793 1450 3864 ofﬁciunt.
1503 3821 1575 3832 —
1621 3791 1702 3846 Tu
1747 3805 1878 3848 vero
1919 3795 1965 3846 si
2013 3805 2132 3846 mo-

554 3883 756 3940 nachus
797 3900 916 3941 esse
961 3884 1065 3955 vis,
1111 3900 1216 3940 non
1263 3883 1468 3952 videri,
1512 3883 1708 3939 habeto
1750 3898 1974 3949 curam,
2025 3898 2134 3938 non

553 3975 631 4030 rei
673 3975 970 4043 familiaris,
1019 3975 1104 4030 cui
1151 3974 1526 4042 renuntiando,
1568 3973 1671 4030 hoc
1720 3988 1841 4030 esse
1879 3973 2087 4044 ccepisti
2113 4013 2131 4040 ,

553 4066 649 4122 sed
700 4067 892 4122 animae
951 4074 1078 4122 tum.
1135 4067 1381 4124 Soantnaa
1437 4081 1631 4122 vssres
1683 4066 1924 4123 candida:
1978 4080 2134 4122 men-

552 4159 625 4214 tis
671 4159 863 4214 indicia
913 4159 1022 4214 sint
1068 4176 1082 4214 :
1126 4160 1247 4214 vilis
1310 4158 1487 4214 tunica
1536 4166 1902 4229 contemptum
1949 4156 2134 4213 saeculi

556 4252 744 4321 probet
773 4268 786 4304 :
817 4252 888 4305 ita
917 4251 1198 4317 duntaxat,
1228 4265 1295 4306 ne
1323 4250 1534 4306 animus
1563 4260 1784 4316 tumeat,
1814 4265 1884 4306 ne
1921 4249 2134 4305 habitus

555 4356 840 4412 sermoque
870 4341 1208 4398 dissentiant.
1243 4341 1559 4398 Balnearum
1590 4343 1826 4398 fomenta
1853 4355 1961 4396 non
1987 4355 2135 4411 quaa-

554 4441 657 4501 rat,
689 4432 781 4503 qui
821 4432 1055 4488 calorem
1081 4433 1354 4502 corporis,
1381 4432 1706 4502 jejuniorum
1754 4432 1902 4503 cupit
1935 4431 2135 4500 frigore

553 4527 886 4596 extinguere.
913 4525 1044 4592 Quae
1069 4533 1124 4580 et
1161 4525 1276 4595 ipsa
1303 4523 1577 4579 moderata
1603 4524 1729 4590 sint,
1760 4538 1829 4578 ne
1855 4521 2018 4577 nimia
2040 4519 2135 4576 de-

557 4619 766 4675 bilitent
791 4617 1148 4682 stomachum,
1169 4625 1222 4672 et
1245 4617 1504 4687 majorem
1531 4617 1878 4673 refectionem
1901 4629 2132 4685 poscen-

555 4709 648 4775 tia,
681 4718 964 4776 erumpant
1000 4709 1053 4762 in
1080 4708 1419 4774 cruditatem,
1447 4723 1567 4777 qua:
1614 4719 1807 4776 parens
1851 4703 2132 4761 libidinum

555 4811 658 4858 est.
691 4801 928 4856 Mootcus
951 4813 1015 4855 ac
1045 4807 1372 4871 temperatus
1410 4798 1560 4853 cibus
1589 4804 1642 4849 et
1669 4794 1816 4850 carni
1847 4804 1901 4850 et
1941 4797 2134 4854 animas

557 4895 704 4952 utilis
727 4901 828 4950 est.
861 4893 1085 4950 Matrem
1110 4893 1182 4950 ita
1206 4893 1348 4960 vide,
1381 4905 1448 4946 ne
1477 4902 1573 4959 per
1601 4887 1744 4942 illam
1785 4888 1916 4944 alias
1952 4888 2134 4946 videre

620 5049 688 5116 (α)
723 5048 908 5100 Recole
929 5049 1052 5112 apud
1077 5047 1426 5116 Quintilianum
1444 5041 1530 5093 lib.
1551 5042 1626 5093 12.
1650 5055 1756 5106 cap.
1783 5043 1859 5093 10.
1887 5043 2133 5108 exempla,

553 5110 840 5178 Ciceronem
863 5110 1131 5178 quoi1ue__i_n
1156 5110 1400 5178 Oratore._
1537 5166 1558 5178 ⁸
1615 5165 1646 5178 ῃ
1704 5167 1713 5176 ,

617 5175 689 5238 (b)
724 5165 895 5224 Acute'
934 5165 1163 5238 suggillat
1185 5169 1478 5238 _Agapetas,
1532 5165 1847 5238 foedissimtun
1883 5166 2134 5238 hominum

589 5229 712 5287 enus
731 5275 743 5298 ,
768 5238 851 5298 qui
873 5229 1086 5298 caritatis
1103 5271 1116 5288 ,
1156 5229 1480 5298 sive'pietatis
1501 5229 1708 5298 obtentu
1727 5266 1740 5288 ,
1782 5229 2010 5298 illicitum
2024 5243 2134 5298 cum

571 5289 747 5348 reminis
786 5289 1170 5348 'eontu'bcrnium
1224 5289 1465 5340 fucabant.
1523 5290 1579 5339 In
1633 5289 1835 5351 cpistola
1879 5289 2027 5342 XXII.
2072 5292 2136 5344 ad

551 5360 870 5412 Eustochium
890 5361 1209 5421 Agupetarum
1231 5358 1411 5416 pestem
1435 5359 1571 5402 vocat
1608 5351 1965 5416 Nazianzenus;

800 5444 832 5494 ἡ
855 5455 975 5506 tivam)
998 5467 1062 5490 σου
1084 5452 1144 5489 διαὶ
1165 5449 1322 5498 «bona.
1341 5453 1450 5488 τοῦτο
1473 5449 1517 5487 τὸ
1539 5449 1666 5499 asttva

804 5521 864 5567 ταῦ
882 5544 894 5561 ι
913 5519 974 5565 «μῦ
996 5515 1045 5562 μή
1065 5527 1103 5551 τι
1125 5513 1186 5563 ita
1209 5513 1270 5550 καὶ
1291 5515 1420 5563 μιαρᾶς
1441 5511 1591 5562 ἀγάπης.

557 5595 608 5638 et
653 5595 817 5637 auctor
861 5585 970 5632 libri
1015 5584 1080 5633 de
1121 5581 1466 5645 Singularitate
1499 5581 1825 5645 clericorum:
1881 5580 2132 5645 «nudam,

553 5651 743 5712 inquit,
785 5647 1049 5712 fmditatem
1080 5643 1366 5712 velamento
1402 5643 1747 5712 boninpminis
1769 5649 1977 5712 tegunt,
2019 5643 2134 5690 dum

553 5703 678 5771 apud
704 5703 790 5771 eos
811 5709 903 5757 sub
924 5706 1040 5756 falsa
1061 5708 1322 5771 dilectione
1341 5743 1368 5771 ,_
1379 5717 1497 5771 vera
1517 5705 1718 5771 dilectio
1739 5703 1958 5771 violatur.
1977 5719 2000 5748 ι

559 5763 599 5839 ξ
619 5772 688 5833 (c)
721 5769 964 5820 Victorius
987 5770 1184 5832 praefert
1202 5763 1486 5832 pudicilt'w,
1523 5777 1635 5829 quae
1677 5763 1826 5816 lectio
1866 5764 2134 5829 incongrua

555 5843 656 5892 ipsa
677 5844 872 5896 quoque
894 5845 990 5882 non
1012 5839 1104 5882 est.

1878 348 2122 406 SANCTI
2159 349 2536 430 HIERONYMI

3691 363 3819 421 1076

2257 469 2465 537 cogaris
2494 487 2507 523 ε
2534 484 2759 540 quarum
2785 471 2962 528 vultus
3002 472 3152 529 cordi
3185 463 3274 530 tuo
3303 470 3560 543 haereant,
3601 477 3672 532 Et
3698 482 3821 536 taci-

2255 569 2361 614 tum
2374 563 2505 616 vivat
2533 565 2624 618 sub
2661 575 2860 634 pectore
2887 569 3070 624 uulnus
3091 567 3329 642 (Eadd.
3350 570 3432 640 4).
3456 571 3692 627 Ancillas
3711 590 3823 645 quae

2254 653 2332 710 illi
2358 654 2412 710 in
2445 656 2706 729 obsequio
2731 670 2878 728 sunt,
2909 662 3001 718 tibi
3029 664 3168 720 scias
3193 679 3314 721 esse
3356 665 3409 720 in
3435 666 3683 734 insidiis;
3707 670 3822 739 quia

2254 758 2454 818 quanto
2479 751 2635 808 vilior
2665 768 2849 810 earum
2869 756 3124 825 conditio,
3151 767 3298 814 tanto
3325 759 3530 816 facilior
3552 770 3637 817 est
3653 763 3819 818 ruina.

2254 840 2324 898 Et
2350 843 2585 902 Joannes
2615 847 2852 920 Baptista
2889 861 3125 908 sanctam
3153 862 3386 908 matrem
3409 853 3615 923 habuit,
3649 855 3824 910 Ponti-
3927 851 3935 861 “
4000 834 4024 856 ”

2254 935 2478 1008 ficisque
2508 940 2649 996 (ilius
2677 953 2830 1010 erat;
2857 953 2912 1000 et
2955 955 3132 1001 tamen
3160 962 3258 1002 nec
3286 949 3470 1003 matris
3495 948 3705 1014 aﬂ'ectu,
3731 964 3823 1005 nec

2254 1031 2422 1099 patris
2441 1034 2639 1102 opibus
2678 1037 3014 1106 vincebatur,
3045 1048 3102 1093 ut
3132 1041 3183 1093 in
3208 1039 3368 1095 domo
3406 1049 3682 1110 parentum
3709 1057 3820 1097 cum

2252 1124 2494 1192 periculo
2521 1127 2723 1182 viveret
2763 1130 3044 1184 castitatis.
3088 1131 3316 1186 Vivebat
3357 1132 3411 1186 in
3452 1147 3637 1188 eremo
3675 1131 3818 1201 (Luc.

2253 1215 2332 1287 1),
2360 1226 2416 1272 et
2441 1218 2606 1274 oculis
2633 1219 3063 1276 desiderantibus
3089 1222 3379 1290 Christum,
3407 1225 3542 1278 nihil
3569 1225 3713 1279 aliud
3748 1225 3822 1280 di-

2249 1307 2514 1378 gnabatur
2535 1311 2796 1380 aspicere.
2823 1312 3000 1369 Vestis
3015 1329 3224 1384 aspera,
3249 1329 3382 1371 zona
3404 1315 3652 1386 pellicea,
3680 1317 3821 1373 cibus

2251 1399 2494 1468 locustae,
2522 1403 2734 1474 melque
2759 1405 3008 1460 silvestre
3035 1405 3054 1476 (
3082 1405 3250 1461 Marc.
3281 1408 3304 1461 1
3346 1407 3388 1476 ),
3417 1408 3595 1462 omnia
3624 1408 3818 1476 virtuti,

2249 1495 2674 1552 ctcontinentia:
2721 1509 3039 1568 praeparata.
3089 1499 3211 1556 Filii
3241 1499 3625 1571 Prophetarum
3677 1501 3821 1572 (quos

2249 1584 2545 1640 monachos
2575 1587 2629 1640 in
2661 1589 2830 1644 veteri
2854 1589 3199 1645 Testamento
3229 1591 3474 1661 legimus)
3496 1590 3822 1648 aedificabant

2250 1675 2351 1730 sibi
2399 1677 2608 1730 casulas
2653 1687 2873 1749 propter
2916 1679 3114 1737 ﬂuenta
3144 1681 3410 1748 Jordanis,
3444 1691 3499 1737 et
3529 1682 3698 1737 turbis
3742 1698 3823 1738 ur-

2247 1765 2394 1822 bium
2418 1768 2712 1836 derelictis,
2743 1772 2978 1842 polenta,
3010 1784 3063 1828 et
3087 1772 3269 1829 herbis
3295 1775 3590 1844 agrestibus
3617 1775 3821 1830 victita-

2245 1858 2476 1932 ωηιμ.
2529 1859 2654 1932 Reg.
2688 1862 2765 1934 6).
2795 1864 3062 1932 Quamdiu
3106 1865 3158 1920 iu
3186 1867 3354 1935 patria
3381 1879 3468 1921 tua
3499 1881 3582 1931 es,
3630 1866 3821 1923 habeto

2245 1951 2489 2007 cellulam
2517 1968 2613 2022 pro
2639 1955 2889 2024 paradiso
2921 1975 2933 2010 :
2963 1957 3108 2012 varia
3132 1957 3524 2027 Scripturarum
3553 1973 3709 2028 poma
3736 1959 3823 2016 de-

2244 2058 2406 2116 ccrpe
2433 2060 2448 2100 :
2480 2045 2561 2101 his
2601 2055 2756 2103 utere
2797 2048 3001 2105 deliciis
3041 2068 3056 2106 :
3089 2050 3278 2105 harum
3318 2049 3492 2106 fruere
3521 2051 3817 2120 complexu.

2243 2135 2301 2191 Si
2317 2137 2642 2193 scandalizat
2659 2148 2709 2195 te
2725 2141 2934 2206 oculus,
2951 2155 3068 2212 pes,
3086 2157 3294 2207 manus,
3313 2143 3514 2213 projice
3528 2158 3589 2198 ea
3609 2142 3820 2214 (Matth.

2243 2225 2321 2299 5).
2350 2228 2494 2284 Nulli
2524 2245 2729 2300 parcas,
2761 2241 2818 2286 ut
2843 2232 2943 2287 soli
2989 2248 3175 2302 parcas
3203 2233 3414 2289 animae.
3460 2234 3561 2300 Qui
3603 2234 3784 2288 viderit
3805 2274 3820 2301 ,

2242 2317 2414 2389 inquit
2455 2320 2734 2390 Dominus,
2773 2323 3036 2378 mulierem
3077 2325 3144 2378 ad
3185 2325 3639 2396 concupiscendum
3674 2343 3820 2391 eam,

2239 2411 2349 2479 iam
2374 2414 2650 2468 masc/tatus
2679 2423 2750 2468 est
2789 2432 2899 2469 eam
2935 2417 2989 2470 in
3017 2417 3169 2471 corde
3203 2433 3316 2472 suo.
3363 2417 3487 2483 Qui:
3528 2418 3825 2489 gloriabitur

2241 2509 2436 2557 castum
2477 2519 2530 2558 se
2566 2504 2749 2558 habere
2772 2522 2860 2559 cor
2902 2506 3084 2575 (Prov.
3110 2506 3200 2562 20.
3233 2507 3332 2576 9)?
3369 2509 3526 2563 Astra
3556 2524 3660 2564 non
3708 2516 3826 2563 sunt

2242 2594 2439 2650 munda
2469 2595 2521 2650 in
2553 2607 2843 2666 conspectu
2872 2599 3078 2655 Domini
3109 2617 3123 2653 :
3152 2607 3354 2669 quanto
3381 2599 3550 2670 magis
3577 2599 3824 2655 homines

2245 2685 2386 2756 (Job.
2427 2687 2519 2742 25.
2563 2687 2615 2742 5.
2651 2689 2726 2760 6),
2774 2705 2999 2758 quorum
3071 2692 3231 2763 937
3306 2693 3413 2747 vita
3447 2693 3670 2748 tentatio
3704 2691 3824 2747 est!

2240 2775 2335 2832 Vae
2360 2779 2536 2844 nobis,
2566 2781 2654 2849 qui
2682 2782 2891 2850 quoties
2920 2785 3369 2853 concupiscimus,
3401 2787 3558 2841 toties
3587 2784 3797 2841 fornica

2241 2885 2380 2925 mur.
2411 2870 2695 2928 Inebriatus
2720 2884 2809 2940 est,
2843 2875 3032 2946 inquit,
3052 2877 3253 2946 gladius
3273 2895 3414 2934 meus
3436 2880 3490 2932 in
3513 2879 3639 2934 coelo
3668 2878 3824 2951 (lsai.

2240 2962 2329 3018 54.
2358 2962 2443 3032 5),
2465 2965 2632 3018 multo
2661 2965 2888 3034 amplius
2919 2965 2972 3020 in
3000 2975 3160 3034 terra,
3191 2983 3310 3037 qua:
3333 2970 3536 3039 spinas,
3569 2978 3624 3023 et
3653 2970 3826 3024 tribu-

2240 3055 2323 3112 los
2347 3066 2588 3127 generat.
2621 3055 2728 3114 Vas
2753 3058 3050 3124 electionis,
3075 3059 3128 3114 in
3156 3060 3308 3130 cujus
3333 3075 3429 3115 ore
3467 3060 3722 3116 Christus
3747 3075 3829 3116 re-

2239 3148 2484 3215 sonabat,
2515 3157 2749 3204 macerat
2790 3164 2984 3219 corpus
3009 3164 3186 3218 suum,
3234 3159 3289 3205 et
3327 3150 3544 3220 subjicit
3581 3152 3828 3208 servituti

2239 3239 2318 3311 (1.
2351 3239 2470 3294 Cor.
2501 3239 2555 3295 9.
2600 3238 2730 3310 27);
2779 3249 2833 3295 et
2877 3249 3050 3295 tamen
3093 3241 3264 3295 cernit
3307 3243 3609 3297 naturalem
3649 3244 3828 3299 carnis

2238 3329 2484 3386 ardorem
2511 3346 2622 3385 suae
2645 3345 2940 3400 repugnare
2967 3331 3268 3397 sententiae,
3298 3338 3356 3385 ut
3379 3333 3522 3400 quod
3549 3349 3663 3388 non
3697 3335 3826 3402 vult,

2239 3423 2343 3478 hoc
2366 3437 2525 3492 agere
2565 3422 2933 3492 compellatur,
2963 3431 3018 3476 et
3044 3422 3196 3492 quasi
3227 3421 3333 3477 vim
3365 3423 3596 3492 patiens,
3630 3426 3829 3483 vocife-

2239 3522 2407 3581 ratur,
2433 3523 2490 3570 et
2513 3513 2643 3569 dicit
2675 3532 2688 3569 :
2722 3512 2882 3568 Miser
2909 3530 3001 3583 ego
3039 3514 3212 3581 homo,
3239 3513 3351 3584 quis
3392 3530 3472 3568 me
3501 3515 3741 3571 liberabit
3770 3519 3830 3572 de

2237 3622 2448 3676 corpore
2472 3607 2644 3660 mortis
2671 3606 2820 3676 hujus
2851 3607 3026 3676 (Rom.
3056 3607 3108 3661 7.
3127 3606 3260 3677 24)?
3291 3607 3356 3660 Et
3384 3615 3443 3661 tu
3469 3616 3522 3663 te
3548 3609 3828 3666 arbitraris

2238 3700 2437 3770 absque
2479 3699 2630 3768 lapsu
2668 3709 2724 3755 et
2770 3699 2991 3754 vulnere
3034 3713 3192 3769 posse
3236 3699 3496 3766 transire,
3528 3700 3631 3754 nisi
3678 3701 3828 3756 omni

2237 3792 2480 3848 custodia
2502 3792 2797 3846 servaveris
2817 3806 2910 3846 cor
2935 3798 3108 3857 tuum,
3137 3801 3196 3847 et
3217 3805 3338 3845 cum
3367 3791 3650 3853 Salvatore
3675 3795 3828 3850 dixe-

2237 3889 2314 3941 ris
2347 3902 2360 3938 :
2393 3884 2560 3939 Mater
2581 3899 2712 3951 mea,
2751 3892 2797 3937 et
2826 3883 3010 3952 fratres
3037 3882 3136 3936 mei
3165 3883 3217 3935 hi
3241 3891 3375 3950 sunt,
3399 3884 3485 3952 qui
3511 3887 3712 3953 faciunt
3742 3902 3827 3939 vo-

2240 3976 2483 4031 luntatem
2512 3975 2686 4031 Patris
2714 3976 2809 4029 mei
2830 3975 3043 4047 (Matth.
3079 3973 3166 4027 12.
3195 3973 3294 4038 50;
3322 3983 3367 4028 et
3400 3973 3568 4030 Marc.
3598 3976 3651 4030 5.
3687 3975 3825 4048 '55)?

2238 4066 2542 4124 Crudelitas
2567 4067 2686 4132 ista,
2715 4067 2886 4136 pietas
2915 4074 3035 4131 est;
3067 4066 3175 4119 imo
3189 4066 3314 4136 quid
3339 4074 3443 4120 tam
3466 4068 3632 4136 pium,
3659 4083 3824 4138 quam

2239 4168 2439 4217 sancta)
2479 4159 2637 4214 matri
2661 4169 2904 4214 sanctum
2936 4158 3106 4213 lilium
3135 4157 3446 4213 custodire?
3471 4157 3630 4229 Optat
3655 4171 3711 4215 et
3734 4161 3822 4215 illa

2240 4259 2293 4306 te
2314 4251 2574 4316 vivere,et
2594 4265 2698 4305 non
2715 4249 2894 4305 videre
2909 4249 2977 4314 ad
2999 4257 3515 4320 tempus,utsemper
3533 4266 3653 4305 cum
3671 4251 3826 4307 Chri-

2238 4353 2322 4400 sto
2343 4343 2537 4400 videat.
2557 4346 2706 4398 Anna
2729 4343 3050 4407 Samuelem,
3075 4358 3180 4398 non
3203 4343 3323 4411 sibi,
3344 4344 3438 4400 sed
3451 4344 3820 4401 Tabernaculo

2237 4435 2518 4506 genuit~(l.
2547 4433 2678 4504 Reg.
2723 4434 2804 4502 2).
2837 4434 2960 4488 Filii
2984 4433 3248 4500 Jonadab,
3282 4436 3371 4506 qui
3413 4438 3592 4490 vinum
3614 4477 3630 4505 ,
3657 4447 3712 4492 et
3740 4438 3817 4493 si-

2237 4540 2432 4582 ceram,
2460 4540 2568 4580 non
2598 4524 2882 4594 bibebant,
2913 4526 3001 4595 qui
3043 4525 3351 4582 habitabant
3379 4529 3434 4582 in
3474 4529 3735 4595 tentoriis,
3764 4537 3820 4584 et

2237 4632 2371 4688 quas
2414 4633 2518 4674 nox
2562 4620 2912 4688 compulerat,
2961 4619 3118 4676 sedes
3161 4620 3464 4689 habebant,
3513 4622 3821 4677 scribuntur

2237 4712 2292 4767 in
2317 4711 2394 4784 (ά)
2417 4712 2628 4768 Psalmo
2655 4710 2828 4783 (Paul.
2850 4712 2940 4769 70.
2962 4730 3062 4783 seq.
3089 4712 3287 4786 LXX),
3310 4715 3450 4784 quod
3474 4715 3628 4784 primi
3653 4713 3820 4784 capti-

2236 4803 2460 4861 vitatem
2502 4805 2870 4872 sustinuerint,
2912 4806 3003 4875 qui
3048 4806 3116 4861 ab
3163 4807 3398 4862 exercitu
3444 4805 3820 4861 Chaldmorum

2238 4905 2482 4954 vastante
2507 4896 2768 4964 Judzeam,
2810 4897 2970 4953 urbes
3001 4899 3220 4954 introire
3243 4899 3501 4969 compulsi
3527 4909 3671 4954 sunt.

2307 4988 2362 5045 8.
2397 4989 2636 5045 Viderint
2677 4989 2765 5044 alii
2807 4989 2932 5059 quid
2970 4992 3219 5046 sentiant.
3261 4991 3634 5062 Unusquisque
3673 4992 3820 5047 enim

2237 5099 2340 5142 suo
2363 5099 2525 5142 sensu
2563 5083 2791 5140 ducitur.
2833 5084 2955 5140 Mmt
2994 5081 3217 5141 omnim
3247 5101 3459 5152 carcer,
3494 5096 3549 5141 et
3585 5086 3820 5151 solitudo

2238 5179 2514 5250 paradisus
2531 5186 2632 5233 est.
2657 5176 2794 5244 Quid
2817 5177 3181 5234 desideramus
3210 5179 3414 5234 urbium
3439 5177 3820 5248 frequentiam,

2237 5275 2327 5343 qui
2362 5273 2429 5329 de
2471 5268 2832 5340 singularitate
2873 5272 3195 5328 censemur?
3223 5271 3427 5343 Moyses
3467 5280 3524 5324 ut
3565 5279 3824 5340 praeesset

2238 5367 2435 5438 populo
2462 5363 2789 5432 Iudaeorum,
2817 5363 3162 5436 quadraginta
3181 5367 3334 5419 annis
3357 5363 3596 5418 eruditur
3620 5365 3674 5418 in
3701 5377 3824 5417 cre-

2239 5474 2329 5516 mo
2355 5457 2550 5531 (Exod.
2597 5456 2651 5529 5)
2688 5475 2702 5513 :
2733 5466 2914 5528 pastor
2945 5459 3158 5528 ovium,
3206 5459 3475 5513 hominum
3525 5456 3696 5512 factus
3739 5463 3836 5578 es:

2273 5628 2657 5704 '(dlDesignat
2692 5635 2874 5686 Psalmi
2917 5636 2997 5685 70.
3043 5632 3236 5684 titulum
3270 5634 3406 5697 juxta
3449 5627 3593 5702 LXX.
3619 5628 3828 5704 .guibns

2239 5690 2516 5761 inscribitur
2540 5690 2626 5748 ζων
2653 5706 2816 5761 intatae
2835 5710 2895 5748 αἱ
2915 5715 2984 5761 τῶγ
3002 5715 3144 5760 «ρεταιν
3159 5690 3507 5761 ιιῃιαᾷαηωθιντυν
3521 5690 3825 5761 -_j31_Vglg_a_t.

2244 5746 2476 5814 Etiam
2496 5746 2769 5814 uenat—labi.
2796 5746 2870 5809 fetv
2886 5746 3113 5820 iprrior‘um
3154 5746 3462 5820 ca'irtiwmm.
3523 5753 3634 5805 Vid.
3656 5746 3824 5817 Epist.

2245 5823 2416 5878 LVIII.
2444 5822 2501 5873 ad
2526 5820 2779 5872 Paulinum
2804 5835 2936 5873 num.
2960 5821 3008 5872 5.
3033 5821 3126 5872 sub
3145 5820 3307 5872 ﬁnem.
