4088 6336
297 393 442 453 1077

297 541 485 603 pastor
510 529 661 603 (Luc.
692 528 746 587 5.
778 527 892 600 10).
919 524 1161 597 Apostoli
1185 524 1252 581 de
1276 522 1567 595 piscatione
1594 522 1742 579 lacus
1766 521 1876 579 Ge—

297 622 574 687 nezaretb,
599 619 665 676 ad
691 619 1034 691 piscationem
1053 617 1330 673 hominum
1357 616 1700 673 transierunt.
1730 616 1881 673 Tunc

298 705 391 787 fat.
421 714 508 785 qui
532 711 671 785 tunc]
703 713 960 768 habentes
988 720 1193 782 patrem
1212 751 1228 777 ,
1257 718 1372 771 rete
1391 751 1406 776 ,
1434 708 1734 765 naviculam
1754 749 1769 776 ,
1798 722 1883 763 se-

296 805 405 862 cuti
442 805 722 862 Dominum
747 847 761 870 ,
790 805 1031 876 protinus
1055 803 1233 860 omnia
1260 803 1617 874 reliquerunt,
1655 809 1880 872 portan-

296 905 379 951 tes
409 894 486 969 (a)
518 895 754 967 quotidie
782 911 995 952 crucem
1034 910 1186 951 suam
1206 936 1222 964 ,
1252 902 1309 951 et
1343 909 1411 950 ne
1435 894 1635 965 virgam
1665 891 1878 963 quidem

296 988 348 1044 in
376 1006 536 1044 manu
565 989 841 1046 habentes.
868 989 996 1045 Haec
1018 986 1157 1055 dico,
1183 997 1241 1043 ut
1261 989 1421 1043 etiam
1445 988 1488 1042 si
1512 986 1804 1042 Clericatus
1828 992 1881 1040 te

297 1083 478 1138 titillat
509 1083 852 1153 desiderium,
884 1084 1057 1139 discas
1086 1082 1225 1154 quod
1254 1083 1428 1152 possis
1456 1082 1686 1147 docere;
1715 1089 1769 1136 et
1796 1094 1883 1135 ra-

297 1172 605 1230 tionabilem
653 1174 879 1230 hostiam
924 1175 1116 1231 oii‘eras
1148 1173 1360 1229 Christo
1389 1192 1402 1227 :
1436 1189 1503 1228 ne
1536 1173 1690 1228 miles
1727 1180 1880 1227 ante-

297 1281 456 1335 quam
488 1269 626 1333 tiro,
658 1282 726 1322 ne
767 1268 913 1337 prius
953 1267 1207 1338 magister
1234 1266 1306 1321 sis
1326 1307 1342 1333 ,
1372 1281 1531 1335 quam
1567 1252 1876 1334 discipulus.

295 1355 411 1412 Non
441 1364 523 1412 est
552 1356 863 1418 humilitatis
896 1373 1029 1414 mea;
1049 1401 1064 1425 ,
1107 1373 1281 1429 neque
1314 1372 1616 1424 mensurae,
1640 1357 1879 1427 judicare

295 1446 363 1502 de
404 1448 662 1515 Clericis,
694 1458 747 1504 et
787 1450 855 1505 de
896 1449 1153 1505 ministris
1199 1449 1556 1504 Ecclesiarum
1603 1448 1876 1503 sinistrum

294 1540 565 1609 quippiam
596 1541 795 1596 dicere.
828 1541 1069 1596 Habeant
1114 1541 1189 1595 illi
1238 1539 1515 1605 ordinem,
1555 1548 1608 1595 et
1651 1537 1874 1608 gradum

295 1645 472 1696 suum,
496 1648 653 1700 quem
681 1632 725 1686 si
756 1634 1009 1698 tenueris,
1041 1632 1308 1703 quomodo
1381 1631 1545 1702 938
1616 1630 1709 1684 tibi
1740 1630 1789 1683 in
1812 1643 1878 1685 eo

296 1722 578 1777 vivendum
598 1724 687 1787 sit,
712 1724 885 1779 editus
906 1725 972 1779 ad
995 1724 1345 1793 Nepotianum
1369 1723 1504 1777 liber
1527 1723 1718 1792 (Epist.
1743 1721 1874 1790 LII),

295 1812 491 1868 docere
522 1821 573 1868 te
594 1815 815 1882 poterit.
846 1815 998 1869 Nunc
1028 1814 1273 1870 monachi
1305 1814 1645 1881 incunabula,
1674 1828 1878 1869 mores-

293 1919 399 1974 que
426 1904 737 1959 discutimus
762 1924 775 1959 :
799 1914 854 1960 ct
873 1907 988 1977 ejus
1015 1904 1281 1969 monachi,
1311 1905 1400 1974 qui
1432 1904 1740 1959 liberalibus
1765 1913 1877 1959 stu-

292 1995 395 2051 diis
424 1996 661 2051 eruditus
690 1997 744 2053 in
770 1997 1147 2065 adolescentia,
1175 1997 1362 2067 jugum
1389 1995 1589 2052 Christi
1614 1996 1752 2051 collo
1778 2010 1876 2050 suo

295 2088 567 2160 imposuit.

364 2180 419 2236 9.
446 2180 584 2237 Laus
603 2183 716 2237 vita:
734 2180 1071 2238 Canobiticw.
1094 2210 1163 2222 -—
1182 2180 1526 2250 Primumque
1545 2178 1875 2234 tractandum

293 2281 410 2336 est,
443 2282 620 2328 utrum
653 2274 797 2328 solus
820 2315 834 2338 ,
861 2288 927 2328 an
958 2288 1078 2328 cum
1122 2272 1239 2327 aliis
1266 2273 1318 2326 in
1346 2272 1669 2327 monasterio
1699 2272 1877 2328 vivere

291 2366 512 2422 debeas.
559 2364 686 2418 Mihi
724 2365 939 2435 quidem
982 2366 1194 2435 placet,
1225 2373 1284 2419 ut
1326 2367 1522 2420 habeas
1560 2352 1873 2421 Sanctorum

290 2457 727 2524 contubernium,
754 2471 855 2511 nec
884 2458 996 2526 ipse
1025 2466 1077 2513 te
1121 2457 1335 2523 doceas,
1364 2469 1417 2513 et
1443 2458 1642 2529 absque
1670 2457 1747 2531 (1)
1774 2458 1877 2515 du-

290 2558 441 2603 ctore
476 2546 790 2617 ingrediaris
816 2548 976 2615 viam,
1006 2564 1166 2620 quam
1194 2566 1463 2621 nunquam
1494 2551 1763 2621 ingressus
1793 2566 1872 2620 es,

290 2640 579 2709 statimque
603 2640 696 2696 tibi
726 2640 777 2694 in
805 2650 1009 2710 partem
1042 2642 1266 2698 alteram
1293 2642 1666 2699 declinandum
1690 2645 1792 2713 sit,
1821 2654 1877 2702 et

290 2731 465 2793 errori
493 2740 696 2800 pateas,
729 2733 957 2804 plusque
982 2743 1074 2790 aut
1103 2736 1277 2791 minus
1307 2737 1570 2806 ambules,
1598 2753 1754 2809 quam
1783 2755 1876 2796 ne-

289 2832 443 2875 cesse
463 2828 578 2889 est;
603 2838 670 2878 ne
691 2832 783 2878 aut
803 2840 1024 2881 currens
1050 2826 1285 2890 lasseris,
1309 2836 1402 2883 aut
1424 2843 1626 2883 moram
1654 2830 1870 2899 iaciens,

288 2911 616 2968 obdormias.
647 2914 704 2970 In
729 2916 1015 2972 solitudine
1042 2920 1148 2973 cito
1171 2918 1410 2990 subrepit
1429 2922 1675 2992 superbia
1706 2941 1718 2977 :
1746 2932 1801 2978 et
1827 2923 1874 2978 si

290 3020 581 3076 parumper
602 3007 940 3079 jejunaverit,
968 3010 1344 3083 hominemque
1363 3029 1470 3069 non
1493 3015 1703 3083 viderit,
1726 3026 1877 3087 putat

292 3112 354 3153 se
390 3097 618 3169 alicujus
656 3114 777 3157 esse
807 3103 1064 3158 momenti
1094 3121 1108 3158 :
1138 3104 1440 3176 oblitusque
1467 3107 1586 3174 sui,
1614 3108 1755 3164 unde
1776 3151 1792 3175 ,
1819 3118 1875 3166 et

290 3204 398 3260 quo
425 3195 653 3259 venerit,
685 3194 825 3250 intus
850 3196 1033 3265 corde,
1068 3198 1241 3268 lingua
1282 3199 1409 3255 foris
1448 3210 1687 3272 vagatur.
1722 3202 1873 3259 ludi-

194 3358 195 3361 η
287 3289 396 3349 cat,
418 3291 603 3337 contra
631 3283 871 3355 Apostoli
904 3288 1254 3355 voluntatem,
1284 3290 1686 3348 alienosservos
1719 3311 1733 3348 :
1766 3310 1873 3364 quo

284 3372 409 3442 gula
435 3374 699 3439 voluerit,
727 3378 949 3448 porrigit
977 3394 1189 3434 manum
1223 3398 1236 3434 :
1269 3381 1466 3438 dormit
1493 3394 1749 3455 quantum
1777 3403 1872 3442 vo-

285 3462 450 3518 luerit
477 3481 492 3517 :
523 3466 725 3520 nullum
754 3477 999 3536 veretur,
1040 3469 1167 3526 facit
1210 3473 1351 3543 quod
1393 3476 1650 3544 voluerit,
1682 3494 1871 3536 omnes

285 3552 570 3609 inferiores
593 3568 653 3610 se
679 3564 859 3625 putat,
884 3559 1234 3632 crebriusque
1263 3567 1317 3617 in
1344 3565 1567 3620 urbibus
1584 3608 1600 3634 ,
1628 3583 1786 3638 quam
1815 3572 1871 3627 in

286 3646 481 3701 cellula
506 3657 590 3702 est
618 3665 632 3702 :
661 3658 714 3702 et
738 3649 879 3704 inter
908 3650 1096 3706 fratres
1121 3654 1334 3708 simulat
1359 3659 1756 3729 verecundiam,
1781 3664 1871 3731 qui

290 3737 584 3807 platearum
628 3737 796 3794 turbis
843 3739 1135 3797 colliditur.
1167 3743 1304 3810 Quid
1344 3745 1535 3814 igitur?
1565 3749 1869 3808 Solitariam

284 3829 447 3884 vitam
489 3830 969 3901 reprehendimus?
1011 3836 1229 3891 minime
1262 3854 1275 3889 :
1308 3839 1503 3910 quippe
1532 3856 1689 3911 quam
1728 3860 1871 3914 saepe

287 3921 638 3979 laudavimus.
685 3923 792 3979 Sed
835 3924 902 3980 de
941 3926 1067 3981 ludo
1107 3930 1586 3997 monasteriorum,
1620 3933 1870 4005 hujusce-

287 4014 433 4070 modi
459 4015 704 4071 volumus
730 4017 912 4088 egredi
938 4018 1132 4074 milites
1151 4061 1167 4087 ,
1195 4036 1328 4091 quos
1365 4025 1531 4079 eremi
1566 4025 1698 4082 dura
1725 4030 1872 4086 rudi-

287 4119 463 4163 menta
489 4124 595 4163 non
620 4119 855 4166 terreant
878 4128 893 4165 :
915 4112 1006 4181 qui
1028 4113 1298 4182 specimen
1323 4120 1738 4177 conversationis
1759 4138 1869 4181 suae

286 4200 453 4255 multo
478 4208 717 4270 tempore
736 4200 1014 4257 dederint:
1041 4205 1130 4275 qui
1155 4206 1391 4260 omnium
1420 4206 1617 4264 fuerint
1641 4213 1865 4282 minimi,

286 4301 343 4346 ut
374 4292 528 4361 primi
551 4294 788 4348 omnium
816 4294 1006 4350 tierent
1030 4314 1044 4350 :
1064 4311 1197 4367 quos
1218 4313 1319 4354 nec
1336 4300 1541 4356 esuries
1560 4302 1865 4377 aliquando,

285 4398 383 4438 nec
402 4386 651 4442 saturitas
672 4389 941 4459 superavit
965 4391 1087 4462 :qui
1113 4401 1422 4463 paupertate
1439 4393 1686 4452 laetantur
1703 4415 1718 4453 :
1737 4413 1869 4469 quo-

284 4490 401 4531 rum
432 4475 664 4545 habitus,
695 4494 894 4547 sermo,
928 4482 1124 4551 vultus,
1168 4485 1429 4552 incessus,
1462 4486 1704 4544 doctrina
1744 4491 1869 4546 vir-

284 4573 457 4621 tutum
487 4578 569 4623 est
598 4587 613 4625 :
643 4572 729 4640 qui
760 4573 1005 4628 nesciunt
1035 4576 1327 4631 secundum
1356 4579 1615 4647 quosdam
1656 4580 1868 4650 ineptos

285 4658 566 4728 homines,
597 4661 900 4717 daemonum
933 4668 1276 4735 pugnantium
1304 4678 1490 4726 contra
1530 4688 1589 4728 se
1620 4681 1866 4742 portenta

219 4814 227 4829 ι
284 4748 615 4821 conﬁngere,
646 4762 705 4806 ut
733 4754 871 4822 apud
908 4755 1207 4826 imperitos,
1235 4769 1290 4815 et
1317 4762 1459 4832 vulgi
1491 4764 1733 4820 homines
1761 4767 1865 4822 mi-

284 4839 521 4895 raculum
552 4841 634 4896 sui
666 4842 882 4912 faciant,
920 4854 974 4901 et
1001 4847 1193 4902 exinde
1222 4849 1366 4903 lucra
1395 4860 1685 4909 sectentur.

357 4933 446 4990 10.
479 4933 716 4991 Vidimus
745 4952 915 5007 nuper
938 4946 991 4994 et
1018 4940 1336 5011 planximus,
1358 4941 1530 5004 Croesi
1556 4960 1687 5016 opes
1711 4948 1867 5005 unius

286 5037 461 5082 morte
497 5026 859 5098 deprehensas
903 5048 915 5085 :
951 5032 1200 5104 urbisque
1239 5034 1435 5104 stipes,
1477 5038 1624 5107 quasi
1655 5039 1709 5093 in
1740 5055 1866 5098 usus

283 5133 576 5190 pauperum
617 5131 992 5193 congregatas,
1035 5125 1186 5196 stirpi
1215 5132 1271 5181 et
1297 5127 1527 5195 posteris
1555 5128 1861 5189 derelictas.

351 5320 434 5392 (a)_
458 5318 815 5392 nluquuotit'lie
836 5320 1010 5392 haberi
1033 5328 1215 5392 tantum
1235 5323 1373 5384 juxta
1614 5326 1865 5392 exempla.

282 5380 368 5450 ria
404 5380 550 5450 docet
586 5383 693 5443 ipse
715 5381 857 5450 Hier.
882 5383 933 5450 i_t_i
957 5396 1069 5450 mox
1110 5380 1446 5450 subnectenda
1470 5380 1626 5450 Epist.
1654 5380 1767 5440 127:
1802 5392 1861 5441 ad

281 5442 578 5506 Principiam
604 5442 736 5506 num.
759 5443 844 5493 VI.
888 5444 947 5494 Et
972 5444 1107 5494 locus
1127 5446 1324 5506 quidem
1347 5442 1541 5499 videtur
1563 5452 1699 5500 innui
1720 5452 1865 5503 Lucas

281 5507 330 5586 ἕο
355 5504 1863 5586 22351-9“).L'ijl9‘1‘3£9919???93$???99',eromnium,

280 5567 485 5638 Latinus
504 5602 517 5626 ,
542 5566 725 5638 aliique
749 5568 1051 5638 interpretes
1087 5568 1359 5638 e_x.l_tibent;
1533 5566 1605 5638 iu_
1630 5566 1865 5638 perquam

280 5628 423 5678 simili
466 5628 714 5679 sententia
751 5628 894 5688 sunt,
941 5631 1023 5688 qui
1067 5628 1443 5680 additamentum
1480 5634 1609 5683 istud
1631 5628 1866 5688 'vetérum

285 5690 693 5802 fgémpllal‘iorum
739 5693 798 5740 ad
843 5690 1011 5741 Matth.
1049 5690 1126 5740 16.
1161 5690 1238 5740 24.
1274 5691 1356 5742 alii
1388 5694 1447 5743 ad
1480 5694 1626 5746 Luca:
1659 5699 1737 5746 14.
1784 5700 1863 5749 27.

390 5766 473 5800 ran
500 5788 513 5802 .

280 5764 491 5802 rexerant
500 5788 513 5802 .

346 5812 418 5875 (t)
448 5815 612 5886 Antea
636 5822 759 5886 erat,
786 5815 998 5886 doctore,
1034 5829 1121 5882 pro
1152 5829 1252 5881 quo
1272 5814 1478 5872 Gravius
1498 5821 1618 5872 satis
1640 5822 1866 5886 apposite

281 5872 547 5939 legendum
568 5872 765 5932 ductore
786 5872 994 5931 monuit.
1034 5872 1050 5882 “
1169 5872 1186 5881 ’
1671 5872 1689 5891 ⁸

1650 384 1978 446 EPISTOLA
2015 383 2228 443 CXXV.

3428 394 3569 457 1078

1981 518 2149 591 939
2218 517 2369 575 Tunc
2406 515 2482 590 (b)
2518 518 2719 578 ferrum
2767 523 2909 594 quod
2952 523 3152 583 latebat
3183 527 3239 584 in
3268 528 3562 600 profundo,

1984 611 2349 680 supematavit
2370 625 2542 682 aquze,
2569 621 2625 668 et
2660 613 2801 670 inter
2828 616 3124 687 palmarum
3150 619 3392 687 arbores,
3418 620 3565 677 Mer-

1983 703 2096 758 rhte
2125 705 2423 760 amaritudo
2450 714 2743 762 monstrata
2771 716 2874 764 est.
2915 709 3024 766 Nec
3052 712 3251 768 mirum
3284 731 3299 767 :
3324 714 3481 768 talem
3510 721 3569 769 et

1984 796 2191 850 socium
2218 805 2272 852 et
2301 797 2608 867 magistrum
2640 796 2825 854 habuit
2845 841 2862 868 ,
2892 803 2981 871 qui
3018 806 3286 875 egentium
3326 806 3521 862 [amem
3545 843 3564 874 ,

1984 901 2108 943 suas
2132 886 2259 943 fecit
2283 903 2405 944 esse
2431 888 2672 957 divitias;
2700 899 2756 946 et
2785 890 3000 947 miseris
3024 893 3301 962 derelicta,
3330 896 3387 951 in
3411 909 3565 951 suam

1983 982 2278 1038 reservavit
2305 981 2598 1038 miseriam.
2627 982 2863 1050 Quorum
2889 984 3093 1040 clamor
3119 988 3333 1043 tandem
3374 1002 3565 1059 perve-

1983 1072 2063 1126 nit
2091 1072 2158 1126 ad
2188 1073 2384 1129 ctelum
2407 1114 2423 1141 ,
2454 1084 2509 1129 et
2550 1075 2963 1144 patientissimas
3005 1076 3099 1132 Dei
3130 1079 3253 1134 vicit
3282 1095 3475 1149 aures,
3505 1087 3567 1136 nt

1986 1166 2179 1221 missus
2202 1167 2434 1237 Angelus
2458 1168 2743 1237 pessimus,
2762 1170 2832 1239 (ε)
2858 1167 3024 1225 Nabal
3045 1168 3308 1226 Carmelio
3328 1173 3563 1230 diceret:

1984 1254 2185 1322 Stulte,
2214 1256 2309 1309 hac
2335 1267 2479 1311 nocte
2501 1260 2730 1329 auferent
2759 1260 2981 1313 animant
3006 1268 3144 1313 tuam
3173 1277 3206 1313 a
3230 1270 3307 1328 te;
3328 1279 3442 1333 quw
3464 1279 3560 1318 att-

1985 1355 2080 1401 tem
2107 1350 2426 1418 praeparasti,
2455 1351 2601 1420 cujus
2629 1352 2809 1405 erunt?
2838 1351 2988 1422 (Luc.
3021 1352 3111 1408 12.
3137 1352 3218 1421 9.).

2052 1438 2141 1493 11.
2172 1438 2309 1495 Volo
2347 1456 2474 1511 ergo
2515 1451 2604 1509 te,
2648 1451 2704 1498 et
2746 1452 2963 1513 propter
3004 1459 3194 1500 causas
3233 1459 3366 1515 quas
3403 1455 3565 1517 supra

1982 1530 2234 1598 exposui,
2262 1546 2367 1586 non
2414 1532 2654 1588 habitare
2682 1548 2803 1588 cum
2835 1544 3040 1600 matre;
3070 1543 3125 1590 ct
3166 1537 3432 1606 praecipue
3451 1579 3468 1604 ,
3495 1552 3566 1594 ne

1982 1632 2073 1676 aut
2098 1621 2412 1678 offerentem
2441 1624 2699 1679 delicatos
2728 1626 2897 1692 cibos,
2914 1626 3204 1681 renuendo
3231 1629 3516 1685 contristes
3544 1646 3561 1684 :

1980 1723 2071 1770 aut
2100 1716 2142 1769 si
2173 1718 2481 1785 acceperis,
2514 1717 2688 1771 oleum
2723 1717 2827 1787 igni
2872 1717 3129 1787 adjicias;
3168 1727 3223 1774 et
3269 1720 3411 1775 inter
3452 1720 3564 1776 fre-

1981 1809 2250 1878 quentiam
2280 1809 2575 1879 puellarum
2606 1825 2700 1878 per
2727 1809 2868 1865 diem
2897 1810 3099 1878 videas,
3129 1810 3270 1881 quod
3296 1821 3452 1867 nocte
3473 1826 3565 1868 co-

1980 1899 2136 1968 gites.
2160 1899 2438 1970 Nunquam
2470 1900 2537 1955 de
2562 1916 2724 1955 manu
2749 1910 2804 1954 et
2831 1902 2999 1956 oculis
3030 1902 3132 1956 tuis
3160 1902 3377 1957 recedat
3403 1903 3560 1972 liber,

1980 1989 2218 2045 discatur
2241 1991 2558 2046 Psalterium
2585 1991 2652 2046 ad
2679 1993 2899 2047 verbum
2923 2009 2937 2059 ;
2963 1994 3134 2049 oratio
3159 1995 3273 2049 sine
3298 1994 3567 2051 intermis-

1980 2081 2167 2148 sione;
2194 2083 2317 2153 vigil
2345 2098 2556 2149 sensus,
2589 2099 2687 2139 nec
2718 2086 2868 2139 vanis
2905 2086 3321 2156 cogitationibus
3351 2077 3561 2157 patens.

1977 2170 2184 2243 Corpus
2207 2175 2404 2244 pariter
2422 2184 2477 2231 et
2497 2176 2704 2231 animus
2732 2176 2978 2232 tendatur
2999 2178 3065 2233 ad
3094 2180 3394 2236 Dominum.
3424 2183 3560 2239 Iram

1980 2266 2134 2321 vince
2156 2268 2407 2337 patientia
2439 2287 2452 2323 :
2479 2270 2601 2324 Au
2621 2285 2901 2326 sensurum
2930 2272 3350 2342 Scripturarum,
3372 2284 3426 2331 et
3445 2291 3566 2331 car-

1979 2358 2065 2415 nis
2090 2360 2219 2415 vitia
2248 2376 2353 2416 non
2384 2362 2609 2418 amabis.
2636 2361 2746 2419 Nec
2773 2373 2923 2419 vacet
2947 2380 3100 2421 mens
3130 2374 3215 2421 tua
3245 2368 3408 2422 variis
3438 2384 3562 2437 per-

1981 2453 2395 2522 turbationibus,
2428 2471 2546 2525 qua:
2571 2457 2617 2510 si
2647 2456 2847 2526 pectori
2876 2457 3172 2513 insederint
3207 2459 3563 2516 dominabun-

1982 2553 2068 2600 tur
2108 2546 2218 2612 tui;
2260 2556 2315 2601 et
2359 2550 2417 2603 te'
2446 2547 2713 2603 deducent
2740 2548 2820 2619 (d)
2849 2549 2916 2604 a‘d
2956 2549 3206 2605 delictum
3247 2553 3560 2608 niaximum.

1979 2638 2164 2694 Facito
2190 2639 2390 2710 aliquid
2417 2641 2618 2711 operis,
2650 2650 2707 2696 ut
2736 2649 2788 2696 te
2813 2656 3029 2715 semper
3052 2643 3299 2699 diabolus
3328 2645 3565 2702 inveniat

1978 2740 2314 2801 occupatum.
2337 2731 2393 2788 Si
2416 2733 2658 2802 Apostoli
2681 2732 2941 2789 habentes
2963 2743 3277 2803 potestatem
3300 2734 3370 2791 de
3391 2737 3566 2792 Evan-

1978 2822 2115 2892 gelio
2140 2823 2322 2878 vivere
2345 2864 2361 2890 ,
2393 2822 2465 2893 (ε)
2498 2823 2815 2879 laborabant
2843 2825 3090 2880 manibus
3118 2824 3232 2880 suis
3256 2867 3273 2893 ,
3305 2842 3373 2882 ne
3400 2842 3562 2896 quem

1978 2923 2290 2985 gravarent;
2320 2924 2375 2970 et
2396 2916 2515 2971 aliis
2542 2917 2846 2973 tribuebant
2882 2917 3180 2987 refrigeria,
3208 2933 3434 2988 quorum
3466 2934 3563 2987 pro

1977 3008 2339 3077 Spirftnalibus
2359 3008 2626 3065 debebant
2646 3018 2853 3066 metere
2870 3011 3103 3065 carnalia
3122 3009 3199 3083 (1.
3221 3009 3338 3067 Cor.
3364 3013 3417 3067 9.
3445 3011 3557 3083 11),

1978 3113 2073 3154 cur
2093 3110 2146 3154 tu
2170 3101 2221 3153 in
2249 3114 2379 3155 usus
2407 3109 2525 3155 tuos
2550 3114 2768 3156 cessura
2794 3114 2901 3154 non
2924 3116 3193 3171 pracpares
3212 3102 3236 3156 ?
3257 3101 3355 3157 Vel
3382 3102 3560 3160 ﬁscel-

1978 3190 2085 3246 lam
2118 3200 2237 3248 texe
2274 3191 2473 3261 junco,
2501 3191 2585 3247 vel
2629 3193 2919 3248 canistrum
2949 3192 3110 3248 lentis
3146 3192 3320 3262 plecte
3343 3193 3561 3249 vimini-

1977 3268 2075 3337 bus
2107 3298 2122 3341 :
2152 3283 2411 3338 sarriatur
2438 3284 2633 3338 humus
2658 3300 2673 3338 :
2699 3284 2896 3339 areola:
2932 3298 3087 3353 atquo
3125 3283 3293 3339 limite
3319 3284 3565 3341 dividan-

1978 3383 2065 3429 tur
2111 3391 2126 3429 :
2174 3375 2227 3429 in
2278 3375 2469 3444 quibus
2516 3390 2639 3429 cum
2689 3375 2898 3431 olerum
2943 3374 3087 3444 jacta
3133 3375 3326 3430 fuerint
3398 3375 3564 3449 95.0

1975 3466 2201 3533 semina,
2229 3466 2316 3521 vel
2343 3467 2534 3535 plantae
2565 3481 2662 3535 per
2690 3465 2933 3521 ordinem
2956 3467 3165 3536 positze,
3190 3483 3340 3537 aquae
3361 3467 3561 3523 ducan-

1975 3567 2063 3612 tur
2102 3560 2347 3629 irriguze,
2380 3568 2439 3614 ut
2475 3559 2958 3629 pulcherrimorum
3004 3573 3256 3616 versuum
3294 3570 3564 3631 spectator

1975 3647 2193 3703 assistas
2221 3663 2239 3701 :

2084 3760 2217 3815 Ecce
2243 3761 2532 3830 supercilio,
2560 3760 2738 3816 clivosi
2767 3762 2984 3818 tramitis
3008 3763 3201 3817 undam

2081 3852 2256 3919 Elicit,
2288 3853 2383 3906 illa
2408 3853 2594 3907 cadens
2618 3870 2830 3907 raucum
2860 3871 2952 3923 per
2979 3855 3124 3910 lwvia
3151 3870 3382 3909 murmur

2083 3943 2228 4001 Saxa
2253 3945 2347 3999 ciet
2375 3945 2712 4016 scatebrisque
2735 3945 2933 3999 arentia
2960 3954 3205 4018 temperat
3231 3963 3374 4001 arua.

3063 4058 3270 4132 (Georg.
3303 4058 3340 4113 ι.
3369 4058 3447 4129 5.)

2038 4214 2114 4279 (b)
2148 4214 2526 4279 Elegantissime
2547 4214 2721 4279 alludit
2737 4214 2987 4279 historiam
3006 4214 3227 4279 Helisaei,
3252 4217 3393 4279 cujus
3404 4229 3556 4279 opera

1974 4276 2185 4337 ferrum,
2212 4276 2337 4341 quod
2363 4279 2533 4341 unigex
2559 4277 2672 4327 [iliis
2693 4277 3048 4341 Prophetarum
3071 4276 3470 4341 ligna'caadenti‘,
3505 4293 3557 4330 tn

1972 4353 2145 4403 aquam
2167 4339 2344 4403 eiseidit
2364 4377 2376 4400 ,
2413 4340 2471 4388 ad
2495 4353 2733 4403 sumntum
2754 4339 2935 4399 rediit,
2973 4348 3025 4403 et
3044 4339 3183 4403 aquae
3204 4341 3554 4402 supernatavit.

1974 4400 2110 4473 quod
2135 4402 2448 4464 subsequitur
2460 4400 2671 4473 pterrhw
2692 4413 2869 4451 nomen
2888 4415 2977 4451 nos
2992 4402 3055 4451 ita
3067 4400 3145 4473 ex
3171 4400 3368 4473 ingenio
3387 4415 3557 4473 einen-

1970 4465 2210 4522 davimus,
2258 4463 2367 4526 cum
2392 4469 2539 4526 antea
2563 4475 2833 4526 perperam
2867 4473 3021 4525 esset,
3058 4463 3290 4526 myrrha),
3324 4463 3375 4511 in
3408 4463 3553 4512 editis

1971 4527 2196 4575 omnibus
2228 4538 2284 4575 ac
2308 4525 2421 4575 Mss.
2460 4523 2669 4576 Consule
2698 4524 2856 4573 Exod.
2889 4526 2964 4574 15.
3002 4523 3130 4575 vers.
3151 4523 3231 4572 23.
3264 4531 3316 4573 et
3335 4536 3477 4586 seqq.
3502 4531 3558 4575 ut

1970 4587 2154 4652 liquido
2171 4588 2365 4652 veritas
2375 4586 2729 4652 emendationis
2743 4590 3175 4652 constet,_veteres
3186 4647 3198 4652 _
3210 4585 3343 4652 enim
3374 4585 3557 4635 emeri-

1970 4645 2140 4714 ptores
2171 4649 2314 4714 hujus
2343 4648 2489 4697 fontis
2519 4645 2851 4714 Merrhte,s_eu
2883 4646 3162 4714 ut_Vulgat_a
3186 4647 3362 4714 habet,
3396 4655 3552 4709 stara,

1970 4706 2150 4761 nomen
2172 4706 2454 4759 nescientes
2470 4747 2484 4770 ,
2508 4722 2623 4770 cum
2634 4706 2856 4770 Astyr-rita:
2870 4742 2895 4770 Α,
2915 4709 2979 4770 ob
2998 4706 3351 4770 amaritudinis
3373 4717 3424 4758 et
3464 4706 3554 4758 no;

1970 4775 2116 4822 minis
2133 4767 2500 4821 similitudinem
2522 4767 2746 4830 facillime
2769 4768 3125 4830 confuderunt,
3159 4769 3292 4819 unde
3326 4775 3379 4819 et
3409 4770 3551 4821 Hier.

1971 4833 2105 4891 alibi,
2132 4842 2184 4883 et
2205 4831 2485 4881 Latinorum
2506 4830 2707 4880 aliorum
2725 4828 2855 4892 libri,
2879 4831 2966 4881 ubi
2989 4828 3281 4883 eum'locum
3300 4831 3554 4895 alludunt,

1971 4896 2151 4956 sepius
2170 4895 2421 4956 depravati
2441 4899 2573 4956 sunt.

2059 4958 2106 5018 c)
2139 4952 2412 5019 Yeronens.
2449 4953 2573 5003 liber
2606 4952 2822 5019 voculam
2852 4954 2983 5019 sicut
3009 4957 3245 5019 praeponit
3276 4955 3376 5019 his
3404 4954 3556 5007 Nabal

1970 5014 2222 5080 carutelio.
2278 5016 2598 5080 Huncvero,
2636 5016 2720 5077 qui
2750 5014 2907 5080 David
2941 5014 3148 5080 ejusque
3170 5018 3314 5067 sociis
3336 5018 3553 5069 alimenti

1972 5079 2149 5144 aliquid
2177 5076 2528 5144 postulantibus
2547 5076 2849 5144 denegavit,
2892 5084 2947 5144 et
2968 5076 3040 5128 'ab
3065 5076 3261 5144 :Angelo
3292 5092 3555 5144 percussus

1973 5139 2083 5200 est}
2125 5139 2567 5214 cum‘I-Svangelieo
2586 5139 2742 5214 divite
2772 5139 3425 5214 simulherudite'cqmparat
3444 5148 3556 5214 ,μεὶς

1970 5212 2226 5267 utramque
2246 5200 2497 5267 historiam
2518 5216 2617 5251 uno
2634 5202 2785 5252 verbo
2807 5204 2981 5253 innuit.
3028 5204 3126 5253 Pro
3148 5200 3364 5266 auferent
3385 5238 3398 5263 ,
3437 5200 3555 5251 alibi

1969 5264 2205 5338 νερεξενὶεο
2223 5266 2364 5327 ium
2383 5264 2656 5338 νυιδαὲξηι-
3116 5325 3128 5338 .
3169 5332 3178 5338 ,
3213 5264 3220 5266 ⁷
3331 5325 3343 5338 ,
3383 5324 3414 5338 ..

2035 5328 2112 5397 (tt)
2145 5324 2349 5397 Privata
2389 5324 2747 5397 cogitationem,
2771 5339 2928 5397 Opere
2968 5325 3264 5397 cpinple'tam
3314 5324 3552 5397 delictum

1968 5385 2228 5455 maximum
2248 5388 2388 5455 dicit,
2404 5385 2475 5455 υς
2485 5390 2537 5455 in
2545 5396 2776 5455 sequent.
2793 5385 3068 5455 epist._150_.
3087 5385 3148 5435 ad
3158 5385 3551 5455 gemetriadetn,

1972 5462 2024 5520 et
2046 5454 2099 5520 in_
2115 5464 2220 5520 cap.
2249 5450 2323 5520 1Q.
2350 5447 2669 5520 Ecclesiastit
2688 5447 2924 5520 idque'ex
2941 5447 3125 5520 Psalm.
3151 5447 3227 5495 18.
3273 5447 3323 5520 δῇ
3342 5447 3439 5520 ntei
3461 5460 3554 5496 non

1966 5512 2149 5579 fuerint
2171 5506 2402 5564 dominati
2419 5548 2434 5572 ,
2471 5513 2606 5624 {sive
2636 5506 2903 5582 dominata)
2943 5516 3055 5559 tunc
3086 5506 3420 5558 inmaculatus
3449 5519 3551 5568 ero,

1968 5585 2013 5624 et
2035 5575 2331 5624 emundabor
2353 5589 2384 5624 a
2406 5574 2468 5624 de
2488 5581 2582 5624 tcto
2604 5585 2833 5624 maxtmo.

1968 5574 2013 5628 et
2035 5575 2331 5627 emundabor
2353 5589 2384 5625 a
2406 5574 2582 5626 delicto
2604 5574 2833 5625 maximo.

2033 5638 2101 5702 (ρ)
2137 5638 2401 5702 Apostolus»
2429 5639 2560 5687 inter
2599 5632 3049 5702 gangetizandum”
3069 5636 3204 5702 artes
3243 5643 3358 5702 suas
3402 5644 3553 5702 exer-

1968 5692 2137 5767 cuisse
2156 5692 2209 5749 et
2228 5699 2281 5749 S.
2306 5700 2593 5767 Isidorusjn
2614 5692 2806 5767 Regula
2824 5701 2935 5767 ,ψει
2960 5692 3064 5767 ,εἰῇ
3089 5692 3288 5767 quidam
3325 5693 3551 5767 tradunt;

1968 5765 2056 5812 sed
2079 5762 2223 5812 aliter
2243 5762 2496 5826 constituit
2514 5753 2922 5826 Augusﬁnus’lib.
2945 5754 3010 5826 de
3010 5753 3194 5826 Qpere
3204 5754 3550 5826 monachornm

1970 5838 2077 5887 cap.
2122 5826 2202 5874 20.
2248 5824 2334 5887 ubi
2377 5815 2868 5872 Paulum'duntaxat
2918 5823 2972 5869 et
3009 5815 3282 5869 Barnabam
3328 5816 3556 5871 manibus

1969 5882 2196 5953 cperatos
2220 5882 2380 5935 tradit.
