4088 6336
600 362 623 416 1
633 357 738 418 083

597 489 774 531 ceres.
801 475 1134 531 Accusamus
1160 485 1304 542 stupe
1328 470 1472 543 quod
1496 470 1744 539 facimus,
1771 480 1826 529 et
1845 481 2033 528 contra
2053 484 2179 527 nos-

598 566 861 638 metipsos
887 565 1106 631 diserti,
1134 564 1190 619 in
1229 573 1413 620 nostra
1437 564 1566 619 vitia
1598 564 1927 631 invehimur,
1955 563 2089 618 muti
2110 562 2180 619 de

595 659 978 730 eloquentibus
1009 658 1332 729 iudicantes.
1364 657 1695 714 Testudinco
1721 656 1998 714 Grunnius
2026 655 2179 712 ince-

596 751 762 808 debat
783 751 852 807 ad
880 750 1209 822 loquendum
1252 751 1455 821 gradu,
1501 759 1558 807 et
1588 765 1684 821 per
1714 750 1993 807 intervalla
2034 765 2181 821 quaa-

597 844 745 910 dam,
779 843 864 898 vix
892 855 1058 912 pauca
1090 840 1254 897 verba
1276 842 1553 912 carpebat,
1586 849 1645 896 ut
1667 856 1789 897 eum
1819 849 2037 911 putares
2064 840 2182 896 sin-

596 937 794 1005 gultire
813 973 829 1000 ,
876 949 983 989 non
1014 934 1278 1005 proloqui.
1307 933 1376 987 Et
1402 942 1582 988 tamen
1614 946 1738 988 cum
1769 947 1954 989 mensa
1984 932 2178 1003 posita,

596 1030 860 1085 librorum
903 1027 1242 1099 exposuisset
1291 1036 1533 1092 struem,
1581 1025 1812 1081 adducto
1859 1024 2177 1097 supercilio,

596 1121 996 1190 contractisque
1022 1119 1263 1183 naribus,
1292 1134 1355 1174 ac
1381 1119 1556 1174 fronte
1577 1128 1785 1188 rugata,
1817 1118 2027 1173 duobus
2048 1118 2180 1188 digi-

597 1214 725 1268 tulis
747 1211 1122 1281 concrepabat,
1151 1211 1254 1267 hoc
1277 1211 1432 1281 signo
1452 1209 1520 1265 ad
1540 1210 1865 1266 audiendum
1888 1210 2181 1280 discipulos

598 1320 920 1376 provocans.
952 1304 1088 1360 Tum
1118 1319 1288 1374 nugas
1326 1319 1506 1361 meras
1538 1303 1782 1372 fundere,
1815 1312 1869 1359 et
1897 1304 2180 1360 adversum

599 1398 843 1469 singulos
872 1396 1214 1452 declamare:
1245 1394 1322 1468 (a)
1350 1396 1599 1452 criticum
1636 1394 1844 1451 diceres
1882 1410 2005 1451 esse
2042 1394 2183 1449 Lon-

599 1493 803 1561 ginum,
839 1490 922 1561 (1)
949 1490 1349 1560 CensOremque
1378 1489 1638 1544 Romana:
1665 1488 1963 1554 facundiae,
1993 1497 2183 1544 notare

599 1598 758 1654 quem
789 1582 984 1650 vellet,
1018 1590 1073 1637 et
1104 1581 1172 1636 de
1211 1580 1409 1637 Senatu
1439 1581 1717 1637 doctorum
1745 1580 2053 1637 excludere.
2086 1580 2184 1636 llic

604 1676 744 1731 bene
771 1683 1112 1741 nummatus,
1142 1673 1219 1745 (2)
1263 1673 1383 1744 plus
1410 1673 1655 1744 placebat
1692 1673 1744 1727 in
1786 1673 2045 1743 prandiis.
2074 1670 2184 1728 Nec

603 1767 821 1833 mirum,
852 1765 899 1820 si
922 1760 1017 1835 'qui
1048 1766 1245 1820 multos
1268 1765 1509 1820 inescare
1537 1763 1727 1819 solitus
1751 1773 1895 1829 erat,
1928 1763 2069 1819 facto
2089 1778 2185 1819 cu-

604 1872 708 1912 neo
751 1856 1310 1925 circumstrepentium
1351 1856 1723 1925 garrulorum,
1775 1855 2101 1925 procedebat
2129 1855 2182 1910 in

604 1950 874 2020 publicum
904 1965 917 2004 :
952 1949 1095 2004 intus
1122 1947 1286 2015 Nero,
1318 1947 1448 2003 foris
1473 1948 1629 2004 Cato.
1672 1948 1837 2004 Totus
1865 1948 2180 2019 ambiguus,

604 2051 664 2097 ut
693 2058 759 2097 ex
780 2041 1064 2097 contrariis
1084 2041 1419 2111 diversisque
1444 2041 1671 2109 naturis,
1696 2056 1860 2097 unum
1884 2053 2183 2098 monstrum

601 2150 900 2207 novamque
944 2135 1172 2192 bestiam
1216 2134 1426 2191 diceres
1467 2150 1589 2192 esse
1631 2143 1995 2207 compactam,
2031 2135 2182 2207 juxta

600 2227 730 2283 illud
760 2228 1026 2299 poeticum
1050 2245 1065 2282 :

677 2320 756 2389 (b)
783 2317 967 2373 Prima
992 2320 1091 2388 leo,
1120 2327 1370 2389 postrema
1398 2318 1760 2385 draco,media
1780 2318 1897 2389 ipsa
1916 2318 2179 2373 chimtera.

674 2412 763 2468 19.
797 2412 1080 2483 Nunquam
1129 2427 1260 2483 ergo
1301 2412 1435 2468 tales
1475 2412 1691 2479 videas,
1738 2425 1837 2467 nec
1879 2410 2182 2482 huiusmodi

603 2504 910 2561 hominibus
935 2505 1244 2576 appliceris,
1270 2519 1369 2561 nec
1391 2503 1628 2560 declines
1650 2520 1745 2559 cor
1770 2513 1915 2559 tuum
1944 2504 1998 2557 in
2022 2503 2184 2558 verba

603 2590 821 2651 malitia:
843 2636 860 2663 ,
891 2606 946 2651 et
969 2596 1154 2650 audias
1178 2612 1193 2650 :
1227 2595 1421 2651 Sedens
1446 2595 1685 2650 adversm
1708 2598 1915 2665 fratrem
1940 2601 2079 2647 tuum
2111 2592 2188 2647 lo-

602 2688 854 2757 quebaris,
880 2696 929 2742 et
955 2688 1192 2741 adversus
1214 2686 1380 2755 ﬁlium
1399 2686 1575 2740 matris
1605 2695 1706 2739 tua:
1726 2684 1944 2752 ponebas
1971 2683 2190 2738 scanda-

604 2781 732 2836 lum.
769 2779 841 2836 Et
867 2780 1056 2835 iterum
1087 2796 1101 2832 :
1132 2778 1260 2832 Filii
1301 2778 1588 2842 hominum,
1664 2775 1827 2848 946
1898 2775 2068 2831 dentes
2097 2792 2187 2831 eo-

604 2893 721 2930 rum
758 2891 903 2929 arma
927 2882 973 2931 et
1010 2874 1209 2944 sagittis
1233 2868 1418 2942 (Psal.
1453 2868 1540 2925 56.
1582 2868 1666 2939 5).
1699 2868 1770 2923 Et
1797 2867 1919 2923 alibi
1951 2886 1965 2922 :
1999 2868 2189 2923 Molliti

605 2977 722 3025 sunt
750 2983 1000 3023 sermones
1041 2967 1155 3037 ejus
1194 2979 1345 3030 super
1383 2963 1581 3027 oleum,
1630 2970 1677 3016 et
1722 2962 1821 3031 ipsi
1862 2971 1979 3016 sunt
2011 2962 2190 3032 jacula

610 3059 728 3132 (Ps.
753 3061 842 3116 54.
861 3059 977 3129 22).
1003 3057 1071 3112 Et
1089 3055 1329 3126 apertius
1348 3053 1400 3108 in
1422 3054 1750 3109 Ecclesiaste
1775 3072 1789 3109 :
1820 3053 1968 3109 Sicut
1994 3055 2188 3108 mordet

606 3168 814 3223 serpens
838 3152 895 3206 in
921 3150 1153 3212 silentio,
1194 3148 1270 3201 sic
1308 3147 1395 3216 qui
1420 3148 1571 3218 fratri
1612 3163 1706 3201 suo
1737 3148 1928 3203 occulte
1968 3147 2189 3202 detrahit

611 3241 778 3313 (Eccl.
817 3240 905 3296 10.
945 3238 1060 3309 11).
1092 3237 1199 3293 Sed
1242 3237 1432 3293 dices:
1466 3236 1583 3307 Ipse
1626 3253 1732 3294 non
1779 3236 2030 3306 detraho,
2068 3239 2188 3296 aliis

610 3331 951 3402 loquentibus
975 3328 1100 3399 quid
1147 3330 1322 3385 facere
1349 3328 1605 3399 possum?
1640 3330 1721 3384 Ad
1759 3331 2075 3386 excusandas
2102 3348 2191 3386 ea:-

611 3423 890 3477 cusationes
930 3422 983 3476 in
1012 3422 1230 3493 peccatis
1274 3419 1446 3492 (Psal.
1475 3417 1600 3495 140)
1642 3420 1741 3476 ista
1782 3423 2184 3492 praetendimus.

609 3513 853 3570 Christus
895 3523 1010 3569 arte
1056 3529 1161 3568 non
1205 3512 1467 3569 illuditur.
1509 3512 1853 3585 Nequaquam
1899 3529 2054 3580 mea,
2092 3513 2189 3570 sed

608 3608 848 3679 Apostoli
875 3608 1139 3664 sententia
1163 3615 1282 3663 est:
1316 3605 1491 3662 Nolite
1514 3622 1681 3662 errare
1710 3622 1730 3662 :
1769 3606 1905 3662 Deus
1930 3624 2033 3663 non
2065 3608 2189 3662 irri-

610 3703 755 3756 detur
774 3699 973 3770 (Galat.
998 3700 1052 3757 6.
1077 3700 1154 3771 7).
1180 3699 1273 3755 Ille
1297 3699 1348 3754 in
1369 3699 1552 3765 corde,
1572 3715 1672 3757 nos
1693 3700 1935 3756 videmus
1956 3702 2009 3757 in
2032 3701 2185 3757 facie.

609 3792 862 3849 Salomon
891 3792 1128 3863 loquitur
1158 3794 1209 3848 in
1241 3792 1542 3848 Proverbiis
1570 3809 1585 3847 :
1625 3791 1816 3848 Ventus
1840 3792 2011 3865 aquilo
2039 3792 2192 3847 dissi-

611 3896 697 3958 pat
722 3887 895 3951 nubes,
924 3894 969 3940 et
999 3887 1162 3941 vultus
1182 3886 1361 3953 tristis,
1385 3885 1584 3957 linguas
1614 3884 1983 3941 detrahentium
2005 3885 2187 3958 (Prov.

609 3980 699 4036 25.
729 3981 846 4050 25).
879 3978 1029 4036 Sicut
1054 3979 1195 4033 enim
1224 3979 1411 4050 sagitta
1442 3979 1488 4032 si
1519 3978 1759 4034 mittatur
1784 3989 1968 4034 contra
2000 3977 2188 4034 duram

612 4073 890 4127 materiam
912 4112 927 4137 ,
962 4086 1344 4139 nonnunquam
1374 4071 1425 4124 in
1457 4070 1756 4125 mittentem
1797 4070 2105 4135 revertitur,
2138 4078 2193 4126 et

612 4166 859 4221 vulnerat
905 4166 1310 4229 vulnerantem;
1367 4162 1603 4232 illudque
1648 4163 1995 4231 completur:
2040 4160 2190 4217 Facti

612 4266 728 4312 sunt
755 4257 880 4311 mihi
904 4258 958 4311 in
979 4273 1152 4311 arcum
1174 4271 1384 4325 pravum
1414 4252 1529 4325 (Ps.
1555 4255 1641 4307 77.
1668 4253 1777 4324 57).
1806 4255 1870 4308 Et
1891 4254 2017 4309 alibi
2047 4272 2059 4309 :
2092 4255 2193 4320 Qui

613 4351 763 4404 mittil
783 4351 835 4403 in
854 4348 1015 4403 altum
1044 4347 1285 4418 lapidem,
1315 4346 1499 4400 recidet
1520 4346 1570 4399 in
1595 4355 1745 4416 caput
1768 4347 1880 4416 ejus
1903 4346 2069 4419 (Eccl.
2096 4346 2188 4403 27.

612 4442 708 4512 28)
735 4460 749 4497 :
779 4443 849 4497 ita
876 4441 1147 4496 detractor
1168 4453 1289 4494 cum
1312 4437 1518 4492 tristem
1542 4437 1728 4492 faciem
1748 4436 1944 4491 viderit
1967 4436 2191 4492 audien-

618 4534 719 4600 tis,
751 4533 861 4588 imo
892 4546 958 4587 ne
1003 4528 1271 4586 audientis
1299 4528 1511 4599 quidem
1531 4569 1546 4595 ,
1579 4526 1675 4583 sed
1708 4526 2007 4583 obturantis
2035 4543 2194 4586 aures

616 4640 764 4693 suas,
789 4639 861 4681 ne
890 4623 1070 4679 audiat
1089 4620 1348 4692 judicium
1371 4619 1668 4691 sanguinis,
1692 4617 1838 4674 illico
1859 4619 2192 4688 conticescit,

617 4718 785 4788 pallet
828 4717 1043 4783 vultus,
1093 4714 1300 4771 haerent
1327 4712 1498 4780 labia,
1546 4711 1715 4769 saliva
1757 4711 2009 4769 siccatur.
2041 4710 2197 4769 Unde

683 4876 756 4938 (a)
791 4875 950 4926 Antea
980 4876 1155 4938 vitiose
1187 4880 1295 4924 erat
1316 4871 1530 4938 creticus
1552 4910 1566 4930 ,
1591 4871 1719 4934 quod
1756 4884 1846 4921 nos
1882 4870 2200 4938 emendamns

621 4933 909 4995 ex‘ingenio
933 4944 985 4986 et
1016 4936 1192 4985 Latinii
1232 4935 1541 4996 auctoritate,
1564 4933 1691 4996 nam,
1710 4940 2035 4996 praeterquam
2069 4933 2201 4996 quod

616 5012 712 5048 nec
737 4994 956 5048 Creticus
979 5005 1086 5047 erat
1106 4997 1370 5059 Longinus,
1395 4994 1483 5045 sed
1507 4994 1632 5059 forte
1656 4994 1971 5059 Emessenus,
1998 4994 2200 5059 minime

618 5060 676 5108 ad
699 5072 808 5108 rem
832 5065 966 5108 esset
984 5060 1079 5121 hoc
1102 5061 1153 5106 in
1178 5055 1285 5121 lo'co
1309 5060 1417 5121 ejus
1456 5057 1657 5121 patriam
1695 5056 1998 5121 meminisse.
2022 5055 2201 5121 _E‘con_-

586 5172 591 5179 ,
620 5123 786 5179 trario,
811 5122 936 5169 sicut
968 5120 1263 5179 Aristarchi,
1288 5116 1353 5168 ita
1390 5118 1595 5179 Longini
1635 5116 1889 5179 notissima
1922 5118 1975 5167 in
2013 5117 2204 5167 Criticis

618 5184 813 5232 nomina
835 5181 962 5243 apud
983 5180 1237 5241 Antiquos,
1250 5178 1437 5243 quibus
1460 5181 1553 5243 iste
1576 5178 1623 5225 in
1644 5178 1817 5243 primis
1838 5193 2095 5243 ιρετειέκατος
2120 5192 2203 5227 au-

619 5246 709 5295 diit
735 5239 980 5295 :Celehre
1017 5248 1100 5304 est
1121 5239 1328 5304 quoque
1365 5240 1481 5304 illud
1504 5240 1657 5304 quasi
1697 5239 2021 5289 Proverbinm
2043 5254 2086 5291 at.
2109 5254 2205 5292 κατά

618 5320 782 5371 lanians
794 5320 946 5371 39in“,
1124 5298 1206 5371 ῥεῖ
1226 5298 1403 5371 ιὲπξενεξ
1416 5298 1663 5371 e.

709 5334 782 5358 ινον
806 5334 946 5371 ιρινιιν,
974 5334 1105 5368 ιιυυυ
1129 5334 1206 5352 ωδ
1226 5334 1401 5352 ιῡηιοιυ
1416 5334 1663 5362 Juuwuru.

666 5334 752 5436 1b)
790 5369 1065 5436 Expressus
1084 5365 1167 5436 hic
1187 5362 1467 5436 versiculus
1490 5376 1555 5412 ex
1570 5361 1654 5412 illo
1676 5362 1878 5414 Hesiodi
1901 5363 2204 5427 Theogonie

619 5426 727 5482 523.
741 5426 837 5481 ’νεὶ
857 5426 1060 5480 Homeri
1084 5426 1258 5478 Iliados
1278 5436 1318 5484 t;.
1349 5426 1454 5475 181.

837 5505 1086 5556 Πρὸσοιλέυν,
1109 5497 1311 5556 επιξθινλδί
1328 5496 1480 5556 δράιορ,
1496 5496 1678 5556 μίση-δι
1699 5502 1862 5556 χὶμξιρι.

837 5516 976 5556 [1966's
987 5516 1086 5549 λων,
1109 5516 1252 5541 eum"
1270 5516 1311 5541 os
1328 5516 1480 5553 opum,
1496 5516 1613 5551 μισση
1636 5516 1678 5539 os
1699 5516 1708 5524 ·
1723 5516 1828 5554 ιμιιᾳ

622 5554 677 5604 Id
697 5563 774 5606 est
790 5568 960 5617 capra.
975 5554 1137 5604 Habet
1158 5551 1330 5617 Latine
1354 5558 1406 5601 et
1435 5516 1754 5617 Lucre_tius‘l_.
1780 5552 1828 5601 5.

688 5619 762 5679 (1)
797 5610 1000 5679 Gravius
1022 5615 1300 5679 Censorium
1331 5616 1503 5678 reponi
1527 5613 1697 5665 vellet.
1722 5614 1876 5664 Paulo
1893 5620 2002 5677 post
2023 5613 2107 5662 ubi
2129 5610 2208 5660 di-

626 5677 753 5743 citur
773 5678 880 5743 plus
903 5677 1134 5743 placebat.

689 5734 966 5802 (2)'Eidém
990 5742 1151 5802 purior
1175 5740 1281 5789 haec
1302 5738 1495 5802 videtur
1516 5738 1694 5802 lectio;
1724 5737 1839 5802 Plus
1859 5736 1945 5802 illa
1968 5734 2203 5802 placebat.

627 5794 707 5851 At‘
730 5794 859 5874 vide,
904 5794 1018 5849 num
1055 5801 1322 5874 legendum
1358 5800 1487 5854 forte
1530 5801 1597 5851 sit
1635 5800 1752 5853 Plus
1782 5799 1871 5853 illa
1898 5794 2126 5861 hiemps
2150 5794 2213 5848 dc

629 5864 852 5931 prandiis
875 5875 1038 5915 sermo
1060 5870 1155 5915 est.

2188 5968 2253 5981 ...Α

1891 353 2133 415 SANCTI
2168 352 2549 411 HERONYMI

3722 360 3863 419 1084

2280 471 2422 526 idem
2456 470 2541 527 vir
2575 470 2789 542 sapiens
2815 487 2830 526 :
2859 468 2987 528 Cum
3013 474 3410 545 detractoribus,
3441 475 3646 547 inquit,
3679 492 3743 532 ne
3763 480 3860 533 mi-

2280 563 2467 618 scearis
2482 579 2502 617 :
2516 565 2753 634 quoniam
2768 574 2974 635 repente
2992 568 3152 622 veniet
3166 567 3382 638 perditio
3402 584 3579 623 eorum
3597 577 3644 623 et
3664 571 3862 625 ruinam

2281 654 2541 727 utriusque
2566 656 2678 723 quis
2705 656 2840 711 novit
2867 655 3047 728 (Prov.
3074 657 3164 715 24.
3194 660 3286 731 2|)
3317 676 3335 715 :
3368 669 3474 717 tam
3500 660 3714 716 scilicet
3748 660 3863 731 ejus

2280 747 2370 817 qui
2400 747 2656 819 loquitur,
2685 764 2845 819 quam
2874 749 3048 819 illius,
3077 752 3167 823 qui
3194 752 3342 809 audit
3384 754 3723 824 loquentem.
3758 753 3863 811 Vs:-

2280 855 2432 896 ιλιι-ΑΒ
2456 855 2687 898 Ακςυιοε
2712 857 2817 897 non
2849 851 3023 912 amat,
3052 858 3151 900 nec
3184 846 3379 916 quaerit
3403 860 3748 901 susurrones.
3775 845 3864 903 Ti-

2282 933 2500 989 motheo
2543 933 2741 989 dicitur
2778 951 2792 988 :
2840 934 3118 991 Adversum
3168 937 3515 1007 presbyterum
3577 938 3860 993 accusatio-

2282 1041 2397 1079 nem
2426 1025 2500 1096 (c)
2527 1027 2627 1080 cito
2667 1042 2768 1081 non
2803 1029 3070 1097 receperis.
3107 1025 3413 1083 Peccantem
3453 1037 3658 1095 autem,
3697 1046 3861 1085 coram

2282 1116 2514 1170 omnibus
2538 1134 2713 1189 argue,
2738 1127 2796 1172 ut
2819 1128 2865 1173 et
2888 1120 3056 1174 caeteri
3081 1130 3264 1174 metum
3288 1120 3506 1174 habeant
3530 1119 3613 1191 (1.
3645 1119 3779 1175 Tim.
3810 1122 3858 1177 5.

2284 1211 2373 1266 19.
2402 1221 2449 1266 et
2474 1210 2589 1283 20).
2618 1211 2733 1267 Non
2762 1222 2846 1268 est
2871 1212 3027 1269 facile
3065 1214 3133 1269 dc
3162 1223 3413 1285 provecta
3441 1222 3605 1269 :ctate
3643 1214 3862 1270 creden-

2282 1303 2431 1370 dum,
2464 1320 2622 1375 quam
2646 1314 2701 1361 et
2728 1304 2835 1360 vita
2863 1306 3131 1376 praeterita
3157 1305 3416 1372 defendit,
3448 1316 3505 1361 et
3524 1304 3756 1362 honorat
3780 1321 3864 1361 vo-

2283 1394 2531 1449 cabulum
2556 1395 2850 1469 dignitatis.
2881 1394 3082 1451 Verum
3123 1397 3247 1467 quia
3286 1396 3535 1451 homines
3561 1410 3751 1452 sumus
3770 1436 3787 1463 ,
3814 1405 3864 1452 et

2284 1487 2552 1544 interdum
2590 1497 2780 1544 contra
2820 1505 3084 1545 annorum
3128 1491 3525 1555 maturitatem,
3581 1504 3863 1560 puerorum

2282 1582 2428 1637 vitiis
2469 1582 2733 1649 labimur;
2789 1583 2835 1638 si
2880 1598 2966 1639 me
2996 1584 3079 1639 vis
3123 1584 3398 1654 corrigere
3425 1583 3861 1654 delinquentem,

2284 1680 2467 1742 aperte
2498 1672 2737 1744 increpa,
2766 1682 2974 1730 tantum
2999 1691 3068 1731 ne
3092 1676 3301 1731 occulte
3327 1675 3599 1730 mordeas.
3622 1674 3864 1744 Corripiet

2284 1783 2363 1820 me
2386 1768 2552 1834 iustus
2578 1769 2633 1822 in
2659 1764 3030 1837 misericordia,
3061 1780 3109 1825 et
3136 1770 3419 1842 increpabit
3446 1785 3465 1825 :
3494 1769 3679 1824 Oleum
3703 1781 3864 1824 autem

2286 1860 2566 1927 peccatoris
2606 1877 2707 1914 non
2748 1862 3028 1933 impinguet
3068 1872 3224 1934 caput
3262 1878 3425 1916 meum
3460 1861 3594 1928 (Ps.
3635 1861 3759 1917 140.
3791 1862 3861 1933 5).

2289 1950 2451 2018 Quem
2490 1954 2623 2008 enim
2647 1954 2815 2025 diligit
2846 1954 3119 2022 Dominus,
3193 1954 3355 2027 947
3429 1955 3639 2026 corripit
3669 1971 3689 2010 :
3717 1957 3865 2009 casti-

2285 2052 2370 2125 gat
2396 2054 2565 2097 autem
2585 2060 2782 2100 onmem
2810 2045 2976 2114 ﬁlium
2995 2061 3144 2116 queat
3171 2046 3349 2113 recipit
3377 2042 3561 2118 (Prov.
3590 2046 3645 2101 5.
3669 2042 3781 2116 12).
3804 2044 3865 2099 Et

2286 2148 2383 2204 per
2406 2135 2596 2191 Isaiam
2626 2136 2824 2192 clamat
2853 2136 3114 2193 Dominus
3140 2156 3154 2193 :
3186 2136 3421 2207 Populus
3456 2154 3617 2203 meus,
3646 2138 3735 2206 qui
3759 2138 3866 2191 boa-

2286 2237 2363 2281 tos
2393 2242 2480 2282 vos
2505 2228 2707 2296 dicunt,
2738 2228 2983 2284 seducunt
3012 2245 3126 2296 vos,
3167 2237 3215 2283 et
3243 2230 3446 2283 semitas
3473 2229 3662 2298 pedum
3686 2236 3867 2283 vestroo

2284 2329 2405 2374 runt
2442 2322 2773 2391 supplantant
2802 2321 2955 2393 (lsai.
2992 2323 3046 2378 5.
3080 2322 3192 2394 ll).
3224 2323 3362 2390 Quid
3396 2321 3539 2377 enim
3569 2320 3703 2377 mihi
3744 2335 3865 2393 pro-

2287 2412 2436 2480 dest,
2488 2414 2533 2468 si
2575 2413 2696 2469 aliis
2734 2415 2879 2469 mala
2922 2414 3132 2472 referas
3174 2415 3327 2471 mea?
3355 2414 3412 2472 Si
3441 2431 3530 2472 me
3557 2415 3866 2481 nesciente,

2288 2508 2523 2577 peccatis
2562 2508 2731 2574 meis,
2761 2507 2871 2563 imo
2897 2508 3321 2565 detractionibus
3350 2507 3457 2564 tuis
3488 2507 3656 2564 alium
3685 2508 3868 2565 vulne-

2286 2613 2410 2664 res;
2444 2606 2499 2654 et
2540 2612 2664 2655 cum
2703 2600 2951 2655 certatim
2982 2600 3233 2656 omnibus
3260 2615 3483 2664 narres.
3527 2601 3610 2656 sic
3650 2600 3869 2671 singulis

2288 2692 2524 2762 loquaris
2547 2734 2563 2761 ,
2592 2693 2747 2764 quasi
2786 2694 2921 2750 nulli
2950 2693 3151 2750 dixeris
3182 2695 3380 2750 alteri?
3405 2693 3521 2750 Hoc
3549 2703 3765 2751 estnon
3789 2708 3869 2750 me

2288 2784 2616 2842 emendare:
2649 2786 2744 2843 sed
2780 2788 2911 2844 vitio
2940 2798 3031 2845 tuo
3056 2787 3387 2845 satisfacere.
3418 2789 3673 2860 Praecipit
3699 2789 3870 2845 Domi-

2292 2893 2391 2932 nus
2411 2919 2426 2943 ,
2461 2887 2749 2947 peccantes
2771 2879 2828 2935 in
2853 2894 2914 2935 os
2936 2880 3086 2951 argui
3114 2878 3312 2935 debere
3341 2889 3575 2948 secreto,
3605 2880 3693 2935 vel
3720 2878 3868 2935 adhi-

2289 2968 2403 3025 bito
2435 2978 2599 3039 teste;
2633 2980 2687 3027 et
2724 2971 2770 3027 si
2800 2971 2990 3028 audire
3020 2972 3293 3027 noluerint
3312 3013 3329 3040 ,
3365 2970 3562 3027 referri
3590 2970 3660 3026 ad
3689 2971 3867 3028 Eccle-

2292 3066 2425 3122 siam
2447 3110 2461 3133 ,
2493 3067 2873 3139 habendosque
2900 3067 2952 3122 in
2979 3068 3121 3123 malo
3151 3067 3472 3139 pertinaces,
3504 3066 3649 3124 sicut
3697 3066 3865 3123 ethni-

2289 3173 2383 3215 cos
2406 3168 2460 3214 et
2484 3159 2798 3231 publicanos
2822 3158 3040 3230 (Matth.
3074 3158 3186 3231 18).

2359 3275 2451 3332 20.
2520 3276 2645 3332 Haec
2699 3275 3004 3345 expressius
3058 3274 3288 3345 loquor,
3352 3281 3413 3330 ut
3469 3275 3865 3334 adolescentem

2291 3383 2501 3433 meum,
2551 3376 2605 3422 et
2644 3366 2838 3436 linguae
2866 3374 2922 3421 et
2958 3365 3165 3419 aurium
3197 3365 3471 3438 prurigine
3514 3366 3748 3424 liberem
3775 3387 3790 3428 :
3815 3374 3867 3423 ut

2290 3466 2534 3515 renatum
2558 3458 2609 3513 in
2637 3455 2873 3521 Chrlslo,
2904 3456 3021 3512 sine
3045 3472 3174 3528 ruga
3195 3466 3251 3512 et
3275 3456 3507 3524 macula,
3538 3463 3699 3530 quasi
3728 3458 3869 3530 pudi-

2290 3568 2407 3609 cam
2434 3551 2697 3622 virginem
2736 3548 3026 3605 exhibeam
3050 3590 3064 3615 ,
3097 3559 3299 3604 castam
3342 3544 3451 3604 tam
3492 3561 3680 3606 mente
3720 3564 3868 3621 quam

2291 3658 2552 3715 corpore;
2598 3657 2665 3698 ne
2706 3641 2822 3699 solo
2863 3641 3081 3707 nomine
3122 3640 3403 3713 glorietur,
3436 3648 3493 3697 et
3520 3640 3729 3712 absque
3757 3641 3868 3696 oleo

2291 3734 2554 3790 bonorum
2594 3749 2816 3804 operum
2839 3774 2854 3801 ,
2902 3733 3134 3789 extincta
3165 3730 3447 3801 lampade,
3494 3732 3818 3787 excludatur
3841 3744 3868 3785 s

2291 3841 2512 3898 sponso.
2543 3825 2720 3882 Habes
2751 3825 2872 3880 istic
2912 3831 3153 3879 sanctum
3180 3822 3661 3893 doetissimumque
3689 3821 3866 3877 Ponti-

2292 3919 2445 3975 ﬂccm
2474 3918 2552 3990 (d)
2577 3916 2883 3985 Proculum,
2907 3916 2997 3986 qui
3025 3914 3148 3970 viva
3168 3922 3224 3969 et
3245 3914 3496 3984 praesenti
3514 3929 3647 3970 voce
3669 3924 3869 3970 nostras

2292 4013 2577 4070 schedulas
2621 4020 2875 4082 superet,
2905 4007 3370 4080 'quotidianisque
3413 4007 3727 4062 tractatibus
3775 4008 3870 4062 iter

2294 4117 2440 4164 tuum
2468 4105 2694 4176 dirigat;
2727 4118 2828 4160 nec
2859 4102 3090 4173 patiatur
3117 4108 3170 4156 te
3198 4100 3253 4155 in
3284 4107 3492 4170 partem
3524 4097 3751 4153 alteram
3784 4096 3871 4152 de-

2294 4202 2541 4259 clinando
2560 4242 2575 4269 ,
2606 4201 2747 4256 viam
2773 4198 3084 4269 relinquere
3128 4196 3363 4267 regiam,
3394 4210 3491 4266 per
3516 4209 3679 4266 quam
3705 4192 3864 4249 Israel

2293 4295 2362 4350 ad
2390 4304 2589 4349 terram
2617 4290 3053 4362 repromissionis
3080 4300 3378 4360 properans
3397 4328 3413 4354 ,
3441 4300 3503 4342 se
3531 4287 3870 4342 transiturum

2294 4400 2416 4443 esse
2445 4384 2730 4457 promittit.
2764 4383 2940 4453 Atque
2970 4382 3173 4437 utinam
3213 4380 3534 4436 exaudiatur
3562 4396 3671 4435 vox
3698 4378 3871 4434 Eccle-

2294 4477 2392 4533 sia:
2440 4475 2774 4547 implorantis
2812 4492 2827 4530 :
2877 4472 3130 4542 Domine,
3155 4488 3333 4544 pacem
3380 4472 3449 4526 da
3491 4473 3637 4530 nobis
3665 4487 3686 4527 :
3711 4468 3871 4526 onmia

2363 4743 2433 4808 (c)
2468 4742 2523 4793 In
2544 4741 2847 4808 quibusnam
2869 4737 3400 4808 lectioexemplaribns
3415 4737 3737 4808 inveniatur,
3753 4733 3873 4808 haud

2299 4800 2427 4863 scio;
2444 4800 2583 4855 certe
2605 4804 2902 4864 Hieronymo
2935 4800 3207 4864 antiquiora
3227 4837 3242 4862 ,
3267 4801 3397 4864 quod
3414 4801 3679 4864 innuimus
3696 4800 3817 4849 Nota
3847 4808 3876 4845 ιι

2299 4869 2350 4917 in
2387 4866 2647 4931 Epistulam
2672 4862 2865 4931 XXVII.
2901 4865 2962 4931 ad
2992 4862 3268 4931 Marcellam
3284 4862 3413 4912 'num
3435 4897 3446 4911 .
3482 4863 3530 4931 li.
3556 4863 3751 4911 omnino
3786 4869 3876 4931 n_on

2301 4919 2631 5002 recipiendam
2655 4929 2889 4978 adversus
2924 4925 3280 5002 Presbyterum
3309 4924 3669 5002 accusationem
3710 4919 3876 5002 praefe-

2302 4984 2477 5042 rebant
2500 5005 2513 5041 ε
2539 4991 2599 5040 ad
2619 5003 2829 5052 eumque
2848 4984 3113 5052 _modum_S.
3142 4984 3572 5052 Cypriangsdegit,
3601 4991 3655 5034 et
3665 4984 3757 5052 qui.
3773 4984 3879 5032 Am-

2304 5055 2571 5103 brosiaster
2594 5044 2764 5110 audit,'
2782 5050 2996 5100 Hilarius
3034 5044 3279 5097 Diaco'n'us
3295 5083 3310 5107 ,
3336 5044 3607 5110 Primésius
3625 5084 3647 5110 ,_
3679 5044 3874 5107 aliique.

2304 5116 2484 5165 Noster
2507 5127 2626 5164 vero
2649 5108 2910 5172 clausulam
2946 5110 3281 5172 apponendam
3319 5108 3679 5172 ibiuconstituit
3694 5146 3708 5163 ,
3725 5120 3785 5172 ne
3807 5116 3880 5172 re-

2306 5176 2510 5240 ceperis,
2655 5173 2740 5224 sub
2761 5171 2964 5231 duobus,
2978 5167 3074 5221 'a'ut
3092 5171 3264 5240 _tribus
3286 5168 3497 5240 testibus,
3539 5169 3618 5219 cui
3656 5167 3880 5240 lectioni,

2306 5232 2450 5302 quam
2477 5232 2569 5302 etsi
2596 5236 2796 5302 Graecus
2819 5240 2983 5283 textus
3003 5239 3064 5302 _et
3092 5232 3333 5296 Vulgatus
3362 5233 3613 5302 interpres
3635 5232 3882 5302 retinent_,

2305 5288 2612 5351 r'ecentiores
2632 5295 2829 5359 quidam
2848 5295 3141 5359 superﬂuam
3157 5288 3380 5359 putant;
3404 5288 3510 5359 haec
3530 5294 3634 5359 ipsa
3655 5290 3774 5355 Cito,
3795 5288 3886 5341 cal-

2306 5360 2467 5412 culum
2488 5354 2751 5420 utcumque
2772 5354 2924 5420 addit;
2938 5357 3066 5420 quod
3083 5354 3255 5406 sedulo
3279 5357 3431 5420 notari
3466 5354 3633 5420 velim.

2375 5421 2444 5488 (τί)
2484 5412 2720 5491 Proculus
2741 5412 2971 5470 Massilia;
2987 5415 3284 5491 EpiscOpus,
3316 5418 3427 5491 qui“
3426 5417 3662 5491 grandem
3699 5415 3793 5491 sibi
3818 5412 3886 5491 fa:

2305 5476 2442 5555 gnam
2468 5485 2752 5555 sanctitatis
2768 5476 3132 5555 comparaverat
3151 5476 3178 5540 ,’
3200 5487 3253 5529 et.
3388 5476 3890 5555 Titurinensejgouci-

2308 5547 2428 5596 lium
2452 5550 2850 5606 concesserat_,_ut
2866 5539 3133 5606 Episcopis,
3151 5539 3273 5606 quos
3295 5554 3320 5589 a
3337 5554 3393 5591 se
3412 5540 3610 5606 dixerat
3630 5539 3887 5606 ogdinawS,

2309 5615 2536 5670 tanquam
2562 5613 2702 5670 Pater
2737 5599 2857 5670 [illis
2887 5599 3079 5670 honore
3092 5599 3327 5663 primatus
3349 5602 3639 5670 _assisteret._
3665 5599 3767 5670 sed
3798 5610 3891 5670 ma-

2310 5661 2454 5734 gua'm
2479 5661 2781 5734 postmodum
2807 5669 2897 5716 sibi
2923 5661 3172 5734 invidgtm
3200 5666 3403 5734 creavit,
3445 5668 3677 5726 usurpata
3719 5661 3894 5734 bletroc

2311 5724 2508 5795 potitant
2546 5730 2815 5795 dignitate,
2840 5728 2972 5795 unde
3008 5726 3546 5795 a_ngimo;damnatu‘s
3568 5724 3678 5777 est.
3721 5724 3890 5795 (logie;

2312 5785 2418 5844 ires
2442 5794 2548 5853 ejus
2571 5785 2715 5855 Papae
2740 5785 2973 5856 epistolas
2993 5790 3052 5841 ad
3090 5789 3367 5841 Patroclum
3403 5788 3754 5841 Arelatensem
3786 5785 3894 5852 Ενίσ

2318 5868 2534 5922 scopum.
