4080 6340
603 387 739 451 1091

610 522 996 571 πεκευιτιτεκ
1042 504 1268 578 virginis
1312 498 1550 569 Domini,
1574 496 1837 575 virginem
1875 502 2105 550 matrem
2127 490 2188 545 tl-

605 606 710 661 lius
741 604 888 673 virgo
917 600 1229 670 susciperet.

674 695 728 750 6.
762 692 929 747 Annis
951 691 1109 762 igitur
1137 685 1381 760 plurimis
1397 685 1476 741 sic
1496 698 1645 740 suam
1677 677 1935 749 transegit
1952 683 2187 745 aetatem,

602 795 661 857 ut
688 794 812 841 ante
846 799 905 839 se
955 782 1187 839 vetulam
1231 787 1494 845 cerneret,
1530 791 1689 849 quam
1735 768 2190 828 adolescentulam

602 877 769 933 fuisse
817 873 1193 941 meminisset,
1240 872 1465 928 laudans
1512 867 1643 924 illud
1686 863 2042 930 Platonicum,
2098 861 2190 933 qui

601 968 1006 1040 Philosophiam
1044 966 1445 1022 meditationem
1476 960 1663 1017 mortis
1689 971 1808 1014 esse
1834 955 1988 1014 dixit.
2035 952 2191 1010 Unde

602 1072 656 1121 ct
684 1072 866 1119 noster
897 1061 1184 1141 Apostolus
1217 1078 1231 1115 :
1267 1056 1522 1127 Quotidie,
1554 1052 1747 1124 inquit,
1768 1051 1959 1105 morior
1984 1056 2192 1120 propter

600 1166 816 1211 vestram
860 1138 1075 1211 salutem
1122 1153 1198 1224 (ι.
1255 1145 1641 1218 Cor.15.51).
1691 1144 1761 1199 Ει
1802 1142 2083 1207 Dominus,
2110 1138 2190 1213 (a)

598 1247 754 1320 juxta
793 1248 1006 1317 antiqua
1050 1244 1376 1316 exemplaria
1414 1258 1431 1298 :
1470 1239 1594 1295 Nisi
1636 1239 1749 1311 quis
1780 1236 1950 1292 tulerit
1990 1248 2192 1288 crucem

602 1357 748 1396 suam
765 1339 1010 1409 quotidie,
1029 1348 1075 1394 et
1096 1347 1297 1393 secutus
1321 1334 1475 1407 fuerit
1496 1349 1597 1399 me,
1616 1347 1716 1386 non
1748 1337 1910 1402 potest
1930 1342 2071 1381 meus
2087 1341 2193 1380 esse

605 1431 885 1504 discipulus
915 1431 1066 1503 (Luc.
1100 1431 1188 1486 14.
1217 1428 1334 1499 27.)
1389 1426 1660 1494 Multoque
1686 1429 1811 1476 ante
1832 1434 1926 1490 per
1954 1415 2192 1487 Prophe-

601 1531 710 1578 tam
755 1523 984 1594 Spiritus
1014 1521 1283 1577 Sanctus:
1331 1516 1554 1588 Propter
1593 1524 1641 1568 te
1684 1512 2051 1580 mortiﬁcamur
2087 1517 2193 1563 tota

601 1615 703 1683 die,
732 1614 964 1669 wstimati
989 1629 1159 1667 sumus
1185 1622 1238 1665 ut
1265 1626 1378 1664 oves
1408 1607 1673 1663 occisionis
1696 1604 1871 1676 (Rom.
1902 1603 1935 1658 8
1978 1602 2090 1673 56).
2126 1601 2195 1656 Et

600 1714 725 1778 post
762 1705 960 1760 multas
999 1714 1188 1759 aetates
1217 1702 1307 1757 illa
1334 1703 1596 1757 sententia
1642 1716 1657 1753 :
1714 1695 1969 1752 Memento
1998 1708 2194 1763 semper

600 1799 738 1854 diem
764 1800 959 1865 mortis,
992 1806 1040 1852 et
1069 1812 1325 1868 nunquam
1352 1794 1580 1866 peccabis
1609 1788 1799 1864 (Eccli.
1831 1790 1911 1861 7).
1942 1787 2195 1845 Disertis-

599 1891 831 1962 simique
854 1898 1180 1961 praeceptum
1206 1888 1279 1961 (ὁ)
1300 1887 1527 1959 Satyrici
1557 1903 1571 1941 :

608 2054 614 2059 ι
646 1984 767 2040 Vive
783 2001 973 2039 memor
989 1985 1131 2050 lethi,
1150 1983 1439 2055 fugithora,
1463 1982 1558 2035 hoc
1578 1979 1716 2052 quod
1740 1979 1940 2047 loquor.
1957 1975 2078 2031 inde
2095 1984 2190 2033 est.

673 2077 764 2135 Sic
794 2091 925 2148 ergo
978 2076 1059 2146 (ut
1100 2074 1282 2130 dicere
1324 2072 1685 2144 cmperamus)
1710 2080 1923 2126 aetatem
1943 2069 2115 2134 duxit,
2139 2075 2196 2124 et

598 2172 751 2237 vixit,
784 2180 842 2227 ut
871 2185 1091 2242 semper
1114 2185 1174 2227 se
1198 2168 1449 2226 crederet
1472 2181 1595 2224 esse
1620 2167 1957 2222 morituram.
1997 2163 2087 2220 Sic
2112 2162 2197 2218 in-

600 2262 731 2320 duta
760 2271 842 2318 est
862 2262 1120 2326 vestibus,
1149 2268 1206 2316 ut
1230 2259 1567 2316 meminisset
1593 2257 1848 2329 sepulcri,
1876 2255 2108 2313 offerens
2133 2269 2196 2312 se

600 2357 831 2413 hostiam
859 2355 1254 2421 rationabilem,
1288 2354 1489 2422 vivam,
1519 2352 1826 2424 placentem
1855 2350 1988 2406 Deo.

670 2451 723 2505 7.
772 2450 990 2518 Quando
1033 2448 1250 2504 Romam
1296 2448 1448 2502 venit.
1488 2475 1563 2489 -—
1601 2445 1842 2515 Denique
1877 2456 1999 2498 eum
2025 2449 2081 2497 et
2106 2453 2197 2497 me

601 2542 830 2600 Romam
858 2556 980 2597 cum
1006 2540 1208 2596 sanctis
1236 2537 1607 2603 Pontilicibus,
1634 2535 1861 2590 Paulino
1882 2542 1938 2589 et
1962 2531 2198 2603 Epipha-

601 2634 714 2699 nio,
740 2630 1116 2687 Ecclesiastica
1143 2631 1220 2702 (ο)
1242 2629 1494 2684 traxisset
1520 2626 1814 2683 necessitas
1838 2625 2085 2696 (quorum
2112 2622 2196 2677 al-

604 2734 686 2781 ter
729 2723 1126 2779 Antiochenam
1176 2722 1386 2794 Syrias,
1444 2721 1580 2776 alter
1633 2718 1979 2775 Salaminiam
2034 2716 2197 2788 Cypri

602 2815 741 2873 rexit
788 2813 1109 2883 Ecclesiam)
1149 2820 1206 2867 et
1241 2810 1543 2867 verecunde
1590 2810 1849 2865 nobilium
1879 2808 2195 2863 feminarum

603 2908 794 2965 oculos
843 2906 1194 2972 declinarem,
1244 2903 1318 2959 ita
1370 2904 1479 2973 egit
1516 2901 1811 2958 secundum
1854 2900 2193 2970 Apostolum,

601 3002 911 3074 importune,
940 3007 1223 3071 opportune
1274 2997 1352 3066 (2.
1389 2997 1521 3051 Tim.
1554 2997 1636 3066 4),
1668 2994 1997 3066 utpudorcm
2016 3009 2194 3051 meum

601 3108 699 3150 sua
723 3101 1005 3164 superaret
1028 3090 1312 3146 industria.
1357 3088 1423 3143 Et
1447 3088 1574 3159 quia
1603 3086 1831 3158 alicujus
1860 3094 1987 3142 tunc
2015 3087 2193 3142 nomi-

607 3186 692 3243 nis
721 3200 842 3243 esse
912 3184 1077 3256 956
1146 3182 1496 3238 existimabar
1522 3195 1686 3252 super
1708 3180 1885 3236 studio
1902 3179 2197 3251 Scriptura-

604 3293 747 3342 rum,
794 3290 1065 3345 nunquam
1101 3276 1375 3338 convenit,
1426 3275 1553 3344 quin
1579 3273 1646 3328 de
1677 3274 1970 3343 Seripturis
1995 3275 2196 3347 aliquid

603 3369 963 3438 interrogaret
991 3384 1004 3421 :
1037 3380 1140 3423 nec
1165 3374 1220 3422 ut
1249 3365 1428 3424 statim
1481 3365 1589 3441 [ιιι.
1612 3385 1703 3423 nec
1728 3368 1935 3440 statim]
1980 3369 2197 3438 acquie-

602 3470 797 3530 sceret,
839 3461 934 3518 sed
978 3470 1218 3517 moveret
1246 3460 1569 3517 econtrario
1611 3461 1957 3531 quaestiones;
1988 3476 2095 3516 non
2135 3471 2196 3516 ιιι

603 3554 976 3620 contenderet,
1026 3552 1120 3609 sed
1153 3562 1209 3608 ut
1245 3552 1540 3623 quterendo
1582 3551 1814 3609 disceret
1838 3567 2022 3608 earum
2051 3553 2194 3609 solu-

603 3649 799 3715 tiones,
846 3662 980 3719 quas
1002 3646 1200 3718 opponi
1228 3660 1388 3717 posse
1424 3644 1777 3716 intelligebat.
1827 3644 1969 3711 Quid
2004 3645 2059 3699 in
2102 3645 2194 3700 illa

603 3744 885 3809 virtutum,
913 3740 1040 3813 quid
1071 3740 1290 3811 ingenii,
1323 3737 1451 3811 quid
1481 3737 1805 3803 sanctitatis,
1835 3736 1961 3807 quid
1992 3736 2197 3806 purita-

604 3837 672 3892 tis
691 3836 1011 3903 invenerim,
1034 3848 1227 3891 vereor
1241 3833 1444 3896 dicere,
1476 3847 1543 3887 ne
1565 3831 1724 3887 fidem
1754 3830 2087 3887 credulitatis
2100 3846 2196 3886 ex-

600 3929 812 3996 cedam,
838 3938 893 3985 et
919 3929 1011 3985 tibi
1033 3927 1291 3997 majorem
1327 3925 1570 3981 dolorem
1586 3923 1864 3989 incutiam,
1886 3924 2193 3979 recordanti

602 4031 805 4095 quanto
832 4022 974 4077 bono
1000 4020 1260 4077 carueris.
1299 4018 1413 4074 Hoc
1440 4017 1618 4072 solum
1649 4016 1846 4083 dicam,
1875 4018 2016 4087 quod
2037 4016 2195 4088 quid-

604 4114 733 4186 quid
755 4114 809 4169 in
836 4112 992 4168 nobis
1011 4112 1173 4182 longo
1194 4110 1293 4165 fuit
1312 4107 1489 4164 studio
1514 4117 1912 4179 congregatum,
1947 4117 2003 4163 et
2024 4107 2194 4163 medi-

605 4208 807 4262 talione
839 4205 1110 4272 diuturna,
1138 4202 1290 4274 quasi
1318 4201 1372 4256 in
1404 4210 1648 4256 naturam
1675 4216 1912 4269 versum;
1963 4202 2067 4258 hoc
2102 4202 2197 4257 illa

603 4298 812 4362 libavit,
835 4296 939 4351 hoc
963 4294 1171 4361 didicit,
1213 4302 1372 4363 atque
1402 4292 1637 4362 possedit
1665 4310 1679 4347 :
1723 4293 1796 4348 ita
1826 4301 1886 4347 ut
1913 4301 2037 4365 post
2064 4308 2197 4364 pro-

603 4388 893 4446 fectionem
925 4396 1188 4451 nostram,
1236 4385 1281 4439 si
1307 4383 1377 4439 de
1399 4383 1582 4455 aliquo
1608 4385 1916 4440 testimonio
1953 4383 2195 4455 Scriptu-

603 4494 786 4536 rarum
844 4486 990 4534 esset
1034 4475 1222 4531 oborta
1270 4477 1583 4544 contentio,
1624 4476 1691 4532 ad
1760 4477 1907 4532 illam
1957 4477 2193 4546 iudicem

605 4577 937 4643 pergeretur.
995 4567 1063 4623 Et
1089 4569 1213 4637 quia
1244 4568 1403 4625 valde
1431 4568 1665 4639 prudens
1694 4578 1810 4625 erat
1829 4610 1846 4635 ,
1888 4578 1944 4624 et
1972 4577 2195 4625 noverat

606 4662 757 4728 illud,
787 4660 930 4731 quod
959 4658 1230 4731 appellant
1256 4660 1565 4733 Phil050phi
1603 4673 1657 4719 τὸ
1677 4671 1849 4734 πρέπον
1874 4661 1927 4716 id
1962 4671 2065 4728 est,
2100 4662 2192 4717 de-

609 4769 723 4808 cere
742 4751 884 4821 quod
910 4751 1074 4808 facias
1103 4769 1116 4807 :
1148 4754 1226 4808 sic
1273 4752 1341 4808 ad
1370 4754 1693 4822 interrogata
1727 4750 2109 4820 respondebat,
2139 4760 2196 4807 ut

611 4848 772 4904 etiam
800 4861 916 4914 sua,
945 4862 1053 4902 non
1071 4862 1168 4902 sua
1196 4846 1419 4913 diceret,
1438 4846 1533 4904 sed
1551 4847 1637 4902 vel
1654 4859 1793 4911 mea,
1810 4844 1893 4899 vel
1913 4844 2197 4914 cujuslibet

609 4939 853 5009 alterius,
875 4949 933 4995 ut
953 4942 1005 4996 in
1026 4955 1092 4997 eo
1114 4940 1232 5012 ipso
1255 4940 1400 5011 quod
1427 4939 1673 5003 docebat,
1698 4951 1758 4992 se
1782 4936 2095 5007 discipulam
2116 4937 2197 4995 fa-

609 5099 870 5161 Vulgatatn
894 5098 1173 5165 editionem,
1208 5097 1297 5165 sed
1330 5096 1497 5165 verius
1534 5093 1762 5165 plerique
1784 5092 1868 5141 alii
1892 5092 2034 5155 juxta
2057 5093 2195 5165 Grte:

612 5156 793 5219 cum'tu
816 5174 865 5212 τὰ
882 5169 981 5223 tam,
1005 5160 1058 5211 in
1078 5156 1185 5221 sua,
1210 5159 1258 5209 id
1276 5163 1355 5208 est
1375 5158 1507 5207 inter
1529 5156 1745 5218 proprias
1768 5166 1881 5216 res;
1905 5168 2115 5218 quaeque
2138 5156 2198 5206 ad

610 5237 668 5274 58
688 5230 930 5274 εοθοωιιι.

675 5239 956 5349 (ﬁgitﬁgit
970 5284 1213 5349 Victorius
1228 5289 1402 5349 putare
1425 5278 1630 5349 aliquos,
1651 5276 1743 5349 sed
1764 5275 1901 5337 falso,
1917 5278 2023 5328 haec
2050 5282 2199 5331 verba

602 5339 755 5409 ﬁnita
768 5347 976 5411 antiqua
1003 5339 1311 5411 exemplaria
1340 5339 1631 5411 transposita
1664 5339 1779 5411 beie
1803 5353 1916 5411 esse
1943 5378 1957 5401 ,
1985 5349 2198 5411 et_pr:e-

678 5413 729 5457 nt
752 5400 941 5459 debeie
963 5408 1041 5457 his
1062 5413 1108 5457 et
1133 5400 1363 5464 Dominus
1380 5437 1396 5462 ,
1420 5400 1775 5464 ut'referantur
1798 5401 1855 5451 ad
1893 5400 2202 5464 superiorem

678 5422 729 5457 nl
752 5422 941 5459 (tenere
967 5422 1041 5457 nis
1062 5422 1108 5457 et
1133 5422 1363 5455 Homullus
1380 5437 1396 5462 ,
1420 5422 1475 5452 ut
1497 5422 1775 5451 l'cwruutur
1798 5422 1855 5451 au
1893 5422 2199 5464 supertorem

612 5422 774 5520 meum
795 5468 951 5529 Pauli,
975 5481 1123 5531 quem
1144 5465 1286 5531 Hier.
1313 5462 1455 5531 aliter
1471 5476 1620 5531 quam
1643 5462 1893 5531 vulgatum
1914 5470 2051 5514 esset
2072 5466 2199 5527 apud

616 5533 814 5583 Graecos
836 5545 898 5581 eo
920 5524 1159 5592 tempore,
1198 5528 1456 5592 citaverit;
1471 5524 1705 5592 hodierna
1733 5524 1917 5592 quippe
1953 5524 2201 5592 exempla-

613 5597 685 5643 ria
706 5607 791 5655 pro
811 5592 965 5644 salute
986 5585 1172 5655 habent
1194 5601 1383 5655 ιαὺχησιγ,
1407 5585 1723 5655 gloriam._Ut
1745 5585 1946 5655 minime
1984 5585 2201 5655 {irrideat

614 5647 722 5705 ιιωό
744 5656 1041 5717 conjectura,
1068 5652 1180 5717 vide
1202 5647 1312 5717 qua:
1345 5651 1394 5699 in
1409 5647 1656 5712 superiori
1701 5647 1908 5709 epistola
1949 5650 2006 5697 ad
2032 5647 2199 5699 Rusti-

615 5730 724 5766 cum
747 5712 879 5765 num.
907 5717 985 5764 19.
1012 5722 1124 5762 nota
1148 5712 1180 5761 d
1202 5712 1535 5760 observamus.

683 5775 749 5843 (ὁ)
789 5777 861 5827 Ex
885 5776 1047 5843 Persii
1078 5775 1237 5835 Satyr.
1260 5774 1315 5843 δι
1335 5773 1433 5821 Sed
1470 5767 2029 5843 vitipse‘)fartian.._lwti
2051 5769 2197 5833 lege-

615 5831 709 5900 ηιξ
737 5831 791 5887 'et
813 5837 953 5898 paulo
978 5843 1088 5900 post
1107 5831 1398 5900 se'voculam
1420 5840 1531 5880 ante
1554 5831 1755 5900 hostium
1778 5831 1955 5880 omisit.

686 5892 752 5967 ['c)
786 5892 857 5949 A'd
881 5892 1147 5949 sedandum
1167 5894 1518 5946 Antiochenum
1552 5892 1774 5942 schisma.

1916 363 2165 426 SANCTI
2203 357 2579 422 HIERONYMI

2290 499 2515 545 teretur.
2533 486 2753 545 Sciebat
2766 488 2909 543 enim
2924 486 3125 543 dictum
3140 487 3207 544 ab
3224 487 3504 559 Apostolo:
3517 486 3885 550 Docereautcm

2291 582 2494 636 mulieri
2519 597 2620 635 non
2647 580 2879 650 permitto
2906 579 2985 651 (1)
3012 579 3087 650 (1.
3109 577 3247 636 Tim.
3266 580 3323 634 2.
3353 579 3411 653 2)
3429 598 3444 648 ;
3464 597 3531 637 ne
3546 582 3847 640 virilisexui
3864 627 3881 653 ,

2292 683 2348 730 et
2394 674 2661 731 interdum
2691 670 3090 739 Sacerdotibus,
3134 670 3203 728 de
3253 672 3497 729 obscuris
3535 682 3593 730 et
3620 676 3880 749 ambiguis

2291 764 2712 830 sciscitantibus,
2741 764 2919 821 facere
2947 763 3215 819 videretur
3240 764 3511 835 injuriam.

2364 858 2418 914 8.
2448 858 2507 914 In
2536 865 2780 913 nostrum
2810 856 2987 912 locum
3013 857 3193 911 statim
3225 856 3528 916 audivimus
3557 868 3611 916 te
3636 860 3778 916 illius
3795 862 3884 918 ad-

2292 952 2520 1007 haesisse
2548 949 2847 1018 consortio,
2865 958 2920 1005 et
2936 964 3207 1020 nunquam
3231 950 3298 1005 ab
3319 950 3407 1005 illa
3438 967 3506 1007 ne
3524 961 3882 1010 transversum

2294 1047 2513 1126 quidem
2539 1060 2795 1117 unguem,
2821 1054 2879 1099 ut
2897 1044 3113 1111 dicitur,
3142 1045 3451 1099 recessisse.
3474 1044 3681 1100 Eadem
3711 1046 3882 1115 domo,

2298 1138 2376 1212 (ά)
2408 1138 2597 1194 eodem
2612 1136 2859 1193 cubiculo
2881 1152 3055 1203 usam,
3084 1144 3145 1191 ut
3171 1137 3421 1193 omnibus
3448 1137 3502 1192 in
3533 1138 3674 1195 urbe
3700 1141 3883 1196 claris-

2293 1232 2429 1287 sima
2472 1240 2657 1288 notum
2696 1230 2845 1285 ﬁeret
2872 1271 2886 1296 ,
2924 1237 2979 1285 et
3013 1237 3066 1284 te
3126 1237 3390 1296 matrem,
3440 1239 3493 1285 et
3534 1228 3683 1285 illam
3731 1230 3884 1288 ﬁliam

2294 1322 2580 1393 reperisse.
2600 1320 2954 1377 Suburbanus
2975 1335 3101 1391 ager
3120 1320 3273 1376 vobis
3299 1335 3395 1391 pro
3420 1323 3751 1376 monasterio
3776 1322 3882 1388 fuit,

2296 1423 2351 1469 et
2383 1428 2476 1468 rus
2523 1414 2755 1469 electum
2805 1427 2903 1483 pro
2932 1411 3238 1467 solitudine.
3287 1411 3561 1483 Multoque
3589 1412 3661 1467 ita
3691 1414 3886 1470 vixistis

2296 1515 2559 1576 tempore,
2601 1515 2659 1561 ut
2697 1520 2763 1561 ex
2806 1505 3105 1561 imitatione
3143 1505 3329 1572 vestri,
3359 1504 3435 1577 (ε)
3487 1507 3886 1563 conversatione

2294 1599 2579 1652 multarum
2606 1596 2963 1667 gauderemus
2997 1595 3224 1651 Romam
3255 1594 3447 1650 factam
3477 1596 3883 1670 Jerosolymam.

2295 1689 2495 1746 Crebra
2524 1690 2788 1761 virginum
2816 1692 3161 1756 monasteria,
3202 1692 3594 1747 monachorum
3643 1693 3883 1748 innume-

2294 1782 2478 1839 rabilis
2498 1782 2806 1849 multitudo;
2830 1791 2889 1837 ut
2915 1796 3013 1852 pro
3039 1780 3340 1851 frequentia
3368 1784 3719 1839 servientium
3763 1784 3883 1852 Deo,

2295 1876 2438 1949 quod
2491 1878 2641 1949 prius
2689 1876 2996 1948 ignominiae
3072 1875 3235 1948 957
3308 1875 3504 1945 fuerat,
3536 1888 3689 1934 esset
3712 1887 3883 1949 postea

2295 1969 2498 2042 gloriae.
2556 1968 2777 2024 Interim
2805 1967 3106 2024 absentiam
3137 1968 3307 2023 nostri
3347 1970 3548 2023 mutuis
3590 1969 3885 2024 solabamur

2297 2059 2567 2131 alloquiis,
2591 2067 2646 2115 et
2662 2058 2803 2130 quod
2824 2074 2987 2115 carne
3005 2074 3111 2114 non
3130 2068 3458 2130 poteramus,
3484 2061 3676 2131 spiritu
3702 2060 3884 2116 redde-

2295 2151 2507 2207 bamus.
2537 2150 2764 2222 Semper
2798 2150 3019 2207 obviare
3057 2150 3303 2222 epistolis
3325 2192 3341 2217 ,
3372 2166 3633 2222 superare
3663 2151 3849 2206 officiis
3868 2193 3883 2219 ,

2296 2243 2711 2299 salutationibus
2752 2242 3072 2314 praevenire.
3132 2239 3248 2297 Non
3271 2242 3494 2297 multum
3518 2241 3778 2312 perdebat
3803 2241 3886 2297 ab—

2296 2335 2491 2402 sentia,
2538 2349 2659 2406 qua:
2681 2334 2900 2406 jugibus
2928 2333 3031 2389 sibi
3060 2332 3253 2390 litteris
3275 2334 3621 2406 jungebatur.

2368 2425 2423 2481 9.
2465 2424 2878 2497 Origenistte.—
2907 2424 2964 2480 In
2992 2425 3091 2480 hac
3119 2424 3541 2496 tranquillitate,
3577 2435 3633 2481 et
3676 2425 3878 2480 Domini

2310 2516 2594 2585 servitute,
2624 2516 2878 2573 haeretica
2895 2518 2949 2573 in
2967 2517 3048 2572 his
3068 2517 3356 2587 provinciis
3374 2530 3559 2572 exorta
3585 2528 3883 2590 tempestas,

2302 2619 2497 2666 cuncta
2545 2611 2810 2677 turbavit;
2841 2619 2896 2666 et
2924 2612 2978 2666 in
3009 2619 3208 2665 tantam
3239 2609 3442 2665 rabiem
3472 2611 3742 2665 concitata
3791 2620 3881 2676 est,

2300 2710 2359 2756 ut
2386 2716 2485 2756 nec
2512 2701 2636 2770 sibi,
2669 2716 2769 2758 nec
2793 2702 2888 2757 ulli
2932 2700 3195 2756 bonorum
3225 2710 3491 2770 parceret.
3523 2701 3591 2756 Et
3619 2701 3775 2772 quasi
3804 2717 3884 2772 pa-

2299 2811 2417 2850 rum
2445 2803 2623 2862 esset,
2662 2793 2748 2850 hic
2790 2796 3043 2850 universa
3072 2795 3323 2861 movisse,
3358 2793 3429 2866 (Ῑ)
3461 2809 3655 2850 navem
3685 2797 3884 2866 plenam

2298 2887 2762 2960 blaSphemiarum
2810 2887 3055 2943 Romano
3106 2886 3286 2942 intulit
3340 2888 3535 2957 portui.
3586 2888 3886 2958 lnvenitque

2297 2981 2548 3051 protinus
2571 2980 2766 3051 patella
2793 2968 3127 3050 operculum,
3156 2988 3209 3035 et
3234 2979 3492 3035 Romana:
3545 2979 3673 3036 ﬁdei
3721 2984 3883 3052 puris-

2298 3074 2493 3129 simum
2522 3073 2747 3141 fontem,
2796 3072 2968 3127 lutosa
3025 3087 3182 3128 caeno
3234 3074 3599 3142 permiscuere
3645 3074 3879 3146 vestigia.

2299 3168 2410 3225 Nec
2439 3169 2632 3223 mirum
2664 3167 2706 3221 si
2737 3167 2789 3221 in
2817 3165 3027 3236 plateis,
3062 3175 3115 3220 et
3142 3165 3194 3219 in
3227 3165 3345 3219 foro
3373 3181 3553 3222 rerum
3596 3168 3880 3233 venalium,

2297 3261 2452 3317 fictus
2477 3260 2676 3317 ariolus
2697 3258 2979 3314 stultorum
3010 3255 3253 3313 verberet
3286 3256 3365 3330 (9)
3395 3268 3571 3325 nates,
3597 3270 3657 3317 et
3687 3261 3882 3318 obtorto

2297 3353 2436 3409 fuste
2460 3352 2647 3407 dentes
2663 3349 3017 3405 mordentium
3037 3349 3239 3418 quatiat
3264 3364 3419 3404 :cum
3450 3363 3728 3409 venenata
3750 3368 3883 3423 spur-
3918 3412 3923 3413 ν

2295 3458 2465 3514 caque
2492 3442 2735 3498 doctrina
2758 3440 2941 3496 Roma:
2962 3439 3227 3495 invenerit
3249 3455 3386 3511 quos
3406 3440 3715 3500 induceret.
3749 3446 3882 3501 Tunc

2296 3538 2555 3593 librorum
2586 3543 2862 3607 πιρῑάρχῶν
2889 3533 3103 3589 infamis
3144 3534 3556 3605 interpretatio:
3587 3546 3720 3593 tunc
3740 3539 3884 3594 disci-

2296 3630 2452 3701 pulus
2469 3635 2654 3702 diem,
2688 3627 2765 3699 (In)
2792 3642 2917 3683 vere
2961 3626 3193 3682 nominis
3220 3627 3323 3692 sui,
3366 3628 3410 3682 si
3441 3628 3493 3683 in
3528 3630 3698 3687 talem
3729 3632 3880 3703 magi-

2293 3730 2463 3778 strum
2496 3735 2602 3775 non
2652 3718 2983 3790 impegisset.
3020 3717 3169 3773 Tunc
3212 3728 3520 3775 nostrorum
3554 3721 3620 3792 (ἱ)
3673 3726 3884 3785 amilum

2295 3812 2674 3880 contradictio,
2705 3821 2761 3867 et
2787 3811 2865 3884 (2)
2888 3811 3281 3867 Pharisaeorum
3312 3812 3526 3868 turbata
3570 3825 3657 3870 est
3684 3816 3882 3872 schola.

2294 3907 2445 3965 Tunc
2472 3916 2652 3963 sancta
2674 3905 2947 3976 Marcella,
2975 3921 3093 3977 qua:
3122 3904 3212 3960 diu
3234 3920 3293 3960 se
3317 3906 3655 3974 cohibuerat,
3689 3925 3758 3964 ne
3795 3924 3882 3980 per

2293 4002 2686 4058 aemulationem
2736 3999 3007 4071 quippiam
3051 3998 3227 4055 facere
3256 3998 3565 4066 videretur,
3602 4013 3882 4074 postquam

2324 4116 2427 4179 ’(d)
2451 4115 2679 4179 Quaedam
2704 4112 3027 4179 exemplaria,
3035 4112 3392 4179 quaaVictorius
3405 4113 3672 4179 consuluit,
3692 4116 3884 4179 habent,

2295 4172 2648 4230 eode'm'cubili
2686 4189 2824 4227 usam
2843 4172 2870 4236 ,'
2901 4182 2953 4225 et
2984 4172 3096 4235 alia,
3130 4175 3300 4225 eodem
3340 4173 3580 4238 cubiculo,
3620 4172 3717 4228 uno
3750 4172 3887 4229 cubili

2364 4300 2714 4412 r(ltiljuxlictorius
2732 4296 2918 4349 mavult
2936 4333 2952 4359 ,
2996 4301 3044 4347 et
3077 4296 3403 4349 conveniam.
3443 4298 3588 4359 Quod
3625 4298 3885 4352 Bollandus

2296 4375 2541 4413 εθιιιιιιιιτ.

2297 4419 2442 4535 Δέζι).
2464 4422 2643 4533 gemui
2685 4421 2888 4471 Romam
2929 4419 3186 4483 appulsum
3231 4427 3369 4472 notat
3387 4456 3403 4484 ,
3447 4422 3514 4473 de
3554 4434 3657 4487 quo
3709 4426 3881 4475 iterum

2343 4485 2442 4610 F’Q'i'
2464 4485 2703 4610 ﬁeatinus
2725 4544 2883 4610 editor
2889 4551 3052 4610 nares
3074 4543 3217 4610 legit,
3241 4550 3391 4610 atque
3413 4546 3526 4597 alibi
3550 4548 3659 4610 ipse
3677 4547 3882 4598 Benedi.

2298 4604 2458 4669 ctiﬁ'us
2491 4605 2631 4669 Apol.
2659 4608 2705 4655 1.
2730 4620 2775 4656 c.
2809 4606 2855 4656 4.
2882 4604 3041 4657 Credo
3071 4604 3468 4669 equidem-ﬁctus
3489 4604 3674 4658 ariolus
3694 4617 3777 4660 aut
3797 4609 3884 4659 εἰτ-

2297 4667 2506 4733 culator,
2525 4666 2589 4733 ad
2625 4669 2927 4733 movendum
2961 4666 3141 4733 populo
3160 4669 3327 4733 risum,
3367 4670 3503 4733 stulti
3526 4670 3736 4733 alicujus
3756 4678 3886 4721 nates

2333 4730 2625 4793 ercutiebat,
2642 4732 2717 4779 cui
2740 4731 2895 4793 etiam
2916 4729 3182 4793 interdum,
3203 4730 3500 4793 simordere
3517 4729 3690 4793 vellet,
3704 4734 3885 4783 obtorto

2351 4797 2431 4862 ste
2454 4792 2636 4862 dentes
2652 4789 3123 4862 quatiebatzSimile
3151 4791 3399 4862 quidpiam
3422 4794 3647 4843 Invenire
3673 4789 3749 4844 est
3771 4793 3886 4857 apud

2297 4853 2616 4904 Lucinianum
2636 4853 2701 4903 de
2737 4863 2897 4904 morte
2918 4853 3198 4914 Peregrini,
3222 4866 3334 4903 αιιη
3376 4867 3442 4905 ιιι
3461 4869 3659 4918 παιόμενος
3682 4853 3825 4920 νάροηέι
3844 4869 3887 4913 ὃς

2298 4928 2520 4979 “imi-5:
2545 4930 2607 4967 καὶ
2626 4924 2722 4967 ωλι
2742 4928 2861 4979 πολλά
2883 4929 3117 4979 mai-sse!

2389 4940 2520 4979 κυταςο
2545 4940 2607 4967 και
2626 4940 2722 4967 αλκ.
2742 4940 2861 4966 item
2883 4940 3052 4967 νωνυιεη
3138 4940 3426 4975 mmmam.

2367 4976 2438 5041 (It)
2472 4977 2733 5042 Macarium
2787 4940 3153 5042 iniiuithumni
3192 4976 3509 5042 discipulum,
3553 4980 3682 5042 quod
3720 4991 3888 5029 nomen

2300 5038 2615 5113 synouvmum
2639 5040 2812 5113 graece
2851 5047 2931 5088 est
2952 5038 3224 5113 huic‘ag‘m,
3248 5040 3441 5113 beatus,
3469 5042 3517 5089 ei
3540 5038 3726 5113 quippe
3750 5044 3890 5091 inter-

2300 5097 2629 5164 pretationem
2651 5100 2765 5149 libri
2797 5113 2878 5164 περι
2897 5113 3026 5163 ἀρχῶν,
3046 5097 3264 5148 Bullinus
3287 5097 3644 5164 inscripserat.'
3664 5097 3678 5104 ’

2370 5160 2423 5227 (i)
2461 5162 2681 5232 Legerat
2695 5161 3012 5232 Victoriusin
3038 5161 3141 5232 suis
3174 5160 3288 5209 Mss.
3315 5168 3535 5232 animus.
3558 5163 3889 5232 contradictio,

2305 5220 2514 5287 eamque
2538 5220 2803 5287 Iectionem
2821 5231 3041 5282 secutus,
3063 5220 3474 5287 aliaexemplaria
3492 5226 3748 5287 invenisse
3764 5226 3889 5284 dicit,

2337 5299 2413 5334 ua:
2433 5282 2531 5351 'pr_o_
2545 5284 2691 5351 latina
2712 5297 2854 5344 voce,
2879 5282 3214 5351 contradictio,
3233 5282 3679 5347 legerentGraace,
3701 5282 3892 5351 ἀντιμιέ.

2337 5300 2413 5334 ua:
2438 5300 2526 5348 ι)το
2546 5300 2691 5334 ιιιῑιιιιι
2712 5300 2854 5344 νοω,
2879 5300 3214 5345 εοηιῖααιειιο,
3234 5300 3248 5332 ι

2302 5300 2461 5396 aecte
2485 5345 2705 5396 Martian.
2733 5346 3029 5404 emendavit,
3068 5353 3249 5405 διὰλιηος.

2377 5405 2444 5472 (ι)
2484 5406 2825 5483 laesaque“
2846 5408 2954 5483 90¢:
2994 5408 3053 5483 et!
3076 5407 3207 5483 suae
3229 5406 3427 5483 ωράιιω
3450 5409 3589 5483 ιεξεί›
3614 5417 3668 5483 et
3684 5422 3894 5483 sequen-

2305 5467 2405 5520 tem
2430 5467 2703 5534 iperiodum
2733 5470 2875 5534 jungi
2896 5469 3405 5534 _testat_urA_Gravius:
3442 5490 3465 5519 ιι
3487 5467 3735 5523 Νάνίήῆ
3767 5467 3895 5534 ἐι-ει)

2305 5530 2486 5597 sexui,
2527 5539 2582 5597 e_t_
2603 5530 2851 5597 interdum
2888 5530 3232 5597 sacerdotibus
3248 5531 3563 5597 deobscuris
3588 5541 3641 5584 et
3662 5530 3896 5597 ambiguis
3972 5552 3993 5591 ·,

2304 5593 2680 5658 sciscitantibus,
2708 5594 2875 5658 facere
2913 5592 3165 5658 videretur
3195 5593 3423 5656 iniuriam
3446 5631 3462 5658 ,
3488 5596 3542 5645 in
3578 5592 3899 5647 nostrum'lo-

2304 5667 2413 5703 cum
2441 5667 2528 5721 eos
2548 5653 2709 5704 statim
2736 5656 2823 5721 _ire
2845 5656 3021 5721 suasit.
3039 5653 3322 5721 Audivimus
3347 5663 3428 5721 te,
3446 5653 3471 5702 ὦ
3502 5667 3603 5721 etc.
3629 5671 3741 5721 quia
3764 5659 3898 5721 mini-

2304 5729 2385 5763 me
2410 5716 2609 5781 quidem
2631 5718 2880 5781 probatur
2913 5718 3054 5766 nobis
3070 5750 3086 5776 ,
3109 5716 3200 5765 sed
3235 5718 3562 5778 expendenda
3586 5716 3755 5770 tat'rten
3793 5720 3899 5770 dili-

2305 5777 2509 5841 gentius
2533 5786 2611 5828 est
2631 5777 2799 5841 lectio.

2374 5839 2437 5901 {2)
2482 5840 2709 5889 Fortasse
2732 5839 2974 5889 Romanos
2996 5839 3213 5889 Clericos
3235 5839 3327 5887 hoc
3354 5842 3516 5895 innuit
3537 5846 3757 5899 nomine.
3783 5844 3899 5898 Con—

2304 5900 2385 5950 fer
2398 5902 2592 5954 l'rmfat.
2613 5902 2672 5951 ad
2696 5901 2780 5953 lib.
2809 5902 3003 5967 Didymi
3026 5902 3090 5951 de
3114 5900 3199 5963 Sp.
3226 5901 3425 5960 Sancto.
