4080 6340
575 374 711 430 1095

569 491 826 559 greditur.
856 488 938 543 Sit
962 488 1083 542 mihi
1095 489 1181 558 ‘qu
1208 485 1384 537 audita
1411 484 1546 554 loqui
1571 483 1676 557 (Ex
1704 481 1906 538 \‘tnctL.
1935 480 2004 533 1E
2013 479 2147 532 neid.

575 583 613 633 ι.
644 577 742 652 vi),
773 580 882 634 imo
904 575 1300 632 asanctis'viris
1325 577 1429 628 visa
1461 590 1696 634 narrare,
1726 576 1814 642 qui
1863 571 2153 624 interfuere

532 715 540 726 .
575 678 887 738 prmseutes,
915 669 1003 737 qui
1039 677 1089 721 te
1111 665 1295 719 dicunt
1321 665 1372 718 in
1418 665 1656 733 periculo
1678 678 1886 732 quoque
1912 663 1957 714 ei
1989 661 2153 715 luisse

560 761 850 816 sociatam.
873 757 1144 827 Intrepido
1168 757 1312 810 vultu
1339 758 1618 826 excepisse
1639 755 1832 807 dicitur
1859 752 2152 822 introgres-

570 867 662 907 sos
699 864 973 921 :eumque
1027 858 1336 918 posceretur
1377 861 1564 900 aurum
1590 887 1605 908 ,
1637 853 1689 897 et
1733 843 1974 896 defossas
2023 857 2153 910 opes

573 944 665 997 vili
691 951 973 997 excusaret
1003 942 1200 1002 tunica.
1231 954 1336 994 non
1367 948 1540 992 tamen
1570 935 1694 990 fecit
1723 934 1878 989 lidem
1911 935 2154 989 volunta-

573 1035 665 1087 ria:
696 1033 1041 1103 paupertatis.
1086 1031 1291 1084 Caesam
1335 1027 1562 1082 fustibus
1612 1024 1936 1095 ﬂagellisque
1962 1067 1976 1090 ,
2006 1025 2153 1077 aiunt

572 1140 677 1178 non
706 1125 945 1178 sensisse
973 1131 1268 1184 tormenta;
1311 1119 1404 1174 sed
1435 1119 1534 1174 hoc
1561 1118 1812 1188 Iacrymis
1831 1159 1846 1181 ,
1871 1117 1970 1170 hoc
1999 1117 2151 1184 pedi-

572 1216 674 1270 bus
701 1229 888 1269 eorum
918 1222 1236 1284 prostratam
1279 1211 1474 1281 egisse,
1508 1224 1575 1264 ne
1606 1218 1658 1264 te
1681 1224 1711 1262 a
1747 1223 1845 1262 suo
1882 1205 2154 1260 consortio

577 1314 892 1376 separarent
924 1324 936 1359 :
969 1321 1036 1360 ne
1063 1305 1352 1358 sustineret
1377 1302 1736 1356 adolescentia
1760 1342 1776 1365 ,
1804 1299 1943 1370 quod
1971 1299 2153 1354 senilis

572 1408 704 1452 retas
731 1399 920 1451 timere
951 1409 1054 1448 non
1082 1401 1312 1465 poterat.
1349 1391 1598 1446 Christus
1621 1390 1749 1444 dura
1779 1390 1941 1444 corda
1972 1388 2149 1442 molli-

569 1490 676 1555 vit,
727 1497 784 1543 et
827 1488 970 1542 inter
993 1495 1244 1540 cruentos
1271 1483 1478 1553 gladios
1507 1481 1712 1536 invenit
1739 1481 1911 1535 locum
1961 1480 2147 1549 pietas.

569 1582 807 1649 Cumque
831 1585 886 1633 et
915 1577 1059 1631 illam
1087 1584 1139 1630 et
1171 1583 1224 1630 te
1251 1574 1315 1629 ad
1353 1573 1426 1645 (a)
1453 1572 1680 1643 apostoli
1709 1571 1852 1625 Pauli
1881 1571 2152 1624 basilicam

569 1672 782 1727 barbari
811 1668 1198 1732 deduxissent,
1242 1675 1302 1720 ut
1340 1666 1426 1720 vel
1455 1665 1682 1720 salutem
1710 1664 1859 1717 vobis
1905 1662 2153 1717 ostende—

571 1771 725 1827 rent,
759 1763 843 1818 vel
892 1761 1198 1830 sepulcrum
1221 1775 1235 1822 ;
1261 1759 1312 1812 in
1333 1764 1533 1811 tantam
1557 1757 1793 1810 laetitiam
1816 1754 2009 1807 dicitur
2027 1768 2152 1807 eru-

571 1855 710 1922 pisse
734 1893 750 1918 ,
777 1861 834 1905 ut
863 1852 1060 1922 gratias
1109 1859 1292 1920 ageret
1323 1848 1436 1902 Deo
1455 1886 1472 1913 ,
1501 1845 1643 1916 quod
1675 1853 1726 1898 te
1756 1844 2016 1912 integram
2050 1843 2150 1897 sibi

569 1950 933 1998 reservasset:
964 1941 1103 2011 quod
1133 1953 1420 2008 pauperem
1453 1937 1596 1990 illam
1621 1949 1724 1988 non
1755 1932 2151 2000 lceissctcapti-

571 2039 730 2103 vitas,
760 2035 856 2091 sed
897 2035 1229 2090 invenisset:
1254 2029 1394 2100 quod
1437 2037 1621 2098 egeret
1661 2026 1971 2096 quotidiano
1995 2024 2184 2078 cibo:.

569 2128 712 2197 quod
754 2134 991 2181 saturata
1020 2123 1241 2178 Christo
1262 2163 1276 2185 ,
1311 2137 1416 2174 non
1447 2120 1672 2172 sentiret
1698 2117 1930 2172 esuriem
1963 2135 1976 2170 :
2010 2115 2151 2184 quod

567 2232 623 2276 et
649 2233 781 2273 voce
806 2226 861 2273 et
885 2231 1051 2286 opere
1085 2216 1415 2282 loqueretur,
1449 2209 1606 2263 Nuda
1633 2209 1762 2262 exiri
1783 2210 1846 2263 de
1873 2218 2014 2262 utero
2040 2225 2150 2262 nta-

569 2314 659 2366 tris
687 2327 830 2372 mete,
867 2309 1004 2362 nuda
1035 2319 1080 2360 et
1111 2307 1330 2358 redeam.
1356 2302 1500 2358 Sicut
1522 2301 1740 2356 Domino
1768 2304 1928 2356 visum
1949 2311 2056 2365 est,
2081 2305 2153 2356 ita

567 2414 613 2456 et
647 2407 839 2472 factum
866 2408 957 2454 est.
991 2398 1071 2452 Sit
1101 2411 1283 2450 nomen
1312 2392 1520 2448 Domini
1573 2393 1879 2448 benedictum
1906 2387 2050 2462 '(Job
2100 2393 2150 2447 ί.

567 2497 678 2562 2|).

647 2589 734 2642 14.
777 2587 903 2640 Post
936 2582 1137 2651 aliquot
1185 2579 1318 2643 dies,
1363 2593 1532 2646 sano,
1564 2578 1807 2648 integro,
1859 2586 2153 2647 vegetoque

569 2677 912 2746 carpusculo,
948 2673 1276 2727 obdormivit
1305 2672 1356 2724 iu
1385 2671 1612 2724 Domino
1644 2687 1657 2723 :
1692 2679 1746 2722 et
1777 2678 1827 2723 te
1865 2677 2151 2738 pauperta-

569 2771 696 2823 Ittlzc
747 2780 880 2831 sum,
931 2764 1040 2818 imo
1087 2773 1265 2832 perte
1315 2774 1578 2830 pauperes
1615 2759 1832 2826 reliquit
1887 2757 2148 2824 hmredes,

567 2860 824 2916 claudens
869 2855 1056 2910 oculos
1103 2856 1153 2908 in
1182 2853 1430 2907 manibus
1459 2851 1583 2914 tuis,
1618 2850 1849 2906 reddens
1901 2851 2149 2920 spiritum

572 2953 623 3005 iu
658 2951 762 3004 tuis
793 2947 1030 3010 osculis;
1081 2945 1206 2999 dum
1242 2944 1380 2998 inter
1408 2945 1676 3014 lacrymas
1699 2953 1815 2996 tuas
1841 2941 1931 2996 illa
1965 2944 2041 3011 (b)
2073 2943 2148 2998 ri-

569 3041 720 3095 deret
751 3036 1077 3092 eunscieutia
1126 3035 1250 3089 vita-
1275 3034 1453 3098 bona',
1475 3041 1530 3088 et
1563 3033 1794 3102 praemiis
1819 3032 2146 3090 futurorum.

570 3131 695 3186 llaec
729 3129 843 3188 tibi.
878 3127 1125 3182 Marcella
1152 3123 1500 3188 venerabilis,
1525 3132 1582 3179 et
1613 3123 1726 3176 lucc
1753 3122 1844 3176 tibi
1877 3123 2147 3193 Principia

571 3223 698 3285 tilia,
746 3237 848 3272 una
874 3230 926 3272 et
956 3217 1104 3271 brevi
1157 3215 1530 3269 lucubratione
1550 3211 1770 3275 dictavi,
1799 3227 1903 3265 non
1947 3211 2146 3282 eloquii

567 3322 869 3370 venustate.
915 3309 1008 3364 sed
1054 3310 1327 3363 voluntate
1358 3306 1410 3360 in
1439 3319 1532 3359 vos
1563 3304 1724 3358 animi
1756 3305 2066 3375 gratissimi,
2093 3315 2148 3360 et

569 3406 702 3468 Deo,
735 3410 790 3456 et
817 3400 1116 3471 legentibus
1147 3398 1364 3468 placere
1387 3393 1720 3450 desiderans.

852 3553 1176 3610 EPISTULA
1224 3551 1311 3606 ex
1325 3549 1481 3606 xvm
1516 3551 1611 3618 (ε).
1705 3549 1864 3620 931

1112 3701 1178 3739 AD
1228 3699 1590 3740 GAUDENTIUI.

853 3798 927 3852 De
958 3797 1218 3852 Pacatula:
1263 3797 1530 3866 infantulae
1553 3796 1865 3851 educatione.

569 3910 726 3965 Docet
749 3909 928 3982 quibus
948 3910 1242 3963 rudimentis
1267 3907 1536 3962 imbuenda
1558 3908 1624 3962 sit
1643 3907 1784 3962 rudis
1801 3917 1923 3960 tetas
1943 3908 2145 3978 puellm,

644 4001 916 4070 virginitati
941 3999 1224 4066 destinam,
1247 3999 1394 4067 prius
1419 4014 1569 4068 quam
1587 3997 1709 4052 boni
1733 3999 1948 4069 malique
1973 3998 2150 4052 discri-

641 4111 753 4146 men
781 4102 990 4147 norem.

647 4251 694 4304 I.
737 4249 903 4302 Causa
943 4246 1208 4309 difficilis,
1257 4245 1497 4314 parvula:
1557 4244 1818 4310 scribere,
1870 4259 1988 4314 qua:
2043 4259 2148 4300 non

573 4342 817 4411 intelligit
871 4338 995 4408 quid
1055 4339 1292 4405 loquaris
1347 4352 1360 4386 :
1419 4335 1572 4403 cujus
1619 4335 1853 4387 animum
1898 4337 2147 4390 nescias:

571 4436 637 4488 de
705 4435 856 4499 cujus
905 4430 1178 4484 voluntate
1236 4426 1534 4496 periculose
1587 4425 1898 4493 promittas;
1954 4433 2012 4478 ut
2061 4441 2149 4480 se-

565 4526 803 4582 cundum
846 4520 1087 4593 praeclari
1137 4520 1376 4575 Oratoris
1405 4517 1490 4586 (α)
1520 4515 1790 4580 exodium,
1819 4531 1943 4584 spes
1991 4517 2042 4570 in
2088 4533 2150 4571 ea

638 4699 700 4764 (a)
743 4698 795 4748 Id
814 4697 1007 4764 scilicet
1025 4695 1226 4747 Orosius
1241 4693 1414 4764 tradit...
1430 4691 1461 4740 |.
1486 4693 1532 4740 7.
1559 4703 1603 4764 c.
1729 4691 2020 4764 praecepisse
2037 4692 2150 4740 Ala-

570 4751 740 4820 riciuit,
766 4767 902 4821 capta
937 4760 1081 4816 urbe,
1115 4765 1211 4823 cut
1233 4757 1274 4804 si
1297 4756 1378 4823 qui
1405 4755 1454 4823 iu_
1473 4762 1637 4823 sancta
1660 4751 1782 4823 loca.
1807 4751 2152 4823 tgrmcipueque

569 4824 627 4869 ad
652 4812 926 4869 sanctorum
971 4812 1298 4881 apostolorum
1316 4812 1475 4881 Petri,
1503 4822 1550 4864 et
1578 4813 1713 4863 Pauli
1738 4812 1968 4863 basilicas
1985 4812 2153 4881 couin-

571 4883 906 4943 gissentthos
943 4877 1196 4943 in’primis
1235 4877 1510 4943 inviolatos,
1535 4887 1986 4943 securosqueesse
2023 4879 2156 4927 sine-

575 4937 702 4991 rent.
731 4937 836 4990 {Et
859 4937 1154 4990 Sommeuus
1177 4939 1210 4988 l.
1229 4940 1277 4989 9.
1299 4953 1342 4988 c.
1369 4938 1438 4988 l0.
1465 4938 1718 4991 quamdam
1740 4937 1968 4985 feminam
1991 4944 2158 4990 narrat

572 5005 629 5052 ad
655 5003 706 5050 S.
746 5002 880 5051 Petri
906 5001 1168 5063 basilicam,
1193 5008 1248 5052 ut
1273 5001 1378 5063 ejus
1409 4999 1576 5062 pudori
1615 5006 1916 5060 parceretur,
1942 5012 1972 5048 a
1996 5002 2155 5050 milite

568 5067 722 5114 fuisse
743 5064 1040 5114 rienluctam.

643 5125 713 5188 (b)
743 5121 966 5174 Martiae.
1008 5123 1188 5173 videret
1218 5136 1234 5172 :
1262 5134 1552 5186 perperam,
1579 5121 1669 5169 nisi
1693 5121 1733 5170 si
1759 5122 2041 5186 typographi
2083 5131 2160 5172 est

571 5188 818 5240 mendum.

644 5249 706 5312 lc}
750 5249 875 5312 alios
901 5247 976 5312 I_2_.
1001 5245 1188 5312 scripta
1209 5245 1328 5295 circ.
1354 5257 1435 5312 an.
1462 5244 1572 5293 H5.

639 5305 718 5374 (α’)
753 5310 894 5360 Falso
930 5305 1236 5374 Martiaugeus
1255 5314 1365 5370 post
1388 5305 1655 5374 Erasmum,
1679 5306 1951 5374 exorditun.
1977 5308 2160 5359 Scitum

578 5367 721 5436 [orre
761 5381 856 5430 est,
882 5369 1060 5423 exodia
1086 5370 1191 5436 dici
1229 5367 1562 5436 sententiosas
1591 5367 1847 5436 clausulas,
1883 5377 2076 5432 sumpto
2099 5373 2160 5436 ab

576 5430 772 5497 antiqua
788 5436 944 5483 Sci-ua
967 5431 1202 5497 vocabqu
1223 5430 1312 5497 ;_in
1329 5442 1426 5492 quo
1450 5433 1626 5488 saepius
1649 5430 2004 5497 usurpahautur
2017 5433 2154 5497 quasi

576 5493 950 5558 diverbia,,qu:c
972 5495 1029 5543 ad
1055 5495 1698 5558 vertendumspectatorem
1732 5505 1794 5540 ex
1821 5494 2016 5558 tragicis
2037 5493 2157 5558 alie:

575 5561 733 5607 ctibus
778 5559 836 5606 ad
860 5553 1195 5613 "hilaritatem,
1235 5553 1410 5603 fabulze
1452 5553 1852 5616 subjiciebautur.
1889 5553 2008 5602 'l‘ale
2042 5555 2154 5616 quid

576 5619 833 5680 Euripides
868 5621 1092 5668 omnibus
1141 5617 1246 5668 fere
1285 5615 1699 5680 'l'ragoxliissuis
1729 5615 1966 5673 adtexuit,
1991 5615 2153 5680 ιιι-οδε

743 5695 876 5746 [laudi
911 5695 1039 5746 μαρφᾳὶ
1075 5699 1152 5746 τῇ.
1173 5676 1543 5746 ’διψνξωνξᾳξιρά
1633 5676 1860 5746 itlcestc,
1885 5683 2032 5746 atque
2055 5677 2156 5724 All-

578 5736 836 5806 dromaebe
862 5736 1059 5806 re'pt'eiit.
1100 5741 1206 5806 Yid.
1232 5736 1389 5806 Epist.
1419 5736 1608 5806 {solae
1633 5736 1994 5786 Demetriadem
2022 5749 2152 5784 tum].

580 5806 626 5852 1.
655 5805 734 5851 ubi
762 5800 1004 5852 Cicertiuis
1023 5806 1085 5850 de
1112 5804 1232 5864 Rep.
1262 5800 1415 5849 lix-tun
1444 5800 1705 5847 indicamus

1867 367 2102 422 SANtZ'I‘I
2147 367 2520 422 lllIiRONYIII

3683 373 3825 430 1096

2262 483 2429 548 magis
2457 479 2717 535 laudanda
2749 484 2836 547 sit,
2868 496 3025 552 quam
3055 497 3162 540 res.
3185 485 3319 552 Quid
3346 486 3487 541 enim
3513 487 3746 542 horteris
3763 489 3828 543 ad

2257 574 2660 634 continentiam,
2700 589 2818 641 qua:
2851 573 3122 642 placentas
3152 574 3454 630 desiderat?
3481 591 3602 647 qua:
3628 576 3682 630 in
3712 578 3830 632 sinu

2259 664 2445 716 matris
2474 665 2688 732 garrula
2713 679 2841 718 voce
2873 664 3140 720 balbutit?
3169 667 3254 721 cui
3282 667 3517 723 dulciora
3541 677 3666 723 sunt
3696 669 3829 724 mel-

2258 752 2326 813 la,
2355 768 2512 822 quam
2547 755 2706 808 verba
2729 755 2752 808 ?
2787 755 2980 810 Audiat
3003 756 3263 825 profunda
3291 759 3552 826 Apostoli,
3572 775 3693 830 quae
3721 760 3831 815 ani-

2259 841 2397 896 libus
2420 843 2587 912 magis
2608 843 2802 898 fabulis
2817 844 3136 900 delectatur?
3161 847 3548 916 Prophetarum
3579 851 3831 917 :enigma-

2256 941 2306 984 ta
2339 933 2572 999 sentiat,
2630 949 2789 1001 quam
2823 934 3026 989 tristior
3074 937 3272 1004 gerula:
3333 937 3512 991 vultus
3557 939 3830 1006 exagitati

2259 1023 2529 1090 Evangelii
2578 1023 2838 1094 iuteiligat
2887 1026 3218 1095 majestatem
3247 1069 3262 1089 ,
3312 1028 3376 1082 ad
3429 1030 3583 1098 cujus
3630 1031 3830 1101 fulgura

2253 1114 2429 1166 omnis
2457 1115 2759 1168 mortalium
2788 1131 2981 1170 sensus
3018 1115 3337 1172 hebetatur?
3366 1118 3433 1173 Ut
3462 1122 3672 1188 parenti
3704 1123 3828 1177 sub-

2251 1202 2464 1271 jiciatur
2491 1203 2674 1258 horter
2698 1246 2714 1271 ,
2744 1221 2863 1274 qua:
2895 1222 3055 1261 manu
3089 1217 3270 1262 tenera
3301 1208 3563 1263 ridentem
3591 1211 3831 1265 verberat

2255 1304 2480 1350 matrem
2503 1297 2528 1348 ’ἱ
2553 1296 2733 1366 Itaque
2754 1297 2998 1352 Pacatula
3026 1309 3207 1354 nostra
3251 1300 3350 1354 hoc
3389 1301 3696 1370 epistolium
3717 1313 3831 1371 post

2255 1386 2456 1441 lectura
2479 1390 2758 1458 suscipiat.
2794 1390 3034 1454 Interim,
3065 1391 3226 1445 modo
3245 1392 3541 1447 litterarum
3573 1394 3828 1448 elementa

2253 1489 2543 1548 cognoscat
2572 1523 2586 1546 ,
2612 1481 2800 1551 jungat
2845 1483 3114 1553 syllabas,
3169 1485 3339 1538 discat
3382 1485 3633 1552 nomina,
3674 1487 3828 1540 verba

2253 1572 2531 1625 consociet
2563 1589 2576 1623 :
2606 1582 2766 1643 atque
2815 1584 2871 1628 ut
2917 1589 3048 1629 voce
3100 1575 3300 1630 tinnula
3355 1577 3453 1630 ista
3511 1578 3828 1642 meditetur,

2254 1672 2620 1730 proponantur
2645 1665 2692 1717 ei
2711 1664 2953 1718 crustula
2982 1682 2994 1718 :
3031 1666 3101 1736 (ε)
3126 1668 3293 1720 mulsa
3338 1669 3575 1736 prmmia,
3601 1679 3656 1723 et
3683 1669 3831 1739 quid-

2253 1751 2376 1820 quid
2401 1761 2558 1820 guslu
2583 1769 2748 1809 suave
2789 1764 2870 1809 est
2902 1773 2914 1808 :
2943 1757 3081 1826 quod
3114 1767 3299 1811 vernat
3327 1758 3378 1812 iu
3427 1757 3672 1819 lloribus.
3693 1761 3828 1828 quod

2253 1845 2434 1898 rutilat
2459 1845 2509 1899 iu
2537 1847 2785 1916 gemmis,
2807 1849 2947 1918 quod
2971 1850 3244 1932 htanditur
3265 1852 3315 1904 in
3348 1853 3522 1920 pupis,
3551 1862 3829 1921 acceptura

2254 1933 2487 1992 festinet.
2519 1938 2734 1994 Interim
2763 1951 2812 1994 et
2839 1951 3026 1996 tenero
3051 1953 3219 1997 tentet
3250 1944 3442 2012 pollice
3465 1945 3551 1998 lila
3594 1945 3825 2001 ducere:

2251 2040 2463 2098 rumpat
2483 2045 2626 2101 smpe
2653 2032 2899 2098 stamina,
2917 2046 2971 2087 ttt
2997 2035 3283 2105 aliquando
3309 2052 3410 2090 non
3442 2047 3650 2107 rumpat
3673 2055 3686 2090 :
3715 2049 3827 2108 post

2253 2121 2490 2177 laborem
2519 2125 2720 2178 lusibus
2759 2127 2949 2195 gestiat
2981 2144 2993 2179 :
3023 2127 3090 2180 de
3143 2130 3327 2181 matris
3376 2128 3606 2198 pendeat
3655 2131 3824 2184 collo:

2254 2213 2424 2281 rapiat
2453 2215 2632 2268 oscula
2669 2217 3086 2286 propinquorum
3123 2236 3134 2270 ε
3165 2217 3406 2272 Psalmos
3458 2221 3709 2276 mercede
3737 2222 3829 2275 deo

2253 2313 2433 2357 cantet
2477 2321 2490 2356 :
2519 2314 2662 2360 amet
2689 2305 2828 2376 qttntl
2851 2307 3059 2376 cogitur
3088 2307 3296 2363 discere
3316 2350 3331 2374 ,
3361 2320 3418 2364 ut
3441 2327 3547 2365 non
3574 2297 3712 2381 opus
3741 2313 3825 2378 sit,

2253 2392 2348 2447 sed
2369 2393 2677 2461 delectatio,
2703 2413 2806 2451 non
2835 2400 3126 2453 necessitas
3145 2441 3160 2464 ,
3189 2401 3281 2454 sed
3331 2401 3595 2456 voluntas.

2322 2482 2378 2539 2.
2420 2484 2610 2540 Solent
2637 2488 2903 2557 quadam,
2929 2505 3049 2544 cum
3072 2492 3300 2544 futuram
3319 2492 3579 2562 virginem
3602 2509 3830 2563 spopon-

2252 2574 2467 2638 derint,
2494 2576 2636 2646 pulla
2687 2578 2864 2632 tunica
2895 2594 3012 2633 eam
3084 2581 3247 2652 962
3323 2581 3567 2650 induere,
3599 2595 3652 2638 et
3679 2584 3828 2638 furvo

2254 2662 2367 2737 [αι.
2409 2663 2603 2738 fulvo]
2651 2667 2866 2735 operire
2922 2669 3083 2736 pallio
3113 2708 3128 2732 ,
3201 2671 3413 2726 auferre
3476 2672 3823 2728 linteamina:

2253 2755 2383 2808 nihil
2418 2756 2468 2808 in
2520 2757 2700 2819 collo,
2735 2756 2867 2811 nihil
2895 2759 2948 2812 in
2997 2761 3171 2830 capite
3223 2762 3340 2815 auri
3392 2762 3611 2818 sinere:
3645 2780 3826 2819 revera

2254 2847 2393 2900 bono
2443 2851 2707 2915 consilio,
2761 2866 2828 2905 ne
2871 2853 3069 2907 habere
3109 2853 3282 2909 discat
3331 2857 3383 2909 in
3439 2865 3651 2921 tenero,
3690 2858 3827 2927 quod

2252 2948 2434 3009 postea
2468 2955 2668 3009 ponere
2691 2943 3067 3014 compellatur.
3100 2943 3232 2999 Aliis
3264 2959 3392 3000 vero
3419 2962 3449 3000 e
3469 2957 3655 3001 contra
3686 2947 3828 3002 vide-

2253 3043 2355 3086 tur.
2385 3031 2522 3100 Quid
2548 3034 2712 3095 enim,
2743 3035 2916 3100 aiunt,
2960 3034 3004 3088 si
3037 3034 3151 3104 ipsa
3201 3052 3306 3090 non
3329 3035 3598 3101 habuerit,
3629 3037 3826 3092 baben-

2253 3134 2332 3178 tes
2361 3124 2492 3177 alias
2538 3138 2643 3178 non
2671 3123 2910 3178 videbit?
2949 3123 3020 3196 (ι’)
3043 3134 3320 3196 φιλόκοσμον
3345 3141 3517 3196 genus
3543 3127 3824 3182 femineum

2249 3227 2360 3282 est;
2412 3217 2712 3286 multasque
2762 3217 2923 3270 etiam
2977 3217 3200 3286 insignis
3251 3219 3556 3287 pudicitiae,
3590 3221 3824 3290 quamvis

2247 3311 2378 3364 nulli
2430 3310 2666 3364 virorum
2693 3349 2707 3375 ,
2757 3319 2936 3363 tamen
2986 3310 3087 3363 sibi
3119 3311 3320 3364 Scimus
3359 3311 3592 3366 libenter
3630 3313 3823 3367 ornari.

2248 3401 2386 3469 Quin
2418 3401 2590 3468 potius
2622 3399 2864 3453 habendo
2892 3401 3147 3466 satietur;
3175 3413 3229 3456 et
3249 3404 3660 3458 ceruatlaudari
3680 3406 3826 3471 alias,

2245 3508 2366 3563 qua:
2398 3491 2494 3545 ista
2527 3506 2631 3545 non
2656 3490 2908 3546 habeant.
2939 3491 3234 3562 Meliusque
3264 3503 3369 3558 est,
3402 3505 3459 3548 ut
3488 3497 3686 3550 satiata
3707 3514 3832 3552 eou-

2245 3593 2472 3644 temnat.
2503 3599 2663 3654 quam
2689 3599 2794 3637 non
2821 3583 3098 3649 habendo,
3132 3583 3333 3640 habere
3357 3584 3658 3644 desideret.
3703 3588 3832 3644 Tale

2248 3691 2376 3729 vero
2402 3674 2526 3744 quid
2550 3683 2604 3728 et
2627 3673 2917 3728 Israelitico
2949 3673 3140 3729 fecisse
3167 3671 3244 3747 (g)
3279 3677 3474 3745 populo
3521 3677 3831 3743 Dominum,

2249 3776 2305 3820 ut
2332 3767 2670 3836 cupientibus
2697 3767 2955 3838 :cgyptias
2997 3781 3208 3832 carnes,
3234 3783 3406 3838 usque
3444 3769 3512 3824 ad
3543 3787 3830 3837 nauseam,

2249 3869 2302 3914 et
2331 3860 2590 3914 vomitum
2621 3860 2886 3930 prreberet
2922 3860 3168 3915 examina
3198 3861 3533 3916 coturnicum
3567 3879 3583 3920 :
3611 3865 3835 3919 multos-

2250 3963 2354 4018 que
2404 3947 2584 4003 saeculi
2638 3948 2784 4017 prius
2835 3947 3102 4015 homines,
3158 3948 3368 4005 facilius
3395 3966 3586 4007 carere
3612 3965 3833 4022 experta

2251 4038 2496 4109 corporis
2523 4039 2816 4107 voluptate,
2840 4055 2996 4109 quam
3020 4055 3113 4096 eos
3136 4041 3276 4110 quia
3306 4044 3532 4110 pueritia
3556 4044 3832 4101 libidinem

2253 4131 2514 4187 nesciant.
2549 4129 2631 4183 Ab
2659 4129 2780 4184 aliis
2809 4146 2954 4185 en.m
2984 4143 3104 4185 neta
3137 4132 3353 4198 calcari,
3400 4134 3468 4186 ab
3502 4134 3622 4188 aliis
3653 4136 3832 4204 ignota

2252 4221 2451 4293 appeti.
2481 4220 2607 4275 Illos
2658 4221 2828 4275 vitare
2886 4221 3191 4290 pantiICudo
3240 4224 3519 4278 suavitatis
3576 4224 3831 4288 insidias,

2254 4327 2388 4380 quas
2437 4312 2683 4380 fugerunt
2721 4327 2733 4362 :
2769 4309 2866 4363 hos
2895 4311 3072 4364 carnis
3101 4311 3400 4378 illecebras,
3454 4313 3596 4367 dulci
3656 4315 3834 4368 titilla-

2257 4406 2400 4458 tione
2429 4403 2670 4471 corporis
2694 4402 3028 4456 blandientes
3057 4402 3181 4456 dum
3208 4404 3364 4458 mella
3390 4415 3597 4473 putant,
3630 4422 3831 4462 venena

2257 4495 2412 4548 noxia
2462 4493 2719 4561 reperire.
2773 4492 2878 4545 Mel
2903 4494 3034 4545 enim
3085 4494 3330 4548 distillare
3376 4495 3509 4548 labia
3564 4499 3834 4550 meretricis

2256 4587 2434 4659 (Prov.
2468 4587 2520 4642 5.
2545 4588 2701 4656 juxta
2729 4581 2936 4652 LXX);
2977 4586 3115 4656 quod
3165 4586 3229 4640 ad
3279 4596 3491 4657 tempus
3544 4589 3834 4657 impingunt

2258 4679 2589 4733 vescentium
2617 4676 2820 4742 fauces,
2855 4686 2910 4732 et
2937 4687 3118 4746 postea
3141 4676 3261 4730 felle
3284 4680 3519 4731 amarius
3546 4681 3830 4734 invenitur.

2262 4772 2414 4830 Unde
2460 4780 2514 4827 et
2553 4771 2606 4824 in
2640 4770 2844 4824 Domini
2877 4769 3153 4824 sacriﬁciis
3179 4771 3284 4824 mel
3315 4785 3421 4823 non
3465 4769 3730 4838 oﬂ'cruut,
3751 4787 3835 4825 cc-

2328 4933 2390 4998 (e)
2428 4930 2631 4998 Quidam
2650 4927 2850 4998 (lodices
2877 4927 3198 4998 Mutsiprenta,
3219 4939 3363 4987 quam
3383 4925 3647 4998 lectionem
3682 4925 3836 4998 editor

2259 4985 2608 5050 Benedictio“
2622 4990 2680 5038 ad
2705 4989 2814 5038 libri
2831 5001 2964 5037 oram
2984 4985 3158 5050 reiecit
3175 5002 3189 5047 ;
3216 4985 3465 5037 commode
3481 4997 3646 5036 autem
3663 4985 3836 5050 referri

2281 5047 2425 5109 totest.
2447 5056 2506 5104 ad
2529 5051 2788 5102 crustulam
2812 5053 2959 5111 ipsam
2983 5047 3139 5097 mulso
3162 5062 3376 5110 pressam
3402 5056 3551 5109 atque
3575 5047 3832 5097 conditam.

2281 5076 2425 5109 tOIBSl.
2447 5076 2506 5104 au
2529 5076 2788 5102 Ul‘uatuulu
2812 5076 2959 5111 ψδαω
2984 5076 3139 5097 usuusu
3162 5076 3208 5110 ιιι
3221 5076 3376 5098 mu.
3402 5076 3549 5109 αιψισ

2262 5076 2336 5172 lix
2362 5117 2564 5170 Horatio
2587 5125 2823 5179 expressa
2843 5113 3088 5179 sententia
3113 5117 3189 5179 est
3217 5123 3232 5156 τ
3267 5177 3276 5179 _
3320 5170 3329 5179 _
3388 5169 3429 5179 __
3518 5169 3549 5179 η

2493 5186 2544 5228 ut
2566 5169 2728 5237 pueris
2749 5171 3125 5237 quondamdant
3147 5170 3360 5237 crustula
3378 5169 3548 5237 blgrndi

2395 5231 2614 5303 Doctores
2628 5271 2642 5294 ,
2663 5231 2892 5284 elericenta
2913 5231 3054 5282 velint
3075 5238 3126 5282 ut
3150 5232 3334 5303 discere
3355 5232 3482 5294 prim
3694 5294 3704 5303 ,

2327 5305 2394 5364 (Γ)
2420 5303 2515 5350 I’ro
2537 5291 2701 5364 om
2725 5309 2850 5364 voce
2867 5306 3096 5364 QMnoqu,
3127 5291 3564 5364 vetustiorcslediti
3595 5291 3727 5364 libri,
3746 5304 3838 5364 χνε-

2357 5353 2437 5413 ώη
2451 5359 2675 5426 gestiens,
2687 5353 3025 5426 monilitunque
3047 5363 3104 5426 et_
3113 5355 3404 5426 nitcltarum,
3429 5354 3662 5416 (legerim
3676 5353 3838 5426 mitel-

2357 5379 2437 5413 um
2451 5379 2675 5426 gemens,
2687 5379 3025 5418 "statutumque
3047 5379 3294 5428 “fuscum
3310 5379 3404 5412 unt,
3429 5379 3587 5416 μεδει
3599 5379 3662 5402 un
3688 5379 3838 5423 riu-cs-

2264 5379 2423 5477 ἵζω
2448 5427 2466 5486 )
2490 5428 2749 5482 utcumque
2779 5424 2950 5486 autem
2973 5420 3065 5475 sit,
3093 5425 3310 5478 ineptum
3347 5416 3586 5486 glossema
3612 5417 3840 5486 nobisin-

2263 5476 2572 5541 deturfnam
2595 5476 2754 5549 genus
2766 5480 3040 5549 femineum
3069 5476 3430 5549 θδεέφιλόιοσιὶον,
3455 5476 3659 5538 perinde
3691 5483 3764 5524 est
3785 5487 3842 5522 ac

2263 5551 2428 5598 dicere
2453 5541 2650 5596 ornatus
2671 5545 2861 5608 avidum
2883 5549 3031 5604 atque
3052 5541 3337 5608 studiosum.
3470 5607 3476 5608 γ
3505 5598 3561 5608 ,η
3601 5606 3608 5608 Α
3675 5600 3683 5608 ,
3785 5596 3812 5608 η

2327 5596 2418 5674 (ρ)
2435 5607 2697 5674 Venetia.
2722 5605 2887 5662 θάίιίοι
2913 5596 3008 5674 uisa
3041 5615 3176 5674 sere
3213 5607 3407 5674 ξιηεηρνν
3434 5607 3484 5648 οι
3505 5596 3842 5674 “cessate:

2261 5661 2476 5721 ctio‘iiem
2517 5667 2649 5733 vides
2688 5661 3004 5733 interseruiit,
3046 5671 3098 5714 et
3115 5661 3264 5725 paulo
3286 5661 3416 5733 infra.
3445 5673 3534 5733 pro
3553 5672 3673 5733 voce
3710 5661 3844 5733 prius

2263 5720 2435 5794 legunt
2472 5727 2703 5791 reperies,
2741 5729 2866 5776 bono
2902 5720 3044 5788 teque
3079 5720 3248 5785 sensu,
3281 5723 3368 5772 sed
3406 5720 3456 5770 in
3492 5720 3604 5770 Mss.
3631 5720 3752 5768 haud
3780 5721 3844 5768 ita

2263 5796 2555 5845 invenimus.
