4080 6340
305 438 442 498 ιεοθνι

298 573 466 627 raque
495 565 818 624 contempla,
868 568 988 623 qua:
1019 551 1197 608 mellis
1222 551 1514 621 hospitium
1545 560 1626 606 est
1653 592 1667 616 ,
1695 552 1874 606 oleum

300 648 612 704 accenditur
658 648 709 701 in
733 647 933 716 templo
960 645 1052 700 Dei
1083 643 1268 716 (Leuit.
1299 642 1356 713 2)
1377 661 1391 708 ;
1416 642 1558 713 quod
1585 642 1653 697 de
1671 642 1874 696 amari~

303 739 487 794 tudine
535 738 852 806 exprimitur
890 736 1172 790 olivarum.
1235 734 1441 794 Pascha
1493 747 1706 804 quoque
1756 748 1878 786 cum

294 825 746 883 amaritudinibus
769 824 976 882 comedi
1007 824 1201 896 (Exod.
1232 822 1319 894 i2)
1343 825 1394 877 in
1423 823 1623 894 azymis
1654 821 1879 876 sinceri-

297 919 431 973 tatis
468 929 522 974 et
552 918 788 972 veritatis
808 918 885 986 (1.
913 913 1033 971 Cor.
1056 915 1112 970 5.
1139 914 1192 985 8)
1226 931 1239 967 :
1265 913 1341 986 (a)
1355 927 1487 983 quas
1501 912 1590 981 qui
1614 911 1880 976 habuerit,

303 1007 354 1060 in
382 1007 582 1061 sazculo
614 1005 1039 1074 persecutionem
1057 1002 1362 1058 sustinebit.
1379 999 1531 1056 Unde
1544 1011 1598 1056 et
1615 1000 1881 1070 Pmpheta

295 1100 532 1166 mystice
548 1107 736 1152 cantat
765 1114 780 1150 :
813 1096 1064 1152 Sedebam
1105 1095 1260 1161 solus,
1301 1094 1420 1164 quia
1439 1094 1776 1148 amaritudine
1803 1108 1883 1146 re-

301 1192 465 1259 pletus
485 1205 595 1243 sum
626 1188 838 1255 (Jerem.
871 1187 955 1242 15.
989 1187 1104 1255 17).

373 1282 426 1335 5.
469 1279 606 1346 Quid
636 1278 830 1348 igitur?
860 1275 1236 1330 luxuriandum
1267 1285 1360 1330 est
1398 1275 1452 1329 in
1482 1272 1878 1336 adolescentia,

293 1382 362 1429 ut
399 1379 583 1442 postea
613 1370 822 1424 luxuria
868 1368 1060 1423 fortius
1108 1365 1518 1422 contemnatur?
1546 1363 1700 1418 Absit
1730 1375 1878 1426 vero,

302 1468 568 1536 inquiunt,
614 1463 969 1534 Unusquisque
987 1465 1126 1519 enim
1154 1465 1208 1517 in
1234 1479 1335 1533 qua
1381 1462 1638 1516 vocatione
1675 1469 1882 1514 uocatus

298 1569 392 1621 est,
421 1560 474 1612 in
499 1574 556 1612 ea
579 1566 869 1627 permaneat
886 1558 964 1625 (ί.
989 1555 1108 1610 Cor.
1128 1556 1181 1610 7.
1209 1553 1328 1624 Si).
1355 1552 1713 1608 Circumcisus
1737 1550 1878 1620 quis,

294 1646 353 1702 lid
394 1657 497 1710 est,
547 1649 695 1714 virgo
726 1657 944 1700 vocatus
970 1655 1088 1710 est,
1141 1659 1246 1698 non
1276 1642 1506 1698 adducat
1543 1640 1876 1711 prmputium,

303 1737 407 1792 hoc
425 1747 508 1792 est
539 1753 643 1790 non
670 1745 873 1805 qua-rat
897 1736 1147 1805 pelliceas
1179 1733 1382 1788 tunicas
1405 1733 1728 1802 nuptiarum,
1759 1729 1882 1799 qui-

295 1827 403 1882 bus
451 1826 621 1881 Adam
682 1827 884 1895 ejectus
922 1825 990 1879 de
1038 1823 1284 1893 paradiso
1320 1821 1639 1892 virginitatis
1667 1862 1682 1886 ,
1729 1819 1883 1873 indu-

293 1929 390 1974 tus
459 1919 622 1990 ωε
696 1927 798 1972 est.
821 1917 886 1970 In
906 1917 1152 1986 prteputio
1168 1916 1278 1986 quis
1307 1925 1510 1969 vocatus
1540 1927 1629 1978 est,
1651 1912 1752 1966 hoc
1775 1919 1877 1974 est,

303 2009 507 2064 habens
537 2024 804 2072 uxorem,
834 2017 887 2063 et
937 2007 1263 2061 matrimonii
1317 2005 1456 2074 pelle
1497 2001 1875 2062 circumdatus,

294 2116 411 2154 non
438 2108 642 2171 quaerat
663 2098 1002 2169 virginitatis,
1049 2106 1104 2152 et
1135 2105 1351 2150 acterna:
1375 2093 1644 2163 pudicitia:
1673 2090 1882 2145 nudita-

297 2202 433 2256 tem,
459 2207 617 2262 quam
636 2192 802 2246 semel
836 2192 1031 2244 habere
1059 2188 1286 2251 desivit;
1310 2186 1402 2240 sed
1427 2195 1606 2239 utatur
1633 2199 1759 2238 vase
1784 2197 1882 2237 suo

305 2284 357 2337 in
385 2281 810 2337 sanctiﬁcatione
837 2289 888 2333 el
922 2276 1174 2347 pudicitia
1199 2276 1274 2345 (Ι.
1304 2273 1483 2328 Thess.
1514 2275 1564 2328 4.
1598 2274 1678 2341 4),
1708 2273 1883 2327 bibat-

298 2390 413 2444 que
438 2373 508 2426 de
539 2370 773 2425 fontibus
803 2369 914 2422 suis
939 2409 957 2433 ,
985 2376 1040 2420 et
1084 2382 1188 2419 non
1219 2374 1420 2435 qua:rat
1448 2364 1708 2419 cisternas
1733 2362 1883 2431 lupa-

299 2482 423 2522 rum
454 2464 761 2532 dissipatas,
790 2476 908 2529 qua:
931 2458 1243 2528 purissimas
1272 2458 1436 2528 aquas
1463 2454 1728 2526 pudicitia:
1749 2469 1882 2509 con-

298 2558 481 2612 tinere
505 2569 612 2608 non
656 2559 878 2622 possunt
903 2550 1084 2620 (Prom
1114 2550 1190 2618 5).
1223 2548 1376 2623 Unde
1415 2556 1472 2602 et
1493 2547 1637 2602 idem
1690 2546 1883 2600 Paulus

307 2648 359 2702 in
377 2645 564 2701 eodem
587 2642 841 2712 capitulo,
860 2641 926 2696 de
946 2640 1271 2710 virginitate,
1297 2649 1350 2694 et
1367 2639 1561 2708 nuptiis
1580 2637 1879 2706 disputans,

304 2751 499 2793 servos
523 2735 703 2788 carnis
724 2740 881 2787 vocat
907 2731 960 2786 in
989 2730 1328 2784 matrimonio
1353 2730 1671 2784 constitutos
1701 2747 1713 2781 :
1746 2728 1882 2782 libe-

308 2843 398 2882 ros
418 2841 552 2894 eos,
589 2824 680 2894 qui
709 2823 909 2893 absque
933 2822 1062 2892 jugo
1091 2821 1434 2890 nuptiarum,
1488 2830 1598 2875 tota
1657 2821 1883 2876 Domino

300 2921 544 2973 serviunt
571 2916 836 2971 libertate.
861 2914 1014 2983 Quod
1046 2915 1332 2984 loquimur,
1364 2928 1468 2968 non
1497 2913 1550 2967 in
1573 2912 1881 2968 universum

299 3009 593 3078 loquimur.
625 3007 718 3061 sed
744 3006 796 3060 in
820 3015 970 3075 parte
1001 3014 1290 3060 tractamus
1321 3020 1336 3058 :
1368 3019 1468 3058 nec
1504 3003 1572 3058 de
1597 3003 1879 3070 omnibus,

300 3099 404 3158 sed
420 3099 488 3153 de
507 3097 823 3167 quibusdam
838 3093 1090 3149 dicimus.
1114 3094 1194 3148 Ad
1213 3104 1495 3163 utrumque
1513 3094 1655 3166 enim
1673 3107 1880 3159 sexum,

309 3206 416 3245 non
443 3189 617 3244 solum
645 3187 711 3241 ad
742 3203 835 3242 vas
867 3188 1161 3252 inﬁrmum,
1186 3195 1376 3240 noster
1401 3200 1580 3240 sermo
1613 3184 1880 3254 dirigitur.

307 3281 471 3352 Virgo
507 3295 566 3335 es
591 3320 604 3343 ,
658 3278 785 3348 quid
833 3287 884 3333 te
912 3277 1154 3333 mulieris
1179 3276 1411 3336 delectat
1439 3277 1706 3331 societas?
1757 3277 1882 3346 quid

302 3374 567 3442 tragilem,
595 3380 649 3426 et
669 3370 741 3441 (b)
767 3369 983 3424 sutilem
1010 3378 1180 3424 ratem
1209 3368 1416 3438 magnis
1441 3367 1732 3423 committis
1779 3367 1882 3422 llu-

206 3505 218 3510 -
303 3464 505 3528 ctibus,
537 3471 594 3517 et
617 3461 821 3530 grande
849 3459 1143 3528 periculum
1183 3459 1531 3528 navigationis
1556 3461 1772 3512 incerta:
1795 3472 1885 3512 se-

300 3566 470 3609 curus
504 3550 784 3604 ascendis?
811 3549 995 3604 Nescis
1047 3548 1174 3616 quid
1226 3548 1540 3612 desideres,
1591 3556 1646 3602 et
1709 3558 1883 3602 tamen

301 3643 386 3698 sic
409 3643 480 3712 (c)
511 3643 558 3694 ei
579 3639 840 3709 jungeris,
890 3639 1039 3708 quasi
1069 3648 1160 3690 aut
1185 3646 1308 3689 ante
1339 3637 1730 3690 desideraveris
1751 3677 1764 3699 ,
1794 3647 1887 3691 aut

312 3736 394 3806 (ut
423 3731 690 3787 levissime
711 3727 907 3800 dicam)
936 3737 1118 3796 postea
1143 3726 1545 3781 desideraturus
1567 3728 1661 3779 sis.
1687 3726 1794 3780 Sed
1817 3727 1883 3780 ad

305 3824 664 3878 ministerium
689 3819 798 3873 iste
834 3832 996 3873 sexus
1021 3826 1105 3871 est
1128 3818 1324 3886 aptior.
1353 3816 1502 3886 Elige
1551 3831 1680 3886 ergo
1725 3832 1886 3872 anum

302 3915 628 3979 deformem,
678 3911 815 3980 elige
867 3909 1103 3977 probata:
1134 3908 1184 3962 in
1237 3908 1466 3962 Domino
1519 3906 1882 3962 continentize.

304 4007 446 4074 Quid
479 4015 530 4060 te
549 4001 968 4066 adolescentula,
1000 3999 1125 4070 quid
1174 3999 1420 4070 pulchra,
1452 3999 1581 4067 quid
1615 3998 1884 4054 luxuriosa

302 4093 575 4150 delectat?
606 4092 783 4150 Uteris
805 4091 1028 4154 balneis,
1071 4098 1191 4145 cute
1233 4088 1418 4152 nitida,
1454 4088 1765 4144 rubicundis
1790 4103 1885 4158 ge-

311 4187 393 4240 nis
421 4183 642 4247 incedis,
660 4183 908 4238 carnibns
926 4183 1178 4246 vesceris,
1201 4179 1377 4234 afﬂuis
1393 4180 1614 4245 divitiis,
1653 4181 1886 4250 pretiosa

206 4295 211 4311 ι
293 4286 456 4331 ueste
481 4273 849 4340 circnmdaris,
899 4282 952 4327 et
993 4273 1142 4341 juxta
1192 4279 1497 4342 serpentem
1551 4271 1883 4327 mortiferum

307 4381 497 4420 secure
515 4365 747 4418 dormire
776 4373 826 4417 te
851 4362 1064 4417 credis?
1113 4367 1180 4417 At
1222 4379 1328 4417 non
1372 4363 1580 4417 habitas
1611 4364 1664 4419 in
1693 4364 1882 4419 eodem

307 4459 558 4528 hospitio.
592 4457 646 4511 In
675 4465 830 4510 nocte
851 4455 1147 4508 dumtaxat.
1179 4453 1445 4508 Caeterum
1480 4462 1620 4510 totos
1667 4454 1784 4510 dies
1828 4456 1882 4510 in

309 4547 468 4617 hujus
531 4546 962 4601 confabulatione
1006 4545 1300 4600 consumis.
1353 4546 1530 4611 Quare
1567 4546 1716 4599 solus
1761 4563 1882 4602 cum

307 4639 444 4701 sola,
471 4645 524 4690 et
551 4651 657 4688 non
693 4650 816 4688 cum
846 4635 1062 4688 arbitris
1088 4635 1279 4702 sedes,
1331 4645 1388 4688 ut
1441 4650 1562 4688 cum
1614 4635 1726 4704 ipse
1773 4654 1879 4692 non

312 4740 521 4796 pecces,
548 4725 666 4778 aliis
695 4738 915 4791 peccare
936 4724 1162 4777 videaris
1192 4739 1209 4776 ;
1243 4733 1299 4776 ιιι
1322 4725 1568 4792 exemplo
1608 4727 1682 4780 sis
1716 4728 1883 4781 misc-

306 4821 405 4886 ris,
434 4819 522 4888 qui
552 4817 782 4871 nominis
806 4816 878 4868 tui
900 4817 1218 4869 auctoritate
1247 4815 1599 4884 delinquant?
1638 4817 1716 4871 Tu
1747 4832 1883 4886 quo-

305 4925 414 4981 que
445 4911 615 4979 virgo,
643 4907 727 4961 vel
750 4906 927 4970 vidua,
978 4920 1076 4959 cur
1123 4917 1229 4959 tam
1279 4907 1436 4976 longo
1483 4921 1730 4962 sermone
1780 4911 1879 4965 viri

309 4996 602 5054 retineris?
631 5011 729 5051 cur
767 5011 887 5048 cum
917 4995 1034 5049 solo
1060 4995 1243 5050 relicta
1271 5011 1374 5049 nun
1407 4996 1632 5050 metuis?
1677 4998 1878 5054 Saltem

305 5093 409 5146 alvi
439 5100 512 5158 te,
536 5099 589 5143 et
610 5088 828 5142 vessica:
847 5097 1003 5158 cogat
1031 5089 1340 5152 necessitas,
1361 5099 1422 5142 ut
1445 5103 1605 5144 exeas
1629 5091 1789 5157 foras,
1822 5102 1884 5148 ιιι

303 5183 527 5238 deseras
547 5181 602 5235 in
626 5179 725 5234 bac
743 5193 803 5233 re
832 5193 976 5244 etiin,
995 5193 1115 5232 cum
1134 5193 1238 5249 quo
1263 5178 1535 5248 licentius,
1565 5194 1724 5251 quam
1756 5198 1880 5238 cum

392 5359 443 5420 α)
475 5357 658 5420 Iterum
681 5352 1296 5420 Victoriusadditjubetur,

392 5359 443 5420 a)
475 5359 658 5429 Iterum
681 5359 924 5426 Victorius
939 5359 1073 5426 addit
1078 5359 1296 5426 jubetur.
1640 5420 1650 5430 υ

365 5359 443 5484 ib)
479 5419 659 5484 eadem
684 5417 801 5484 edit.
829 5415 1420 5484 eui/ictormsnsubttlenr;
1446 5431 1540 5467 non
1560 5427 1681 5484 satis
1705 5420 1834 5484 bene
1857 5457 1875 5483 ,

309 5489 361 5532 et
375 5476 708 5545 renitentibus
732 5477 844 5545 Mss.
869 5476 1099 5538 Virgilius
1119 5476 1313 5526 IEneid.
1337 5478 1421 5526 Vl.
1444 5480 1620 5542 gemuit
1650 5481 1736 5531 sub
1758 5476 1876 5545 pan;

308 5547 429 5610 dere
452 5543 621 5610 cumba
644 5538 819 5597 sutilis,
846 5545 962 5610 etc;
1199 5599 1211 5610 .
1396 5600 1406 5610 ο

369 5606 440 5667 (c)
477 5599 780 5667 Mar-tiatueus
796 5615 903 5667 eum
927 5599 1141 5667 lirasmo,
1163 5599 1409 5667 eis,_quasi
1434 5615 1528 5651 non
1552 5609 1696 5667 antea
1718 5603 1878 5653 Victo-

307 5661 775 5726 rius'rescripsisset
796 5662 858 5719 ei,
894 5662 939 5709 id
963 5669 1039 5709 est
1079 5661 1448 5726 mulieri,'cuju_s
1468 5677 1610 5726 supra
1643 5666 1878 5726 improbat

308 5723 615 5776 societatem.‘
645 5723 757 5788 Mos
796 5727 940 5773 etiam
965 5729 1070 5788 erat
1087 5729 1302 5788 ,Apoabea
1325 5723 1624 5788 desideratus
1657 5723 1740 5784 sis,
1765 5741 1829 5788 qu
1848 5743 1877 5777 e

308 5790 611 5838 cohaerenter
633 5799 696 5834 ex
724 5785 988 5834 Veronensi
1025 5786 1190 5846 majori
1223 5785 1310 5836 Ms.
1335 5793 1387 5836 et
1409 5786 1618 5838 Victorio
1643 5785 1830 5837 emend
1860 5814 1874 5825 -

307 5850 484 5910 vimus,
502 5854 661 5910 postea
681 5847 1040 5898 desideraturus
1056 5847 1138 5898 sis.

1599 432 1930 491 EPISTOLA
1968 433 2247 490 CXXVIII.

3423 449 3556 505 1098

1979 564 2234 619 germano
2275 567 2289 603 :
2325 552 2493 607 multo
2538 553 2947 612 inverecundius
2970 597 2985 620 ,
3022 572 3180 626 quam
3210 574 3332 615 cum
3365 563 3561 628 marito

1981 640 2157 710 egisti.
2187 641 2294 697 Sed
2324 643 2392 699 de
2419 643 2714 712 Scripturis
2743 649 2942 702 sanctis
2983 649 3185 718 aliquid
3214 651 3513 721 interrogas
3543 671 3564 713 :_

1980 728 2255 802 interroga
2287 731 2533 801 publice;
2579 734 2797 790 audiant
2828 737 3181 808 pedissequm,
3212 740 3430 796 audiant
3463 755 3570 799 00-.

1985 821 2142 876 mites
2208 821 2376 894 965
2447 833 2572 878 tum.
2594 823 2758 879 Omne
2796 827 2930 895 quod
2969 831 3340 898 manifestatur,
3373 831 3465 886 tua:
3486 840 3573 894 est,

1983 909 2200 981 (Ephes.
2232 913 2288 966 5.
2319 913 2428 982 15).
2453 928 2618 968 nouus
2646 928 2818 970 senuo
2840 927 3046 972 secreta
3072 933 3176 973 non
3197 920 3412 990 quaerit,
3429 924 3560 990 quin

1984 1001 2160 1068 potius
2178 999 2476 1057 delectatur
2496 1003 2742 1060 laudibus
2771 1005 2885 1060 suis
2909 1014 2963 1060 et
2987 1007 3292 1064 testimonio
3306 1010 3564 1081 plurimo-

1984 1106 2123 1146 rum.
2179 1092 2437 1163 Magister
2486 1097 2731 1167 egregins
2781 1099 3076 1153 contenmit
3126 1103 3288 1167 viros,
3337 1104 3565 1174 despicit

1982 1178 2194 1248 fratres,
2222 1192 2278 1236 et
2326 1182 2380 1237 in
2436 1187 2592 1240 unius
2643 1187 2966 1243 muliercula:
3005 1201 3211 1244 secreta
3261 1194 3562 1250 eruditione

1983 1267 2226 1324 desudat.

2054 1362 2107 1416 3.
2153 1363 2421 1420 Dectinavi
2451 1381 2735 1438 parumper
2752 1368 2820 1424 de
2868 1387 2985 1426 mea
3014 1371 3561 1442 disputatione,alio-

1983 1467 2100 1506 rum
2121 1455 2440 1520 occasione;
2475 1467 2528 1512 et
2558 1458 2684 1513 dum
2723 1459 2978 1515 infantem
3003 1462 3301 1518 Pacatulam
3318 1464 3563 1532 inStitno,

1983 1544 2091 1598 imo
2116 1552 2172 1600 et
2198 1546 2395 1611 nutrio,
2425 1549 2710 1604 multarum
2733 1552 2912 1606 subito
2931 1552 3057 1606 mihi
3082 1554 3220 1608 male
3252 1566 3562 1624 pacatarum

1985 1636 2126 1692 bella
2156 1637 2391 1706 suscepi.
2425 1638 2686 1694 Revertar
2707 1641 2772 1696 ad
2798 1643 3129 1712 prepositum
3157 1659 3172 1696 :
3205 1647 3376 1699 Sexus
3405 1646 3562 1702 femi-

1983 1741 2118 1781 neus
2165 1741 2266 1782 suo
2289 1727 2546 1800 jungatur
2594 1733 2742 1786 sexui
2773 1750 2787 1787 :
2813 1734 3039 1800 nesciat,
3071 1734 3180 1788 imo
3209 1737 3393 1792 timeat
3439 1754 3564 1793 cum

1981 1817 2167 1887 pueris
2197 1818 2406 1875 ludere.
2437 1819 2650 1875 Nullum
2684 1823 3012 1892 impudicum
3043 1825 3263 1880 verbum
3319 1830 3561 1894 noverit;

1983 1916 2040 1962 et
2085 1908 2129 1962 si
2161 1907 2297 1963 forte
2332 1909 2385 1963 in
2434 1911 2661 1965 tumultu
2715 1911 2930 1967 familiae
2967 1912 3316 1970 discurrentis
3363 1917 3565 1987 aliquid

1982 1997 2183 2061 audiat,
2213 2013 2320 2054 non
2370 2000 2656 2071 intelligat.
2703 2002 2886 2057 Matris
2915 2015 3102 2058 nutum
3134 2020 3232 2075 pro
3276 2007 3455 2062 verbis
3500 2023 3565 2063 ac

1982 2093 2234 2159 monitis,
2266 2103 2320 2148 et
2353 2109 2452 2164 pro
2482 2094 2708 2164 imperio
2739 2095 2955 2151 habeat.
2981 2098 3141 2152 Amet
3165 2109 3223 2152 ιιι
3259 2109 3562 2168 parentem,

1982 2180 2298 2251 subjiciatur
2327 2193 2387 2238 ut
2414 2183 2670 2251 dominae,
2729 2187 2913 2242 timeat
2942 2197 3000 2242 ut
3051 2188 3383 2259 magistram.
3429 2191 3564 2247 Cum

1982 2280 2159 2328 autem
2204 2273 2574 2344 virgunculam
2605 2277 2792 2332 rudem
2833 2287 2889 2333 et
2931 2279 3258 2348 edentulam,
3305 2283 3565 2351 septimus

1983 2363 2161 2418 aetatis
2181 2379 2355 2419 annus
2383 2367 2676 2436 exceperit,
2717 2375 2773 2422 et
2798 2369 3002 2438 ceperit
3043 2371 3360 2426 erubescere
3381 2412 3395 2436 ,
3426 2373 3567 2428 scire

1983 2454 2110 2524 quid
2143 2463 2337 2522 taceat,
2362 2456 2608 2512 dubitare
2637 2459 2762 2527 quid
2789 2459 2931 2514 dicat
2955 2477 2970 2512 :
2997 2461 3170 2516 discat
3199 2462 3276 2531 (ά)
3308 2464 3590 2522 memori»

1983 2553 2066 2600 ter
2089 2546 2428 2614 Psalterium,
2461 2558 2514 2602 et
2544 2564 2714 2619 usque
2739 2549 2808 2604 ad
2828 2565 3000 2607 annos
3037 2553 3357 2622 pubertatis,
3398 2555 3565 2609 libros

1982 2633 2285 2690 Salomonis
2314 2654 2326 2690 :
2358 2636 2668 2708 Evangelia,
2695 2640 2980 2708 Apostolos
3002 2683 3016 2704 ,
3047 2652 3103 2696 et
3132 2641 3428 2711 Prophetas
3481 2643 3564 2696 sui

1982 2726 2161 2781 cordis
2206 2727 2515 2784 thesaurum
2565 2729 2744 2786 faciat.
2795 2731 2904 2787 Nec
2933 2732 3156 2788 liberius
3205 2733 3458 2804 procedat
3495 2735 3564 2790 ad

1983 2816 2272 2884 publicum,
2300 2833 2399 2872 nec
2425 2833 2641 2890 semper
2670 2822 3020 2876 ecclesiarum
3049 2834 3254 2894 quaerat
3281 2825 3563 2880 celebrita-

1984 2915 2111 2962 tem.
2140 2907 2198 2963 ln
2227 2909 2473 2966 cubiculo
2495 2925 2594 2965 suo
2619 2920 2760 2967 totas
2783 2912 3004 2969 delicias
3020 2913 3236 2971 habeat.
3285 2917 3566 2988 Nunquam

1982 2998 2316 3068 iuvenculos,
2358 3017 2629 3073 nunquam
2669 3005 3004 3060 cincinnatos
3029 3006 3222 3072 videat,
3269 3009 3416 3062 vocis
3443 3007 3570 3062 dul-

1983 3088 2326 3166 cedines-per
2360 3106 2549 3145 aurem
2586 3093 2818 3146 animam
2849 3095 3217 3157 vulnerantes.
3249 3098 3573 3166 puellarum-

1983 3195 2089 3248 que
2117 3162 2330 3234 lascivia
2353 3181 2699 3249 repellantur.
2719 3184 2850 3250 Qua:
2865 3197 3065 3254 quanto
3087 3162 3332 3242 licentius
3345 3189 3567 3254 adeunt,

1987 3279 2132 3324 tanto
2159 3271 2426 3326 dil‘licilius
2447 3275 2716 3329 evitmitur
2746 3291 2758 3325 :
2789 3284 2842 3329 et
2866 3275 3010 3345 quod
3032 3275 3353 3342 didicerunt,
3383 3295 3536 3335 scere
3557 3308 3571 3322 κ

1986 3370 2042 3415 ιο
2089 3361 2314 3428 docent,
2375 3364 2741 3435 inclusamque
2778 3367 2992 3422 Danaen
3038 3369 3180 3438 vulgi
3230 3372 3570 3426 sermonibus

1985 3455 2204 3507 violant.
2224 3454 2305 3509 Sit
2328 3455 2375 3509 ei
2401 3458 2649 3525 magistra
2669 3473 2875 3523 comes,
2910 3459 3193 3529 paedagoga
3216 3471 3398 3516 custos
3421 3478 3433 3512 :
3461 3479 3568 3518 ιιυιι

1988 3546 2157 3599 ιιιιιΙιο
2184 3546 2309 3600 vino
2335 3547 2512 3599 dedita
2547 3565 2560 3598 :
2587 3563 2715 3609 non,
2734 3548 2886 3616 juxta
2909 3552 3248 3618 Apustolnm,
3277 3556 3452 3607 otiosa
3483 3566 3569 3609 at-

1987 3649 2091 3702 que
2122 3636 2380 3699 verbOSa;
2405 3637 2497 3689 sed
2521 3637 2724 3700 sobria,
2756 3639 2952 3704 gravis,
3003 3640 3234 3709 laniﬁca,
3263 3651 3322 3697 et
3358 3660 3418 3697 ea
3451 3657 3570 3699 tan-

1989 3732 2102 3777 tum
2134 3723 2382 3793 loquens,
2428 3741 2547 3794 qua:
2577 3727 2813 3779 animum
2867 3729 3158 3795 puellarem
3207 3732 3272 3786 ad
3317 3734 3566 3789 virtutem

1986 3813 2288 3867 instituant.
2319 3813 2391 3869 Ut
2418 3815 2560 3869 enim
2586 3830 2722 3884 aqua
2763 3817 2815 3870 in
2847 3818 3028 3873 areola
3059 3819 3282 3890 digitum
3329 3826 3570 3893 sequitur

1987 3903 2402 3972 pra-cedentem,
2432 3906 2503 3959 ita
2529 3917 2661 3960 aetas
2691 3909 2888 3974 mollis,
2925 3919 2981 3964 et
3007 3919 3190 3968 tenera
3210 3915 3262 3967 in
3289 3926 3570 3983 utramque

1985 4003 2192 4065 partem
2212 3995 2472 4050 ﬂexibilis
2493 4006 2595 4061 est,
2619 4007 2674 4052 et
2694 4014 3032 4070 quocumque
3048 4001 3290 4070 duxeris,
3321 4006 3565 4062 trahitur.

1986 4087 2174 4142 Solent
2202 4086 2384 4142 lascivi
2412 4097 2468 4142 et
2505 4089 2762 4158 comptuli
2788 4090 3014 4160 juvenes
3046 4092 3123 4164 (l)
3151 4094 3528 4153 blandimentis
3547 4141 3564 4164 ,

1988 4178 2325 4244 affabilitate,
2361 4181 2713 4246 munusculis,
2743 4182 2946 4238 aditum
2966 4186 3068 4240 sibi
3097 4202 3192 4256 per
3214 4192 3452 4246 nutrices
3478 4203 3570 4246 aut

1987 4270 2232 4326 alumnas
2249 4285 2493 4340 qumrere
2516 4287 2532 4338 ;
2559 4282 2615 4328 et
2641 4287 2765 4328 cum
2790 4274 3088 4332 clementer
3129 4279 3464 4348 intraverint,
3498 4285 3568 4339 de

1988 4361 2237 4417 scintillis
2269 4363 2519 4418 incendia
2569 4367 2844 4423 concitare
2866 4409 2882 4435 ,
2933 4370 3308 4442 paulatimque
3343 4375 3568 4442 proﬁce—

1990 4469 2048 4509 re
2115 4455 2280 4526 985
2353 4458 2419 4509 ad
2461 4459 2843 4526 impudentiam
2879 4477 2893 4514 :
2923 4473 2979 4515 et
3028 4479 3362 4533 nequaquam
3406 4482 3566 4535 pose

1988 4545 2282 4615 prohiberi,
2327 4548 2420 4600 illo
2465 4548 2521 4601 in
2565 4563 2626 4604 se
2678 4550 2944 4605 versiculo
2988 4554 3566 4627 comprobatozzEgre

1986 4637 2324 4706 reprehendas
2346 4678 2362 4702 ,
2408 4638 2545 4703 quod
2569 4639 2693 4692 sinis
2715 4655 3058 4696 consuescas.
3106 4643 3276 4698 Pudet
3329 4645 3515 4701 dicere
3544 4663 3561 4702 ε

1987 4737 2041 4780 et
2074 4736 2250 4780 tamen
2279 4725 2567 4781 dicendum
2594 4739 2679 4782 est
2707 4744 2722 4781 :
2750 4728 2970 4786 Nobiles
3006 4731 3222 4788 femina:
3244 4775 3264 4801 ,
3308 4737 3392 4807 (2)
3443 4754 3563 4806 qua:

1989 4816 2278 4870 nobiliores
2301 4817 2535 4871 habuere
2561 4818 2826 4888 neglectui
2851 4836 3062 4889 procos,
3087 4824 3360 4881 vilissima:
3383 4830 3566 4882 c0ndi-

1989 4911 2146 4966 tiouis
2195 4909 2537 4977 hominibus,
2569 4921 2625 4966 et
2670 4915 2897 4969 servulis
2950 4917 3300 4985 εοιιιιιιιιιιιιι·;
3349 4937 3412 4975 ac
3464 4925 3564 4976 sub

1985 5000 2203 5056 nomine
2230 5001 2523 5070 religionis,
2548 5009 2608 5056 et
2635 5003 2820 5057 umbra
2856 5005 3201 5062 continentia:
3232 5050 3244 5071 ,
3291 4995 3560 5066 interdum

1983 5091 2242 5146 deserunt
2270 5091 2414 5144 viros
2436 5130 2452 5152 ,
2485 5091 2703 5147 Helena:
2731 5106 3023 5164 sequuntur
3050 5100 3416 5162 Alexandros,
3462 5117 3562 5156 nec

1987 5184 2256 5240 Menelaos
2302 5183 2704 5254 pertimescunt.
2743 5177 3001 5244 Videntur
3049 5192 3196 5255 lia-c,
3253 5194 3556 5261 plagnntnr,

1980 5283 2041 5330 et
2109 5291 2214 5328 non
2268 5273 2605 5329 vindicantur
2649 5291 2664 5328 :
2713 5277 2836 5345 quia
2888 5279 3173 5333 multitudo
3218 5282 3552 5349 peccantium

1983 5364 2236 5436 peccandi
2265 5364 2530 5418 licentiam
2559 5366 2942 5433 subministrat.

2065 5546 2120 5616 4)
2151 5546 2294 5616 Paria
2312 5546 2530 5616 habeam
2551 5547 2778 5616 sequenti
2813 5547 2955 5616 εειιεει-
2981 5545 3096 5616 εὲθι
3111 5545 3169 5616 ad
3192 5544 3493 5616 Densum:

2006 5648 2031 5676 τ,
2039 5604 2117 5676 (1)
2151 5608 2230 5656 ΑΙ.
2252 5607 2523 5676 conwtulis,
2544 5615 2597 5656 ut
2619 5604 2669 5676 et
2691 5621 2801 5654 mox
2825 5604 2934 5676 libri
2953 5604 3052 5666 alii,
3079 5605 3410 5657 blandimentis
3432 5612 3556 5673 affa-

1981 5667 2546 5738 bilitatemmnnesculis
2567 5667 2768 5738 ιιιὲξιιυης
2796 5675 2890 5735 «ξιο-
3464 5667 3489 5673 ”
3565 5725 3570 5730 .

2043 5731 2116 5796 (2)
2151 5732 2352 5796 Quidam
2375 5729 2490 5796 Mss,
2515 5726 2698 5796 Ajobiles
2715 5725 2908 5796 {syrtium
2919 5724 3170 5796 nobiliores
3192 5727 3428 5796 habitune
3446 5744 3558 5791 pro-

1978 5787 2153 5901 ﬁoﬁe'iln
2172 5787 2352 5854 'quihus
2375 5789 2516 5852 [mulo
2540 5789 2656 5836 intra
2681 5787 2768 5854 nec
2791 5787 3022 5849 particula
3051 5796 3167 5839 ante
3202 5787 3576 5843 Menelrtos'non;

2011 5865 2040 5900 a
2128 5865 2200 5899 ur.

2011 5865 2200 5900 auetur.
