4080 6340
581 342 719 399 1099

643 463 696 514 4.
731 459 870 514 Proh
902 458 1048 512 nefas
1067 497 1082 524 ,
1105 454 1250 510 orbis
1275 463 1534 508 terrarum
1567 453 1708 519 ruit,
1756 454 1808 508 iu
1840 454 1994 508 n0bis
2027 467 2156 523 pec-

572 560 692 602 cata
711 566 817 602 non
842 555 1018 600 ruunt.
1038 544 1177 599 Urbs
1197 544 1392 614 inclyta
1417 553 1469 597 et
1502 543 1725 598 Romani
1752 545 1957 613 imperii
1975 553 2154 610 caput,

570 655 680 694 uno
713 639 899 693 hausta
941 647 1022 691 est
1065 635 1330 692 incendio.
1360 634 1510 689 Nulla
1564 645 1648 690 est
1691 635 1858 705 regio,
1899 650 2020 704 qua:
2049 648 2154 688 non

566 730 754 787 exules
773 727 1046 783 Romanos
1087 725 1297 780 habeat.
1327 725 1384 779 In
1411 725 1621 780 cineres
1658 740 1721 779 ac
1749 723 1960 780 favillas
1987 739 2154 780 sacra:

563 821 833 890 quondam
878 818 1130 874 Ecclesite
1155 817 1523 883 conciderunt,
1568 825 1624 872 et
1670 828 1846 872 tamen
1874 818 2153 874 studemus

561 913 820 967 avaritire.
866 909 943 982 (a)
977 908 1203 965 Vmuus
1228 925 1380 973 QUAS!
1423 911 1588 964 altera
1637 909 1726 964 die
1768 909 2046 972 morituri,
2096 920 2152 964 et

561 1005 888 1059 aedificamus
910 1003 1057 1072 quasi
1086 1017 1298 1070 semper
1319 1002 1370 1056 iu
1403 1001 1503 1055 hoc
1529 1002 1727 1055 szcculo
1764 1001 1973 1057 victuri.
2006 1004 2150 1056 Auro

560 1097 810 1165 parietes,
825 1110 956 1148 auro
983 1094 1273 1164 laquearia,
1296 1108 1427 1147 auro
1447 1092 1648 1162 fulgent
1671 1093 1844 1164 capita
1869 1094 2114 1147 columna
2133 1125 2145 1134 -

558 1201 699 1251 rum,
721 1196 775 1241 et
796 1185 968 1240 nudus
993 1193 1153 1251 atque
1179 1185 1420 1239 esuriens
1445 1193 1570 1236 ante
1592 1182 1734 1237 fores
1755 1191 1967 1238 nostras
1991 1183 2146 1238 Chri-

556 1288 672 1332 stus
697 1279 750 1330 in
781 1290 1015 1346 paupere
1056 1275 1300 1328 moritur.
1335 1273 1582 1341 Legimus
1626 1275 1799 1326 Aaron
1832 1272 2146 1328 Pontificem

559 1371 667 1423 isse
693 1366 903 1421 obviam
938 1366 1233 1418 furentibus
1255 1363 1504 1425 ﬂammis,
1527 1373 1581 1417 et
1597 1377 1824 1417 accenso
1851 1363 2141 1428 thuribulo,

556 1461 650 1516 Dei
679 1461 812 1513 iram
842 1457 1185 1526 cohibuissc(
1209 1454 1372 1510 Num.
1401 1456 1525 1524 16).
1550 1454 1707 1509 Stetit
1735 1455 1873 1512 inter
1893 1465 2140 1520 mortem,

553 1559 608 1604 et
645 1549 807 1602 vitam
849 1547 1108 1604 Sacerdos
1139 1561 1381 1616 magmts,
1417 1561 1514 1600 nec
1561 1546 1697 1598 ultra
1754 1545 1974 1615 vestigia
2027 1547 2143 1610 ejus

552 1641 690 1711 ignis
718 1639 1006 1710 procedere
1032 1652 1194 1690 ausus
1237 1646 1339 1690 est.
1365 1636 1528 1706 Moysi
1570 1636 1802 1704 loquitur
1829 1635 1967 1690 Deus
2000 1653 2014 1688 :
2042 1634 2112 1688 Di
2123 1665 2140 1677 -

548 1733 691 1786 mitte
731 1728 830 1796 me,
873 1740 919 1783 et
949 1728 1121 1782 delebo
1164 1728 1408 1796 populum
1437 1730 1588 1779 istum
1638 1724 1839 1796 (Exod.
1873 1726 1962 1780 '52.
2007 1725 2075 1780 i0
2095 1726 2137 1795 ).

549 1819 774 1889 Quando
814 1819 939 1875 dicit
972 1837 984 1872 :
1012 1818 1208 1871 dimitte
1241 1833 1353 1879 me,
1379 1815 1615 1870 ostendit
1639 1830 1698 1869 se
1727 1815 1892 1868 teneri
1942 1829 2100 1884 posse
2123 1858 2136 1877 .

551 1929 620 1968 ne
646 1911 802 1967 faciat
820 1910 962 1980 quod
992 1911 1221 1963 minatus
1238 1918 1340 1973 est,
1371 1907 1462 1960 Dei
1486 1908 1628 1959 enim
1670 1907 1960 1975 potentiam
2000 1909 2140 1960 servi

550 2017 738 2073 preces
765 2000 1142 2070 impediebant.
1171 1999 1303 2065 Quis
1325 2009 1478 2065 putas
1509 1996 1595 2050 ille
1623 1996 1723 2048 sub
1745 1995 1886 2049 easlo
1915 2003 2018 2056 est.
2049 1995 2138 2065 qui

549 2107 694 2147 nunc
721 2093 815 2146 ira:
843 2091 932 2145 Dei
966 2089 1132 2159 possit
1171 2086 1491 2141 occttrrere?
1518 2087 1605 2155 qui
1635 2085 1851 2140 obviare
1875 2085 2140 2139 ﬂammis?

546 2196 600 2238 et
627 2201 748 2240 cum
798 2184 1056 2253 Apostolo
1079 2182 1258 2234 dicere
1278 2221 1292 2239 ,
1341 2177 1591 2248 Optabam
1617 2195 1708 2248 ego
1743 2179 2012 2232 anathema
2038 2195 2142 2233 esse

548 2293 640 2347 pro
661 2274 900 2347 fratribus
922 2278 1042 2325 meis
1072 2273 1089 2340 (
1113 2271 1262 2325 Hom.
1290 2271 1342 2324 9.
1369 2271 1436 2338 5)
1457 2270 1480 2322 ?
1504 2269 1731 2323 l’ercunt
1759 2285 1879 2324 cum
1910 2270 2135 2339 pastori-

547 2372 646 2422 bus
669 2381 879 2438 greges,
909 2368 1032 2434 quia
1057 2365 1194 2416 sicut
1226 2361 1470 2432 populus,
1499 2361 1576 2415 sic
1618 2360 1904 2414 Sacerdos.
1929 2359 2138 2430 Moyses

544 2459 931 2531 cotnpassiouis
976 2458 1290 2528 loquebatur
1318 2454 1508 2508 affectu
1549 2471 1562 2507 ε
1593 2453 1655 2509 Si
1701 2455 1910 2507 dimittis
1948 2455 2138 2523 popqu

545 2557 684 2614 huic,
707 2552 900 2604 dimitte
917 2566 933 2602 :
952 2550 1029 2602 sin
1051 2558 1241 2608 autem,
1266 2546 1376 2598 dele
1395 2562 1474 2599 me
1494 2545 1556 2597 de
1575 2544 1702 2598 libro
1721 2554 1807 2598 tuo
1825 2543 2019 2614 (Ea-od.
2044 2543 2131 2600 32.

545 2646 633 2700 51.
665 2643 787 2712 52).
825 2641 948 2695 Vult
976 2640 1150 2710 perire
1195 2653 1316 2691 cmn
1364 2637 1732 2707 pereuntibus,
1777 2650 1876 2690 nec
1923 2639 2133 2705 propria

544 2737 712 2789 salute
738 2741 1020 2786 contentus
1049 2740 1152 2784 est.
1202 2728 1379 2783 Gloria
1424 2729 1618 2798 quippe
1661 2728 1812 2798 regis,
1862 2729 2135 2781 multitudo

544 2827 721 2898 populi
743 2825 760 2895 (
784 2824 936 2877 Prov.
964 2825 1030 2878 11
1053 2823 1093 2894 ).
1138 2821 1229 2875 His
1260 2821 1502 2874 Pacatula
1533 2831 1714 2874 nostra
1747 2829 1866 2873 nata
1889 2828 1972 2874 cst
1996 2829 2133 2873 tem-

544 2919 784 2990 poribus.
813 2917 955 2971 lnlcr
981 2917 1094 2967 Iure
1137 2911 1424 2981 crepundia
1459 2911 1682 2979 primam
1711 2911 2131 2978 carpitzetatem,

542 3019 666 3064 ante
712 3009 973 3077 lacrymas
1026 3004 1262 3063 scitura,
1307 3017 1464 3069 quam
1516 3001 1724 3065 risum;
1763 3002 1909 3069 prius
1951 2999 2131 3055 [letum

541 3100 709 3172 966
781 3111 1026 3160 sensura,
1072 3109 1231 3163 quam
1277 3091 1550 3161 gaut‘ium.
1581 3089 1818 3144 Necdum
1863 3090 2128 3152 introitus,

538 3193 648 3260 jatn
677 3189 867 3242 exitus.
896 3186 1083 3238 Talem
1129 3197 1341 3249 semper
1369 3190 1515 3249 putet
1541 3181 1703 3235 fuisse
1725 3179 2003 3233 tnttndum.
2030 3179 2134 3233 Nv-

543 3283 678 3336 sciat
724 3276 1025 3347 pra-terita,
1071 3273 1233 3342 fugiat
1266 3272 1572 3340 prmsentia,
1628 3272 1802 3323 futura
1843 3270 2130 3326 desideret.

544 3372 671 3427 llznc
697 3380 754 3424 ut
781 3365 1125 3420 tumultuario
1169 3378 1414 3417 sermone
1442 3362 1719 3424 dictarem.
1751 3373 1804 3416 et
1829 3373 1948 3431 post
1974 3377 2132 3417 net-es

543 3462 858 3522 amicorum,
890 3456 1194 3524 luctumque
1221 3462 1555 3523 perpetuum.
1579 3453 1762 3507 infanti
1785 3469 1945 3508 senes
1975 3453 2133 3521 longo

541 3549 1206 3628 postliminioscriberem,
1251 3557 1358 3609 tua.
1395 3545 1658 3601 Gaudenti
1700 3545 1880 3608 frater.
1925 3546 2132 3615 impulit

542 3647 782 3702 caritas:
829 3641 1100 3710 tnaluique
1152 3653 1357 3708 parum,
1415 3651 1570 3706 quam
1599 3634 1732 3690 nihil
1778 3637 1996 3690 omnino
2035 3653 2130 3706 po-

543 3740 710 3794 scenti
743 3736 869 3790 dare
901 3752 914 3788 ε
941 3732 1062 3802 quia
1090 3731 1143 3786 itt
1184 3730 1357 3784 altero
1385 3727 1629 3782 voluntas
1656 3741 1915 3798 oppressa
1956 3727 2130 3793 luctu,

524 3831 600 3886 .in
627 3832 794 3885 altero
816 3825 1061 3881 amicitia:
1081 3822 1436 3877 dissimulatio
1461 3829 1563 3874 est.

978 3914 1304 3971 EPISTOLA
1355 3911 1568 3967 CXXIX
1601 3911 1672 3984 (ὁ)
1685 3954 1698 3966 .

1085 4045 1152 4084 AD
1190 4043 1471 4083 etiannum
1510 4027 1601 4095 (τ).

1006 4143 1088 4211 De
1115 4141 1275 4196 Terra
1311 4139 1672 4212 promissionis.

553 4265 756 4321 Terram
787 4258 1132 4332 promissionis
1153 4273 1255 4310 non
1290 4272 1404 4308 eam
1427 4270 1552 4316 esse,
1579 4268 1730 4322 quam
1766 4251 1939 4308 Judati
1969 4267 2138 4320 posse-

621 4357 802 4411 derunt
834 4367 851 4404 :
879 4348 967 4404 sed
1003 4346 1158 4400 aliam
1195 4342 1453 4398 caelestem
1497 4341 1906 4411 intelligendam,
1951 4352 2137 4395 terram

620 4461 796 4515 nempe
819 4439 1103 4500 viventium,
1133 4434 1332 4489 mitibus
1366 4433 1418 4486 in
1444 4429 1721 4502 Evangelia
1761 4435 2135 4501 repromissum.

622 4536 977 4610 Neque=aliam
1001 4545 1207 4586 causam
1233 4527 1548 4581 miseriarum
1573 4534 1618 4578 et
1645 4535 1847 4579 eterna:
1870 4524 2135 4592 captivita-

624 4633 686 4684 tis
713 4628 1013 4682 Judteorum
1038 4637 1164 4687 esse,
1189 4634 1339 4690 quam
1367 4617 1577 4688 sanguis
1620 4614 1808 4670 Christi
1841 4613 2058 4682 r/fusus,
2089 4625 2138 4669 et

620 4720 895 4778 execrabile
919 4699 1136 4787 facinus,
1163 4729 1262 4782 quo
1287 4719 1495 4765 mortem
1509 4709 1606 4780 ipsi
1630 4709 1819 4780 inferre
1839 4723 1937 4762 non
1960 4708 2140 4761 timue-

620 4823 758 4866 rttnt.

625 4923 680 4975 1.
721 4919 928 4985 Quart-is
974 4915 1250 4979 Dardane,
1295 4911 1727 4967 (iltristianorum
1769 4909 2134 4978 nobilissime,

555 5025 609 5069 et
645 5011 726 5084 (Δ)
768 5007 1020 5063 nobilium
1063 5003 1520 5068 cltristianissitne,
1547 5017 1666 5071 quae
1688 5001 1760 5055 sit
1790 5011 1926 5055 terra
1954 5017 2141 5070 repro-

618 5147 692 5209 (a)
727 5142 982 5209 Pet-quani
1008 5134 1153 5209 simili
1189 5136 1432 5209 sententia
1469 5133 1662 5209 dictum”
1686 5130 2146 5209 de-itljegajrgnsibus

552 5193 700 5257 nam
723 5193 868 5266 epist.
896 5199 1004 5266 1'23;
1029 5197 1088 5246 ad
1105 5195 1427 5266 Agermum!“
1447 5207 1579 5264 0""!-
1605 5193 1681 5266 Ψ·
1701 5193 1828 5266 (ιυοεὲ
1853 5193 2146 5266 “mm”

590 5253 699 5318 issi
731 5253 1398 5327 sempersiotun'fviverept
1416 5255 1556 5327 quasi
1591 5253 1745 5327 altera
1779 5254 1863 5325 die
1901 5256 2141 5327 morituri.

556 5315 728 5378 Simile
744 5315 860 5389 quid
874 5325 1019 5389 etiam
1037 5315 1261 5389 invenias
1275 5315 1536 5389 in‘Luciani
1552 5315 1760 5377 quodam
1774 5316 2144 5378 epigrammate,

555 5391 686 5454 quod
714 5393 744 5452 l|
761 5378 820 5437 'se
844 5387 990 5435 etiam
1013 5395 1074 5432 ex
1099 5382 1302 5454 Socrate
1324 5378 1501 5454 hausit.

684 5455 733 5510 ὸς
755 5459 1005 5508 «Quibusve;
1021 5464 1090 5496 τῶν
1113 5461 1184 5494 σῶν
1206 5453 1346 5504 ἀγαθῶν
1367 5451 1540 5495 ἀπόλανι,

805 5515 858 5567 ας
879 5517 923 5559 δι
942 5521 1174 5567 Statiuss“.
1195 5511 1313 5568 gs'tbso
1339 5519 1410 5552 σῶν
1434 5513 1599 5568 κτιάκογγ.

619 5573 692 5635 (ὁ)
731 5560 818 5635 τοι(
833 5560 940 5621 ίὶθ·
966 5560 1768 5635 Sffiﬂlii.'£3!'?‘.'..“.’.’.”‘.‘l’liiiis"...
1802 5619 1844 5635 ν.
1862 5619 1876 5635 .
1891 5617 1976 5635 τ...
1994 5621 2008 5635 .
2024 5621 2107 5635 ι...

624 5575 696 5695 [ὸζ
731 5575 804 5621 ΑΙ.
833 5575 940 5621 129.
966 5575 1154 5631 εει-ιρια
1177 5575 1506 5640 εινεαχᾳρηιηι
1529 5575 1637 5636 ita:
1716 5619 1731 5630 .
2050 5621 2062 5640 τ
2095 5622 2107 5631 ν

624 5641 672 5696 (ε
737 5634 981 5696 Βίας-ςε
1006 5619 1769 5696 ςξέᾼΧῼΕΑιὶῖἒ-ἓῗ.ρξ.ὲ)ηλίνὲ
1802 5617 2145 5696 mmsis

557 5683 798 5752 v.‘it’NL.
835 5694 915 5746 ET
949 5688 1260 5752 ΡΑΤιιιςιΑῑ
1292 5683 1675 5752 ΙᾘΩΝΙΤᾼΤΙΞ,
1702 5689 1961 5752 yt__ve_lus.
1981 5683 2146 5731 inseri.

557 5741 1024 5822 ιὲιῖοἶίιῶὸιῖἆυέιίι
1044 5741 1610 5822 ὗῖοΐθτυειεὲίτπηρειάμξ.
1624 5741 2116 5822 βι.⁶91ῐ¹9ῖ[⁴ῗί99ξ,κ,,.

621 5806 702 5883 (tl)
721 5806 970 5870 ‘Duo'b'mc
993 5806 1165 5881 verba,
1183 5807 1409 5867 nobilium
1437 5806 1852 5866 cltristt'auisst'ute,
1876 5806 2145 5855 vctust'ssi-

1859 338 2103 396 SANCTI
2143 336 2521 395 lllEliONYMI

3709 348 3835 408 H00

2265 453 2553 520 missionis,
2585 467 2744 524 quam
2783 452 2952 509 Judtei
2977 454 3263 510 redeuntes
3288 469 3354 511 es
3402 455 3631 530 Egypto
3659 476 3833 531 posse-

2263 542 2620 608 derunt,~cutn
2651 561 2680 598 a
2712 545 3004 616 majoribus
3026 562 3212 602 eorum
3249 547 3358 618 jam
3387 549 3544 605 fuerit
3571 561 3694 606 ante
3717 569 3831 623 pos.

2260 647 2432 696 scssa,
2454 649 2523 689 ac
2561 634 2783 705 proinde
2810 652 2916 690 non
2956 638 3022 691 sit
3051 639 3332 708 promissa,
3363 640 3457 696 sed
3483 642 3717 698 redditai
3748 645 3832 702 llis

2257 726 2399 780 enim
2429 726 2605 781 verbis
2629 728 2796 782 uteris
2821 729 2872 782 in
2892 729 3047 784 calce
3091 729 3331 801 epistolae
3355 741 3477 787 tuas.
3504 734 3654 802 Quod
3681 737 3832 794 inter-

2258 831 2473 887 rogans,
2518 818 2716 874 videris
2745 819 2872 873 illud
2898 821 3118 884 sentire,
3161 821 3302 891 quod
3341 823 3580 891 plurimis
3627 808 3858 883 nostro-5

2255 922 2372 960 rmn
2403 908 2598 978 placet,
2643 909 2803 963 aliam
2845 909 3279 978 repromissionis
3306 922 3501 968 terram
3544 929 3666 971 esse
3692 932 3828 986 quat-

2253 999 2496 1060 rendam.
2532 999 2601 1053 de
2629 1013 2732 1068 qua
2761 1010 2813 1053 et
2845 999 3006 1054 David
3035 1000 3270 1070 loquitur
3315 1003 3370 1056 in
3411 1005 3620 1073 psalmo
3645 1024 3659 1058 :
3681 1005 3829 1064 Credo

2250 1087 2418 1142 videre
2437 1088 2566 1143 bona
2590 1088 2828 1156 Domini,
2859 1091 2911 1144 itt
2937 1100 3072 1144 terra
3100 1093 3364 1146 viventium
3391 1093 3555 1166 (Psal.
3585 1097 3677 1152 26.
3709 1100 3825 1171 15).

2252 1175 2319 1229 Et
2349 1177 2602 1232 Dominus
2631 1178 2684 1232 in
2713 1178 3002 1249 Evangelio
3034 1199 3050 1234 :
3077 1179 3226 1234 Beati
3267 1184 3444 1250 mites,
3473 1187 3710 1254 quoniam
3741 1191 3828 1259 ipsi

2249 1267 2569 1335 possidebunt
2585 1278 2770 1322 terram
2793 1269 2812 1340 (
2832 1269 3016 1326 Matth.
3037 1272 3091 1326 5.
3115 1273 3148 1327 4
3164 1272 3207 1345 ).
3231 1272 3423 1344 Utique
3451 1277 3612 1331 David
3629 1280 3826 1347 quando

2249 1356 2376 1411 Ιιςιιοι
2391 1358 2638 1413 cantabat
2668 1360 2720 1414 in
2747 1361 2960 1430 spiritu,
2986 1363 3039 1416 in
3070 1371 3210 1418 terra
3239 1367 3670 1434 repromissionis
3702 1379 3822 1436 erat,

2245 1455 2302 1501 et
2327 1463 2430 1502 non
2457 1450 2630 1504 solum
2660 1450 2714 1504 in
2740 1450 2944 1506 Judtete
2976 1451 3170 1507 ﬁnibus
3205 1455 3531 1523 morabatur,
3559 1457 3654 1514 sed
3699 1462 3823 1514 mul-
3868 1468 3873 1474 ‘

2247 1547 2419 1593 tarum
2451 1539 2504 1592 in
2551 1541 2778 1595 circuitu
2827 1543 3100 1596 nationum
3133 1545 3302 1599 victor
3319 1547 3606 1614 extiterat,
3647 1565 3761 1617 qua:
3795 1566 3820 1603 a

2247 1639 2481 1685 torrente
2515 1630 2768 1702 Egypti,
2814 1633 2903 1703 qui
2949 1642 3033 1689 est
3078 1633 3496 1702 Rhinocorura,
3554 1653 3720 1712 usque
3761 1641 3820 1694 ad

2245 1721 2570 1789 Euphratem
2590 1723 2807 1777 lluvium
2833 1725 3219 1790 tendebantur;
3247 1727 3432 1781 dicens
3461 1731 3514 1782 in
3538 1729 3647 1785 alio
3674 1733 3780 1786 loco
3806 1749 3817 1786 :

2246 1813 2310 1868 In
2342 1815 2624 1870 ltlumcam
2653 1817 2918 1870 extendam
2934 1816 3324 1872 calceamentum
3397 1821 3558 1894 967
3631 1839 3822 1878 meum:

2243 1907 2368 1960 mihi
2391 1907 2695 1979 alienigena
2721 1908 2796 1980 (ε)
2818 1910 3072 1979 εεηὶεηι(
3101 1908 3246 1963 Ρεαι.
3279 1911 3367 1966 59.
3396 1914 3464 1967 49
3484 1913 3523 1984 ).
3555 1913 3821 1980 Quomodo

2242 2015 2368 2070 ergo
2398 2016 2456 2056 se
2484 2001 2738 2056 credebat
2763 2001 3007 2070 accipere
3026 2041 3042 2068 ,
3067 2002 3206 2072 quod
3241 2004 3351 2072 jam
3404 2005 3626 2060 victoria
3659 2007 3819 2077 possi-

2240 2093 2445 2148 debat?
2476 2094 2539 2148 Et
2565 2109 2632 2148 ne
2676 2092 2900 2148 forsitan
2941 2093 3240 2163 legentibus
3277 2094 3475 2149 .ludmis
3525 2099 3817 2167 ambiguum

2240 2185 2592 2256 derelinquat,
2616 2201 2735 2255 qua:
2763 2186 2832 2238 sit
2860 2185 2948 2240 illa
2977 2194 3139 2248 terra,
3171 2201 3330 2255 quam
3359 2187 3541 2242 videre
3562 2191 3814 2257 cupiebat,

2242 2278 2357 2346 ipso
2383 2291 2632 2330 sermone
2659 2275 3013 2339 demonstrat,
3039 2275 3224 2330 dicens
3257 2293 3270 2329 :
3302 2276 3464 2332 Credo
3503 2279 3670 2333 uidere
3703 2279 3819 2333 bona

2240 2365 2466 2433 Domini,
2511 2366 2563 2420 in
2604 2375 2736 2420 terra
2765 2366 3054 2420 viventium.
3090 2365 3228 2435 Ergo
3259 2375 3399 2422 terra
3441 2366 3664 2434 Jud.e:r,
3708 2384 3815 2438 quae

2237 2457 2455 2512 ditionis
2497 2457 2641 2512 illius
2666 2468 2803 2522 erat,
2837 2471 2942 2510 non
2993 2466 3076 2511 est
3105 2467 3246 2512 terra
3277 2459 3596 2526 viventium,
3651 2460 3701 2514 id
3746 2469 3818 2514 est

2237 2549 2527 2614 Abraham,
2557 2549 2724 2615 lsaac,
2748 2560 2801 2604 et
2819 2549 3006 2614 Jacob,
3026 2549 3094 2604 de
3117 2549 3307 2620 quibus
3332 2550 3590 2605 Dominus
3617 2551 3668 2605 in
3688 2567 3818 2620 quae-

2235 2645 2410 2698 stiooc
2433 2642 2869 2698 .Rcsurrectionis
2889 2641 3018 2697 dicit
3041 2660 3055 2696 :
3090 2641 3208 2696 Non
3234 2653 3308 2697 est
3337 2641 3471 2697 Deus
3493 2655 3815 2708 mortuorum,

2235 2733 2324 2787 sed
2350 2733 2615 2787 viventium
2642 2733 2660 2802 (
2690 2731 2878 2787 Matth.
2909 2731 3003 2786 29..
3035 2731 3142 2802 52)
3172 2749 3186 2784 :
3214 2746 3398 2786 verum
3440 2741 3586 2788 terra
3612 2743 3665 2788 et
3685 2735 3818 2803 regio

2237 2832 2604 2886 mortuorum,
2660 2823 2728 2877 de
2781 2823 2975 2892 quibus
3023 2823 3258 2896 loquitur
3312 2822 3568 2878 Ezechiel
3603 2841 3616 2878 :
3651 2826 3816 2878 Anima

2233 2930 2347 2984 qua:
2366 2914 2660 2982 peccaverit,
2683 2914 2794 2984 ipsa
2817 2914 3057 2967 morietur
3076 2913 3095 2987 (
3112 2913 3301 2967 Ezech.
3330 2913 3420 2968 l8.
3446 2914 3480 2969 4
3506 2915 3546 2983 ).
3579 2914 3681 2969 Et:
3711 2913 3816 2968 Non

2236 3005 2418 3057 mortui
2468 3003 2744 3057 laudabunt
2789 3015 2835 3057 te
2886 3003 3136 3068 Domine,
3195 3004 3285 3058 sed
3327 3019 3419 3058 nos
3475 3006 3566 3074 qui
3624 3007 3815 3059 vivimus

2235 3091 2305 3164 (ι’)
2337 3091 2522 3166 (Psal.
2575 3094 2704 3158 H3,
2729 3094 2817 3147 17.
2851 3103 2896 3146 et
2937 3093 3041 3163 l8)
3072 3110 3086 3147 :
3121 3093 3210 3162 qui
3239 3104 3294 3148 et
3340 3092 3392 3147 in
3436 3096 3816 3149 resurrectione

2233 3183 2505 3238 occursuri
2534 3191 2658 3236 sunt
2691 3183 2916 3236 Domino
2943 3183 3204 3236 Salvatori
3226 3222 3241 3246 ,
3273 3183 3485 3238 dicente
3531 3185 3812 3255 Apostolo:

2236 3270 2349 3325 Hoc
2369 3271 2502 3325 enim
2523 3272 2636 3324 dico
2655 3271 2790 3324 vobis
2811 3271 2862 3323 iu
2883 3287 3110 3324 sermone
3128 3270 3352 3332 Domini,
3374 3276 3620 3341 quoniam
3641 3291 3727 3330 nos
3742 3273 3816 3343 qui

2233 3364 2456 3425 vivimus,
2479 3363 2566 3430 qui
2589 3363 2921 3432 relinquimur
2939 3363 2992 3416 in
3021 3363 3290 3416 adventum
3313 3361 3543 3429 Domini,
3574 3383 3674 3421 non
3698 3381 3814 3435 prte-

2231 3455 2483 3509 veuieutus
2509 3469 2592 3508 eos
2637 3455 2722 3520 qui
2750 3454 2827 3524 (g)
2857 3453 3109 3507 dormiunt
3135 3454 3220 3521 (1.
3263 3451 3442 3507 Tltrss.
3488 3455 3548 3511 4.
3582 3458 3690 3527 14)
3719 3474 3730 3508 :
3757 3455 3815 3507 de

2232 3545 2426 3615 quibus
2459 3552 2515 3599 et
2538 3543 2798 3599 Jereurias
2825 3544 3057 3613 loqttitnr
3087 3560 3101 3598 :
3138 3543 3554 3614 Berelinquentes
3578 3559 3646 3614 te,
3682 3563 3815 3617 super

2234 3648 2420 3690 terram
2444 3635 2720 3690 scribentur
2746 3633 2898 3704 (Jer.
2936 3636 3024 3690 l7.
3066 3635 3192 3705 15).
3223 3636 3482 3706 Quodque
3517 3637 3685 3692 David
3708 3652 3816 3707 pro.

2235 3711 2398 3782 mittit
2429 3745 2442 3782 :
2473 3725 2634 3780 Credo
2663 3725 2829 3780 videre
2857 3724 2990 3778 bona
3018 3724 3259 3788 Domini,
3294 3725 3359 3779 ad
3391 3725 3688 3794 spiritalem
3728 3740 3814 3780 nos

2237 3817 2516 3887 perspicue
2554 3815 2740 3870 traltit'
2763 3814 3190 3885 intelligentiam.
3222 3813 3352 3880 Quae
3381 3816 3524 3869 enim
3567 3816 3702 3871 bona
3731 3829 3812 3870 rex

2236 3910 2337 3962 alia
2368 3905 2688 3977 requirebat,
2717 3913 2808 3958 aut
2829 3919 2935 3974 quo
2959 3903 3246 3975 indigebat,
3268 3905 3365 3974 qui
3394 3913 3558 3958 tantae
3581 3905 3814 3974 potentia:

2239 4000 2352 4063 fuit,
2388 4007 2444 4052 ut
2473 3998 2641 4068 partis
2669 4011 2766 4067 per
2792 3996 2943 4073 illum
2982 3995 3171 4066 opibus
3195 4037 3210 4060 ,
3239 3995 3492 4050 Salomon
3546 3996 3686 4050 illius
3708 3994 3814 4063 ejus
3857 4001 3860 4059 ί

2239 4093 2257 4162 (
2283 4107 2390 4162 quo
2422 4090 2601 4144 nullus
2631 4089 2682 4143 in
2726 4087 2859 4142 orbe
2900 4073 3160 4142 terrarum
3189 4086 3350 4140 ditior
3377 4084 3473 4140 fuit
3497 4084 3520 4158 )
3548 4094 3815 4143 contentus

2238 4184 2415 4241 esset?
2439 4183 2545 4238 Sed
2590 4183 2641 4236 in
2702 4190 2840 4237 terra
2891 4181 3179 4235 viventium
3228 4179 3367 4233 bona
3417 4179 3502 4234 illa
3532 4179 3812 4250 quaarebat,

2238 4290 2358 4345 qua:
2397 4287 2494 4328 nec
2523 4272 2710 4327 oculos
2729 4271 2894 4336 vidit,
2925 4285 3026 4325 nec
3049 4271 3192 4323 auris
3220 4268 3422 4322 audivit
3445 4310 3459 4330 .
3489 4285 3590 4323 nec
3643 4270 3692 4322 in
3731 4281 3816 4322 cor

2243 4364 2472 4419 hominis
2495 4362 2873 4426 ascenderunt,
2898 4375 3018 4428 qum
3047 4360 3364 4429 prmparavit
3392 4359 3534 4415 Deus
3559 4359 3812 4429 diligenti-

2243 4455 2340 4509 bus
2359 4468 2439 4507 se.
2469 4452 2619 4520 Quod
2641 4460 2816 4507 autem
2845 4451 2896 4505 in
2925 4450 3215 4520 Evangelio
3242 4449 3470 4504 dicitur:
3493 4451 3634 4505 Beati
3662 4446 3811 4510 mites,

2240 4547 2478 4615 quoniam
2507 4545 2603 4610 ipsi
2629 4542 2947 4615 possidebunt
2977 4550 3160 4594 terram
3193 4541 3417 4609 (Matth.
3448 4542 3501 4595 5.
3545 4543 3580 4596 4
3603 4543 3618 4609 )
3639 4558 3653 4606 ;
3677 4540 3812 4611 juxta

2244 4637 2476 4692 litteram
2505 4635 2602 4688 sibi
2627 4633 2834 4688 videtur
2853 4646 2973 4688 esse
2992 4632 3338 4686 contrarium.
3365 4631 3481 4686 Non
3509 4636 3649 4688 enim
3675 4643 3812 4686 term:

2244 4728 2514 4800 possessio
2533 4735 2930 4782 mansuctm'um
2961 4733 3044 4780 est
3067 4733 3119 4779 et
3145 4725 3372 4787 mitium,
3395 4726 3484 4795 qui
3509 4740 3653 4793 saspe
3669 4723 3812 4778 etiam

2243 4837 2272 4874 a
2307 4818 2614 4889 part-utilius
2653 4816 2908 4870 derelicta
2951 4815 3178 4885 perdunt
3206 4824 3426 4884 propter
3463 4813 3812 4870 mansuetudi-

2245 4927 2366 4968 nem
2398 4929 2411 4965 :
2439 4909 2535 4965 sed
2582 4911 2816 4965 virorum
2844 4908 3060 4963 fortium
3085 4917 3142 4963 et
3167 4907 3522 4962 violentorum
3545 4949 3559 4973 ,
3591 4906 3678 4977 qui
3703 4912 3815 4959 sunt

2244 5084 2352 5121 mus
2365 5069 2572 5132 Regina:
2589 5067 2825 5132 codLZlS.
2851 5081 2945 5132 non
2961 5067 3129 5132 habet;
3146 5072 3259 5115 sunt
3277 5073 3441 5132 tamen
3463 5079 3526 5132 es
3545 5060 3815 5132 Hieronymi

2247 5125 2471 5193 ingenio,
2491 5132 2575 5194 qui
2602 5129 3036 5194 ethPammachium
3053 5130 3134 5194 ita
3150 5125 3410 5194 compellat
3431 5128 3574 5194 epist.
3595 5126 3670 5174 6|.
3696 5125 3816 5194 Citri-

2245 5184 2893 5248 stianorum'nobilissimum,
2919 5197 2970 5238 et
2989 5188 3219 5238 nobilium
3243 5184 3706 5248 cla-istiatiissimum.
3725 5184 3817 5248 Nec

2246 5267 2506 5310 moramur,
2543 5252 2741 5316 quod‘e
2777 5244 3019 5316 contrario
3060 5250 3285 5316 Sidonius
3318 5246 3734 5316 Apollinarisdih.
3771 5244 3813 5314 β.

2245 5317 2470 5378 Epist.9.
2495 5306 2626 5378 hunc
2659 5312 3319 5378 Dardanum_nequissimum
3352 5306 3602 5359 hominem
3625 5306 3748 5369 facit,
3770 5306 3816 5353 in

2245 5371 2344 5442 quo
2363 5375 2450 5442 alii
2459 5375 2629 5442 omnia
2650 5371 2793 5442 simul
2815 5371 3402 5442 crimina_é.re_crarept_ur.

2269 5429 2278 5449 ⁹
2317 5437 2393 5501 (ε)Δ
2419 5437 2537 5486 Illud
2561 5433 2767 5501 servient
2806 5448 2970 5501 neque
2989 5433 3221 5501 “fontibus
3241 5431 3457 5501 Hebraeo
3480 5437 3532 5480 et
3553 5429 3719 5501 Greco
3739 5438 3814 5501 re-

2247 5491 2472 5569 spondet,
2498 5510 2662 5569 neque
2687 5491 2928 5569 inreter'i.
2954 5494 3051 5545 ulla
3085 5494 3252 5569 Latina
3272 5491 3814 5569 yersiouentnv‘euimus:

2248 5551 2286 5606 V‘
2295 5563 2359 5610 id.
2385 5551 2537 5620 Epist.
2571 5551 2672 5608 106.
2699 5560 2756 5607 ad
2779 5558 3010 5620 Sanniam
3048 5564 3100 5606 et
3121 5552 3368 5604 Fretelam
3393 5568 3443 5602 η.
3478 5553 3555 5602 69.
3594 5551 3736 5602 Forte
3771 5551 3817 5601 in

2247 5623 2409 5685 aliquo
2432 5618 2600 5685 Graeco
2626 5620 2894 5685 exemplari
2918 5618 3030 5685 olim
3055 5622 3162 5685 erat
3175 5625 3464 5684 brenﬁfovm
3485 5627 3571 5685 pro
3593 5625 3817 5685 nstrum-1.

2311 5677 2376 5748 (Π
2393 5682 2610 5748 __Ad_duut
2632 5677 2819 5730 Erasm.
2847 5687 2899 5728 et
2919 5679 3102 5748 Victor.
3125 5677 3454 5727 bene:.ict'mtts
3479 5677 3690 5748 pomiuo,
3713 5679 3815 5734 qua:

2249 5740 2374 5793 Mss]
2393 5743 2502 5792 libri
2529 5757 2624 5793 non
2647 5749 2932 5804 agnoscunt.
2959 5740 3068 5804 Mos
3092 5751 3254 5804 sumus
3278 5747 3365 5804 pro
3388 5744 3517 5786 sunt.

2312 5805 2384 5868 (g)
2419 5805 2565 5865 Editi,
2593 5811 2644 5855 et
2665 5798 2856 5865 quidam
2881 5801 2993 5851 Mss.
3019 5798 3329 5851 dormierunt.
