4080 6340
334 463 474 523 soci

332 587 408 639 ad
437 584 578 640 bella
609 583 1007 655 promptissimi.
1037 585 1274 655 Denique
1303 595 1357 639 ct
1385 585 1434 638 iu
1467 586 1668 654 psalmo
1697 586 1924 655 quadra-

327 677 547 743 gesimo
575 688 782 746 quarto,
811 678 898 744 qui
943 677 1043 732 sub
1069 680 1281 733 nomine
1300 677 1601 733 Salutuonis
1628 677 1695 732 ad
1727 678 1924 732 Christi

333 765 706 837 Ecclesiazque
731 767 847 835 ejus
890 781 1280 824 sacramentum
1320 769 1580 834 refertur,
1627 771 1922 824 scribitur:

331 858 615 930 Accingere
648 858 819 927 gladio
847 867 932 914 tuo
959 876 1112 930 super
1156 861 1322 929 femur
1358 871 1520 925 tuum,
1550 860 1921 915 Potentissime.

334 948 526 1019 Specie
550 957 636 1002 tua
663 959 710 1003 et
735 950 912 1004 decore
945 959 1062 1014 tuo,
1111 952 1314 1005 intende
1332 993 1347 1014 ,
1403 961 1450 1005 et
1494 967 1790 1020 prosperare
1812 993 1827 1013 .
1875 961 1925 1005 et

331 1055 518 1109 regna.
546 1039 765 1110 PrOpter
788 1043 1222 1096 mansuetudinem
1245 1053 1294 1096 et
1306 1045 1560 1111 justitiam
1577 1052 1624 1096 et
1645 1043 1920 1108 ueritatem,

331 1139 386 1183 et
415 1129 624 1184 deducet
647 1140 694 1184 te
719 1131 1014 1185 mirabiliter
1037 1133 1241 1187 dextera
1282 1143 1390 1186 tua.
1464 1133 1631 1204 968
1704 1132 1800 1187 llic
1842 1140 1925 1187 est

330 1222 428 1288 qui
457 1231 512 1278 et
538 1222 590 1275 in
618 1221 726 1275 alio
762 1223 966 1290 psalmo
1007 1223 1354 1292 loquebatur:
1382 1222 1652 1287 Memento,
1682 1223 1919 1288 Domine,

334 1307 530 1373 David,
569 1319 616 1362 et
667 1311 830 1363 omnis
877 1312 1272 1364 mansuetudinis
1311 1314 1424 1379 ejus
1467 1310 1652 1384 (Psal.
1680 1312 1801 1366 151.
1832 1310 1918 1378 1).

332 1396 407 1451 Et
435 1398 624 1452 iterum
651 1416 666 1452 :
695 1398 970 1454 Assumens
1005 1413 1290 1454 mansuetos
1314 1400 1562 1455 Dominus
1587 1402 1606 1468 (
1631 1401 1774 1455 Psal.
1795 1401 1917 1455 146.

330 1490 428 1558 ti).
483 1491 550 1544 Et
587 1491 824 1559 apertius
879 1492 931 1546 in
979 1492 1267 1560 Evangelio
1307 1511 1320 1546 :
1354 1492 1542 1546 Discite
1577 1509 1608 1544 a
1650 1509 1746 1554 me,
1800 1493 1920 1562 quia

330 1581 545 1634 humilis
597 1598 728 1643 sum,
771 1591 816 1635 et
859 1592 1146 1636 mansuetus
1185 1584 1336 1637 corde
1377 1583 1598 1650 (Matth.
1647 1584 1732 1636 11.
1787 1584 1858 1637 29
1875 1582 1916 1652 ).

330 1669 396 1722 ιιι
457 1671 610 1736 Cujus
677 1680 858 1740 typum
921 1681 976 1724 et
1027 1672 1237 1742 Moyses
1298 1675 1533 1725 omnium
1608 1672 1915 1738 hominum,

330 1763 425 1828 qui
477 1770 633 1815 erant
677 1776 837 1830 super
883 1771 1109 1827 terram,
1169 1765 1623 1818 mansuetissimus
1669 1765 1919 1821 scribitur

332 1853 357 1922 (
381 1851 538 1905 Nunt.
581 1852 668 1906 19..
691 1851 776 1926 5).

408 1943 463 1996 2.
494 1943 617 1998 Haec
644 1955 747 2008 est,
789 1955 848 2000 ut
884 1944 1141 2003 diximus.
1185 1957 1324 2001 terra
1369 1948 1676 2012 viventium,
1729 1948 1780 2002 in
1814 1964 1916 2016 qua

330 2036 536 2089 sanctis
564 2035 692 2090 viris
717 2046 877 2107 atque
899 2040 1190 2092 mansuetis
1217 2040 1350 2092 bona
1381 2039 1584 2092 Domini
1612 2053 1914 2106 prmparan-

331 2133 420 2178 tur
455 2143 470 2181 :
499 2141 617 2194 quae
646 2137 769 2181 ante
792 2126 1080 2182 adventum
1111 2130 1161 2181 io
1183 2144 1344 2182 carne
1375 2129 1578 2184 Domini
1601 2129 1915 2196 Salvatoris,

330 2231 435 2271 nec
475 2217 768 2283 Abraham,
803 2234 901 2273 nec
929 2219 1094 2283 Isaac,
1127 2235 1224 2274 nec
1256 2219 1452 2283 Jacob,
1487 2236 1584 2274 nec
1615 2220 1914 2290 Prophetas,

327 2316 388 2358 ct
443 2305 534 2358 alii
574 2306 702 2372 justi
748 2307 848 2359 viri
895 2308 1146 2375 consequi
1201 2320 1505 2376 potuerunt.
1567 2311 1801 2380 Denique
1861 2321 1916 2366 et

328 2394 642 2458 Abraham,
685 2396 804 2449 licet
852 2396 1078 2449 diversis
1120 2397 1270 2460 locis,
1306 2413 1427 2452 cum
1478 2399 1680 2453 Lazaro
1707 2399 1916 2454 videtur

329 2482 473 2550 apud
504 2483 704 2536 inferos
742 2485 759 2549 (
779 2483 906 2536 Luc.
934 2484 1041 2555 16)
1071 2495 1164 2540 :et
1195 2486 1362 2542 Jacub
1407 2488 1488 2542 vir
1521 2488 1696 2558 justus
1742 2489 1910 2545 dicit:

332 2570 536 2640 Lugens
563 2582 610 2624 et
643 2589 844 2642 gemens
871 2575 1168 2626 descendant
1201 2575 1268 2627 ad
1317 2574 1585 2646 Infernum
1611 2577 1628 2644 (
1655 2577 1786 2632 Gen.
1821 2579 1912 2635 57.

329 2662 403 2717 55
420 2661 462 2733 ).
513 2662 740 2718 SANGUIS
787 2665 1003 2718 Cunts'rt
1029 2665 1234 2728 ,clavis
1272 2667 1500 2734 paradisi
1545 2677 1661 2734 est,
1689 2668 1915 2726 dicentis

329 2755 398 2807 ad
429 2756 686 2809 latronem
723 2773 741 2806 ι
768 2755 934 2810 Hodie
953 2774 1146 2810 mecum
1171 2758 1269 2812 eris
1297 2759 1347 2811 in
1375 2759 1612 2827 paradiso
1639 2759 1797 2830 (Luc.
1819 2759 1909 2817 Ξῖ).

328 2847 401 2902 42
419 2851 458 2914 ).
481 2848 582 2902 Ista
609 2858 711 2910 est,
743 2859 801 2904 ut
826 2850 1078 2911 diximus,
1107 2858 1248 2905 terra
1277 2851 1585 2918 viventium,
1613 2863 1749 2908 terra
1778 2853 1913 2908 divi-

329 2937 522 2992 tiarum
554 2949 608 2993 et
636 2939 896 2994 bonorum
935 2940 1024 2994 Dei
1050 2940 1150 3009 (a).
1177 2956 1334 3009 quam
1363 2942 1566 3012 primus
1592 2942 1760 2996 Adam
1788 2960 1912 3013 per-

326 3025 484 3092 didit,
515 3035 570 3081 et
595 3029 861 3084 secundus
894 3030 1063 3084 Adam
1096 3031 1296 3086 invenit
1327 3047 1339 3084 :
1370 3033 1478 3086 imo
1504 3034 1572 3087 ab
1601 3033 1690 3088 illo
1735 3035 1911 3104 perdi-

329 3127 436 3170 tam
464 3117 564 3172 iste
595 3120 1072 3183 rcstituit,dicente
1100 3123 1355 3190 Apostolo
1384 3139 1399 3178 :
1434 3125 1676 3195 Regnavit
1697 3143 1828 3180 mors
1848 3129 1909 3181 ab

327 3209 494 3264 Adam
521 3227 681 3280 usque
703 3213 772 3265 ad
803 3211 1014 3284 Moysen
1041 3215 1177 3284 (sub
1204 3217 1356 3284 cujus
1385 3232 1610 3286 persona
1638 3219 1721 3275 lex
1751 3221 1906 3275 intel-

325 3299 544 3368 ligitur)
570 3302 621 3354 in
645 3302 1024 3357 similitudinem
1053 3308 1480 3373 prwvaricationis
1509 3310 1693 3372 Adam,
1721 3312 1807 3380 qui
1836 3319 1908 3366 est

325 3389 491 3454 forma
524 3393 682 3460 futuri
717 3391 906 3462 (Rom.
933 3394 988 3449 5.
1021 3395 1145 3465 14).
1194 3396 1454 3453 Volumus
1499 3401 1638 3454 scire
1682 3403 1905 3456 manife-

325 3479 480 3540 stius,
509 3495 628 3548 quae
649 3482 720 3534 sit
743 3481 856 3536 hrrc
878 3493 1038 3547 terra,
1065 3485 1298 3554 legamus
1325 3487 1376 3541 in
1397 3488 1653 3542 Malachia
1681 3507 1693 3542 :
1724 3489 1908 3544 Beatos

323 3584 414 3620 vos
438 3568 602 3622 dicent
623 3586 814 3633 omnes,
841 3573 963 3625 dicit
995 3572 1239 3628 Dominus
1267 3592 1285 3629 :
1310 3579 1546 3646 quoniam
1564 3581 1702 3632 eritis
1722 3597 1807 3634 uos
1832 3580 1907 3651 (b)

323 3657 381 3710 in
410 3665 542 3710 terra
567 3659 852 3712 uoluntaria
894 3660 1157 3730 (Maloea.
1190 3665 1245 3718 5.
1292 3665 1387 3733 12)
1413 3664 1518 3736 (al.
1551 3668 1868 3740 voluptaria]
1889 3711 1905 3734 ,

325 3761 446 3815 quae
466 3746 848 3816 significantius
874 3749 1058 3804 Griece
1087 3753 1384 3822 appellatur
1409 3765 1604 3822 θαλητὴ,
1635 3774 1793 3826 quam
1825 3761 1907 3814 vel

324 3837 507 3891 Sancti
538 3837 865 3902 desiderant,
897 3842 976 3894 vel
1003 3859 1123 3912 quin
1147 3845 1352 3913 placeat
1399 3847 1526 3902 Deo.
1585 3849 1748 3904 Isaias
1773 3867 1910 3921 quo-

325 3942 432 3995 que
463 3927 514 3980 iu
545 3927 657 3982 hare
686 3929 844 3984 verba
881 3935 1175 3998 consentit,
1203 3935 1386 3991 dicens
1415 3954 1428 3991 :
1460 3937 1526 3991 Et
1567 3940 1661 3993 en't
1690 3941 1764 3994 uir
1791 3943 1909 3996 abs-

325 4018 545 4072 condens
584 4035 836 4076 sermones
864 4037 1002 4088 suos,
1026 4031 1070 4076 et
1090 4027 1352 4094 apparebit
1384 4027 1436 4080 in
1457 4037 1590 4082 terra
1617 4029 1765 4093 Sion,
1783 4033 1908 4086 sicut

325 4111 508 4178 ﬂuvius
527 4112 775 4184 gloriosus
793 4117 844 4169 in
865 4126 996 4169 terra
1013 4117 1199 4171 sitienti
1229 4117 1380 4190 (lsai.
1405 4119 1493 4176 5‘2.
1512 4119 1568 4176 2.
1591 4139 1688 4176 sec.
1710 4122 1905 4197 LXX).

326 4202 454 4268 Quae
474 4212 555 4256 est
581 4212 718 4258 terra
736 4204 883 4269 Sion,
909 4207 959 4260 iu
981 4223 1083 4276 qua
1100 4210 1377 4277 apparebit
1399 4211 1592 4266 fluvius
1608 4214 1910 4283 gloriosus?

326 4291 414 4345 illa
441 4292 708 4359 videlicet,
746 4297 812 4351 de
840 4312 943 4368 qua
977 4298 1113 4353 idem
1155 4301 1321 4356 David
1351 4303 1402 4357 in
1433 4305 1539 4360 alio
1582 4307 1789 4376 psalmo
1814 4324 1906 4364 ca-

325 4383 404 4437 nit
433 4401 445 4437 :
478 4383 712 4441 Gloriosa
741 4388 876 4442 dicta
902 4401 1018 4444 sunt
1047 4392 1112 4445 de
1140 4404 1203 4457 te,
1229 4395 1402 4450 civitas
1434 4395 1548 4453 Dei.
1580 4399 1643 4454 Et
1675 4401 1864 4456 iterum
1890 4421 1904 4458 :

325 4472 507 4543 Diligit
534 4476 779 4534 Dominus
822 4495 992 4552 portas
1017 4483 1167 4550 Sion,
1212 4503 1363 4554 super
1390 4493 1560 4545 omnia
1585 4491 1908 4550 tabernacula

286 4552 483 4617 'Jacob
525 4565 694 4638 (Psal.
742 4570 831 4626 86.
879 4574 980 4642 δ).
1037 4552 1298 4643 Numquid
1350 4579 1477 4636 istas
1527 4593 1708 4650 portas
1740 4586 1910 4656 diligit

329 4656 486 4717 Deus,
519 4673 650 4723 quas
680 4661 920 4716 videmus
958 4665 1009 4717 in
1053 4667 1261 4722 cineres
1286 4678 1341 4723 et
1385 4669 1592 4726 favillas
1630 4689 1748 4729 esse
1775 4693 1902 4730 rou-

325 4747 552 4799 versas?
575 4746 689 4800 Non
717 4749 837 4804 dico
877 4751 1244 4820 prudentibus,
1277 4761 1369 4811 sed
1399 4776 1464 4814 ne
1489 4762 1665 4815 stultis
1689 4765 1904 4831 quidem

325 4838 429 4893 hoc
459 4840 764 4908 persuaderi
793 4852 986 4911 potest.
1024 4843 1138 4913 Ego
1159 4847 1391 4903 arbitror
1415 4859 1469 4905 et
1497 4851 1646 4910 illud.
1679 4856 1818 4922 quod
1849 4857 1902 4910 in

322 4930 656 4998 sexagesimo
679 4941 868 5002 quarto
899 4933 1110 4988 Psalmo
1139 4935 1362 5004 legimus
1393 4960 1406 4994 ε
1453 4938 1676 4994 Visitasti
1696 4951 1898 5010 terrant,

321 5031 366 5072 et
387 5020 642 5074 incbriasti
676 5040 836 5080 eum):
861 5025 1210 5095 multiplicasti
1239 5029 1548 5100 locupletare
1579 5034 1741 5088 illaut.
1769 5035 1900 5090 Flu-

320 5113 428 5166 oius
500 5113 666 5185 969
740 5115 833 5170 Dei
851 5118 1068 5186 repletus
1086 5130 1157 5173 est
1173 5122 1316 5190 aquis
1345 5137 1364 5176 :
1385 5125 1578 5192 parasti
1596 5125 1764 5180 cibum
1780 5129 1900 5182 illo-

318 5219 454 5266 rum,
479 5207 716 5273 quoniam
741 5208 812 5261 sic
840 5219 912 5262 est
943 5213 1249 5280 prmparatio
1287 5214 1400 5286 ejus
1427 5231 1456 5270 ε·
1476 5217 1642 5270 sulcos
1668 5219 1782 5288 ejus
1813 5220 1896 5273 in-

320 5295 478 5359 ebria,
495 5283 786 5364 multiplica
813 5301 1070 5366 genimina
1094 5301 1233 5356 illius
1259 5319 1278 5358 :
1298 5283 1349 5356 in
1372 5307 1646 5362 stillicidiis
1671 5283 1781 5373 eius
1810 5311 1899 5364 Iat-

318 5383 509 5436 tabitur
535 5387 860 5454 germinans;
911 5389 1031 5444 lmic
1073 5393 1263 5446 sensui
1294 5399 1597 5452 convenire.
1634 5397 1726 5453 llla
1755 5401 1898 5455 enim

320 5483 464 5528 terra
493 5478 728 5546 quotidie
759 5478 1000 5532 visitatur
1028 5497 1056 5532 a
1089 5481 1216 5543 Deo,
1246 5493 1302 5536 ct
1329 5485 1638 5552 inebriatur,
1666 5490 1900 5546 cunctis-

319 5580 424 5635 que
452 5565 605 5636 plena
632 5578 714 5622 est
738 5567 957 5623 divitiis.
1003 5570 1078 5625 De
1112 5570 1210 5626 hac
1249 5572 1442 5630 lluvius
1469 5579 1740 5648 egreditur
1773 5582 1895 5647 Dei,

379 5698 808 5777 (c))tartiapaaus,
834 5715 944 5764 quae
960 5703 1147 5777 primus
1170 5706 1340 5767 Adam,
1367 5714 1418 5760 et
1441 5723 1548 5760 mox
1569 5711 1664 5762 imo
1685 5713 1899 5777 perdita,

312 5758 543 5823 referens
561 5763 622 5812 ad
645 5758 902 5823 bona,'non
925 5758 983 5813 ad
1007 5772 1205 5816 terram.

381 5820 448 5892 _(b)
480 5821 688 5892 ‘G_ra:cus
723 5820 890 5892 autem
926 5825 1172 5892 Malachize
1208 5837 1402 5892 textus,
1427 5842 1508 5884 aut
1540 5834 1782 5887 Heluius
1805 5852 1898 5888 non

315 5880 498 5932 habent
518 5883 568 5934 in
588 5893 738 5948 terra,
763 5886 851 5938 sed
873 5893 1006 5938 terra
1027 5889 1309 5954 simpliciter
1322 5880 1555 5948 iutilia:

1636 469 1956 526 EPIS'I‘OLA
1997 469 2230 525 CXXIX.

3477 475 3614 533 “03

2041 585 2108 636 de
2131 599 2236 654 quo
2261 585 2517 652 scriptum
2546 592 2630 641 est
2657 603 2671 640 :
2704 586 2958 642 Fluminis
2989 587 3205 656 impetus
3231 589 3456 659 lcti/icat
3481 591 3608 646 eisi-

2035 684 2122 726 ιαιο
2140 691 2188 727 m
2209 673 2304 728 Dei
2331 674 2500 744 (Psal.
2525 675 2614 731 45.
2643 675 2738 746 5);
2765 678 2856 746 qui
2883 687 2938 733 et
2962 679 3014 734 in
3045 678 3404 750 descriptione
3425 681 3611 752 templi

2039 766 2284 821 Ezechiel
2312 771 2534 838 mystico
2559 782 2807 824 sermone
2831 780 3074 826 narratur
3099 771 3117 841 (
3139 769 3329 827 Ezectt.
3368 773 3438 828 b7
3462 774 3482 843 )
3514 790 3529 828 :
3554 775 3608 827 io

2033 857 2187 923 cujus
2215 857 2346 926 ripis
2370 859 2590 912 arbores
2616 867 2760 923 sunt,
2783 875 2848 913 ex
2879 869 3101 930 utraque
3128 871 3277 932 parte
3303 877 3399 932 per
3422 863 3608 933 singu-

2037 947 2115 1000 los
2141 963 2353 1003 menses
2379 950 2529 1002 novis
2559 950 2794 1020 frugibus
2823 950 3176 1007 abundantes.
3222 953 3300 1008 De
3332 970 3433 1024 qua
3467 963 3608 1010 terra

2032 1049 2084 1092 et
2115 1039 2164 1092 in
2195 1039 2495 1094 Proverbiis
2523 1041 2605 1096 vir
2630 1041 2842 1110 scripsit
2865 1043 3292 1110 sapientissimus
3315 1063 3330 1100 :
3357 1043 3460 1113 Qui
3487 1063 3612 1114 ope-

2031 1137 2175 1179 ratur
2202 1137 2386 1182 terram
2407 1146 2574 1194 suam,
2605 1131 2896 1200 implebitur
2921 1132 3134 1201 panibus
3160 1134 3344 1203 (Prov.
3377 1135 3464 1190 12.
3494 1137 3605 1206 11).

2029 1215 2178 1282 Quod
2200 1218 2242 1270 si
2267 1216 2336 1271 de
2364 1217 2461 1272 hac
2487 1227 2807 1290 terraquam
2835 1221 3103 1277 cernimus
3121 1265 3138 1288 ,
3164 1233 3219 1279 et
3242 1241 3360 1294 qua:
3385 1227 3552 1298 magis
3577 1245 3606 1284 a

2030 1309 2397 1374 peccatoribus
2412 1311 2730 1377 possidetur,
2745 1313 2812 1367 de
2827 1330 2928 1382 qua
2945 1315 3195 1384 scriptum
3213 1325 3295 1371 est
3307 1334 3320 1370 :
3332 1317 3609 1374 Maledicta

2031 1407 2164 1449 terra
2191 1397 2242 1450 in
2269 1399 2505 1466 operibus
2532 1401 2630 1454 tuis
2656 1401 2818 1472 (Gen.
2849 1405 2902 1457 5.
2932 1405 2999 1460 17
3022 1405 3062 1474 ),
3090 1407 3283 1476 aliquis
3309 1409 3608 1478 intelligi-u-

2025 1486 2151 1540 dum
2177 1497 2356 1555 putat;
2385 1489 2708 1558 respondeat
2725 1493 2992 1562 quomodo
3010 1497 3176 1562 possit
3193 1497 3305 1551 hanc
3320 1507 3463 1553 stare
3483 1516 3600 1553 sett-

2027 1579 2187 1632 tentia
2212 1596 2225 1631 :
2251 1577 2350 1644 Qui
2385 1592 2624 1650 operatur
2649 1592 2833 1636 terram
2856 1601 3003 1637 suam
3036 1585 3326 1654 implebitur
3365 1591 3600 1658 panibus.

2024 1667 2218 1733 Quanti
2245 1667 2388 1722 enim
2417 1681 2706 1739 operantur
2732 1681 2948 1738 terram,
2981 1685 3031 1727 et
3059 1689 3312 1730 exercent
3343 1694 3560 1734 vomere
3589 1699 3600 1732 :

2025 1766 2077 1810 ct
2100 1767 2274 1811 tamen
2301 1758 2478 1812 multis
2501 1759 2913 1828 impedientibus
2937 1765 3112 1818 causis
3131 1805 3146 1828 ,
3171 1776 3406 1835 egestate
3431 1773 3600 1822 couti-

2023 1845 2235 1900 ciuutur
2278 1857 2334 1903 ct
2374 1849 2638 1918 penuria?
2681 1851 2786 1906 So-d
2830 1855 3294 1920 considerandum,
3331 1859 3600 1928 Srripmra

2021 1935 2147 2003 quid
2173 1935 2353 1991 dicat:
2385 1937 2485 2004 Qui
2528 1950 2767 2008 operatur
2808 1953 2994 1996 terram
3031 1963 3205 2012 suum,
3241 1965 3359 2016 qua:
3391 1954 3602 2020 proprie

2017 2024 2153 2094 juris
2181 2028 2262 2080 sui
2292 2037 2396 2092 est,
2421 2029 2489 2084 de
2512 2047 2614 2100 qua
2637 2047 2904 2102 nunquam
2927 2036 3045 2104 cjici
3072 2044 3247 2106 potest
3271 2056 3283 2091 :
3307 2044 3598 2096 secundum
3649 2047 3660 2071 ‘

2021 2130 2178 2183 quem
2204 2131 2421 2172 sensum
2442 2130 2495 2174 et
2523 2120 2652 2175 illud
2674 2123 2928 2192 scriptum
2949 2134 3035 2179 est
3057 2145 3070 2180 :
3096 2126 3397 2200 Redemptio
3415 2133 3601 2188 anima:

2020 2205 2114 2257 uiri
2137 2245 2152 2268 ,
2183 2209 2405 2275 propria:
2431 2209 2620 2266 divitia:
2648 2210 2829 2280 (Prov.
2854 2214 2942 2268 15.
2969 2215 3050 2284 8).
3087 2216 3155 2270 Et
3180 2217 3280 2273 hoc
3303 2225 3595 2276 seettudum

2022 2294 2452 2364 litteramsentiri
2481 2316 2584 2355 non
2611 2311 2802 2370 potest.
2857 2305 3048 2372 Quanti
3077 2307 3217 2362 enim
3249 2309 3436 2366 alienis
3463 2314 3599 2365 auti-

2018 2398 2311 2455 corumque
2340 2387 2674 2444 redimuntur
2696 2394 2971 2459 pecuniis?
2999 2396 3164 2466 Hujus
3188 2407 3342 2454 terra:
3362 2402 3597 2456 cultores

2019 2483 2074 2530 et
2097 2475 2363 2544 agricolae,
2395 2479 2634 2547 Apostoli
2675 2491 2818 2544 sunt,
2844 2484 3037 2552 quibus
3069 2486 3264 2567 dicitur
3295 2505 3309 2543 :
3350 2487 3448 2563 Vos
3476 2493 3596 2544 estis

2017 2565 2098 2618 sal
2117 2573 2264 2621 terra:
2293 2564 2504 2634 (Matth.
2533 2570 2588 2625 5.
2617 2569 2729 2639 15).
2762 2571 2828 2626 Et
2856 2574 2906 2627 in
2928 2575 3034 2628 alio
3065 2564 3184 2630 loco
3217 2595 3230 2630 :
3264 2577 3330 2632 In
3349 2581 3596 2650 patientia

2017 2665 2198 2719 uestra,
2224 2658 2542 2725 possidebitis
2571 2662 2770 2716 animos
2799 2673 2988 2717 vestras
3016 2665 3164 2730 (Luc.
3193 2667 3285 2723 2|.
3311 2671 3442 2739 l9):
3465 2689 3597 2740 quo~

2018 2760 2136 2798 rum
2159 2761 2314 2808 unus,
2339 2763 2430 2801 vas
2455 2749 2749 2813 electionis,
2767 2755 3222 2812 conlidi-tutissime
3243 2757 3595 2829 loquebatur?

2016 2833 2112 2889 Dei
2139 2837 2272 2890 enim
2293 2851 2640 2910 cooperatores
2661 2859 2854 2909 sumus,
2882 2843 2976 2898 Dei
2997 2848 3326 2915 agricultura,
3348 2850 3445 2906 Dei
3469 2855 3569 2906 tedi
3584 2881 3598 2893 -

2015 2926 2186 2994 ﬁcatio
2212 2930 2329 2984 estis
2358 2929 2432 3002 (l.
2457 2931 2574 2988 Cor.
2599 2933 2652 2988 5.
2685 2934 2740 3004 9)
2758 2937 2857 3000 ;,c't
2885 2938 3048 2992 multa
3075 2941 3174 2993 alia
3201 2982 3216 3006 ,
3247 2956 3366 3010 qua:
3393 2944 3592 3000 ideirco

2015 3031 2120 3070 ιιοιι
2152 3019 2372 3087 replico.
2402 3037 2470 3076 nc
2497 3039 2711 3077 sensum
2736 3025 2915 3080 videar
2940 3025 3165 3098 legentis
3189 3031 3505 3100 obtundere,
3538 3046 3595 3090 et

2014 3111 2286 3166 memoria:
2316 3113 2456 3168 illius
2477 3115 2739 3171 diffidere.

2086 3203 2120 3256 5
2171 3201 2306 3258 lllud
2333 3220 2545 3275 quoque
2574 3209 2802 3265 sollicita
2832 3221 3008 3268 mente
3035 3221 3344 3285 trademus,
3373 3227 3428 3276 et
3452 3219 3595 3276 Scri-

2013 3302 2286 3361 pturarum
2314 3309 2408 3350 uos
2428 3294 2617 3352 doceat
2644 3303 2949 3367 auctoritas,
2979 3316 3193 3361 sanctos
3221 3308 3378 3380 hujus
3406 3319 3584 3378 terror,

2012 3400 2168 3449 quam
2207 3383 2374 3439 Judaei
2422 3396 2615 3442 terram
2661 3394 3089 3460 repromissionis
3127 3407 3440 3465 autumant,
3484 3417 3588 3456 non

2013 3474 2338 3532 habitatores
2375 3494 2516 3544 esse,
2557 3481 2648 3536 sed
2692 3484 2901 3537 accolas
2941 3496 3100 3555 atque
3144 3491 3470 3560 peregrinos.
3515 3495 3590 3548 Ex

2007 3566 2135 3634 justi
2164 3569 2262 3622 viri
2294 3585 2514 3637 persona
2540 3573 2760 3641 lcgiums
2795 3593 2807 3628 :
2833 3577 3035 3630 Advena
3058 3595 3169 3630 sum
3193 3595 3284 3650 ego
3304 3591 3350 3636 et
3371 3586 3590 3652 peregri-

2013 3676 2130 3726 nus,
2162 3662 2289 3714 sicut
2324 3679 2493 3717 omnes
2520 3674 2691 3733 patres
2720 3670 2814 3719 mei
2843 3668 2862 3738 (
2888 3667 3030 3722 l’sal.
3055 3671 3144 3723 58.
3175 3671 3306 3743 15).
3337 3675 3436 3740 Qui
3467 3691 3587 3730 cum

2012 3750 2102 3805 diu
2132 3752 2183 3805 in
2206 3761 2362 3806 terra:
2385 3753 2538 3822 hujus
2567 3758 2800 3811 tenebris
2825 3769 3146 3822 versaretur,
3167 3760 3416 3818 flebiliter
3441 3764 3587 3835 iuge-

2013 3841 2189 3894 tniscit
2215 3851 2270 3895 et
2296 3842 2442 3905 dicit,
2484 3841 2591 3895 Ileu
2619 3861 2717 3907 me,
2739 3847 2855 3914 quia
2877 3848 3224 3917 peregrinatio.
3241 3867 3351 3904 mea
3377 3856 3556 3923 prolon
3579 3892 3588 3898 -

2013 3940 2132 3998 gata
2157 3939 2249 3995 est,
2279 3931 2498 3984 Itabittwi
2517 3949 2632 3986 cum
2703 3935 2868 4006 970
2939 3937 3281 3993 habitantibus
3303 3943 3487 4004 Cedar,
3512 3947 3585 4014 (c)

2014 4019 2225 4072 multant
2251 4019 2417 4074 incola
2439 4021 2533 4087 fuit
2556 4025 2726 4077 anima
2748 4042 2858 4078 mea
2885 4026 3054 4093 (,I’sal.
3087 4028 3207 4083 119.
3233 4031 3312 4100 5).
3343 4031 3590 4088 Ubicum-

2013 4125 2116 4180 que
2136 4123 2313 4164 autem
2337 4110 2597 4166 habitator
2619 4123 2772 4168 lCl‘l‘ﬂ.‘
2798 4117 3004 4183 legitur,
3023 4126 3077 4171 et
3100 4119 3294 4187 priora,
3318 4131 3366 4176 et
3393 4124 3586 4185 media.

2013 4210 2068 4254 et
2092 4211 2328 4255 extrema
2359 4210 2646 4257 tractemus
2668 4245 2681 4266 ,
2711 4215 2764 4258 et
2795 4207 2992 4275 liquido
3016 4209 3406 4278 Srripturarutn
3439 4225 3590 4282 pote-

2014 4290 2084 4344 rit
2112 4291 2291 4361 regula
2318 4293 2676 4360 comprobari,
2699 4311 2912 4366 semper
2935 4298 3260 4355 habitatores
3289 4310 3443 4356 terra:
3466 4320 3591 4373 pee-

2013 4391 2224 4436 catores
2262 4383 2558 4452 appellari:
2591 4385 2660 4440 de
2688 4387 2878 4454 quibus
2919 4388 2970 4440 iu
3013 4389 3328 4462 Apocalypsi
3371 4391 3591 4446 Joannis

2013 4473 2144 4528 illud
2174 4475 2477 4544 exempturo
2510 4486 2590 4531 est
2623 4496 2635 4531 :
2672 4477 2761 4532 Va:
2799 4480 3166 4535 habitatoribus
3205 4491 3354 4537 terra:
3381 4485 3398 4554 (
3425 4483 3584 4556 Apoc.

2013 4569 2068 4621 8.
2104 4568 2228 4638 15).
2271 4568 2542 4623 Abraham
2583 4569 2648 4622 ad
2683 4587 2839 4638 quem
2879 4574 3103 4640 primum
3130 4571 3266 4629 facta
3295 4585 3378 4629 est
3401 4591 3589 4646 reprov

2015 4657 2220 4721 missio,
2246 4657 2460 4711 dicente
2489 4660 2712 4712 Domino
2736 4680 2748 4711 ;
2779 4660 2891 4714 Tibi
2919 4663 3051 4716 dabo
3080 4672 3263 4717 terram
3293 4666 3424 4720 hanc
3445 4679 3492 4721 et
3511 4688 3591 4723 sc-

2013 4748 2136 4801 mini
2163 4757 2248 4800 tuo
2275 4746 2425 4817 (Gen.
2451 4749 2534 4802 12.
2560 4750 2639 4820 7).
2664 4750 2811 4818 juxta
2839 4752 3092 4821 Stephani
3117 4755 3272 4823 primi
3295 4758 3590 4815 ittChristo

2013 4837 2262 4905 martyris
2287 4836 2598 4891 concionem
2621 4880 2634 4903 ,
2665 4856 2730 4894 oe
2761 4843 3037 4903 vestigium
3067 4843 3283 4915 quidem
3311 4849 3462 4919 pedis
3488 4852 3591 4905 litt-

2005 4924 2096 4994 jus
2136 4933 2289 4980 terra:
2327 4926 2521 4982 dicitur
2555 4929 2847 4996 accepisse.
2890 4934 2961 4987 lta
2993 4935 3133 4989 enim
3171 4936 3428 5008 scriptum
3457 4953 3541 4998 est
3575 4964 3586 4995 :

2014 5014 2157 5068 Tunc
2176 5031 2402 5087 egressus
2420 5019 2482 5071 de
2499 5027 2634 5074 terra
2650 5021 3005 5077 Chaldaei-um
3023 5026 3264 5082 habitavit
3286 5030 3338 5083 in
3355 5029 3552 5085 Carrun
3577 5048 3592 5084 :

2009 5117 2054 5158 et
2091 5107 2211 5161 inde
2233 5149 2248 5172 ,
2287 5117 2551 5178 postquam
2581 5122 2806 5167 ntortuus
2831 5126 2901 5168 est
2925 5127 3070 5182 pater
3096 5118 3205 5187 ejus
3229 5161 3244 5185 ,
3272 5121 3505 5191 migravit
3535 5123 3587 5174 in

2009 5205 2212 5259 terram,
2243 5199 2295 5250 iu
2329 5214 2427 5268 qua
2465 5214 2551 5252 vos
2579 5217 2710 5253 nunc
2737 5203 2972 5258 habitatis
2997 5215 3212 5260 :et-non
3235 5207 3374 5262 dedit
3397 5210 3443 5262 ei
3471 5226 3588 5279 pos-

2007 5291 2300 5355 sessionem,
2323 5306 2386 5342 ne
2405 5292 2662 5361 vestigium
2683 5295 2886 5362 quidem
2907 5298 3048 5365 pedis
3068 5339 3080 5358 .
3107 5314 3262 5365 quam
3297 5301 3586 5367 repromisit

2008 5384 2132 5433 dare
2159 5381 2206 5437 ei
2244 5381 2299 5435 in
2328 5384 2722 5451 possessionem,
2751 5395 2797 5439 et
2821 5389 2999 5441 semini
3023 5391 3132 5459 ejus
3159 5399 3270 5454 post
3313 5407 3426 5444 eum
3447 5393 3584 5459 (Act.

2007 5473 2061 5525 7.
2089 5473 2142 5526 4.
2173 5483 2220 5526 et
2245 5474 2428 5544 δοίη).
2453 5475 2528 5530 Ac
2557 5491 2623 5530 ne
2655 5476 2872 5532 forsitan
2903 5480 3119 5532 lectoris
3147 5481 3301 5534 tacita
3333 5484 3586 5552 cogitatio

2009 5563 2184 5618 trahat
2211 5552 2333 5620 cuin
2357 5565 2422 5620 ad
2451 5566 2595 5620 illam
2625 5567 3047 5636 intelligentiam,
3077 5578 3133 5622 ut
3173 5573 3314 5640 quod
3359 5588 3464 5628 non
3506 5583 3591 5629 est

2068 5717 2474 5791 (c)Vetustiorern
2510 5718 2782 5791 lectionem.
2795 5720 3002 5791 exhibet
3032 5721 3238 5791 Regina:
3261 5726 3336 5777 his
3377 5729 3590 5791 peregri.

2005 5779 2135 5851 natio
2156 5794 2262 5851 mea
2285 5782 2420 5850 longe
2445 5781 2571 5851 facta
2594 5788 2688 5851 est,
2708 5782 2782 5828 cui
2807 5782 2912 5851 fore
2931 5779 3591 5851 @nCitlibAtguﬁlitttS,.illli

2010 5841 2133 5902 legit,
2167 5841 2438 5914 lmtginqutt
2459 5843 2587 5914 ﬂictu
2623 5849 2712 5900 cst,
2743 5852 2850 5914 tino
2877 5843 3101 5906 Vulgata,
3139 5841 3297 5898 inuia
3333 5849 3438 5914 fuit,
3469 5841 3593 5901 'ciiiu

2009 5901 2206 5951 esensis
2227 5901 2370 5951 a'utea
2395 5911 2444 5951 et
2461 5901 2716 5965 7!.lcrisque
2742 5903 2854 5955 Mss.
