4080 6340
354 580 389 621 s
425 563 652 621 meridie
687 561 851 618 maris
891 561 1189 617 Salinarum
1220 573 1317 629 per
1345 558 1597 637 (a)'Sina
1641 569 1695 615 et
1740 559 1941 615 Cades-

274 716 280 728 ,
356 655 555 719 Barne,
581 669 749 724 usque
767 652 836 708 ad
865 661 1155 707 torrentem
1183 649 1420 723 Egypti,
1442 651 1534 721 qui
1557 651 1706 720 juxta
1742 651 1942 704 Ithino-

355 762 606 802 coruram
628 747 760 800 mari
782 759 975 815 magno
996 743 1275 809 inﬂuit;et
1342 744 1506 816 973
1571 744 1642 797 ab
1663 743 1943 797 occidente

356 838 535 905 ipsum
554 820 731 901 mare,
750 834 894 905 quod
917 835 1236 900 Palmstinaa,
1259 834 1522 896 thnici,
1544 832 1717 905 Syria)
1735 831 1937 896 lees,

354 928 663 996 Ciliciaeque
683 924 765 1001 (b)
786 926 1146 997 protenditur;
1169 926 1238 981 ab
1256 927 1507 996 aquilone
1524 925 1763 980 Taurum
1789 940 1941 977 mon.

353 1029 463 1075 tem
485 1029 540 1074 et
563 1019 885 1091 Zephyrium
910 1032 1077 1088 usque
1102 1017 1318 1079 Emath,
1345 1032 1465 1087 quae
1484 1016 1789 1086 appellatur
1812 1015 1938 1084 Epi-

352 1110 548 1180 phania
589 1110 785 1182 Syriae;
825 1110 892 1165 ad
931 1110 1192 1164 orientem
1222 1123 1351 1163 vero
1392 1123 1488 1177 per
1513 1107 1853 1162 Antiochiam
1881 1115 1937 1160 et

348 1201 524 1256 lacum
561 1199 826 1257 Ceoereth
850 1242 865 1266 ,
887 1215 1009 1271 qua!
1046 1215 1188 1254 nunc
1225 1199 1486 1271 Tyberias
1523 1199 1843 1269 appellatur,
1881 1206 1937 1253 et

346 1292 637 1348 Iordanem
658 1335 675 1360 ,
705 1294 797 1363 qui
840 1293 975 1347 mari
1023 1290 1197 1347 influit
1232 1290 1577 1357 Salinarum,
1607 1290 1750 1360 quod
1792 1303 1936 1344 nunc

345 1384 626 1440 Mortuum‘
648 1384 844 1441 dieitur.
863 1401 890 1450 ',
910 1395 1061 1440 trans
1083 1384 1377 1440 Iordanem
1416 1393 1593 1439 autem
1620 1384 1848 1440 duarum
1878 1392 1935 1437 et

345 1476 513 1531 sends
541 1475 773 1531 tribuum
804 1476 1074 1545 possessio
1097 1485 1202 1543 est,
1232 1475 1419 1531 Ruben
1452 1484 1505 1530 et
1529 1474 1667 1540 Gad,
1695 1484 1750 1529 et
1776 1474 1935 1528 dimi-

344 1568 451 1622 dite
471 1567 640 1622 tribus
662 1567 922 1622 Manasse.
953 1567 1018 1621 Et
1038 1581 1138 1637 ego
1160 1563 1367 1620 fatebor
1390 1565 1507 1619 hzee
1532 1565 1624 1618 tibi
1651 1564 1932 1633 repromis-

343 1672 403 1713 sa
425 1699 441 1725 ,
470 1672 577 1713 non
607 1658 797 1713 tradita
822 1675 837 1710 :
861 1658 907 1712 si
932 1658 1289 1713 observasses.
1313 1654 1561 1710 mandata
1605 1654 1701 1708 Dei
1724 1694 1739 1717 ,
1783 1663 1837 1709 et
1875 1654 1928 1707 in

344 1750 627 1819 praceptis
655 1749 796 1803 illius
823 1747 1159 1803 ambulasses
1181 1763 1203 1812 ς
1228 1747 1274 1802 si
1304 1761 1409 1800 non
1437 1760 1536 1815 pro
1561 1745 1930 1815 omnipotente

344 1840 460 1895 Deo
478 1840 739 1894 coluisses
760 1837 1092 1909 Beelphegor
1110 1847 1164 1891 et
1192 1836 1265 1908 (c)
1292 1836 1518 1899 Baalim,
1551 1834 1854 1890 Beelzebub
1875 1843 1932 1889 et

340 1929 609 1994 Chamos;
638 1943 773 1998 quos
803 1929 926 1998 quia
969 1927 1250 1997 prmtulisti
1290 1927 1433 1991 Deo,
1460 1926 1639 1980 omnia
1677 1939 1797 1995 qua:
1836 1925 1927 1979 tibi

342 2020 606 2088 promissa
647 2021 895 2086 fuerant,
930 2017 1228 2088 perdidisti.
1271 2017 1337 2071 Et
1376 2016 1508 2070 mihi
1548 2017 1601 2070 in
1641 2016 1929 2086 Evangelio

342 2111 728 2180 promittuntur
754 2124 916 2179 regna
941 2110 1227 2171 caelorum,
1250 2123 1369 2177 quae
1396 2108 1817 2161 instrumentum
1839 2122 1929 2162 ve-

342 2212 427 2257 tus
444 2202 669 2255 omnino
686 2216 791 2255 non
814 2202 1073 2254 nominat.
1104 2199 1209 2254 Sed
1237 2199 1280 2251 si
1313 2214 1418 2256 non
1444 2196 1624 2251 fecero
1647 2215 1767 2268 quae
1792 2213 1928 2267 prie-

338 2302 495 2362 eepta
523 2303 668 2353 sunt,
693 2305 1028 2359 nequaquam
1052 2290 1157 2344 erit
1176 2288 1332 2358 culpa
1361 2289 1417 2342 in
1444 2288 1927 2357 promittente,sed

340 2384 396 2437 in
423 2399 511 2437 me
533 2384 626 2453 qui
665 2383 989 2451 promissum
1017 2382 1261 2451 accipere
1288 2396 1394 2435 non
1425 2382 1616 2434 merui.
1658 2379 1753 2436 Ubi
1780 2381 1924 2436 enim

342 2477 493 2545 optio
520 2473 837 2545 proponitur
859 2472 927 2528 ad
957 2473 1262 2544 eligendum
1283 2514 1299 2540 ,
1333 2473 1423 2544 qui
1457 2474 1671 2544 Operari
1701 2475 1882 2530 renuis
1902 2516 1925 2543 ,

339 2567 537 2622 frustra
565 2565 748 2634 cupias
776 2565 917 2636 quod
950 2565 1273 2633 promissum
1310 2572 1410 2619 est.
1437 2563 1580 2633 Lege
1615 2564 1807 2618 librum
1832 2565 1926 2622 .lo-‘

339 2671 438 2713 sue
460 2664 514 2711 et
536 2656 806 2721 iudicum,
836 2665 888 2710 et
907 2655 1120 2725 quantis
1145 2655 1543 2724 possessionum
1567 2655 1828 2723 angustiis
1848 2657 1924 2711 sis

338 2755 661 2814 coarctatus,
683 2746 970 2817 intelliges.
993 2746 1132 2813 Quid
1154 2746 1486 2802 diversarum
1509 2747 1719 2802 urbium
1742 2747 1925 2803 alieni-

336 2854 503 2912 genas
539 2854 993 2907 commemorem,
1029 2854 1165 2908 quos
1202 2839 1433 2910 populus
1467 2838 1775 2895 Iudaeorum
1816 2855 1931 2896 non

336 2931 505 3001 quivit
531 2930 801 2999 expellere
837 2928 905 2985 de
930 2929 1150 2986 urbibus
1172 2939 1228 2986 et
1251 2929 1468 2985 sedibus
1495 2932 1629 2995 suis,
1653 2945 1777 2984 cum
1807 2930 1920 3000 ipsa

335 3020 650 3090 metropolis
678 3029 763 3076 tua
795 3022 944 3091 prius
962 3020 1125 3076 .lebus
1143 3062 1158 3083 ,
1182 3027 1367 3090 postea
1397 3019 1575 3076 Salem
1596 3062 1610 3085 ,
1641 3021 1801 3076 tertio
1823 3020 1921 3077 Je-

335 3111 627 3185 rosolyma,
648 3121 703 3168 et
727 3128 871 3168 nunc
899 3112 1065 3177 Elia,
1093 3112 1371 3168 Jebuszeos
1398 3113 1672 3182 expellere
1698 3128 1806 3169 non
1832 3129 1925 3167 va-

335 3204 523 3269 luerit;
546 3203 641 3258 sed
662 3205 921 3260 manserit
938 3219 1060 3259 cum
1082 3204 1167 3259 eis
1183 3204 1235 3258 in
1257 3205 1569 3259 scandalum
1593 3207 1921 3274 exemplum-

336 3307 441 3364 que
470 3293 761 3349 vicinorum
787 3312 802 3350 :
837 3294 1099 3349 intantum
1131 3303 1189 3348 ut
1221 3294 1292 3349 ibi
1324 3292 1584 3364 templum
1614 3303 1760 3349 tuum
1790 3312 1917 3351 con-

335 3383 504 3438 ditum
549 3385 653 3450 sit,
688 3385 775 3439 ubi
814 3400 942 3440 area
983 3384 1129 3440 Orne
1170 3384 1335 3439 fuerit
1354 3386 1610 3452 Jebusaai,
1643 3395 1699 3441 et
1741 3387 1918 3457 ipsum

336 3475 591 3543 templum
621 3476 957 3544 septuaginta
980 3476 1203 3529 millium
1228 3475 1309 3546 (ά)
1332 3476 1675 3541 latomorum,
1698 3486 1753 3532 et
1772 3489 1920 3535 octo-

333 3567 478 3636 ginta
503 3566 725 3620 millium
742 3576 1039 3632 vectorum,
1055 3566 1158 3620 hoc
1173 3576 1276 3632 est,
1295 3577 1508 3622 centum
1531 3570 1923 3640 quinquaginta

335 3652 589 3721 millium,
607 3654 847 3724 exceptis
869 3655 1169 3723 pnepositis
1186 3668 1405 3723 operum
1420 3670 1565 3725 ,pra:
1582 3656 1921 3713 multitudine

334 3743 689 3799 habitantium
714 3754 888 3800 tecum
920 3744 1444 3811 incircumcisorum,
1474 3745 1554 3802 ab
1569 3746 1800 3801 ethnicis
1827 3762 1923 3802 ex-

335 3845 569 3891 tructum
582 3835 691 3890 sit.

406 3927 460 3980 6.
498 3925 607 3982 Nec
644 3925 747 3982 hoc
785 3925 906 3981 dico
945 3925 998 3980 in
1031 3926 1451 3997 suggillationem
1494 3936 1651 3983 terra:
1685 3927 1920 3997 ludam,

336 4027 396 4072 ut
438 4017 718 4072 haereticus
760 4017 1088 4088 sycophanta
1120 4017 1404 4083 mentitur;
1436 4026 1527 4073 aut
1553 4034 1659 4088 quo
1684 4020 1920 4075 auferam

334 4106 569 4163 historiae
595 4108 869 4163 veritatem
895 4148 912 4172 ,
938 4122 1058 4177 quae
1087 4106 1484 4162 fundamentum
1509 4117 1591 4162 est
1616 4107 1920 4180 intelligetu-

334 4201 422 4254 tize
443 4200 718 4270 spiritalis,
740 4200 831 4255 sed
855 4208 915 4254 ut
938 4200 1200 4255 decutiam
1226 4200 1566 4270 supercilium
1589 4199 1916 4271 Iudaeorum,

333 4290 420 4360 qui
467 4303 746 4362 synagoga:
783 4288 1089 4358 angustias,
1124 4289 1379 4346 Ecclesiae
1418 4289 1679 4346 latitudini
1723 4290 1919 4363 prwfe-

341 4391 485 4437 runt.
512 4381 568 4437 Si
594 4383 735 4438 enim
762 4382 1092 4438 occidentem
1123 4392 1323 4438 tantum
1348 4394 1643 4456 sequuntur
1711 4384 1877 4459 975

344 4473 572 4528 litteram
594 4514 610 4540 ,
637 4484 691 4529 et
719 4490 823 4529 non
849 4476 1090 4545 spiritum
1112 4476 1485 4543 vivificantem,
1504 4478 1786 4549 ostendant
1813 4489 1919 4536 ter-

331 4579 449 4618 ram
493 4565 921 4633 repromissionis
967 4566 1105 4622 laete
1150 4576 1205 4622 et
1247 4568 1408 4625 melle
1452 4580 1775 4625 manantem.
1822 4571 1918 4629 Sin

396 4718 471 4780 (ο)
489 4717 586 4788 §ic_
603 4717 800 4788 quidem
825 4719 1161 4788 editiacvMss.
1186 4727 1333 4788 atque
1355 4720 1628 4788 Eucherius
1650 4724 1758 4784 ipse
1796 4724 1922 4788 legit

611 4778 985 4849 emendandum.
1005 4778 1267 4849 contendit
1295 4780 1544 4849 Relandns
1582 4778 1750 4849 vocem
1769 4778 1883 4849 sine
1900 4821 1918 4849 ,

337 4848 390 4908 et
411 4840 641 4908 substitui
664 4838 764 4900 Sin,
790 4840 1040 4908 nee-enim
1059 4839 1295 4908 _Siua_buc
1319 4843 1552 4908 pertinet,
1578 4851 1631 4892 et
1662 4838 1919 4908 liquetSin

342 4900 609 4964 legendum
632 4912 744 4950 esse
764 4912 841 4964 ex.
854 4900 997 4950 Num.
1013 4901 1092 4964 54.
1106 4900 1272 4964 4.]ζεςο
1295 4900 1415 4951 vero
1436 4900 1596 4952 malim
1619 4900 1922 4959 substituen-

338 4962 454 5032 duin
474 4971 628 5032 serata
664 4975 748 5032 pro
767 4963 878 5032 sine
902 4976 967 5032 ex
982 4962 1166 5032 eodem
1185 4963 1548 5032 _Ntimerorum_
1561 4965 1693 5015 loco..
1708 4970 1749 5015 Α
1771 4977 1918 5032 meri-

331 5024 415 5085 die
440 5025 571 5074 enim
591 5024 737 5072 maris
749 5023 1016 5085 salsissimi,
1035 5024 1111 5072 vel
1129 5023 1391 5074 salinarum
1413 5039 1500 5085 per
1517 5025 1679 5075 Senna
1699 5035 1751 5077 et
1766 5028 1920 5080 lees

331 5083 881 5149 Barnegtransitur.getc.
908 5083 1117 5149 Consule
1132 5099 1368 5149 mappam.
1391 5083 1533 5149 Hier.
1562 5088 1732 5139 iisdem
1756 5093 1921 5142 verbis

332 5146 453 5215 in-c.
485 5146 567 5215 4:7,
605 5146 877 5215 Ezechielis
912 5147 1043 5196 hunc
1076 5146 1400 5215 Numerorum
1437 5147 1594 5197 locum
1632 5149 1914 5215 explicans,

339 5224 363 5253 α
382 5207 426 5256 Δ
459 5207 720 5258 solitudine
740 5208 826 5257 Sin
841 5245 855 5266 ,
877 5220 987 5318 (tum
1011 5214 1090 5258 est
1103 5209 1253 5272 juxta
1276 5208 1531 5260 Edom.....
1555 5225 1645 5273 per
1665 5207 1918 5265 ascensum

339 5270 631 5318 Scorpionis.
657 5277 712 5317 et
747 5282 837 5318 uer
858 5268 896 5318 S
918 5268 1062 5318 'NNA
1079 5308 1092 5318 .
1119 5277 1171 5318 et
1193 5270 1608 5318 Cades—Barne....
1634 5278 1918 5318 Imrvrmitnr

332 5270 631 5331 Scorpionis,
657 5277 712 5317 et
747 5282 837 5331 per
858 5268 1062 5331 SENNA
1079 5268 1171 5328 ,‘et
1193 5268 1608 5322 Cades—Barne..'..
1634 5278 1919 5331 pervcnitur

331 5329 575 5440 mu:
597 5329 867 5440 ﬂaminem
889 5329 1109 5395 Egypti,
1123 5332 1217 5395 qui.
1239 5333 1391 5396 juxta.
1416 5335 1591 5384 urbem
1621 5329 1917 5387 Rhinocoru-

389 5406 401 5439 ι
760 5426 772 5438 .
798 5407 823 5436 ι

332 5403 435 5440 ram
459 5404 575 5439 mari
599 5403 772 5440 ll'lllllll.
798 5407 823 5436 ι

398 5452 471 5513 (b)
503 5453 853 5519 Bonamaptea
876 5452 1118 5519 editorum
1142 5452 1404 5519 lectionem
1432 5456 1675 5519 depravat
1691 5459 1913 5512 Martian.

333 5511 512 5576 legens
537 5512 790 5576 Phwnicis,
812 5520 864 5563 et
884 5514 1200 5576 pertenditur.
1224 5511 1583 5569 Resarcitur'ex
1600 5526 1776 5571 nostris
1799 5522 1914 5573 Mss.

331 5577 431 5642 i_t_no
468 5577 615 5627 etiam
654 5587 718 5642 ex
754 5575 1068 5642 pluniacensi
1098 5576 1224 5640 apud
1262 5578 1509 5642 eumdem,
1550 5587 1604 5631 et
1640 5580 1831 5633 laudata
1853 5584 1914 5633 ad

336 5634 568 5710 Faustum
582 5635 830 5710 epistola.
841 5699 852 5710 .

396 5699 467 5820 Ec)
502 5699 720 5749 Veteres
736 5699 862 5771 editi
882 5700 1018 5748 Baal.
1046 5760 1057 5772 ο
1201 5761 1212 5772 .
1428 5763 1439 5774 _

419 5759 475 5819 d)
507 5758 752 5833 Numerus
771 5760 1007 5810 artificum
1044 5773 1092 5810 m
1110 5759 1356 5823 Scriptura
1373 5771 1519 5833 etiam
1538 5766 1776 5833 versionis
1794 5766 1915 5816 llic-

336 5828 441 5868 ron.
464 5827 659 5889 ponitur
691 5827 801 5872 vice
836 5834 1005 5889 versa,
1031 5835 1212 5885 nempe
1255 5828 1607 5889 gseptuaginla
1644 5827 1797 5875 millia
1824 5842 1911 5876 eo-

335 5889 441 5930 rum
463 5883 545 5945 qui
569 5895 719 5933 onera
744 5884 1015 5946 portabant,
1042 5889 1094 5935 et
1115 5883 1528 5947 octoginta'mill'ia
1553 5888 1861 5940 latomorum.
1890 5908 1912 5936 ρ

1697 446 2021 505 EPISTULA
2061 446 2297 507 CXXIX.

3493 456 3632 513 1106

2048 573 2225 613 autem
2278 575 2371 629 per
2424 563 2768 631 tropologiam
2817 564 3017 620 dictant
3078 575 3261 636 putant
3306 582 3402 636 pro
3448 584 3635 624 rerum

2047 650 2285 705 omnium
2350 651 2670 707 abundantia
2715 670 2732 706 :
2778 663 2832 710 et
2882 670 2980 710 nos
3035 667 3229 712 terram
3279 658 3631 713 confessionis

2047 748 2351 810 terramque
2396 742 2679 797 viventium
2708 784 2725 808 ,
2776 752 2932 801 terra:
2967 748 3205 815 veprium
3248 746 3623 816 pmlcremus.
3666 782 3675 817 ;

2043 828 2256 886 dicente
2293 832 2523 887 Domino
2557 833 2622 886 ad
2660 834 2873 902 Moysen
2907 835 2976 890 de
3011 836 3308 905 abici-tione
3336 820 3547 892 Israelis
3574 847 3630 893 et
3668 854 3673 860 ’

2043 923 2402 992 assumptione
2419 925 2688 995 gentium,
2722 925 2929 980 Dimitte
2952 944 3052 994 me,
3081 939 3133 982 ut
3161 930 3354 984 deleant
3381 929 3625 999 populum

2042 1011 2212 1074 istum.
2240 1024 2286 1067 et
2312 1016 2498 1084 faciant
2525 1024 2573 1068 te
2597 1016 2651 1069 in
2677 1028 2872 1087 gentem
2898 1033 3134 1087 magnam
3156 1018 3351 1089 (Exod.
3381 1019 3472 1076 32.
3508 1020 3622 1088 l0).

2042 1100 2108 1155 Et
2135 1102 2322 1158 eodem
2363 1104 2520 1162 Patre
2543 1106 2610 1161 ad
2638 1109 2800 1162 filium
2820 1150 2834 1173 ,
2870 1106 3084 1164 Postulo
3107 1127 3140 1162 a
3168 1127 3279 1176 me,
3307 1122 3354 1165 et
3379 1111 3509 1165 dabo
3537 1113 3626 1165 tibi

2039 1194 2385 1251 hereditatem
2413 1207 2573 1266 tuam,
2595 1209 2641 1254 et
2666 1203 3027 1267 possessionem
3053 1211 3192 1255 tuam
3217 1204 3454 1258 terminos
3481 1214 3627 1257 terra:

2038 1285 2218 1351 (Psal.
2243 1287 2299 1342 2.
2329 1288 2408 1359 8).
2441 1290 2506 1345 Et
2530 1275 2766 1360 apertius
2793 1308 2887 1364 per
2918 1294 3140 1358 Isaiam,
3172 1292 3366 1347 Parum
3397 1295 3484 1348 tibi
3508 1306 3581 1348 est
3611 1334 3626 1360 ,

2037 1388 2092 1430 ut
2119 1379 2190 1432 sis
2220 1395 2345 1448 puer
2371 1398 2510 1437 meus
2538 1382 2607 1436 ad
2631 1384 2949 1439 suscitandas
2974 1385 3132 1439 tribus
3157 1383 3318 1439 Iacob
3336 1426 3352 1449 ,
3381 1394 3426 1439 et
3458 1389 3585 1455 feces
3612 1425 3628 1444 ι

2036 1468 2120 1523 vel
2178 1471 2417 1540 reliquias
2473 1472 2640 1530 Israel
2679 1477 3075 1547 congregandos.
3116 1475 3251 1531 Dedi
3293 1487 3341 1531 te
3380 1477 3431 1530 in
3462 1475 3624 1530 lucem

2033 1563 2225 1616 cunctis
2264 1565 2492 1633 gentibus
2515 1606 2531 1629 ,
2563 1575 2618 1620 ut
2659 1568 2729 1620 sis
2756 1568 2979 1622 salvator
3025 1569 3272 1621 universa:
3304 1578 3450 1622 terra:
3472 1571 3488 1636 (
3513 1566 3622 1621 lsa.

2030 1650 2123 1711 .49.
2151 1650 2243 1722 6).
2278 1652 2357 1709 Ex
2382 1669 2484 1724 quo
2510 1657 2786 1726 perspicue
2813 1657 3212 1712 demonstratur
3230 1700 3246 1722 ,
3273 1657 3454 1710 omnia
3481 1656 3623 1710 illius

2036 1742 2213 1809 populi
2258 1743 2309 1797 in
2352 1744 2536 1799 umbra
2579 1754 2633 1801 et
2672 1756 2797 1818 typo
2821 1788 2836 1810 ,
2878 1756 2933 1800 et
2972 1747 3201 1817 imagine
3239 1747 3577 1816 praecessisse
3606 1788 3621 1809 .

2033 1829 2226 1898 scripta
2264 1841 2441 1887 autem
2479 1848 2600 1890 esse
2639 1850 2736 1905 pro
2774 1835 2963 1903 nobis,
3010 1836 3062 1890 in
3099 1850 3233 1906 quos
3271 1838 3406 1890 lines
3437 1834 3622 1890 saeculi

2032 1918 2405 1976 decurrerunt.
2476 1976 2485 1985 ,
3602 1920 3611 1929 ’

2103 2009 2156 2062 7.
2197 2009 2380 2076 Multa,
2410 2013 2615 2081 Iudaee,
2647 2017 2851 2071 scelera
2879 2016 3215 2084 commisisti,
3243 2015 3450 2070 cunctis
3475 2014 3617 2069 circa

2033 2111 2085 2155 te
2110 2103 2318 2158 serviin
2342 2108 2660 2163 nationibus.
2684 2107 2764 2164 0b
2783 2111 2922 2179 quod
2946 2108 3181 2164 factum?
3202 2110 3382 2178 utique
3403 2118 3620 2178 propter

2033 2191 2401 2249 idololatriam.
2447 2195 2686 2269 Cumque
2715 2199 2977 2256 servisses
3004 2199 3194 2255 crebro
3219 2240 3234 2265 ,
3263 2198 3515 2253 misertus
3544 2198 3620 2251 tui

2030 2291 2111 2336 est
2141 2281 2298 2349 Deus,
2331 2294 2385 2339 et
2414 2289 2557 2342 misit
2584 2288 2797 2344 Judices
2821 2298 2877 2344 et
2903 2290 3218 2353 salvatores,
3245 2288 3335 2360 qui
3365 2296 3417 2343 te
3442 2287 3511 2343 de
3537 2286 3617 2341 fa-

2030 2371 2230 2426 mulatu
2257 2373 2605 2432 Moabitarum
2631 2391 2684 2434 et
2710 2380 3156 2445 Ammonitarum,
3181 2378 3461 2435 Philistiim
3483 2392 3619 2449 quo-

2029 2479 2135 2534 que
2159 2474 2214 2520 et
2239 2466 2568 2525 diversarum
2593 2471 2827 2541 gentium
2853 2473 3166 2528 liberarunt.
3198 2471 3495 2528 Novissime
3518 2470 3619 2525 sub

2029 2555 2245 2623 regibus
2288 2556 2553 2614 offendisti
2603 2561 2767 2615 Deum
2792 2604 2809 2629 ,
2854 2571 2908 2618 et
2953 2564 3128 2616 omnis
3169 2570 3257 2616 tua
3303 2559 3574 2631 provincia
3599 2598 3616 2625 ,

2027 2655 2185 2715 gente
2209 2646 2279 2718 (c)
2307 2648 2624 2720 Babylonica
2653 2661 2913 2719 vastante,
2940 2654 3114 2710 deleta
3141 2663 3244 2708 est.
3272 2652 3378 2707 Per
3401 2660 3621 2721 septua-

2026 2739 2169 2809 ginta
2212 2754 2381 2794 annos
2422 2742 2600 2811 templi
2642 2743 2873 2798 solitudo
2905 2745 3213 2815 permansit.
3246 2743 3289 2797 Α
3319 2742 3460 2813 Cyro
3490 2752 3619 2809 rege

2028 2825 2309 2883 Persarum
2337 2838 2422 2885 est
2459 2831 2632 2886 laxata
2660 2835 2958 2903 captivitas.
2995 2835 3194 2891 Esdras
3225 2832 3329 2887 hoc
3355 2840 3410 2888 et
3437 2830 3616 2886 Nehe-

2027 2917 2162 2972 mias
2206 2918 2507 2988 planissime
2549 2922 2804 2979 referunt.
2846 2925 3189 2980 Exstructum
3226 2930 3310 2978 est
3355 2920 3611 2991 templum

2026 3009 2127 3062 sub
2152 3008 2310 3064 Dario
2333 3025 2457 3082 rege
2481 3012 2761 3070 Persarum
2789 3026 2949 3087 atque
2972 3016 3240 3072 Medorum
3268 3031 3298 3070 a
3319 3012 3616 3068 Zorohabel

2028 3096 2136 3151 filio
2163 3098 2414 3157 Salatbiel
2432 3144 2446 3169 ,
2476 3111 2530 3158 et
2551 3103 2677 3159 Jesu
2709 3106 2817 3161 filio
2841 3107 3066 3163 .losedec
3094 3106 3371 3162 sacerdote
3397 3119 3613 3175 magno.

2025 3186 2156 3254 Quae
2183 3191 2325 3258 passi
2352 3193 2469 3247 sitis
2491 3208 2520 3247 a
2548 3193 2737 3262 Medis,
2764 3195 3059 3270 Egyptiis,
3087 3197 3569 3267 Macedonibusque
3594 3237 3610 3262 ,

2026 3291 2133 3331 non
2157 3292 2432 3336 enumera.
2464 3282 2571 3339 Nec
2597 3284 2689 3339 tibi
2716 3286 2976 3343 adducam
3008 3287 3060 3343 in
3090 3289 3400 3344 memoriam
3428 3288 3615 3342 Antio-

2025 3370 2182 3426 chum
2204 3372 2969 3442 Epiplianemcrudelissimum
2988 3383 3224 3437 omnium
3243 3389 3610 3452 tyrannorum,

2026 3475 2124 3515 nec
2160 3460 2262 3515 Gn.
2305 3463 2614 3533 Pompeium
2642 3508 2657 3532 ,
2685 3467 2965 3525 Gabinium
2990 3513 3005 3535 ,
3040 3472 3301 3527 Scaurum
3328 3513 3344 3537 ,
3379 3471 3611 3536 Varum,

2023 3553 2266 3608 Cassium
2292 3596 2321 3621 ,,
2348 3556 2666 3628 Snsiumqne
2706 3563 2972 3630 replicabo
2999 3604 3015 3631 ,
3051 3566 3139 3633 qui
3181 3565 3282 3618 tuis
3312 3564 3531 3619 urbibus
3560 3577 3617 3617 et

2026 3645 2290 3714 praecipue
2318 3646 2667 3717 Jerosolynue
2711 3649 3049 3706 insultavere.
3081 3652 3162 3707 Ad
3191 3660 3488 3710 extremum
3514 3654 3615 3707 sub

2026 3731 2355 3803 Vespasiano
2384 3746 2438 3790 et
2467 3737 2587 3792 'l‘ito
2617 3740 2743 3796 urbs
2775 3752 2924 3813 capta
2950 3786 2966 3811 ,
2998 3747 3360 3816 templumque
3388 3745 3609 3800 subvcr.

2025 3841 2153 3879 sum
2169 3835 2271 3879 est.
2307 3826 2504 3883 Deinde
2528 3830 2756 3886 civitatis
2783 3850 2947 3903 usque
2972 3834 3036 3890 ad
3069 3834 3389 3890 Hadrianum
3420 3835 3615 3906 princi-

2028 3931 2146 3985 pem
2176 3930 2271 3985 per
2303 3917 2679 3990 quinquaginta
2715 3938 2885 3979 annos
2920 3940 3163 3981 mansere
3189 3927 3445 3997 reliquiae.
3487 3926 3615 3980 Post

2025 4013 2357 4067 eversionem
2400 4013 2604 4088 Templi
2652 4019 2807 4087 paulo
2846 4021 3021 4075 mimis
3065 4038 3160 4092 per
3196 4021 3612 4093 quadringentos

2023 4107 2188 4179 975
2263 4121 2435 4162 annos
2484 4119 2536 4175 et
2592 4111 2735 4165 urbis
2767 4122 2819 4167 et
2865 4115 3043 4186 templi
3077 4117 3243 4171 ruina:
3271 4124 3609 4186 permanent.

2025 4196 2105 4252 0b
2140 4196 2282 4268 quod
2314 4204 2514 4254 tantum
2557 4200 2802 4256 facinus?
2829 4203 2988 4261 Certe
3017 4224 3120 4261 non
3147 4207 3277 4262 colis
3307 4205 3444 4261 idola
3465 4247 3482 4274 ,
3513 4205 3610 4261 scd

2024 4290 2183 4345 etiam
2223 4291 2462 4346 serviens
2492 4293 2669 4350 Persis
2697 4306 2855 4366 atque
2884 4296 3136 4352 Romanis
3159 4339 3175 4363 ,
3207 4306 3261 4353 ct
3290 4296 3615 4368 captivitatis

2024 4396 2241 4452 pressus
2261 4381 2410 4454 jugo,
2435 4385 2649 4456 ignoras
2675 4387 2882 4443 alienos
2903 4389 3054 4445 deos.
3083 4390 3360 4458 Quomodo
3378 4390 3614 4446 clemen-

2027 4473 2261 4529 tissimus
2281 4475 2546 4545 qnondam
2576 4478 2735 4542 Deus,
2759 4480 2848 4548 qui
2878 4496 3144 4550 nunquam
3173 4480 3246 4534 tui
3269 4480 3462 4535 oblitus
3489 4489 3567 4536 est
3596 4499 3610 4534 :

2025 4580 2167 4618 nunc
2190 4581 2282 4631 per
2306 4576 2448 4620 tanta
2474 4572 2641 4637 spatia
2667 4576 2964 4635 temporum
2991 4571 3220 4626 miseriis
3260 4572 3360 4625 tuis
3382 4587 3486 4626 non
3513 4571 3611 4628 ad-

2024 4654 2252 4719 ducitur,
2270 4666 2326 4709 ut
2351 4657 2522 4710 solvat
2548 4657 3005 4725 captivitatem,ct
3034 4669 3090 4714 ut
3114 4660 3290 4715 verius
3315 4661 3616 4731 dicam,ex-

2028 4754 2294 4815 pectatum
2319 4746 2408 4801 tibi
2434 4749 2611 4801 mittat
2629 4747 3051 4805 Anticliristum?
3071 4749 3152 4807 Ob
3184 4749 3348 4822 quod,
3373 4753 3612 4825 inquam,
3648 4750 3653 4759 ’

2025 4836 2228 4891 facimus
2252 4878 2266 4898 .
2295 4847 2349 4891 et
2387 4847 2491 4890 tam
2528 4838 2829 4894 execrabile
2868 4842 3049 4897 scelus
3073 4842 3265 4898 avertit
3288 4858 3317 4897 a
3349 4851 3402 4899 te
3429 4846 3614 4901 oculos

2024 4928 2189 4984 suos?
2236 4929 2487 4998 Ignoras?
2530 4929 2798 4985 Memento
2842 4933 2986 4986 vocis
3033 4943 3312 5002 parentum
3357 4943 3610 5004 tuorum,

2027 5019 2249 5088 Sanguis
2273 5019 2382 5088 ejus
2409 5036 2559 5089 super
2589 5036 2679 5072 nos
2703 5060 2715 5081 ,
2746 5030 2790 5074 et
2816 5037 2969 5090 super
2994 5024 3129 5091 ﬁlios
3155 5035 3354 5081 nostros
3379 5027 3397 5097 (
3422 5027 3611 5081 Matth.

2021 5109 2108 5163 ‘27.
2144 5110 2260 5177 ‘25).
2299 5111 2384 5174 lit,
2427 5109 2600 5164 i'cnite
2625 5112 2910 5165 occiduntur
2936 5130 3077 5177 eum,
3110 5127 3157 5170 el
3187 5126 3359 5170 nostra
3386 5120 3479 5171 erit
3509 5118 3614 5173 qu-

2023 5203 2211 5255 reditus
2243 5200 2260 5270 (
2286 5199 2421 5253 Ibid.
2460 5201 2552 5256 21.
2588 5202 2681 5271 8).
2730 5202 2787 5256 Et
2813 5245 2827 5268 ,
2858 5221 2958 5260 non
3003 5207 3240 5261 [tabernas
3278 5225 3441 5278 regem
3467 5250 3482 5275 ,
3512 5211 3613 5263 nisi

2021 5289 2269 5345 Cursarem
2298 5292 2314 5361 (
2339 5288 2494 5344 Joun.
2528 5293 2614 5347 l9.
2652 5294 2716 5348 l5
2737 5304 2778 5362 ).
2812 5294 2986 5349 llahes
3015 5299 3152 5365 ηιιοΙ
3181 5297 3408 5364 eicgisti,
3442 5315 3610 5370 usque

2021 5382 2089 5435 ad
2119 5380 2276 5437 finem
2310 5383 2488 5438 mundi
2519 5385 2816 5440 serviturus
2836 5403 2894 5441 es
2924 5388 3142 5451 Gmsari,
3174 5387 3345 5443 donec
3367 5391 3603 5460 gentium
3658 5408 3665 5419 '

2023 5475 2249 5530 introeat
2279 5477 2552 5545 plenitudo
2576 5520 2588 5540 ,
2616 5488 2670 5533 et
2694 5478 2771 5532 sic
2800 5479 2974 5531 omnis
3004 5478 3161 5532 Israel
3188 5479 3364 5532 salvus
3392 5482 3483 5537 ﬁat
3506 5524 3522 5549 ,
3553 5492 3611 5539 ttt

2020 5566 2109 5638 qui
2137 5566 2402 5637 quondam
2430 5579 2542 5622 erat
2575 5569 2633 5622 in.
2653 5568 2845 5635 capite,
2875 5578 3109 5622 vertatur
3139 5569 3190 5622 in
3217 5571 3462 5627 caudam.

2091 5658 2145 5714 8.
2187 5659 2310 5714 [11cc
2337 5660 2450 5723 tibi,
2480 5661 2557 5710 vir
2576 5658 3028 5727 eloquentissime,
3054 5658 3105 5712 in
3127 5659 3196 5729 (Γ)
3212 5658 3436 5728 duplicis
3467 5664 3610 5719 Prae-

2084 5770 2153 5828 (ε)
2188 5768 2415 5836 Quaedam
2440 5774 2633 5817 vetusta
2673 5764 2891 5828 exempl.
2916 5770 3042 5829 apud
3067 5767 3207 5819 Mart.
3233 5769 3495 5834 Babylonio
3518 5788 3608 5836 pro

2016 5826 2153 5892 gente
2192 5826 2492 5891 nummum.

2083 5892 2156 5952 (Γ)
2192 5886 2484 5952 Bis'nempe
2512 5890 2659 5952 Prwf.
2696 5886 2924 5939 Pt'tl’lOt‘lO
2945 5887 3213 5941 Galliarum
3236 5889 3344 5944 fuit.
3368 5893 3430 5945 ist
3454 5909 3610 5958 pinna
