4080 6340
547 351 682 403 H07

541 460 755 514 factura:
781 458 982 514 honore
1006 467 1294 525 transacto,
1313 458 1526 514 nuncin
1546 459 1759 515 Christ-1
1783 460 2115 522 honoratior.

539 550 880 604 tumultuaria
905 559 960 604 et
987 549 1135 604 brevi
1164 549 1526 606 lucubratione
1553 550 1787 620 dictavi,
1820 568 1887 608 ne
1910 552 2122 607 viderer

539 640 758 694 omnino
795 641 1038 694 reticere.
1078 639 1281 694 Eodem
1309 639 1450 694 enim
1483 648 1724 710 tempore
1747 681 1763 708 ,
1794 642 1900 695 imo
1928 642 2118 695 eodem

487 787 492 791 ,
538 729 668 784 mihi
695 728 785 783 die
806 771 821 793 ,
851 738 902 784 et
933 729 1121 784 litterae
1149 737 1253 783 tute
1276 729 1497 784 redditae
1521 739 1664 796 sunt,
1693 739 1908 786 et'meae
1935 731 2009 800 (a)
2027 746 2118 783 ex-

537 819 737 888 petitae,
770 827 937 872 utaut
968 819 1244 875 tacendum
1277 819 1466 886 fuerit,
1494 828 1585 874 aut
1613 821 1881 890 incompte
1904 821 2118 888 eloquio

537 907 966 975 respondendum
1009 926 1021 958 :
1059 923 1284 978 quorum
1329 909 1553 964 alterum
1595 909 1849 979 pudoris,
1889 909 2114 964 alterum

536 997 774 1051 caritatis
798 1009 899 1052 est.

985 1107 1313 1164 EPISTULA
1351 1107 1545 1164 cxxx
1568 1108 1666 1180 (υ).

1059 1222 1140 1274 An
1180 1219 1584 1273 DEIETRIADEII.

976 1330 1056 1384 De
1082 1330 1327 1384 servanda
1366 1328 1684 1400 Virginitate.

533 1442 735 1496 Laudat
764 1443 1131 1498 Demetriadem
1167 1442 1437 1512 Virginem,
1461 1440 1688 1496 Iuliana!
1712 1443 1892 1510 ﬁliam,
1919 1451 2118 1513 neptem

607 1527 791 1581 Probat
812 1568 827 1592 ,
853 1527 990 1596 quod
1014 1543 1067 1580 se
1093 1525 1290 1579 Christo
1316 1525 1654 1590 consecrarit;
1685 1525 1891 1578 hortans
1919 1535 1975 1578 ut
2001 1540 2116 1595 per-

602 1629 820 1683 sereret,
849 1627 1002 1687 atque
1024 1618 1193 1671 statim
1217 1617 1342 1670 obsit
1366 1617 1678 1670 instinctibus
1705 1615 1894 1670 diaboli
1918 1617 2114 1671 sollici-

603 1711 756 1764 tantis
781 1712 848 1762 ad
873 1710 1061 1778 turpia.
1091 1707 1168 1763 De
1191 1709 1380 1772 studio,
1409 1709 1471 1762 de
1489 1710 1708 1778 jejunio,
1730 1709 1793 1762 de
1811 1709 2110 1776 obedientia,

601 1800 665 1853 de
692 1799 948 1869 fugiendis
962 1799 1096 1870 jocis
1117 1839 1132 1863 ,
1159 1799 1451 1867 caeterisque
1474 1799 1643 1866 rebus,
1672 1813 1787 1869 qtae
1812 1799 1880 1852 ad
1905 1800 2114 1870 virginis

602 1892 884 1944 institutum
913 1891 1159 1960 pertinent
1183 1931 1199 1956 ,
1233 1890 1478 1960 prwcipit.

602 1983 654 2034 l.
708 1979 847 2035 Inter
890 1987 1078 2035 omnes
1119 1981 1407 2049 materias,
1461 1996 1592 2051 quas
1639 1983 1707 2036 ab
1754 1982 2111 2038 adolescentia

529 2085 699 2141 usque
727 2069 791 2124 ad
819 2071 954 2125 hanc
978 2079 1210 2135 aetatem,
1236 2071 1318 2124 vel
1349 2086 1485 2137 mea,
1522 2073 1600 2125 vel
1632 2073 1957 2127 notariorum
1987 2075 2113 2128 scri-

530 2161 612 2229 psi
682 2160 848 2232 976
918 2176 1119 2226 manu,
1166 2161 1294 2215 nihil
1336 2163 1581 2230 przesenti
1619 2179 1783 2232 apere
1823 2163 2108 2220 difficilius.

528 2251 835 2317 Scripturus
870 2253 1012 2307 enim
1051 2255 1117 2306 ad
1160 2252 1554 2308 Demetriadem
1585 2255 1840 2324 virginem
1870 2255 2067 2312 Christi
2093 2300 2108 2326 ,

527 2357 646 2410 quae
669 2350 725 2396 et
748 2341 1021 2396 nobilitate
1050 2351 1102 2396 et
1127 2342 1345 2409 divitiis,
1377 2343 1543 2411 prima
1572 2352 1653 2398 est
1683 2345 1735 2397 in
1763 2345 1891 2398 orbe
1919 2345 2110 2399 Itoma-

528 2448 600 2488 no
618 2475 632 2498 ,
665 2434 708 2487 si
737 2443 926 2489 cuncta
956 2433 1237 2486 virtutibus
1260 2433 1376 2502 ejus
1401 2448 1631 2502 congrua
1656 2435 1841 2489 dixero
1863 2475 1878 2501 ,
1906 2436 2108 2492 adulari

525 2523 794 2592 putabor:
822 2525 866 2578 si
896 2523 1137 2594 quzedam
1177 2522 1491 2578 subtraxero
1511 2564 1528 2589 ,
1558 2539 1624 2579 ne
1662 2523 1988 2578 incredibilia
2023 2527 2104 2579 vi-

525 2613 772 2681 deantur,
789 2613 1038 2668 damnum
1062 2612 1304 2668 laudibus
1319 2613 1434 2683 ejus
1451 2629 1566 2669 mea
1585 2615 1740 2669 faciet
1760 2613 2107 2673 verecundia.

525 2702 662 2769 Quid
685 2703 842 2773 igitur
861 2702 1048 2758 faciam
1065 2703 1089 2756 τ
1109 2701 1257 2770 Quod
1283 2702 1503 2772 implere
1527 2719 1629 2756 non
1655 2717 1890 2772 possum,
1916 2719 2109 2774 negare

524 2807 634 2847 non
662 2795 834 2850 audeo
861 2811 876 2848 :
905 2801 1048 2847 tanta
1077 2801 1160 2847 est
1187 2792 1317 2845 avia:
1347 2793 1464 2860 ejus
1493 2801 1547 2846 et
1572 2791 1754 2845 matris
1777 2832 1793 2857 ,
1823 2792 2106 2862 insignium

522 2884 842 2939 lenunarum
864 2926 878 2948 ,
909 2884 960 2937 in
984 2881 1219 2953 jubendo
1247 2881 1531 2934 auctoritas
1551 2921 1567 2945 ,
1593 2880 1646 2935 in
1675 2879 1903 2949 petendo
1928 2881 2065 2938 lides
2086 2925 2103 2951 ,

523 2975 578 3029 in
606 2974 971 3045 extorquendo
1000 2971 1409 3041 perseverantia.
1440 2968 1620 3040 Neque
1649 2969 1790 3025 enim
1821 2979 1880 3024 ut
1909 2987 2103 3029 novum

523 3073 582 3120 et
609 3067 930 3134 praecipuum
954 3062 1202 3132 quiddam
1222 3075 1252 3114 a
1275 3073 1360 3114 me
1380 3058 1642 3127 ﬂagitant,
1664 3062 1815 3129 cujus
1835 3062 2104 3130 ingenium

523 3157 580 3210 in
621 3154 982 3224 hujuscemodi
1028 3150 1262 3205 materiis
1298 3163 1441 3220 saepe
1478 3149 1728 3204 detritum
1756 3159 1837 3204 est
1867 3167 1882 3204 :
1912 3152 2006 3206 sed
2037 3169 2105 3209 ne

521 3247 668 3300 vocis
693 3259 845 3307 mem,
876 3255 971 3310 pro
998 3240 1129 3292 virili
1161 3248 1330 3306 parte,
1359 3237 1497 3292 desit
1523 3238 1880 3293 testimonium
1908 3240 1962 3298 in
1987 3243 2102 3311 ejus

522 3335 805 3387 virtutibus
837 3328 1166 3397 explicandis
1189 3368 1204 3392 ,
1240 3327 1389 3395 cujus
1418 3335 1476 3380 ut
1511 3327 1693 3398 inclyti
1729 3330 1953 3383 oratoris
1985 3340 2103 3386 utar

520 3422 784 3478 sententia
811 3461 826 3482 ,
854 3422 924 3489 (c)
954 3419 1085 3485 Spes
1130 3417 1295 3486 magis
1339 3415 1596 3481 laudanda
1643 3428 1762 3485 est,
1791 3433 1949 3490 quam
1990 3437 2099 3478 res.

521 3513 833 3580 Quanquam
879 3509 1135 3576 puellares
1161 3520 1330 3559 annos
1359 3505 1480 3559 ﬁdei
1505 3505 1697 3562 ardore
1723 3512 2018 3578 superarit;
2048 3523 2104 3570 et

519 3601 645 3658 inde
669 3597 1068 3668 coeperit,'nmle
1086 3596 1218 3650 alias
1241 3594 1467 3663 desisse,
1494 3593 1741 3665 perfectas
1765 3612 2102 3656 consumma-

523 3703 694 3760 tteque
721 3687 925 3742 virtutis
951 3696 1053 3741 est.

591 3782 646 3834 9..
692 3781 879 3834 Procul
904 3777 994 3850 [:il.
1019 3779 1081 3830 sit
1105 3773 1303 3847 procul]
1324 3774 1640 3832 obtrectatio
1670 3795 1683 3831 :
1714 3778 1937 3835 facessat
1967 3781 2100 3837 invi-

519 3873 625 3925 dia.
649 3871 856 3924 Nullum
881 3869 930 3922 in
951 3865 1238 3920 ambitione
1257 3866 1327 3920 sit
1345 3865 1568 3920 crimen.
1594 3866 1760 3936 Ignoti
1781 3869 1844 3924 ad
1867 3871 2100 3940 ignotam

519 3965 822 4028 scribimus,
839 3960 1112 4015 dumtaxat
1124 3958 1271 4027 juxta
1287 3957 1470 4010 faciem
1487 3959 1840 4026 corporalem.
1852 3961 2100 4033 Alioquin

519 4054 742 4111 interior
760 4053 940 4116 homo,
957 4049 1172 4120 pulchre
1187 4046 1287 4102 sibi
1303 4047 1545 4116 cognitus
1560 4059 1642 4102 est
1662 4049 1747 4103 illa
1770 4053 1977 4120 notitia,
1996 4069 2100 4123 qua

521 4156 575 4198 et
595 4144 785 4198 Paulus
807 4141 1080 4212 apostolus
1093 4136 1438 4193 Colossenses
1451 4136 1751 4208 multosque
1764 4143 2095 4198 credentium

520 4241 764 4299 noverat,
785 4247 918 4302 quos
944 4241 1067 4284 ante
1093 4243 1198 4282 non
1222 4223 1444 4281 viderat.
1469 4227 1734 4294 Quantum
1757 4235 1826 4288 slt
1847 4234 1984 4306 apud
2009 4252 2099 4292 me

520 4327 790 4397 meritum,
819 4325 924 4378 imo
951 4320 1262 4376 miraculum
1288 4320 1505 4388 virginis
1530 4331 1745 4388 nostras,
1774 4324 1898 4380 hinc
1925 4338 2098 4396 potest

519 4415 810 4481 :estimari,
859 4413 998 4484 quod
1045 4418 1331 4479 occupatus
1382 4409 1433 4462 in
1471 4409 1850 4478 explanatione
1893 4415 2097 4488 Templi

440 4508 448 4517 '
518 4505 838 4568 Ezechielis,
871 4503 1010 4574 quod
1035 4517 1166 4571 opus
1195 4500 1249 4554 in
1280 4499 1524 4554 omnibus
1549 4499 1838 4572 Scripturis
1862 4509 2097 4576 sanctis,

521 4593 602 4651 vel
633 4594 1002 4649 dil’ticillinunu
1041 4600 1125 4646 cst
1147 4608 1159 4644 :
1185 4599 1240 4646 ct
1278 4591 1331 4643 in
1365 4604 1427 4644 ea
1469 4601 1615 4661 parte
1651 4593 1874 4663 delubri,
1911 4597 1964 4651 in
1997 4614 2100 4669 qua

519 4690 713 4743 Sancta
740 4697 1067 4750 sanctorum,
1096 4693 1150 4739 et
1176 4684 1532 4754 thymiamatis
1555 4684 1724 4742 altare
1751 4687 2098 4760 describitur,

522 4781 680 4833 malui
703 4793 990 4847 parumper
1013 4777 1084 4830 uti
1103 4776 1203 4829 hoc
1219 4774 1552 4841 diverticulo,
1577 4784 1634 4830 ut
1657 4775 1725 4832 de
1747 4778 1900 4834 altari
1929 4791 2101 4836 trans-

523 4871 654 4924 irem
690 4867 756 4922 ad
798 4869 982 4932 altare,
1012 4878 1063 4921 ct
1092 4866 1315 4920 hostiam
1341 4865 1534 4932 vivam,
1562 4869 1856 4936 placentem
1886 4869 2014 4937 Deo,
2039 4886 2101 4927 ac

523 4959 638 5013 sine
661 4957 766 5012 ulla
789 4957 1013 5021 macula,
1039 4966 1251 5010 :etcrnac
1274 4953 1540 5024 pudicitiae
1560 4972 1951 5016 consecrarem.
1977 4962 2102 5018 Scio

523 5143 722 5207 quidem
759 5138 1052 5207 Praefectura
1067 5140 1351 5207 “inﬁgunth
1390 5140 1555 5207 incidit
1576 5142 1687 5207 499.
1724 5149 1784 5207 ut
1802 5145 1987 5207 Optime
2009 5145 2104 5194 Go-

523 5200 777 5254 thofredus
809 5214 874 5250 ex
899 5200 1035 5264 Lege
1050 5200 1257 5264 CLXXI.
1281 5203 1380 5264 Il‘it.
1423 5205 1468 5252 l.
1503 5203 1568 5251 de
1591 5200 1967 5253 Centuriotnibus
1992 5220 2006 5264 ;
2030 5207 2100 5254 al-

525 5277 630 5316 tera
658 5278 775 5314 vero
808 5268 856 5311 in
880 5275 959 5311 an.
986 5263 1091 5311 415.
1121 5272 1180 5326 ut
1197 5277 1259 5310 ex
1283 5263 1628 5325 Olympiodoro
1649 5266 1772 5326 apud
1797 5263 2026 5314 Photium
2054 5271 2102 5317 in

525 5326 861 5390 gest'sA_hu_ius
891 5327 1030 5390 anni,
1071 5332 1122 5373 et
1145 5323 1586 5390 'l'ironis’f’roslieri
1608 5323 1858 5390 Chronico
1895 5331 2101 5390 eruitur.

525 5385 596 5438 id
624 5388 897 5438 Dili'dannm
924 5388 1049 5434 hunc
1085 5385 1334 5448 epistolam
1359 5386 1530 5434 scribit
1553 5387 1700 5434 etiam
1723 5387 2039 5448 Augustinus.

589 5452 661 5513 (a)
688 5448 835 5516 _F_orte
861 5451 1044 5497 rectius
1067 5449 1213 5497 habet
1235 5447 1437 5516 [legium
1462 5447 1732 5510 exemplar,
1755 5447 1945 5498 et’mea:
1961 5464 2105 5516 expe-

521 5511 661 5573 Jitte,
686 5511 733 5559 id
755 5518 864 5573 cst,
889 5518 1129 5573 exoro-tat,
1150 5511 1390 5573 ron/erue.

592 5569 657 5638 (θ’
692 5570 820 5620 Atius
840 5574 888 5629 8,
911 5571 1097 5633 scripta
1120 5569 1393 5622 eod.'anno.
1411 5569 1520 5620 414.

592 5575 664 5698 (ei
684 5633 944 5698 Ciceronis
966 5635 1102 5698 hanc
1133 5635 1281 5698 fuisse
1316 5636 1520 5698 sententi

613 5649 638 5684 ε

588 5638 661 5698 (c)
694 5638 944 5698 Ciceronis
981 5638 1102 5684 ltuzte
1133 5638 1281 5698 fuisse
1316 5638 1607 5683 sententiam
1633 5638 1680 5682 in
1703 5638 1895 5696 Dialog.
1921 5638 1984 5682 de
2007 5638 2104 5684 Re-

521 5700 643 5756 ub.
669 5695 1038 5756 docetScrvins
1071 5697 1116 5744 in
1141 5697 1225 5746 Π.
1251 5695 1504 5745 Αςηοὶιιοδ.
1528 5696 1609 5743 ubi
1642 5708 1751 5745 eam
1784 5696 1916 5744 hisce
1943 5697 2108 5744 verbis

502 5755 719 5810 recitat.
753 5774 776 5801 α
799 5755 838 5805 0
866 5756 1014 5804 Fanni
1055 5771 1195 5807 causa
1231 5757 1464 5815 (litlicilis,
1500 5757 1697 5806 laudare
1734 5769 1970 5817 puerum,
2010 5760 2106 5806 non

529 5833 661 5872 arum
679 5830 761 5868 res
785 5816 1034 5878 laudanda,
1061 5820 1146 5866 sed
1173 5834 1284 5874 spes
1312 5829 1404 5868 est.
1433 5836 1451 5863 ll
1485 5819 1698 5870 Alfertur
1722 5816 1869 5875 etiam
1894 5829 1921 5866 a
1955 5821 2106 5878 Quin-

694 5633 944 5696 Ciccrouis
981 5629 1102 5684 hanc
1133 5635 1281 5683 fuisse
1316 5635 1607 5696 sententiam
1633 5633 1680 5682 in
1703 5629 1895 5696 Dialog.
1921 5633 1984 5682 de
2007 5633 2104 5684 Be-

1842 349 2082 406 SANCTI
2124 350 2500 410 HIERONYMI

2225 464 2366 532 quod
2393 463 2462 519 ad
2492 465 2920 534 imprecationem
2945 468 3023 539 (ά)
3051 469 3338 542 pontiﬁcis,
3366 473 3669 535 ﬂammeum
3696 481 3796 538 vir-

2207 554 2450 621 ginalem
2478 564 2714 610 sanctum
2741 560 3006 625 Operuerit
3029 570 3221 629 caput;
3247 571 3302 618 et
3324 564 3452 621 illttd
3491 568 3794 638 apostolica

2224 643 2369 695 vocis
2400 643 2602 712 insigne
2620 684 2637 710 ,
2659 646 2984 703 celebratum
3012 651 3081 704 sit
3111 670 3126 705 :
3163 649 3290 706 Volo
3318 665 3484 710 autem
3512 673 3599 712 vos
3626 675 3794 718 omnes

2222 731 2462 800 virginem
2483 743 2672 787 eastern
2695 735 2923 790 exhibere
2945 736 3164 795 Christo.
3185 741 3406 810 Quando
3429 747 3596 803 astitit
3619 752 3794 820 regina
3865 746 3868 749 ’

2223 834 2251 872 a
2279 820 2479 876 dextris
2507 823 2642 890 ejus,
2677 824 2727 877 in
2755 825 2943 879 vestitu
2971 828 3244 894 deaurato,
3274 832 3601 890 (ircumdata
3628 841 3795 895 varie-

2224 918 2348 963 tate.
2415 911 2528 978 Qua
2575 923 2720 967 veste
2769 915 3054 986 polymita,
3104 928 3159 971 ct
3214 924 3496 978 inultnrnm
3546 928 3794 986 virtutum

2220 998 2380 1070 977
2453 1001 2762 1058 diversitate
2791 1015 3058 1072 contexta,
3089 1008 3302 1064 indutus
3340 1011 3443 1067 fuit
3473 1024 3530 1068 et
3557 1015 3752 1088 Josepb
3774 1061 3792 1087 ,

2221 1101 2277 1143 et
2324 1107 2505 1159 regum
2553 1095 2820 1163 quondam
2872 1099 3334 1158 utebantur-ﬁlim.
3392 1105 3544 1162 Unde
3586 1120 3640 1162 et
3686 1113 3792 1180 ipsa

2221 1194 2416 1249 sponsa
2433 1182 2640 1238 laetatur
2659 1199 2722 1239 ac
2741 1185 2869 1240 dicit
2895 1203 2908 1240 :
2933 1185 3226 1244 Introduxit
3249 1209 3327 1245 me
3341 1210 3430 1248 rex
3445 1196 3496 1249 in
3511 1199 3794 1255 cubiculum

2219 1287 2369 1324 suum
2397 1272 2581 1341 (Cant.
2618 1274 2668 1329 l.
2697 1277 2732 1330 5
2751 1275 2794 1343 ).
2825 1275 3201 1348 Sodaliumque
3240 1284 3526 1350 respondet
3553 1287 3747 1346 chorus
3775 1311 3789 1346 :

2223 1359 2401 1414 Omnis
2439 1362 2604 1432 gloria
2627 1365 2750 1432 ﬁlia:
2773 1367 2902 1436 regis
2927 1368 3225 1424 intrinsecus
3251 1369 3270 1442 (
3297 1372 3383 1426 l’s.
3409 1375 3498 1430 44.
3535 1378 3658 1449 14).
3691 1380 3790 1438 Sed

2219 1459 2274 1505 et
2303 1462 2478 1507 nostra
2535 1456 2705 1508 oratio
2737 1455 2882 1511 dabit
2909 1458 3105 1528 aliquid
3130 1463 3491 1520 emolumenti.
3525 1467 3791 1540 Equorum

2217 1556 2406 1596 cursus
2432 1542 2609 1598 favore
2639 1547 2901 1613 pernicior
2929 1548 3007 1605 lit.
3039 1548 3279 1619 Pugilum
3318 1554 3568 1610 fortitudo
3593 1559 3793 1615 clamo-

2216 1632 2364 1686 ribus
2393 1634 2666 1689 incitatur:
2690 1646 2900 1704 paratas
2923 1639 2989 1692 ad
3019 1640 3258 1707 prazliuin
3289 1646 3448 1711 acies,
3478 1648 3795 1719 strictosque

2216 1737 2496 1777 mucrones
2520 1764 2532 1785 ,
2565 1739 2742 1778 sermo
2787 1725 3065 1794 linperatot
3079 1729 3124 1783 is
3163 1733 3422 1789 accendit.
3468 1735 3632 1803 Igitur
3658 1747 3712 1793 ct
3741 1740 3792 1795 in

2215 1824 2376 1871 ομ·ιύ
2409 1814 2674 1878 ιηκιτδυιιιί,
2702 1814 2815 1867 avia
2845 1816 3055 1883 quidem
3087 1829 3356 1889 Ittalerqtte
3385 1822 3790 1896 plantavermtt;

2215 1899 2307 1951 sed
2328 1910 2378 1952 et
2404 1915 2502 1955 nos
2522 1902 2829 1972 rigabimus,
2852 1919 2904 1959 et
2933 1906 3189 1964 Dominus
3217 1911 3599 1972 incrementum
3625 1920 3790 1977 dabit.

2285 1988 2338 2041 ὅ.
2381 1987 2673 2046 llhetorum
2710 1992 2984 2063 disciplina
3020 2007 3104 2052 est
3125 2041 3140 2064 ,
3168 2001 3237 2054 ab
3270 2003 3383 2058 avis
3410 2015 3464 2060 et
3495 2009 3701 2077 atavis,
3738 2021 3794 2068 et

2214 2078 2358 2132 omni
2400 2091 2542 2135 retro
2588 2083 2896 2154 nobilitate,
2927 2101 3121 2145 ornare
3148 2091 3422 2163 (e)quem
3465 2096 3691 2168 laudes,
3734 2113 3790 2160 ut

2215 2184 2481 2224 ramorum
2517 2173 2846 2230 sterilitatem
2871 2217 2886 2243 ,
2917 2179 3065 2232 radix
3095 2182 3336 2238 fmcunda
3361 2200 3672 2256 compenset
3693 2232 3708 2258 ,
3736 2203 3794 2249 et

2212 2261 2353 2328 quod
2378 2265 2430 2316 in
2463 2261 2630 2318 fructu
2657 2279 2762 2320 non
2791 2274 2994 2334 teneas,
3025 2272 3232 2328 mireris
3257 2274 3309 2328 in
3341 2283 3550 2334 trunco.
3576 2279 3790 2338 Scilicet

2213 2366 2351 2405 tnmc
2383 2351 2512 2407 mihi
2543 2352 2836 2411 Proborum
2868 2369 2921 2413 et
2955 2358 3290 2431 Olybriorum
3325 2367 3467 2422 clara
3504 2373 3788 2440 repetenda

2211 2451 2334 2496 sunt
2373 2445 2588 2498 nomina
2619 2463 2633 2500 :
2662 2456 2714 2501 et
2753 2447 2955 2504 illuSIre
2983 2453 3154 2508 Anicii
3196 2458 3464 2527 sanguinis
3499 2477 3667 2531 genus
3689 2505 3704 2530 ,
3736 2465 3787 2519 iu

2209 2547 2316 2599 quo
2344 2541 2435 2586 aut
2463 2533 2660 2602 nullus,
2690 2545 2782 2592 aut
2809 2554 2962 2594 rarus
2985 2553 3087 2607 est,
3115 2544 3205 2614 qui
3237 2559 3343 2601 non
3372 2553 3625 2607 meruerit
3650 2553 3790 2608 Cou-

2209 2623 2458 2677 solatum.
2489 2625 2594 2679 Aut
2622 2625 3056 2702 proferendus”)
3076 2632 3325 2705 Olybrius
3349 2634 3567 2708 virginis
3593 2652 3788 2699 nostra:

2211 2720 2379 2780 pater,
2411 2727 2567 2782 quem
2600 2716 2878 2772 immatura
2909 2731 3079 2777 morte
3107 2724 3436 2783 subtractum
3467 2729 3637 2785 Roma
3662 2749 3788 2788 eon-

2207 2803 2423 2870 gemuit.
2455 2803 2653 2860 Vereor
2679 2807 2828 2876 plura
2851 2810 3048 2876 dicere,
3075 2829 3142 2868 ne
3166 2826 3363 2872 sancta:
3388 2823 3572 2877 matris
3599 2824 3788 2879 vulnus

2207 2906 2518 2961 cxasperem
2544 2935 2560 2962 ,
2591 2906 2643 2950 et
2673 2898 2923 2953 virtutum
2952 2901 3068 2970 ejus
3097 2905 3395 2966 recordatio
3417 2948 3433 2973 ,
3469 2910 3560 2965 fiat
3589 2912 3790 2970 doloris

2207 2980 2538 3040 instauratio.
2566 2986 2689 3041 Pius
2710 2988 2865 3049 lilius,
2888 2990 2970 3045 vir
2988 2995 3251 3062 amabilis,
3271 2996 3505 3055 clemens
3518 3001 3787 3071 dominus,

2205 3076 2336 3128 civis
2361 3075 2602 3141 affabilis.
2629 3080 2824 3135 Consul
2847 3083 3055 3152 quidem
3083 3086 3134 3139 in
3165 3091 3419 3156 pueritia;
3449 3093 3544 3148 sed
3570 3110 3779 3150 morum

2206 3162 2438 3218 bonitate
2466 3165 2690 3222 Senator
2718 3170 2988 3224 illustrior.
3025 3171 3168 3227 Felix
3197 3186 3367 3232 morte
3397 3194 3490 3233 sua
3513 3222 3529 3248 ,
3559 3185 3648 3252 qui
3682 3201 3786 3239 nor

2204 3255 2333 3306 vidit
2381 3257 2600 3321 patriam
2641 3269 3009 3324 corrueulem;
3052 3263 3158 3315 imo
3202 3263 3404 3320 felicior
3441 3271 3629 3326 sobole
3653 3315 3669 3339 ,
3699 3277 3792 3344 qui

2204 3341 2552 3396 Dx-metriadis
2576 3348 2806 3415 proavize
2835 3348 3163 3404 nobilitatem
3190 3393 3204 3416 ,
3234 3351 3576 3424 insigniurem
3609 3341 3793 3418 reddi-

2201 3433 2297 3495 dit,
2331 3431 2672 3488 Demetriadis
2703 3436 2822 3489 lilia:
2849 3448 3098 3506 perpetua
3126 3441 3386 3497 castitate.

2273 3523 2326 3576 4.
2359 3521 2551 3576 Verum
2573 3525 2694 3594 quid
2717 3527 2848 3595 ago?
2869 3526 3076 3582 Oblitus
3105 3531 3380 3598 propositi,
3404 3534 3530 3588 dum
3552 3535 3792 3597 admiror

2197 3611 2469 3681 juvenem,
2503 3609 2713 3669 laudavi
2744 3616 2940 3685 aliquid
2977 3618 3237 3674 bonorum
3267 3625 3598 3680 smcularium
3619 3668 3636 3692 ,
3665 3605 3787 3687 cum

2203 3703 2253 3756 in
2281 3717 2346 3753 ro
2369 3701 2498 3756 mihi
2526 3704 2671 3774 virgo
2697 3706 2862 3775 magis
2889 3717 3068 3760 nostra
3095 3708 3356 3765 laudanda
3383 3713 3471 3780 sit,
3498 3717 3642 3786 quod
3675 3720 3789 3776 haec

2205 3792 2447 3846 universa
2475 3795 2880 3864 contempserit,
2911 3796 3049 3864 quod
3075 3812 3133 3851 sc
3161 3813 3265 3852 non
3293 3801 3543 3868 nobilem,
3573 3821 3680 3860 non
3705 3809 3785 3862 di-

2202 3887 2342 3940 vitiis
2373 3887 2767 3957 prmpollentem
2791 3929 2805 3952 ,
2834 3887 2928 3942 scd
2965 3889 3230 3944 hominem
3257 3893 3518 3962 cogitarit.
3550 3895 3784 3952 Incredi-

2201 3969 2324 4031 biiis
2349 3976 2511 4030 animi
2543 3975 2816 4043 fortitudo,
2845 3978 2979 4032 inter
3005 3995 3242 4047 gemmas
3265 3991 3318 4035 et
3347 3983 3574 4039 sericum
3607 4003 3620 4038 :
3648 3988 3784 4042 inter

2202 4068 2566 4121 cunuchorum
2591 4075 2645 4120 et
2673 4067 2960 4135 puellarum
2983 4078 3252 4134 eatervas,
3273 4081 3324 4124 ct
3344 4071 3698 4129 adulationem
3721 4092 3783 4132 ac

2202 4156 2496 4210 ministeria
2522 4153 2735 4210 familia:
2761 4159 3162 4227 perstrepentis,
3190 4167 3244 4214 ct
3268 4163 3555 4232 exquisitas
3579 4167 3779 4234 epulas,

2203 4262 2335 4316 quas
2379 4247 2567 4316 amplas
2611 4245 2801 4301 domus
2845 4247 3114 4317 pra-bchat
3150 4251 3489 4318 abundantia,
3520 4259 3783 4326 appetisse

2202 4350 2320 4389 eam
2344 4335 2665 4405 jcjnniorum
2695 4335 2952 4401 laborem,
2979 4341 3316 4408 asperitatem
3345 4345 3588 4412 vestium,
3613 4349 3782 4403 victus

2202 4428 2599 4480 continentiam.
2640 4427 2863 4496 Legerat
2920 4427 3061 4482 enim
3127 4431 3333 4487 Domini
3387 4435 3544 4487 verba
3615 4437 3779 4509 978

2206 4518 2434 4573 dicentis
2463 4532 2479 4571 :
2512 4516 2613 4583 Qui
2652 4518 2886 4572 mollibus
2922 4520 3198 4574 vestiuntur
3219 4563 3236 4589 ,
3273 4524 3326 4576 in
3358 4524 3584 4580 domibus
3610 4543 3780 4597 regum

2204 4626 2320 4668 sunt
2342 4613 2556 4685 (Matth.
2582 4615 2669 4669 ll.
2695 4613 2769 4682 8).
2801 4613 3055 4683 Stupebat
3080 4615 3145 4668 ad
3168 4619 3623 4674 conversationem
3657 4621 3782 4676 Elia:

2204 4715 2258 4762 et
2297 4707 2514 4763 Joannis
2547 4705 2793 4773 Baptistae
2816 4747 2832 4771 ,
2863 4721 3086 4775 quorum
3128 4718 3350 4777 uterque
3392 4725 3523 4763 zona
3563 4687 3779 4779 pellicca

2205 4798 2448 4852 astrinxit
2486 4805 2541 4852 et
2583 4797 2918 4850 mortificavit
2953 4794 3163 4850 lumbos
3205 4812 3331 4852 suos
3361 4816 3374 4852 :
3406 4798 3544 4854 alter
3576 4801 3782 4855 venisse

2206 4898 2450 4944 narratur
2477 4888 2527 4941 in
2553 4887 2739 4957 spiritu
2766 4896 2816 4939 et
2843 4887 3032 4940 virtute
3059 4884 3210 4955 Elite,
3236 4903 3528 4958 pra-cursor
3550 4890 3777 4957 Domini,

2207 5082 2374 5131 tiliano
2407 5080 2442 5131 ι.
2470 5083 2546 5130 lt).
2575 5095 2620 5130 c.
2645 5081 2692 5130 5.
2713 5080 2802 5130 Vitl
2843 5084 3145 5143 superiorem
3184 5085 3324 5144 epist.
3366 5084 3424 5133 ad
3457 5084 3780 5136 Gaudentium

2211 5146 2365 5192 initio.

2273 5206 2351 5268 (ά)
2386 5202 2616 5264 lntellige
2640 5203 2890 5252 Aurelium
2908 5203 3184 5266 Cat-tbagin.
3215 5222 3262 5268 ei
3283 5207 3514 5269 iscopum.
3538 5208 3649 5257 Mox
3678 5215 3784 5258 erat

2278 5281 2366 5313 nos
2391 5265 2528 5313 Mart.
2553 5265 2755 5313 aperuit.

2231 5279 2366 5314 huius
2391 5271 2528 5314 Mart.
2553 5271 2755 5314 aperuit.

2211 5279 2366 5328 ιηιιιυς
2391 5278 2528 5314 Mart.
2553 5278 2755 5328 operuit.

2276 5329 2344 5388 te)
2376 5327 2491 5374 Alit.
2523 5339 2667 5386 quam
2690 5325 2979 5388 laudat,rvel
3004 5338 3146 5388 quem
3169 5326 3358 5377 laudas.

2275 5387 2350 5450 (ι’)
2383 5389 2539 5452 Antea
2575 5387 3108 5452 erat_oltbrii._7Vetus
3145 5390 3390 5452 inscriptio
3430 5390 3592 5452 mustei
3631 5393 3780 5452 nostri

2210 5448 2465 5512 omnesad
2509 5448 2785 5512 Holybriwn
2811 5450 3047 5512 exhibet,
3071 5454 3276 5512 aspirata
3294 5448 3456 5512 ’priori
3493 5451 3667 5501 littera.
3693 5451 3782 5500 Hic

2213 5524 2355 5573 porro
2373 5509 2700 5573 Demetriadis
2723 5520 2857 5573 pater
2876 5509 3180 5562 Consulatum
3202 5509 3402 5573 egit'an.
3427 5513 3520 5563 5υῦ
3539 5526 3646 5561 cum
3671 5514 3782 5561 Atti-

2211 5572 2287 5636 εἰ)
2319 5572 2735 5636 l'robinil'ratre.
2763 5573 3130 5636 Casterumnmi
3178 5572 3342 5636 mitti,
3378 5575 3780 5636 quemadmodum

2211 5632 2396 5682 lirasm.
2426 5641 2476 5681 et
2509 5634 2727 5696 llartian.
2758 5632 2845 5696 sed
2872 5632 3048 5694 Anirii,
3089 5640 3142 5683 ut
3164 5635 3316 5683 Aldus
3351 5632 3410 5684 in'
3431 5634 3780 5696 Ortbograpbia

2214 5701 2379 5760 monet
2416 5709 2477 5760 ex
2517 5695 2792 5760 Capitolinis
2831 5694 3094 5760 lapidibus,
3120 5694 3782 5760 aliisqueapudjelanduzu,

2213 5757 2519 5820 scribendum
2561 5755 2654 5820 est.
2680 5757 2803 5806 Vide
2842 5755 3177 5820 (Broterianutn
3218 5755 3424 5820 lapidein
3460 5755 3694 5820 CCCLIII.
3733 5756 3780 5805 2.

2217 5819 2267 5866 in
2292 5831 2388 5882 quo
2411 5817 2558 5869 multa
2586 5819 2763 5882 Olybrii
2788 5820 2991 5868 nominis
3014 5819 3192 5879 decora
3213 5817 3537 5869 continentur.
