4080 6340
281 353 418 414 “09

280 470 335 526 in
360 479 514 525 utero
527 466 844 538 prophetans
858 465 1117 540 parentis,
1137 475 1324 525 etante
1341 467 1481 524 diem
1499 466 1679 538 iudicii
1689 510 1703 534 ,
1715 468 1856 538 judi-

279 558 354 614 cis
376 572 507 612 voce
535 557 1077 629 laudatustl).Ann;e
1108 555 1230 613 [ilite
1259 557 1541 614 Phanuelis
1569 559 1858 613 mirabatur

197 639 239 688 -“
279 649 543 715 ardorem,
574 663 692 719 qua:
717 649 1040 703 orationibus
1065 657 1226 717 atque
1248 647 1468 718 jejuniis
1494 664 1661 719 usque
1684 647 1749 702 ad
1777 647 1859 702 ul-

281 742 460 795 timatn
489 749 815 795 senectutem
843 741 893 794 in
946 739 1141 807 templo
1167 741 1388 795 Domino
1411 740 1694 795 serviebat.
1720 739 1861 807 Quae

281 839 398 883 tuor
423 829 686 900 virginum
718 828 942 883 filiarum
974 825 1199 898 Philippi
1228 827 1563 882 desiderabat
1591 827 1812 882 chorum
1838 865 1854 891 ,

277 928 330 972 et
357 931 514 971 unam
545 930 604 971 se
633 916 838 971 illarum
867 932 986 972 esse
1015 918 1291 985 cupiebat,
1319 933 1437 987 quae
1467 917 1713 986 pudicitia
1743 916 1853 969 vir-

277 1008 456 1076 ginali,
487 1007 784 1077 PrOphetia:
809 1009 1030 1078 gratiam
1057 1018 1358 1062 consecuta:
1382 1015 1525 1062 sunt.
1558 1005 1652 1062 llis
1675 1015 1729 1060 et
1761 1004 1860 1058 hu.

272 1096 574 1167 juscemodi
613 1096 1021 1165 cogitationibus
1059 1097 1304 1165 pascebat
1330 1096 1562 1151 animum
1589 1134 1604 1158 ,
1631 1094 1761 1149 nihil
1789 1093 1858 1148 ita

279 1193 542 1252 metuens,
569 1201 727 1254 quam
751 1185 925 1240 aviam
955 1199 1284 1257 matremque
1307 1186 1383 1256 (a)
1404 1183 1691 1240 oti‘endere.
1715 1184 1860 1249 Qua-

277 1287 395 1326 rum
415 1289 536 1329 cum
568 1275 874 1330 incitaretur
897 1276 1164 1346 exemplo,
1187 1275 1450 1338 voluntate
1469 1283 1522 1329 et
1541 1272 1729 1327 studiis
1755 1282 1861 1326 ter-

277 1363 529 1418 rebatur:
554 1379 659 1418 non
681 1379 784 1434 quo
809 1351 1112 1434 displiceret
1137 1366 1214 1420 eis
1238 1375 1476 1420 sanctum
1507 1361 1857 1432 propositum,

277 1451 374 1506 sed
403 1451 544 1521 quod
575 1468 672 1522 pro
700 1454 775 1507 rei
809 1455 1168 1523 magnitudine
1186 1495 1200 1518 ,
1229 1463 1413 1523 optare
1447 1452 1500 1507 id
1528 1463 1581 1508 et
1609 1460 1861 1522 appetere

278 1557 386 1597 non
413 1542 689 1598 auderent.
717 1544 999 1599 IEstuabat
1021 1545 1220 1601 Christi
1245 1545 1540 1616 tyruncula.
1565 1543 1762 1598 Oderat
1783 1556 1862 1595 or-

280 1641 464 1688 natum
483 1647 636 1688 suum
657 1651 673 1699 ;
691 1645 878 1689 etcum
903 1635 1101 1690 Esther
1115 1635 1429 1706 loquebatur
1449 1633 1514 1688 ad
1538 1633 1818 1687 Dominum
1843 1647 1858 1686 :

279 1721 364 1777 Tu
390 1725 521 1778 nosti
548 1725 682 1794 quod
708 1725 898 1779 oderim
923 1727 1117 1797 insigne
1142 1726 1322 1796 capitis
1347 1725 1443 1778 mei
1469 1723 1606 1795 (hoc
1636 1730 1718 1777 est
1746 1721 1862 1776 dia-

279 1813 458 1880 dema,
485 1829 591 1884 quo
616 1815 860 1869 utebatur
883 1817 1029 1884 quasi
1057 1815 1275 1886 regina)
1301 1825 1347 1870 et
1376 1824 1530 1868 tanta
1556 1814 1736 1867 ducam
1763 1812 1862 1864 im-

279 1904 562 1972 munditiw,
580 1904 711 1960 velut
740 1922 962 1976 pannum
991 1917 1308 1961 tnettstruala:
1333 1905 1352 1979 (
1374 1905 1574 1959 Esther.
1606 1904 1675 1958 M
1728 1901 1795 1956 16
1817 1901 1860 1972 ).

282 1993 450 2049 Aiunt
473 2004 670 2049 sanctae
699 2004 753 2050 et
779 1995 982 2050 nobiles
1008 1995 1219 2050 femina:
1239 2037 1252 2062 ,
1283 2011 1400 2065 quae
1429 2010 1544 2048 eam
1577 1993 1862 2058 viderunt,

281 2099 403 2154 qua:
442 2095 675 2153 norunt,
707 2101 838 2156 quas
869 2086 937 2141 de
968 2088 1140 2142 littore
1169 2088 1453 2142 Galliartnn
1488 2086 1552 2139 ad
1585 2085 1866 2139 habitatio-

282 2188 406 2229 nem
435 2185 737 2230 sanctorum
768 2176 1051 2242 Locorum,
1083 2178 1308 2231 'IOSIilIIII
1341 2193 1434 2248 per
1460 2176 1691 2232 Africam
1719 2192 1866 2230 com-

281 2263 416 2333 pulit
460 2279 598 2319 saeva
645 2273 963 2334 tempestas,
1009 2264 1253 2319 noetibus
1295 2276 1348 2320 et
1383 2275 1610 2331 secreto,
1638 2267 1866 2320 consciis

282 2363 488 2408 tantum
512 2355 802 2422 virginibus
827 2355 916 2408 Dei
935 2379 956 2420 ,ο
975 2370 1092 2423 qua:
1114 2356 1164 2408 in
1188 2356 1370 2411 matris
1391 2365 1442 2409 et
1461 2357 1592 2410 avito
1614 2355 1865 2410 comitatu

283 2455 458 2507 erant,
484 2451 750 2514 nunquam
777 2459 892 2499 eam
919 2446 1243 2512 linteamine,
1272 2462 1538 2514 nunquam
1567 2446 1862 2516 plumarum

285 2553 435 2594 usam
467 2537 714 2602 mollitie;
742 2535 832 2591 sed
861 2537 1143 2592 ciliciolum
1176 2538 1226 2591 in
1258 2538 1394 2592 nuda
1428 2538 1589 2591 humo
1616 2536 1865 2591 habuisse

283 2644 384 2697 pro
411 2637 597 2691 strato,
625 2627 834 2697 jngibus
855 2628 1037 2682 faciem
1061 2630 1259 2697 rig-tsse
1283 2629 1549 2700 lacrymis,
1573 2629 1864 2683 Salvatoris

285 2716 508 2790 genibus
535 2728 712 2771 mente
737 2715 1034 2770 advolutam
1059 2759 1074 2783 ,
1106 2728 1162 2771 ut
1189 2733 1341 2772 suum
1374 2721 1633 2788 reciperet
1663 2735 1858 2789 propo-

283 2807 445 2861 situm
465 2847 480 2868 ,
510 2817 564 2860 ut
594 2806 838 2877 impleret
866 2807 1216 2876 desiderium,
1249 2817 1306 2862 ut
1330 2808 1460 2863 avia:
1487 2808 1721 2863 animum
1749 2823 1864 2863 ma—

286 2896 491 2967 trisque
519 2897 768 2951 molliret.

354 2986 408 3041 5.
449 2984 584 3051 Quid
616 2986 751 3040 ultra
777 2985 1006 3040 differo?
1034 2985 1163 3041 Cum
1197 2986 1305 3056 jam
1336 2987 1635 3056 nuptiarum
1665 3001 1864 3058 appro-

283 3074 564 3146 pinquaret
589 3074 706 3129 dies
725 3116 738 3137 ,
767 3083 822 3129 et
851 3075 1026 3128 futuro
1053 3078 1390 3132 matrimonio
1417 3079 1678 3132 thalamus
1707 3093 1865 3148 para-

283 3177 431 3222 retur
456 3185 469 3220 :
500 3174 708 3222 secreto
731 3175 786 3221 et
811 3167 1008 3237 absque
1034 3169 1246 3222 arbitris
1267 3207 1284 3232 ,
1314 3177 1631 3238 noctemque
1665 3169 1867 3224 habens

284 3273 383 3329 pro
419 3259 606 3312 solatio
629 3299 644 3323 ,
676 3258 864 3314 talibus
893 3274 951 3313 se
981 3259 1144 3313 fertur
1169 3274 1406 3314 armasse
1431 3251 1686 3314 consiliis.
1727 3259 1862 3326 Quid

281 3348 746 3416 agis,Demetrias?
767 3363 862 3403 cur
882 3348 1183 3418 pudicitiam
1206 3359 1350 3404 tanto
1373 3364 1564 3418 pavore
1583 3349 1864 3406 defendis?

282 3437 552 3492 Libertate
589 3451 722 3506 opus
763 3449 846 3492 est
880 3447 934 3492 et
975 3439 1212 3493 audacia.
1254 3439 1385 3504 Quae
1455 3440 1619 3511 979
1689 3442 1766 3495 sic
1809 3442 1861 3496 in

282 3544 413 3598 pace
442 3529 651 3594 metuis,
677 3529 800 3598 quid
829 3528 1029 3584 faceres
1055 3531 1105 3584 in
1132 3533 1383 3601 martyrio
1402 3533 1862 3602 (b)perpetiendo?

281 3621 413 3689 Quae
440 3629 647 3674 tuorum
673 3620 870 3672 vultum
899 3619 1034 3674 ferre
1061 3637 1164 3673 non
1195 3633 1365 3690 potes,
1390 3621 1658 3690 quomodo
1706 3625 1862 3675 Sltsll-

281 3724 441 3765 neres
469 3707 744 3762 tribunalia
775 3709 1210 3776 persecutornm?
1239 3709 1293 3764 Si
1329 3719 1379 3763 te
1409 3711 1640 3762 virorum
1673 3725 1863 3764 exem-

280 3801 370 3870 pla
401 3815 506 3854 non
539 3807 862 3868 provocant,
891 3797 1130 3851 hortetur
1155 3797 1415 3867 faciatque
1443 3813 1682 3853 securam
1711 3798 1861 3854 beata

282 3899 487 3961 martyr
511 3893 686 3959 Agnes
734 3904 852 3958 qua:
878 3898 931 3942 et
957 3897 1163 3942 :rtatem
1195 3889 1352 3953 vicit,
1385 3901 1435 3944 et
1470 3899 1780 3960 tyranuum,
1809 3900 1862 3944 ct

282 3981 488 4034 titulum
511 3979 766 4034 castitatis
790 3978 1046 4049 martyrio
1065 3979 1414 4033 consecravit.
1440 3977 1621 4032 Nescis
1645 3980 1858 4045 misera,

281 4072 458 4126 nescis
499 4072 580 4127 cui
627 4070 980 4140 virginitatem
1028 4079 1168 4124 tuam
1214 4069 1430 4124 debeas.
1479 4069 1681 4124 Dudum
1724 4071 1861 4124 inter

279 4160 535 4214 barbaras
580 4160 836 4214 tremuisti
882 4173 1099 4223 manus,
1127 4159 1259 4212 avie
1297 4159 1584 4228 matrisque
1622 4160 1738 4214 sinu
1764 4201 1780 4226 ,
1807 4170 1860 4215 et

282 4249 459 4318 palliis
498 4249 778 4318 tegebat-is.
811 4246 996 4302 Vidisti
1040 4259 1089 4303 te
1127 4249 1426 4318 captivam,
1467 4257 1520 4303 et
1556 4249 1856 4318 pudicitiam

282 4348 424 4392 tuam
450 4380 464 4402 ,
495 4353 598 4392 non
635 4348 736 4391 tua:
777 4339 1072 4406 potestatis.
1113 4337 1372 4392 llorruisti
1413 4349 1588 4394 truces
1628 4338 1856 4396 hostium

280 4431 456 4480 vultus
485 4444 497 4480 ε
523 4437 700 4494 raptas
724 4413 952 4498 virgines
985 4427 1072 4481 Dei
1099 4429 1298 4498 gemitu
1327 4431 1484 4482 tacito
1509 4432 1852 4500 conspexisti.

281 4515 418 4572 Urbs
441 4526 547 4581 tua,
576 4518 837 4588 quondam
859 4519 1004 4573 orbis
1026 4530 1199 4590 caput,
1228 4520 1448 4574 Ronntni
1474 4523 1647 4592 populi
1677 4527 1856 4593 sepul-

279 4621 426 4660 crum
457 4616 572 4670 cst;
599 4615 653 4660 et
677 4617 730 4660 tu
756 4607 806 4661 in
835 4608 1030 4678 Libyco
1055 4609 1250 4674 littore,
1279 4610 1486 4664 exulem
1517 4613 1705 4679 virum,
1731 4617 1855 4671 exul

279 4696 390 4764 ipsa
431 4696 695 4765 accipies?
723 4699 888 4760 Quam
923 4697 1159 4750 habitura
1203 4701 1532 4767 pronubam?
1557 4718 1661 4769 quo
1691 4704 1857 4760 dedu-

277 4785 445 4838 cenda
488 4785 774 4838 comitatu?
811 4785 1017 4838 Saridor
1053 4785 1218 4841 Punic
1233 4805 1262 4836 ιε
1294 4788 1484 4857 lingua:
1515 4794 1754 4858 procacia
1788 4796 1856 4848 ti-

276 4874 330 4929 bi
377 4873 448 4948 (ο)
497 4873 826 4928 Fescennina
869 4867 1121 4929 cantabit.
1169 4875 1379 4945 Rumpe
1421 4894 1599 4933 moras
1645 4895 1852 4939 omnes.

253 1335 268 1382 Ι

339 4985 413 5056 (α)
447 4983 561 5033 Mss.
587 4983 782 5045 quidam
805 4983 1091 5056 ostendere,
1108 4985 1237 5035 unde
1263 4987 1423 5055 verior
1448 4987 1650 5056 fortasse
1671 4999 1722 5041 et
1743 5006 1856 5043 con.

278 5047 466 5096 cinnior
484 5058 664 5116 sensus
699 5047 970 5103 exorietur,
1004 5047 1057 5116 si
1078 5047 1217 5109 legas
1233 5047 1359 5116 avia:
1379 5048 1652 5116 matrique;
1678 5067 1855 5116 nempe

279 5121 446 5157 earum
481 5107 702 5168 fugiebat
736 5115 986 5168 aspectum
1021 5107 1327 5168 Demetrias,
1367 5124 1434 5160 ne
1470 5107 1548 5160 ab'
1569 5107 1856 5166 austerioris

278 5171 393 5237 gitze
414 5168 661 5237 proposito
695 5168 1056 5237 deterreretur,
1096 5171 1368 5237 enixasque
1397 5173 1456 5237 ad
1481 5171 1641 5222 Deum
1679 5188 1854 5237 preces

278 5230 529 5300 fundebat,
555 5237 609 5277 ut
625 5230 762 5300 fuit?
783 5231 996 5280 animum
1027 5230 1298 5294 matrisque
1319 5232 1542 5294 molliret,
1580 5230 1709 5298 quod
1732 5239 1852 5288 intra

274 5292 497 5354 proditur
511 5288 828 5354 manifestius.

338 5351 412 5412 (b)
448 5351 530 5399 Sic
533 5351 784 5460 Jilerique
811 5351 925 5402 Mss.
948 5359 1094 5414 atque
1122 5354 1234 5404 editi
1254 5391 1268 5415 ,
1294 5362 1344 5405 at
1365 5355 1585 5408 Martiae.
1611 5371 1719 5408 cum
1742 5359 1852 5411 aliis

338 5418 532 5461 roetran
569 5425 612 5460 ο.

255 5424 612 5469 perpetrando.

337 5427 360 5459 r
443 5425 612 5460 ranao.

273 5425 618 5545 “(gill‘iotum
643 5487 783 5545 quam
807 5472 1004 5545 licentia
1033 5484 1200 5545 essent
1230 5488 1288 5545 ae
1308 5476 1505 5545 lasciva
1523 5481 1846 5545 Fescennina,

271 5535 728 5608 quw’.c.aptabatitur
764 5538 810 5608 in
835 5535 1032 5597 nuptiis.
1058 5537 1350 5608 Prudentius
1381 5544 1431 5590 in
1465 5535 1844 5608 Hamartigeuia;

268 5595 518 5658 Convivate
541 5595 742 5646 calentis
764 5595 968 5658 (‘amien
990 5598 1216 5658 nequitiis
1237 5609 1393 5651 vocat.

332 5659 412 5728 (t)_
429 5657 638 5728 Annotat
655 5658 812 5728 ’βαιὴ
824 5670 897 5728 ex_
909 5657 1129 5728 Cypriani
1152 5659 1238 5708 lib.
1257 5661 1321 5728 de
1352 5680 1375 5709 ot
1397 5663 1706 5728 Eleemosyn.
1728 5667 1848 5717 Mul-

267 5723 366 5766 ttttn
405 5719 744 5790 beatamulier
769 5726 819 5790 e_t
849 5719 1076 5790 gloriosa,
1103 5734 1196 5784 qua
1220 5723 1365 5773 etiam
1389 5735 1504 5776 ante
1527 5719 1656 5777 diem
1677 5730 1847 5790 indic“

265 5781 444 5829 meruit
460 5781 634 5842 judicis
658 5794 775 5832 voce
794 5780 992 5831 laudari.
1018 5797 1040 5826 υ

1603 349 1931 432 EPISTULA
1973 349 2188 408 cxxx.

3399 359 3544 416 illo

1961 466 2197 537 Perfecta
2227 466 2322 522 Dei
2345 466 2564 533 dilectio,
2597 473 2736 542 foras
2762 471 2914 526 mittil
2936 471 3166 528 timorem
3190 473 3264 546 (Ι.
3295 473 3454 529 Joan.
3479 476 3539 532 Δ.

1963 557 2030 613 18
2057 560 2095 627 ).
2124 559 2351 614 Assume
2379 568 2584 614 scutum
2616 559 2736 616 lidei
2760 601 2776 627 ,
2811 562 3024 617 loricam
3049 563 3268 633 iustitia:
3291 605 3308 631 ,
3334 565 3541 634 galeam

1961 649 2162 715 salutis,
2193 648 2416 719 procede
2441 648 2507 703 ad
2537 651 2794 718 prtelinm.
2824 651 2989 708 Habet
3016 664 3072 708 et
3096 664 3303 710 servata
3332 655 3544 725 pudici-

1964 737 2033 791 tia
2074 738 2383 809 martyrium
2424 753 2598 793 suum.
2641 739 2776 804 Quid
2817 743 3009 796 metuis
3037 745 3401 814 aviam‘fquid
3433 744 3544 799 for-

1963 828 2133 883 midas
2174 830 2480 899 parentem?
2527 829 2768 884 Forsitan
2807 841 2860 885 et
2901 834 3028 902 ipsm
3062 835 3262 900 velint,
3305 835 3448 906 quod
3492 847 3547 892 te

1963 918 2101 972 velle
2130 919 2239 972 non~
2271 920 2512 974 credunt.
2555 919 2645 972 His
2670 929 2725 974 et
2751 919 2866 974 aliis
2895 924 3293 990 qnamplurilnts
3329 925 3539 978 inﬂam-

1963 1017 2104 1060 mata
2133 1008 2357 1062 stimulis
2383 1049 2398 1072 ,
2428 1023 2638 1063 omnem
2678 1009 2917 1077 corporis
2952 1011 3151 1064 cultum
3181 1053 3194 1073 ,
3225 1023 3278 1067 et
3308 1014 3543 1069 habitum

1963 1097 2291 1161 saecularem,
2316 1097 2461 1167 quasi
2489 1099 2738 1168 pr0positi
2760 1099 2840 1152 sui
2865 1098 3262 1167 impedimenta,
3287 1101 3542 1171 proiecit:

1963 1185 2201 1242 Pretiosa
2229 1188 2465 1252 monilia,
2490 1199 2544 1242 et
2569 1203 2757 1257 graves
2781 1188 3028 1242 censibus
3057 1189 3280 1243 uniones
3301 1231 3315 1253 ,
3346 1191 3543 1244 arden-

1965 1283 2148 1345 tcsque
2176 1281 2420 1345 gemmae,
2450 1277 2741 1332 redduntur
2767 1277 2979 1331 scriniis
3007 1295 3020 1330 :
3049 1278 3138 1331 vili
3165 1277 3340 1334 tunica
3370 1280 3546 1334 indui-

1966 1372 2052 1418 tur
2072 1405 2088 1427 ,
2119 1366 2290 1420 viliori
2320 1366 2510 1436 tegitur
2537 1365 2695 1436 pallio
2727 1384 2741 1419 :
2771 1377 2820 1421 et
2853 1368 3118 1446 insperata
3146 1368 3276 1421 avia:
3305 1370 3549 1437 genubus

1965 1465 2183 1522 repente
2220 1457 2578 1525 provolvitur,
2624 1457 2747 1512 ﬂetu
2785 1467 2987 1511 tantum
3015 1469 3066 1510 ct
3104 1458 3398 1526 planctibus
3427 1473 3548 1527 quae

1964 1554 2106 1598 esset
2125 1545 2376 1600 Ostendit.
2400 1543 2680 1614 Obstupuit
2704 1556 2884 1601 sancta
2907 1557 2960 1600 et
2976 1549 3149 1614 gravis
3173 1547 3390 1612 femina,
3411 1548 3545 1602 alie-

1969 1650 2098 1689 num
2123 1633 2360 1689 habitum
2388 1634 2438 1688 in
2467 1646 2622 1704 nepte
2645 1636 2998 1704 conspiciens.
3029 1635 3194 1690 Mater
3215 1636 3410 1706 gaudio
3435 1647 3546 1691 sta-

1965 1723 2056 1780 bat
2079 1727 2322 1778 attonita.
2348 1723 2583 1793 Utraque
2604 1739 2784 1779 verum
2807 1741 2910 1778 non
2933 1725 3170 1788 credere,
3193 1725 3332 1794 quod
3357 1740 3542 1796 verum

1965 1827 2084 1869 esse
2107 1815 2406 1882 cupiebant.
2444 1812 2607 1868 llwsit
2629 1829 2727 1868 vox
2763 1816 3017 1879 faucibus,
3049 1825 3102 1869 et
3131 1815 3270 1870 inter
3296 1816 3545 1871 ruborem

1965 1912 2021 1956 et
2064 1903 2317 1972 pallorem
2357 1913 2659 1973 metumque
2699 1913 2856 1976 atque
2895 1906 3168 1971 laetitiam,
3198 1906 3548 1974 cogitationes

1967 1992 2128 2047 varia:
2155 1994 2428 2047 nutabant.

2038 2081 2091 2136 6.
2133 2081 2595 2137 Succumbendum
2623 2093 2704 2136 est
2731 2082 2852 2138 huic
2879 2082 3015 2148 loco,
3045 2099 3214 2154 neque
3237 2081 3297 2155 [f.
3324 2082 3550 2157 nequid]

1968 2187 2186 2228 narrare
2222 2175 2531 2245 aggrediar,
2563 2176 2701 2244 quod
2745 2175 2970 2231 dicendo
3010 2179 3182 2231 minus
3223 2175 3433 2232 faciam.
3466 2177 3548 2231 Ad

1968 2263 2329 2332 explicandam
2380 2265 2704 2320 incredibilis
2758 2268 2934 2337 gaudii
2985 2268 3443 2338 magnitudinem,
3493 2277 3553 2324 et

1969 2350 2194 2408 Tulliani
2223 2353 2413 2410 fluvius
2438 2355 2726 2411 siccaretur
2755 2359 2968 2428 ingenii,
2994 2370 3046 2412 et
3072 2369 3328 2414 contorta:
3356 2359 3554 2413 Demo-

1967 2444 2172 2500 sthenis
2196 2447 2516 2518 vibrataque
2558 2450 2837 2504 sententiae
2860 2491 2874 2513 ,
2905 2450 3104 2504 tardius
3141 2450 3542 2520 languidinsque

1969 2535 2255 2592 ferrentur.
2287 2539 2550 2609 Quidquid
2580 2548 2750 2609 potest
2776 2542 3010 2611 cogitare
3033 2539 3260 2604 animus,
3288 2539 3545 2609 quidquid

1967 2628 2133 2699 θεο
2202 2643 2379 2684 sermo
2411 2639 2584 2700 potest
2609 2628 2629 2702 [
2653 2629 2724 2684 al.
2753 2646 2855 2684 non
2881 2639 3038 2701 potest
3066 2628 3086 2703 ]
3112 2630 3377 2700 expliCare
3394 2669 3409 2691 ,
3452 2628 3543 2683 illo

1973 2719 2025 2773 in
2047 2730 2284 2789 tempore
2306 2718 2499 2774 factum
2518 2728 2618 2775 est.
2640 2719 2895 2775 Certatim
2916 2721 2968 2774 in
2993 2720 3173 2776 oscula
3193 2719 3382 2788 neptis,
3401 2717 3481 2790 (ά)
3497 2727 3553 2773 et

1968 2809 2096 2876 lilia,
2123 2820 2312 2877 mater,
2339 2819 2392 2866 et
2416 2811 2532 2864 avia
2558 2820 2736 2865 ruunt.
2767 2810 3004 2867 Ubertim
3031 2808 3160 2864 ﬂere
3185 2825 3292 2880 prae
3317 2808 3510 2878 gaudio
3528 2846 3544 2871 ,

1963 2899 2226 2970 jacentem
2254 2916 2410 2955 manu
2437 2900 2710 2967 attollere,
2742 2900 3135 2970 amplexarique
3164 2900 3541 2967 trepidantem.

1969 2993 2278 3062 Agnoscere
2304 2991 2359 3045 in
2390 2991 2533 3045 illius
2561 2990 2834 3060 proposito
2863 3000 3092 3044 mentem
3122 3003 3270 3043 suam
3297 3028 3313 3052 ,
3343 2995 3398 3041 et
3424 3001 3549 3057 gra-

1969 3081 2124 3135 tulari
2147 3122 2163 3146 ,
2195 3080 2334 3150 quod
2365 3081 2595 3136 nobilem
2627 3079 2879 3134 familiam
2903 3119 2920 3146 ,
2948 3080 3096 3150 virgo
3121 3077 3421 3148 virginitate
3448 3091 3544 3130 sua

1967 3171 2286 3226 nobiliorem
2335 3171 2548 3226 faceret.
2604 3170 2875 3226 Invenisse
2920 3186 3036 3225 eam
3082 3174 3223 3240 quod
3276 3177 3550 3240 pra-staret

1966 3265 2188 3334 generi,
2215 3264 2354 3334 quod
2395 3264 2647 3318 Romanae
2679 3264 2825 3318 urbis
2858 3264 3064 3318 cineres
3099 3262 3383 3333 mitigaret.
3420 3259 3549 3315 Jcsu

1966 3358 2126 3424 bone,
2154 3357 2278 3429 quid
2307 3357 2436 3412 illud
2466 3359 2517 3412 in
2548 3366 2654 3411 tota
2681 3357 2840 3411 domo
2863 3356 3202 3412 exultationis
3227 3353 3360 3408 fuit?
3385 3353 3546 3421 QuaSi

1967 3468 2032 3508 ex
2059 3451 2237 3505 radice
2266 3449 2532 3515 foecunda,
2559 3449 2740 3504 multa:
2765 3448 2920 3503 simul
2949 3449 3180 3518 virgines
3207 3445 3549 3515 pullularunt,

1966 3546 2370 3613 exemplumque
2412 3553 2648 3614 patrona:
2681 3552 2734 3597 et
2759 3541 2989 3596 domina:
3041 3550 3217 3594 secuta
3249 3548 3330 3594 est
3377 3540 3547 3592 clien-

1968 3642 2076 3687 tum
2111 3633 2258 3686 turba
2281 3643 2438 3701 atque
2464 3631 2796 3684 famularum.
2831 3631 2928 3684 l’er
2951 3615 3135 3683 omnes
3158 3629 3344 3681 domos
3370 3627 3542 3682 ferve-

1968 3723 2056 3778 bat
2080 3723 2395 3792 virginitatis
2427 3720 2688 3790 profcssio
2711 3737 2724 3774 :
2749 3735 2962 3784 QUABUI
2989 3735 3094 3773 CUI
3121 3719 3293 3786 impar
3317 3728 3459 3772 esset
3489 3717 3543 3772 in

1966 3828 2124 3868 carne
2149 3812 2402 3876 conditio,
2431 3825 2592 3864 unum
2614 3818 2727 3864 erat
2754 3811 3023 3878 prannium
3045 3806 3322 3861 castitatis.
3347 3806 3540 3861 Parnm

1967 3904 2174 3975 loquor.
2205 3903 2422 3956 Cuncta:
2451 3917 2543 3970 per
2570 3899 2802 3956 Africam
2829 3900 3082 3955 Ecclesia:
3122 3899 3350 3968 quodam
3397 3901 3546 3954 exul-

1945 4007 2146 4049 ‘Iavere
2169 3993 2418 4063 tripudio.
2447 3992 2561 4046 Non
2585 3992 2758 4046 solum
2781 3991 2845 4045 ad
2872 3990 3048 4055 urbes,
3072 3989 3283 4059 Oppida.
3309 3988 3545 4043 viculos-

1964 4100 2098 4155 que:
2117 4083 2208 4138 sed
2231 4084 2295 4138 ad
2319 4083 2429 4154 ipsa
2448 4097 2657 4153 quoque
2679 4082 2898 4151 magalia
2922 4079 3010 4154 [ιιι.
3033 4079 3300 4153 mapalia],
3318 4081 3547 4136 celebris

1965 4179 2103 4232 fama
2134 4179 2444 4248 penetravit.
2473 4177 2674 4232 Omnes
2701 4178 2838 4232 inter
2863 4177 3098 4233 Africam
3130 4176 3439 4244 Italiamque
3466 4173 3548 4227 in-

1963 4271 2093 4324 sulre
2115 4311 2131 4335 ,
2165 4269 2266 4324 hoc
2309 4285 2523 4325 rumore
2560 4270 2836 4340 completa:
2876 4268 2986 4343 [al.
3009 4267 3266 4342 repleta]
3294 4277 3418 4323 sunt
3439 4307 3456 4334 ,
3489 4275 3545 4321 et

1965 4359 2223 4414 inoffenso
2250 4360 2402 4430 pede,
2433 4361 2639 4430 longius
2664 4360 2852 4430 gaudia
2878 4376 3182 4428 cucurrere.
3212 4359 3364 4415 Tunc
3391 4359 3542 4427 lugu-

1962 4450 2086 4506 bres
2116 4460 2290 4506 vestes
2330 4451 2476 4506 Italia
2519 4453 2771 4516 mutavit,
2803 4462 2858 4507 et
2893 4453 3144 4507 semiruta
3174 4452 3321 4505 urbis
3355 4449 3542 4504 Ruunt!

1962 4543 2180 4605 mmnia,
2212 4544 2488 4612 pristinum
2511 4558 2574 4597 ex
2607 4554 2755 4612 parte
2782 4559 3030 4610 recepere
3059 4542 3338 4613 fulgorem,
3367 4555 3543 4611 propi-

1963 4635 2092 4688 tium
2121 4633 2222 4687 sibi
2250 4634 2616 4687 existimantes
2645 4633 2832 4698 Deum,
2864 4634 2914 4686 in
2945 4635 3168 4686 alumna:
3197 4632 3545 4687 conversione

1962 4721 2215 4792 perfecta.
2259 4723 2478 4776 Putares
2514 4723 2800 4777 extinctam
2844 4723 3160 4778 Gotthortnn
3205 4739 3456 4788 manum,
3489 4731 3544 4777 et

1959 4814 2241 4868 colluviem
2264 4813 2600 4884 perfugarum
2618 4823 2775 4884 atque
2790 4831 3062 4870 servorum
3088 4815 3292 4870 Domini
3314 4816 3546 4884 desuper

1958 4903 2248 4958 intonantis
2279 4903 2497 4958 fulmine
2525 4906 2842 4961 concidisse.
2865 4906 2980 4961 Non
3010 4907 3088 4960 sic
3118 4887 3235 4976 post
3257 4907 3502 4980 Trebiam
3527 4903 3564 4972 ,'

1958 4993 2400 5065 Thrasymennum,
2419 5005 2471 5049 et
2491 4995 2730 5061 Cannas;
2755 4999 2803 5051 in
2826 4999 3017 5068 quibus
3042 5000 3168 5054 locis
3183 5000 3540 5055 Romanorum

1956 5089 2284 5143 exercituum
2307 5104 2441 5142 etesa
2461 5099 2584 5144 sunt
2603 5091 2784 5153 tnillia,
2804 5093 2879 5161 (l)
2897 5091 3123 5146 Marcelli
3147 5093 3372 5163 primum
3396 5091 3535 5162 apud

1957 5177 2142 5233 Nolam
2185 5179 2405 5249 praelia,
2447 5195 2506 5235 se
2544 5182 2767 5252 populus
2812 5183 3082 5238 Romanus
3119 5186 3308 5239 erexit.
3347 5180 3538 5237 Minori

1956 5272 2102 5341 prius
2129 5272 2318 5342 gaudio
2346 5282 2508 5328 strata
2535 5273 2806 5331 Gallorum
2837 5277 3066 5348 agmina,
3099 5293 3229 5331 auro
3259 5275 3534 5341 redempta
3574 5289 3578 5295 ·

2017 5427 2094 5489 (d)
2117 5427 2190 5490 ita
2213 5439 2276 5477 ex
2301 5429 2518 5490 ingenio,
2536 5428 2783 5481 levissima
2801 5438 2965 5481 tamen
2990 5430 3338 5485 immutatione,
3366 5440 3536 5490 entert-

1950 5487 2084 5538 dare'
2108 5489 2311 5552 placuit,
2352 5487 2462 5539 cum
2499 5500 2642 5542 antea
2679 5499 2814 5543 esset
2844 5492 3132 5541 inconcinno
3155 5502 3323 5544 sensu,
3348 5495 3392 5538 rt
3413 5487 3535 5552 ﬁlice

1949 5550 2120 5600 mater;
2146 5550 2271 5617 lieje
2289 5553 2471 5614 quippe
2494 5557 2680 5617 neptim
2712 5567 2822 5602 cum
2847 5552 2958 5613 lilia,
2987 5559 3040 5602 et
3059 5559 3265 5600 matrem
3290 5550 3533 5599 eum'avia

1949 5614 2190 5703 componit
2213 5611 2578 5676 Hieronymus."
2946 5611 2951 5613 ’
3490 5668 3499 5677 ,
3567 5613 3585 5703 λ

2012 5674 2056 5703 ΙΙ
2107 5673 2179 5703 ιτ,
2206 5673 2441 5703 [Ἶροι-ΜΔ
2465 5674 2514 5703 in
2537 5676 2691 5703 ιιι-..ιη
2733 5679 2835 5703 mel
2857 5681 3146 5703 ρηηιιοοηρηι
3168 5670 3302 5703 ulla“)
3325 5668 3536 5703 (alno-1-

2012 5668 2080 5735 (ἢ
2107 5673 2182 5723 Ex
2206 5668 2442 5724 Cicerone
2465 5674 2516 5722 in
2537 5676 2708 5735 Bruto,
2733 5679 2835 5735 post
2857 5681 3148 5735 Comment
3168 5670 3303 5735 illam
3324 5668 3536 5720 ωιωιιὶο

1953 5732 2098 5784 Iatrnt
2120 5735 2328 5804 primum
2353 5734 2568 5804 Marcelli
2590 5736 2656 5784 ad
2682 5732 2845 5784 Natam
2869 5733 3040 5797 prwlio
3060 5732 3264 5799 populus
3282 5742 3334 5784 se
3357 5737 3528 5785 Roma-

1957 5812 2044 5846 MM)
2063 5811 2103 5846 t‘t
2117 5796 2231 5846 exit.
2259 5796 2294 5846 ὕ
2305 5798 2478 5844 ratius.
