4080 6340
551 387 688 444 ΠΗ

550 499 797 557 nobilitas
816 539 831 564 ,
857 507 909 553 et
935 495 1279 552 seminarium
1309 493 1514 551 romani
1557 490 1766 563 generis
1796 493 1848 546 in
1878 504 2001 544 arce
2028 502 2122 542 co-

546 590 747 660 gnovit.
771 586 1070 643 Penetravit
1090 586 1176 641 hic
1195 599 1376 641 rumor
1395 582 1626 638 Orientis
1648 583 1841 645 littora,
1865 588 1919 634 et
1940 579 1992 632 in
2015 593 2129 632 me-

545 679 860 735 diterraneis
888 693 1098 749 quoque
1129 676 1375 739 urbibus,
1395 674 1698 730 christiana
1725 669 1907 742 gloria:
1935 668 2125 723 trium-

549 772 684 840 phus
708 769 916 825 auditus
945 780 1046 823 est.
1078 768 1207 834 Qum
1235 765 1497 835 virginum
1522 762 1722 817 Christi
1750 776 1852 815 nou
1880 757 2037 828 hujus
2067 770 2127 810 se

545 864 801 918 societate
835 861 1091 932 jactavit?
1128 867 1246 930 qua:
1287 868 1455 910 mater
1494 870 1598 910 non
1645 863 1834 915 tuum,
1872 849 2078 905 .luliana
2104 886 2129 912 ,.

545 953 761 1008 beatum
784 951 1028 1007 clamavit
1057 947 1302 1005 uterum?
1331 947 1531 1015 Incerta
1570 942 1707 1012 apud
1753 940 1992 996 infideles
2020 939 2131 992 sint

546 1044 763 1115 prurmia
822 1046 1136 1097 futurorum.
1192 1041 1316 1096 Plus
1371 1037 1580 1093 interim
1641 1028 1885 1105 recepisti
1935 1031 2121 1101 virgo,

543 1152 700 1205 quam
741 1135 995 1191 obtulisti.
1030 1133 1201 1200 Quam
1230 1144 1478 1199 sponsam
1515 1125 1742 1181 hominis
1776 1138 1890 1176 una
1922 1132 2132 1175 tantum

544 1226 812 1295 provincia
833 1233 1069 1286 noverat,
1088 1221 1342 1292 virginem
1359 1217 1557 1274 Christi
1577 1224 1717 1271 totus
1736 1212 1882 1271 orbis
1901 1210 2120 1266 audivit.

541 1318 725 1374 Solent
743 1303 919 1371 miseri
940 1324 1211 1386 parentes,
1230 1323 1284 1369 et
1302 1328 1405 1367 non
1427 1313 1597 1382 plena:
1620 1308 1738 1363 fidei
1769 1304 2121 1379 98101πί-

542 1407 739 1470 stiano,
762 1404 1030 1460 deformes
1052 1413 1107 1458 et
1127 1403 1305 1474 aliquo
1330 1401 1569 1456 membro
1594 1397 1796 1453 debiles
1824 1398 1977 1462 tilias,
1999 1396 2121 1466 quia

540 1496 730 1566 dignos
751 1511 976 1569 generos
1004 1511 1107 1549 non
1137 1494 1444 1557 inveniunt;
1474 1488 1757 1560 Virginitati
1787 1488 2017 1543 tradere.
2042 1485 2121 1558 (ιτ)

540 1580 695 1643 Tanti
719 1629 734 1653 ,
779 1598 835 1642 ut
861 1588 1052 1643 dicitur
1070 1627 1088 1653 ,
1113 1587 1301 1640 vitrum
1322 1625 1338 1650 ,
1365 1581 1545 1654 quanti
1577 1580 1936 1651 margaritum.
1966 1580 2123 1635 Certe

540 1683 632 1752 qui
665 1680 1020 1752 religiosiores
1046 1679 1145 1734 sibi
1172 1677 1450 1736 videntur,
1480 1689 1642 1745 parvo
1669 1681 1882 1740 sumptu
1907 1713 1924 1738 ,
1951 1681 2005 1727 et
2033 1672 2121 1741 qui

540 1774 629 1827 vix
674 1773 742 1827 ad
787 1772 1036 1826 alimenta
1079 1768 1342 1833 sufficiat,
1385 1764 1680 1835 virginibus
1713 1760 1873 1825 dato,
1905 1776 2121 1816 omnem

537 1878 755 1918 censum
786 1863 837 1916 in
869 1871 1089 1931 utmque
1115 1874 1277 1925 sexu,
1300 1854 1641 1912 srecularibus
1670 1854 1857 1908 liberis
1880 1853 2120 1923 largiun-

538 1960 644 2005 tur.
673 1949 824 2018 Quod
852 1964 1018 2019 nuper
1041 1948 1091 2001 iu
1122 1945 1222 2000 hac
1262 1944 1391 1999 urbe
1414 1943 1565 1997 dives
1589 1942 1800 2013 quidam
1833 1942 1953 1995 fecit
1998 1941 2125 1996 Pre—

536 2042 720 2113 sbyter
743 2051 799 2097 ut
814 2041 946 2096 'duas
972 2040 1106 2094 tilias
1123 2038 1175 2092 in
1197 2036 1466 2108 proposito
1487 2035 1730 2104 virginali
1753 2034 1938 2101 iiiopes
1961 2033 2123 2088 relin-

534 2145 743 2205 queret,
771 2145 824 2189 et
848 2133 1071 2187 aliorum
1096 2131 1165 2185 ad
1187 2145 1399 2185 omnem
1421 2128 1626 2197 copiam
1654 2126 1878 2196 lilioruyt
1904 2125 2125 2180 luxuria:

535 2212 695 2298 atque
724 2226 927 2282 deliciis
957 2224 1278 2296 provideret.
1309 2221 1577 2277 Fecerunt
1609 2218 1916 2275 lioe'multaa
1941 2258 1958 2284 ,
1989 2216 2129 2288 proh

534 2318 689 2374 dolor
713 2357 731 2384 ,
761 2318 926 2372 nostri
958 2314 1211 2386 prepositi
1242 2311 1451 2368 femina:
1472 2327 1509 2377 ξι
1530 2320 1687 2378 atque
1712 2310 1912 2364 utinam
1943 2323 2129 2362 rarum

533 2417 679 2464 esset
701 2408 1022 2478 exemplum,
1050 2404 1190 2477 quod
1219 2412 1415 2473 quanto
1440 2401 1679 2456 crebrius
1703 2410 1803 2464 est,
1834 2410 1981 2454 tanto
2008 2402 2121 2453 isne

446 2487 450 2491 “
533 2501 800 2557 feliciores
823 2541 840 2567 ,
860 2474 1090 2571 quan-ue
1132 2496 1477 2568 plurimarum
1511 2493 1725 2564 quidem
1761 2492 2001 2562 exempla
2034 2474 2152 2547 se?

532 2603 672 2649 ουικ
696 2601 841 2648 ευηι.

532 2721 536 2724 ‹
606 2684 658 2736 7.
694 2682 917 2747 Fertur,
945 2688 1001 2735 et
1035 2678 1279 2734 omnium
1321 2674 1736 2732 christiauorum
1768 2671 1937 2728 laude
1966 2672 2113 2725 cele-

536 2774 743 2838 bratur,
769 2771 1026 2843 quidquid
1052 2770 1224 2826 fuerat
1246 2769 1443 2838 nuptiis
1469 2773 1853 2837 praeparatum,
1876 2779 1907 2817 a
1933 2773 2116 2819 sancta
2162 2798 2165 2803 -

535 2864 736 2921 Christi
770 2863 847 2937 (b)
873 2861 1124 2935 synoride
1148 2858 1340 2930 virgini
1363 2857 1640 2923 traditum,
1660 2871 1727 2911 ne
1745 2870 1947 2926 sponso
1969 2855 2121 2911 fieret

536 2957 904 3028 injuria:imo
950 2964 1007 3010 ut
1049 2953 1229 3009 dotata
1281 2948 1518 3021 pristinis
1565 2948 1756 3018 opibus
1800 2946 2005 3003 veniret
2048 2945 2117 3001 ad

539 3064 798 3119 sponsum
833 3066 846 3102 :
881 3048 960 3103 Er
981 3062 1116 3111 quon
1145 3061 1199 3100 tu
1228 3057 1391 3100 assus
1418 3042 1600 3096 mundi
1632 3041 1923 3109 periturum
1962 3047 2115 3106 erat,

538 3141 964 3197 domesticorum
1010 3138 1107 3193 Dei
1161 3142 1487 3190 sustentaret
1530 3130 1787 3202 inopiam.
1837 3130 1967 3198 Quis
2012 3130 2118 3185 hoc

480 3226 485 3231 ’
535 3231 856 3302 credat?(c)
881 3230 1050 3284 Proba
1081 3229 1168 3281 illa
1195 3226 1432 3280 omnium
1459 3223 1798 3295 dignitatum,
1828 3230 1884 3276 et
1907 3231 2117 3276 cuncta:

537 3322 834 3377 nobilitatis
874 3322 926 3374 in
965 3319 1096 3375 orbe
1136 3332 1360 3373 romano
1414 3331 1608 3371 nomen
1641 3315 1933 3378 illustrius,
1963 3315 2117 3382 cujus

540 3411 795 3465 sanctitas
822 3418 875 3464 et
909 3410 960 3463 in
993 3410 1271 3463 universos
1301 3406 1467 3462 ell'usa
1495 3405 1704 3460 bonitas
1728 3445 1742 3468 ,
1770 3404 1931 3459 etiam
1975 3402 2117 3472 apud

537 3500 797 3555 barbaros
840 3499 1163 3555 venerabilis
1204 3497 1339 3562 fuit;
1380 3512 1538 3567 quam
1581 3499 1737 3550 trium
1786 3495 2112 3561 liberorum,

538 3593 753 3648 Probiui
780 3634 796 3659 ,
827 3592 1032 3664 Olybrii
1059 3632 1076 3658 ,
1108 3601 1161 3647 et
1190 3591 1345 3646 Probi
1371 3631 1388 3657 ,
1415 3605 1522 3645 non
1546 3587 1834 3658 fatigarunt
1858 3586 2114 3642 ordinarii

536 3682 897 3746 Consulatus;
945 3698 1069 3738 cum
1104 3679 1198 3754 [aL
1241 3689 1285 3735 ct
1330 3678 1468 3753 cum]
1512 3677 1749 3732 incensis
1791 3677 2117 3746 direptisque

539 3776 790 3831 omnibus
836 3776 888 3831 in
936 3774 1078 3831 Urbe
1119 3773 1404 3844 captivitas
1453 3771 1559 3838 sit,
1590 3784 1735 3825 nunc
1782 3767 1861 3842 (d)
1906 3768 2117 3824 habitas

535 3866 846 3922 venundare
917 3865 1115 3921 dicitur
1171 3863 1541 3935 possessiones
1577 3902 1594 3928 ,
1664 3870 1721 3916 et
1780 3860 1958 3914 facere
2014 3858 2115 3913 sibi

537 3957 745 4011 amicos
802 3957 872 4012 de
917 3957 1099 4024 iniquo
1157 3968 1448 4019 mamona,
1498 3951 1588 4022 qui
1638 3965 1698 4005 se
1751 3948 2010 4019 recipiant
2062 3949 2114 4003 in

540 4059 739 4105 :L‘lel'tta
770 4049 1106 4104 tabernacula
1133 4064 1148 4112 ;
1181 4063 1246 4103 υτ
1276 4060 1612 4102 enussscsur
1647 4057 1802 4098 oums
1857 4043 2117 4097 Ecclesia-

542 4141 659 4195 stici
693 4139 971 4194 ministerii
1003 4138 1218 4209 gradus,
1238 4148 1287 4191 et
1306 4152 1456 4191 cassa
1489 4136 1703 4190 nomina
1734 4133 2114 4189 monachorum

537 4248 721 4288 emere
748 4233 944 4303 prandia
966 4273 981 4298 ,
1012 4242 1154 4285 tanta
1181 4231 1457 4285 nobilitate
1484 4227 1767 4282 vendente.
1800 4227 1896 4282 Vix
1924 4228 2115 4281 barba-

605 4363 670 4429 [a)
707 4363 1027 4429 Proverbium
1053 4362 1158 4429 fere
1182 4362 1376 4411 obvium
1402 4362 1448 4410 in
1473 4360 1685 4429 Auctore
1708 4367 1906 4429 nostro,
1923 4361 2017 4429 qui
2040 4361 2117 4429 vi-

536 4420 827 4490 tri'uomine
841 4439 1060 4490 gemmas
1080 4428 1412 4490 vitreamque:
1434 4434 1576 4490 veras
1596 4421 1844 4490 imitentur
1835 4420 2115 4490 __inte_lligit.

538 4490 622 4539 Sic
645 4479 971 4540 'l'ertnlliiunm
1002 4490 1160 4548 capite
1196 4486 1242 4534 3.
1265 4479 1391 4533 libri
1430 4484 1512 4548 ad_
1528 4481 1763 4548 Martyres
1790 4479 1993 4548 gilanti,
2019 4479 2112 4548 ait,

538 4553 766 4610 vitreum,
785 4553 953 4613 quanti
974 4540 1142 4599 verum
1161 4547 1468 4608 margaritum
1492 4543 1515 4592 ?
1537 4540 1775 4613 quis'non
1790 4540 2116 4613 l.ben_ti_ssimo

539 4619 726 4674 tantum
751 4601 839 4674 pro
864 4626 980 4661 vero
1003 4613 1177 4674 haheat
1200 4601 1428 4674 erogatus,
1445 4601 1675 4674 quantum
1693 4601 1793 4674 alii.
1802 4615 1888 4664 pro
1914 4602 2030 4652 talso
2046 4603 2107 4674 ?_s

538 4673 609 4722 Ex
648 4665 903 4723 Anastasio
930 4677 1073 4723 etiam
1108 4671 1171 4720 de
1199 4665 1320 4718 γῆς
1358 4665 1638 4717 Pontiﬁcum
1675 4665 1924 4723 discimus,
1951 4672 2003 4713 ct
2041 4667 2113 4714 vi-

538 4742 672 4796 treas
693 4748 912 4796 gemmas
935 4737 980 4782 in
1006 4735 1160 4796 pretio
1181 4730 1328 4796 fuisse
1352 4730 1530 4796 aliquo.

602 4794 672 4858 (ὸ)
693 4787 876 4870 Tyriam
902 4787 1123 4870 intelligo
1149 4804 1196 4870 et
1222 4787 1515 4870 Matrein‘sic
1538 4790 1665 4870 enim
1688 4801 1797 4851 par,
1840 4797 2001 4870 ευτρὶξ,
2031 4787 2113 4836 vel

538 4849 688 4928 συνωρὶς
714 4858 884 4906 (inece
914 4849 1103 4928 dicitur,
1130 4863 1181 4903 et
1202 4868 1266 4913 τήν
1290 4860 1462 4914 ξυνωρίδα
1478 4869 1549 4902 τῶν
1571 4849 1749 4920 iisiiss...
1770 4863 1861 4913 par
1878 4849 2111 4923 fratrum.

538 4916 795 4986 Malunnus
812 4928 975 4986 autem
999 4917 1164 4986 latine
1183 4926 1426 4986 reponere
1442 4912 1692 4986 synorule,
1713 4919 1766 4986 ut
1786 4912 1978 4961 codices
1995 4910 2112 4959 Mss.

538 4985 688 5039 atque
722 4980 941 5039 impressi
966 4979 1045 5026 alii
1085 4973 1282 5031 habent,
1308 4988 1451 5037 quam
1470 4973 1608 5039 j’nxra
1632 4973 1979 5030 Martiauteum,
2003 4998 2114 5023 am-

1272 5044 1453 5098 miris,
1476 5037 1570 5082 llllO
1591 5060 1646 5098 cui
1654 5042 1781 5098 ωρῇδη.

708 5098 877 5149 Anicia
916 5094 1131 5149 Faltonia
1153 5094 1306 5147 Proba
1340 5094 1479 5146 Sexti
1512 5097 1668 5145 Anicii
1688 5094 1923 5143 Petronii
1946 5094 2113 5153 Probi,
2144 5098 2149 5107 '

537 5046 625 5101 ρίδι,
658 5040 778 5087 .ttod
802 5039 1021 5086 vitiosum
1046 5048 1137 5096 est,
1165 5050 1250 5099 pro

600 5053 689 5174 (οἱ
708 5098 890 5174 Anicia”
916 5099 1250 5174 Ealtmiiaxrol

625 5114 650 5150 ο

537 5156 622 5224 qui
651 5156 831 5215 Consul
868 5161 958 5224 fuit
988 5160 1216 5224 ειμι-571.
1241 5172 1380 5217 uxor,
1407 5158 1511 5208 avia
1535 5156 1864 5224 Demetriadis
1897 5156 2112 5217 virginis,

537 5216 569 5284 ti
588 5225 788 5289 sitisque
812 5223 980 5289 matris
999 5221 1207 5289 Julianus
1229 5232 1328 5289 non
1345 5216 1678 5289 _vere_inatei;,
1716 5216 2029 5289 sedeocrus';
2060 5224 2116 5268 ut

537 5276 600 5333 ex
627 5276 902 5349 Augustino
923 5283 1007 5349 lib.
1029 5284 1094 5333 de
1119 5280 1256 5330 Dono
1280 5280 1522 5349 viduitatis
1538 5276 1963 5349 c..19..eolligitttr.
1980 5277 2117 5348 _'l‘res

532 5338 918 5411 antemvpeperit
940 5346 1079 5404 ﬁlios,
1098 5355 1303 5411 quorum
1318 5342 1451 5411 pri-or
1471 5338 2115 5411 Aniciusollermogenianus

537 5400 767 5472 Olybrius
791 5400 1001 5472 Julianus
1022 5400 1266 5472 maritus,
1291 5400 1346 5472 et
1381 5401 1710 5472 Demetriadis
1741 5409 1894 5472 later.
1920 5400 2111 5472 βορβηι.

533 5461 618 5518 an:
639 5473 747 5520 395.
779 5470 918 5520 Alter
939 5471 1138 5520 Anii-ius
1159 5465 1401 5529 Probinus
1424 5464 1597 5529 eodem
1618 5474 1744 5529 anno
1767 5461 1961 5529 Consul.
1988 5461 2115 5511 Τριν-

532 5531 636 5591 tius
659 5533 853 5583 Anicius
875 5533 1060 5581 Probus
1081 5526 1273 5582 Consul.
1299 5524 1401 5591 καί
1416 5526 1525 5591 406.
1543 5524 1755 5591 Quidam
1794 5524 2000 5591 Proham
2026 5537 2114 5591 no-

496 5583 684 5657 ,A'tram
708 5594 1034 5657 Demetriadis
1055 5593 1208 5641 aviam
1231 5588 1518 5657 cumﬂl’roha
1542 5584 1762 5635 Falconia
1778 5598 1924 5657 ,_qu:n
1950 5583 2115 5633 lauda-

418 5648 507 5731 κί’
534 5656 771 5731 ιὶεςὶμιιιεη
787 5655 1222 5718 Vigilioceutonem
1244 5651 1309 5700 de
1330 5650 1524 5702 Christo
1546 5648 1833 5709 composuit,
1859 5658 2115 5708 perperam

506 5716 967 5836 .cu?l'};‘lgll|llill'i.(‘rlll
987 5776 1153 5830 «tritas.
1172 5788 1314 5837 quam
1341 5772 1603 5825 lectionem
1627 5777 1739 5825 sunt
1760 5769 1842 5834 qui
1866 5775 2111 5828 tueantur,

533 5842 619 5888 sed
647 5839 756 5889 Mss.
783 5853 921 5902 sequi
946 5845 1155 5901 praestat.

1833 373 2075 434 SXNCTI
2114 371 2489 430 lllERONYm

3665 368 3816 426 rm

2232 502 2414 542 rerum
2441 486 2706 557 eﬂ'ngerat
2730 496 2960 551 manus;
2984 491 3038 539 et
3066 480 3282 537 avulsas
3304 477 3679 552 de‘complexu
3706 498 3800 540 suo

2228 578 2463 648 virgines
2489 578 2731 639 ﬂeverat.
2756 591 2893 632 cum
2910 576 3088 631 subito
3118 572 3462 640 intolerabili,
3489 572 3637 645 quod
3665 591 3799 630 nun-

2228 683 2389 738 quam
2415 668 2681 731 timuerat,
2713 666 2783 739 (e)
2810 666 3167 722 amantissimi
3191 664 3287 721 lilii
3314 665 3550 721 orbitate
3576 665 3800 734 percuti-

2230 769 2350 823 tur,
2378 766 2431 813 et
2464 760 2623 830 quasi
2693 757 2868 831 983,
2930 757 3106 813 futura
3152 756 3372 827 virginis
3406 753 3607 810 Christi
3649 754 3796 818 avis,

2227 864 2325 919 spe
2354 848 2653 904 futurorum
2690 849 3025 903 mortiferum
3069 848 3260 902 vulnus
3299 844 3512 915 excepit
3535 861 3549 899 :
3572 844 3799 915 probans

2229 940 2282 994 iu
2309 954 2369 995 se
2400 955 2584 994 verum
2611 954 2751 1004 esse,
2778 939 2922 1010 quod
2948 939 3003 994 in
3034 939 3199 1009 lyrica
3223 936 3463 992 carmine
3487 949 3653 1006 super
3676 932 3815 1002 justi.

2229 1033 2499 1103 pramonio
2516 1030 2712 1087 dicitur
2730 1048 2757 1085 ι

2369 1184 2434 1244 Si
2457 1191 2651 1259 fractus
2675 1187 2922 1243 illabatur
2949 1186 3107 1250 orbis,
3802 1194 3810 1219 ‘

2367 1280 2692 1352 [inpavidum
2728 1281 2909 1352 ferient
2949 1280 3131 1334 nunc.
3806 1268 3811 1273 ’

2581 1391 2813 1465 (Houu.
2839 1392 2925 1446 lib.
2949 1392 3002 1447 '5.
3047 1389 3219 1447 Carm.
3261 1388 3396 1443 σόα.
3427 1384 3506 1457 3).

2225 1564 2473 1636 Legimus
2502 1565 2554 1620 in
2582 1566 2856 1621 volumine
2882 1564 2988 1622 Job
3014 1583 3027 1619 :
3051 1564 3231 1618 Adhuc
3257 1564 3353 1617 isto
3382 1563 3636 1632 loquente,
3670 1571 3798 1613 venit

2223 1658 2356 1711 alius
2393 1658 2601 1711 nuntius
2649 1656 2771 1728 (Job
2813 1656 2887 1729 l).
2918 1656 2987 1712 Et
3028 1658 3085 1733 in
3130 1654 3317 1710 eodem
3348 1669 3362 1706 :
3393 1651 3623 1706 Tentatio
3644 1691 3662 1715 ,
3691 1650 3809 1704 sive

2225 1746 2306 1820 (ut
2345 1749 2537 1804 melius
2566 1749 2807 1806 habetur
2829 1750 2881 1804 in
2914 1746 3407 1821 Hebraico):militia
3451 1754 3525 1800 est
3581 1746 3683 1799 vita
3710 1744 3797 1796 Ito-

2225 1839 2374 1893 minis
2397 1855 2549 1908 super
2577 1847 2763 1892 terram
2795 1838 2955 1909 (Ibid.
2988 1841 3044 1893 7.
3084 1837 3158 1910 l).
3191 1837 3271 1893 Ad
3297 1836 3399 1891 hoc
3426 1836 3567 1889 enim
3595 1833 3799 1887 labora-

2226 1944 2344 1984 mus
2365 1970 2381 1995 ,
2408 1937 2463 1983 et
2492 1928 2545 1983 in
2576 1928 2759 1984 saeculi
2803 1928 2962 1998 hujus
3013 1929 3378 1999 periclitamur
3404 1925 3624 1988 militia,
3664 1933 3721 1977 ut
3749 1924 3812 1979 ἰη-

2223 2019 2403 2074 futuro
2429 2020 2627 2075 sazculo
2651 2036 2995 2076 coronemur.
3034 2021 3144 2077 Nec
3189 2021 3383 2075 mirum
3413 2020 3515 2073 hoc
3539 2017 3607 2072 de
3632 2014 3798 2070 homi—

2225 2111 2383 2166 nibus
2408 2110 2652 2179 credere,
2679 2127 2800 2165 cum
2825 2111 3082 2166 Dominus
3107 2111 3233 2181 ipse
3248 2119 3481 2165 tentatus
3501 2107 3571 2162 sit
3590 2104 3811 2180 (Matth,

2223 2202 2302 2272 4.).
2333 2201 2399 2256 Et
2430 2202 2498 2256 de
2540 2201 2806 2258 Abraham
2849 2200 3128 2272 Scriptura
3177 2209 3403 2256 testatur
3432 2217 3444 2252 :
3473 2198 3615 2269 quod
3663 2198 3798 2251 Deus

2227 2294 2512 2346 teutaverit
2563 2308 2685 2347 eum
2736 2291 2944 2365 (Cenes.
2988 2291 3102 2362 29.).
3141 2290 3311 2359 Quam
3366 2290 3435 2344 ob
3488 2304 3705 2344 causam
3748 2296 3807 2341 er

2224 2384 2513 2453 Apostolus
2560 2384 2839 2452 loquitur:
2876 2382 3163 2438 Gaudentes
3210 2385 3263 2437 in
3311 2383 3657 2440 tribulatione.
3688 2381 3754 2434 Et
3779 2421 3809 2448 ν

2220 2474 2449 2538 scientes,
2478 2474 2613 2544 quod
2632 2473 2893 2527 tribulatio
2917 2473 3213 2544 patientiam
3239 2481 3481 2542 operatur
3498 2487 3518 2525 :
3535 2470 3806 2540 patientia,

2221 2564 2565 2635 probationem
2589 2580 2609 2618 :
2630 2564 2882 2633 probatio,
2911 2581 3058 2635 spem
3074 2581 3092 2619 :
3109 2582 3226 2632 spes
3252 2574 3420 2618 autem
3446 2580 3547 2617 non
3577 2564 3796 2630 confun-

2220 2656 2295 2709 dit
2321 2655 2498 2726 (Rom.
2530 2654 2583 2710 5.
2611 2666 2660 2709 et
2688 2652 2873 2727 seqq)
2906 2656 2971 2710 Et
3001 2654 3053 2710 in
3076 2654 3182 2710 alio
3208 2654 3327 2710 loco
3349 2674 3362 2708 :
3386 2653 3512 2720 Quis
3536 2670 3629 2708 nos
3655 2669 3799 2723 sepa-

2217 2747 2349 2800 rabit
2373 2765 2404 2801 a
2428 2748 2640 2800 caritate
2676 2745 2770 2800 Dei
2801 2745 2894 2820 [aL
2922 2744 3203 2818 Christi]?
3240 2746 3517 2812 tribulatio,
3544 2761 3613 2799 an
3637 2759 3797 2814 angu-

2218 2840 2316 2892 stia
2334 2839 2360 2892 ?
2388 2856 2453 2892 an
2482 2841 2760 2910 persecutio
2777 2840 2804 2893 Ρ
2822 2855 2889 2893 an
2914 2841 3072 2911 fames
3090 2837 3115 2892 ?
3136 2856 3202 2891 an
3228 2838 3474 2891 nuditas.’
3500 2853 3569 2890 an
3599 2836 3798 2904 pericu-

2219 2931 2324 2984 lum
2346 2931 2371 2984 ?
2397 2947 2464 2985 an
2492 2930 2738 2999 gladius?
2768 2930 2916 2985 Sicut
2946 2930 3197 3000 scriptum
3214 2939 3293 2984 est
3310 2946 3329 2983 :
3355 2928 3487 2993 Quia
3518 2937 3724 2996 propter
3752 2935 3815 2979 ιε’

2218 3022 2586 3092 mortiﬁcamur
2611 3032 2716 3075 tota
2738 3023 2839 3087 die,
2865 3022 3099 3077 wstimati
3120 3036 3293 3075 sumus
3315 3029 3368 3072 ut
3393 3034 3510 3073 oves
3534 3017 3807 3072 occisionis

2219 3111 2394 3186 (flant.
2440 3115 2503 3168 8..
2533 3114 2622 3169 55.
2668 3113 2782 3184 56).
2827 3114 2891 3167 Et
2937 3112 3101 3167 Isaias
3140 3111 3507 3182 hujuscemodi
3550 3110 3817 3165 homines-

2217 3206 2565 3269 cohortatur,
2597 3206 2778 3260 dicens
2810 3224 2823 3260 :
2855 3205 2953 3271 Qui
2994 3205 3233 3258 obluctari
3280 3205 3397 3258 estis
3442 3221 3475 3257 a
3514 3205 3647 3259 lacte
3671 3245 3686 3269 ,
3716 3204 3809 3276 qui-

2217 3297 2378 3350 avulsi
2401 3295 2463 3348 ub
2494 3296 2675 3361 ubere,
2708 3296 3076 3347 tribulationem
3104 3311 3255 3358 super
3291 3295 3672 3352 tribulationem
3712 3315 3823 3353 εκο.

2215 3398 2434 3459 spectate
2463 3403 2482 3442 :
2509 3403 2647 3456 spem
2674 3402 2826 3453 super
2854 3402 2991 3453 spent
3014 3383 3167 3457 (lsai.
3196 3385 3287 3440 28.
3308 3386 3360 3439 7.
3385 3385 3496 3457 10).
3526 3385 3653 3441 Νοη
3682 3399 3812 3445 sunt
3870 3394 3877 3400 ’

2218 3479 2482 3546 condigna
2506 3478 2764 3544 passiones
2788 3476 2937 3540 liuius
2958 3476 3199 3547 temporis
3217 3477 3285 3529 ad
3305 3476 3531 3546 futuram
3550 3480 3792 3549 gloriam,

2215 3587 2329 3644 quia
2361 3570 2658 3626 revelabitur
2681 3569 2735 3624 in
2761 3569 2902 3625 nobis
2932 3568 3106 3643 (Rom.
3137 3570 3201 3626 8..
3228 3570 3336 3640 l8).
3365 3568 3474 3625 Cur
3504 3571 3605 3627 ista
3633 3575 3795 3643 repli-

2215 3667 2445 3722 caverim
2465 3707 2481 3732 ,
2514 3678 2744 3734 sequens
2770 3679 2949 3721 sermo
2984 3664 3322 3718 monstrabit.
3350 3664 3482 3731 Quae
3509 3664 3578 3719 de
3618 3667 3813 3722 medio~

2216 3759 2351 3815 mari
2392 3756 2680 3813 fumantem
2721 3754 2928 3812 viderat
2958 3755 3183 3825 patriam
3206 3796 3223 3821 ,
3266 3762 3321 3808 et
3351 3754 3528 3824 fragili
3549 3757 3809 3827 cymbae,

2216 3849 2447 3904 salutem
2492 3862 2644 3903 suam
2689 3860 3016 3914 suorumque
3065 3844 3448 3910 commiserat,
3493 3845 3803 3901 crudeliora

2218 3939 2420 3996 invenit
2452 3939 2647 3995 Africae
2691 3937 2893 3991 littora.
2935 3936 3211 4005 Excipitur
3240 3935 3382 3989 enim
3422 3935 3490 3991 ab
3532 3953 3599 3992 eo
3636 3952 3810 4005 quem:

2218 4032 2427 4087 nescias
2451 4070 2467 4096 ,
2497 4039 2683 4085 utrum
2706 4028 2918 4084 avarior
2943 4068 2958 4092 ,
2985 4043 3056 4082 an
3085 4025 3356 4081 crudelior
3381 4024 3542 4082 [inerit
3566 4026 3648 4097 (1)
3672 4044 3687 4080 :
3708 4028 3805 4081 cur

2218 4122 2347 4176 nihil
2393 4121 2551 4177 dulce
2591 4128 2785 4190 praeter
2814 4119 3033 4183 vinum,
3062 4127 3116 4172 et
3155 4118 3422 4186 pretium;
3464 4127 3521 4172 et
3561 4117 3651 4188 qui
3696 4117 3809 4172 subv

2218 4194 2503 4269 occasione
2548 4211 2778 4282 partium
2809 4208 3214 4265 clementissimi
3255 4207 3517 4277 Principis
3543 4205 3623 4277 (2)
3646 4248 3662 4272 ,
3688 4222 3789 4260 saa-

2216 4306 2471 4362 vissimus
2503 4304 2743 4358 omnium
2774 4301 2956 4356 extitit
2986 4310 3371 4373 tyrannorum;
3398 4308 3454 4353 et
3481 4296 3561 4370 (ut
3596 4298 3804 4368 aliquid-

2217 4397 2405 4466 laquar
2433 4395 2501 4451 de
2535 4393 2726 4449 fabulis
2756 4391 3063 4463 Poetarum)
3093 4392 3244 4460 quasi
3275 4390 3444 4445 Orcus
3474 4391 3525 4444 in
3557 4399 3789 4451 tartaro,

2217 4503 2323 4542 nou
2359 4484 2666 4555 tricipitem,
2689 4484 2784 4540 sed
2811 4484 3099 4538 multorum
3124 4481 3356 4549 capitum
3387 4481 3569 4536 habuit
3596 4478 3789 4535 Cerbe-

2217 4596 2333 4635 rqu
2404 4578 2568 4650 ω
2640 4575 2730 4646 qui
2775 4585 2965 4630 cuncta
3009 4573 3243 4628 traheret
3286 4588 3348 4628 ac
3396 4573 3651 4627 laceraret
3694 4572 3794 4639 (5).

2218 4669 2319 4726 Hic
2352 4681 2570 4724 matrum
2602 4667 2805 4739 gremiis
2835 4665 3082 4721 obducere
3121 4674 3335 4736 pactas;
3380 4662 3799 4734 negotiatoribus

2215 4770 2271 4817 et
2297 4760 2623 4816 avidissimis
2652 4758 2956 4813 mortalium
2991 4757 3161 4827 Syris,
3196 4755 3454 4810 nobilium
3500 4753 3792 4824 puellarum

2219 4856 2432 4923 nuptias
2469 4851 2742 4908 vendere:
2773 4865 2877 4904 non
2924 4848 3275 4919 papillarum,
3324 4862 3433 4899 nuit
3484 4843 3793 4908 viduarum,

2217 4961 2325 5001 non
2354 4945 2614 5014 virginum
2646 4940 2847 4996 Christi
2878 4942 3066 5008 inopiae
3091 4951 3309 5007 parcere
3332 4977 3345 4999 ,
3373 4935 3646 5005 magisque
3682 4949 3792 4985 ma-

2217 5052 2317 5093 nus
2360 5035 2660 5105 rogantium
2698 5041 2942 5100 spectare
2983 5044 3139 5096 quam
3188 5026 3386 5079 vultus.
3440 5025 3587 5078 llauc
3633 5023 3793 5076 feram

2213 5129 2539 5203 Charybdim
2558 5168 2575 5194 ,
2602 5124 2943 5197 Scyllamque
2971 5121 3293 5176 succinctam
3327 5117 3510 5171 multis
3535 5115 3790 5179 canibus,

2217 5223 2423 5293 fugiens
2462 5220 2717 5276 barbaros
2762 5224 3005 5270 matrona
3054 5212 3338 5274 sustinuit;
3381 5211 3477 5279 qui
3516 5223 3617 5263 nec
3662 5223 3790 5260 mni-

2216 5313 2395 5385 lragiis
2451 5318 2776 5383 parcerent,
2830 5321 2929 5362 nec
2979 5303 3375 5375 captivitatibus
3431 5300 3790 5356 ﬂecterentur.

2215 5403 2431 5459 imitare
2489 5398 2721 5454 crudelis
2786 5395 2975 5450 saltem
3036 5396 3243 5448 hostem
3311 5390 3538 5445 Romani
3624 5390 3792 5458 impe-

2301 5572 2821 5689 elog'e‘r‘rggorﬂybrii,
2845 5573 2929 5637 qui
2952 5570 3283 5622 Demetriadis
3326 5573 3468 5632 pater
3505 5574 3631 5627 erat,
3666 5565 3794 5616 circa

2322 5644 2425 5689 409.
2452 5644 2712 5688 demortui.

2308 5701 2354 5761 1)
2385 5698 2704 5750 Heracliauus
2725 5695 2901 5745 Africa!
2923 5695 3114 5745 Comes.

2280 5762 2352 5821 (2)
2386 5761 2644 5810 Honorius.

2287 5818 2360 5886 (5')
2393 5823 2601 5873 Sabinus
2626 5818 2900 5871 lleracliani
2924 5829 3100 5883 gener.

2214 5577 2299 5691 .ιηῖ

2280 5699 2300 5760 (
