4080 6340
313 375 460 449 ms‘

309 504 482 574 rii.(a)
494 503 736 559 Brennus
751 503 916 560 nostri
934 503 1210 576 temporis,
1227 511 1428 558 tantum
1444 501 1586 573 quod
1607 501 1885 558 invenerat

309 596 465 650 tulit:
493 605 547 650 tu
571 597 771 666 quaeris
787 597 926 666 quod
955 611 1060 651 non
1087 597 1312 652 invenis.
1340 596 1406 650 Et
1429 596 1686 650 mirantur
1708 595 1884 648 tumuli

310 687 502 756 (virtus
553 686 696 742 enim
744 701 956 755 semper
1008 687 1221 742 invidia:
1270 689 1435 758 patet)
1479 702 1575 741 cur
1618 695 1882 740 tantarum

304 791 488 831 secum
527 777 836 847 pudicitiam
877 781 1032 832 tacita
1077 779 1465 849 proscriptione
1509 789 1738 832 meream
1776 777 1877 842 sit,

303 881 428 922 cum
467 874 524 922 et
561 867 652 922 ille
679 879 882 937 partem
909 868 1158 938 dignatus
1182 867 1252 922 sit
1277 869 1522 938 accipere
1544 909 1560 930 ,
1589 870 1677 935 qui
1710 876 1879 933 totum

301 966 476 1036 potuit
499 965 715 1021 auferre
738 983 752 1018 :
776 975 830 1020 et
857 964 972 1020 haec
994 966 1143 1036 quasi
1175 964 1366 1018 Comiti
1394 978 1586 1033 negare
1617 977 1721 1017 nou
1751 976 1879 1016 ausa

279 1027 389 1119 lim,
416 1070 537 1125 quas
565 1069 626 1110 se
653 1055 980 1126 intelligebat
1003 1027 1100 1109 sub
1124 1055 1340 1109 nomine
1368 1027 1584 1122 privatae
1608 1052 1879 1122 dignitatis

301 1155 530 1217 tyranno
566 1145 926 1200 servientem?
955 1145 1141 1202 Sentio
1181 1161 1268 1201 me
1312 1146 1649 1200 inimicorum
1694 1154 1878 1217 patere

297 1235 616 1290 morsibus?
653 1236 796 1305 quod
839 1235 1046 1292 adulari
1073 1235 1259 1290 videar
1296 1235 1609 1291 clarissima:
1636 1244 1690 1290 et
1720 1235 1874 1289 nobi~

296 1325 518 1381 lissimte
556 1325 806 1391 feminae;
843 1328 933 1398 qui
963 1342 1216 1383 accusare
1244 1342 1350 1382 non
1395 1337 1676 1397 poterunt,
1715 1328 1757 1381 si
1789 1343 1876 1382 me

295 1417 522 1472 scierint
551 1417 646 1490 [aL
675 1421 832 1472 scient
863 1417 892 1491 ξ)
918 1422 1191 1489 hucusque
1223 1421 1472 1474 tacuisse.
1508 1419 1689 1488 Neque
1728 1420 1870 1474 enim

296 1503 512 1564 iandavi
543 1509 594 1562 in
624 1523 686 1564 ea
717 1525 949 1579 unquam
1000 1511 1368 1580 antiquitatem
1395 1512 1627 1581 generis,
1659 1512 1870 1566 divitia-

294 1613 421 1652 rum
461 1608 516 1653 et
563 1600 814 1668 potentia:
858 1601 1314 1670 magnitudinem,
1368 1603 1484 1656 viro
1531 1603 1741 1656 vivente
1786 1602 1869 1656 vel

293 1698 530 1754 “mortuo,
558 1706 677 1758 qua:
699 1691 784 1744 alii
816 1690 1037 1746 forsitan
1062 1693 1385 1748 mercenaria
1413 1681 1654 1748 oratione
1685 1694 1870 1748 lauda-

289 1781 486 1836 verint.
506 1781 630 1835 Mihi
651 1785 979 1851 propositum
1003 1793 1082 1837 est
1103 1785 1242 1855 stylo
1267 1784 1632 1839 ecclesiastico
1653 1785 1871 1840 laudare

290 1872 477 1927 aviam
500 1873 719 1943 virginis
747 1890 902 1940 mete,
932 1884 986 1928 et
1009 1877 1207 1944 gratias
1243 1891 1422 1944 agere,
1452 1878 1595 1944 quod
1624 1879 1866 1932 volunta-

290 1970 402 2017 tem
447 1963 562 2030 ejus
589 2004 603 2028 ,
633 1979 726 2018 sua
767 1964 1030 2034 adjuverit
1073 1965 1364 2020 voluntate.
1399 1967 1646 2036 Alioquin
1676 1953 1866 2022 cellula

291 2055 626 2117 monasterii,
657 2055 774 2109 vilis
801 2057 975 2122 cibus,
1009 2058 1272 2124 vestisque
1297 2067 1623 2125 contempta,
1654 2068 1709 2113 et
1739 2058 1908 2119 tetas,’

285 2144 460 2198 vicina
483 2145 592 2215 jam
615 2147 797 2212 morti,
820 2145 1105 2215 brevisque
1129 2147 1353 2215 tempori
1380 2146 1653 2212 viaticum,
1679 2159 1865 2204 carent

286 2235 433 2288 omni
465 2237 846 2290 asseutatiouis
880 2236 1118 2289 infamia.
1148 2236 1392 2305 Denique
1421 2237 1472 2290 in
1503 2239 1718 2306 reliquis
1748 2252 1895 2308 par-‘

285 2325 431 2379 tibus
452 2367 467 2390 ,
500 2326 675 2379 omnis
715 2326 843 2379 mihi
885 2341 1062 2380 sermo
1097 2326 1163 2379 ad
1202 2327 1457 2396 virginem
1487 2328 1743 2397 dirigetur
1765 2370 1780 2395 ,
1802 2338 1868 2384 'et

283 2417 550 2486 virginem
583 2418 838 2478 nobilem.
869 2427 924 2471 et
958 2418 1188 2472 nobilem
1223 2433 1328 2472 non
1360 2419 1534 2474 minus
1561 2421 1861 2486 sanctitate,

283 2520 444 2575 quam
476 2521 706 2574 genere;
731 2521 886 2561 cuws
913 2523 1124 2570 ousaro
1149 2508 1428 2563 sublimior
1455 2525 1710 2567 ascensus
1739 2521 1824 2567 est
1843 2552 1862 2578 ,

285 2602 437 2648 tanto
469 2594 648 2664 lapsus
683 2596 1050 2662 periculosior.

284 2685 357 2754 (b)
385 2684 554 2740 Unum
581 2688 710 2741 illud
738 2690 824 2742 tibi
843 2699 963 2742 nata
985 2688 1090 2744 Deo
1105 2705 1124 2744 :
1141 2707 1342 2760 prteque
1366 2695 1593 2748 omnibus
1614 2711 1787 2749 unum.

359 2775 670 2842 Prtedicam,
691 2791 736 2832 et
759 2790 1006 2845 repetem,
1031 2783 1311 2851 iterumque
1329 2783 1606 2854 iterumque
1627 2787 1856 2853 monebo,

279 2882 339 2926 ut
364 2873 599 2925 animum
634 2881 776 2925 tuum
806 2887 972 2926 saera:
999 2873 1243 2928 lectionis
1267 2891 1449 2930 amore
1470 2892 1698 2947 occupes
1722 2898 1734 2933 :
1761 2894 1860 2936 nec

279 2966 332 3020 in
353 2964 489 3017 bona
509 2974 648 3019 terra
667 2965 894 3032 pectoris
965 2965 1132 3038 984
1205 2967 1278 3021 tui
1297 2980 1593 3024 sementem
1611 2971 1718 3024 lolii
1735 2987 1858 3026 ave-

278 3071 572 3124 uarumque
587 3056 880 3126 suscipias:
902 3071 968 3110 ne
988 3056 1284 3112 dormiente
1306 3059 1683 3128 putrefamilias
1709 3079 1720 3114 :
1746 3063 1854 3132 (qui

276 3161 359 3205 est
374 3161 494 3212 νοῦς,
517 3149 566 3203 id
581 3158 682 3213 est,
698 3151 920 3215 animus,
939 3149 1044 3204 Deo
1058 3165 1271 3220 semper
1288 3151 1592 3223 adhaerens)
1610 3155 1857 3210 inimicus

278 3240 440 3295 homo
477 3239 677 3293 zizauia
722 3239 1150 3308 superseminet;
1182 3240 1276 3294 sed
1323 3257 1538 3310 semper
1578 3243 1850 3313 loquaris:

275 3331 342 3385 In
373 3331 599 3385 noctibus
626 3332 832 3402 qutesivi
857 3347 1003 3402 quem
1023 3331 1199 3386 dilexit
1223 3330 1314 3403 [aL
1339 3332 1524 3404 diligit]
1553 3337 1723 3388 anima
1744 3352 1854 3389 mea

275 3421 448 3491 (Cant.
475 3423 528 3476 3.
555 3424 632 3490 l),
659 3422 743 3475 ubi
772 3423 956 3491 pascis,
981 3421 1062 3474 ubi
1093 3422 1244 3476 cubas
1270 3424 1320 3475 in
1346 3426 1552 3479 meridie
1588 3426 1606 3496 (
1637 3426 1770 3480 Ibid.
1799 3429 1850 3484 1.

274 3512 360 3579 6)?
377 3514 460 3576 Et,
477 3509 686 3563 Inluesit
702 3521 811 3578 post
824 3521 869 3562 te
885 3511 1054 3564 animo
1067 3527 1198 3574 mea,
1212 3529 1290 3564 nte
1305 3515 1522 3582 suscepit
1544 3517 1749 3569 dextera
1765 3526 1851 3571 tua

271 3602 391 3674 (Ps.
407 3601 496 3666 62,
515 3601 591 3667 9).
609 3601 842 3670 llludque
853 3600 1099 3656 ,ιρι-οιιιίιυ
1122 3620 1136 3656 :
1158 3599 1275 3654 Non
1300 3603 1523 3656 laboravi
1543 3621 1754 3671 sequens
1780 3618 1847 3673 te,

271 3711 433 3765 neque
447 3695 577 3747 enim
591 3703 663 3747 est
679 3693 824 3746 dolor
841 3695 892 3745 in
904 3693 936 3746 ,Ι
943 3693 1085 3756 acab,
1102 3709 1192 3747 nec
1208 3693 1349 3747 labor
1368 3696 1420 3747 in
1433 3693 1602 3750 Israel
1634 3698 1686 3767 (J
1693 3715 1846 3754 erem.

272 3787 386 3854 17).
416 3784 642 3853 Quando
684 3798 805 3839 eras
849 3784 902 3838 in
942 3784 1173 3850 sa-culo,
1215 3800 1276 3838 ea
1317 3801 1435 3855 qua:
1472 3799 1624 3842 erant
1668 3791 1848 3844 stecnli

270 3876 550 3946 diligebas.
588 3873 764 3928 Polire
802 3873 992 3927 faciem
1025 3874 1340 3943 purpurisso
1363 3915 1380 3941 ,
1418 3884 1472 3930 et
1499 3892 1716 3933 cerussa
1754 3893 1847 3934 ora

270 3969 594 4039 depingere;
625 3981 819 4021 ornare
839 3967 1061 4030 crinem,
1087 3976 1140 4020 et
1160 3967 1349 4020 alienis
1371 3968 1578 4038 capillis
1600 3971 1847 4026 turritum

268 4060 524 4114 verticem
571 4067 798 4112 struere.
849 4055 914 4112 Ut
960 4064 1162 4110 taceam
1210 4056 1278 4111 de
1323 4057 1586 4114 iuaurium
1629 4061 1845 4130 pretiis,

269 4151 502 4207 candore
534 4149 962 4220 margaritarum,
988 4147 1152 4201 liubri
1177 4149 1341 4203 maris
1365 4149 1625 4218 profunda
1649 4161 1846 4206 testan-

271 4243 400 4297 tium
427 4283 443 4306 ,
483 4239 885 4309 smaragdorum
926 4238 1104 4292 virore
1128 4278 1143 4302 ,
1173 4242 1546 4296 cerauniorum
1577 4242 1807 4301 ﬂammis
1826 4286 1843 4312 ,

178 4389 189 4400 ,
271 4330 682 4401 hiacynthorum
729 4329 951 4398 pelago,
983 4327 1051 4380 ad
1091 4344 1210 4398 qua:
1251 4330 1441 4386 ardent
1484 4341 1540 4387 et
1575 4333 1848 4392 insaniunt

269 4422 442 4476 studia
488 4431 871 4473 matronarum.
903 4417 1053 4473 Nunc
1090 4428 1265 4472 autem
1307 4422 1426 4490 quia
1469 4423 1724 4477 smeulutn
1756 4442 1844 4482 re-

267 4513 506 4585 liquisti,
546 4522 601 4566 et
647 4511 882 4567 secundo
931 4522 1048 4580 post
1093 4513 1411 4580 baptismum
1449 4517 1652 4586 gradu,
1698 4519 1844 4576 inisti

268 4617 480 4677 pactum
529 4619 649 4657 cum
697 4602 1004 4656 adversario
1060 4612 1187 4666 tuo,
1233 4604 1418 4660 dit-eus
1462 4606 1508 4660 ci
1542 4625 1554 4660 :
1589 4607 1844 4666 Renuntio

267 4698 376 4762 tibi,
408 4693 628 4757 diabolo,
663 4702 706 4744 et
734 4693 920 4746 swculo
948 4703 1053 4754 tuo,
1085 4704 1128 4745 et
1157 4712 1360 4764 pompa:
1387 4706 1504 4761 tum,
1538 4709 1582 4750 et
1610 4703 1844 4768 ορατ-ἱὸν,

266 4789 361 4860 [αι.
395 4785 594 4857 apibus)
623 4785 754 4848 tuis,
788 4799 940 4838 serva
971 4783 1145 4839 foedus
1175 4786 1315 4854 quod
1348 4789 1612 4858 pepigisti,
1646 4801 1700 4844 et
1727 4807 1843 4849 esto

327 4938 400 5047 (tt)
425 4937 666 4986 Alaricum
693 4934 932 4998 intellige,
960 4934 1226 4984 Gothorum
1249 4933 1457 4996 Regem,
1483 4950 1630 4998 quem
1646 4938 1844 4992 Brenno

327 5017 334 5047 I
358 5001 510 5047 lorum
535 4997 654 5046 Deci
685 5010 749 5046 ex
775 5013 836 5045 eo
859 5007 1102 5047 comparat
1121 5032 1134 5047 .
1159 4998 1286 5047 quod
1311 5007 1522 5047 uteruue
1549 5000 1718 5047 l’omli
1746 5002 1841 5047 lto-

266 4997 510 5052 Gallorutn
535 4997 654 5046 liuci
685 5010 749 5046 ex
775 5013 836 5045 eo
859 5007 1102 5061 comparat
1121 5032 1134 5056 ,
1159 4998 1286 5061 quod
1311 4997 1522 5061 uterque
1549 5000 1718 5061 μοι.υῆ
1746 5002 1841 5052 llo-

265 5066 391 5111 inani
429 5060 582 5108 hostis
601 5095 614 5118 ,
643 5059 1072 5122 ulCI‘qllQROIualtt
1104 5060 1371 5117 obsederit,
1400 5059 1688 5122 uterque'ut
1711 5066 1842 5114 obsi~

264 5125 458 5172 ilionea:
485 5123 728 5169 eximeret
747 5121 813 5179 ,a
851 5121 1033 5184 Populo
1051 5121 1273 5184 Montano
1291 5132 1495 5184 argento
1529 5121 1736 5173 donatus
1757 5133 1838 5176 sit.

266 5185 490 5250 l’ejoretn
509 5190 691 5250 autem
723 5184 770 5230 in
805 5196 868 5250 eo
877 5182 1232 5250 _Heracliaumn_
1243 5182 1364 5250 facit
1381 5185 1559 5250 ,μίιιροᾱΔ
1573 5187 1843 5250 transfugas

267 5247 297 5307 ξι
315 5245 412 5304 sos,
438 5245 523 5306 qui
559 5245 718 5292 omnia
753 5245 1093 5306 perdiderant,
1133 5246 1365 5307 spoliaret
1402 5245 1591 5295 intumis
1625 5245 1840 5301 avni-ilia:

329 5369 400 5429 (ὁ)
433 5366 507 5416 Ex
531 5364 718 5429 Virgilii
757 5365 987 5415 tEneidos
1023 5366 1107 5415 lib.
1132 5369 1179 5416 5.
1206 5369 1288 5416 ubi
1330 5370 1413 5418 ille
1451 5377 1560 5419 nate
1593 5379 1712 5422 Dea.
1739 5373 1838 5424 Sed

264 5427 460 5493 quidam
475 5431 612 5477 codd.
632 5427 985 5490 Hieronytniani
1012 5431 1220 5489 priorem
1239 5444 1431 5479 versum
1449 5434 1719 5493 innuutant,
1745 5438 1840 5484 imo

266 5491 440 5540 tollunt
473 5504 534 5558 ex
567 5495 930 5558 atrianIiensiuiti
967 5503 1156 5558 errore,
1199 5493 1324 5542 Illud
1361 5495 1449 5558 tibi
1470 5503 1582 5545 nata
1611 5491 1722 5558 Ifeo,
1752 5512 1840 5558 pro
1893 5501 1915 5522 ’

263 5553 531 5616 qtoomuia
555 5551 805 5614 reliquisti,
829 5564 975 5616 totum
997 5553 1281 5616 praedicant,
1303 5563 1396 5604 etc.
1428 5557 1488 5606 Ut
1509 5568 1672 5606 autent
1692 5551 1839 5608 aut“.

265 5612 389 5671 tum,
418 5615 606 5676 legerat
629 5612 775 5677 etiam
799 5612 911 5677 olim
928 5612 1321 5677 Aquisg'ranense
1340 5616 1600 5667 (Σοιιυὶιιυιιι
1623 5634 1700 5668 an.
1725 5624 1834 5671 816.

263 5678 354 5744 sub
378 5677 614 5744 Ludovico
639 5676 750 5732 Pio,
768 5676 982 5744 quodex
1003 5676 1094 5744 hoc
1118 5679 1222 5727 loco
1247 5679 1430 5744 reliqua
1457 5682 1599 5741 hujus
1622 5684 1837 5744 epistolae

263 5737 429 5806 majori
447 5751 514 5806 ex
544 5747 680 5800 parte
699 5738 952 5798 exauribit,
971 5741 1100 5789 uult:
1125 5749 1174 5791 et
1198 5737 1367 5791 tuebor
1381 5737 1668 5805 quandoque
1694 5745 1838 5794 lectio

268 5805 555 5846 restituitur.

1632 375 1960 446 seremus
1997 388 2214 444 cxxx.

3422 399 3566 456 “ll

1988 486 2366 566 consentiens,
2397 515 2717 574 pactumque
2748 505 3054 563 custodiens
3085 523 3207 565 cum
3253 509 3564 566 adversario

1989 600 2100 655 tuo,
2133 591 2258 646 dum
2299 608 2356 646 es
2387 595 2438 648 in
2472 595 2553 646 via
2585 594 2744 664 hujus
2779 599 2959 652 smculi
2985 639 3002 662 ,
3035 614 3102 655 ne
3141 601 3275 656 forte
3305 602 3480 656 tradat
3507 613 3558 657 te

1984 682 2172 750 judici,
2197 693 2250 738 et
2282 694 2332 738 te
2353 684 2420 740 de
2442 700 2540 739 suo
2563 685 2760 754 aliquid
2789 703 3072 758 usurpasse
3100 692 3384 747 convincat
3407 709 3420 746 :
3450 702 3562 746 tra-

1986 773 2238 844 darisque
2269 776 2518 830 ministro
2539 818 2553 838 ,
2584 779 2673 846 qui
2707 781 2819 846 ipse
2847 791 2924 834 est
2944 823 2958 844 ,
2995 790 3048 836 ct
3092 783 3339 838 inimicus
3365 793 3421 838 et
3449 785 3564 838 vin-

1986 864 2086 920 dex
2110 882 2130 932 ;
2155 876 2210 922 et
2240 869 2466 923 mittaris
2494 871 2546 923 in
2567 885 2837 924 carcerem
2857 871 3066 941 (Matth.
3089 875 3145 944 5)
3163 888 3212 930 et
3239 877 3290 928 in
3315 877 3564 932 tenebras

1983 957 2297 1023 exteriores,
2326 975 2447 1028 qua:
2473 969 2672 1028 quanto
2702 975 2731 1013 a
2758 960 2976 1016 Christo
3008 979 3137 1018 vero
3168 965 3368 1021 lumine
3400 983 3563 1036 sepa-

1982 1059 2189 1115 rantur,
2224 1059 2373 1106 tanto
2399 1066 2497 1106 nos
2525 1052 2710 1122 majori
2737 1052 2959 1108 horrore
2979 1055 3345 1124 circumdant;
3376 1069 3431 1114 et
3454 1075 3561 1114 non

1981 1137 2109 1193 inde
2137 1154 2332 1206 exeas,
2365 1141 2464 1195 nisi
2495 1143 2677 1198 solvas
2707 1143 3054 1199 novissimum
3085 1148 3432 1215 quadrantem
3459 1190 3475 1214 ,
3509 1150 3561 1204 id

1979 1239 2060 1283 est
2085 1269 2100 1292 ,
2134 1231 2412 1290 minimum
2441 1234 2692 1304 quodque
2721 1236 2972 1290 delictum
2999 1254 3013 1290 :
3037 1238 3156 1305 quia
3186 1249 3238 1291 et
3265 1255 3361 1306 pro
3388 1241 3562 1295 otioso

1979 1319 2144 1372 verbo
2171 1319 2433 1375 reddituri
2459 1338 2646 1378 sumus
2668 1325 2929 1380 rationem
2959 1326 3010 1380 in
3033 1326 3120 1382 die
3136 1327 3322 1396 judicii
3374 1329 3566 1398 (Ibid.

1979 1409 2065 1464 te.
2095 1411 2209 1479 36).
2283 1413 2340 1424 “
2612 1471 2619 1478 ,

2045 1502 2100 1556 8.
2135 1502 2255 1556 llaec
2280 1503 2418 1559 dicta
2446 1506 2571 1569 sint,
2599 1521 2702 1561 non
2733 1508 2962 1563 infausto
2982 1523 3166 1564 contra
3200 1520 3251 1566 te
3276 1511 3552 1574 vaticinio,

1975 1589 2048 1659 (c)
2078 1591 2171 1646 sed
2202 1593 2377 1661 pavidi
2409 1596 2660 1672 cautique
2705 1598 2985 1653 monitoris
3015 1600 3194 1654 ofticio
3213 1642 3229 1666 ,
3257 1617 3318 1655 ea
3346 1617 3560 1672 quoque

1973 1683 2027 1736 iu
2059 1693 2109 1737 te
2132 1723 2146 1746 ,
2177 1699 2296 1753 quae
2325 1693 2432 1738 tuta
2473 1696 2601 1741 sunt
2641 1685 2995 1744 furmidantis.
3035 1691 3096 1745 Si
3124 1693 3330 1762 spiritus
3363 1695 3555 1763 inquit,

1972 1780 2265 1842 potestatem
2313 1776 2540 1830 habentis
2585 1779 2868 1832 ascenderit
2907 1798 3058 1851 super
3098 1793 3177 1846 te,
3212 1784 3379 1837 locum
3415 1795 3563 1839 tuum

1972 1879 2035 1915 ne
2058 1863 2309 1917 dimiseris
2335 1865 2559 1933 (Eccles.
2591 1867 2680 1923 10.
2711 1868 2788 1939 Is).
2822 1869 2982 1937 Quasi
3014 1872 3063 1924 in
3087 1872 3387 1942 procinctu,
3419 1884 3473 1929 et
3503 1875 3561 1928 in-

1971 1954 2087 2007 aeie
2114 1963 2317 2022 stamus
2347 1970 2562 2025 semper
2590 1958 2654 2010 ad
2689 1974 2943 2029 pugnam.
2977 1960 3102 2016 Vult
3147 1978 3245 2016 nos
3273 1963 3394 2018 loco
3435 1975 3552 2018 nro-

1970 2057 2096 2096 vere
2143 2042 2333 2109 hostis,
2365 2056 2418 2100 et
2460 2047 2527 2101 de
2567 2049 2732 2116 gradu
2779 2049 3076 2116 decedere;
3125 2052 3218 2107 sed
3273 2053 3552 2110 solidanda

1968 2133 2186 2202 vestigia
2209 2145 2353 2198 sunt,
2378 2145 2430 2189 et
2452 2137 2762 2191 dicendum.
2789 2138 2984 2194 Statuit
3005 2158 3161 2212 supra
3182 2153 3377 2213 petram
3400 2146 3554 2214 pedes

1968 2237 2104 2275 meos
2134 2222 2251 2292 (Ps.
2285 2224 2374 2280 39.
2411 2226 2506 2294 3);
2545 2227 2645 2291 Et,
2678 2227 2834 2283 Petra
2862 2232 3117 2302 refugium
3147 2234 3400 2303 leporibus
3428 2236 3546 2306 (Ps.

1970 2313 2095 2368 103.
2130 2315 2222 2385 l8)
2249 2355 2264 2378 ,
2300 2332 2398 2386 pro
2429 2333 2538 2384 quo
2567 2320 2718 2374 multi
2753 2320 3064 2377 Herinaceos
3094 2325 3293 2395 legunt.
3329 2327 3552 2381 Herina-

1930 2405 2072 2457 «cies
2113 2405 2308 2460 animal
2383 2408 2548 2480 985
2624 2426 2844 2480 parvum
2866 2453 2881 2478 ,
2909 2423 2962 2467 et
2993 2414 3166 2484 fugax,
3195 2425 3250 2470 et
3279 2419 3550 2486 Spinarum

1965 2498 2213 2552 sentibus
2238 2512 2653 2570 przegravatum.
2697 2503 2800 2559 Sed
2849 2505 2969 2561 ideo
3010 2507 3165 2562 Jesus
3195 2511 3362 2578 spinis
3389 2527 3548 2565 coro-

1966 2598 2124 2642 natus
2163 2599 2244 2644 est
2269 2631 2285 2656 ,
2326 2601 2377 2644 et
2417 2604 2598 2648 nostra
2635 2595 2829 2651 delicta
2859 2599 3123 2666 portavit,
3171 2610 3224 2654 et
3267 2618 3363 2671 pro
3394 2603 3549 2661 nobis

1963 2676 2153 2744 doluit,
2190 2689 2243 2732 ut
2275 2680 2343 2735 de
2370 2683 2612 2738 sentibus
2643 2696 2696 2740 et
2728 2688 3164 2744 tribulationibus
3192 2691 3502 2748 feminarum
3525 2735 3547 2763 ,

1961 2771 2027 2825 ad
2065 2787 2198 2840 quas
2239 2771 2470 2839 dicitur,
2513 2775 2580 2830 In
2608 2778 2947 2833 anxietatibus
2970 2819 2986 2838 .
3020 2791 3067 2834 et
3099 2783 3355 2839 doloribus
3381 2787 3548 2855 paries

1962 2865 2174 2932 mulier,
2207 2876 2253 2920 et
2281 2868 2348 2919 ad
2377 2868 2537 2921 virum
2563 2869 2640 2939 (ά)
2663 2873 2921 2926 conversio
2948 2883 3055 2938 tua,
3085 2885 3131 2929 et
3158 2875 3266 2942 ipse
3287 2877 3359 2930 tui
3384 2878 3547 2932 domi-

1960 2959 2162 3013 nabitur
2189 2959 2398 3027 (Cenes.
2432 2963 2512 3030 3),
2543 2979 2679 3017 rosa:
2707 2965 3047 3033 virginitatis,
3080 2976 3132 3021 et
3157 2967 3262 3022 lilia
3285 2970 3547 3024 castitatis

1960 3060 2330 3104 nascerentur.
2365 3050 2519 3107 Unde
2546 3063 2598 3107 et
2628 3069 2857 3124 sponsus
2889 3058 3124 3124 pascitur
3152 3057 3290 3112 inter
3312 3059 3422 3113 lilia
3445 3101 3459 3124 ,
3489 3070 3546 3115 et

1960 3141 2099 3195 inter
2126 3143 2335 3210 euSqui
2368 3145 2680 3199 vestimenta
2727 3161 2820 3200 sua
2866 3163 2970 3201 non
3016 3150 3539 3220 coinquinaveruut,

1960 3232 2196 3301 virgines
2226 3235 2367 3286 enim
2411 3246 2858 3303 permanserunt.
2903 3239 3290 3309 audieruntque
3337 3257 3540 3310 prince-

1957 3335 2102 3391 ptum
2133 3342 2146 3378 :
2173 3323 2407 3378 Candida
2442 3326 2544 3378 sint
2584 3343 2782 3394 semper
2819 3329 3112 3382 vestimenta
3156 3340 3244 3383 tua
3281 3330 3447 3401 (lt‘ccl.
3481 3331 3541 3386 9.

1955 3413 2013 3478 8)
2039 3454 2053 3475 ,
2084 3424 2136 3467 et
2178 3417 2327 3484 quasi
2367 3428 2556 3471 auctor
2583 3418 2904 3489 virginitatis
2939 3431 2993 3475 et
3022 3421 3269 3492 princeps
3304 3423 3538 3492 loquitur

1953 3505 2287 3559 confidenter
2321 3524 2334 3560 :
2371 3506 2481 3577 Ego
2530 3509 2626 3577 ﬂos
2673 3511 2882 3576 campi,
2932 3519 2979 3564 et
3025 3511 3188 3565 lilium
3233 3513 3542 3567 convallium

1954 3593 2127 3662 (Cant.
2158 3595 2215 3649 2.
2249 3598 2324 3665 1).
2359 3597 2515 3652 Petra
2547 3599 2709 3668 igitur
2734 3599 2978 3668 leporum
3010 3610 3093 3654 est
3115 3643 3130 3666 ,
3163 3604 3250 3671 qui
3281 3604 3330 3655 in
3361 3619 3543 3670 perse-

1951 3684 2256 3739 cutionihus
2291 3686 2503 3755 fugiunt
2532 3687 2600 3741 de
2627 3687 2844 3743 civitate
2885 3689 2938 3742 in
2985 3690 3289 3754 civitatem;
3332 3707 3428 3746 nec
3468 3693 3538 3747 li-

1955 3788 2098 3831 tueut
2131 3778 2259 3832 illud
2291 3779 2709 3848 Propheticum:
2740 3781 2896 3834 Periit
2931 3786 3055 3853 fuga
3084 3801 3116 3836 a
3144 3801 3222 3837 me
3261 3783 3377 3854 (Ps.
3409 3786 3534 3840 Ml.

1951 3870 2029 3939 5).
2063 3869 2263 3923 Montes
2293 3881 2460 3924 autem
2487 3873 2673 3926 excelsi
2693 3874 2874 3939 cervis,
2899 3890 3126 3944 quorum
3154 3875 3357 3930 colubri
3383 3876 3541 3931 cibus

1951 3970 2095 4025 sunt,
2125 3976 2261 4031 quos
2287 3962 2464 4017 educit
2489 3979 2620 4034 puer
2647 3966 2896 4034 parvulus
2916 3965 2984 4021 de
3015 3967 3291 4034 foramine,
3320 3969 3540 4038 quando

1952 4051 2148 4121 pardus
2187 4061 2240 4106 et
2279 4053 2470 4108 haedus
2501 4056 2849 4126 requiescunt
2889 4058 3085 4122 simul;
3126 4070 3180 4114 et
3224 4059 3320 4113 hos
3359 4069 3413 4115 et
3451 4061 3538 4115 leo

1949 4142 2238 4196 cmucdunt
2265 4144 2466 4212 paleas,
2497 4155 2552 4198 ut
2573 4161 2907 4217 nequaquam
2933 4147 3028 4202 bos
3049 4149 3220 4204 discat
3242 4149 3532 4214 feritatem,

1949 4235 2043 4290 sed
2092 4235 2175 4290 leo
2220 4235 2478 4292 doceatur
2519 4239 3007 4294 mansuetudinem.
3060 4240 3413 4296 Revertamur
3465 4242 3536 4298 ad

1951 4327 2281 4398 propositum
2323 4330 2710 4384 testimonium.
2760 4331 2821 4386 Si
2865 4333 3073 4402 spiritus
3112 4343 3406 4404 potestatem
3438 4332 3534 4385 lia-

1949 4421 2108 4474 bentis
2137 4423 2417 4477 ascenderit
2457 4441 2609 4494 super
2649 4432 2730 4486 te,
2765 4423 2933 4479 locum
2975 4434 3115 4479 tuum
3153 4445 3216 4480 ne
3258 4428 3532 4480 dimiseris.

1949 4512 2073 4567 Post
2105 4513 2245 4582 quod
2274 4514 2516 4585 sequitur
2543 4533 2554 4567 :
2583 4514 2717 4580 Quia
2745 4517 2940 4569 curatio
2979 4518 3235 4586 quiescere
3263 4517 3385 4587 facit
3415 4533 3532 4585 pec-

1946 4617 2061 4656 cata
2089 4606 2334 4660 maxime.
2362 4606 2460 4673 Qui
2493 4607 2794 4660 versiculus
2824 4609 2964 4662 hunc
2997 4608 3156 4662 habet
3185 4623 3400 4662 sensum
3430 4629 3444 4662 :
3472 4608 3533 4665 Si

1948 4693 1999 4747 in
2033 4693 2387 4762 cogitationes
2429 4706 2546 4750 tuas
2574 4695 2801 4750 coluber
2823 4698 3149 4762 ascenderit,
3178 4701 3322 4753 omni
3351 4707 3534 4754 custo-

1945 4785 2029 4852 dia
2058 4798 2212 4837 serva
2238 4799 2332 4838 cor
2359 4795 2528 4847 tuum,
2558 4794 2612 4839 et
2637 4801 2757 4840 cum
2788 4787 2953 4840 David
2987 4789 3164 4843 canito
3189 4807 3200 4841 :
3226 4789 3301 4844 Ab
3323 4791 3534 4847 occultis

1945 4873 2068 4926 meis
2095 4874 2286 4926 munda
2315 4891 2412 4939 me,
2433 4874 2647 4930 Domine
2672 4892 2689 4929 :
2711 4887 2759 4930 et
2786 4880 2850 4932 ab
2884 4880 3065 4948 alienis
3095 4897 3246 4950 parce
3273 4898 3414 4936 servo
3445 4892 3533 4938 tua

1945 4962 2065 5033 (Ps.
2110 4965 2194 5018 18.
2239 4965 2364 5031 l3),
2397 4975 2450 5020 et
2477 4966 2542 5020 ad
2585 4979 2861 5036 peccatum
2901 4970 3195 5026 maximum
3222 5016 3237 5040 ,
3282 4974 3355 5046 (ε)
3385 4977 3532 5046 quod

1943 5071 2105 5123 opere
2132 5066 2487 5126 perpetratur,
2513 5074 2844 5130 nequaquam
2877 5063 3160 5130 parvenies
3183 5081 3196 5118 :
3221 5065 3314 5120 sed
3344 5067 3530 5120 incen-

1945 5147 2046 5198 tiva
2076 5146 2322 5201 vitiorum
2363 5148 2542 5203 statim
2573 5150 2624 5205 in
2663 5163 2840 5207 mente
2859 5153 3164 5223 jugulabis,
3193 5167 3246 5211 et
3270 5158 3524 5227 parvulos

1943 5236 2229 5308 Babylonis
2257 5237 2447 5293 allides
2482 5240 2548 5295 ad
2583 5251 2824 5310 petram;
2853 5244 2904 5297 iu
2933 5259 3038 5313 qua
3068 5247 3331 5313 serpentis
3355 5248 3524 5300 vesti-

1939 5327 2024 5395 gia
2053 5343 2157 5381 non
2187 5330 2546 5398 reperiuntur,
2575 5340 2836 5404 cauteque
2860 5334 3086 5389 Domino
3114 5335 3392 5402 promittes
3417 5354 3432 5390 :
3458 5336 3523 5390 Si

2002 5502 2072 5563 (c)
2109 5503 2220 5552 Duo
2243 5503 2355 5553 Mss.
2382 5505 2475 5554 sed
2497 5505 2670 5569 pavido
2693 5458 2855 5571 algae
2875 5505 3164 5556 monitorum
3183 5501 3356 5613 ogicio.

2002 5565 2080 5613 (di
2115 5565 2227 5613 Mss.
2267 5565 2448 5613 addunt
2483 5575 2616 5613 tuum
2654 5577 2761 5613 post
2795 5569 2990 5613 cirum:
3033 5578 3210 5613 ouema
3246 5567 3354 5613 mod

2002 5565 2080 5630 (ά)
2115 5565 2227 5614 Mss.
2267 5565 2452 5630 addunt
2483 5565 2616 5617 tuum
2654 5565 2990 5630 post'rirum;
3033 5565 3528 5630 quemadmodumget

1939 5625 2166 5691 bebrzrats
2190 5635 2358 5691 te_x_tus
2381 5629 2547 5686 habet,
2571 5625 2720 5690 atque
2744 5631 2791 5677 iu
2817 5628 2988 5691 primis
3020 5625 3230 5688 graecus,
3259 5640 3320 5675 ex
3339 5641 3436 5690 quo
3455 5628 3527 5676 lo-

1939 5700 2050 5736 cum
2085 5687 2213 5739 hunc
2235 5689 2559 5753 Hieronymus
2581 5687 2780 5750 reeitat,
2807 5687 2867 5740 is;
2887 5701 2975 5752 πρὸς
3013 5687 3075 5738 τὶν
3119 5695 3240 5750 ἄνδρα
3279 5687 3404 5746 ms
3431 5701 3524 5739 ἁκο-

1939 5774 2073 5811 στροςη
2097 5774 2175 5798 aeu.

2000 5814 2068 5872 (c)
2106 5811 2225 5862 Vide
2259 5812 2410 5873 epist.
2573 5824 2702 5860 num.
2731 5811 2804 5862 ll.
2832 5816 2934 5860 not.
