4080 6340
562 369 716 463 itis

560 518 659 572 mei
694 532 796 569 non
839 513 1025 586 fuerint
1063 510 1310 564 dontinati
1337 525 1354 563 :
1378 518 1494 562 tunc
1537 507 1896 561 immaculatus
1933 524 2059 572 ero,
2090 517 2137 560 et

559 605 870 663 emundobor
895 621 926 656 a
951 603 1130 656 delicto
1160 600 1412 670 ntaximo(
1423 599 1510 654 Ps.
1535 601 1619 654 l8.
1644 599 1753 668 ll).
1772 598 1884 653 lloc
1901 599 2139 668 estquod

558 699 688 754 alibi
735 698 1008 763 Scriptura
1055 701 1316 748 testatur:
1347 690 1564 744 Peccatu
1606 699 1809 760 patrum
1849 688 2057 742 reddam
2089 689 2141 742 in

561 790 695 857 [ilios
721 790 771 842 in
798 789 993 840 tertiam
1021 771 1144 838 et\in
1170 796 1400 854 quartam
1426 783 1798 852 generationem
1825 779 1905 850 (Ν
1911 797 2015 833 ιιιιι.
2050 780 2138 833 Η.

563 883 691 952 l8);
736 890 793 935 ut
829 877 1180 948 cogitationes
1227 884 1436 930 nostras
1485 874 1784 943 mentisque
1819 872 2094 925 decretum
2123 909 2138 935 ,

562 989 670 1028 non
697 973 876 1026 statim
907 969 1123 1039 puniat,
1157 967 1249 1022 sed
1278 966 1468 1020 reddat
1507 967 1558 1020 in
1601 963 1830 1033 posteris
1850 1003 1864 1025 ,
1900 961 1950 1014 id
1975 969 2058 1014 est
2087 962 2140 1014 in

564 1066 720 1119 malis
741 1064 1017 1133 operibus,
1051 1072 1098 1113 et
1134 1062 1183 1112 in
1211 1059 1528 1113 delictorum
1560 1055 1982 1127 perseverantia,
2007 1067 2140 1120 quo-

561 1156 704 1209 niam
736 1169 830 1224 per
856 1156 1018 1205 Amos
1046 1151 1278 1219 loquitur
1303 1166 1314 1202 :
1343 1148 1511 1216 Super
1535 1146 1691 1200 tribus
1718 1156 1767 1201 et
1793 1155 2009 1216 quatuor
2040 1144 2140 1196 im-

564 1246 834 1314 pietatibus
856 1244 1015 1304 illius,
1042 1253 1085 1295 et
1107 1242 1245 1295 illius
1265 1241 1499 1302 civitatis,
1520 1253 1686 1292 nonne
1732 1235 2000 1290 aversabor
2027 1251 2141 1288 eant

560 1339 756 1410 (Amos.
791 1339 842 1392 l.
867 1338 919 1392 5.
949 1350 992 1390 et
1013 1336 1064 1389 ἓ.
1094 1336 1190 1402 4)?

627 1430 794 1502 986
863 1430 917 1483 9.
960 1428 1083 1482 llrc
1109 1427 1304 1478 cursim
1327 1425 1476 1493 quasi
1506 1423 1573 1478 de
1599 1431 1756 1492 prato
1781 1420 2140 1490 pulcherrimo

558 1531 865 1576 sanctarum
892 1520 1308 1588 Scripturartun,
1337 1530 1525 1585 parvos
1553 1513 1713 1567 ﬂores
1737 1514 2002 1582 carpsisse
2031 1510 2142 1564 suf-

558 1616 698 1668 lieiat
727 1629 824 1682 pro
849 1613 1263 1666 connnonitionc
1295 1609 1366 1661 tui
1395 1625 1407 1667 ;
1433 1615 1490 1660 ut
1513 1616 1568 1660 et
1589 1605 1808 1660 claudas
1835 1603 2139 1660 cubiculum

558 1707 790 1775 pectoris
811 1746 824 1764 ,
851 1717 902 1758 et
928 1703 1118 1756 crebro
1146 1702 1424 1771 signarqu
1464 1701 1640 1754 crucis
1672 1699 1882 1753 munias
1912 1699 2138 1751 frontem

557 1806 726 1860 tuam,
755 1812 820 1850 ne
840 1794 1224 1849 exterminatur
1249 1791 1464 1862 Egypti
1501 1791 1550 1844 in
1583 1799 1633 1844 te
1662 1789 1833 1843 locum
1867 1787 2097 1856 reperiat
2123 1803 2138 1851 ;

556 1887 652 1942 sed
679 1886 1049 1957 primogenita,
1080 1901 1200 1955 qua:
1230 1885 1367 1952 apud
1398 1881 1679 1954 Egyptios
1705 1892 1948 1951 pereunt,
1979 1880 2030 1934 in
2057 1892 2143 1933 tua

559 1992 738 2035 mente
781 1983 1075 2044 solventur,
1109 1989 1164 2034 et
1209 1977 1357 2031 dicas
1385 1992 1505 2030 cum
1549 1973 1811 2044 Propheta
1843 1990 1857 2026 :
1893 1969 2143 2026 Paratum

557 2093 646 2130 cor
666 2092 848 2136 meum,
887 2073 1046 2136 Deus,
1076 2082 1310 2142 paratum
1340 2087 1428 2123 cor
1456 2085 1620 2122 nteant
1641 2084 1660 2122 :
1689 2066 1902 2120 cantabo
1931 2075 1976 2120 et
2006 2065 2144 2135 psal-

557 2168 683 2220 lam.
718 2165 922 2234 Exurge
949 2165 1114 2234 gloria
1144 2179 1275 2226 mea,
1302 2177 1487 2231 exurge
1518 2158 1813 2229 psalterium
1835 2167 1903 2212 et
1947 2157 2145 2210 cithara

555 2256 729 2327 (Psal.
757 2258 874 2311 ΗΠ.
905 2256 953 2309 l.
977 2265 1022 2306 et
1041 2254 1119 2322 2).
1145 2254 1314 2320 Quam
1332 2266 1604 2305 assumere
1625 2249 1839 2318 jubetur
1862 2256 1918 2302 et
1947 2245 2142 2317 Tyrus,

558 2339 738 2403 multis
766 2356 1102 2416 peccatorum
1143 2346 1386 2396 confossa
1418 2341 1762 2404 vulneribus;
1797 2351 1852 2393 nt
1879 2348 1999 2408 agat
2027 2354 2143 2406 pm-

559 2442 858 2503 nizeatiam,
892 2449 947 2493 et
993 2438 1228 2492 maculas
1262 2436 1496 2503 pristina.-
1536 2432 1810 2492 l'a-ditatis,
1837 2447 1956 2483 eum
1989 2431 2144 2483 Petro

558 2537 758 2589 amaris
810 2532 1059 2601 lacrytnis
1108 2530 1308 2582 abluat.
1341 2527 1534 2580 Verum
1564 2539 1663 2578 nos
1713 2521 1792 2594 (η)
1841 2525 2144 2590 ignoremus

561 2627 954 2694 paenitentiam,
984 2637 1050 2676 ne
1082 2620 1232 2674 facile
1265 2630 1566 2688 peccemus.
1599 2615 1689 2669 Illa
1730 2615 1880 2684 quasi
1910 2613 2142 2668 secunda

559 2727 679 2786 post
709 2714 1041 2783 naufragium
1061 2712 1274 2766 miseris
1303 2709 1475 2763 tabula
1503 2709 1603 2762 sit:
1632 2709 1682 2761 in
1713 2708 1912 2776 virgine
1937 2707 2140 2777 integra

559 2818 803 2863 servetur
830 2808 1000 2859 navis.
1033 2802 1190 2857 Aliud
1236 2811 1318 2856 est
1360 2813 1601 2870 quarere
1639 2800 1779 2869 quod
1821 2798 2138 2868 perdideris,

557 2896 699 2952 aliud
730 2907 813 2952 est
855 2895 1126 2966 possidere
1152 2893 1292 2963 quod
1333 2907 1600 2959 nunquam
1623 2891 1884 2945 amiseris.
1917 2889 2069 2946 Unde
2089 2897 2145 2944 et

558 2990 846 3059 Apostolus
875 2985 1168 3057 castigabat
1217 2999 1413 3053 corpus
1452 2998 1627 3046 suum,
1661 2992 1715 3034 et
1746 2979 1798 3034 in
1830 2982 2141 3035 servitutem

561 3080 832 3150 redigebat
856 3095 870 3144 ;
901 3094 968 3132 ne
993 3078 1110 3132 aliis
1139 3076 1452 3146 pra-dicatis,
1479 3075 1593 3144 ipse
1637 3073 1897 3142 reprobus
1937 3071 2144 3126 inveni-

561 3175 1120 3239 retur;corporisque
1162 3185 1225 3222 ex
1271 3183 1493 3237 persona
1543 3164 1757 3234 generis
1797 3163 2012 3217 humani
2063 3163 2144 3216 in-

561 3263 860 3316 ﬂammatus
902 3261 1203 3324 ardoribus,
1246 3257 1606 3324 loquebatur:
1641 3253 1798 3307 Miser
1824 3271 1914 3321 ego
1958 3254 2138 3316 homo,

557 3355 668 3422 quis
698 3371 776 3407 me
795 3353 1021 3407 liberabit
1048 3352 1111 3404 de
1139 3367 1348 3420 corpore
1369 3348 1543 3402 mortis
1570 3349 1718 3416 hujus
1747 3344 1991 3413 (Ilotn.7.
2010 3341 2144 3410 24)?

562 3445 628 3499 Et
657 3444 846 3498 iterum
881 3461 893 3496 :
930 3443 1052 3496 Scio
1077 3443 1195 3512 quia
1239 3458 1338 3493 non
1390 3439 1581 3491 ltabitat
1620 3439 1670 3488 in
1722 3452 1818 3498 me,
1852 3434 1946 3486 hoc
1971 3443 2061 3494 est,
2089 3434 2142 3484 in

556 3555 710 3592 carne
731 3554 839 3591 mea
868 3538 1051 3590 bonum
1079 3551 1097 3588 :
1136 3533 1273 3588 l’elle
1298 3533 1430 3585 enim
1459 3531 1658 3602 adjacet
1685 3528 1843 3590 mihi;
1875 3536 1928 3578 ut
1956 3525 2143 3595 faciam

557 3641 724 3683 autem
749 3630 955 3685 bonum.
991 3640 1326 3693 nequaquam.
1359 3621 1536 3691 Neque
1574 3620 1704 3672 enim
1731 3617 1866 3687 quod
1892 3616 2021 3680 volo,
2049 3616 2142 3668 bo-

557 3739 699 3785 num,
726 3719 814 3775 sed
841 3719 977 3788 quod
996 3715 1354 3780 nolomalum,
1386 3714 1481 3766 hoc
1504 3714 1636 3783 facio
1667 3708 1922 3781 (lbidJS.
1952 3719 1998 3762 et
2029 3707 2140 3776 l9).

557 3821 622 3876 Et
646 3819 853 3873 denuo:
877 3815 978 3884 Qui
1007 3816 1058 3870 in
1088 3829 1240 3866 carne
1265 3819 1400 3876 sunt,
1431 3807 1536 3861 Deo
1565 3807 1761 3873 placere
1790 3821 1890 3857 non
1911 3811 2140 3874 possunt.

567 3910 667 3965 Vos
693 3920 860 3964 autem
887 3925 985 3961 non
1023 3906 1141 3960 estis
1167 3905 1216 3956 in
1245 3917 1398 3954 carne
1420 3941 1435 3965 ,
1463 3897 1552 3952 sed
1577 3898 1629 3950 in
1655 3894 1837 3965 spiritu
1864 3911 1882 3948 :
1911 3895 1954 3947 si
1978 3904 2142 3945 tamen

555 4005 764 4073 spiritus
795 4000 891 4054 Dei
920 4000 1110 4052 habitat
1137 3997 1188 4048 in
1217 3993 1352 4046 vobis
1381 3989 1539 4060 (Ibid.
1573 3989 1626 4043 8.
1655 3990 1710 4042 8.
1737 3997 1782 4040 et
1811 3987 1891 4052 9).

631 4097 718 4150 l0.
763 4094 886 4147 Post
917 4089 1300 4158 cogitationum
1323 4081 1786 4152 diligentissimam
1816 4069 2140 4138 cautitinent,

553 4188 878 4256 jejuniorum
932 4181 1023 4235 tibi
1063 4193 1207 4230 arma
1261 4171 1516 4227 sumenda
1571 4179 1714 4233 sunt,
1749 4178 1801 4221 ot
1845 4167 2142 4220 canendum

557 4295 678 4333 cum
738 4274 900 4328 David
958 4288 972 4324 :
1033 4265 1310 4322 llumiliavi
1363 4265 1415 4315 in
1454 4262 1657 4332 jejunio
1701 4261 1926 4311 animam
1983 4273 2146 4309 nteant

563 4367 733 4436 (Psal.
761 4367 845 4420 68.
878 4362 985 4432 ll).
1012 4361 1094 4422 Et,
1130 4359 1344 4411 cinerem
1373 4363 1613 4421 tanquam
1637 4366 1814 4420 panem
1846 4349 2144 4401 manducavi

559 4459 736 4528 (Psul.
771 4457 888 4511 lOl.
923 4454 1032 4520 10).
1071 4451 1126 4505 Et
1153 4493 1167 4513 ,
1192 4465 1303 4501 cum
1334 4444 1530 4500 molesti
1558 4451 1699 4495 erant
1729 4440 1871 4504 mihi,
1905 4440 2147 4492 imluebar

557 4551 724 4605 cilicio
755 4547 927 4620 (l’sal.
961 4545 1048 4600 54.
1079 4542 1184 4612 15).
1213 4541 1317 4594 Eva
1349 4553 1442 4606 per
1463 4535 1638 4589 cibum
1664 4532 1832 4599 eiet-ta
1863 4531 2035 4585 estde
2057 4546 2146 4600 pa—

560 4641 758 4696 radiso.
777 4639 914 4693 Elius
943 4634 1289 4706 quadraginta
1321 4629 1527 4684 dierum
1557 4626 1886 4680 exercitatus
1915 4621 2143 4689 jejunio,

560 4736 718 4806 igneo
758 4746 916 4786 curru
961 4727 1074 4796 rapi
1103 4742 1164 4779 ιιι·
1193 4725 1244 4778 in
1276 4723 1470 4778 «mium
1497 4721 1513 4788 (
1540 4718 1593 4773 5.
1625 4715 1752 4787 Reg.
1782 4715 1848 4770 l9
1875 4715 1916 4784 ).
1939 4713 2147 4786 Moyses

560 4826 906 4897 quadraginta
936 4821 1121 4876 diebus
1146 4832 1206 4871 ac
1237 4815 1501 4873 noctibus.
1536 4809 1892 4864 familiaritate
1940 4817 1993 4861 et
2029 4821 2144 4859 ser-

562 4934 720 4974 mone
762 4917 854 4970 Dci
901 4914 1132 4986 pascitur
1175 4907 1480 4983 (Exodi-5.
1507 4917 1550 4958 et
1581 4904 1704 4972 55);
1735 4902 1785 4954 in
1834 4917 1894 4955 se
1933 4897 2148 4952 verissi-

565 5025 708 5064 mum
755 5007 986 5077 probans
1015 5002 1154 5072 quod
1191 5002 1427 5054 dicitur:
1466 4995 1580 5050 Non
1624 4997 1674 5047 in
1720 4993 1828 5046 solo
1859 5008 1990 5062 pane
2031 4991 2146 5044 vit-it
2183 5036 2196 5071 ν

565 5104 735 5163 homo,
765 5098 854 5152 sed
897 5097 953 5149 in
993 5096 1128 5148 omni
1173 5093 1318 5146 verbo
1363 5089 1499 5159 quod
1543 5087 1770 5158 procedit
1818 5085 1880 5137 de
1924 5101 2012 5138 ore
2054 5083 2147 5137 Dei

566 5194 777 5264 (Matth.
810 5187 924 5257 Μ).
954 5187 1198 5240 Salvator
1224 5184 1435 5253 generis
1465 5179 1678 5234 humani
1703 5219 1719 5241 ,
1767 5176 1854 5246 qui
1894 5177 2145 5229 virtutum

565 5298 612 5340 ct
648 5279 1068 5338 eoin'ersationis
1116 5292 1226 5327 su-t-
1276 5273 1429 5326 nobis
1480 5270 1688 5339 reliquit
1722 5269 1794 5338 (b)
1821 5267 2145 5334 exetuplnm,

564 5379 726 5452 987
787 5384 920 5448 post
970 5373 1286 5442 baptisnnnn
1328 5367 1506 5417 statim
1553 5357 1842 5416 assumitur
1884 5378 1911 5412 a
1959 5359 2147 5429 spiritu

633 5518 705 5577 tu)
740 5510 962 5573 Negandi
1005 5504 1284 5577 particulam
1327 5503 1458 5577 addit
1501 5499 1830 5577 Cistereiense
1873 5494 2148 5577 eitemlplfu-2

579 5559 757 5627 rerum
771 5559 988 5624 "ratio:
1006 5559 1281 5632 ignoremus
1299 5605 1313 5626 ν
1338 5572 1455 5618 εἰει.
1483 5576 1593 5626 qui”
1631 5561 1771 5632 “(illis
1801 5573 1898 5608 ηοιι
1923 5571 1976 5620 1η·
1978 5559 2151 5606 "bam?

570 5622 964 5707 quodad
985 5622 1267 5707 Hieronymi
1291 5622 1516 5707 mentem:
1531 5622 1729 5707 non

644 5680 962 5760 (ii’i’éétittis?
987 5680 1227 5760 dispiritu
1246 5729 1260 5752 ,
1289 5705 1349 5740 ex
1376 5687 1484 5738 aliis
1495 5684 1753 5760 impressis
1788 5695 1844 5729 ac
1869 5680 1981 5760 ηδε.
2009 5691 2152 5760 repp:

572 5739 774 5815 subidus,
793 5739 1354 5821 ἷιῖιῶἶιιῆιιῖδίὸῆιξιῖόιῃ
1367 5739 1617 5821 sequimur
1628 5754 1679 5821 -et
1690 5746 1781 5815 iam
1804 5742 1958 5821 paulo.
2091 5739 2152 5788 ad

575 5802 787 5884 Xinisioli
799 5802 1423 5884 135155511}subierimus
1441 5802 1608 5884 i'estris
1628 5807 1663 5884 lt
1680 5802 1837 5884 trimus
1853 5806 1994 5869 juxta
2017 5802 2152 5854 Grae-

575 5875 704 5944 cutu,
731 5892 782 5934 et
807 5880 1085 5943 Vulgatutn,
1109 5875 1380 5931 cunt'antea
1409 5881 1540 5926 esset
1562 5875 1754 5923 nostris.

1870 373 2525 450 SANCTIIHERONYMl

3687 396 3820 460 {its

2253 518 2309 560 ut
2339 521 2532 579 pugnet
2554 508 3056 580 contra'diabolum,
3087 521 3139 568 et
3170 525 3492 584 Oppressum
3513 516 3670 586 atque
3691 534 3822 576 con-

2251 599 2471 664 tritum,
2531 600 2704 654 tradat
2766 601 3042 672 discipulis
3087 605 3528 660 conculcandnm.
3581 607 3730 664 Unde
3773 621 3826 666 et

2249 692 2539 756 Apostolus
2566 693 2797 762 loquitur
2825 713 2839 749 :
2868 697 3004 753 Deus
3029 711 3194 755 autem
3222 713 3438 756 conteret
3464 703 3712 759 Satanam
3737 711 3826 761 sub

2248 782 2457 851 pedibus
2486 785 2662 838 vestris
2687 787 2918 842 velociter
2945 790 2963 861 (
2988 789 3136 845 Rom.
3173 793 3255 846 l6.
3279 792 3394 860 20).
3425 792 3492 846 Et
3522 803 3695 849 tamen
3737 796 3829 851 ho-

2218 875 2344 959 \stis
2371 876 2619 944 antiquus
2653 888 2769 946 post
2800 881 3149 951 quadraginta
3180 883 3384 938 dierum
3414 883 3673 953 jejunium
3697 925 3712 949 ,
3737 901 3829 954 per

2247 963 2422 1017 cilnun
2454 967 2670 1019 tnolitttr
2700 969 2937 1036 insidias,
2962 983 3010 1024 et
3043 973 3176 1028 dicit
3209 992 3221 1027 :
3253 974 3314 1028 Si
3345 966 3511 1028 Filius
3541 974 3637 1028 Dei
3657 992 3728 1038 es,
3752 977 3829 1032 die

2245 1066 2300 1106 ut
2327 1056 2522 1123 lapides
2546 1059 2630 1111 isti
2649 1075 2802 1128 panes
2825 1063 2949 1128 [iant
2975 1063 3187 1132 (Matth.
3208 1065 3264 1120 4.
3288 1066 3368 1135 ὅ).
3393 1065 3447 1119 ιιι
3471 1067 3630 1136 Lege,
3650 1083 3829 1126 menso

2246 1151 2474 1216 septimo
2513 1163 2626 1219 post
2671 1153 2978 1224 clangorem
3012 1157 3256 1210 tubarum
3287 1157 3498 1211 decimo
3517 1158 3605 1212 die
3635 1160 3828 1215 mensis

2247 1240 2406 1293 totius
2430 1242 2604 1310 gentis
2636 1241 2871 1297 Ilcbrma'
2895 1245 3154 1314 jejunium
3198 1255 3280 1300 est
3306 1263 3319 1306 ;
3347 1256 3402 1301 et
3445 1249 3830 1304 exterminatur

2248 1328 2332 1382 illa
2355 1331 2528 1384 anima
2559 1331 2627 1386 de
2655 1335 2852 1402 popqu
2881 1349 2998 1397 suo,
3029 1353 3148 1405 qua:
3171 1339 3506 1392 saturitatem
3539 1342 3833 1408 praetulerit

2245 1421 2609 1476 continentias.
2638 1424 2694 1480 In
2725 1424 2826 1480 Job
2865 1428 3123 1497 scriptum
3151 1437 3234 1482 est
3259 1428 3326 1484 de
3345 1429 3578 1484 dracone
3609 1444 3624 1483 :
3664 1429 3829 1486 Virtus

2245 1512 2355 1580 ejus
2382 1515 2434 1565 in
2463 1515 2643 1568 lumbis
2672 1518 2803 1586 ejus,
2837 1529 2883 1571 et
2909 1520 3157 1589 fortitudo
3191 1521 3328 1575 illius
3357 1538 3511 1592 super
3537 1524 3827 1577 untbilicttm

2245 1606 2430 1657 ventris
2456 1606 2567 1675 ejus
2593 1606 2732 1678 (Job.
2756 1609 2873 1676 58).
2906 1611 3199 1664 Adversum
3225 1612 3450 1679 juvenes
3487 1623 3540 1665 et
3584 1615 3784 1682 puellas
3807 1656 3822 1680 ,

2246 1693 2417 1748 aetatis
2437 1696 2627 1750 ardore
2651 1698 2819 1752 hostis
2850 1713 3035 1756 noster
3055 1703 3312 1762 abutitur.
3337 1712 3392 1758 et
3418 1704 3710 1758 inflammat
3738 1723 3824 1758 ro-

2247 1791 2352 1838 tam
2381 1786 2670 1842 nativitatis
2703 1799 2921 1855 nostm',
2945 1801 2998 1846 et
3048 1792 3233 1860 implut
3273 1794 3398 1848 illud
3429 1794 3604 1849 Osee:
3643 1793 3828 1850 Omnes

2245 1879 2586 1934 adulterantes
2609 1922 2622 1942 .
2651 1885 2800 1952 quasi
2824 1885 3053 1938 clibanus
3081 1887 3236 1939 corda
3261 1904 3434 1941 eorum
3469 1887 3638 1957 (Osee.
3665 1889 3718 1942 7.
3746 1889 3822 1955 4)”,

2246 1985 2366 2036 qua:
2391 1970 2484 2026 Dei
2516 1972 2908 2036 misericordia,
2938 1985 2994 2029 et
3015 1977 3340 2044 jejuniormn
3387 1979 3560 2045 rigore
3594 1976 3705 2049 [:d.
3738 1981 3826 2048 {ri-

2247 2060 2410 2132 gore]
2442 2063 2863 2132 restinguuntur.
2893 2065 3016 2120 llzec
3043 2077 3165 2121 sunt
3216 2069 3378 2136 ignita
3409 2068 3604 2122 diaboli
3631 2070 3823 2138 jacula,

2247 2165 2367 2219 quae
2386 2152 2544 2205 simul
2573 2163 2625 2206 ct
2646 2153 2926 2208 vulnerant
2957 2165 3012 2210 et
3031 2157 3381 2222 inﬂammant,
3403 2170 3457 2213 et
3477 2175 3504 2210 a
3524 2175 3648 2225 rege
3665 2161 3827 2232 Baby-

2249 2241 2393 2295 lonio
2420 2242 2588 2297 tribus
2633 2245 2803 2314 pueri,
2824 2259 3209 2316 praeparantur,
3241 2250 3326 2318 qui
3357 2250 3625 2304 succendit
3656 2253 3799 2305 torua

2247 2350 2364 2387 cent
2409 2335 2757 2406 quadraginta
2789 2355 2980 2393 novem
3013 2318 3337 2408 cubitorum,
3387 2343 3587 2397 habens
3618 2353 3675 2398 et
3717 2345 3833 2413 ipse

2247 2435 2450 2494 septem
2494 2427 2852 2485 hebdomadas
2881 2433 2946 2484 ad
2993 2433 3366 2501 petditionetn,
3403 2450 3533 2503 quas
3578 2437 3826 2490 Dominus

2247 2517 2517 2572 observari
2541 2519 2774 2588 jusserat
2795 2523 2859 2575 ad
2886 2525 3134 2578 salutem.
3157 2523 3262 2579 Sed
3288 2525 3555 2594 quomodo
3584 2527 3651 2579 ibi
3675 2542 3828 2594 quar-

2250 2618 2333 2661 tus
2377 2609 2610 2678 speciem
2661 2611 2866 2668 habens
2912 2615 3060 2683 quasi
3117 2614 3209 2668 lilii
3261 2615 3510 2681 hominis,
3542 2617 3828 2671 immensos

2249 2701 2508 2770 mitigavit
2559 2703 2799 2766 ardores,
2830 2715 2884 2758 et
2915 2706 3052 2761 inter
3099 2708 3293 2762 camini
3323 2709 3602 2762 :rstnantis
3651 2711 3829 2762 incen-

2247 2791 2391 2846 dium
2421 2794 2602 2848 docuit
2631 2795 2873 2850 ﬂammas
2898 2799 3128 2852 calorem
3159 2801 3426 2866 amittere,
3455 2810 3509 2854 et
3536 2801 3678 2854 aliud
3707 2816 3829 2854 ocu-

2249 2883 2313 2937 lis
2341 2886 2676 2953 comminari,
2702 2887 2844 2943 aliud
2873 2889 3110 2956 praebere
3138 2894 3320 2952 tactui,
3344 2892 3421 2944 sic
3457 2901 3510 2945 et
3555 2892 3607 2945 in
3652 2895 3836 2945 animo

2249 2975 2490 3044 virginali
2517 3017 2533 3039 ,
2563 2993 2684 3033 rore
2707 2980 2936 3042 cmlesti,
2968 2990 3020 3034 et
3050 2979 3374 3049 jejuniorutn‘
3396 2983 3571 3049 rigore
3599 2983 3712 3055 [aL
3736 2985 3828 3053 fri-

2246 3065 2408 3139 gore],
2438 3069 2586 3122 calor
2614 3069 2864 3137 puellaris
2893 3072 3248 3140 extinguitur,
3269 3083 3323 3127 et
3363 3073 3414 3125 in
3446 3073 3683 3127 humano
3711 3089 3833 3128 cor~

2250 3171 2409 3225 pore,
2442 3158 2750 3229 angelorum
2805 3159 3121 3227 impetratur
3161 3166 3520 3216 conversatio.
3553 3163 3726 3231 Quam
3765 3164 3839 3218 ob

2248 3261 2359 3298 rem
2390 3255 2443 3299 et
2484 3261 2578 3300 vas
2621 3247 2895 3300 electionis
2936 3248 3004 3302 de
3045 3251 3336 3318 virginibus
3382 3267 3442 3304 se
3469 3252 3597 3307 dicit
3621 3255 3834 3308 Domini

2247 3351 2354 3389 non
2386 3335 2580 3390 habere
2608 3345 2930 3406 praeceptum
2963 3338 3038 3408 (ι.
3061 3338 3179 3392 Cor.
3208 3339 3284 3410 7),
3309 3342 3428 3409 quia
3458 3352 3648 3397 contra
3685 3353 3831 3398 natu-

2248 3440 2382 3487 ram.
2415 3425 2523 3479 imo
2545 3427 2677 3480 ultra
2712 3437 2952 3482 naturam
2978 3437 3081 3494 est,
3116 3446 3219 3484 non
3251 3446 3506 3486 exercere
3528 3434 3681 3503 quod
3712 3445 3829 3490 nata

2246 3516 2320 3569 sis
2352 3534 2367 3572 :
2394 3515 2695 3572 interﬁcere
2723 3518 2774 3572 in
2805 3527 2857 3573 te
2879 3518 3112 3574 radicem
3138 3530 3303 3585 tuam,
3335 3531 3388 3576 et
3417 3522 3530 3576 sola
3552 3523 3829 3594 virginita-

2249 3608 2318 3659 tis
2345 3623 2496 3677 potna
2519 3608 2826 3677 decerpere,
2857 3611 3066 3665 nescire
3095 3611 3326 3677 thorutn,
3346 3627 3564 3668 omnem
3591 3615 3826 3670 virorum

2250 3699 2468 3755 horrere
2496 3709 2819 3766 contactum,
2841 3711 2894 3756 et
2917 3701 2966 3756 in
2998 3718 3221 3772 corpore
3248 3706 3425 3758 vivere
3443 3705 3560 3761 sine
3582 3721 3826 3778 corpore.

2323 3793 2409 3846 ll.
2450 3792 2632 3864 Neque
2658 3808 2786 3848 vero
2816 3793 3166 3849 immoderata
3221 3797 3313 3850 tibi
3341 3797 3667 3867 imperamus
3691 3800 3828 3870 jeju-

2250 3885 2356 3945 nia,
2385 3892 2442 3938 et
2468 3899 2742 3938 enormem
2774 3883 3014 3938 ciborum
3045 3885 3416 3942 abstinentiam
3443 3927 3457 3949 ,
3491 3887 3684 3956 quibus
3713 3899 3826 3943 sta-

2251 3980 2340 4030 tim
2391 3990 2618 4046 corpora
2671 3975 2896 4029 delicata
2971 3976 3137 4048 988
3209 3976 3550 4046 franguntur,
3597 3988 3652 4034 et
3704 3989 3834 4035 ante

2249 4079 2515 4137 tegi-ctare
2561 4067 2841 4137 incipiunt,
2867 4084 3026 4137 quam
3052 4078 3252 4122 sancta.-
3284 4071 3705 4124 conversationis
3741 4073 3824 4140 ja-

2248 4174 2371 4212 cere
2419 4158 2780 4212 fundamenta.
2814 4157 3261 4226 Philosophorum
3307 4175 3518 4228 quoque
3564 4160 3832 4214 sententia

2249 4262 2324 4306 ('sl
2354 4293 2367 4313 ,
2397 4250 2472 4323 ((ι)
2501 4258 2759 4318 μεσότητας
2806 4253 2994 4322 ἀρετάς,
3023 4255 3272 4322 ὖπερϐολὰς
3300 4265 3464 4312 κακίαις
3494 4259 3612 4306 εἶναι
3631 4293 3646 4315 ,
3688 4253 3830 4321 quod

2253 4343 2448 4396 latinus
2492 4343 2561 4394 ita
2639 4351 2815 4410 potest
2863 4357 3042 4394 sermo
3090 4356 3363 4406 resonare,
3397 4343 3683 4395 moderatas
3724 4358 3830 4395 esse

2249 4435 2477 4497 virtutes,
2505 4434 2795 4487 excedentes
2823 4431 3027 4485 modum
3049 4443 3198 4502 atque
3226 4450 3534 4498 mensuram,
3559 4434 3689 4486 inter
3709 4434 3829 4486 vitia

2250 4527 2474 4595 reputari
2505 4523 2596 4596 [a|.
2625 4522 2902 4596 deputari].
2939 4523 3089 4578 Unde
3118 4535 3173 4578 et
3217 4541 3351 4577 ututs
3389 4525 3456 4579 de
3503 4537 3706 4592 septem
3738 4541 3824 4578 sa-

2251 4618 2540 4690 pientibus,
2574 4633 2636 4670 ne
2675 4617 2816 4687 quid,
2847 4619 2942 4682 ait,
2973 4617 3142 4671 nimis.
3173 4618 3322 4683 Quod
3359 4627 3462 4671 tam
3494 4618 3705 4673 celebre
3749 4619 3824 4669 la-

2250 4722 2393 4766 etum
2421 4720 2523 4775 est,
2548 4718 2605 4763 ιιι
2633 4710 2839 4763 comico
2863 4725 3075 4779 quoque
3099 4725 3254 4763 versu
3283 4725 3597 4776 CXPI’t‘SStlnl
3624 4710 3712 4762 sit.
3741 4709 3830 4766 S'c

2251 4802 2417 4857 debes
2465 4791 2731 4871 jejunarc,
2781 4811 2837 4854 ιιι
2889 4818 2991 4854 non
3045 4801 3293 4871 palpites,
3325 4811 3378 4855 et
3425 4801 3690 4871 respirare
3737 4803 3826 4853 vix

2253 4895 2446 4966 possis,
2473 4905 2523 4948 et
2545 4894 2798 4948 comitum
2830 4903 3064 4957 tuarum,
3091 4893 3172 4946 vel
3208 4893 3455 4962 porteris,
3486 4893 3567 4946 vel
3603 4893 3830 4946 traharis

2251 4985 2526 5047 manibus;
2560 4983 2652 5038 sed
2680 4995 2737 5036 ut
2763 4982 2931 5037 fracto
2969 4983 3211 5050 corporis
3244 4983 3477 5050 appetitu
3501 5022 3516 5047 ,
3547 4997 3646 5036 nec
3677 4983 3729 5034 in
3759 4983 3831 5035 le-

2251 5074 2452 5133 ctione.
2479 5090 2576 5128 nec
2613 5075 2663 5127 in
2690 5073 2933 5135 Psalmis,
2961 5087 3059 5126 nec
3089 5071 3140 5125 in
3169 5072 3360 5141 vigiliis
3397 5073 3555 5125 Solito
3581 5071 3706 5140 quid
3735 5073 3833 5124 nni-

2255 5182 2352 5219 nus
2379 5164 2560 5218 facias.
2594 5163 2862 5232 .Iejunium
2892 5176 2995 5214 non
3041 5161 3273 5230 perlecta
3328 5162 3514 5223 virtus,
3544 5162 3638 5214 sed
3677 5171 3833 5216 caue-

2257 5275 2432 5312 rarum
2478 5258 2731 5311 virtutum
2778 5253 3177 5308 fundamentum
3234 5262 3350 5319 est;
3391 5265 3443 5308 et
3485 5253 3834 5307 sanctiﬁcatio

2255 5366 2414 5424 atque
2442 5351 2712 5422 pudicitia,
2737 5351 2854 5403 sine
2879 5363 2983 5419 qua
3009 5362 3168 5403 nemo
3194 5348 3393 5404 videbit
3418 5347 3610 5412 Deum,
3637 5347 3834 5417 gradus

2386 5482 2447 5548 (c)
2484 5483 2609 5548 Vide
2647 5485 2694 5532 in
2732 5479 3209 5548 Epitaphio_1_’aula_a_,
3235 5478 3642 5548 sive.epist_.__108.
3672 5491 3720 5525 n.
3757 5478 3834 5526 20.

2259 5538 2470 5614 graecam
2495 5547 2618 5614 hanc
2639 5538 2934 5614 sententiam
2958 5545 3042 5614 ubi
3066 5538 3472 5614 replicatzllnut‘n
3495 5538 3630 5614 illum
3651 5575 3664 5596 ,
3689 5552 3836 5614 gnem

2260 5599 2402 5662 rat-ito
2416 5607 2614 5658 nomine
2636 5609 2700 5655 de
2723 5613 2914 5668 septem
2935 5599 3240 5667 sapientibus
3257 5603 3390 5659 dicit,
3408 5601 3666 5668 Diogenes
3690 5599 3839 5668 Lact;

2259 5658 2357 5724 tius
2378 5670 2526 5721 tradit
2545 5669 2775 5719 Solonem
2784 5658 2969 5728 luisse,
2984 5658 3124 5728 cujus
3147 5658 3470 5728 graecaverba
3494 5658 3607 5722 ,ξηειν
3630 5669 3738 5728 ῥγιιν,
3763 5658 3841 5709 vel

2259 5722 2345 5786 5....
2366 5741 2478 5794 μηδεν
2497 5744 2589 5794 ἄταν
2609 5745 2720 5782 cuiu
2741 5727 2910 5794 vocula
2919 5722 2971 5779 id
2986 5722 3075 5787 esi,
3099 5722 3280 5789 vulgati
3304 5725 3412 5794 lib_r_i
3434 5735 3607 5772 omnes
3630 5722 3841 5794 interse-

2260 5782 2736 5855 rtuit','llenedictina
2778 5791 2993 5855 editione
3025 5782 3261 5855 eiectis,
3286 5793 3337 5837 et
3361 5785 3474 5836 llas.
3499 5797 3710 5847 quorum
3735 5782 3841 5834 nul-

2263 5853 2386 5917 lum,
2406 5859 2489 5921 qui
2515 5869 2573 5907 ea
2596 5857 2858 5916 retineret,
2885 5853 3174 5904 invenimus.
