4080 6340
296 409 448 468 1117

279 521 508 594 praebet
551 523 620 580 ad
646 535 852 580 summa
894 521 1296 587 scandentibus,
1327 536 1426 578 nec
1466 533 1641 577 tamen
1684 521 1732 577 si
1775 525 1889 578 sola

296 615 491 682 fuerit,
523 616 781 686 virginem
822 615 1017 685 poterit
1041 627 1323 670 coronare.
1348 612 1614 685 Legamus
1645 613 1892 684 Evange-

298 708 439 763 lium
465 707 786 778 sapientium
807 715 863 762 et
887 706 1168 760 stultarum
1186 707 1454 778 virginum
1481 723 1496 771 ;
1523 721 1750 776 quarum
1774 707 1893 762 alia:

295 799 610 854 cubiculum
650 799 834 868 sponsi
875 797 1245 866 ingrediuntur
1275 816 1288 852 :
1316 799 1439 853 alia:
1473 798 1732 852 bonorum
1759 814 1891 868 ope-

295 907 425 946 rum
483 891 663 946 oleum
722 905 827 945 non
877 889 1178 955 habentes,
1229 891 1508 944 exstinctis
1558 890 1893 959 lampadibus

294 983 659 1040 excluduntur
683 981 1024 1057 (.ilatth.25).
1046 983 1210 1038 Latus
1229 991 1310 1038 est
1331 999 1491 1054 super
1509 983 1724 1054 jejuniis
1749 999 1889 1041 cam-

298 1089 431 1143 pus,
455 1076 508 1130 in
533 1088 640 1144 quo
677 1085 729 1129 et
778 1089 877 1129 nos
919 1089 1065 1143 sarpe
1119 1075 1475 1140 cucurrimus,
1503 1085 1557 1129 et
1603 1075 1890 1129 multorum

298 1169 508 1238 proprii
537 1168 800 1223 habentur
830 1167 970 1230 libri,
1002 1166 1068 1220 ad
1095 1182 1322 1236 quorum
1353 1175 1404 1222 te
1425 1167 1682 1221 mittimus
1707 1166 1894 1220 lectio-

298 1275 455 1326 nem,
482 1267 537 1314 ιιι
558 1261 735 1314 discas
763 1259 888 1328 quid
918 1259 1041 1314 boni
1069 1258 1626 1324 habeatcontincntia,
1645 1255 1840 1328 etquid
1861 1272 1894 1312 e

296 1351 576 1405 contrario
607 1351 754 1416 mali,
785 1353 1058 1406 saturitas.

375 1443 466 1496 12.
508 1441 721 1495 Imitare
741 1441 1091 1513 (a)-sp0ttsutn
1113 1451 1262 1495 tuum
1289 1457 1304 1494 :
1327 1452 1444 1495 esto
1472 1440 1606 1494 avia:
1630 1439 1892 1508 matrique

296 1534 566 1602 subjecta.
596 1532 1101 1596 Nullum-virorum,
1126 1543 1182 1586 et
1225 1533 1456 1586 maxime
1480 1531 1760 1601 jnvenum,
1789 1530 1890 1584 nisi

295 1640 425 1678 cum
450 1625 572 1690 illis,
603 1624 804 1679 videas.
837 1621 1051 1678 Nullum
1090 1626 1258 1690 scias,
1289 1639 1448 1693 quem
1483 1625 1586 1678 illa:
1627 1623 1890 1678 nesciant.

297 1717 589 1773 Saecularis
610 1732 820 1788 quoque
838 1717 1101 1772 sententia
1125 1726 1230 1772 est.
1257 1717 1333 1787 (b)
1367 1715 1560 1770 Eadem
1582 1715 1728 1780 velle,
1754 1725 1800 1768 et
1813 1732 1893 1769 ea-

297 1813 420 1864 dem
465 1811 618 1874 nolle,
646 1826 705 1864 ea
732 1809 933 1864 demum
960 1810 1110 1877 ﬁrma
1133 1809 1359 1862 amicitia
1386 1818 1477 1862 est.
1509 1808 1574 1864 Ut
1611 1816 1892 1876 appeteres

297 1902 686 1971 virginitatem,
709 1899 984 1974 utChristi
1013 1909 1279 1970 praecepta
1296 1915 1676 1970 cognosceres,
1705 1909 1762 1953 ut
1785 1900 1889 1953 se‘i-
1919 1969 1938 1984 .

299 2008 398 2047 res
423 1993 549 2064 quid
589 1993 683 2047 tibi
724 1993 1022 2062 expediret,
1051 1992 1179 2062 quid
1207 1992 1406 2063 eligere
1427 1989 1520 2063 [ιιι.
1545 1990 1774 2063 diligere]
1799 1991 1892 2046 de-

295 2084 466 2137 ~bcres
487 2123 504 2149 ,
539 2083 752 2138 illarum
781 2093 835 2138 te
873 2082 1117 2152 exempla
1157 2081 1494 2136 docuerunt:
1523 2091 1706 2135 sancta
1744 2080 1888 2135 domi

302 2177 562 2233 instruxit
587 2177 946 2232 Conversatio.
981 2175 1094 2228 Non
1124 2175 1283 2243 igitur
1305 2174 1483 2227 solum
1532 2183 1686 2242 putes
1740 2183 1888 2227 tuum

300 2286 427 2325 esse
455 2270 597 2340 quod
629 2279 776 2321 tuum
822 2277 926 2333 est,
956 2266 1053 2320 sed
1083 2281 1265 2319 earum
1293 2281 1413 2332 qua:
1459 2279 1607 2318 suam
1643 2263 1694 2318 in
1727 2273 1778 2318 te
1799 2279 1892 2318 ex-

292 2373 553 2429 pressere
611 2358 956 2426 pudicitiam,
989 2364 1043 2410 et
1101 2355 1494 2408 lmnoralnlium
1544 2355 1845 2424 nuptiarum
1870 2395 1886 2420 ,

294 2450 605 2518 cubilisque
650 2447 973 2502 immaculati
1023 2445 1466 2515 pretiOsissimum
1519 2446 1889 2515 germinavere

296 2549 358 2595 te
382 2540 572 2593 tlorem
605 2555 618 2592 :
649 2538 738 2607 qui
780 2535 1042 2606 perfectos
1086 2533 1272 2588 ail‘eret
1312 2533 1533 2600 fructus,
1565 2535 1609 2588 si
1636 2534 1888 2588 humilia-

299 2631 448 2686 veris
479 2639 531 2684 te
569 2630 669 2683 sub
693 2626 894 2698 potenti
926 2641 1088 2680 manu
1119 2625 1236 2688 Dei,
1310 2624 1476 2695 989
1548 2635 1602 2678 et
1633 2627 1886 2694 scriptum

299 2737 518 2790 semper
542 2718 851 2774 memineris
875 2733 893 2770 :
928 2715 1172 2786 Superbis
1200 2712 1342 2769 Deus
1372 2714 1578 2778 resistit,
1613 2713 1888 2768 humilibus

300 2822 473 2866 autem
514 2811 846 2880 dafgratiam
875 2810 893 2877 (
922 2806 1106 2860 Iacob.
1134 2807 1188 2862 4,
1217 2805 1295 2876 6).
1324 2804 1425 2860 Ubi
1468 2813 1644 2859 autem
1693 2807 1883 2875 gratia,

300 2919 408 2957 non
436 2917 657 2972 operum
684 2899 987 2963 retributio,
1010 2896 1108 2951 sed
1132 2896 1382 2950 donantis
1419 2904 1502 2950 est
1547 2897 1800 2965 largitas;
1829 2906 1888 2951 ut

302 2996 593 3065 impleatur
631 2993 830 3047 dictum
883 2988 1122 3060 Apostoli
1151 3005 1169 3041 :
1215 2987 1334 3041 Non
1362 2995 1434 3040 est
1459 2986 1694 3052 volentis,
1729 3003 1887 3056 neque

299 3089 567 3154 currentis,
597 3086 686 3140 sed
711 3083 810 3138 Dei
847 3082 1130 3136 miserentis
1157 3078 1332 3148 (Rom.
1363 3079 1416 3135 9.
1449 3079 1562 3148 16).
1596 3079 1663 3132 Et
1704 3087 1882 3133 taurum

298 3181 460 3246 ve‘de,
482 3188 536 3234 et
562 3177 710 3233 nolle
739 3185 978 3232 nostrum
1000 3182 1084 3229 est
1112 3189 1128 3228 :
1151 3173 1442 3244 ipsumque
1470 3171 1613 3251 quod
1643 3180 1882 3226 nostrum

295 3281 400 3336 est,
423 3273 540 3325 sine
567 3269 662 3324 Dei
689 3267 1035 3322 miseratione
1055 3272 1294 3320 nostrum
1323 3277 1430 3317 non
1459 3271 1562 3317 est.

369 3365 458 3419 15.
499 3362 880 3418 Ειιιιιιοιιοτιιιῐι
935 3371 1148 3428 quoque
1195 3355 1286 3410 tibi
1316 3395 1332 3421 ,
1365 3365 1419 3410 et
1467 3353 1766 3425 puellarum
1818 3367 1881 3409 ac

293 3455 637 3510 servulorum
683 3465 862 3507 mores
904 3450 1073 3518 magis
1105 3449 1374 3517 eligantur
1419 3461 1579 3514 quam
1637 3446 1881 3501 vultuum

291 3547 579 3616 elegantia,
610 3545 734 3614 quia
780 3544 833 3596 in
863 3542 1010 3596 omni
1059 3555 1190 3594 sexu
1221 3547 1276 3594 et
1313 3546 1492 3600 aetate,
1523 3547 1578 3590 et
1609 3546 1882 3591 truncato.

291 3654 416 3694 rum
441 3650 727 3703 corporum
757 3633 990 3687 violenta
1020 3630 1294 3700 pudicitia,
1320 3630 1484 3682 animi
1503 3628 1880 3683 considerandi

294 3737 441 3792 sunt,
473 3728 563 3795 qui
601 3724 885 3795 amputari,
913 3723 1012 3776 nisi
1056 3721 1254 3776 Christi
1283 3720 1472 3774 timore
1499 3735 1605 3773 non
1637 3728 1877 3788 possunt.

294 3819 602 3876 Scurrilitas
629 3827 788 3885 atque
817 3814 1032 3869 lascivia
1056 3855 1070 3874 ,
1100 3822 1154 3867 te
1192 3825 1478 3882 przesente,
1511 3827 1616 3864 non
1645 3811 1880 3866 habeant

278 3911 492 3983 .loeum.
517 3908 792 3978 Nunquam
824 3905 1047 3961 verbum
1078 3903 1422 3959 inhonestum
1452 3901 1641 3956 audias
1668 3917 1683 3955 :
1713 3911 1804 3955 aut
1832 3902 1878 3956 si

295 4000 549 4065 audieris,
581 4012 687 4053 non
732 3996 804 4068 (c)
845 3995 1125 4052 inesceris.
1154 3992 1384 4048 Perdita:
1415 3991 1610 4046 mentis
1637 3991 1880 4047 homines

297 4108 404 4146 uno
447 4089 756 4160 frequenter
809 4086 1018 4156 levique
1057 4097 1341 4149 sermone,
1391 4092 1598 4137 tentant
1645 4085 1879 4137 claustra

295 4183 586 4253 pudicitiae.
618 4179 832 4242 Ridere,
865 4185 918 4231 et
958 4175 1137 4240 rideri,
1167 4172 1516 4229 smeularibus
1543 4173 1874 4243 derelinque.

295 4275 543 4329 Gravitas
585 4281 728 4325 tuam
760 4283 1044 4340 personam
1069 4267 1247 4321 decet.
1275 4265 1358 4336 (ά)
1383 4265 1639 4320 Catonem
1666 4280 1878 4336 quoque

298 4365 469 4436 (illum
490 4364 614 4418 dico
633 4358 971 4428 Censorium)
992 4368 1046 4412 et
1067 4368 1258 4413 vestra:
1279 4357 1546 4427 quondam
1571 4357 1718 4412 urbis
1741 4357 1878 4426 prin-

357 4498 428 4559 (a)
463 4495 706 4559 Christum
727 4507 903 4559 nempe
926 4493 990 4559 de
1012 4506 1110 4559 quo
1134 4495 1184 4542 in
1205 4491 1334 4541 Luca
1358 4490 1601 4555 proditum
1625 4498 1719 4551 est,
1744 4491 1872 4555 quod

295 4554 641 4608 et'at'sttbtlitus
665 4557 826 4606 Mat-ite
845 4554 900 4603 iet
923 4554 1123 4617 Ioseph.

362 4617 426 4684 (b)
460 4620 660 4684 Sumpta
697 4618 942 4684 sententia
964 4613 1281 4684 _ex'Catilin;e
1307 4615 1532 4684 oratione
1563 4615 1686 4676 apud
1710 4613 1870 4665 Sallu-

292 4675 438 4729 stium
461 4692 565 4740 cap.
586 4675 669 4740 ‘20.
695 4691 839 4740 quant
862 4675 1214 4740 alibi‘uecuuo
1238 4677 1288 4723 in
1314 4676 1419 4724 loco
1436 4675 1765 4740 literonymus
1787 4691 1869 4725 re-

292 4743 427 4801 citat,
451 4736 578 4787 ut'in
601 4736 990 4801 Almlogmoutt‘a
1025 4736 1263 4801 Bullinum
1299 4749 1404 4801 cap.
1429 4736 1476 4784 2.
1497 4736 1870 4801 Setl_et_uoster

292 4796 428 4852 Zeno
451 4796 779 4856 Veronensis,
792 4806 848 4847 ut
869 4796 988 4845 alios
1009 4799 1300 4852 omittamus,
1326 4796 1563 4845 Sermone
1585 4797 1651 4846 de
1675 4796 1871 4846 Patien-

293 4867 391 4921 tia,
420 4872 513 4920 Tu,
535 4860 716 4922 inquit,
748 4857 1012 4911 amicitiam
1043 4857 1174 4907 idem
1208 4857 1326 4906 velte
1357 4863 1497 4918 atque
1529 4856 1661 4907 idem
1684 4870 1870 4919 quoque

290 4924 415 4974 nolle
439 4921 659 4975 docuisti.

360 4987 422 5050 ιο)
461 4985 695 5050 Plerique
714 4982 832 5050 mss.
857 4982 1109 5050 quibuset
1124 4979 1422 5050 vetustiores
1445 4977 1565 5027 editi
1587 4980 1864 5050 concinnet,

289 5040 380 5098 non
398 5040 628 5098 irascarii
650 5058 734 5106 pro
757 5040 1002 5106 uresceris.
1028 5042 1136 5091 Mox
1159 5041 1398 5106 Yictnrius
1414 5053 1497 5101 pro
1522 5047 1698 5106 mentes
1719 5040 1869 5090 Itami-

289 5123 403 5160 nnm
437 5102 790 5159 emendandum
824 5105 1009 5168 putavit
1047 5102 1214 5154 mentis
1245 5102 1474 5168 homines,
1513 5103 1642 5168 quod
1653 5115 1762 5168 _nos
1802 5115 1865 5168 ex

288 5172 702 5234 Aquisgrauensis
719 5163 896 5230 Synodi
918 5166 1150 5227 lectione,
1166 5179 1224 5216 ac
1244 5177 1361 5224 uno,
1385 5165 1602 5214 alterove
1626 5163 1716 5213 Ms.
1736 5165 1867 5213 reci-

322 5247 459 5284 Illllls.

284 5247 523 5360 "ilia.
549 5290 772 5360 crassae!
793 5287 990 5351 quidem
1011 5286 1243 5360 semel?“
1273 5289 1372 5360 vita
1395 5287 1581 5359 τίβίεδθν
1605 5287 1721 5360 illi“
1745 5299 1866 5350 q“°‘

286 5350 387 5419 que
406 5350 476 5419 ex
498 5353 688 5419 Lucilio
705 5350 1028 5419 ﬂieronymus
1038 5350 1222 5419 docuit,
1238 5357 1323 5419 aut.
1339 5351 1581 5419 vernisex
1607 5350 1862 5409 Cicerone,

285 5411 370 5480 qui
405 5417 491 5466 lib.
515 5415 574 5463 ν.
615 5415 680 5463 de
706 5411 918 5480 Finibus
950 5411 994 5460 id
1035 5411 1548 5480 ex__Lucilio_tradidit
1573 5425 1587 5471 ;
1613 5423 1710 5460 non
1746 5425 1864 5480 vero

286 5473 416 5541 idem
441 5476 752 5541 unquamde
788 5474 972 5541 Catone1
1001 5474 1239 5534 proditum
1280 5475 1398 5541 scio.
1425 5474 1541 5523 Cum
1575 5482 1738 5541 tamen
1774 5473 1864 5541 hoc

285 5540 392 5590 loco
416 5535 544 5590 idem
569 5537 900 5588 testiinonium
915 5535 974 5582 ad
998 5543 1256 5595 utrumque
1277 5535 1476 5591 referat,
1500 5536 1730 5584 mendum
1748 5536 1863 5584 sob-

286 5615 402 5666 esse
442 5601 641 5666 lectioni
681 5600 926 5666 suspicor,
954 5604 1006 5645 et
1028 5597 1270 5666 praecipue
1295 5597 1524 5666 ltuieyoci
1550 5610 1751 5660 quoque,
1778 5608 1862 5666 cu-_-

279 5664 361 5725 jus
384 5665 490 5714 loco
516 5665 719 5712 fortasse
743 5657 1006 5725 legendum
1033 5657 1098 5706 sit
1119 5670 1275 5725 nosce,
1306 5657 1381 5707 vel
1405 5657 1615 5718 imitare,
1641 5657 1724 5706 aut
1744 5659 1859 5720 quid

283 5719 461 5775 simile.
499 5726 618 5774 Nam
643 5719 844 5774 veteres
876 5721 1020 5768 etiam
1057 5719 1351 5782 membranae
1377 5729 1484 5782 post
1523 5729 1580 5768 Μ.
1615 5719 1858 5778 Crassum,

283 5787 538 5851 relativum
560 5799 701 5851 quem
724 5782 933 5842 addunt,
958 5792 1106 5844 quem
1129 5783 1167 5829 si
1192 5781 1457 5843 addideris,
1484 5782 1663 5832 rectior
1685 5793 1861 5830 sensus

288 5849 536 5900 constabit.

1673 407 1997 465 EPISTOL.\
2039 409 2249 464 LXXX.

3418 420 3580 499 gms

1998 527 2190 592 cipem,
2215 524 2301 592 qui
2319 533 2563 579 extrema
2581 534 2734 581 actate
2749 543 2952 598 grmcas
2981 531 3207 601 litteras,
3229 549 3329 591 nec
3357 539 3572 594 erulmit

1995 630 2208 678 censor,
2240 630 2340 671 nec
2365 615 2666 686 desperavit
2696 634 2857 676 senex
2889 623 3128 681 discere:
3154 627 3295 682 etM.
3325 628 3577 686 Crassum

1996 708 2162 762 semel
2186 707 2238 762 in
2256 707 2361 762 vita
2379 708 2564 763 scribit
2592 709 2778 766 risisse
2808 713 3064 771 Lucilius.
3100 718 3282 774 Fuerit
3315 722 3401 774 illa
3442 722 3576 778 all'e-

1994 807 2131 853 ctata
2153 801 2429 864 severitas,
2445 811 2497 854 et
2524 802 2744 871 gloriam
2759 821 3004 874 quaerens
3028 825 3321 882 auramque
3351 817 3576 882 pupula-

1997 904 2109 944 rem
2141 907 2154 943 :
2187 905 2283 946 nos
2307 892 2527 946 allectus
2567 903 2622 948 et
2647 897 3102 966 perturbationes,
3128 905 3378 968 quamdiu
3414 907 3463 959 in
3493 917 3580 960 ta-

1994 978 2284 1036 bernaculo
2307 985 2548 1054 corporis
2578 987 2732 1054 hujus
2764 987 3084 1056 habitamus,
3118 1007 3169 1045 et
3201 992 3373 1064 fragili
3415 1013 3580 1053 carne

1993 1072 2408 1138 circumdamur,
2458 1075 2722 1130 moderari
2747 1092 2798 1131 et
2829 1094 3013 1149 regere
3044 1097 3362 1152 possumus;
3391 1103 3581 1159 ampu-

1995 1173 2108 1216 tare
2139 1177 2242 1217 non
2275 1179 2579 1233 possumus.
2610 1166 2762 1222 Unde
2789 1177 2842 1223 et
2872 1169 3151 1226 Psalmista
3183 1174 3311 1229 dicit
3344 1195 3356 1228 :
3385 1175 3580 1232 Irasci-

1993 1253 2135 1316 mlni,
2171 1263 2218 1308 et
2249 1255 2404 1309 nolite
2429 1262 2680 1330 peccare(
2713 1259 2854 1314 l’saI.
2884 1261 2935 1316 4.
2970 1263 3002 1314 ὅ
3025 1264 3065 1334 ).
3100 1264 3250 1328 Quod
3291 1269 3578 1338 Apostolus

1991 1341 2313 1398 edisserens.
2348 1344 2462 1409 Sol,
2494 1346 2686 1415 inquit,
2717 1367 2816 1403 non
2847 1352 3045 1406 occidat
3073 1369 3242 1426 super
3256 1358 3597 1414 iracnndiunt'

1990 1443 2206 1488 vestram
2233 1433 2450 1506 (Ephes.
2475 1439 2530 1493 4.
2553 1437 2646 1511 215)
2674 1457 2688 1505 ;
2721 1442 2840 1510 quia
2867 1453 2919 1497 et
2947 1445 3102 1498 irasci
3134 1448 3365 1504 hominis
3392 1462 3493 1516 εει,
3526 1460 3582 1506 et

1993 1521 2154 1578 ﬁnem
2187 1525 2474 1581 iracundia:
2503 1529 2778 1599 imponere
2797 1579 2810 1595 ,
2851 1533 3147 1590 christiani.

2065 1615 2153 1668 14.
2192 1615 2535 1685 Superlluum
2578 1635 2700 1674 reor
2728 1631 2778 1676 te
2810 1638 3029 1679 mem-re
3058 1637 3240 1681 contra
3274 1633 3576 1697 avaritiam,

1989 1717 2114 1758 cum
2136 1706 2348 1775 generis
2385 1709 2458 1762 tui
2494 1709 2583 1773 sit,
2607 1719 2662 1765 et
2688 1710 2883 1768 habere
2922 1724 2975 1768 et
3016 1717 3229 1772 calcare
3259 1719 3493 1783 divitias,
3525 1734 3581 1778 et
3645 1743 3656 1752 λ

1992 1796 2285 1865 Apostolus
2337 1797 2526 1854 doceat
2576 1803 2852 1858 avaritiam
2899 1820 3016 1860 esse
3065 1809 3328 1864 idolorum
3375 1814 3577 1870 cultum
3653 1850 3655 1852 -

1992 1885 2207 1957 (Ep/res.
2240 1888 2295 1944 5.
2338 1887 2417 1958 5),
2452 1890 2816 1964 Dominusque
2861 1897 3180 1965 resmmdeat
3235 1901 3526 1958 sciscitanti
3559 1922 3575 1962 :

1993 1975 2242 2048 Magister
2267 1980 2412 2042 bone,
2444 1982 2566 2052 quid
2604 1983 2721 2037 boni
2748 1987 2961 2056 faciens,
2993 1988 3145 2041 vitam
3181 2002 3418 2047 a'tcrnam
3459 2012 3578 2064 pos-

1991 2069 2163 2123 sidebo
2183 2069 2211 2124 .’
2234 2070 2296 2126 Si
2325 2073 2398 2126 ris
2445 2089 2550 2128 esse
2579 2077 2863 2144 perfectus,
2897 2079 3054 2144 vade,
3088 2082 3243 2135 vende
3268 2085 3440 2139 omnia
3462 2103 3578 2156 qum

1991 2161 2164 2226 habes,
2187 2174 2234 2217 et
2260 2162 2327 2218 da
2357 2165 2684 2236 pauperibus,
2713 2178 2760 2221 et
2787 2169 2990 2224 habebis
3019 2174 3310 2228 tltrsanrum
3336 2178 3388 2230 in
3413 2180 3572 2246 caelis,

1991 2263 2036 2307 et
2063 2255 2192 2314 veni.
2221 2271 2422 2326 sequere
2458 2273 2536 2310 me
2563 2257 2773 2328 (Matth.
2807 2260 2894 2315 19.
2929 2263 3016 2316 16.
3058 2275 3104 2316 et
3133 2263 3247 2336 21).
3283 2269 3573 2337 Apostoliei

1993 2345 2184 2418 fastigii
2212 2358 2314 2413 est,
2357 2349 2709 2420 perfectmque
2739 2351 2969 2417 virtutis,
3004 2357 3235 2411 vendere
3278 2361 3454 2414 omnia
3475 2403 3490 2426 ,
3521 2373 3578 2417 et

1991 2441 2315 2509 pauperibus
2344 2441 2698 2511 distribuere,
2725 2455 2780 2499 et
2817 2447 2894 2500 sic
2965 2447 3130 2519 990
3201 2450 3372 2511 levem
3413 2464 3575 2519 atque

1989 2531 2316 2600 etpeditum,
2349 2547 2469 2586 cum
2499 2533 2711 2588 Christo
2737 2535 2804 2589 ad
2845 2537 3085 2592 cmlc-stia
3132 2541 3429 2597 subvolare.
3463 2543 3576 2598 No-

1989 2619 2090 2685 bis,
2121 2621 2227 2674 imo
2257 2621 2348 2676 tibi
2381 2622 2613 2693 diligens
2641 2626 2839 2679 credita
2877 2637 2958 2680 est
2996 2627 3343 2698 dispensatio,
3393 2649 3565 2702 quan-

1987 2725 2144 2781 quam
2172 2712 2222 2765 in
2255 2713 2374 2777 hoc,
2409 2715 2553 2767 oumi
2581 2716 2746 2782 artati,
2775 2719 3029 2787 omnique
3055 2735 3314 2788 perSona:,
3354 2723 3575 2778 libertas

1987 2803 2196 2857 arbitrii
2236 2804 2419 2859 relicta
2448 2806 2541 2858 sit.
2574 2804 2637 2860 Si
2662 2807 2754 2873 vis,
2786 2808 2971 2877 inqttit,
3009 2826 3116 2864 esse
3157 2817 3425 2883 perfectus.
3453 2814 3572 2870 Non

1986 2908 2144 2964 cogo,
2176 2911 2280 2948 non
2327 2896 2566 2965 impero,
2616 2897 2710 2952 sed
2761 2913 3002 2968 prepono
3047 2903 3317 2971 palmam,
3346 2910 3574 2962 ostendo

1987 2984 2203 3054 praemia
2240 3002 2253 3038 :
2284 2994 2431 3039 tuum
2461 2996 2543 3040 est
2573 2987 2805 3057 eligere,
2834 2991 2876 3042 si
2907 2991 3140 3045 vulneris
3189 2993 3239 3046 iu
3281 3010 3453 3064 agone
3491 3007 3576 3051 at-

1984 3090 2089 3145 que
2145 3077 2440 3132 certamine
2493 3079 2763 3132 coronari.
2797 3079 2864 3133 Et
2916 3081 3361 3147 consideremus,
3409 3103 3570 3154 quam

1983 3169 2255 3238 sapienter
2298 3171 2558 3237 sapientia
2587 3174 2656 3224 sit
2684 3171 2856 3226 locuta
2881 3191 2893 3224 :
2931 3171 3101 3228 Vende
3127 3192 3238 3244 quae
3265 3177 3436 3232 Imbes.
3469 3180 3570 3234 Cui

1984 3259 2082 3314 ista
2135 3260 2557 3330 pra-cipiuntur?
2585 3261 2786 3333 Nempe
2836 3265 2933 3328 illi,
2965 3266 3048 3320 cui
3099 3267 3302 3323 dictum
3347 3280 3427 3323 est
3457 3287 3474 3326 :
3508 3271 3570 3325 Si

1981 3354 2055 3406 vis
2115 3369 2225 3407 esse
2275 3357 2550 3426 perfectus.
2603 3354 2719 3410 Non
2770 3370 2975 3426 partem
3045 3359 3304 3415 bonormn
3357 3371 3568 3418 tuorum

1981 3444 2153 3499 vende
2184 3467 2196 3500 :
2229 3445 2320 3499 sed
2349 3448 2537 3502 omnia.
2570 3449 2810 3518 Cumque
2843 3451 3168 3515 vendideris,
3212 3454 3339 3524 quid
3383 3459 3569 3527 sequi-

1963 3536 2112 3590 itur?
2146 3535 2210 3588 Et
2238 3536 2306 3589 da
2347 3538 2675 3607 pmuperibtts.
2725 3539 2841 3594 Non
2889 3541 3174 3605 divitibus,
3205 3561 3310 3598 non
3353 3549 3572 3616 prepiu-

1980 3628 2123 3693 quis,
2141 3644 2242 3680 non
2269 3628 2333 3680 ad
2365 3629 2655 3691 luxuriam,
2681 3630 2774 3682 sed
2801 3630 2868 3684 ad
2897 3635 3293 3688 necessitatem.
3323 3636 3452 3692 Sive
3480 3639 3568 3695 ille

1980 3718 2234 3774 sacerdos
2281 3719 2372 3781 sit,
2406 3721 2518 3774 sive
2560 3731 2839 3788 cognatus,
2869 3731 2925 3776 ct
2966 3722 3167 3790 afﬁnis,
3197 3726 3323 3780 nihil
3376 3729 3426 3781 in
3475 3730 3569 3784 illo

1979 3809 2122 3864 aliud
2168 3811 2516 3877 consideres,
2568 3827 2728 3882 quam
2787 3824 3176 3882 paupertatem.
3225 3817 3468 3875 Laudent
3515 3834 3568 3878 te

1978 3901 2329 3956 esurientium
2362 3901 2567 3956 viscera
2592 3943 2608 3968 ,
2647 3917 2751 3955 non
2784 3905 3104 3958 ructantiqu
3150 3909 3401 3977 opulenta
3431 3925 3567 3964 con-

1980 3996 2136 4048 vivia.
2172 3995 2226 4049 In
2279 3995 2426 4049 Actis
2473 3995 2851 4063 Apostolorum
2897 3995 3048 4066 (Cap.
3072 3997 3130 4053 4.
3161 4015 3211 4054 υ.
3240 4000 3318 4070 5),
3351 4003 3566 4072 quando

1981 4086 2190 4142 Domint
2231 4088 2398 4141 nostri
2441 4086 2614 4141 adlme
2658 4087 2862 4142 calebat
2893 4102 3070 4154 eruor,
3109 4101 3160 4144 et
3210 4091 3446 4147 fervebat
3473 4111 3565 4149 re-

1978 4180 2186 4255 ccnsin
2215 4178 2554 4234 credentibus
2587 4177 2717 4232 fides
2740 4219 2757 4245 ,
2789 4178 3090 4234 vendebant
3134 4197 3317 4236 omnes
3347 4199 3562 4252 posses-

1978 4271 2159 4325 siones
2186 4285 2333 4333 suas,
2365 4279 2420 4325 et
2452 4270 2616 4340 pretia
2648 4285 2833 4324 earum
2855 4270 2918 4322 ad
2949 4271 3323 4339 Apostolorum
3352 4273 3562 4330 defere-

1977 4361 2106 4415 bant
2137 4360 2320 4431 pedes,
2347 4371 2403 4414 ut
2427 4360 2775 4415 ostenderent
2803 4362 3052 4430 pecunias
3092 4377 3210 4417 esse
3239 4365 3561 4422 calcandas:

1975 4453 2078 4510 dab
2097 4467 2308 4524 aturqne
2331 4456 2572 4524 singulis,
2604 4466 2758 4524 prout
2788 4455 2980 4524 cuique
3005 4471 3138 4525 opus
3165 4467 3298 4512 erat.
3327 4458 3562 4514 Ananias

1973 4559 2028 4605 et
2058 4549 2320 4619 Sapphira
2353 4548 2758 4617 dispensatores
2787 4547 2976 4611 timidi,
3009 4548 3115 4601 imo
3145 4549 3308 4603 Corde
3337 4550 3558 4619 duplici,

1972 4651 2028 4694 et
2052 4639 2171 4692 ideo
2192 4637 2554 4701 condemnati,
2573 4638 2694 4708 quia
2724 4646 2841 4708 post
2873 4646 3052 4690 votum
3081 4638 3388 4693 obtulerunt
3409 4644 3560 4710 (μιθκί

1974 4748 2066 4784 sua
2099 4738 2152 4782 et
2189 4747 2292 4782 non
2319 4729 2455 4796 ejus,
2483 4728 2568 4781 cui
2616 4727 2783 4781 semel
2809 4741 2869 4780 ea
2915 4737 3171 4784 reverant
3198 4744 3212 4781 :
3247 4737 3559 4798 partemque

1972 4824 2070 4876 sibi
2118 4822 2306 4875 aliena:
2345 4821 2657 4875 substantia:
2695 4830 3122 4883 reservaveruut,
3157 4832 3457 4878 metuentes
3485 4825 3561 4878 fa-

1973 4929 2136 4977 mem,
2167 4927 2324 4981 quam
2349 4927 2471 4965 vera
2488 4911 2620 4964 lides
2642 4925 2745 4964 non
2774 4912 2942 4975 timet,
2967 4924 3282 4979 prmscntcm
3312 4932 3557 4972 meruere

1973 5005 2257 5059 vindictam
2290 5023 2302 5058 ε
2339 5021 2444 5058 non
2467 5003 2782 5058 crudelitate
2808 5005 3110 5071 SEltlenlitP,
3143 5007 3235 5062 sed
3265 5014 3561 5080 correptio-

1973 5097 2056 5150 nis
2097 5095 2364 5166 exemplo.
2397 5096 2633 5165 Denique
2683 5105 2738 5150 et
2791 5097 3068 5166 apostolus
3109 5098 3320 5153 Petrus
3348 5117 3554 5169 nequa-

1969 5206 2128 5261 quam
2171 5189 2497 5258 imprecatur
2523 5191 2600 5244 eis
2629 5199 2878 5253 mortem,
2908 5199 2965 5245 ut
3003 5191 3199 5246 stultus
3229 5193 3558 5263 Porphyrius

1969 5281 2482 5345 calumniatur;sed
2540 5280 2633 5335 Dei
2677 5279 2936 5348 judicium
2997 5281 3310 5351 prophetico
3364 5283 3556 5350 spiritu

1969 5374 2272 5438 annuntiat,
2304 5383 2361 5428 ut
2405 5389 2558 5442 panm
2587 5372 2813 5427 duormu
2860 5374 3132 5426 hominum
3185 5372 3254 5425 sit
3308 5373 3552 5428 doctrina

1970 5467 2280 5520 multorum.
2312 5465 2386 5519 Ex
2418 5480 2484 5520 eo
2512 5474 2770 5532 tempore,
2813 5480 2920 5532 quo
2954 5461 3236 5529 virginitati
3282 5471 3554 5530 perpetua:

1968 5568 2280 5614 consecrata
2307 5573 2386 5622 es,
2418 5568 2503 5612 tua
2530 5599 2543 5619 ,
2574 5573 2678 5611 non
2710 5567 2794 5608 tua
2825 5564 2969 5618 sunt,
3001 5557 3108 5606 imo
3135 5567 3261 5607 vere
3291 5563 3399 5620 tua,
3429 5555 3554 5623 quia

1969 5653 2164 5707 Christi
2195 5666 2316 5707 esse
2342 5662 2640 5717 cwperum,
2665 5662 2806 5718 quae.
2831 5646 2946 5699 avia
2974 5645 3184 5698 vivente
3227 5647 3310 5701 vel
3359 5656 3550 5715 matre,

1967 5745 2200 5813 ipsarum
2240 5743 2462 5798 arbitrio
2505 5737 2858 5808 dispensanda
2901 5744 3047 5792 sunt.
3072 5733 3166 5790 Sin
3191 5745 3368 5791 autem
3397 5737 3551 5793 obie.

1967 5837 2093 5905 rint,
2121 5846 2174 5892 et
2215 5848 2406 5890 50mm
2435 5833 2752 5888 Sancter'tm
2783 5828 3149 5900 requieverint
3184 5827 3203 5899 (
3231 5830 3342 5884 scio
3379 5830 3547 5901 enim,
