4080 6340
529 559 586 602 et
615 548 716 600 hoc
754 544 870 599 illas
905 553 1090 613 optare
1109 583 1125 608 ,
1149 550 1209 597 ut
1240 549 1292 596 te
1319 538 1551 595 habeant
1569 536 1962 607 superstitem),
1988 548 2111 588 cum

532 646 664 690 tetas
692 633 947 687 maturior
977 632 1154 696 fuerit,
1185 638 1241 684 et
1270 629 1515 683 voluntas
1541 626 1775 697 gravior,
1806 622 2115 692 ﬁrmiorque

524 728 817 791 sententia,
890 725 1051 798 991
1125 722 1290 779 facies
1353 721 1493 793 quod
1543 719 1637 774 tibi
1684 719 1861 772 visum
1910 714 2113 780 fuerit;

525 820 642 873 simu
683 817 823 888 quod
872 817 1128 871 Dominus
1169 813 1446 884 imperarit
1474 810 1593 884 (al.
1623 806 1886 879 imperat),
1917 806 2115 861 scitura

536 910 666 965 nihil
695 921 745 965 te
776 909 1072 963 habituram
1102 949 1118 974 ,
1149 907 1248 961 nisi
1278 905 1419 976 quod
1442 904 1495 957 in
1525 902 1679 958 bonis
1700 900 1959 971 operibus
1981 911 2113 953 ero-

530 1000 764 1072 gaveris.
795 1000 896 1054 Alii
944 1000 1209 1053 aediﬁcent
1250 996 1520 1051 Ecclesias
1549 1035 1564 1059 ,
1611 993 1841 1048 vestiant
1888 991 2117 1061 parietes

528 1110 861 1151 marmorum
908 1092 1142 1158 crustis;
1191 1090 1561 1144 columnarum
1612 1085 1783 1141 moles
1821 1083 2113 1147 advehunt,

527 1200 824 1256 earumque
869 1183 1131 1238 deaurent
1177 1181 1351 1249 capita
1400 1177 1687 1248 pretiosum
1734 1185 1985 1229 ornatum
2010 1186 2116 1227 non

491 1321 509 1341 .
531 1278 817 1334 sentientia
844 1291 859 1342 ;
890 1276 1053 1330 ebore
1082 1283 1411 1343 argentoque
1442 1269 1642 1333 valvas,
1674 1277 1735 1322 et
1769 1267 1994 1337 gemmis
2019 1280 2119 1318 au-

532 1382 644 1425 rata
682 1369 1007 1439 distinguant
1033 1366 1243 1421 altaria.
1266 1362 1382 1419 Non
1406 1360 1758 1433 reprehendo,
1788 1374 1894 1413 non
1920 1357 2114 1412 abnuo.

535 1459 909 1529 Unusquisque
951 1458 1005 1511 in
1051 1470 1212 1510 sensu
1260 1470 1359 1509 suo
1407 1452 1662 1507 abundet.
1693 1449 1989 1519 Meliusque
2035 1457 2120 1503 est

537 1552 641 1607 hoc
668 1550 865 1614 facere,
896 1563 1056 1618 quam
1085 1545 1333 1616 repositis
1372 1544 1565 1615 opibus
1594 1540 1864 1597 incubare.
1893 1537 2000 1594 Sed
2025 1537 2120 1592 tibi

530 1644 674 1700 aliud
693 1644 1021 1714 propositum
1038 1650 1121 1695 est
1144 1657 1157 1695 :
1183 1639 1455 1694 Christum
1477 1636 1676 1691 vesﬁre
1701 1633 1753 1689 in
1779 1630 2119 1705 pauperibus,

536 1741 756 1793 visitare
804 1738 855 1790 in
910 1733 1302 1806 languentibus,
1354 1743 1576 1800 pascere
1630 1727 1680 1781 in
1736 1723 2117 1788 esurientibus,

532 1829 812 1897 suscipere
838 1826 890 1880 in
918 1825 1005 1880 his
1035 1814 1122 1894 qui
1152 1832 1294 1878 tecto
1324 1820 1585 1891 indigent,
1608 1827 1664 1874 et
1686 1816 1919 1871 maxime
1950 1816 2003 1869 in
2026 1812 2124 1868 de-

536 1918 774 1973 niesticis
804 1917 949 1983 lidei,
980 1916 1243 1987 virginum
1272 1914 1417 1967 alere
1462 1908 1807 1973 monasteria,
1838 1920 2122 1961 servorum

534 2013 654 2074 Dei,
684 2021 737 2065 et
766 2024 1056 2080 pauperum
1090 2008 1277 2077 spiritu
1325 2003 1523 2058 habere
1565 2016 1747 2055 curam
1773 2040 1789 2067 ,
1817 1998 1906 2069 qui
1935 1997 2125 2053 diebus

533 2115 593 2159 et
614 2103 859 2159 noctibus
889 2102 1128 2158 serviunt
1161 2100 1386 2155 Domino
1418 2108 1545 2152 tuo:
1573 2096 1743 2166 quiin
1774 2104 1916 2149 terra
1944 2093 2123 2164 positi,

534 2198 817 2252 imitantur
840 2197 1147 2265 angelorum
1175 2190 1664 2250 conversatiooem,
1691 2195 1747 2242 et
1793 2185 1921 2240 nihil
1981 2182 2124 2237 aliud

538 2289 857 2359 toquuntur,
884 2287 984 2340 nisi
1018 2284 1159 2356 quod
1187 2283 1253 2338 ad
1284 2281 1468 2337 laudes
1489 2280 1584 2335 Dei
1616 2276 1848 2350 pertinet
1874 2292 1889 2328 :
1920 2274 2126 2329 haben-

542 2390 731 2450 tesque
777 2378 974 2432 vietum
1009 2386 1067 2431 et
1105 2376 1375 2439 vestitum,
1409 2371 1592 2444 (a)bis
1627 2368 1863 2441 gaudent
1904 2366 2124 2432 divitiis,

543 2469 636 2539 qui
685 2468 803 2539 plus
832 2467 1030 2520 habere
1063 2466 1290 2518 uolunt:
1320 2463 1366 2517 si
1416 2471 1592 2516 tamen
1637 2468 1856 2514 servant
1884 2457 2130 2526 proposi-

541 2571 682 2614 tmn.
713 2557 927 2627 Alioqui
954 2556 999 2609 si
1026 2555 1258 2624 amplius
1295 2552 1623 2614 desiderant,
1649 2550 1732 2603 his
1770 2561 1983 2618 quoque
2010 2561 2129 2615 qua:

544 2647 848 2702 necessaria
876 2657 1019 2710 sum,
1049 2645 1349 2713 probantur
1378 2640 1601 2711 indigni.
1632 2639 1755 2692 llaec
1775 2637 1843 2692 ad
1870 2636 2128 2706 virginem

543 2738 787 2797 divitem.
817 2744 871 2789 et
898 2736 1157 2804 virginem
1187 2733 1421 2787 nobilem
1451 2747 1569 2786 sum
1598 2732 1828 2785 locutus.

622 2828 710 2884 15.
750 2825 902 2881 Nunc
927 2837 1129 2880 tantum
1151 2822 1219 2878 ad
1246 2824 1506 2892 virginem
1534 2822 1721 2890 loquar
1746 2861 1764 2885 ,
1797 2818 1848 2873 id
1887 2826 1975 2874 est
2020 2831 2132 2873 non

546 2934 609 2973 ea
640 2934 759 2988 qua:
788 2927 937 2971 extra
970 2914 1153 2981 te,sed
1187 2915 1241 2967 in
1271 2922 1324 2967 te
1353 2923 1499 2976 sunt,
1520 2921 1729 2965 tantum
1754 2909 2126 2964 considerans.

550 3010 754 3064 Practer
793 3006 1115 3077 psalmorum
1166 3014 1221 3060 et
1262 3003 1523 3058 orationis
1569 3003 1837 3065 ordinem,
1865 3000 2008 3071 quod
2036 2998 2131 3054 tibi

548 3100 691 3156 Hora
726 3099 929 3164 Tertia,
968 3096 1151 3161 Sexta,
1175 3096 1347 3160 Nona,
1371 3094 1443 3148 ad
1465 3091 1788 3163 Vesperum,
1818 3090 1987 3146 Media
2030 3106 2133 3146 no-

547 3205 656 3259 cte,
679 3201 737 3247 et
782 3191 937 3246 Itane
976 3205 1193 3261 semper
1238 3196 1321 3244 est
1369 3193 1752 3248 exercendum,
1782 3195 1959 3240 statue
2001 3192 2134 3255 quot

551 3283 702 3340 boris
735 3297 976 3339 sanetam
1006 3281 1336 3351 Scripturam
1379 3279 1623 3335 ediscere
1662 3278 1899 3343 debeas;
1931 3286 2133 3347 quanto

552 3385 795 3446 tetttpore
817 3374 1011 3443 legere,
1039 3387 1143 3428 non
1174 3371 1241 3426 ad
1282 3370 1543 3437 laborem,
1569 3369 1665 3425 sed
1705 3368 1771 3424 ad
1813 3368 2131 3425 delectatio-

456 3500 467 3509 -
555 3484 678 3525 nem
706 3478 760 3523 et
785 3468 1185 3521 insrructionem
1228 3466 1443 3519 animae.
1483 3464 1724 3534 Ctnnque
1767 3462 1883 3517 ha-c
1930 3461 2132 3516 ﬁnieris

553 3562 748 3632 Spatia,
780 3569 834 3614 et
859 3561 1161 3630 frequenter
1189 3568 1240 3612 te
1267 3557 1333 3611 ad
1367 3555 1572 3628 ﬁgenda
1600 3570 1797 3628 genua,
1829 3552 2133 3609 sollicitudo

552 3656 747 3709 anima:
792 3650 1148 3717 suscitaverit,
1173 3649 1368 3704 habeto
1415 3649 1587 3702 lanam
1615 3662 1829 3717 semper
1858 3647 1911 3700 in
1960 3644 2134 3699 mani-

555 3745 678 3812 bus,
704 3743 788 3800 vcl
840 3741 1084 3797 staminis
1124 3740 1319 3810 pollice
1359 3739 1444 3793 ﬁla
1493 3739 1765 3802 deducito,
1813 3737 1896 3792 vel
1935 3736 2002 3790 ad
2027 3746 2130 3790 tor-

553 3836 766 3907 quenda
795 3834 1124 3905 subtegmina
1154 3833 1207 3887 in
1242 3832 1463 3886 alveolis
1492 3830 1607 3885 lusa
1653 3838 1933 3885 vertantur
1957 3844 1973 3894 ;
2000 3829 2135 3883 alia-

557 3944 786 4000 rumque
830 3937 950 3982 neta
980 3968 995 3992 ,
1025 3934 1118 3981 aut
1167 3926 1219 3980 in
1271 3925 1487 3997 globum
1528 3924 1741 3993 collige,
1773 3933 1864 3978 aut
1907 3923 2139 3979 terenda

555 4034 842 4090 compone.
868 4017 995 4086 Qua-
1023 4027 1163 4071 texta
1208 4025 1352 4080 sunt,
1401 4013 1605 4082 inSpice
1633 4030 1647 4067 :
1679 4028 1799 4084 qua:
1825 4022 2023 4079 errata,
2053 4027 2141 4068 re.

559 4108 870 4181 prehende:
899 4099 1017 4178 quin
1038 4104 1302 4169 facienda,
1333 4104 1617 4158 constitue.
1649 4102 1706 4158 Si
1734 4103 1893 4157 tantis
1917 4116 2140 4172 operum

558 4201 911 4257 varietatibus
937 4199 1102 4253 lueris
1122 4205 1405 4265 occupata,
1434 4209 1702 4264 nunquam
1732 4193 1848 4248 dies
1873 4194 1966 4249 tibi
1998 4194 2143 4265 longi

560 4301 721 4348 erunt
748 4307 765 4346 :
790 4290 885 4345 sed
907 4288 1148 4360 quamvis
1177 4286 1377 4339 aestivis
1397 4284 1683 4338 tendantur
1708 4282 1933 4349 solibus,
1956 4284 2145 4338 breves

563 4382 904 4445 videbuntur,
979 4378 1142 4450 992
1216 4376 1267 4430 itt
1290 4375 1482 4444 quibus
1503 4372 1697 4442 aliquid
1721 4373 1900 4441 operis
1924 4384 2147 4440 prater-

565 4477 790 4531 missum
818 4471 896 4543 (ὁ)
925 4481 1026 4525 est.
1054 4470 1179 4523 lla-e
1205 4467 1519 4527 observans,
1546 4475 1599 4516 et
1633 4462 1855 4531 tcipsam
1888 4462 2144 4528 Salvabis,

566 4578 624 4622 et
665 4566 833 4628 alias,
882 4573 939 4617 et
984 4561 1094 4616 eris
1143 4558 1394 4629 magism
1442 4564 1641 4609 sancta:
1686 4552 2145 4620 conversationis,

568 4638 961 4726 multarumque
1004 4652 1304 4708 castitatem
1357 4649 1560 4702 lucrum
1610 4655 1755 4698 tuum
1784 4642 1971 4705 facies,
2000 4640 2149 4697 Scri-

569 4757 721 4821 ptura
748 4748 959 4800 dicente
987 4762 1001 4798 :
1030 4742 1097 4797 In
1135 4740 1398 4795 desideriis
1448 4748 1521 4792 est
1565 4737 1729 4791 omnis
1757 4736 1930 4790 anima
1978 4733 2148 4788 otiosi.

572 4837 683 4894 Nec
724 4837 921 4892 idcirco
962 4836 1054 4890 tibi
1084 4834 1150 4887 ab
1179 4846 1343 4902 opere
1370 4829 1691 4884 cessandum
1747 4837 1849 4893 est,
1868 4828 1991 4901 quia
2043 4826 2153 4880 Deo

574 4927 808 4999 propitio
836 4927 977 4980 nulla
1002 4941 1060 4980 re
1101 4924 1307 4994 indiges
1339 4939 1352 4974 :
1384 4920 1477 4975 sed
1504 4922 1625 4975 ideo
1652 4934 1774 4974 cum
1797 4919 2045 4972 omnibus
2070 4917 2153 4971 la-

576 5017 873 5077 borandum
898 5026 1002 5082 est,
1034 5026 1090 5070 ut
1121 5032 1214 5085 per
1238 5015 1577 5068 occasionem
1607 5011 1807 5080 Operis.
1841 5008 1969 5064 nihil
2012 5007 2155 5064 aliud

577 5113 804 5186 cogites,
848 5109 951 5164 nisi
992 5108 1132 5178 quod
1181 5107 1249 5160 ad
1288 5104 1498 5160 Domini
1547 5104 1776 5172 pertinet
1821 5101 2153 5156 servitutem.

579 5203 906 5279 Simpliciter
951 5201 1158 5271 loquar.
1186 5198 1441 5265 Quamvis
1485 5211 1699 5250 omnem
1740 5210 1961 5249 censum
2012 5203 2157 5248 tuum

580 5301 633 5356 in
667 5309 928 5371 pauperes
956 5293 1264 5351 diSIrihuas,
1299 5289 1428 5341 nihil
1455 5287 1593 5357 apud
1619 5287 1888 5342 Christum
1912 5288 2013 5340 erit
2039 5302 2162 5357 pre-

581 5392 776 5447 tiosius
801 5430 816 5456 ,
843 5388 943 5442 nisi
989 5382 1132 5455 quod
1185 5379 1428 5434 manibus
1457 5379 1560 5430 tuis
1591 5378 1699 5446 ipsa
1730 5376 2049 5439 confeceris,
2080 5375 2160 5429 vel

584 5486 638 5541 in
667 5498 794 5538 usus
819 5478 1080 5551 praprios,
1112 5475 1193 5529 vel
1235 5478 1284 5524 in
1324 5471 1625 5538 exetuplum
1657 5467 1917 5537 virginum
1943 5477 2165 5520 caetera-

655 5618 727 5683 (α)
743 5614 958 5683 ,Διαυιιι
987 5611 1179 5683 quidam
1206 5609 1320 5660 ωδε·
1347 5602 1650 5683 (eisesse
1675 5599 2165 5683 .?!9“;.FP:‘_‘.2.§EB'3

587 5661 1111 5747 ιιι-ὸπίίὶιῖῇἧιῖίιῖαιῖὶέηι
1126 5682 1244 5729 etc.,
1265 5676 1369 5747 erat.
1394 5666 1650 5747 firginem,
1669 5663 1885 5747 elegos.
1896 5661 2165 5747 hujnusmOJi

590 5726 707 5804 iiiis
729 5726 906 5804 missio]
932 5740 1076 5787 etiam
1098 5726 1370 5804 inconsulto
1395 5726 1599 5804 leuiore,
1628 5726 2011 5798 emendavimus.

660 5784 909 5865 ᾆῐῖἧιῷ
924 5784 977 5849 et
986 5784 1237 5865 centurio
1253 5806 1400 5843 sensu
1425 5784 1663 5865 Victorius
1676 5802 1786 5839 cum
1802 5787 2053 5850 impressis
2068 5784 2170 5849 ple-

592 5857 764 5926 risque
788 5862 908 5922 aliis,
936 5857 1305 5923 puerei-misum
1329 5860 1529 5903 nonest.

1831 414 2075 479 SANCTI
2117 410 2491 472 manorum

3662 425 3807 486 ιιι

2220 544 2337 585 rum
2371 545 2385 580 :
2417 529 2497 583 vel
2524 526 2663 600 quod
2689 530 2824 586 aviae
2845 531 3118 605 matrique
3142 531 3357 604 o‘Beras,
3385 536 3596 608 majora
3622 539 3695 597 ab
3720 544 3809 600 eis

2221 622 2274 677 in
2301 621 2648 677 refectionem
2680 638 2970 693 pauperum
2998 626 3170 697 pretia
3200 638 3501 700 receptura.

2296 714 2382 770 16.
2423 715 2569 771 Pene
2608 717 2864 786 praeterii,
2891 717 3033 788 quod
3062 718 3144 775 vel
3182 721 3504 791 praecipuum
3532 730 3637 779 est.
3665 723 3810 781 Dum

2220 819 2369 860 esses
2391 806 2632 876 parvula,
2660 816 2717 862 et
2744 818 2947 863 sanctae
2972 822 3039 864 ac
3064 808 3232 864 beatae
3254 812 3534 867 memorias
3577 814 3813 870 Anasta-

2220 898 2333 954 sius
2396 899 2680 968 episcopus
2738 914 3014 957 romanam
3068 910 3281 972 regeret
3359 904 3687 971 ecclesiam,
3739 904 3813 962 de

2218 988 2449 1045 Orientis
2496 991 2736 1060 partibus
2778 990 3160 1049 haereticorum
3189 1007 3329 1050 saeva
3349 1002 3647 1066 tempestas
3670 997 3813 1051 sim-

2218 1083 2514 1154 plicitatem
2544 1082 2688 1147 fidei,
2720 1098 2840 1154 qua:
2868 1084 3111 1154 Apostoli
3157 1100 3288 1141 voce
3315 1086 3526 1141 laudata
3551 1095 3660 1154 est,
3689 1088 3814 1157 pol-

2223 1173 2371 1228 luere
2398 1184 2453 1228 et
2494 1174 2815 1230 Iabeiactare
2859 1185 3050 1230 conata
3093 1186 3198 1232 est.
3249 1176 3356 1232 Sed
3395 1178 3478 1232 vir
3519 1178 3814 1238 ditissima

2224 1271 2554 1336 paupertatis
2621 1278 2681 1323 et
2763 1268 3080 1337 apostolica:
3151 1269 3569 1338 sollicitudinis,
3626 1273 3814 1328 statim

2224 1358 2441 1412 noxium
2468 1359 2692 1428 perculit
2717 1371 2899 1429 caput,
2927 1370 2982 1416 et
3016 1360 3283 1417 sibilantia
3327 1361 3511 1434 hydra:
3536 1378 3633 1419 ora
3660 1378 3815 1420 com-

2224 1452 2449 1521 pescuit.
2482 1452 2549 1506 Et
2579 1453 2703 1522 quia
2728 1467 2938 1517 vereor,
2964 1453 3076 1509 imo
3096 1469 3314 1510 rumore
3336 1456 3583 1524 cognovi,
3614 1456 3668 1510 in
3690 1457 3816 1527 qui-

2224 1542 2446 1598 busdam
2490 1543 2665 1600 adhuc
2712 1548 2895 1602 vivere
2919 1554 2975 1602 et
3012 1546 3284 1617 pullulare
3309 1558 3566 1603 venenata
3595 1551 3812 1618 planta-

2224 1635 2325 1702 ria,
2358 1635 2484 1690 illud
2517 1646 2569 1691 te
2597 1639 2686 1706 pio
2705 1638 2944 1693 caritatis
2983 1638 3175 1694 affectu
3203 1642 3635 1708 przemonendam
3658 1650 3811 1711 puto,

2225 1735 2284 1781 ut
2332 1728 2499 1781 sancti
2554 1727 2871 1790 Innocentii,
2899 1730 2989 1799 qui
3053 1731 3365 1800 apostolica:
3397 1730 3712 1799 cathedrae,
3757 1743 3815 1788 et

2224 1817 2511 1891 supradicti
2541 1820 2640 1873 viri
2683 1835 2964 1877 successor
2988 1830 3043 1876 et
3085 1821 3227 1876 illius
3251 1831 3355 1885 est.
3382 1830 3572 1878 teneas
3601 1822 3763 1879 ﬁdem
3790 1841 3810 1879 :

2227 1925 2325 1965 nec
2357 1910 2712 1981 peregrinam,
2744 1912 2989 1983 quamvis
3020 1912 3115 1967 tibi
3147 1912 3384 1982 prudens
3409 1914 3713 1985 callidaque
3738 1917 3812 1987 (ς)

2226 2000 2482 2065 videaris,
2514 1999 2813 2054 doctrinam
2856 2002 3105 2069 recipias.
3153 2001 3339 2058 Solent
3383 2005 3524 2058 enim
3556 2005 3812 2074 hujusce-

2228 2094 2373 2149 modi
2406 2108 2501 2162 per
2523 2093 2748 2162 angulos
2792 2093 3101 2159 mussitare,
3131 2102 3187 2149 et
3218 2095 3371 2165 quasi
3404 2096 3664 2164 justitiam
3695 2097 3809 2164 Dei,

2227 2199 2494 2255 quan'ere.
2524 2182 2626 2238 Cur
2654 2183 2749 2237 illa
2784 2184 2991 2251 animo,
3014 2184 3071 2239 in
3098 2183 3193 2239 illa
3238 2195 3311 2240 est
3337 2195 3460 2240 nata
3503 2188 3763 2256 provincia
3786 2189 3814 2244 2

2233 2275 2369 2340 Quid
2416 2290 2587 2328 causa:
2643 2276 2866 2341 exstitit,
2900 2283 2954 2329 ut
3002 2275 3097 2330 alii
3140 2275 3207 2330 de
3256 2276 3547 2332 rhristiauis
3599 2294 3814 2333 nascan-

2230 2376 2315 2419 tur
2357 2365 2686 2435 parentibus,
2711 2367 2804 2421 alii
2843 2367 2976 2421 inter
3019 2371 3157 2438 [erm
3207 2376 3254 2421 et
3310 2369 3611 2424 missimus
3650 2372 3816 2424 natio-

2231 2473 2340 2523 nes,
2373 2458 2459 2511 ubi
2501 2458 2653 2513 nullo
2706 2457 2802 2512 Dei
2851 2460 3031 2513 notitia
3071 2461 3193 2514 est?
3219 2460 3461 2531 Cumque
3509 2462 3614 2517 hoc
3663 2465 3813 2534 quasi

2231 2552 2529 2621 scorpionis
2558 2552 2668 2607 ictu
2708 2551 2983 2621 simplices
3024 2567 3304 2624 quousque
3351 2556 3737 2623 percusseriut,
3763 2566 3818 2612 et

2232 2640 2466 2695 ﬁstulato
2492 2641 2733 2706 vulnere,
2760 2642 2935 2696 locum
2963 2642 3067 2697 sibi
3100 2644 3349 2710 iecerint,
3379 2660 3583 2701 venena
3622 2646 3818 2702 diditu-

2232 2731 2387 2787 dunt.
2419 2733 2655 2788 Putasne
2692 2733 2897 2788 frustra
2934 2733 3117 2789 infans,
3136 2735 3603 2807 parvolus,etv;ai
3626 2737 3818 2810 (ﬂvis

2233 2834 2462 2880 matrem
2490 2826 2625 2891 risu,
2647 2837 2705 2882 et
2745 2826 2925 2885 Vtilius
2954 2827 3222 2882 hilaritate
3246 2838 3576 2897 cognoscat;
3599 2830 3693 2900 qui
3719 2845 3825 2886 ac

2233 2916 2363 2973 boni
2403 2917 2600 2987 aliquid
2646 2917 2810 2983 fecit,
2862 2932 2961 2974 nec
3019 2919 3145 2973 mali
3195 2918 3441 2975 dmmone
3492 2921 3816 2990 corripitur,

2233 3009 2423 3066 morbo
2442 3011 2760 3081 opprimitur
2828 3012 2993 3083 993
3067 3014 3316 3082 regiopet
3332 3027 3398 3068 ea
3420 3015 3673 3082 sustinet,
3702 3030 3820 3085 qua:

2234 3102 2480 3159 videmus
2505 3102 2697 3172 impios
2735 3104 2979 3159 homines
3004 3118 3111 3159 non
3152 3107 3440 3173 sustinere,
3471 3109 3821 3164 etrsnstinere

2238 3194 2351 3250 Deo
2370 3196 2700 3251 servientes?
2718 3196 2811 3252 Sin
2835 3205 3014 3251 autem
3036 3196 3233 3266 judicia
3262 3208 3407 3263 sunt,
3430 3190 3706 3266 inquiunt,
3732 3200 3822 3254 Do—

2234 3286 2365 3341 mini
2394 3302 2541 3353 vera,
2562 3286 2848 3356 iustiﬁcata
2880 3288 2933 3341 in
2953 3287 3253 3359 semetipsis
3276 3287 3447 3359 (Psal.
3476 3289 3591 3360 18).
3615 3300 3676 3345 et
3695 3290 3821 3349 nihil

2233 3375 2372 3447 apud
2404 3376 2574 3432 Deum
2603 3377 2852 3446 injustam
2881 3388 2998 3444 est;
3026 3379 3138 3449 ipsa
3187 3379 3393 3434 ratione
3419 3382 3819 3451 compellimur,

2235 3477 2296 3523 ut
2314 3468 2601 3547 credamus
2632 3470 2837 3524 animas
2872 3468 3037 3525 fuisse
3074 3472 3123 3524 in
3148 3469 3477 3536 ctelestibus,
3504 3479 3562 3525 et
3606 3484 3822 3543 propter

2236 3560 2480 3631 quasdam
2531 3561 2749 3632 antiqua
2798 3573 3009 3631 peccata
3062 3562 3341 3617 damnatas
3389 3563 3443 3616 in
3506 3564 3823 3633 corporibus

2240 3650 2505 3717 humanis,
2520 3663 2577 3708 et
2602 3663 2654 3706 ut
2674 3650 2748 3707 ita
2779 3653 3078 3722 loquamur,
3097 3653 3356 3720 sepultas,
3381 3667 3586 3723 nosque
3614 3653 3669 3708 in
3690 3653 3823 3708 valle

2239 3741 2594 3813 lacrymarmn
2623 3757 2805 3811 pomas
2828 3743 2976 3797 luere
3005 3756 3242 3805 veterum
3268 3752 3627 3809 peccatorum.
3675 3741 3823 3797 Unde

2240 3842 2296 3889 et
2328 3833 2591 3903 Propheta
2618 3833 2748 3888 dicit
2775 3850 2792 3890 :
2824 3831 3131 3904 Priusquam
3160 3833 3477 3898 Immitiarer,
3508 3848 3600 3903 ego
3625 3833 3822 3902 peccavi

2242 3924 2415 3999 (Psal.
2460 3927 2585 3982 “8.
2627 3927 2741 3995 67).
2771 3926 2880 3982 Et:
2914 3925 3056 3980 Edric
3084 3926 3147 3981 de
3178 3941 3379 3980 carcere
3415 3926 3641 3979 animum
3665 3941 3822 3979 meum

2243 4017 2415 4093 (Psal.
2463 4018 2588 4074 141.
2634 4018 2715 4089 8).
2746 4017 2846 4071 Et:
2877 4015 2986 4072 Iste
3011 4017 3256 4087 peccavit,
3281 4026 3335 4070 ut
3381 4031 3543 4071 circus
3586 4032 3651 4071 ea:
3689 4025 3821 4069 utero

2244 4120 2554 4175 nasceretur,
2584 4127 2652 4165 an
2693 4120 2926 4182 parentes
2970 4111 3083 4181 ejus
3119 4107 3300 4181 (Joon.
3327 4110 3383 4165 9.
3407 4108 3467 4179 2)
3492 4109 3593 4164 let
3633 4116 3820 4164 cetera

2248 4202 2335 4259 his
2363 4201 2740 4259 similia.ll:ee
2782 4200 2945 4271 impia
2970 4209 3026 4255 et
3051 4196 3309 4255 scelerata
3340 4198 3579 4253 doctrina
3616 4198 3743 4254 olim
3772 4199 3821 4252 in

2249 4293 2485 4365 Egypto
2511 4304 2564 4348 et
2587 4292 2824 4349 Orientis
2849 4290 3086 4360 partibus
3116 4289 3455 4355 versabatur,
3485 4298 3542 4344 et
3570 4303 3710 4343 nunc
3736 4289 3824 4341 ιιι·

2248 4385 2511 4450 scondite,
2536 4383 2689 4453 quasi
2719 4383 2771 4436 in
2816 4380 2987 4437 foveis
3025 4381 3325 4447 viperarum
3364 4378 3504 4450 apud
3549 4380 3823 4448 plerosque

2248 4484 2511 4539 versatur,
2541 4476 2857 4543 illarumque
2909 4472 3139 4543 partium
3189 4472 3376 4542 polluit
3429 4473 3708 4542 puritatem
3734 4512 3749 4534 ,
3777 4479 3826 4531 et

2250 4567 2402 4637 quasi
2431 4564 2767 4620 hmreditario
2815 4564 2976 4627 malo,
3008 4563 3176 4633 serpit
3220 4563 3271 4617 in
3314 4562 3522 4634 paucis,
3551 4572 3609 4617 ut
3651 4577 3827 4632 perve-

2254 4658 2364 4713 niat
2387 4655 2454 4712 ad
2483 4655 2739 4727 plurimos
2767 4671 2781 4709 :
2808 4670 2969 4726 quam
2993 4663 3171 4710 certus
3192 4669 3330 4719 sum,
3363 4653 3505 4724 quod
3535 4653 3580 4708 si
3602 4652 3826 4707 audieris

2257 4764 2362 4804 non
2416 4748 2663 4818 recipias.
2709 4745 2887 4801 [labes
2932 4746 3076 4801 enim
3123 4744 3261 4816 apud
3314 4746 3476 4799 Deum
3531 4744 3823 4814 magistras,

2257 4855 2481 4911 quarum
2511 4839 2644 4893 lides
2669 4853 2854 4892 norma
2881 4836 3139 4891 doctrinre
3176 4845 3279 4890 est.
3310 4833 3561 4904 lntelligis
3585 4833 3710 4903 quid
3755 4833 3827 4886 lo-

2259 4949 2413 5002 quar.
2463 4931 2615 4985 Dabit
2639 4931 2782 4984 enim
2809 4928 2899 4983 tibi
2930 4927 3068 4982 Deus
3097 4927 3151 4981 in
3197 4926 3445 4980 omnibus
3489 4925 3824 4979 intellectum.

2260 5025 2371 5081 Nec
2397 5026 2575 5079 statim
2601 5023 2885 5077 adversum
2914 5020 3260 5075 saevissimam
3300 5019 3567 5081 haeresim,
3593 5026 3649 5072 et
3672 5015 3777 5070 mul
3800 5028 3829 5067 ο

2264 5117 2351 5171 his
2396 5115 2649 5186 nequiora
2674 5153 2690 5176 ,
2719 5128 2839 5183 qua:
2867 5111 2998 5178 dixi,
3030 5109 3431 5181 responsionem
3483 5109 3565 5179 (ἀ)
3614 5107 3832 5161 hominis

2325 5249 2397 5310 (ε)
2430 5247 2754 5310 Martianseus,
2777 5244 3020 5310 paucique
3041 5242 3122 5310 alii
3146 5256 3211 5293 ex
3235 5241 3382 5310 editis
3402 5240 3540 5310 libris
3562 5246 3617 5291 et
3640 5239 3751 5290 Mss.
3768 5238 3830 5310 pi-

2266 5302 2455 5366 deotiir,
2475 5308 2602 5370 quod
2626 5302 2849 5370 referunt
2864 5307 2921 5354 ad
2938 5302 3222 5370 doctrinam.
3235 5303 3451 5355 Pluriurn
3467 5309 3564 5361 est,
3579 5314 3692 5365 quae
3708 5302 3833 5350 uobis

2268 5368 2685 5435 probaturilectio,
2703 5368 2951 5435 simulque
2958 5368 3265 5435 concinnior.

2333 5429 2406 5496 id)
2445 5430 2570 5480 Olim
2593 5430 2642 5477 in
2674 5421 3105 5496 vetusta'editione
3129 5435 3235 5477 erat
3269 5423 3469 5496 ordiqu
3488 5438 3586 5496 ιιι-ρ
3608 5421 3833 5496 Immitto;

2268 5502 2319 5545 at
2338 5484 2566 5542 neutrum
2592 5504 2765 5540 revera
2808 5491 2982 5552 placet.
3017 5491 3170 5539 Porro
3199 5487 3325 5551 quod
3344 5484 3505 5552 Δοιΐιεζι
3544 5484 3835 5552 Demetriadi

2268 5544 2408 5614 eius,
2434 5567 2528 5602 non
2564 5552 2692 5601 aliud
2730 5544 2939 5614 videtur.
2973 5563 3086 5601 esse
3124 5544 3267 5613 quain
3299 5549 3356 5614 ad
3391 5548 3585 5614 Avitum
3626 5544 3836 5614 mis-tota,

2272 5608 2378 5664 ﬁt.
2396 5608 2451 5664 in
2474 5628 2569 5678 qua
2593 5614 2877 5676 Origeniani
2912 5611 3025 5662 libri
3045 5608 3293 5676 capt-A'nﬁv
3324 5608 3522 5659 fraudes
3550 5608 3760 5670 detegit,
3789 5613 3837 5656 et

2337 5714 2409 5780 (ι)
2436 5716 2735 5787 Expressnm
2760 5728 2826 5765 ex
2850 5713 2934 5765 illo
2950 5712 3142 5787 γιιείιῆ
3168 5724 3317 5787 versu

2275 5777 2588 5893 (ὦ.
2609 5790 2755 5842 parve
2776 5789 2897 5841 puer
2916 5777 3019 5829 risu
3040 5785 3320 5840 cognoscere
3341 5777 3561 5822 matrem.

2296 5868 2310 5890 ι
2404 5856 2416 5891 l
