4080 6340
296 399 428 454 “9|

297 513 578 582 ﬂagitabis,
604 529 670 569 nc
691 529 797 569 non
825 523 934 569 tam
961 514 1298 584 prohibuisse
1321 513 1522 580 videar,
1551 529 1709 581 quam
1731 529 1880 568 com-

299 605 572 658 monuisse
603 622 616 656 :
647 620 768 659 cum
814 607 1092 676 przcsentis
1118 605 1297 676 cperis
1337 607 1406 660 sit
1449 607 1726 661 instituere
1757 604 1777 677 [
1803 607 1874 659 al.

297 691 570 764 instruere]
599 693 877 761 virginem,
907 711 1010 749 non
1043 694 1306 750 haereticis
1331 695 1676 764 respondere.
1703 696 1878 749 Caete-

294 796 412 835 rum
441 796 629 835 omnes
669 783 1050 839 fraudulentias
1071 800 1279 852 eorum,
1309 796 1364 841 et
1387 786 1661 840 cuniculos
1684 787 1876 856 quibus

294 871 537 924 nituntur
581 871 890 928 subvertere
941 871 1256 941 veritatem,
1311 877 1362 930 in
1408 878 1513 931 alio
1550 893 1714 947 opere
1765 877 1876 931 Deo

290 962 578 1032 adjuvante
601 1007 616 1030 ,
648 967 1002 1023 subvertimus
1029 987 1044 1023 :
1081 971 1221 1039 quod
1252 972 1296 1024 si
1329 971 1562 1025 volneris
1585 1013 1600 1038 ,
1631 981 1875 1042 prompte

292 1051 626 1122 libenterque
655 1055 948 1111 mittemus.
983 1057 1261 1113 Ultroneas
1287 1061 1450 1126 enim,
1490 1061 1659 1123 aiunt,
1688 1069 1875 1130 putere

290 1156 537 1208 merces;
567 1153 620 1197 et
641 1147 805 1213 pretia
833 1145 1082 1203 facilitate
1107 1148 1422 1209 decrescunt
1451 1148 1543 1221 [ιιι.
1567 1149 1872 1222 decrescere]

293 1247 412 1302 quas
431 1249 645 1304 semper
671 1238 722 1291 in
752 1240 968 1295 raritate
994 1242 1192 1310 majora
1213 1253 1356 1296 sunt.

361 1325 448 1378 l7.
492 1326 642 1382 Solet
686 1328 826 1383 inter
853 1331 1135 1401 plerosque
1163 1347 1284 1388 esse
1311 1343 1581 1389 certamen
1613 1377 1629 1400 ,
1671 1334 1867 1390 Utrum

287 1415 546 1483 solitaria,
597 1434 662 1472 an
710 1435 830 1475 cum
872 1423 1053 1477 multis
1079 1424 1184 1478 vita
1226 1425 1415 1479 melior
1459 1428 1530 1480 sit
1575 1444 1588 1480 :
1644 1439 1867 1495 quarum

293 1510 438 1574 prior
503 1509 781 1577 praefertur
827 1513 1043 1581 quidem
1098 1516 1375 1580 secundae;
1431 1516 1525 1570 sed
1578 1517 1622 1569 si
1678 1517 1728 1569 in
1783 1515 1868 1569 vi-

289 1601 362 1653 ris
388 1602 681 1669 periculosa
710 1615 812 1666 est,
843 1620 911 1658 ne
936 1606 1186 1660 abstracti
1213 1608 1280 1661 ab
1309 1608 1581 1661 hominum
1615 1605 1862 1677 frequen-

287 1689 381 1754 tia,
411 1689 640 1746 sordidis
662 1701 716 1747 et
737 1694 912 1762 impiis
933 1696 1344 1765 cogitationibus
1365 1705 1580 1766 pateant
1603 1712 1619 1762 ;
1643 1706 1697 1752 et
1721 1696 1866 1766 pleni

285 1781 604 1848 arrogantia:
623 1792 677 1835 et
721 1784 1013 1852 supercilii,
1040 1796 1260 1840 cunctos
1285 1786 1599 1856 despiciant,
1626 1796 1866 1841 arment-

285 1884 390 1937 que
435 1871 638 1940 linguas
677 1888 824 1939 suas,
875 1875 956 1928 vel
1005 1877 1237 1941 clericis,
1281 1877 1365 1932 vel
1421 1879 1538 1932 aliis
1590 1879 1866 1932 monachis

283 1958 649 2025 detrahendo;
681 1963 746 2017 de
771 1964 966 2032 quibus
996 1967 1292 2020 rectissime
1326 1967 1520 2021 dicitur
1548 1985 1560 2021 :
1591 1966 1717 2021 Filii
1767 1969 1862 2022 ho-

281 2048 494 2113 minum,
513 2051 685 2106 dentes
706 2069 880 2107 eorum
907 2070 1051 2108 arma
1078 2065 1126 2109 et
1144 2057 1362 2126 sagittis,
1390 2065 1437 2110 et
1476 2056 1652 2127 lingua
1681 2073 1857 2112 eorum

279 2137 444 2210 994
513 2141 715 2209 gladius
757 2156 932 2199 acutus
981 2145 1158 2216 (Psal.
1205 2147 1296 2202 56.
1329 2146 1401 2220 5)
1431 2167 1443 2201 :
1470 2159 1668 2218 quanto
1698 2152 1862 2220 magis

282 2228 333 2282 in
365 2229 598 2296 feminis,
626 2249 851 2302 quarum
881 2238 1152 2292 mutabilis
1178 2238 1546 2310 ﬂuctuansque
1571 2243 1858 2309 sententia,

279 2319 324 2372 si
353 2337 452 2374 suo
483 2323 707 2378 arbitrio
735 2328 1067 2396 relinquatur
1087 2371 1103 2396 ,
1131 2331 1239 2385 cito
1265 2332 1330 2386 ad
1355 2332 1622 2388 deteriora
1650 2335 1858 2391 delabi-

282 2411 407 2464 tur?
429 2411 560 2466 Novi
587 2428 688 2482 ego
714 2416 765 2468 in
793 2426 1019 2487 utr0qne
1042 2435 1198 2487 sexu,
1227 2437 1320 2491 per
1339 2425 1555 2478 nimiam
1579 2427 1860 2482 absﬁnen-

281 2502 408 2554 tiam
439 2504 647 2558 cerebri
695 2507 976 2562 sanitatem
1021 2511 1338 2580 quibusdam
1381 2513 1547 2571 fuisse
1588 2527 1857 2572 vexatam.

282 2591 662 2661 Praecipueque
693 2595 744 2648 in
768 2594 850 2649 his
875 2637 891 2662 ,
916 2599 1004 2667 qui
1036 2600 1085 2653 in
1115 2601 1376 2658 humectis
1401 2613 1454 2660 et
1480 2605 1683 2675 frigidis
1707 2608 1860 2663 habi-

284 2688 533 2734 taverunt
561 2679 652 2753 [ιιι.
681 2683 928 2758 habitant]
960 2689 1168 2744 cellulis
1199 2709 1214 2744 :
1243 2691 1311 2746 ita
1344 2703 1400 2747 ut
1443 2697 1709 2752 nescirent
1733 2699 1856 2767 quid

274 2780 522 2839 agerent,
554 2788 725 2842 quove
752 2792 810 2831 se
833 2789 1102 2834 verterent
1129 2799 1142 2834 :
1170 2784 1294 2852 quid
1324 2784 1488 2856 loqui,
1519 2788 1646 2858 quid
1682 2799 1858 2846 tacere

277 2859 562 2917 deberent.
608 2866 766 2920 Certe
795 2867 838 2922 si
889 2869 1050 2924 rudes
1096 2873 1432 2930 saecularium
1465 2879 1763 2934 litterarum
1788 2881 1857 2936 de

283 2954 601 3008 tractatibus
631 2954 911 3014 hominum
941 2960 1264 3019 disertorum
1300 2968 1571 3038 quippiam
1599 2972 1852 3042 legerint,

275 3041 658 3099 lverbositatem
688 3048 858 3102 solam
885 3049 1097 3106 discunt
1118 3093 1134 3116 .
1162 3057 1364 3127 absque
1387 3061 1572 3114 notitia
1616 3041 1856 3133 scriptu-

272 3147 493 3199 rarum;
524 3147 574 3189 et
594 3137 747 3206 juxta
771 3149 922 3195 vetus
947 3143 1178 3213 elogium
1210 3163 1224 3200 :
1259 3162 1380 3203 cum
1407 3150 1554 3221 loqui
1583 3157 1848 3223 nesciant,

279 3231 453 3277 tacere
483 3240 589 3280 non
621 3239 845 3296 possunt
877 3248 891 3283 :
917 3232 1218 3306 docentque
1257 3236 1556 3310 Scripturas
1583 3261 1719 3315 quas
1744 3263 1852 3302 non

279 3313 615 3383 intelligunt;
663 3328 719 3372 et
762 3335 880 3375 cum
922 3324 1041 3378 aliis
1090 3332 1472 3402 persuaserint,
1520 3338 1852 3396 eruditorum

280 3404 381 3458 sibi
424 3420 703 3462 assumunt
733 3416 1075 3482 supercilium
1108 3436 1120 3471 :
1153 3422 1298 3488 prius
1335 3424 1706 3494 imperitorum
1735 3448 1854 3489 ma-

279 3497 450 3565 gistri,
490 3514 648 3568 quam
678 3502 958 3560 doctorum
1007 3509 1274 3581 discipuli.
1304 3515 1510 3573 Bonum
1565 3533 1648 3576 est
1694 3524 1855 3593 igitur

278 3586 500 3641 obedire
527 3590 814 3657 majoribus
837 3633 853 3657 ,
883 3611 1071 3664 parcre
1110 3604 1375 3670 praefectis
1398 3605 1490 3678 [αι.
1519 3586 1778 3686 perfectis]
1797 3626 1856 3671 et

279 3686 401 3746 post
442 3678 652 3747 regulas
692 3679 1120 3754 Scripturarum,
1171 3693 1294 3748 vitae
1338 3710 1449 3750 sua:
1479 3678 1854 3758 tratnitemcab

279 3766 395 3820 aliis
423 3765 632 3824 discere
680 3787 824 3828 :nec
864 3788 1190 3847 przcceptore
1235 3785 1311 3840 uti
1363 3790 1617 3857 pessimo,
1649 3795 1854 3851 scilicet

283 3861 700 3928 praesumptione
737 3879 853 3918 sua.
907 3867 978 3922 De
1009 3870 1204 3928 talibus
1229 3873 1442 3932 feminis
1469 3889 1524 3935 et
1563 3886 1855 3952 Apostolus

279 3948 508 4018 loquitur
538 3967 550 4002 :
583 3950 711 4016 Qui:
759 3956 1180 4029 circumferuntur
1243 3969 1381 4020 enini
1423 3981 1564 4025 vento
1611 3974 1856 4034 doctrina

272 4040 296 4107 '(
309 4037 498 4109 Epltes.
522 4042 574 4096 ι.
604 4044 690 4113 lt)
716 4062 728 4098 :
756 4063 951 4117 semper
967 4051 1234 4120 discentes,
1259 4068 1307 4110 et
1328 4076 1586 4130 nunquam
1608 4067 1676 4120 ad
1694 4070 1854 4125 scien-

277 4133 399 4184 tiam
427 4135 652 4189 veritatis
676 4141 1014 4206 peruenientes
1041 4144 1116 4214 (Ξ.
1150 4145 1281 4204 Tim.
1305 4153 1359 4206 5.
1391 4155 1468 4225 7).

349 4221 438 4275 18.
481 4221 704 4278 Vitanda
733 4231 1058 4287 swcularium
1099 4242 1373 4298 consortia.
1394 4221 1466 4284 -ξ-
1491 4245 1849 4310 Matronarum

279 4313 486 4367 maritis
515 4328 578 4369 ac
614 4320 810 4372 sacculo
847 4324 1214 4395 servientium,
1255 4331 1346 4384 tibi
1374 4340 1640 4395 consortia
1681 4343 1850 4400 decli-

281 4414 476 4460 nentur
503 4447 518 4471 ,
554 4425 620 4462 ne
646 4411 964 4470 sollicitatur
988 4420 1200 4476 animus
1223 4463 1237 4487 ,
1267 4433 1320 4479 et
1357 4427 1543 4485 audias
1566 4473 1581 4494 .
1611 4436 1736 4504 quid
1767 4441 1850 4496 vel

281 4496 503 4550 maritus
533 4500 722 4564 uxori,
773 4504 852 4557 vel
895 4521 1029 4561 uxor
1069 4509 1241 4566 locuta
1287 4516 1358 4570 sit
1383 4517 1517 4574 viro.
1565 4496 1852 4586 venenata:

280 4597 407 4641 sunt
461 4589 826 4657 lmjnscemodi
877 4599 1360 4662 confabulationes.
1406 4609 1581 4682 Super
1625 4633 1851 4688 quarum

181 4739 200 4756 .
285 4679 647 4746 damnatione,
681 4689 990 4745 saecularem
1012 4710 1222 4751 versum
1241 4715 1518 4760 assumens
1541 4712 1849 4782 Apostolus,

279 4770 406 4822 fecit
436 4770 866 4831 Ecclesiasticum
901 4798 915 4832 :
947 4781 1285 4855 Corrumpunt
1340 4808 1502 4848 mores
1530 4797 1684 4852 bonos
1727 4770 1848 4857 con:

286 4862 620 4956 tabulationes
650 4869 880 4935 pessima:
908 4873 984 4940 (1.
1019 4873 1136 4930 Cor.
1171 4880 1282 4950 15).
1337 4883 1413 4953 (a)
1438 4885 1599 4956 Cujus
1640 4890 1850 4952 lambici

285 4962 512 5007 tnetrum
542 4955 668 5009 dum
708 4961 927 5015 verbum
963 4976 1142 5021 servat
1186 4984 1251 5023 ex
1283 4973 1448 5028 verbo
1473 5016 1489 5041 ,
1519 4993 1848 5052 nequaquam

279 5046 544 5113 expressit
615 5047 776 5104 latina
863 5058 1158 5116 translatio.
1229 5061 1430 5120 Graves
1500 5046 1743 5139 fctninze,
1798 5089 1851 5133 et

277 5137 508 5193 maxime
533 5139 703 5195 vidua:
727 5181 742 5208 ,
772 5159 834 5199 ac
863 5148 1097 5219 virgines
1119 5193 1134 5218 ,
1169 5155 1260 5212 tibi
1289 5161 1513 5218 comites
1541 5166 1803 5237 eligantur
1831 5188 1848 5227 :

273 5311 528 5364 subvertit.
567 5314 814 5391 partarum
855 5333 1044 5388 sumpta
1084 5334 1334 5384 sententia
1378 5351 1442 5388 ex
1484 5340 1719 5396 Cicerone
1763 5361 1848 5408 pro

274 5372 394 5408 Ro“
439 5373 612 5408 ηοω-ιη
654 5381 735 5408 "Im
759 5382 822 5408 ,1η
848 5384 1024 5408 unum...
1052 5403 1200 5408 --ῌΑ
1325 5399 1335 5408 .
1364 5399 1374 5408 .
1548 5406 1555 5408 .
1592 5406 1631 5408 _,

567 5378 577 5387 .
724 5381 734 5391 .
966 5372 1044 5388 Γν-
1084 5372 1334 5384 “mum..-
1378 5372 1442 5388 .M
1484 5372 1719 5396 υιυσιυιιυ
1763 5372 1848 5408 pm

273 5372 1410 5471 Eﬁ:§.:.§‘i:?:ﬂ:.rb:ﬁ‘i.§?laasassus:autin
1433 5406 1713 5464 parricidam
1735 5423 1848 5471 ευμ-

329 5434 338 5444 .
375 5435 384 5444 .
617 5434 625 5437 _
855 5446 866 5456 .
929 5449 937 5457 .
983 5434 1023 5437 κ-
1051 5434 1222 5453 ..ην-...ν
1255 5434 1335 5458 ul...
1361 5434 1410 5448 u-
1433 5434 1713 5464 μηιιιυιυειιιι
1735 5434 1846 5471 ουν·

310 5434 1190 5530 1⁸3⁸2³ηὲἓέἐφωξὲξιξξιξὲιεὲξῖιιηειελ
1209 5456 1378 5530 manu.
1417 5475 1512 5513 ιιοη
1544 5472 1644 5517 tam
1681 5471 1846 5530 prohi-

332 5509 402 5551 re,
429 5509 573 5606 (item
595 5501 853 5554 admonere
874 5501 1131 5559 videretur.
1158 5501 1300 5566 Graii.

343 5553 406 5606 {al
471 5557 518 5606 ’χ
549 5559 825 5606 Menandro
854 5575 902 5606 ut
929 5569 1040 5606 :tlihi
1085 5587 1175 5606 nm.
1200 5590 1293 5606 ...ιη

343 5553 406 5640 (a)
442 5553 534 5652 ΕΞ(Ιι
549 5553 913 5652 Menandromt
929 5569 1177 5652 alibipnec
1200 5553 1362 5629 unoin
1387 5581 1491 5652 loco
1509 5594 1724 5652 notatum
1747 5602 1842 5652 est,

274 5627 558 5706 21:20::110:
568 5636 707 5706 ﬂgiti
722 5637 880 5706 stt-.595
888 5644 1017 5706 aranei.
1041 5633 1158 5706 Ejus
1175 5627 1292 5706 vero
1309 5627 1843 5706 st'etii};ti£.i}."ilhiiii£

277 5685 696 5766 Eﬁr‘ﬂe‘lﬂﬂipﬂe,
722 5685 776 5736 ui.
799 5689 1036 5742 Victorius
1056 5685 1844 5766 abnaavéiiiiféér'iiii'i67.333

273 5739 464 5789 modum
486 5742 655 5795 fuisset
679 5739 693 5796 ἑ

430 5810 586 5856 Μαι-ες
608 5807 748 5859 bonos
770 5810 1002 5876 colloquia
1025 5829 1332 5880 corrumpant
1354 5830 1497 5880 mala.

1599 398 1930 456 EPISTULA
1972 397 2059 453 CX
2069 397 2181 453 XX.

3422 409 3562 468 1122

1977 527 2201 580 quarum
2230 514 2450 584 probata
2471 525 2550 572 est
2588 520 2960 587 conversatio,
2988 536 3170 578 sermo
3199 523 3510 579 moderatus
3533 567 3550 592 ,

1975 611 2158 655 sancta
2200 605 2544 660 verecundia.
2593 607 2736 678 Fuge
2765 611 3036 667 lasciviam
3064 616 3367 684 puellarum
3395 659 3411 684 ,
3438 635 3558 687 qua:

1975 703 2170 747 ornant
2195 696 2389 764 capita,
2415 699 2591 752 crines
2620 714 2650 752 a
2683 699 2854 756 fronte
2877 705 3166 760 demittunt
3185 748 3198 771 ,
3232 719 3409 764 cutem
3457 725 3555 779 pou

1976 782 2132 850 littnt,
2160 793 2382 839 utuntur
2411 787 2493 856 (Ι)
2522 787 2825 856 pigmentis,
2853 794 3137 850 adstrictus
3160 796 3357 852 habent
3380 802 3554 853 mani-

1974 885 2090 939 Cas,
2116 876 2436 930 vestimenta
2465 877 2580 931 sine
2615 893 2765 946 ruga,
2799 895 3090 953 Soccosque
3121 890 3418 955 crispantes
3451 907 3463 942 :
3499 902 3556 946 nt

1973 965 2075 1016 sub
2092 964 2307 1019 nomine
2329 967 2588 1036 virginali,
2610 969 2924 1025 vendibilius
2945 985 3165 1041 pereant
3186 975 3281 1049 [aL
3298 981 3552 1054 pareant].

1974 1051 2150 1107 Mores
2175 1055 2316 1108 enim
2341 1065 2395 1110 et
2423 1056 2596 1111 studia
2624 1058 2979 1123 dominarum,
3010 1065 3322 1137 plerumque
3351 1085 3413 1124 ex
3448 1089 3546 1124 an-

1973 1140 2216 1195 cillarum
2243 1153 2295 1197 et
2321 1145 2574 1198 comitum
2604 1149 2838 1202 moribus
2862 1150 3185 1218 judicantnr.
3235 1157 3326 1211 Illa
3357 1159 3448 1213 tibi
3483 1162 3555 1216 sit

1973 1230 2214 1296 pulchra,
2268 1233 2356 1287 illa
2403 1235 2683 1300 amabilis,
2731 1239 2819 1292 illa
2861 1239 3100 1296 habenda
3175 1246 3336 1318 995
3413 1252 3553 1306 inter

1970 1318 2142 1374 socias
2170 1336 2289 1389 quae
2333 1336 2394 1376 se
2439 1325 2610 1378 nescit
2646 1341 2766 1382 esse
2807 1330 3114 1398 pulchram;
3165 1351 3283 1404 qua:
3337 1341 3556 1410 negligit

1970 1407 2156 1464 fortine
2175 1410 2391 1479 bonum,
2414 1425 2462 1468 et
2491 1417 2789 1485 procedens
2815 1421 2880 1474 ad
2911 1423 3201 1490 publicum,
3228 1444 3331 1482 non
3366 1407 3552 1499 pectus

1969 1502 2177 1555 etcolla
2207 1502 2462 1570 denudat,
2495 1523 2591 1562 nec
2634 1511 2791 1577 pallio
2830 1514 3069 1567 revoluto
3116 1520 3382 1574 cervicem
3426 1541 3554 1594 ape-

1969 1591 2074 1656 rit;
2103 1591 2198 1646 sed
2243 1610 2364 1663 qua:
2400 1595 2539 1650 celat
2564 1596 2756 1653 faciem
2784 1642 2799 1664 ,
2847 1613 2899 1656 et
2931 1606 3013 1658 vix
3065 1622 3171 1660 uno
3219 1612 3408 1676 oculo,
3462 1591 3553 1685 qui

1968 1680 2068 1734 via:
2095 1683 2429 1738 necessarius
2455 1695 2557 1751 est,
2589 1699 2805 1754 patente
2827 1693 3140 1761 ingreditur.

2040 1769 2129 1825 19.
2183 1771 2321 1836 Quid
2368 1777 2686 1844 fugiendum.
2714 1781 3004 1837 --Dubito
3044 1800 3110 1839 an
3155 1787 3340 1858 loquar
3392 1811 3405 1847 :
3453 1796 3547 1850 sed

1965 1860 2165 1926 velim,
2199 1863 2360 1917 nolim
2390 1906 2404 1930 ,
2441 1868 2562 1935 quia
2596 1870 2788 1923 crebro
2828 1873 2886 1926 fit
2910 1914 2924 1935 ,
2954 1875 3240 1933 dicendum
3283 1892 3362 1936 est
3398 1902 3410 1937 :
3443 1902 3547 1941 non

1965 1966 2072 2020 quo
2096 1951 2206 2008 haec
2233 1954 2283 2007 in
2317 1967 2367 2010 te
2399 1958 2585 2013 timere
2611 1960 2832 2016 debeam
2859 2005 2873 2028 ,
2898 1981 3018 2034 quae
3051 1967 3146 2022 ista
3181 1969 3410 2028 forsitan
3454 1993 3549 2031 ne-

1964 2043 2103 2098 scias
2123 2083 2138 2109 ,
2171 2060 2270 2099 nec
2302 2063 2530 2117 unquam
2561 2051 2796 2106 audieris
2845 2073 2861 2110 :
2913 2056 3005 2110 scd
3043 2075 3148 2127 quo
3180 2076 3274 2129 per
3303 2069 3544 2121 occasio-

1964 2150 2085 2188 nem
2115 2138 2210 2202 tui,
2255 2149 2465 2194 caetera:
2513 2146 2909 2210 praemonendm
2961 2150 3085 2203 sint.
3137 2151 3539 2214 Cincinnatulos

1964 2239 2156 2293 pueros
2181 2237 2236 2281 et
2259 2230 2650 2286 calamistratos
2671 2275 2686 2297 ,
2718 2244 2772 2288 ct
2825 2240 3086 2306 peregrini
3135 2245 3299 2300 tnuris
3337 2249 3544 2305 olentes

1963 2315 2040 2386 (ὁ)
2071 2317 2347 2385 pelliculas
2370 2361 2385 2386 ,
2415 2319 2483 2376 de
2506 2323 2698 2392 quibus
2729 2326 2858 2381 illud
2889 2331 2961 2399 (ε)
3013 2332 3214 2388 Arbitri
3239 2347 3322 2391 est
3355 2357 3368 2392 :
3414 2339 3540 2396 Non

1960 2406 2087 2461 bene
2114 2410 2233 2473 olet,
2257 2411 2340 2479 qui
2371 2410 2496 2466 bene
2519 2430 2718 2484 semper
2738 2417 2860 2485 olet,
2895 2424 3047 2490 quasi
3076 2427 3333 2492 quasdam
3363 2442 3541 2500 pestes

1961 2504 2017 2550 et
2043 2513 2242 2554 venena
2268 2502 2536 2570 pudicitiae
2576 2506 2725 2576 virgo
2753 2508 2952 2564 devitet
2983 2529 2996 2566 :
3031 2524 3086 2566 ιιι
3114 2527 3315 2572 taceam
3344 2523 3410 2576 de
3437 2540 3542 2580 ca)-

1961 2587 2109 2650 teris,
2145 2589 2223 2660 (d)
2251 2605 2479 2660 quorum
2524 2594 2826 2664 importuna
2857 2601 3092 2657 visitatio
3122 2617 3175 2659 et
3201 2624 3258 2663 se
3298 2611 3537 2680 infamat,

1959 2685 2013 2730 et
2053 2678 2224 2744 alias;
2268 2690 2325 2735 ut
2352 2684 2513 2738 etiam
2540 2686 2585 2739 si
2627 2687 2759 2742 nihil
2791 2693 2913 2744 mali
2947 2705 3284 2763 perpetretur
3315 2720 3328 2756 :
3360 2678 3537 2762 tamen

1959 2765 2059 2822 hoc
2079 2769 2149 2824 sit
2173 2771 2255 2825 vel
2284 2774 2571 2830 maximum
2599 2777 2794 2833 malum
2817 2821 2834 2846 ,
2865 2782 3054 2837 frustra
3089 2797 3270 2858 patere
3312 2795 3539 2852 maledic

1956 2858 2057 2911 ctis
2084 2869 2136 2913 et
2166 2862 2429 2917 morsibus
2479 2865 2847 2924 Etltnicorum.
2893 2871 3002 2928 Nec
3041 2876 3142 2932 hoc
3182 2879 3250 2935 de
3287 2887 3539 2942 omnibus

1956 2950 2200 3020 dicimus,
2230 2955 2323 3010 sed
2351 2956 2418 3012 de
2449 2958 2552 3026 his,
2582 2976 2718 3028 quos
2738 2963 2972 3020 Ecclesia
3001 2968 3110 3038 ipsa
3143 2975 3525 3044 reprehendit;

1955 3055 2091 3110 quos
2116 3042 2380 3098 interdum
2402 3047 2616 3116 abjicit;
2647 3051 2697 3104 in
2739 3068 2874 3123 quos
2902 3072 3280 3130 nomiunqnam
3317 3042 3533 3134 cpisco-

1958 3145 2145 3200 porum
2175 3145 2230 3189 et
2261 3137 2694 3209 presbyterorum
2717 3158 2942 3200 censura
2986 3149 3207 3206 desaevit
3236 3173 3250 3208 :
3286 3166 3340 3209 ut
3372 3174 3538 3228 prope

1955 3223 2308 3291 periculosius
2357 3227 2430 3282 sit
2467 3229 2680 3285 lascivis
2709 3236 2899 3302 puellis
2929 3239 2996 3292 ad
3052 3241 3163 3296 loca
3221 3223 3534 3316 religionis,

1954 3327 2111 3381 quam
2138 3313 2204 3368 ad
2245 3316 2508 3384 publicum
2541 3323 2849 3389 procedere.
2881 3327 3012 3392 Qua:
3050 3334 3233 3386 vivunt
3259 3313 3540 3403 in—mona-

1954 3404 2138 3469 sterio,
2154 3414 2208 3459 et
2225 3421 2447 3475 quarum
2462 3409 2622 3464 simul
2637 3428 2857 3485 magnus
2869 3429 3238 3490 estnutnerus,
3266 3443 3535 3500 nunquam

1954 3494 2101 3559 solm,
2151 3511 2425 3567 nunquam
2462 3501 2580 3556 sine
2611 3513 2780 3559 matre
2832 3511 3141 3574 procedant.
3194 3516 3270 3570 De
3320 3494 3535 3588 agmine

1954 3585 2321 3641 columbarum
2351 3589 2544 3644 crebro
2581 3595 2834 3662 accipiter
2884 3614 3041 3654 unam
3089 3616 3321 3673 separat,
3358 3585 3530 3680 quam

1955 3674 2132 3726 statim
2163 3675 2378 3730 invadat
2419 3687 2474 3732 et
2517 3679 2715 3736 laceret
2737 3723 2754 3746 ,
2801 3687 2951 3756 cujus
2981 3693 3228 3747 carnibus
3258 3706 3312 3750 et
3341 3674 3534 3758 cruore

1955 3771 2240 3818 saturetur.
2275 3765 2526 3822 Morbida:
2552 3784 2681 3825 oves
2701 3789 2853 3829 suum
2879 3780 3182 3850 relinquunt
3209 3801 3447 3858 gregem,
3478 3808 3534 3851 et

1956 3852 2198 3922 luporum
2221 3855 2459 3913 faucibus
2481 3858 2822 3918 devorantur.
2847 3867 2967 3922 Scio
2993 3887 3092 3941 ego
3127 3852 3339 3933 sanctas
3366 3852 3532 3954 virgis

1961 3959 2079 4010 nes,
2107 3961 2224 4015 qua:
2263 3946 2453 4004 diebus
2483 3951 2630 4006 festis
2676 3965 2892 4025 propter
2927 3958 3280 4032 frequentiam
3312 3946 3534 4041 populo-

1955 4050 2096 4102 rum,
2138 4039 2326 4107 pedem
2357 4041 2501 4098 domi
2532 4044 2818 4114 cohibent;
2863 4067 2961 4107 nec
3001 4064 3124 4111 tunc
3150 4039 3526 4132 egrediuntur,

1955 4128 2167 4197 quando
2193 4130 2360 4200 major
2386 4141 2468 4186 est
2511 4134 2810 4193 adhibenda
2839 4143 3079 4199 custodia
3111 4189 3124 4210 ,
3157 4128 3212 4203 et
3261 4128 3530 4222 publicum

1955 4220 2164 4289 penitus
2190 4220 2552 4279 devitandum.
2585 4231 2720 4285 Ante
2745 4247 2915 4288 annos
2942 4237 3156 4293 circiter
3180 4220 3392 4313 triginta
3419 4287 3436 4313 ,
3465 4249 3533 4304 de

1955 4311 2268 4382 Virginitate
2293 4319 2549 4373 servanda
2573 4321 2711 4377 edidi
2729 4323 2920 4380 librum
2949 4328 3140 4401 (Epist.
3169 4311 3316 4390 xx._l.
3336 4347 3402 4391 ad
3422 4311 3534 4393 tEu-

1953 4405 2256 4477 stoc/tium),
2291 4408 2344 4462 in
2369 4424 2476 4480 quo
2518 4427 2736 4471 necesse
2765 4417 2860 4473 fuit
2903 4421 3031 4476 mihi
3061 4424 3138 4479 ire
3164 4437 3351 4483 contra
3381 4432 3528 4498 vitia,

2026 4559 2090 4625 (ὑ)
2108 4635 2111 4636 ν
2129 4561 2372 4636 Victorius
2401 4562 2569 4636 maluit
2590 4566 2833 4636 pellicula,
2869 4579 3039 4636 utpote
3062 4587 3173 4636 quea
3196 4590 3292 4626 non
3315 4581 3376 4629 ad
3397 4581 3532 4634 olen-

1953 4623 2042 4682 tes,
2063 4623 2153 4671 sed
2176 4625 2346 4696 verius
2367 4626 2426 4675 ad
2463 4623 2633 4696 pueros
2647 4623 2937 4696 referenda
2953 4636 3032 4683 sit.
3056 4623 3118 4685 A't
3138 4623 3290 4689 olere
3316 4623 3530 4696 $225ch

1952 4695 2062 4754 cum
2085 4685 2344 4756 accusandi
2379 4685 2493 4735 casu
2520 4689 2742 4751 jungitur
2758 4691 3068 4756 elegantius.
3101 4685 3402 4752 Has'autem-

1953 4745 2095 4830 {ipsi
2105 4744 2280 4818 pelles,
2318 4744 2690 4830 quarum'usﬁm
2705 4751 2836 4830 lalibi
2858 4744 3524 4830 ’ἱιιιοειυὲλῖξζξιῖἷᾷξῖῃῖξῇ

2137 4801 2321 4882 acriter
2335 4801 2679 4882 repcehendit,
2698 4801 3264 4882 lernandesinvt’ie'ticis,

1953 4865 2241 4943 gurianu‘ae
2261 4865 2636 4943 geqs'liunnica
2653 4865 2854 4943 "estLin
3077 4865 3354 4936 adsistit;

1954 4928 2258 4994 impertias.
2278 4928 2383 4994 \fid.
2408 4943 2517 4994 sup.
2543 4934 2688 4994 epist.
2714 4935 2820 4984 127.
2840 4952 2890 4987 n.
2917 4940 2960 4988 l.

2041 4985 2351 5070 5).).‘al‘iiﬂis
2366 4985 2595 5070 93139991:
2607 4994 2695 5045 ¹ίδο
2730 4997 2779 5046 ε·
2811 4985 3106 5070 Εὐίέέεωιη.
3141 5005 3413 5070 huiusmodi
3451 5021 3529 5064 est

1953 5059 2156 5136 mersus;
2178 5051 2314 5136 apud
2353 5051 2600 5136 ξφα-πίω
2619 5069 2749 5136 ζει-ο
2779 5051 2881 5132 non
2905 5051 3120 5115 “invenio
3181 5051 3530 5136 EE"é}"e}£

1955 5106 2091 5185 libris
2109 5106 2329 5185 quaedam
2349 5114 2504 5164 adhuc
2524 5106 2799 5185 desiderari
2802 5106 2814 5108 _
2827 5106 2995 5173 notum
3010 5106 3118 5178 Téi
3133 5106 3277 5180 iacii‘e
3314 5106 3528 5185 nterii“:

1955 5149 2036 5156 --.η
2049 5149 2090 5157 ...
2111 5149 2329 5172 ,ια-...νωι-
2349 5149 2504 5164 ..υιων
2525 5149 2713 5187 twn-uos
2723 5149 2792 5170 au
2827 5149 2992 5173 uin.qu
3020 5149 3034 5174 ἰ
3059 5149 3112 5178 cl.
3137 5149 3277 5180 laClle
3314 5149 3528 5241 uterque

1952 5169 2376 5250 Auctoreamdem
2412 5185 2564 5250 potuit
2601 5192 2860 5244 usurpasse
2897 5189 3210 5250 sententiam,
3257 5200 3313 5241 ut
3352 5205 3529 5246 mutas

1951 5229 2266 5304 alia_s_revera
2289 5229 2472 5286 habent
2493 5240 2631 5304 inter
2641 5253 2700 5304 se
2720 5229 3212 5302 BoiathIéEfiiBiiB's’
3233 5229 3529 5304 ciba-3333':

1951 5293 2024 5372 sis
2040 5291 2129 5372 bis.
2152 5293 2416 5370 lectionem
2441 5301 2662 5372 expendi.
2691 5291 3526 5372 veiiﬁiiasi'pio'ifiuii'ﬁéidide

1953 5353 2215 5438 estrtrivii;
2239 5360 2432 5438 preprie
2454 5353 2585 5438 enim
2606 5353 2879 5438 illttd'triujii
2892 5353 3097 5438 Eéiiaf,
3110 5353 3526 5438 'ﬁ'rb'ifiitgaﬁ'b'bi

1951 5413 2298 5487 pulilseynone
2319 5413 2583 5487 sententia,
2607 5413 2876 5487 wjusmodi
2893 5413 3208 5481 limavi-detur
3227 5413 3417 5482 aias?
3441 5413 3502 5438 ’Ν
3538 5464 3542 5469 -

2019 5474 2106 5556 (ᾳ)⁸
2114 5477 2247 5556 Eost
2469 5474 2630 5556 editor
2644 5474 2963 5556 ﬁenedictinj
3351 5474 3525 5546 Emen-

1948 5535 2162 5616 dant'alii
2186 5543 2356 5616 excusi
2380 5551 2431 5593 et
2453 5535 2749 5596 vetustiores
2764 5535 2952 5616 nostri
3100 5535 3524 5616 'E-iiin‘ia'taiiﬂii

1947 5597 2011 5645 de
2029 5599 2293 5658 juvenibus
2327 5617 2604 5655 sermonem
2643 5620 2772 5666 esse,
2807 5597 2904 5672 qui,
2926 5597 3357 5672 virgines-crebro
3396 5597 3523 5667 invi:

1947 5668 2132 5710 serent.

1947 5705 1992 5830 δέ
2011 5705 2205 5831 (tt—filii.
2215 5723 2442 5833 t(urgentis
2465 5740 2552 5787 pro
2573 5739 2670 5790 quo
2693 5727 2908 5780 lamentis
2931 5730 3136 5782 Gravius
3155 5736 3325 5797 probat
3349 5748 3411 5786 ex
3439 5705 3533 5790 illo;

1974 5797 2047 5830 ’ᾺΓ
2075 5796 2114 5830 la
2139 5821 2148 5831 .
2195 5800 2206 5832 Ι
2249 5823 2259 5833 .
2321 5821 2331 5832 ι

1974 5796 2148 5831 ιειιηιιειι.
2178 5796 2259 5833 IID.
2285 5796 2331 5832 ὂ.

2104 5854 2321 5896 Lomento
2343 5859 2488 5909 rugas
2511 5847 2634 5897 uteri
2657 5849 2783 5906 quod
2805 5853 3010 5904 condere
3030 5860 3198 5908 lentas.
