4080 6340
555 427 712 496 iis:

566 553 736 626 εοθ
838 560 895 609 et
944 560 1159 624 propter
1227 549 1628 608 instructionem
1676 549 1893 620 virginis
1916 589 1934 616 ,
1985 564 2145 620 quam

569 647 870 705 monebam,
899 643 1094 698 diaboli
1124 643 1342 697 insidias
1373 643 1691 712 patefacere.
1719 641 1818 708 Qui
1848 656 2028 695 sermo
2054 640 2144 694 ol-

572 733 748 789 fendit
775 735 1053 803 plurimos.
1081 731 1207 788 dum
1247 734 1610 803 unusquisque
1659 733 1711 786 in
1751 747 1810 787 se
1837 731 2142 800 intelligens

571 825 714 894 quod
742 825 1038 888 dieebatur,
1073 840 1176 876 non
1207 823 1358 893 quasi
1388 824 1704 877 monitorem
1735 821 1964 877 libenter
1989 820 2144 874 audi-

566 921 662 980 vit,
688 916 780 970 sed
809 915 959 984 quasi
989 915 1386 968 criminatorem
1415 914 1495 968 sui
1526 915 1705 981 operis
1735 921 2010 968 aversatus
2036 922 2141 967 est.

567 1007 949 1060 Verumtamen
981 1005 1104 1074 quid
1139 1003 1336 1074 profuit
1364 1019 1600 1058 armasse
1628 1004 1920 1058 exercitum
1971 1003 2144 1057 recla-

565 1098 845 1161 mantium,
873 1105 927 1149 et
953 1097 1144 1148 vulnus
1172 1095 1511 1148 conscientia:
1551 1095 1736 1148 dolore
1780 1094 2145 1149 monstrasse?

564 1185 725 1241 Liber
760 1195 936 1240 tnanet
965 1227 979 1249 ,
1015 1185 1261 1238 homines
1302 1185 1696 1252 praeterierunt.
1745 1183 1943 1252 Scripsi
1973 1194 2026 1237 et
2069 1182 2136 1236 ad

561 1279 843 1347 plerasque
862 1276 1092 1344 virgines
1113 1290 1174 1329 ac
1195 1274 1381 1328 viduas
1415 1274 1492 1343 (α)
1519 1261 1954 1339 σπουδασμὰτιαχει
1984 1272 2141 1343 quid-

559 1367 686 1434 quid
716 1367 818 1420 diei
849 1375 1090 1434 poterat,
1123 1365 1173 1418 in
1215 1365 1319 1418 illis
1347 1365 1618 1432 opusculis
1648 1362 1964 1418 dellnrauun
2007 1373 2090 1416 est
2123 1379 2137 1416 :

561 1469 617 1512 ut
645 1469 736 1512 aut
762 1457 1034 1528 superﬂuo
1059 1457 1244 1510 eadem
1273 1471 1302 1510 a
1331 1457 1485 1510 nobis
1514 1465 1849 1524 repetantur,
1882 1466 1971 1508 aut
1999 1470 2140 1509 nunc

560 1528 952 1620 prmtermiSsa,
1005 1551 1291 1620 plurimum
1341 1559 1585 1603 noceant.
1629 1546 1788 1603 Certe
1843 1557 1897 1602 et
1952 1548 2140 1601 beatus

555 1641 850 1712 Cyprianus
903 1639 1273 1710 egregium‘de
1315 1639 1620 1709 virginitate
1643 1638 1893 1692 volumen
1923 1637 2085 1692 edidit
2117 1675 2133 1703 ,

554 1745 607 1785 et
655 1730 805 1784 multi
837 1715 962 1792 alii,
997 1739 1102 1783 tam
1156 1729 1321 1782 latino
1387 1743 1669 1793 sermone,
1711 1743 1870 1796 quam
1920 1742 2134 1796 grzl‘Cn;

554 1823 898 1890 ouminmque
922 1821 1157 1887 gentium
1185 1820 1378 1873 litteris
1403 1830 1560 1889 atque
1595 1819 1812 1887 linguis,
1844 1816 1919 1888 (b)
1951 1819 2138 1884 pra-ci-

555 1927 658 1980 pue
685 1913 734 1965 in
769 1911 1020 1966 Ecclesiis
1049 1912 1166 1976 ἁγνὴ
1199 1910 1300 1962 vita
1332 1908 1539 1962 laudata
1561 1917 1662 1962 est.
1689 1907 1794 1962 Sed
1828 1907 1927 1961 hoc
1949 1906 2014 1961 ad
2041 1921 2134 1961 eas

556 2002 838 2071 pertineat,
882 2017 1000 2069 qua:
1049 1999 1277 2054 necdum
1323 2000 1598 2067 elegerunt
1652 1998 2033 2067 virginitatem,
2083 2009 2138 2054 et

554 2093 928 2147 exhortatione
962 2092 1219 2159 indigent,
1248 2100 1305 2144 ιιι
1333 2092 1504 2144 sciant
1529 2089 1685 2160 quale
1726 2089 1796 2143 sit
1823 2128 1838 2152 ,
1866 2090 2007 2159 quod
2036 2091 2134 2143 eli-

552 2201 681 2255 gere
737 2186 986 2239 debeant.
1032 2184 1194 2238 Nobis
1219 2185 1387 2238 electa
1419 2181 1679 2237 servanda
1707 2193 1832 2236 snnt
1855 2223 1869 2246 ,
1903 2193 1956 2236 ct
1981 2185 2132 2252 quasi

552 2279 692 2332 inter
718 2278 1026 2346 scorpiones
1051 2286 1104 2330 et
1125 2275 1377 2328 colubros
1402 2273 1775 2338 incedendum,
1802 2282 1858 2326 ut
1881 2273 2135 2328 accinetis

556 2368 751 2423 lumbis
774 2410 788 2433 ,
817 2367 1070 2422 calceatis
1109 2365 1332 2435 pedibus
1355 2404 1370 2429 ,
1399 2373 1454 2419 et
1478 2363 1828 2434 apprehensis
1853 2379 2009 2416 nianu
2037 2363 2133 2417 ba-

552 2459 706 2522 culis,
733 2459 836 2512 iter
860 2472 957 2528 per
980 2455 1200 2510 insidias
1245 2454 1402 2524 hujus
1427 2454 1606 2508 saeculi
1630 2495 1646 2516 ,
1679 2463 1733 2507 et
1761 2454 1900 2507 inter
1928 2469 2132 2508 venena

551 2550 808 2604 faciamus
837 2563 852 2609 ;
883 2557 940 2600 ut
966 2547 1228 2616 possimus
1256 2545 1321 2599 ad
1348 2544 1531 2598 dulces
1577 2542 1827 2597 Jordanis
1857 2544 2135 2611 pervenire

550 2655 737 2709 aquas,
761 2649 814 2694 et
833 2649 1027 2692 terram
1059 2637 1487 2704 repromissionis
1507 2636 1726 2700 intrare,
1757 2644 1809 2688 et
1831 2636 1895 2687 ad
1912 2633 2130 2688 domum

465 2778 472 2782 .
553 2731 648 2784 Dei
677 2729 988 2791 ascendere,
1039 2743 1104 2782 ac
1147 2727 1328 2781 dicere
1367 2741 1487 2780 cum
1536 2724 1793 2796 propheta
1828 2743 1842 2782 :
1876 2724 2090 2780 Domine
2114 2765 2131 2791 ,

549 2818 707 2873 dilexi
729 2819 957 2872 decorem
981 2817 1161 2871 donius
1181 2827 1302 2881 tute,
1329 2825 1373 2869 et
1403 2816 1567 2869 locum
1601 2815 1924 2869 Imbitutionis
1949 2815 2130 2885 gloria:

550 2919 652 2962 tuae
683 2907 800 2973 (Ps.
843 2906 935 2962 25.
983 2907 1064 2977 8).
1117 2905 1184 2959 Et
1222 2904 1349 2958 illud
1394 2921 1406 2956 :
1462 2903 1628 2959 Unum
1683 2905 1798 2970 petii
1825 2922 1856 2956 a
1886 2903 2130 2972 Domino,

551 3002 683 3053 hanc
713 3000 1006 3069 requirant,
1033 3007 1088 3052 ut
1117 2997 1389 3052 inhabilem
1432 2997 1485 3049 in
1529 2997 1680 3050 domo
1713 2998 1936 3060 Ilotitini,
1968 3000 2131 3052 omni-

549 3091 640 3143 bus
668 3091 839 3144 diebus
865 3089 980 3143 vita
1008 3104 1131 3142 mea:
1154 3087 1267 3156 (Ps.
1297 3088 1386 3142 26.
1415 3089 1490 3157 7,.
1517 3087 1665 3142 Felix
1689 3088 1774 3142 illa
1801 3091 2129 3145 conscientia

549 3192 606 3237 et
633 3183 785 3237 beata
819 3180 1118 3250 virginitas,
1154 3181 1207 3234 in
1244 3181 1396 3248 cujus
1424 3179 1608 3244 corde,
1661 3190 1854 3248 praeter
1883 3196 2126 3236 amorem

554 3272 774 3333 Christi,
806 3274 894 3341 qui
924 3283 1003 3326 εει
1034 3271 1329 3340 sapientia,
1372 3272 1589 3324 castitas
1614 3311 1630 3337 ,
1675 3273 1924 3342 patientia
1973 3282 2134 3342 atque

545 3365 775 3434 ju-titia,
826 3371 1142 3431 ceteraeque
1183 3361 1426 3425 virtutes,
1468 3363 1644 3415 nullus
1685 3363 1824 3417 alius
1879 3372 2142 3418 versatur.

552 3467 741 3516 amor;
789 3467 888 3506 nec
930 3451 997 3504 ad
1049 3450 1468 3505 recordationem
1525 3452 1791 3518 hominis,
1841 3453 2132 3522 aliquando

559 3547 830 3615 susliirat;
863 3560 960 3599 nec
989 3544 1168 3598 videre
1208 3543 1508 3608 desiderat,
1542 3561 1699 3614 quem
1745 3559 1866 3599 cum
1917 3546 2130 3612 viderit,

548 3639 709 3711 997
786 3638 918 3690 nolit
969 3636 1256 3690 dimittere.
1309 3635 1562 3690 Sanctum
1628 3636 1890 3707 virginum
1932 3651 2130 3707 propo-

549 3740 733 3793 situm,
763 3739 816 3782 et
839 3729 908 3799 (r)
937 3727 1173 3782 cmlestis
1195 3727 1626 3798 Angelornmqne
1648 3726 1859 3781 familia:
1883 3727 2128 3797 gloriam,

551 3821 897 3891 quarumdam
928 3836 1031 3873 non
1079 3820 1212 3874 bene
1236 3835 1295 3874 se
1325 3819 1629 3889 agentium,
1668 3836 1860 3874 nomen
1891 3819 2129 3876 infamat.

549 3912 754 3979 Quibus
791 3921 974 3980 aperte
998 3909 1283 3965 dicendum
1312 3919 1416 3974 est,
1445 3920 1608 3963 utaut
1629 3911 1848 3972 nubant.
1871 3913 1914 3965 si
1941 3927 2002 3966 se
2023 3927 2128 3966 non

553 4015 775 4074 possunt
802 4005 1098 4066 continere,
1131 4011 1223 4054 aut
1257 4002 1588 4066 contineant,
1619 4003 1662 4054 si
1691 4002 1877 4056 nolunt
1908 4003 2128 4058 nubere.

559 4097 724 4165 Digna
758 4110 843 4149 res
888 4096 1018 4158 risu,
1061 4095 1166 4146 imo
1201 4092 1412 4162 plant-tu
1434 4131 1449 4156 ,
1483 4091 2128 4160 incedentibusdominis,

555 4190 744 4242 ancilla
773 4187 922 4256 virgo
965 4185 1202 4256 procedit
1230 4194 1484 4249 ornatior,
1517 4193 1570 4236 nt
1597 4200 1694 4252 pro
1715 4185 1875 4238 nimia
1896 4201 2128 4242 consue-
2187 4224 2197 4233 .

621 4363 685 4430 (u)
725 4363 984 4433 Sequimur
1008 4367 1208 4411 veteres
1246 4357 1396 4433 libros
1431 4370 1576 4433 manu
1602 4364 1843 4415 exaratos,
1865 4361 1925 4433 _ln
1955 4362 2134 4421 quibus

549 4419 920 4475 fere'omnhuis
955 4434 1326 4474 KHOTAAKMATIA
1368 4419 1600 4476 habetur,
1635 4432 1728 4466 non
1765 4419 2044 4478 πςυδάσψὶτα,
2079 4431 2133 4471 ιιι

548 4487 627 4536 alii
653 4489 778 4551 typis
819 4486 1021 4551 vulgati.
1060 4483 1350 4551 Diminutiva
1376 4493 1465 4551 vos
1495 4490 1587 4551 est,
1622 4480 2036 4551 quzeidenrl'ere
2075 4496 2134 4531 ac

551 4541 832 4609 σεανδέἆμτα,
869 4541 928 4610 ιιις
948 4555 1026 4594 est
1041 4542 1289 4610 opusculo,
1322 4542 1410 4590 sed
1450 4541 1590 4610 paulo
1620 4542 1842 4610 breviora
1875 4542 2129 4610 significat,

548 4612 679 4672 iuxta
706 4604 890 4659 Graeca
914 4604 1092 4668 lingua:
1115 4605 1382 4672 ingenium,
1403 4610 1452 4672 et
1474 4604 1763 4662 analogiam,
1789 4606 1980 4672 tametsi
2005 4607 2130 4666 apud

555 4665 753 4721 Cramos
774 4665 1006 4718 auctores
1021 4675 1104 4715 aut
1130 4665 1520 4727 Lexieograiluis
1543 4679 1636 4712 non
1669 4667 1953 4714 occurrerit.

619 4733 680 4795 {bl
722 4733 901 4795 Vocem
933 4727 1193 4795 praecipue,
1225 4725 1335 4795 quoi
1371 4725 1418 4795 iu
1453 4725 1758 4795 Bene-ﬁlictia.
1793 4727 1910 4795 edit.
1936 4728 2126 4795 deerat,

555 4787 746 4842 cx'aliis
769 4787 994 4841 omnibus
1030 4787 1166 4837 libris
1196 4787 1541 4851 supplevimus.
1583 4787 1682 4836 Sed
1713 4790 1873 4835 statim
1905 4791 2130 4850 graviore

552 4857 728 4904 mendo
751 4853 1032 4902 laborabant
1063 4850 1313 4913 hucusque
1347 4850 1507 4913 editi,
1529 4850 1578 4897 izi
1619 4851 1798 4911 quibus
1835 4859 1941 4898 erat
1997 4865 2131 4910 .gnes

552 4913 666 4973 ritu,
693 4919 823 4963 umle
845 4915 902 4961 Β.
931 4915 1137 4975 Αςάυιίδ
1179 4911 1321 4961 vitam
1347 4911 1527 4975 intendi
1569 4925 1630 4975 est
1658 4920 1992 4972 pruzconeepta
2025 4918 2128 4974 opi-

549 4971 695 5024 nione
719 4987 825 5036 sap.
853 4990 900 5022 ιι.
928 4971 1271 5036 5.'testimonio
1289 4972 1546 5036 creditum.
1570 4971 1652 5036 Illa
1670 4985 1788 5036 vero
1804 4986 1896 5036 non
1917 4971 2129 5022 ninnium

548 5031 973 5093 gentium'litteris
993 5043 1140 5096 autne
1163 5035 1356 5095 linguis,
1379 5033 1468 5096 sed
1486 5031 1846 5096 Ecclesiasticis
1870 5035 2009 5096 incido
2045 5048 2129 5082 ee.-

549 5099 737 5147 lebrata
771 5104 866 5153 est,
891 5097 997 5142 sive
1022 5093 1114 5143 non
1139 5093 1283 5143 etiam
1323 5098 1384 5143 ab
1421 5093 1654 5152 Ethnicis,
1700 5093 1789 5141 sed
1820 5108 1846 5140 ιι
1881 5094 2132 5144 Fidelibus

549 5169 732 5208 tantum
760 5170 772 5205 :
799 5165 852 5207 et
871 5158 1148 5218 martyrium
1168 5158 1365 5216 quilem
1390 5155 1608 5218 laudatur
1625 5166 1726 5218 pra;
1751 5154 1863 5212 vita,
1886 5168 1997 5216 quae
2018 5157 2130 5218 Aut-

551 5222 712 5270 ln-o.-io
738 5229 886 5276 teste,
910 5215 1144 5267 tredecim
1164 5230 1398 5265 mutarunt
1421 5215 1570 5279 luisse
1588 5215 1816 5269 truditur,
1852 5215 1944 5279 nec
1969 5217 2128 5279 profe-

551 5285 700 5332 renda
738 5281 960 5331 videatur
1003 5279 1063 5326 ad
1100 5279 1384 5342 virginitatis
1415 5275 1672 5342 singulare
1699 5275 1987 5342 exemplar,
2023 5293 2130 5342 qua

547 5354 694 5394 letale
720 5341 1015 5407 prohari_vix
1041 5349 1142 5390 tum
1177 5337 1376 5407 incepit,
1399 5339 1440 5386 si
1483 5337 1760 5407 martyrium
1794 5337 1998 5407 longos;
2021 5337 2128 5407 leu-

546 5399 872 5457 didius'l'eeit.
900 5403 1224 5453 Euienitamus
1247 5401 1410 5462 itaque
1450 5399 1918 5462 versis’inlirwcum
1951 5399 2130 5452 litteris

548 5481 656 5540 api},
678 5482 818 5531 agite,
842 5466 970 5530 quod
996 5473 1072 5535 est
1093 5471 1241 5520 cestu,
1269 5460 1350 5511 aut
1373 5460 1542 5540 cla'leba
1566 5473 1773 5540 ειῡςιάτιὲᾔ
1799 5481 1868 5511 τῶν
1898 5465 2128 5535 ἀῖίκιῗισιων,

548 5523 1092 5580 ιίιιῖα’ἓεένιιξυεηενείδ
1116 5540 1256 5589 puro,
1282 5525 1410 5588 quod
1445 5537 1590 5572 unum
1613 5527 1700 5572 abs
1733 5523 2027 5589 llzeronymo
2054 5528 2126 5572 in-

547 5592 699 5651 tendt,
729 5607 788 5640 ex
817 5598 918 5640 toto
940 5597 1173 5638 contextu
1199 5587 1369 5651 liquet.

616 5646 695 5714 (σι’
718 5653 928 5714 \‘ictorio
952 5654 1176 5714 probatur
1201 5646 1313 5714 hzee
1325 5651 1416 5698 alia
1435 5647 1597 5714 lectio
1631 5646 1893 5696 rcrlestium
1910 5646 2126 5714 _.mgelo—

550 5707 673 5763 rum
704 5707 1000 5773 consimilem
1038 5713 1260 5773 gloriam.
1287 5712 1506 5773 Syaodus
1542 5712 1645 5770 Aqu
1667 5711 1948 5773 sgranensis
1980 5707 2129 5773 italu-

548 5775 691 5835 stium
737 5767 1060 5835 consimilem"
1074 5772 1294 5835 gloriam.
1321 5767 1570 5835 'Rlaceret
1602 5767 1731 5835 quod
1776 5767 1950 5835 ferme
1980 5768 2128 5835 habet

547 5833 753 5896 (.isterc.
792 5836 881 5884 Ms.
902 5827 1187 5896 ,g‘mlest'ium
1227 5832 1510 5896 angelorum
1542 5827 1777 5892 familiam
1813 5836 1859 5896 el
1901 5827 2124 5896 gloriam.

549 5895 648 5944 Sed
675 5897 722 5945 in
747 5910 802 5945 re.
827 5894 1004 5944 nullius
1028 5899 1132 5944 tere
1155 5889 1384 5943 momenti
1411 5889 1664 5943 immutare
1693 5905 1783 5944 n01:
1807 5889 1998 5955 placuit.

1867 437 1947 492 SA
1956 435 2108 492 NCTI
2149 436 2522 496 llIEliONYMI

3691 454 3823 513 11⁵18

2259 549 2441 605 tudine
2483 567 2644 622 quam
2686 551 3012 625 incomptam
3040 554 3235 612 videris
3255 597 3273 625 ,
3305 555 3576 618 dominam
3604 568 3830 635 suspice-

2255 639 2348 693 ris.
2395 639 2675 699 Nonnulla!
2717 656 2959 715 separata
3007 656 3062 702 et
3097 648 3297 718 absque
3334 651 3547 708 arbitris
3591 667 3830 725 qua-runt

2253 730 2503 801 hospitia,
2526 746 2582 789 ut
2603 737 2780 791 vivant
2802 737 3046 794 licentius
3069 755 3082 792 :
3107 749 3323 796 utantur
3343 743 3571 810 balneis,
3603 745 3825 804 faciant-

2251 837 2355 891 que
2383 825 2523 892 qnod
2552 828 2753 893 volunt,
2793 837 2847 883 et
2882 829 3121 885 devitent
3173 834 3533 891 conscientias
3577 839 3828 908 plurima-

2251 929 2389 968 rum.
2420 915 2545 971 ΙΙωο
2571 919 2809 974 videmus
2836 932 2889 975 et
2929 924 3178 991 patimur,
3205 934 3257 978 et
3281 926 3325 978 si
3363 942 3560 984 aureus
3583 943 3828 988 nummus

2247 1003 2505 1060 affulserit
2525 1049 2538 1069 ,
2568 1009 2707 1063 inter
2733 1011 2866 1064 bona
2898 1027 3061 1081 opera
3092 1014 3431 1083 deputamus.

2317 1097 2408 1151 20.
2453 1098 2632 1152 Finem
2663 1100 2830 1171 jungo
2859 1103 3118 1172 principio
3154 1122 3167 1158 :
3216 1122 3316 1164 nec
3344 1109 3518 1165 semel
3561 1113 3830 1169 monuisse

2246 1199 2530 1244 cOntcntus
2579 1207 2719 1246 sum.
2765 1198 2894 1247 Ama
2923 1194 3231 1265 Scripturas
3274 1209 3486 1254 sanctas
3511 1241 3526 1266 ,
3555 1210 3612 1258 et
3634 1206 3829 1258 amabit

2248 1289 2300 1335 te
2343 1281 2604 1350 sapientia
2651 1297 2666 1335 :
2710 1282 2871 1353 dilige
2914 1299 3054 1345 eam,
3097 1295 3154 1340 et
3198 1290 3433 1344 servabit
3471 1298 3521 1345 te
3561 1309 3576 1345 :
3630 1293 3826 1349 honora

2247 1370 2410 1432 illam.
2442 1381 2496 1425 et
2524 1372 2914 1441 amplexabitur
2938 1383 3008 1429 te.
3032 1374 3156 1429 liaic
3187 1379 3405 1433 monilia
3433 1380 3483 1433 in
3513 1391 3748 1450 pectore,
3775 1390 3828 1438 et

2246 1460 2297 1514 in
2325 1463 2542 1516 auribus
2583 1464 2686 1516 tuis
2714 1464 2973 1518 ltzereant.
3019 1465 3162 1520 Nihil
3191 1469 3336 1522 aliud
3371 1473 3580 1526 noverit
3609 1471 3784 1542 lingua
3806 1515 3821 1537 ,

2245 1555 2343 1607 nisi
2373 1555 2666 1610 Christum.
2707 1555 2849 1610 Nihil
2894 1559 3059 1627 possit
3094 1573 3288 1615 sonare
3311 1600 3327 1625 ,
3373 1563 3475 1616 nisi
3508 1565 3649 1632 quod
3676 1580 3826 1620 sanc-

2243 1655 2386 1698 cmm
2426 1653 2527 1699 est.
2582 1645 2729 1699 Avia:
2771 1656 2876 1700 tuae
2915 1647 3012 1701 tibi
3051 1663 3266 1718 semper
3309 1665 3372 1705 ac
3417 1655 3602 1706 matris
3633 1655 3684 1707 in
3733 1670 3826 1710 ore

2241 1733 2468 1788 dull-edo
2528 1745 2772 1792 versetur
2832 1754 2845 1790 :
2899 1753 3122 1808 quarum
3173 1740 3396 1796 imitatio
3441 1742 3608 1797 forma
3665 1746 3825 1800 virtu-

2245 1827 2311 1882 tis
2339 1837 2444 1884 est.

2651 1920 2983 1978 EPISTOLA
3015 1923 3076 1992 (ὀ
3127 1923 3340 1980 CXXXI
3367 1925 3436 1997 (ε)

2240 2045 2520 2088 Αυουδτιιιι
2567 2049 2636 2088 an
2683 2049 3024 2090 ntzaosvlol
3071 2051 3196 2091 ειη
3236 2053 3387 2092 Lisso
3416 2040 3482 2110 (Γ)
3514 2054 3584 2095 os
3613 2056 3820 2099 cetera:

2805 2139 2985 2180 ΑΝΙΙΙΒ
3029 2140 3264 2182 IIOIINIS.

2242 2233 2523 2288 Reeensens
2565 2235 2732 2290 varias
2764 2237 2827 2290 de
2877 2239 3060 2292 animi:
3108 2241 3304 2310 origine
3339 2243 3627 2307 saltentias,
3683 2246 3821 2316 cupit

2310 2325 2479 2377 doceri
2504 2342 2617 2396 quia
2645 2328 2960 2396 potissimum
2999 2330 3217 2383 tenenda
3241 2331 3325 2394 sit,
3369 2340 3416 2385 et
3443 2334 3696 2402 quomodo
3730 2336 3822 2388 ad-

2310 2430 2485 2468 versus
2511 2415 2908 2486 Pelagianorum
2934 2419 3120 2490 dogma
3144 2421 3350 2490 defendi
3380 2423 3534 2489 possit
3558 2440 3638 2488 ea,
3673 2441 3820 2492 quam

2313 2505 2526 2561 Hieron.
2552 2509 2605 2562 in
2632 2510 2892 2578 superiore
2912 2510 3123 2579 epistola
3149 2511 3251 2566 19.6
3271 2528 3416 2566 suam
3441 2529 3548 2568 esse
3569 2517 3674 2586 fere
3700 2517 3814 2570 insi-

2309 2598 2480 2652 nuauit
2505 2641 2519 2665 ,
2556 2617 2575 2650 ι
2609 2601 2836 2671 singulas
2859 2603 3054 2655 animas
3081 2617 3236 2656 nouas
3268 2604 3583 2659 nascentibus
3613 2607 3748 2674 ﬁeri.
3793 2627 3814 2661 ι

2314 2690 2365 2744 1.
2392 2708 2410 2740 ι
2438 2691 2601 2745 Deum
2619 2693 2978 2762 nostrum,qni
3004 2709 3100 2749 nos
3127 2697 3342 2749 vocavit
3359 2697 3409 2750 in
3428 2712 3580 2751 suum
3601 2714 3818 2768 regnum

2237 2792 2291 2836 et
2313 2782 2558 2851 gloriam,
2577 2794 2632 2837 et
2700 2784 2867 2856 ωε
2942 2786 3119 2856 rogavi
3140 2797 3192 2841 et
3211 2803 3360 2856 rogo,
3397 2799 3452 2843 ut
3478 2788 3578 2844 hoc
3598 2791 3736 2857 quod
3755 2790 3820 2846 ad

2239 2880 2292 2927 te
2331 2873 2506 2926 scribo
2530 2915 2545 2940 ,
2574 2883 2756 2929 sancte
2786 2875 2949 2930 frater
2969 2876 3290 2948 Hieronyme
3312 2917 3328 2943 ,
3361 2882 3652 2934 consulens
3686 2890 3736 2934 te
3756 2882 3820 2937 de

2239 2964 2324 3020 his
2351 2980 2470 3036 qua:
2492 2970 2696 3032 nescio,
2718 2968 3040 3021 fructuosum
3067 2983 3186 3023 esse
3210 2969 3362 3023 nobis
3389 2972 3510 3025 velit
3533 2970 3624 3044 [ιιι.
3658 2973 3818 3045 velis].

2237 3058 2551 3128 Quanquam
2595 3059 2738 3112 enim
2771 3067 2821 3112 te
2853 3059 3019 3113 multo
3048 3075 3204 3129 quam
3233 3075 3332 3130 ego
3361 3076 3478 3115 sum
3519 3073 3680 3117 aetate
3708 3080 3819 3118 ma-

2233 3146 2406 3216 jorem
2434 3187 2450 3212 ,
2478 3158 2654 3200 tamen
2683 3148 2842 3201 etiam
2874 3149 2985 3216 ipse
3017 3148 3128 3217 jam
3151 3163 3312 3202 senex
3341 3151 3586 3206 consulo.
3627 3153 3733 3207 Sed
3757 3153 3820 3208 ad

2235 3237 2545 3292 discendum
2576 3236 2716 3305 quod
2755 3251 2889 3306 opus
2918 3247 3030 3304 est,
3075 3239 3216 3292 nulla
3262 3239 3390 3291 mihi
3427 3251 3559 3294 :etas
3589 3258 3714 3297 sera
3743 3244 3815 3296 vi-

2236 3326 2348 3381 deri
2380 3335 2585 3395 potest;
2613 3326 2734 3396 quia
2758 3327 2854 3380 etsi
2881 3341 3036 3381 senes
3065 3329 3230 3397 magis
3255 3327 3409 3382 decet
3433 3330 3633 3386 docere
3661 3349 3814 3404 quam

2235 3415 2462 3479 discere,
2507 3416 2678 3482 magis
2715 3425 2891 3471 tamen
2923 3416 3166 3479 discere,
3207 3432 3366 3486 quam
3410 3420 3537 3488 quid
3592 3422 3819 3478 doceant

2237 3505 2502 3575 ignorare.
2545 3504 2689 3559 Nihil
2718 3506 2962 3575 equidem
3007 3508 3287 3560 molestius
3333 3508 3448 3562 fero
3477 3511 3527 3564 in
3568 3513 3817 3568 omnibus

2235 3596 2492 3666 angustiis
2516 3596 2671 3662 meis,
2697 3611 2831 3667 quas
2872 3597 3042 3666 patior
3067 3597 3118 3650 in
3143 3597 3474 3653 difﬁcillimis
3503 3602 3818 3670 quaestioni-

2240 3689 2357 3754 bus,
2384 3704 2541 3758 quam
2564 3689 2616 3742 in
2643 3698 2748 3742 tam
2778 3690 3063 3760 lenginquo
3086 3699 3188 3744 tu.e
3215 3691 3455 3745 raritatis
3476 3693 3778 3748 absentiam
3799 3735 3815 3757 .

2239 3793 2296 3835 ut
2325 3782 2414 3836 vix
2444 3783 2643 3851 possim
2693 3795 2838 3836 meas
2881 3781 3031 3846 dare,
3063 3782 3140 3851 (g)
3181 3781 3264 3836 vel
3324 3783 3567 3852 recipere
3619 3785 3818 3840 litteras

2240 3881 2378 3937 tuas,
2416 3888 2511 3942 per
2532 3873 2831 3936 intervalla,
2861 3887 2969 3928 non
3011 3872 3239 3936 dierum,
3280 3889 3384 3927 non
3416 3876 3699 3939 mensium,
3725 3876 3818 3932 sed

2238 3966 2442 4036 aliquot
2465 3981 2722 4020 annorum
2750 3981 2929 4031 :cum,
2957 3966 3002 4020 si
3035 3965 3150 4020 ﬁeri
3199 3976 3395 4035 posset,
3420 3968 3658 4037 quotidie
3684 3983 3818 4039 pra:-

2307 4117 2374 4182 (i!)
2415 4117 2491 4167 De
2516 4118 2607 4184 hac
2642 4124 2694 4166 et
2715 4119 2941 4184 sequepti
2968 4116 3221 4184 Augustini
3254 4115 3472 4184 epistolis
3499 4118 3556 4166 ad
3578 4116 3815 4184 Hiero!!!-

2237 4176 2372 4229 mu'ni'
2407 4193 2479 4227 sic
2523 4180 2627 4238 ipse
2670 4176 3088 4241 auctorgloquittir
3118 4176 3212 4241 lib_.
3248 4176 3324 4227 1L
3358 4177 3572 4228 lietract.
3607 4192 3711 4241 cap.
3737 4176 3813 4230 43.

2241 4241 2444 4302 (Scrilsi
2485 4243 2628 4288 etiam
2681 4240 2808 4304 duos
2846 4238 2995 4304 libros
3035 4239 3090 4287 ad
3157 4238 3504 4304 Hieronymum
3533 4303 3539 4304 γ
3570 4238 3816 4304 preSbyte-

2239 4300 2346 4350 rum
2377 4300 2642 4350 sedentem
2689 4304 2734 4362 in
2777 4300 3102 4362 Bethlebem,
3130 4314 3277 4348 unum
3309 4300 3420 4362 «με
3461 4300 3664 4362 Origine
3710 4300 3814 4351 aui-

2238 4377 2328 4410 nia:
2355 4362 2558 4424 hominis
2585 4373 2644 4424 :_n
2675 4359 2880 4409 alterum
2911 4379 2933 4406 ι
2955 4363 3019 4408 de
3044 4361 3310 4424 Sententia
3341 4361 3509 4412 Jacobi
3533 4359 3763 4424 Ᾰνοξιοιὶ,
3786 4379 3808 4407 ι

2237 4425 2318 4474 ubi
2363 4425 2449 4476 ait.
2475 4440 2497 4467 ι
2520 4421 2822 4483 Quicumque
2862 4429 3008 4470 totam
3044 4421 3207 4482 legem
3263 4421 3815 4480 servaveritﬁoﬂ'endat

2237 4493 2401 4546 autem
2446 4486 2494 4530 in
2537 4495 2650 4540 uno,
2699 4479 2869 4546 factus,
2897 4479 3232 4546 cs_t__oniniutn
3279 4497 3471 4542 rens"
3500 4479 3564 4532 de
3609 4492 3816 4546 utroque

2237 4545 2514 4608 consulens
2539 4557 2670 4591 eum.
2718 4544 2909 4608 Sed‘itt
2955 4543 3038 4608 illo
3082 4545 3242 4608 priore
3285 4543 3813 4608 quaestionempqu'arn

2237 4606 2623 4668 proposui,_ipse_
2643 4618 2757 4668 non,
2777 4603 2933 4664 solvi;
2971 4605 3019 4668 in
3055 4603 3325 4667 posteriore
3349 4615 3512 4655 autem
3533 4603 3661 4668 and
3691 4603 3814 4655 inihi

2235 4665 2298 4716 de
2325 4665 2400 4736 illa
2424 4665 2656 4736 solvenda
2685 4667 2950 4736 videretur,
2979 4665 3083 4736 ipse
3109 4680 3201 4736 t_i_on
3223 4669 3382 4736 tacui;
3405 4669 3494 4715 sed
3526 4665 3687 4736 utrum
3717 4669 3814 4736 hoc
3887 4721 3898 4736 ,

2237 4744 2278 4790 ιιι
2300 4729 2525 4792 probaret
2550 4729 2694 4792 etiam
2714 4726 2820 4792 ille,
2846 4726 3084 4777 consului.
3113 4727 3377 4792 Rescripsit
3411 4738 3594 4792 autem.
3619 4727 3816 4792 laudans

2238 4788 2459 4840 eamdem
2481 4788 2884 4838 consultationem
2927 4790 3222 4853 tne:un,i_sibi
3247 4788 3408 4838 tamen
3431 4791 3488 4838 ad
3513 4791 3813 4853 responden-

2235 4855 2348 4923 dum
2372 4853 2523 4900 otium
2546 4865 2641 4923 uon
2802 4853 3070 4923 respondit.
3097 4851 3208 4923 ligo
3245 4865 3362 4923 vero
3383 4864 3480 4923 quo
3503 4851 3660 4914 usque
3683 4857 3815 4923 esset

2239 4914 2286 4975 in
2310 4928 2532 4975 corpore,
2562 4913 2649 4960 hos
2684 4912 2830 4961 libros
2854 4911 3007 4962 edere
3032 4911 3180 4966 nolui,
3221 4926 3284 4960 ne
3322 4911 3448 4975 forte
3493 4911 3816 4975 responderet

2236 4974 2510 5037 aliquando,
2536 4983 2588 5023 et
2608 4987 2724 5037 cum
2750 4977 2847 5037 ipsi
2871 4975 3322 5037 responsioneejns
3346 4974 3505 5035 potius
3530 4974 3811 5037 ederentur.

2239 5035 2330 5084 Illo
2348 5044 2512 5084 autem
2534 5035 2844 5084 defuncto’ad
2869 5035 2967 5082 hoc
2981 5035 3111 5084 edidi
3128 5035 3368 5097 priorem,
3394 5042 3448 5083 ut
3468 5036 3552 5096 qui
3576 5035 3702 5097 legit
3727 5036 3814 5097 ad-

2236 5105 2508 5158 moneatur,
2533 5105 2616 5146 aut
2644 5111 2738 5144 non
2760 5108 2987 5158 quaerere
3009 5093 3206 5144 omni—uo
3229 5097 3469 5157 quomodo
3488 5093 3654 5146 detur'
3657 5093 3814 5158 anima

2236 5159 2588 5217 nascentibus;
2635 5163 2719 5204 aut
2758 5157 2896 5205 certe
2939 5159 3004 5204 de
3048 5169 3105 5206 re
3147 5158 3488 5206 obscurissima
3533 5172 3640 5207 eam
3683 5157 3813 5207 solu-

2237 5220 2420 5269 tionem
2443 5219 2725 5281 quaestionis
2747 5217 2888 5279 hujus
2921 5219 3331 5281 admittere,_(pia2
3355 5221 3596 5268 contraria
3634 5233 3737 5281 non,
3752 5219 3816 5267 sit

2234 5279 2555 5344 apertissimis
2577 5283 2745 5344 rebus,
2770 5292 2894 5344 quas
2925 5280 2988 5328 de
3012 5279 3249 5342 originali
3269 5288 3468 5344 peccato
3505 5279 3813 5344 iidescatho-

2236 5341 2327 5390 lica
2354 5343 2481 5389 novit
2499 5343 2544 5402 in
2568 5341 2794 5402 parvulis,
2809 5341 2895 5388 nisi
2919 5341 3282 5402 regenerentur
3307 5343 3353 5389 in
3370 5341 3576 5400 Christo,
3597 5342 3707 5390 sine
3730 5345 3814 5388 (lu-

2235 5403 2473 5451 bitatione
2489 5401 2799 5464 damnandis:
2819 5401 3137 5462 pesteriorem
3160 5415 3276 5450 vero
3292 5403 3347 5449 ad
3373 5402 3479 5452 hoc.
3505 5411 3557 5450 ut
3570 5403 3812 5464 quaestio-

2235 5465 2312 5511 nis
2333 5465 2396 5510 de
2420 5463 2607 5526 qii_a_ibi
2631 5463 2809 5523 agitur,
2836 5465 2982 5510 etiam
3007 5477 3115 5526 qlKB
3140 5464 3278 5512 nobis
3297 5465 3393 5512 visa
3420 5472 3497 5526 est
3512 5463 3689 5513 solutio
3715 5466 3814 5524 ipsa

2236 5523 2586 5590 noscaturdioe
2597 5539 2718 5584 opus
2729 5525 2798 5590 sic
2811 5526 2975 5586 incipit
2992 5539 3005 5590 :_
3026 5523 3042 5571 '1
3061 5537 3171 5574 eum
3183 5532 3395 5573 nostrum
3408 5525 3492 5583 qui
3503 5537 3586 5574 nos
3599 5523 3812 5590 metuit).

2299 5583 2530 5650 (e)__.-ilias
2566 5583 2690 5634 inter
2729 5583 3122 5649 Hierouymimas
3165 5598 3259 5635 non
3296 5592 3586 5648 computata.
3628 5583 3814 5650 scripta

2234 5658 2316 5694 an.
2341 5647 2449 5708 415.
2469 5660 2614 5696 verno
2637 5652 2862 5708 tempore.

2297 5709 2365 5769 (Ι)
2399 5707 2451 5756 ln
2479 5709 2805 5757 vetustissimo
2840 5708 3154 5756 Ambrosiam
3195 5708 3463 5770 exemplari
3502 5709 3611 5757 2l2.
3647 5711 3815 5759 inscri-

2235 5768 2400 5836 bitur,
2432 5788 2453 5814 ε
2477 5769 2772 5836 Consultatio
2814 5770 3004 5836 ΔΑιιιιιιΙίι
3057 5771 3316 5831 Augustini
3348 5768 3416 5819 ad
3464 5771 3814 5836 Hieronymum

2238 5831 2580 5894 Presbyterum
2603 5833 2666 5879 de
2691 5831 2894 5892 Origine
2923 5832 3202 5894 animarum.
3229 5849 3250 5875 ιι

2303 5895 2376 5954 (g)
2397 5891 2548 5941 'lilem
2572 5891 2870 5942 Atttbl‘tblatt.
2895 5893 2977 5942 vix
3000 5891 3230 5942 recicere.
