4080 6340
1337 330 1405 359 .““ο.

291 427 432 491 1125

292 558 500 603 sentem
534 553 586 602 te
610 544 807 605 habere
822 546 1034 618 vellem,
1059 563 1179 607 eum
1205 563 1313 621 quo
1336 549 1585 623 loquerer
1615 556 1868 626 quidquid

289 639 506 694 Vellem.
534 638 644 693 Nec
673 640 791 694 ideo
815 649 988 696 tamen
1012 655 1117 698 non
1140 643 1299 698 debui
1328 645 1505 700 facere
1526 647 1665 715 quod
1694 650 1861 716 potui,

289 730 337 785 si
367 745 472 786 non
501 731 646 800 potui
675 739 840 787 totum
866 732 1006 803 quod
1034 735 1195 790 volui.
1233 754 1252 788 ι

360 821 418 876 2.
457 840 476 873 ι
511 823 648 878 Ecce
675 824 901 879 venitad
939 840 1025 880 me
1051 827 1329 897 religiosus
1347 827 1576 898 juvenis,
1605 832 1861 886 catholica

287 925 420 982 pace
444 910 633 980 frater,
661 923 818 970 aetate
842 915 1002 982 ﬁlius,
1027 916 1238 974 honore
1261 923 1662 993 compresbyter
1682 933 1864 978 noster

285 1003 536 1071 Orosius,
560 1003 686 1075 vigil
711 1005 947 1076 ingenio,
968 1006 1046 1080 (a)
1065 1019 1342 1080 promptus
1375 1012 1607 1083 eloquio,
1633 1013 1863 1084 ﬂagrans

283 1093 490 1158 studio,
523 1094 651 1150 utile
681 1109 774 1150 vas
801 1095 854 1151 in
876 1096 1040 1152 domo
1063 1098 1270 1154 Domini
1288 1115 1407 1156 esse
1431 1102 1764 1170 desiderans,
1793 1105 1862 1160 ad

281 1181 834 1242 :‘efellendas‘falsas
886 1173 1320 1261 perniciosasque
1380 1193 1692 1263 doctrinas,
1743 1213 1861 1268 qua:

285 1276 497 1347 animas
535 1277 889 1347 Hispanorum
931 1281 1099 1337 multo
1128 1282 1390 1339 infelicius
1409 1327 1423 1350 ,
1453 1301 1610 1356 quam
1637 1303 1858 1358 corpora

283 1359 596 1421 barbaricus
635 1369 879 1438 gladius,
915 1371 1266 1428 tumidarum.
1305 1373 1436 1429 Nam
1479 1376 1601 1431 inde
1649 1377 1714 1430 ad
1761 1393 1859 1432 nos

281 1467 454 1524 usque
477 1455 547 1510 ab
565 1458 752 1512 oceani
775 1459 952 1514 littore
969 1464 1290 1530 properavit,
1312 1464 1451 1518 fama
1473 1465 1696 1532 excitus,
1715 1467 1854 1535 quod

277 1557 307 1597 a
338 1560 425 1600 me
456 1555 639 1616 posset
657 1547 724 1603 de
750 1547 854 1616 his,
886 1565 1006 1620 quae
1039 1553 1182 1607 scire
1211 1554 1392 1619 vellet,
1415 1554 1666 1625 quidquid
1696 1557 1857 1612 vellet

274 1636 482 1694 audire.
511 1639 692 1710 Neque
739 1642 940 1698 nullum
982 1644 1124 1713 cepit
1170 1645 1429 1702 adventus
1478 1648 1558 1702 Siti
1601 1647 1852 1705 fructum.

272 1727 458 1784 Primo
497 1747 566 1787 ne
609 1732 677 1788 de
724 1748 810 1790 me
853 1737 1075 1791 multum
1139 1736 1293 1793 fama;
1343 1739 1613 1796 crederet.
1654 1741 1853 1798 Deinde

271 1822 432 1879 docui
478 1826 749 1882 hominem
775 1828 916 1897 quod
946 1830 1091 1900 potui
1125 1846 1140 1884 :
1171 1831 1312 1901 quod
1338 1842 1514 1889 autem
1544 1849 1648 1889 non
1681 1836 1847 1907 potui,

271 1914 416 1970 unde
445 1915 654 1972 discere
680 1926 883 1988 posset,
930 1919 1218 1986 admonui,
1249 1933 1407 1993 atque
1455 1935 1512 1979 ut
1550 1924 1616 1979 ad
1651 1936 1700 1980 te
1751 1927 1852 1982 iret

270 2003 519 2062 hortatus
547 2023 684 2064 sum.
730 2009 841 2077 Qua
873 2011 926 2064 in
985 2026 1044 2066 re
1081 2014 1361 2067 consilium
1402 2015 1485 2069 vel
1528 2025 1848 2086 praeceptum

268 2110 449 2152 meum
480 2112 600 2152 cum
629 2099 856 2154 libenter
892 2109 946 2155 et
972 2101 1280 2157 obedienter
1319 2106 1622 2175 acciperet,
1669 2110 1849 2178 rogavi

267 2201 393 2240 eum
423 2195 482 2242 ut
509 2187 605 2243 abs
635 2198 687 2244 te
712 2191 958 2256 veniens,
990 2207 1086 2261 per
1114 2207 1212 2245 nos
1255 2193 1320 2248 ad
1369 2197 1584 2265 propria
1636 2213 1846 2254 remeas

266 2275 374 2333 ret.
407 2280 575 2346 Quam
604 2279 718 2350 ejus
759 2281 1189 2350 pollicitationem
1240 2293 1465 2356 tenens,
1509 2288 1844 2344 occasionem

267 2369 400 2423 mihi
425 2368 630 2423 credidi
651 2385 680 2422 a
703 2370 924 2425 Domino
945 2384 1065 2426 esse
1097 2387 1407 2429 concessam
1431 2418 1448 2443 ,
1472 2393 1573 2448 qua
1599 2379 1688 2434 tibi
1711 2381 1846 2435 scri-

264 2459 451 2515 berem
487 2459 556 2516 de
605 2460 708 2526 liis,
737 2477 857 2533 qum
903 2479 996 2532 per
1038 2473 1091 2519 te
1133 2465 1271 2521 scire
1301 2469 1477 2536 cupio.
1527 2470 1841 2537 Quaerebam

265 2550 408 2604 enim
437 2565 594 2620 quem
621 2553 687 2604 ad
721 2561 770 2606 te
796 2553 1060 2610 mitterem
1085 2595 1099 2620 ,
1129 2571 1226 2610 nec
1255 2559 1383 2612 milii
1409 2558 1564 2617 facile
1590 2577 1843 2618 occurre-

267 2639 357 2694 bat
384 2639 608 2696 idoneus
635 2651 689 2696 et
720 2643 823 2698 ﬁde
851 2647 1060 2714 agendi,
1096 2656 1149 2701 et
1173 2649 1452 2706 alacritate
1478 2652 1757 2709 obediendi
1790 2665 1844 2710 et

261 2733 430 2806 9m
500 2735 879 2793 exercitatione
925 2740 1317 2810 peregrinandi.
1361 2743 1459 2799 Ubi
1508 2760 1637 2816 ergo
1682 2748 1839 2804 istum

256 2823 516 2898 juvenem
559 2837 814 2897 expertus
851 2842 990 2892 sum,
1031 2845 1153 2886 eum
1202 2833 1370 2902 ipsum
1410 2850 1528 2891 esse
1557 2837 1766 2907 qualem
1809 2855 1839 2893 a

261 2913 492 2968 Domino
518 2917 780 2986 petebam,
810 2918 1049 2975 dubitare
1071 2937 1174 2975 non
1206 2925 1369 2992 potui.
1423 2943 1444 2976 ι

335 3004 392 3058 ’5.
425 3023 445 3058 ι
478 3007 678 3062 Acerra:
714 3008 872 3079 igitur
898 3025 1015 3080 quae
1043 3012 1168 3066 mibi
1188 3054 1202 3077 ,
1226 3024 1368 3083 peto,
1401 3021 1607 3086 aperire
1635 3037 1696 3075 ac
1725 3021 1838 3077 dis-

256 3109 442 3152 serere
468 3113 570 3151 non
601 3101 863 3170 graveris.
892 3102 1122 3167 Quaestio
1144 3104 1208 3159 de
1229 3111 1406 3163 anima
1429 3111 1625 3168 multos
1649 3116 1834 3182 movit,

257 3186 314 3240 in
361 3187 553 3256 quibus
581 3199 635 3244 et
681 3205 768 3245 me
797 3207 915 3247 esse
946 3195 1221 3251 conliteor.
1253 3197 1384 3254 Nam
1414 3203 1539 3271 quid
1567 3205 1633 3261 de
1658 3209 1834 3265 anima

258 3275 566 3333 ﬁrmissime
615 3289 841 3345 teneam,
884 3298 988 3338 non
1029 3287 1235 3342 tacebo.
1285 3289 1480 3350 Deinde
1521 3297 1832 3368 subjnngam

254 3367 387 3438 quid
419 3370 547 3424 mihi
575 3370 746 3428 adhuc
775 3375 1015 3445 expediri
1048 3379 1226 3434 velim.
1257 3382 1448 3439 Anima
1476 3367 1832 3446 hominisim-

256 3459 499 3513 mortalis
521 3471 622 3524 est,
643 3464 932 3517 secundum
955 3467 1235 3535 quemdam
1263 3473 1476 3530 modum
1505 3493 1680 3535 suum.
1713 3481 1829 3538 Non

253 3547 398 3602 enim
443 3549 589 3602 omni
633 3551 789 3605 modo
819 3554 956 3607 sicut
989 3556 1156 3625 Deus,
1186 3559 1252 3614 de
1291 3576 1394 3630 quo
1419 3565 1618 3622 dictum
1647 3579 1728 3625 est
1753 3614 1766 3634 ,
1803 3593 1823 3625 ι

249 3639 343 3707 qui
381 3638 521 3692 solus
569 3639 715 3693 liabet
761 3641 1190 3702 immortalitatem
1240 3651 1342 3720 (Ι.
1395 3653 1528 3712 Tim.
1581 3661 1633 3714 6.
1691 3664 1757 3717 15
1782 3664 1824 3736 ).

256 3747 276 3780 ι
309 3727 442 3782 Nam
486 3727 554 3784 de
600 3731 790 3784 anima:
834 3736 1090 3791 mortibus
1123 3751 1302 3794 sancta
1346 3743 1619 3815 Seriptura
1663 3727 1826 3809 multa

248 3829 637 3875 commemorat
669 3839 683 3877 :
711 3823 849 3878 unde
880 3825 1006 3880 illud
1038 3840 1140 3895 est,
1179 3848 1198 3882 ι
1250 3833 1357 3887 sine
1403 3851 1624 3895 mortuos
1675 3861 1824 3912 sepe-

249 3910 348 3963 lire
387 3921 613 3965 mortuos
645 3929 762 3967 suos
783 3913 996 3985 (Matth.
1025 3919 1078 3974 8.
1107 3921 1223 3992 2‘2).
1261 3942 1279 3975 ι
1312 3924 1417 3981 Sed
1445 3932 1585 3998 quod
1615 3935 1683 3988 ita
1713 3910 1828 3993 n.0-

251 4003 394 4056 ritur
412 4003 640 4059 alienata
662 4021 690 4058 a
721 4007 826 4062 vita
856 4008 972 4074 Dei,
1005 4021 1062 4065 ut
1103 4023 1274 4070 tamen
1307 4017 1359 4072 in
1385 4031 1569 4078 natura
1616 4042 1708 4081 sua
1748 4031 1826 4085 vi-

248 4107 378 4148 vere
409 4108 513 4148 non
556 4098 773 4153 omnino
815 4097 1038 4158 desistat
1083 4123 1098 4160 :
1144 4107 1212 4160 ita
1256 4113 1492 4168 mortalis
1534 4133 1598 4173 ex
1646 4121 1822 4192 aliqua

245 4198 408 4238 causa
440 4185 722 4253 invenitur,
749 4191 984 4245 utetiam
1009 4194 1324 4254 immortalis
1344 4217 1447 4257 non
1475 4205 1589 4262 sine
1618 4185 1822 4271 ratione

242 4274 479 4329 dicatur.
514 4275 628 4331 Non
659 4289 740 4334 εει
766 4295 889 4350 pars
917 4282 1006 4338 Dei
1044 4287 1238 4342 anima.
1268 4290 1326 4344 Si
1361 4294 1501 4349 enim
1531 4297 1630 4354 hoc
1656 4317 1818 4374 esset,

243 4366 395 4421 omni
439 4369 597 4424 modo
627 4370 1071 4431 incommutabilis
1099 4388 1259 4450 atque
1299 4385 1708 4460 incorruptibilis
1734 4366 1821 4452 es;

243 4469 349 4513 set.
381 4459 534 4527 Quod
565 4463 607 4515 si
631 4473 793 4533 esset,
819 4482 917 4522 nec
940 4467 1191 4527 deficeret
1213 4475 1266 4529 in
1288 4459 1540 4547 deterius,
1568 4500 1668 4541 nec
1693 4503 1818 4558 pro-

252 4550 437 4604 liceret
467 4554 517 4604 in
549 4554 776 4618 melius;
818 4571 918 4612 ncc
942 4559 1139 4629 aliquid
1167 4564 1218 4619 in
1244 4572 1530 4640 semetipsa
1572 4577 1654 4630 vel
1686 4550 1818 4635 inci.

243 4651 398 4711 perct
426 4641 622 4699 habere
649 4646 788 4714 quod
821 4663 928 4702 non
949 4650 1191 4719 habebat,
1218 4660 1302 4712 vel
1325 4660 1591 4721 desineret
1618 4669 1814 4732 habere

240 4727 384 4800 quod
425 4731 670 4797 habebat,
720 4747 974 4804 quantum
1027 4744 1091 4796 ad
1142 4747 1257 4815 ejus
1306 4749 1470 4818 ipsius
1510 4727 1813 4821 aﬂectiones

241 4822 494 4891 pertinet.
517 4824 683 4892 Quam
711 4843 841 4882 vero
867 4831 1021 4886 aliter
1059 4850 1118 4890 se
1158 4836 1350 4894 habeat
1379 4883 1395 4909 ,
1440 4861 1545 4902 non
1571 4866 1703 4920 opus
1731 4869 1814 4914 est

239 4916 570 4971 estrinsecus
623 4923 960 4988 testimonio;
1009 4928 1247 4998 quisquis
1289 4934 1518 5003 seipsum
1564 4916 1808 5015 advertit,

237 5009 496 5076 agnoscit.
533 5009 747 5066 Frustra
793 5025 968 5071 autem
1013 5018 1205 5076 dicitur
1227 5023 1295 5079 ab
1321 5026 1435 5094 eis,
1468 5033 1554 5100 qui
1581 5009 1807 5096 animam

239 5099 333 5154 Dei
363 5109 562 5169 partem
589 5118 710 5158 esse
751 5107 951 5173 volunt,
984 5110 1120 5168 banc
1143 5114 1262 5183 ejus
1295 5116 1466 5175 labem
1486 5099 1551 5180 ac
1580 5132 1806 5199 turpitu-

234 5191 437 5256 dinem,
491 5208 648 5262 quam
693 5197 933 5253 videmus
985 5202 1036 5257 in
1090 5209 1428 5276 nequissimis
1480 5191 1802 5292 hominibus,
1843 5246 1845 5248 ·

235 5280 372 5335 lianc
413 5281 642 5354 denique
697 5285 1054 5347 inﬁrmitatem
1106 5307 1160 5350 et
1207 5301 1594 5376 aegritudinem,
1645 5280 1801 5382 quani

229 5375 490 5429 sentimus
513 5377 563 5430 in
592 5381 835 5436 omnibus
856 5382 1174 5456 hominibus,
1200 5411 1302 5450 non
1327 5412 1393 5453 ex
1425 5402 1535 5472 ipsa
1562 5375 1634 5461 illi
1661 5375 1800 5478 esse,

230 5465 322 5520 sed
353 5481 419 5520 ex
449 5481 692 5538 corpore.
732 5473 868 5538 Quid
911 5475 1132 5534 interest
1162 5483 1300 5538 unde
1337 5465 1576 5560 a‘grotet,
1606 5513 1725 5568 qua:

227 5566 371 5610 esset
418 5559 879 5630 incommutabilis,
937 5567 1017 5639 (lt)
1063 5573 1334 5631 undelibet
1377 5559 1638 5652 argi-utare-
1692 5606 1796 5647 non

290 5690 356 5802 id!
394 5694 530 5755 Αριιά
554 5695 896 5758 λίπῑίθιὶωυπι,
920 5703 1012 5777 (11ιί⁹
1043 5712 1150 5766 post
1182 5706 1430 5762 Erasmnm
1465 5716 1587 5768 hanc
1619 5722 1797 5784 episto-

290 5767 316 5800 n
363 5766 392 5800 η
417 5764 714 5802 postremum
737 5766 919 5802 lnmnm
941 5770 1110 5802 rium-ii
1155 5779 1353 5802 nam"...
1377 5774 1560 5802 -ι,.....;,.

223 5750 392 5840 lambin
402 5750 714 5840 Apost-remum
737 5750 1577 5840 totum

291 5813 598 5907 gjnﬂliunt‘
619 5818 801 5871 lirasm.
825 5835 884 5907 af
921 5813 1140 5907 M‘ai‘tian'.
1157 5813 1353 5894 Eligit?
1652 5846 1794 5907 paulo

220 5884 332 5940 post
351 5878 600 5928 accidisset
622 5895 709 5942 pro
729 5884 990 5937 accideret.

575 5963 637 6022 S.
684 5964 1048 6036 Hmaowvttt
1094 5974 1141 6036 Ι.

1626 438 1960 535 ενιετοιᾼ
1999 421 2235 529 cxxxi

3405 456 3543 517 ιιεε

1965 559 2190 627 posset?
2217 557 2346 614 Nam
2375 561 2513 632 quod
2544 577 2666 620 vere
2685 564 3114 626 incommutabile
3137 580 3190 627 et
3217 572 3544 646 incorrupti-

1970 648 2076 703 bile
2104 660 2206 716 est,
2236 653 2431 706 nullius
2457 655 2529 709 rei
2563 671 2778 710 accessu
2810 663 3124 716 commutari
3160 662 3244 718 Vel
3274 668 3545 737 corrumpi

1967 749 2163 807 potest.
2207 742 2453 813 Alioquin
2495 759 2599 799 non
2631 747 2865 803 Achillea
2898 760 3121 819 tantum,
3169 754 3307 810 sicut
3349 755 3544 812 fabulis

1967 828 2165 896 ferunt,
2189 832 2282 886 sed
2314 835 2486 889 omnis
2515 850 2640 890 caro
2670 848 2811 892 esset
2842 840 3266 910 invulnerabilis,
3297 845 3342 901 si
3364 848 3544 903 nullus

1967 920 2015 974 ei
2045 936 2200 975 casus
2226 924 2508 978 accideret.
2541 925 2653 979 Non
2699 938 2780 980 est
2813 929 2986 996 itaque
3014 943 3201 988 natura
3244 935 3544 992 incommu-

1966 1011 2162 1079 tabilis,
2195 1029 2312 1084 quae
2339 1016 2516 1086 aliquo
2545 1019 2706 1072 modo
2730 1060 2744 1083 ,
2774 1020 2947 1091 aliqua
2977 1038 3155 1090 causa,
3183 1027 3362 1098 aliqua
3390 1040 3544 1100 parte

1965 1102 2231 1158 mutabilis
2249 1116 2350 1161 est.
2375 1107 2536 1162 Deum
2563 1119 2737 1165 autem
2763 1109 2910 1166 nefas
2929 1123 3030 1180 est,
3059 1117 3156 1171 nisi
3169 1133 3296 1175 vere
3317 1135 3546 1180 summe-

1964 1207 2068 1262 que
2110 1195 2595 1254 incommutnbiletn
2633 1201 2878 1258 credere.
2910 1203 3026 1258 Non
3057 1214 3138 1259 εει
3168 1209 3326 1279 igitur
3364 1213 3542 1270 anima

1965 1300 2086 1353 pars
2119 1285 2231 1342 Dei.
2291 1306 2311 1340 ι

2033 1378 2087 1430 4.
2118 1379 2300 1432 Anima
2325 1381 2647 1453 incorporea.
2674 1417 2744 1427 -—
2767 1386 3140 1461 Incorpoream
3177 1395 3391 1468 quoque
3417 1414 3543 1454 esse

1961 1467 2192 1523 animam
2219 1511 2236 1536 ,
2267 1473 2366 1527 etsi
2397 1473 2612 1531 difﬁcile
2639 1479 2962 1536 tardioribus
2990 1467 3313 1553 persuaderi
3342 1499 3538 1559 potest,

1959 1560 2089 1615 mibi
2121 1571 2298 1619 tamen
2322 1564 2489 1621 fateor
2514 1584 2634 1624 esse
2654 1586 2982 1641 persuasum.
3010 1578 3116 1632 Sed
3148 1595 3214 1634 ne
3235 1571 3379 1636 verbi
3406 1599 3540 1638 eon-

1959 1653 2272 1709 troversiam
2324 1658 2404 1712 vel
2443 1661 2714 1730 superﬂuo
2764 1665 2949 1720 faciam
2978 1669 3060 1722 vel
3108 1670 3300 1728 merito
3332 1675 3534 1742 patiar,

1955 1747 2204 1816 quoniam
2256 1764 2363 1805 cun
2415 1768 2484 1807 ne
2527 1769 2595 1808 ne
2637 1770 2910 1825 consur,
2957 1776 3061 1815 non
3109 1772 3192 1817 cst
3235 1743 3369 1835 opus
3420 1784 3540 1823 cer-

1956 1845 2070 1892 tare
2097 1836 2165 1892 de
2203 1841 2418 1896 nomine
2449 1860 2460 1895 :
2489 1844 2532 1898 si
2565 1860 2759 1915 corpus
2793 1859 2876 1903 est
2903 1853 3076 1907 omnis
3120 1854 3415 1912 substantia
3447 1863 3531 1914 vel

1953 1931 2205 1994 essentia,
2287 1932 2494 2004 ιοοο
2565 1937 2647 1990 vel
2671 1938 2715 1992 si
2742 1939 2865 2009 quid
2886 1944 3060 2014 aptius
3088 1958 3423 2018 nuncupatur
3451 1952 3534 2018 id,

1953 2017 2094 2084 quod
2141 2019 2478 2090 aliquoniodo
2519 2037 2605 2080 est
2644 2027 2696 2081 in
2748 2031 2945 2100 seipso,
2997 2048 3191 2104 corpus
3220 2017 3302 2094 est
3329 2017 3528 2100 anima.

1953 2109 2081 2164 Item
2101 2112 2148 2166 si
2181 2129 2298 2167 eam
2329 2117 2497 2170 solam
2533 2117 2901 2190 incorpoream
2935 2125 3107 2194 placet
3132 2131 3402 2200 appellare
3433 2149 3532 2189 na-

1951 2207 2145 2262 turam,
2187 2219 2304 2272 qua:
2347 2222 2554 2262 summe
2598 2211 3044 2272 incommutabilis
3083 2229 3136 2274 et
3180 2223 3375 2294 ubique
3421 2234 3532 2282 tota

1949 2304 2051 2357 est,
2081 2309 2274 2364 corpus
2299 2306 2382 2351 est
2408 2299 2580 2354 anima
2605 2317 2621 2366 ;
2648 2307 2896 2372 quoniam
2929 2311 3033 2364 tale
3059 2311 3254 2381 aliquid
3283 2317 3394 2386 ipsa
3421 2335 3530 2376 non

1948 2395 2048 2440 est.
2082 2386 2248 2442 Porro
2274 2390 2317 2444 si
2347 2406 2544 2461 Corpus
2575 2412 2679 2450 non
2717 2411 2818 2463 εει,
2850 2403 2948 2454 nisi
2979 2404 3120 2471 quod
3145 2422 3240 2474 per
3269 2408 3372 2464 loci
3398 2427 3529 2480 spa-

1951 2478 2081 2531 tium
2108 2479 2281 2548 aliqua
2315 2481 2682 2553 longitudine,
2714 2488 3024 2558 latitudine,
3055 2505 3108 2548 ei
3144 2478 3526 2558 atiiiudinciia

1946 2569 2152 2622 sistitur
2197 2570 2282 2624 vel
2311 2585 2591 2641 movetur,
2625 2586 2682 2630 ut
2713 2579 2911 2649 majore
2953 2584 3033 2636 sui
3073 2580 3226 2655 parte
3267 2591 3524 2660 majorem

1946 2656 2119 2712 locum
2149 2672 2391 2730 occupet,
2419 2674 2474 2718 ει
2501 2665 2742 2736 breviore
2782 2670 3102 2742 breviorem,
3146 2656 3425 2751 minusque
3451 2685 3524 2739 sit

1944 2748 1996 2803 in
2028 2761 2176 2819 parte
2215 2770 2372 2822 quam
2421 2757 2473 2811 in
2524 2769 2651 2825 toto,
2699 2779 2804 2817 non
2845 2775 2927 2818 est
2969 2783 3162 2838 corpus
3189 2748 3385 2829 anima.
3419 2777 3525 2834 Per

1945 2848 2111 2895 totum
2141 2845 2335 2915 quippe
2363 2861 2576 2916 corpus,
2607 2854 2746 2920 quod
2779 2859 2996 2922 animat,
3031 2875 3134 2914 non
3178 2863 3331 2920 locali
3361 2867 3521 2924 diil‘u-

1941 2933 2128 3001 sione,
2160 2937 2255 2992 sed
2296 2941 2521 3008 quadam
2553 2944 2695 2999 vitali
2728 2948 3022 3007 intentione
3047 2957 3352 3029 porrigitur.
3382 2960 3519 3019 Nam

1942 3041 2039 3094 per
2065 3042 2252 3084 omnes
2273 3031 2389 3100 ejus
2419 3036 2703 3102 particulas
2734 3043 3031 3100 totasimul
3061 3048 3231 3115 adest,
3265 3069 3365 3109 nec
3412 3059 3519 3111 mi—

1941 3132 2041 3172 nor
2068 3119 2120 3174 in
2149 3123 2460 3193 minoribus,
2493 3136 2545 3182 et
2575 3129 2625 3183 in
2656 3133 2945 3200 majoribus
2975 3139 3166 3208 major,
3196 3146 3288 3200 sed
3315 3148 3519 3206 alicubi

1938 3208 2199 3268 intensius
2225 3254 2242 3278 ,
2273 3215 2464 3272 alicubi
2501 3223 2794 3291 remissius,
2828 3238 2880 3282 et
2926 3230 2974 3284 in
3005 3234 3253 3292 omnibus
3279 3249 3389 3296 tota
3409 3285 3424 3308 ,
3458 3254 3516 3300 et

1937 3297 1990 3352 in
2021 3297 2244 3372 singulis
2272 3314 2378 3360 tota
2411 3319 2513 3364 est.
2545 3311 2727 3383 Neque
2766 3318 2909 3375 enim
2935 3321 3110 3390 aliter,
3144 3329 3284 3397 quod
3315 3332 3364 3386 in
3393 3297 3514 3390 cor-

1935 3404 2066 3459 pore
2087 3395 2246 3449 etiam
2270 3413 2375 3452 non
2399 3399 2469 3470 (ε)
2494 3410 2604 3458 toto
2625 3407 2804 3474 sentit,
2832 3419 3005 3466 tamen
3037 3424 3141 3471 tota
3161 3395 3350 3480 sentit.
3377 3424 3514 3484 Nam

1933 3499 2052 3539 cum
2094 3489 2283 3558 exiguo
2311 3503 2509 3559 puncto
2556 3495 2606 3549 in
2636 3512 2796 3555 carne
2838 3503 2962 3558 viva
2993 3509 3186 3578 aliquid
3237 3518 3506 3585 tangitur,

1932 3577 2174 3641 quamvis
2201 3577 2353 3634 locus
2377 3581 2468 3637 ille
2499 3599 2600 3637 non
2625 3587 2797 3642 solum
2828 3595 2988 3647 totius
3013 3577 3254 3668 corporis
3281 3577 3384 3658 non
3415 3577 3507 3676 sit,

1931 3663 2024 3716 sed
2070 3665 2152 3718 vix
2185 3667 2238 3719 in
2277 3683 2503 3738 corpore
2530 3673 2784 3741 videatur,
2840 3683 3072 3738 animam
3109 3663 3293 3747 tamen
3343 3663 3507 3754 totan'i

1933 3766 2037 3806 non
2068 3755 2195 3809 latet
2228 3773 2431 3828 :neque
2456 3761 2507 3814 id
2537 3767 2676 3832 quod
2705 3770 2967 3834 sentitur,
2992 3791 3087 3844 per
3109 3786 3348 3851 corporis
3371 3803 3509 3844 cun-

1929 3854 2013 3898 cta
2043 3847 2330 3914 discurrit,
2379 3851 2470 3905 sed
2509 3853 2578 3908 ibi
2629 3866 2830 3914 tantum
2860 3868 3087 3922 sentitur
3126 3847 3221 3927 tibi
3246 3875 3321 3929 fit.
3353 3877 3507 3940 Unde

1930 3948 2057 4037 ergo
2077 3935 2141 3988 ad
2172 3945 2333 3992 totam
2363 3955 2486 3995 mox
2516 3949 2780 4016 pervenit,
2823 3955 2964 4021 quod
3014 3974 3118 4014 non
3169 3964 3222 4019 in
3269 3977 3380 4026 tato
3419 3935 3500 4043 fit,

1929 4025 2030 4080 nisi
2058 4029 2178 4098 quia
2204 4040 2257 4085 et
2285 4033 2354 4087 ibi
2378 4041 2489 4088 tota
2515 4047 2597 4092 est
2620 4039 2704 4094 ubi
2730 4041 2804 4108 lit,
2837 4062 2935 4101 nec
2955 4059 3010 4103 ut
3037 4060 3144 4109 tota
3176 4057 3244 4112 ibi
3275 4063 3364 4128 sit,

1930 4119 2312 4220 tera-deserit?
2363 4121 2552 4180 Vivunt
2598 4131 2740 4184 enim
2781 4144 2837 4189 et
2866 4137 2952 4191 illa
2983 4156 3043 4197 ea
3089 4119 3379 4220 praesente,

1926 4206 2056 4262 nihil
2086 4211 2191 4266 tale
2216 4211 2413 4268 factum
2441 4228 2542 4273 est.
2581 4221 2732 4287 Quod
2762 4226 2804 4279 si
2833 4226 3014 4297 ﬁeret,
3040 4206 3396 4312 cit-utrumque

1923 4300 2037 4354 mul
2069 4300 2236 4368 fieret,
2265 4305 2423 4361 simul
2452 4320 2736 4384 utrumque
2757 4325 2919 4374 totam
2941 4326 3138 4391 pariter
3157 4347 3263 4386 non
3287 4300 3499 4396 lateret.

1924 4389 2155 4448 Proinde
2184 4404 2238 4450 et
2266 4397 2318 4452 in
2348 4401 2599 4456 omnibus
2627 4407 2785 4463 simul
2807 4451 2820 4472 ,
2855 4421 2906 4466 et
2939 4389 2989 4469 in
3016 4419 3239 4490 singulis

1922 4482 1988 4537 lis
2016 4488 2255 4554 corporis
2280 4490 2359 4543 sui
2385 4531 2403 4554 ,
2435 4501 2539 4546 tota
2588 4497 2745 4552 simul
2796 4519 2915 4558 esse
2958 4513 3063 4563 non
3091 4482 3292 4582 posset;
3321 4522 3362 4573 si
3402 4538 3500 4590 per

1922 4574 2040 4630 illas
2084 4579 2156 4631 ita
2199 4579 2603 4652 dill'underctur,
2639 4599 2695 4643 ut
2744 4594 2982 4653 videmus
3029 4574 3251 4674 corpora
3277 4574 3498 4672 ’ἀίσῖιέᾇ

1918 4683 2018 4737 per
2043 4671 2215 4740 spatia
2255 4673 2514 4742 locorum,
2549 4682 2842 4741 minoribus
2871 4690 2979 4745 suis
3025 4671 3261 4764 partibus
3289 4671 3496 4766 minora

1917 4777 2202 4830 occupare,
2258 4773 2314 4819 et
2359 4769 2706 4854 amplioribus
2748 4781 3023 4848 ampliora.
3074 4786 3412 4865 Quapropter
3449 4805 3496 4857 si

1916 4853 2094 4906 anima
2133 4869 2328 4925 corpus
2355 4873 2475 4914 esse
2503 4862 2725 4920 dicenda
2755 4880 2855 4933 est,
2883 4888 2987 4929 non
3018 4853 3109 4934 est
3134 4853 3279 4940 certe
3293 4853 3494 4963 corpus

1916 4945 2074 5012 quale
2105 4952 2376 5001 terrenum
2405 4959 2507 5018 est,
2531 4968 2630 5008 nec
2655 4959 2810 5026 quale
2833 4960 3130 5037 humidum,
3151 4985 3241 5030 aut
3261 4945 3490 5051 aeritim,

1913 5043 2005 5088 aut
2033 5036 2328 5092 aetherium.
2355 5038 2540 5098 Omnia
2567 5050 2759 5120 quippe
2777 5055 2899 5109 talia
2925 5061 3125 5132 majora
3152 5081 3275 5126 sunt
3303 5036 3489 5132 ίηίιᾷξζξ

1907 5126 2116 5195 joribus
2145 5128 2296 5196 locis,
2325 5141 2378 5187 et
2407 5135 2607 5194 minora
2634 5141 2688 5197 in
2717 5146 3032 5221 minoribus,
3063 5168 3118 5214 et
3149 5162 3278 5218 nihil
3297 5184 3483 5224 eorum

1912 5217 1964 5270 in
2010 5218 2182 5287 aliqua
2224 5224 2304 5275 sui
2353 5233 2502 5292 parte
2532 5238 2697 5286 totum
2724 5236 2873 5293 adest
2904 5259 2918 5295 :
2945 5217 3038 5300 sed
3073 5257 3128 5301 ut
3156 5217 3279 5307 sunt

1912 5307 2170 5408 locorum,
2223 5313 2290 5367 ita
2337 5331 2661 5386 occupantur
2704 5331 2940 5396 partibus
2977 5307 3485 5408 corporuin.rUiiile

1909 5394 2220 5470 intelligitur
2246 5405 2442 5473 anima,
2471 5411 2586 5468 sive
2610 5394 2836 5488 corpus,
2887 5424 2999 5479 sive
3049 5394 3357 5499 incorporea
3396 5405 3481 5493 di-

1907 5492 2074 5592 cenda
2101 5495 2200 5561 sit,
2235 5502 2500 5570 propriam
2531 5511 2814 5577 quamdam
2847 5515 3041 5572 habere
3069 5492 3331 5592 naturam,
3362 5545 3481 5585 om-

1907 5581 2066 5639 nibus
2106 5584 2188 5641 bis
2236 5592 2516 5650 mundana!
2559 5600 2714 5654 molis
2767 5604 3046 5662 elementis
3097 5614 3482 5680 excellentiore

1903 5675 2197 5736 substantia
2247 5695 2520 5756 creatam,
2583 5707 2703 5760 qua:
2742 5697 3006 5755 veraciter
3050 5718 3158 5758 non
3210 5711 3378 5774 possit
3422 5693 3477 5771 in

2411 5873 2565 5922 penes
2585 5866 2932 5923 Benedictinos
2954 5878 3146 5936 quodin
3163 5895 3362 5948 corpore
3382 5901 3476 5943 non

1901 5919 1996 5962 ιοιο
2017 5924 2077 5968 διι
2099 5925 2275 5980 (illum,
2302 5927 2401 5972 etc.

2646 6014 3071 6105 (Tanta-six.)
