4080 6340
585 406 718 460 1127

582 518 756 587 aliqua
804 513 1079 584 phantasia
1118 511 1473 580 corporalium
1519 507 1806 579 imaginum
1832 546 1847 569 ,
1879 517 2012 573 quas
2056 517 2152 572 per

582 607 759 664 carnis
778 595 965 660 sensus
994 603 1331 674 percipimus,
1371 601 1614 670 cogitari,
1642 597 1734 652 sed
1766 604 1943 650 mente
1995 592 2153 647 intel-

585 701 697 767 ligi.
729 699 938 765 vitaque
962 693 1168 750 sentiri.
1198 692 1378 763 Neque
1411 693 1522 746 haec
1563 690 1642 762 (a)
1685 686 1905 758 proinde
1945 685 2152 752 loquor,

584 804 642 848 ut
691 803 740 846 te
761 807 879 862 qua:
919 788 1010 843 tibi
1056 795 1178 840 nota
1207 795 1331 841 sunt
1376 784 1596 838 doceam
1644 798 1658 834 :
1699 779 1790 834 sed
1820 788 1872 832 ut
1920 776 2152 845 aperiam

591 883 799 956 1001
873 878 998 950 quid
1030 877 1332 931 firmissime
1378 875 1445 928 de
1489 874 1663 926 anima
1699 877 1906 924 teneam
1932 907 1946 931 ,
1975 883 2038 919 ne
2071 879 2156 918 me

585 974 888 1042 quisquam,
918 982 1040 1022 cum
1070 966 1134 1020 ad
1161 981 1222 1020 ea
1273 981 1468 1017 venero
1497 977 1617 1032 qua:
1651 960 1886 1030 requiro,
1916 956 2046 1011 nihil
2087 956 2155 1010 de

585 1062 760 1114 anima
785 1059 867 1113 vel
899 1056 1122 1114 scientia
1153 1054 1233 1108 vel
1265 1054 1368 1108 fide
1397 1062 1578 1106 tenere
1608 1050 1916 1104 arbitretur.
1953 1067 1972 1099 ι

655 1153 710 1207 5.
757 1151 941 1203 Anima
988 1164 1082 1202 sua
1131 1147 1282 1214 culpa
1311 1145 1486 1213 lapsa,
1539 1141 1648 1196 sola
1674 1140 1770 1194 Dei
1813 1137 2158 1192 misericordia

586 1245 850 1298 liberatur.
874 1268 945 1280 —
974 1257 993 1290 ι
1027 1239 1216 1293 Certus
1239 1237 1398 1291 etiam
1427 1248 1578 1296 sum,
1631 1232 1859 1284 animam
1893 1229 2034 1283 nulla
2065 1228 2156 1282 Dei

590 1336 783 1406 culpa,
830 1331 973 1388 nulla
1021 1331 1114 1385 Dei
1169 1329 1488 1383 necessitate
1513 1325 1593 1380 vel
1630 1339 1759 1390 sua,
1806 1321 1898 1378 sed
1945 1320 2157 1390 propria

586 1430 858 1486 voluntate
886 1425 936 1479 in
976 1431 1250 1495 peccatum
1282 1435 1403 1475 esse
1431 1417 1722 1487 collapsam
1750 1455 1764 1479 ,
1801 1429 1900 1468 nec
1930 1411 2152 1467 liberari

586 1533 749 1592 posse
795 1516 863 1571 de
894 1527 1123 1584 corpore
1171 1510 1359 1566 mortis
1411 1509 1586 1578 hujus,
1628 1508 1711 1561 vel
1739 1521 1849 1560 sua:
1875 1501 2163 1557 voluntatis

588 1613 804 1674 virtute,
828 1618 1075 1677 tanquam
1097 1603 1194 1658 sibi
1211 1603 1274 1656 ad
1296 1601 1394 1656 hoc
1413 1600 1731 1664 sufficiente,
1751 1597 1834 1650 vel
1856 1596 2018 1666 ipsius
2042 1608 2164 1647 cor-

592 1705 740 1776 poris
757 1710 961 1764 morte,
994 1697 1083 1752 sed
1108 1696 1278 1768 gratia
1312 1693 1404 1748 Dei
1439 1707 1533 1762 per
1557 1693 1736 1745 Jesum
1767 1687 2033 1742 Christum
2059 1684 2164 1738 Do-

590 1775 792 1850 minum
823 1801 1065 1846 nostrum
1096 1809 1108 1840 :
1141 1800 1237 1839 nec
1267 1784 1486 1838 omnino
1508 1795 1626 1836 esse
1656 1780 1891 1834 animam
1917 1776 2080 1831 ullam
2110 1775 2161 1828 in

591 1899 785 1957 genere
801 1882 1035 1936 humano
1059 1921 1072 1942 ,
1104 1879 1187 1930 cui
1220 1892 1323 1930 non
1349 1876 1418 1929 sit
1450 1872 1781 1927 necessarius
1803 1871 1867 1924 ad
1892 1867 2164 1922 liberatio-

594 1991 713 2031 nem
754 1972 1016 2028 mediator
1039 1970 1129 2023 Dei
1151 1977 1205 2021 et
1238 1966 1514 2020 hominum
1541 1966 1701 2016 homo
1723 1960 1966 2016 Christus
1986 1958 2161 2013 Jesus.

590 2068 950 2135 Quzecumque
976 2068 1154 2112 autem
1181 2058 1296 2111 sine
1340 2055 1506 2123 gratia
1543 2051 1856 2106 mediatoris
1885 2059 1940 2104 et
1982 2061 2165 2102 sacra-

591 2167 771 2211 :nento
792 2154 940 2224 ejus,
970 2152 1022 2207 in
1051 2150 1284 2220 qualibet
1312 2145 1553 2215 corporis
1583 2153 1738 2196 :ctate
1758 2183 1772 2207 ,
1823 2141 1890 2194 de
1939 2151 2168 2207 corpore

593 2273 604 2301 ι
631 2249 814 2311 xierit,
845 2256 898 2302 et
925 2246 976 2299 in
1006 2257 1215 2314 poenam
1270 2242 1531 2300 futuram,
1581 2243 1637 2289 et
1665 2234 1720 2288 iu
1753 2233 1942 2286 ultimo
1965 2229 2167 2300 judicio

597 2350 928 2410 rerepturam
957 2351 1150 2406 corpus
1179 2333 1242 2387 ad
1277 2346 1508 2400 panum.
1555 2328 1608 2383 Si
1637 2338 1814 2380 autem
1848 2333 1967 2394 post
1995 2338 2164 2394 gene-

597 2433 858 2486 rationem
903 2433 1222 2486 humanam,
1269 2438 1388 2492 qum
1416 2422 1548 2472 facta
1579 2426 1661 2472 est
1686 2431 1752 2472 ex
1777 2415 1946 2471 Adam
1967 2456 1981 2479 ,
2012 2431 2167 2484 rege-

597 2531 852 2576 nerentur
889 2520 943 2574 in
965 2517 1179 2574 Christo
1201 2514 1265 2568 ad
1290 2514 1406 2582 ejus
1431 2511 1704 2582 pertinens
1731 2510 2039 2562 societatem
2067 2549 2083 2573 ,
2111 2515 2168 2560 et

597 2614 838 2684 requiem
872 2619 990 2682 post
1016 2618 1244 2663 mortem
1267 2605 1505 2673 corporis
1531 2602 1826 2656 habituram
1848 2641 1863 2666 ,
1893 2608 1946 2653 et
1975 2613 2170 2666 corpus

599 2707 666 2758 ad
692 2704 915 2774 gloriam
945 2709 1304 2769 recepturum.
1366 2695 1490 2748 llzec
1537 2702 1697 2756 sunt,
1747 2706 1865 2761 qua:
1898 2689 1965 2745 de
1994 2691 2168 2742 anima

601 2795 907 2851 firmissime
927 2801 1100 2846 teneo.
1119 2796 1152 2840 »⁷

670 2889 725 2942 6.
778 2885 972 2938 Anima?
996 2889 1161 2934 reatus
1191 2877 1344 2931 unde.
1377 2905 1446 2915 —
1478 2894 1496 2927 ι
1525 2873 1669 2928 Nunc
1697 2871 1877 2941 accipe
1897 2912 1912 2937 ,
1951 2884 2132 2940 quaeso
2153 2909 2168 2931 ,

600 2977 727 3048 quid
779 2975 1078 3043 requiram,
1109 2983 1160 3023 et
1191 2968 1298 3022 noli
1323 2980 1406 3020 me
1430 2977 1719 3034 spernere,
1753 2961 1830 3032 (ὁ)
1880 2962 1957 3015 sic
1984 2975 2090 3014 non
2120 2969 2172 3014 te

602 3077 855 3138 spernat,
901 3063 988 3132 qui
1022 3076 1117 3129 pro
1147 3059 1298 3113 nobis
1329 3056 1575 3124 dignatus
1619 3063 1702 3108 est
1727 3052 1927 3122 Sperui.
1980 3051 2172 3119 Quaero

602 3163 690 3214 ubi
726 3153 1049 3211 contraxerit
1091 3153 1266 3204 anima
1296 3159 1532 3212 reatum,
1563 3161 1668 3214 quo
1702 3145 1930 3198 trahitur
1962 3144 2012 3196 in
2039 3157 2174 3196 con-

601 3248 995 3304 demnationcm
1017 3283 1031 3307 ,
1075 3244 1234 3294 ctiam
1263 3239 1477 3293 infantis
1507 3249 1681 3291 morte
1701 3235 1952 3305 prmventi
1977 3276 1991 3300 ,
2029 3235 2073 3289 si
2122 3235 2171 3289 ei

604 3355 702 3411 per
754 3343 1140 3391 sacramentum
1181 3345 1284 3398 quo
1332 3331 1490 3383 etiam
1542 3328 1746 3398 parvuli
1793 3327 2125 3396 baptizantur
2155 3367 2171 3393 ,

605 3427 809 3484 Christi
844 3425 1010 3495 gratia
1045 3441 1147 3476 non
1176 3420 1502 3474 subvenerit.
1530 3418 1645 3472 Non
1673 3423 1814 3472 enim
1845 3432 1904 3472 es
1929 3432 1993 3470 ex
2024 3416 2130 3470 illis
2155 3457 2170 3482 ,

603 3522 691 3591 qui
720 3517 879 3572 modo
920 3530 1050 3570 nova
1077 3513 1314 3583 quoniam
1341 3512 1543 3582 garrire
1567 3515 1843 3579 cmperunt
1861 3550 1874 3570 ,
1896 3508 2136 3562 dicentes
2155 3548 2170 3572 ,

604 3614 804 3667 millum
851 3620 1060 3665 reatum
1103 3621 1221 3660 esse
1251 3620 1316 3659 ex
1367 3605 1534 3658 Adam
1567 3611 1790 3656 tractum
1821 3601 1914 3671 qui
1960 3616 2053 3670 per
2084 3601 2176 3654 ba-

605 3707 856 3772 ptismum
873 3701 926 3754 in
950 3699 1146 3753 infante
1166 3691 1578 3760 solvatur.Quod
1601 3701 1653 3747 te
1675 3708 1861 3760 sapere
1884 3691 1927 3744 si
1952 3692 2173 3755 scirem,

604 3801 712 3848 imo
734 3793 834 3848 nisi
882 3802 933 3848 te
962 3793 1012 3845 id
1042 3807 1149 3844 non
1194 3803 1382 3858 sapere
1426 3787 1620 3841 scirem
1643 3827 1656 3849 ,
1690 3800 2024 3854 nequaquam
2073 3783 2175 3837 hoc

604 3891 700 3944 abs
725 3900 774 3942 te
802 3901 1095 3957 qumrerem
1121 3893 1212 3937 aut
1239 3879 1586 3952 qurerendum
1633 3887 1896 3949 putarem.
1921 3875 2027 3931 Sed
2052 3874 2174 3945 quia

606 3996 854 4039 tenemus
903 3980 969 4035 de
1030 3978 1127 4032 hac
1179 3993 1238 4032 re
1285 3975 1602 4029 sententiain
1635 3983 1774 4026 tuam
1801 3970 2174 4024 concinentcm

606 4075 885 4131 catholica:
945 4070 1436 4137 fundatissimaaque
1481 4065 1638 4127 fidei,
1671 4063 1793 4132 quia
1823 4071 1877 4115 et
1904 4057 2176 4115 Joviniani

609 4167 908 4237 vaniloquia
962 4165 1319 4234 redarguens,
1367 4156 1659 4213 adhibuisti
1703 4153 2062 4208 testimonium
2110 4166 2174 4204 ex

609 4262 747 4313 libro
770 4258 869 4312 Job
887 4297 903 4321 ,
933 4255 1097 4309 Nemo
1115 4252 1331 4306 mundus
1369 4251 1420 4302 in
1443 4256 1709 4312 conspectu
1737 4255 1822 4297 tuo
1844 4285 1856 4305 ,
1889 4258 1978 4294 nec
2007 4242 2179 4310 infans

524 4359 538 4404 .‘
608 4353 754 4420 cujus
788 4359 859 4404 est
879 4347 978 4401 diei
1004 4347 1151 4399 unius
1175 4345 1275 4396 vita
1305 4356 1457 4408 super
1483 4348 1668 4391 terram
1700 4334 1718 4404 (
1745 4334 1844 4387 Job
1877 4333 1964 4387 15.
1993 4333 2046 4385 4.
2078 4346 2180 4384 sec.

519 4433 533 4466 έ
613 4440 786 4511 LXX)
813 4460 826 4494 ι
853 4437 1046 4493 deinde
1067 4430 1354 4503 adjuuxisti
1376 4470 1391 4493 ,
1422 4427 1766 4492 Tenemurque
1798 4424 1872 4476 rei
1917 4425 1970 4475 in
1996 4421 2182 4474 simili-

611 4533 838 4586 tudinem
867 4523 1294 4598 prwvaricationis
1320 4520 1447 4573 Ada:
1474 4535 1492 4573 :
1518 4527 1571 4572 et
1592 4516 1728 4570 liber
1760 4525 1878 4568 tuus
1908 4513 1959 4566 in
1992 4512 2181 4566 Jonam

615 4621 929 4692 prophetam
957 4616 1086 4670 satis
1117 4614 1216 4667 hoc
1243 4609 1523 4678 insigniter
1550 4604 1890 4672 dilucideque
1918 4602 2180 4663 declarat,

616 4716 706 4768 ubi
729 4713 972 4783 jejunare
994 4705 1241 4779 parvulos
1261 4712 1480 4772 propter
1502 4700 1673 4768 ipsum
1705 4695 1966 4766 originale
1995 4707 2184 4764 pecca-

619 4817 730 4858 tum
754 4845 766 4867 ,
801 4800 991 4855 merito
1017 4805 1231 4851 coactos
1262 4807 1380 4847 esse
1406 4791 1585 4844 dixisti
1617 4806 1629 4840 :
1664 4803 1766 4840 non
1799 4784 2185 4841 inconvenien-

617 4906 703 4948 tcr
728 4894 822 4947 abs
847 4903 898 4946 te
924 4902 1105 4960 quer
1129 4887 1266 4938 hunc
1283 4893 1484 4938 reatum
1516 4881 1693 4933 anima
1720 4878 1809 4932 ubi
1834 4875 2182 4940 contraxerit,

626 4985 833 5058 1002
904 4979 1044 5034 unde
1080 4983 1320 5046 Oporteat
1347 4989 1463 5029 eam
1505 4973 1664 5027 etiam
1694 4970 1745 5024 in
1789 4969 1876 5023 illa
1904 4975 2062 5022 aetate
2093 4980 2187 5035 per

620 5083 1008 5132 sacramentum
1028 5071 1334 5125 Christiana:
1354 5067 1535 5138 gratia:
1566 5063 1800 5119 liberari.
1815 5081 1835 5114 ι

692 5171 745 5222 7.
793 5186 812 5220 ι
873 5167 981 5235 Ego
1009 5162 1222 5232 quidem
1270 5167 1394 5213 ante
1421 5158 1621 5226 aliquot
1669 5167 1839 5208 annos
1865 5167 1988 5206 cum
2017 5147 2181 5205 libros

623 5262 880 5331 quosdam
907 5255 1194 5310 scriberem
1217 5250 1283 5304 de
1315 5249 1472 5304 libero
1501 5247 1708 5300 arbitrio
1727 5287 1740 5310 ,
1770 5244 1858 5314 qui
1901 5243 1954 5296 in
1982 5241 2181 5294 multo-

623 5366 742 5403 rum
768 5361 956 5403 manus
983 5346 1255 5404 exierunt,
1279 5349 1334 5395 et
1365 5340 1434 5410 (ε)
1465 5352 1606 5391 nunc
1650 5335 1914 5388 habentur
1957 5349 1985 5384 a
2020 5331 2188 5400 pluri-

623 5444 754 5504 mis,
819 5447 1045 5509 quatuor
1094 5432 1372 5502 opinioncs
1419 5429 1487 5483 de
1540 5425 1732 5480 anim-.e
1784 5423 2186 5484 incarnatione,

691 5595 755 5660 (rt)
793 5597 978 5646 Erasm.
1020 5607 1076 5643 ac
1118 5591 1335 5642 Martian.
1380 5585 1594 5649 perinde,
1638 5588 1688 5630 et
1721 5593 1830 5626 mox
1873 5575 2071 5626 sentiam
2108 5589 2196 5638 pro

622 5667 966 5783 ιωξῗῗιῦεῐιιιο
987 5716 1209 5783 Martiae.
1235 5718 1354 5783 post
1402 5708 1584 5779 Erasm.
1683 5713 1784 5783 “non
1809 5704 2198 5783 tenspeiﬂrlltl‘tao-

627 5765 770 5832 meis'i
792 5765 967 5842 iwn'ipsa
992 5765 1270 5842 Augustipi:
1291 5771 1578 5842 recensioup
1615 5765 1883 5842 lil‘aSIlllzilel
1905 5766 2195 5842 tenspcrnat.

795 5821 1211 5900 iiidii'iiiiiié‘md
1235 5833 1418 5882 Erasm.
1445 5838 1496 5880 et
1529 5828 1728 5877 Martiau
1749 5821 2073 5870 desiderat-ur.

1841 390 2078 448 SANCTI
2121 386 2497 443 lllERONYlll

2254 499 2442 555 Utrum
2466 517 2532 556 ex
2559 500 2648 556 illa
2673 515 2775 555 una
2797 542 2812 568 ,
2842 517 2959 573 quze
2989 502 3164 574 primo
3187 501 3390 558 homini
3418 503 3542 560 data
3568 514 3692 571 est,
3717 523 3823 565 ca:-

2257 605 2384 650 terre
2441 602 2837 664 propagentur,
2893 597 2972 650 An
3028 597 3252 666 singulis
3309 597 3616 668 quibusque
3677 615 3826 657 nova:

2255 687 2415 740 etiam
2465 684 2624 738 modo
2657 685 2781 738 fiant
2812 703 2824 738 :
2855 685 2933 738 An
2962 685 3155 740 alicubi
3203 685 3314 754 jam
3344 688 3705 754 exsistentes,
3737 692 3823 747 vel

2257 777 2536 831 mittantur
2557 775 2844 840 divinitus,
2877 775 2957 830 vel
2986 784 3176 846 sponte
3203 776 3450 832 labantur
3491 778 3545 832 in
3575 793 3823 850 corpora;

2259 871 2328 923 ita
2383 869 2558 937 putavi
2589 883 2711 923 esse
2756 868 3093 932 tractandas,
3130 877 3189 923 ut
3213 869 3674 939 quazlibetearum
3702 888 3822 927 vera

2257 969 2430 1025 esset,
2460 975 2564 1014 non
2608 959 2891 1029 impediret
2919 959 3264 1015 intentionem
3295 977 3501 1026 meam,
3553 977 3660 1032 qua
3704 973 3824 1019 tunc

2259 1051 2517 1104 adversus
2563 1066 2656 1106 eos
2701 1051 2912 1120 quantis
2944 1061 3182 1119 poteram
3213 1050 3418 1105 viribus
3451 1053 3710 1122 agebam,
3740 1055 3826 1123 qui

2259 1149 2500 1193 naturam
2524 1140 2646 1193 mali
2678 1154 2776 1194 suo
2796 1139 3056 1208 principio
3100 1138 3178 1211 (ά)
3204 1139 3518 1210 praeditam,
3575 1140 3830 1197 adversus

2265 1229 2426 1282 Deum
2453 1239 2713 1283 conantur
2742 1229 3031 1298 inducere,
3061 1231 3113 1284 id
3148 1237 3231 1285 est
3255 1239 3444 1286 contra
3482 1231 3826 1287 Manichaeos.

2261 1319 2388 1372 Nam
2437 1318 2504 1373 de
2560 1319 2978 1374 Priscillianistis
3031 1319 3205 1375 adhuc
3253 1321 3382 1375 nihil
3410 1321 3828 1394 audieram,qui

2262 1424 2366 1463 non
2395 1410 2613 1462 multum
2652 1410 2718 1462 ab
2743 1409 2857 1464 istis
2884 1409 3170 1463 dissimiles
3199 1410 3558 1480 blasphemias
3588 1411 3827 1468 fabulan-

2263 1508 2368 1552 tur.
2414 1497 2538 1553 ldeo
2563 1500 2800 1569 quintam
2831 1499 3135 1572 opinionem
3164 1514 3271 1554 non
3315 1500 3534 1568 addidi,
3584 1517 3743 1570 quam
3776 1504 3828 1558 in

2265 1601 2349 1644 tua
2369 1591 2590 1661 epistola
2615 1593 2753 1647 inter
2768 1600 2991 1647 cmteras
3012 1594 3447 1648 commemorasti
3469 1636 3484 1662 ,
3510 1609 3579 1650 ne
3600 1595 3828 1666 aliquam

2274 1684 2610 1752 prwterires,
2648 1683 2735 1737 ubi
2774 1684 3070 1752 quaestione
3111 1685 3462 1755 interroganti
3509 1689 3830 1758 rescripsisti

2276 1772 2538 1843 religiosa:
2591 1775 2862 1830 memoria:
2913 1774 3346 1847 viro,nobisque
3374 1777 3425 1831 in
3471 1777 3672 1833 Christi
3699 1782 3832 1835 cari-

2267 1870 2374 1918 tate
2405 1864 2710 1934 gratissimo
2737 1864 3046 1919 Marcellino
3069 1908 3083 1932 ,
3111 1868 3251 1936 quod
3279 1868 3456 1922 anima
3504 1868 3574 1938 (ε)
3617 1887 3722 1924 non
3764 1873 3829 1927 sit

2267 1969 2390 2024 pars
2417 1954 2529 2008 Dei.
2553 1954 2732 2010 Primo
2755 1996 2770 2022 ,
2799 1956 2921 2026 quia
2947 1971 3050 2010 non
3073 1955 3140 2012 de
3171 1957 3536 2014 incarnatione
3563 1961 3680 2030 ejus
3701 2003 3718 2028 ,
3740 1964 3829 2018 sed

2263 2045 2334 2099 de
2361 2054 2548 2100 natura
2569 2048 2846 2116 quieritur,
2877 2063 2996 2102 cum
3026 2047 3129 2103 hoc
3173 2051 3446 2118 quan'itur.
3484 2053 3687 2109 Deinde
3714 2059 3829 2125 quia

2269 2136 2370 2190 hoc
2392 2138 2631 2192 sentiunt
2673 2137 2746 2193 illi
2794 2148 2978 2194 contra
2999 2153 3134 2209 quos
3161 2141 3410 2210 agebam.
3440 2151 3496 2198 et
3522 2143 3576 2198 id
3607 2146 3829 2202 maxime

2267 2228 2524 2298 agebam,
2572 2237 2629 2282 ut
2654 2228 3324 2301 Creatorisinculpabilem
3365 2232 3832 2305 inviolabilemqne

2269 2328 2511 2372 naturam
2558 2333 2588 2373 a
2615 2331 2877 2374 creaturze
2903 2320 3045 2376 vitiis
3069 2331 3122 2377 et
3149 2321 3269 2378 labe
3309 2338 3687 2388 secernerem,
3714 2341 3830 2380 cum

2271 2411 2347 2464 illi
2379 2428 2407 2465 a
2438 2411 2731 2466 substantia
2762 2413 2919 2478 ntali,
2939 2413 3022 2467 cui
3051 2415 3320 2484 proprium
3345 2416 3661 2485 principium
3693 2419 3830 2487 prin-

2269 2505 2520 2576 cipesque
2544 2505 2815 2571 tribuunt,
2858 2508 3027 2576 ipsam
3075 2507 3200 2561 boni
3248 2508 3339 2562 Dei
3384 2508 3743 2564 substantiam
3769 2525 3831 2565 ex

2271 2607 2420 2668 parte
2439 2641 2454 2665 ,
2475 2615 2578 2668 qua
2605 2609 2758 2670 capta
2790 2599 2865 2671 (f)
2889 2608 2974 2655 est
2995 2611 3301 2671 corruptam
3331 2612 3385 2657 et
3409 2619 3721 2673 oppressam
3740 2645 3754 2669 ,
3783 2615 3835 2660 et

2270 2693 2336 2747 ad
2360 2693 2612 2762 peccandi
2636 2696 3006 2750 necessitatem
3028 2696 3334 2765 perductam
3359 2711 3478 2751 esse
3489 2698 3832 2752 contendunt.

2273 2785 2384 2840 lloc
2412 2786 2590 2856 itaque
2633 2796 2858 2856 excepto
2914 2787 3178 2841 haeretica:
3205 2787 3470 2856 opinionis
3512 2802 3730 2850 errore,
3768 2804 3833 2842 es

2272 2888 2500 2948 quatuor
2548 2879 2767 2949 reliquis
2815 2878 3154 2947 opinionibus
3207 2893 3448 2948 quamam
3493 2879 3565 2934 sit
3602 2879 3834 2950 eligenda

2273 2971 2412 3024 scire
2435 2969 2705 3024 desidero.
2739 2969 3100 3039 Quareumque
3124 2971 3265 3024 enim
3297 2969 3541 3038 eligenda
3565 2979 3650 3025 est
3666 3011 3682 3034 ,
3708 2971 3838 3023 absit

2273 3071 2332 3114 ut
2353 3062 2625 3130 impugnet
2655 3061 2787 3115 hanc
2825 3059 2980 3114 fidem
3005 3099 3021 3124 ,
3075 3059 3142 3114 de
3169 3074 3268 3130 qua
3296 3060 3427 3114 certi
3467 3074 3683 3124 sumus,
3730 3075 3837 3114 oni-

2274 3153 2326 3205 ni
2345 3153 2534 3206 anima:
2554 3153 2711 3206 etiam
2731 3152 2931 3221 parvuli
2956 3151 3169 3206 infantis
3187 3151 3545 3207 necessariam
3567 3166 3689 3207 esse
3715 3153 3837 3207 libe-

2275 3243 2533 3297 rationem
2578 3258 2644 3298 ex
2686 3244 3011 3313 obligatione
3063 3242 3306 3312 peccati,
3355 3257 3585 3312 eamque
3639 3243 3835 3298 nullam

2275 3351 2396 3390 esse
2425 3334 2524 3390 nisi
2551 3349 2648 3405 per
2675 3333 2858 3390 Jesum
2887 3333 3247 3396 Christum,et
3277 3335 3417 3388 hunc
3445 3333 3774 3388 crucifixum.
3815 3351 3833 3386 ι

2347 3429 2400 3484 8.
2431 3447 2450 3479 ι
2472 3429 2703 3483 Ριιοιιωε
2727 3443 2793 3482 ne
2820 3427 3034 3496 longum
3065 3425 3338 3488 faciamus,
3365 3425 3466 3480 hoc
3489 3437 3639 3481 certe
3660 3426 3837 3490 sentis,

2276 3520 2418 3592 quod
2474 3519 2710 3591 singulas
2759 3517 2964 3572 animas
3013 3517 3239 3586 singulis
3297 3517 3642 3571 nascentibus
3689 3517 3839 3571 etiam

2278 3612 2438 3666 modo
2468 3612 2606 3665 Deus
2637 3610 2812 3665 faciat.
2845 3608 2939 3664 Cui
2974 3608 3252 3662 sententiae
3278 3621 3346 3662 ne
3375 3606 3684 3676 objiciatur,
3707 3607 3840 3676 quod

2278 3718 2463 3756 omnes
2493 3710 2765 3756 creaturas
2793 3708 2946 3754 sexto
2990 3698 3076 3752 die
3104 3697 3553 3752 Consummaverit
3588 3697 3763 3762 Deus,
3793 3707 3842 3752 et

2279 3795 2505 3860 septimo
2544 3793 2632 3846 die
2676 3788 3287 3861 requieverit,'adhibes
3345 3788 3553 3860 1003
3611 3789 3842 3843 testimo-

2281 3891 2425 3939 nium
2455 3900 2519 3936 (τι
2547 3883 2832 3952 Evangelio
2855 3922 2868 3944 ,
2901 3879 3058 3934 Pater
3083 3896 3224 3934 meus
3249 3895 3404 3948 usque
3429 3895 3564 3932 nunc
3609 3890 3842 3948 operatur

2282 3976 2460 4047 (Joan.
2483 3977 2536 4029 5.
2560 3972 2647 4042 l7)
2673 3992 2685 4026 :
2711 3975 2786 4044 (g)
2813 3973 2900 4029 Sic
2924 3973 3068 4027 enim
3087 3971 3152 4026 ad
3182 3970 3544 4025 Marcellinum
3567 3969 3840 4040 scripsisti:

2283 4069 2334 4122 in
2355 4082 2459 4138 qua
2479 4065 2702 4136 epistola
2719 4064 2878 4119 etiam
2907 4063 3010 4117 mei
3033 4062 3599 4116 commemoratimiem
3621 4060 3845 4114 benevo-

2284 4160 2576 4215 lentissime
2598 4157 2773 4212 facere
2798 4156 3045 4225 dignatus
3076 4169 3165 4216 es,
3196 4155 3336 4223 quod
3365 4151 3450 4206 hic
3501 4167 3586 4206 me
3633 4150 3847 4204 haberet

2285 4253 2335 4307 in
2367 4251 2579 4314 Africa,
2629 4265 2717 4320 qui
2760 4249 2808 4303 ei
2863 4247 3030 4317 ipsam
3064 4245 3271 4300 facilius
3323 4258 3536 4315 possem
3584 4243 3846 4312 explicare

2285 4343 2620 4398 sententiam.
2662 4339 2811 4408 Quod
2847 4341 2891 4394 si
2915 4337 3206 4408 potuissem
3229 4377 3244 4402 ,
3275 4351 3379 4388 non
3431 4334 3522 4389 ille
3547 4334 3649 4388 hoc
3677 4333 3771 4387 abs
3800 4341 3847 4384 te

2286 4446 2392 4490 tam
2442 4435 2598 4502 longe
2642 4433 2816 4502 posito
2860 4430 3183 4501 inquireret;
3242 4427 3287 4481 si
3339 4434 3518 4482 tamen
3547 4425 3599 4480 id
3643 4424 3733 4478 tibi
3788 4437 3848 4475 ex

2289 4527 2467 4583 Africa
2495 4525 2727 4594 scripsit.
2761 4521 2889 4577 Nam
2914 4520 3126 4592 quando
3164 4519 3440 4590 scripserit
3485 4518 3701 4576 nescio;
3730 4529 3840 4571 tan-

2289 4630 2398 4674 tum
2422 4618 2535 4672 scio
2559 4613 2700 4686 quod
2728 4614 2794 4669 de
2826 4614 2926 4669 hoc
2954 4613 3091 4669 bene
3133 4609 3444 4680 cognoverit
3464 4609 3849 4664 cunctationem

2290 4724 2492 4763 meam:
2524 4704 2664 4761 unde
2689 4703 3089 4759 meinconsulto
3112 4702 3284 4755 facere
3312 4700 3498 4756 voluit.
3544 4700 3849 4768 Quanquam

2291 4802 2450 4855 etiam
2479 4801 2521 4851 si
2538 4798 2843 4852 consuleret
2863 4835 2877 4860 ,
2910 4796 3076 4865 magis
3107 4794 3373 4856 hortarer,
3420 4801 3473 4845 et
3503 4791 3700 4858 gratias
3739 4802 3854 4858 age-

2294 4909 2404 4947 rem
2457 4889 2595 4960 quod
2638 4885 2790 4943 nobis
2834 4886 3085 4939 omnibus
3127 4881 3372 4937 conferre
3403 4889 3620 4947 posset,
3672 4879 3771 4931 nisi
3804 4887 3854 4929 tu

2293 4984 2523 5038 breviter
2589 4979 2920 5044 rescribere,
2971 4991 3129 5046 quam
3179 4971 3503 5042 respondere
3561 4971 3854 5026 maluisses.

2305 5156 2310 5160 ι
2343 5136 2426 5210 la)
2465 5136 2520 5184 In
2541 5130 2827 5183 Lovaniensi
2849 5129 3082 5187 editione,
3105 5126 3380 5176 notantibus
3391 5123 3746 5186 Benedicu'nis,
3764 5125 3864 5173 erat

2292 5202 2680 5364 edi2‘;"'l\.'e'g:intli
2719 5251 3022 5316 particulam,
3057 5263 3199 5312 quam
3243 5247 3355 5295 editi
3401 5260 3512 5295 cum
3554 5246 3864 5294 Ambrosiam

2294 5323 2381 5364 ιτς-
2431 5335 2527 5364 nrze
2550 5323 2723 5364 erunt.
2758 5316 3054 5361 restituimus
3097 5325 3122 5358 a
3166 5309 3500 5358 Benedictinis
3543 5315 3863 5364 expunctam;

2294 5309 2381 5372 Ms‘.
2407 5309 2691 5380 'przel‘ei-unt
2710 5309 2732 5373 ,’
2758 5316 3054 5380 restituimus
3075 5309 3139 5380 Ἀ
3166 5309 3502 5380 Benedictinis
3543 5315 3863 5380 iniunctam;

2296 5367 2515 5432 ἧῖιῖιὶιηῖιιη
2563 5376 2682 5425 istud
2711 5367 3044 5436 rescripserat
3083 5371 3403 5436 Hieronymus
3444 5369 3504 5416 ad
3544 5367 3868 5436 Marcellinum

2294 5427 2458 5496 contra
2485 5439 2845 5490 Manicbzeorum
2867 5427 3175 5492 sententiam,
3201 5427 3405 5478 animam
3444 5439 3634 5490 partem
3663 5427 3756 5476 Dei
3782 5440 3869 5476 non

2299 5516 2410 5555 (3538
2418 5541 2428 5550 .

2381 5567 2434 5626 f)
2470 5563 2569 5612 Sex
2595 5561 2707 5626 Mss.
2733 5559 2853 5620 apud
2875 5556 3231 5626 Benedictinos,
3250 5557 3516 5626 (μαρτυρίᾳ
3539 5557 3633 5626 est,
3655 5555 3753 5598 etc.

2385 5568 2409 5626 f
2470 5567 2569 5612 Sex
2595 5567 2707 5610 Mss.
2733 5567 2853 5620 apud
2875 5567 3231 5610 liciiedlctmos,
3250 5567 3516 5612 σαρξί-(τρια
3539 5567 3629 5607 εει,
3655 5567 3753 5598 etc.

2385 5567 2434 5689 qi
2471 5626 2611 5672 Addit
2637 5621 2850 5689 Martiali.
2877 5628 2981 5689 post
3003 5617 3183 5689 lirasm.
3209 5622 3265 5689 et
3299 5626 3384 5689 ego
3408 5611 3875 5689 gierociqnaqui;

2301 5669 2888 5738 deiii’eiii-nnaccessione'
2911 5679 3111 5727 affertur
3148 5675 3281 5724 locus
3315 5669 3362 5738 i'n
3408 5669 3876 5738 Hieronyniiana‘ad

2281 5733 2629 5800 Marcellinum
2675 5741 2873 5806 epistola
2920 5742 3021 5790 126.
3068 5751 3210 5801 quam
3254 5733 3394 5784 modo
3437 5733 3675 5794 exjeiidit
3718 5734 3879 5794 Augu-

2305 5818 2475 5864 stilus.
