4080 6340
315 425 449 482 "29

303 540 478 596 Credo
503 554 570 594 ne
595 537 858 612 superfluo
882 538 1154 593 laborares
1175 579 1190 604 ,
1215 537 1303 593 ubi
1341 550 1439 608 ego
1471 549 1646 591 essem
1665 577 1682 602 ,
1705 550 1864 605 quem

312 631 529 701 putabas
573 629 625 685 id
655 631 851 700 optime
892 629 1032 684 scire
1051 671 1068 692 ,
1095 628 1237 700 quod
1261 629 1348 683 ille
1373 629 1712 698 quaesiverat.
1733 627 1870 680 Ecce

308 721 429 774 volo
475 729 533 773 ut
587 719 674 772 illa
729 718 994 776 sententia
1036 719 1197 775 etiam
1239 733 1356 772 mea
1386 718 1486 783 sit,
1511 716 1604 771 sed
1630 715 1865 770 nondum

306 827 427 866 esse
451 813 732 866 confirmo.
750 830 769 862 ο

382 902 435 956 9.
465 921 484 954 ‹
517 902 701 958 Misisti
721 903 787 956 ad
821 919 905 957 me
924 902 1245 974 discipulos,
1279 912 1336 958 ut
1365 917 1425 957 ea
1455 903 1670 959 doceam
1693 942 1709 967 ,
1756 917 1875 974 qua)

309 993 547 1048 nondum
571 995 683 1064 ipse
705 994 885 1049 didici.
909 995 1048 1050 Doce
1068 1010 1195 1065 ergo
1217 994 1359 1065 quod
1385 993 1630 1050 doceam.
1661 993 1792 1049 Nam
1817 1002 1879 1048 ut

307 1087 529 1142 doceam
550 1127 566 1152 ,
600 1087 751 1141 multi
781 1103 808 1140 a
838 1103 922 1142 me
953 1087 1224 1156 flagitant,
1271 1088 1453 1157 eisque
1486 1104 1573 1144 me
1604 1088 1745 1142 sicut
1771 1087 1876 1142 alia

309 1179 476 1234 multa
500 1219 516 1244 ,
541 1185 596 1232 et
620 1178 719 1234 hoc
752 1180 991 1248 ignorare
1018 1180 1296 1234 confiteor.
1330 1178 1399 1233 Et
1425 1178 1656 1234 fortasse
1685 1193 1874 1247 quanto

309 1267 389 1320 vis
408 1267 458 1320 in
482 1280 542 1320 os
565 1282 738 1321 meum
752 1269 1195 1334 verecundentur,
1223 1279 1395 1323 tamen
1415 1267 1552 1338 apud
1578 1284 1636 1323 se
1655 1268 1877 1334 dicunt,

312 1355 391 1411 Tu
416 1373 468 1411 es
499 1356 744 1428 Magister
759 1359 810 1411 in
838 1357 1031 1424 Israel,
1056 1367 1103 1413 et
1123 1360 1231 1413 haec
1252 1361 1482 1430 ignoras?
1499 1357 1674 1430 (Joan.
1690 1359 1876 1427 5.10).

307 1447 464 1515 Quod
492 1447 708 1516 quidem
740 1448 994 1503 Dominus
1037 1450 1084 1503 ei
1107 1449 1278 1514 dixit,
1302 1449 1392 1519 qui
1418 1457 1534 1504 erat
1581 1464 1718 1502 unus
1761 1449 1878 1502 illo-

309 1553 428 1592 rum
449 1581 467 1605 ,
499 1539 641 1609 quod
669 1540 965 1596 delectabat
991 1543 1166 1596 vocari
1193 1543 1384 1598 Rabbi.
1427 1541 1582 1598 Unde
1607 1543 1766 1597 etiam
1811 1541 1878 1597 ad

313 1645 499 1686 verum
526 1631 836 1700 magistrum
868 1642 1021 1686 nocte
1047 1643 1296 1697 venerat,
1336 1635 1460 1704 quia
1491 1633 1734 1687 fortassis
1759 1649 1878 1687 eru-

311 1717 567 1774 bescebat
587 1721 792 1775 discere
812 1762 826 1785 ,
851 1723 937 1792 qui
969 1722 1162 1778 docere
1199 1732 1567 1778 consueverat.
1596 1723 1678 1778 Me
1702 1733 1878 1777 autem

319 1812 498 1880 potius
521 1812 828 1881 magistrum
857 1813 1038 1868 audire
1056 1855 1070 1877 ,
1101 1829 1257 1882 quam
1279 1814 1424 1866 velut
1446 1814 1759 1881 magistrmn
1788 1812 1881 1866 de-

322 1901 487 1956 lectat
534 1903 726 1956 audiri.
773 1902 971 1956 Recolo
1007 1904 1151 1958 enim
1203 1904 1326 1974 quid
1373 1903 1564 1959 dixerit
1601 1905 1717 1970 eis,
1748 1919 1882 1972 quos

313 2004 429 2060 pra:
447 1993 656 2047 creteris
672 1993 865 2062 elegit:
905 1993 1000 2048 Vos
1028 2005 1194 2047 autem
1218 2035 1232 2059 ,
1277 1994 1481 2063 inquit,
1515 1995 1670 2047 nolite
1715 1993 1883 2047 vocari

311 2083 384 2137 ab
407 2083 690 2138 hominibus
736 2084 897 2139 Rabbi
924 2101 943 2140 :
972 2103 1100 2140 unus
1153 2095 1224 2139 est
1252 2088 1386 2140 enim
1415 2086 1653 2156 magister
1686 2095 1844 2138 vester
1863 2123 1879 2149 ,

313 2175 548 2232 Christus
568 2175 781 2246 (Matth.
805 2179 899 2232 23.
929 2179 1009 2246 8).
1036 2180 1116 2248 (a)
1143 2178 1250 2233 Nec
1291 2179 1424 2232 alius
1448 2178 1630 2234 docuit
1666 2179 1882 2249 Moysen

311 2271 477 2323 etiam
530 2285 626 2339 per
667 2269 848 2336 Jetro,
903 2285 1000 2323 nec
1053 2271 1190 2323 alius
1240 2269 1546 2326 Cornelium
1574 2271 1739 2326 etiam
1791 2287 1886 2341 per

312 2359 546 2428 priorem
575 2357 816 2423 Petrum,
849 2374 946 2413 nec
967 2360 1098 2413 alius
1125 2360 1339 2414 Petrum
1378 2362 1536 2416 etiam
1571 2378 1662 2431 per
1687 2373 1880 2431 poste-

313 2447 514 2501 riorem
535 2447 772 2501 Paulum.
791 2450 830 2502 A
847 2465 1180 2520 quocumque
1197 2452 1338 2504 enim
1355 2467 1534 2506 verum
1553 2452 1643 2506 illo
1657 2453 1889 2508 donante

311 2535 513 2589 dicitur
536 2575 550 2597 ,
605 2536 692 2607 qui
733 2548 814 2592 est
840 2539 949 2608 ipsa
971 2541 1178 2594 veritas.
1221 2541 1371 2607 Quod
1389 2543 1432 2596 si
1456 2542 1575 2596 ideo
1593 2542 1767 2598 adhuc
1789 2544 1885 2599 iSIa

321 2626 618 2686 nescimus,
643 2636 696 2680 ct
715 2643 776 2681 ca
807 2645 977 2698 neque
1003 2631 1206 2684 orando
1226 2671 1241 2697 ,
1259 2647 1430 2702 neque
1453 2631 1698 2702 legendo,
1718 2649 1887 2704 neque

314 2715 604 2784 cogitando
625 2727 677 2770 et
701 2719 1064 2774 ratiocinando
1087 2721 1322 2776 invenire
1342 2715 1612 2792 potuimus
1630 2764 1646 2790 ,
1680 2733 1736 2778 ut
1762 2739 1888 2794 pro-

319 2805 515 2860 bemus
535 2823 642 2862 non
661 2808 832 2864 solum
860 2810 1102 2866 indoctos
1119 2823 1312 2882 quanta
1335 2815 1556 2870 caritate
1579 2815 1887 2884 doceamus,

315 2908 506 2950 verum
556 2913 587 2953 a
609 2900 780 2956 doctis
804 2901 962 2958 etiam
983 2913 1175 2974 quanta
1199 2903 1492 2960 humilitate
1517 2906 1826 2962 discamus?
1861 2927 1882 2961 ι

399 2991 486 3044 10.
532 3007 553 3042 ι
610 2991 748 3047 Doce
789 3009 952 3064 ergo,
999 3011 1216 3064 quaso,
1269 2999 1408 3067 quod
1455 2998 1713 3066 doceam,
1757 3001 1890 3057 doce

314 3083 466 3151 quod
508 3091 712 3138 teneam
735 3126 750 3147 ,
797 3096 852 3140 et
902 3087 987 3141 dic
1019 3089 1184 3155 mihi,
1215 3091 1259 3146 si
1286 3092 1474 3146 animm
1503 3094 1806 3163 singillatim
1836 3096 1886 3149 in

313 3173 546 3241 singulis
568 3172 642 3243 (ὁ)
668 3173 932 3246 hodieque
955 3180 1326 3247 nascentibus,
1360 3184 1526 3247 fiunt.
1559 3185 1644 3238 ubi
1687 3185 1737 3238 in
1771 3201 1888 3254 par-

314 3266 459 3318 vulis
507 3278 755 3336 peccent,
807 3281 860 3323 ut
890 3270 1165 3342 indigeant
1213 3274 1262 3326 in
1315 3286 1652 3334 sacramento
1689 3276 1886 3334 ChriSIi

313 3356 640 3413 remissione
670 3363 905 3430 peccati,
934 3375 1215 3434 peccantes
1241 3366 1293 3419 in
1316 3366 1518 3433 Adam,
1545 3385 1615 3424 ex
1635 3386 1740 3439 quo
1763 3385 1890 3428 caro

310 3456 406 3499 est
435 3459 714 3518 propagata
795 3452 1004 3523 1004
1075 3457 1276 3523 peccati
1297 3475 1310 3509 :
1331 3468 1420 3511 aut
1447 3459 1490 3512 si
1514 3474 1618 3513 non
1646 3470 1889 3530 peccant,

311 3554 425 3607 qua
449 3538 652 3607 jostitia
677 3539 949 3597 Creatoris
981 3547 1050 3598 ita
1085 3558 1303 3614 peccato
1329 3549 1632 3618 obligantur
1675 3552 1888 3618 alieno,

311 3644 444 3682 cum
466 3629 660 3685 exinde
683 3634 980 3701 propagatis
1013 3634 1264 3688 membris
1290 3638 1603 3692 mortalibus
1645 3640 1887 3694 inserun-

316 3729 432 3779 tur,
459 3729 514 3772 ut
538 3735 664 3785 eas,
715 3721 816 3775 nisi
849 3737 942 3790 per
973 3723 1264 3778 Ecclesium
1314 3726 1638 3781 subventum
1691 3729 1886 3795 fuerit,

311 3809 596 3863 damnatio
627 3822 1012 3881 consequatur;
1038 3829 1157 3868 cum
1184 3813 1238 3868 in
1276 3829 1459 3869 earum
1493 3826 1756 3885 potestate
1783 3834 1887 3872 non

313 3900 396 3951 sit
413 3939 428 3960 ,
453 3907 510 3952 ut
537 3899 613 3953 eis
637 3900 802 3970 possit
827 3902 995 3970 gratia
1018 3902 1264 3971 baptismi
1285 3905 1577 3960 subveniri.
1597 3906 1699 3961 Tot
1728 3907 1890 3977 igitur

315 3990 621 4046 animarum
651 3993 813 4046 millia
836 4034 851 4059 ,
876 4009 994 4062 qua:
1032 3993 1082 4047 in
1109 3995 1367 4050 mortibus
1403 3997 1744 4066 parvulorum
1775 3999 1892 4054 sine

319 4081 655 4152 indulgentia
675 4082 963 4139 Christiani
993 4085 1314 4142 sacramenti
1360 4085 1428 4140 de
1453 4087 1771 4156 corporibus
1795 4104 1890 4143 ex-

314 4183 453 4228 eunt
472 4215 489 4239 ,
517 4189 617 4243 qua
645 4175 895 4245 aequitate
928 4175 1280 4245 damnantur,
1309 4177 1380 4251 (c)
1414 4178 1460 4232 si
1493 4194 1645 4234 nova:
1664 4191 1890 4250 creatae,

318 4266 476 4322 nullo
507 4282 604 4320 suo
639 4268 970 4338 praecedente
998 4279 1218 4340 peccato
1238 4310 1254 4335 ,
1287 4263 1380 4325 sed
1429 4269 1700 4327 voluntate
1728 4272 1890 4329 Crea-

319 4357 456 4410 toris
479 4358 701 4429 singnlze
742 4359 962 4428 singulis
991 4361 1332 4414 nascentibus
1360 4360 1705 4418 adhmserunt
1725 4404 1738 4428 ,
1769 4364 1891 4434 qui-

323 4447 429 4500 bus
470 4463 561 4502 eas
606 4449 905 4504 animandis
955 4451 1045 4506 ille
1069 4453 1272 4507 creavit
1301 4462 1356 4508 et
1399 4452 1576 4520 dedit,
1603 4456 1894 4526 quiutique

323 4549 584 4604 noverat,
634 4541 772 4610 quod
819 4557 1151 4611 unaquthue
1197 4559 1381 4599 earum
1428 4545 1571 4600 nulla
1615 4562 1708 4620 sua
1737 4548 1892 4618 culpa

322 4630 443 4682 sine
495 4629 756 4697 baptismo
807 4630 1004 4685 Christi
1052 4631 1120 4687 de
1175 4650 1400 4704 corpore
1451 4637 1620 4691 fuerat
1648 4639 1894 4694 exitura?

323 4721 588 4787 Quoniam
615 4720 774 4791 igitur
801 4736 969 4791 neque
989 4721 1057 4776 de
1085 4724 1194 4778 Deo
1220 4741 1503 4795 possumus
1519 4727 1698 4784 dicere
1714 4770 1728 4793 ,
1751 4731 1894 4799 quod

328 4815 414 4869 vel
431 4825 586 4885 cogat
603 4805 806 4870 animas
827 4815 943 4870 fieri
965 4822 1309 4886 peccatrices,
1331 4821 1415 4874 vel
1436 4823 1620 4890 puniat
1641 4823 1896 4880 innocen-

327 4915 443 4968 tes;
472 4921 642 4976 neque
660 4922 852 4977 negare
879 4905 958 4962 fas
982 4908 1134 4962 nobis
1158 4916 1240 4964 est
1263 4951 1279 4976 ,
1317 4923 1408 4964 eas
1431 4926 1548 4978 qua:
1568 4912 1683 4970 sine
1701 4913 1894 4970 Christi

329 5005 669 5053 sacramento
715 4997 785 5053 de
811 4999 1125 5068 corporibus
1162 5000 1426 5068 exierint,
1450 5001 1609 5056 etiam
1642 5006 1894 5072 parvulo-

331 5106 449 5145 rum
475 5131 491 5154 ,
522 5104 626 5144 non
669 5090 771 5145 nisi
816 5091 866 5144 in
896 5091 1292 5148 damnationem
1345 5093 1484 5149 trahi
1515 5113 1528 5150 :
1557 5096 1781 5152 obsecro
1812 5110 1892 5165 te,

331 5182 600 5252 quomodo
622 5181 736 5236 haec
761 5182 941 5251 opinio
968 5182 1293 5253 defenditur,
1340 5201 1442 5257 qua
1467 5187 1756 5244 creduntur
1782 5192 1899 5244 ani-

334 5289 436 5328 mte
467 5289 570 5327 non
598 5289 663 5327 ex
708 5273 797 5328 illa
823 5290 924 5328 una
967 5274 1119 5344 primi
1150 5275 1380 5332 hominis
1407 5277 1521 5334 fieri
1551 5296 1758 5349 omnes,
1800 5283 1894 5338 sed

331 5367 474 5419 sicut
503 5366 589 5419 illa
613 5379 716 5418 una
749 5367 836 5419 uni
855 5405 872 5432 ,
902 5366 970 5420 ita
998 5365 1220 5436 singulis
1249 5368 1509 5438 singulae?
1534 5390 1552 5423 ι

407 5457 498 5510 Η.
545 5474 564 5507 ι
598 5455 670 5509 Ea
701 5471 828 5510 vero
865 5471 982 5525 quae
1011 5455 1261 5510 dicuntur
1290 5460 1390 5512 alia
1413 5474 1596 5517 contra
1624 5464 1760 5521 hanc
1778 5467 1895 5535 opi-

391 5589 456 5656 {al
497 5591 630 5656 Idem
653 5592 967 5656 cumiErasm.
992 5593 1123 5642 addit
1143 5601 1298 5653 Jcsus,
1321 5608 1429 5644 mox
1453 5597 1595 5648 etiam
1617 5600 1896 5651 adverbium

328 5653 604 5724 νήφοιῳο
626 5655 816 5724 omittit.
1002 5715 1082 5724 in
1144 5716 1172 5724 __
1288 5715 1298 5724 ‘
1364 5717 1392 5724 υ
1455 5686 1457 5688 -

411 5715 461 5781 b)
497 5717 651 5781 Abest
672 5717 732 5763 ab
753 5715 947 5781 Erasm.
965 5723 1016 5781 et
1037 5715 1255 5781 Martian.
1279 5715 1527 5781 hodieque.

411 5716 439 5764 ὁ
497 5717 651 5765 Abest
672 5717 732 5763 ab
753 5716 937 5764 Erasm.
965 5723 1016 5765 et
1037 5716 1255 5764 Martian.
1279 5716 1527 5781 hod.'eque.

390 5716 461 5838 ἱσῖ
501 5777 735 5827 Adnotant
767 5778 1070 5827 ltotiedictini
1104 5780 1153 5825 in
1201 5777 1312 5827 Mss.
1353 5793 1446 5830 non
1485 5783 1646 5844 paucis
1691 5785 1896 5834 inveniri

324 5833 422 5889 sive
442 5833 576 5888 ὶιοιίε
597 5847 848 5890 Ct'cattttw.

1634 417 1956 477 EPISTOLA
1991 417 2205 500 CXXX‘

3404 436 3539 492 H30

1977 532 2221 599 nionem,
2273 531 2429 610 facile
2483 546 2613 605 puto
2637 553 2721 594 me
2777 556 2942 611 posse
2972 543 3219 601 refellere
3244 587 3259 614 ,
3292 547 3430 603 sicut
3457 559 3541 604 est

1979 623 2106 679 illud
2127 667 2142 691 ,
2165 641 2273 694 quo
2292 641 2408 682 eam
2427 627 2526 682 sibi
2542 629 2756 698 quidam
2773 634 3018 690 videntur
3037 653 3224 707 urgere
3243 679 3259 705 ,
3277 642 3545 710 quomodo

1977 717 2426 771 consummaverit
2442 719 2578 773 Deus
2590 721 2766 776 omnia
2779 727 2936 792 Opera
2949 740 3042 780 sua
3053 739 3205 782 sexto
3217 729 3376 794 die,e:
3393 733 3549 802 septi-

1981 820 2071 858 mo
2091 807 2412 875 requieverit
2442 809 2588 881 (Gen.
2636 811 2691 866 2.
2720 812 2802 884 Ξ),
2847 818 2891 868 si
2936 832 3098 872 novas
3125 821 3297 876 adhuc
3343 823 3548 877 animas

1980 897 2168 950 creat?
2215 897 2417 965 Quibus
2463 902 2507 954 si
2551 901 2847 958 dixerimus
2892 908 3030 976 quod
3061 925 3125 964 ex
3169 911 3457 983 Evangelio
3485 915 3540 969 in

1979 991 2302 1059 supradicta
2327 993 2550 1062 epistola
2576 995 2837 1065 posuisti,
2868 995 3026 1053 Pater
3054 1018 3192 1056 meus
3223 1021 3380 1072 usque
3408 1022 3544 1059 nunc

1978 1089 2215 1148 operatur
2238 1081 2414 1152 (Joau.
2443 1084 2604 1153 5.17)
2628 1101 2645 1138 :
2669 1087 3029 1156 respondent,
3064 1103 3320 1160 aperatur,
3348 1095 3545 1149 dictum

1977 1176 2062 1220 est
2083 1207 2098 1231 ,
2124 1168 2396 1224 institutas
2423 1171 2872 1240 administrando,
2905 1192 3009 1231 non
3039 1194 3202 1235 novas
3224 1179 3548 1240 instituendo

1981 1265 2230 1323 naturas,
2282 1275 2350 1314 ne
2399 1261 2689 1332 Scriptura:
2735 1265 3007 1323 Geneseos
3033 1271 3428 1327 contradicatur
3460 1275 3549 1330 ubi

1980 1349 2318 1415 apertissime
2340 1351 2531 1422 legitur
2557 1369 2961 1414 consummasse
2986 1360 3150 1414 Deum
3180 1361 3357 1416 omnia
3385 1378 3547 1432 opera

1981 1451 2098 1491 sua.
2148 1437 2278 1492 Nam
2326 1449 2380 1494 et
2431 1443 2570 1510 quod
2615 1461 2737 1499 eum
2783 1451 3042 1518 scriptum
3070 1461 3156 1505 est
3177 1453 3544 1522 requievisse,

1983 1529 2160 1597 utique
2188 1546 2217 1584 a
2245 1533 2493 1588 creandis
2523 1537 2677 1591 nobis
2705 1541 2964 1595 creaturis
3017 1543 3415 1614 intelligendum
3443 1558 3547 1612 est,

1983 1633 2087 1670 non
2134 1635 2165 1674 a
2215 1622 2612 1691 gubernandis;
2663 1627 2784 1693 quia
2835 1637 2960 1684 tunc
2985 1647 3045 1684 ea
3076 1647 3195 1702 qua:
3223 1650 3327 1688 non
3357 1647 3546 1701 erant,

1983 1709 2140 1776 fecit,
2169 1727 2198 1765 a
2225 1713 2414 1782 quibus
2450 1714 2705 1771 faciendis
2743 1720 3002 1789 requievit
3027 1738 3040 1774 :
3065 1724 3186 1792 quia
3213 1739 3553 1781 consumma-

1987 1810 2139 1854 verat
2163 1805 2370 1870 omnia,
2399 1822 2519 1874 qua:
2562 1817 2853 1878 antequam
2902 1821 3113 1878 essent,
3172 1815 3304 1868 vidit
3329 1831 3446 1870 esse
3475 1817 3552 1872 fa-

1984 1889 2171 1944 cienda
2195 1933 2209 1958 ,
2244 1901 2302 1946 ut
2331 1894 2587 1964 deinceps
2637 1913 2740 1952 non
2767 1914 2831 1954 ea
2878 1917 2996 1970 quae
3023 1917 3126 1956 non
3151 1915 3332 1970 erant,
3364 1907 3456 1961 sed
3484 1921 3552 1963 ex

1986 1978 2067 2034 his
2089 1997 2204 2050 qua:
2226 1985 2336 2051 jam
2369 1997 2542 2052 crant,
2563 1998 2776 2043 crearet
2803 1997 2859 2044 et
2907 1993 3108 2048 faceret
3132 1994 3386 2066 quidquid
3410 1997 3553 2054 face-

1985 2078 2086 2124 ret.
2136 2070 2213 2126 lta
2261 2083 2546 2145 utrumque
2577 2093 2762 2132 verum
2791 2094 2914 2135 esse
2943 2092 3294 2150 monstratur,
3329 2097 3383 2142 et
3408 2089 3555 2158 quod

1985 2157 2186 2214 dictum
2239 2171 2358 2230 est,
2403 2164 2662 2235 Requietn't
2690 2166 2752 2220 ab
2791 2171 3021 2238 operibus
3058 2174 3162 2227 suis
3183 2184 3276 2229 :et
3302 2157 3440 2246 quod
3469 2178 3557 2232 di-

1986 2259 2129 2304 etum
2156 2261 2260 2314 est.
2293 2253 2461 2322 Usque
2490 2274 2625 2310 nunc
2641 2273 2918 2328 operatur:
2948 2264 3197 2332 quoniam
3228 2267 3424 2324 Genesi
3447 2285 3554 2325 non

1990 2350 2165 2411 potest
2193 2344 2538 2414 Evangelium
2577 2363 2698 2404 esse
2726 2353 3073 2408 contrarium.
3106 2375 3125 2406 ι

2061 2435 2130 2488 12
2175 2454 2193 2486 ‹
2229 2435 2426 2491 Verum
2469 2439 2550 2494 bis
2577 2442 2666 2511 qui
2701 2441 2816 2497 lucc
2845 2443 2963 2499 ideo
2990 2445 3174 2501 dicunt
3217 2463 3286 2503 ne
3310 2449 3557 2506 credatur

1988 2523 2147 2579 modo
2175 2525 2336 2593 Deus,
2360 2527 2496 2582 sicut
2525 2528 2666 2582 illam
2691 2547 2850 2586 unam
2875 2548 3043 2589 novas
3063 2535 3287 2602 animas,
3307 2554 3426 2608 quae
3441 2557 3552 2596 non

1987 2624 2158 2682 erant,
2181 2617 2374 2684 facere;
2392 2621 2485 2673 sed
2552 2622 2757 2694 1005
2812 2640 2875 2679 ex
2900 2626 2988 2680 illa
3011 2643 3134 2694 una,
3154 2631 3392 2699 qu'mjam
3415 2644 3555 2700 erat,

1989 2722 2080 2764 eas
2097 2726 2280 2765 creare
2299 2752 2315 2778 ,
2343 2711 2424 2766 vel
2447 2729 2511 2766 ex
2531 2715 2672 2768 fonte
2692 2716 2870 2785 aliquo
2891 2718 3002 2772 sive
3026 2720 3274 2776 thesauro
3298 2723 3554 2791 quodam,

1989 2817 2147 2872 quem
2205 2811 2330 2858 tunc
2379 2804 2535 2872 fecit,
2579 2822 2672 2861 eas
2720 2809 2959 2873 mittere,
2995 2810 3150 2868 facile
3179 2815 3552 2884 respondetur,

1991 2895 2149 2950 etiam
2197 2897 2304 2951 illis
2353 2913 2448 2953 sex
2491 2898 2681 2954 diebus
2734 2901 2895 2955 multa
2942 2903 3105 2958 Deum
3134 2920 3348 2963 creasse
3374 2924 3440 2962 ex
3469 2907 3556 2962 bis

1991 2987 2226 3054 naturis,
2255 3004 2387 3058 quas
2413 2990 2521 3058 jam
2550 3002 2860 3060 creaverat,
2891 2993 3028 3048 sicut
3054 3011 3116 3050 ex
3141 2997 3294 3067 aquis
3321 2998 3478 3053 alites
3503 3011 3559 3054 et

1991 3079 2194 3148 pisces;
2225 3097 2286 3133 ex
2317 3092 2457 3135 terra
2490 3093 2670 3137 autem
2702 3086 2922 3139 arbores
2942 3127 2956 3151 ,
3003 3085 3200 3142 faenum
3222 3130 3238 3156 ,
3262 3089 3509 3144 animalia
3539 3108 3554 3144 :

1991 3169 2082 3223 sed
2111 3171 2249 3239 quod
2277 3187 2337 3224 ea
2359 3213 2374 3236 ,
2401 3188 2522 3241 qua:
2545 3189 2650 3229 non
2674 3185 2866 3240 erant,
2898 3186 3021 3230 tunc
3065 3177 3247 3233 fecerit
3270 3221 3285 3244 ,
3330 3181 3560 3236 manife-

1991 3269 2129 3312 stum
2158 3271 2259 3314 est.
2295 3261 2444 3316 Nulla
2473 3263 2614 3317 enim
2644 3275 2758 3319 erat
2789 3269 2924 3331 avis,
2967 3268 3142 3322 nullus
3188 3271 3368 3339 piscis,
3415 3273 3562 3329 nulla

1991 3350 2192 3416 arbor,
2245 3353 2452 3405 nullum
2500 3353 2696 3408 animal
2722 3373 2734 3408 :
2760 3365 2813 3410 et
2868 3357 3003 3412 bene
3043 3359 3354 3430 intelligitur
3372 3362 3440 3418 ab
3477 3361 3562 3418 his

1990 3443 2188 3497 creatis
2214 3444 2573 3512 requievisse,
2602 3463 2721 3515 quae
2751 3448 2856 3502 n‘on
2887 3459 3075 3515 erant,
3106 3461 3162 3506 et
3187 3464 3361 3507 creata
3395 3466 3560 3521 sunt,

1993 3531 2044 3586 id
2071 3544 2153 3587 est
2180 3548 2422 3589 cessasse
2447 3575 2460 3598 ,
2496 3551 2595 3589 nec
2626 3537 2766 3590 ultra
2799 3555 2919 3619 (iure
2960 3554 3062 3592 non
3089 3551 3272 3610 erant,
3301 3558 3557 3600 crearen-

1995 3627 2100 3676 tur.
2132 3623 2235 3677 Sed
2265 3640 2402 3678 uunc
2424 3626 2564 3693 quod
2589 3626 2804 3692 dicitur,
2829 3627 3136 3700 (d)animas
3163 3649 3266 3687 non
3296 3634 3348 3688 in
3379 3638 3562 3693 nescio

1993 3727 2100 3782 quo
2125 3716 2265 3768 fonte
2285 3714 2392 3782 jam
2420 3716 2733 3770 exsistcntes
2766 3719 2976 3772 mittere
2995 3761 3009 3785 ,
3039 3735 3137 3775 nec
3159 3722 3228 3777 de
3243 3723 3419 3793 seipso
3447 3735 3563 3781 tan-

1995 3817 2151 3872 quam
2177 3818 2300 3858 suas
2327 3806 2610 3873 particulas
2637 3806 2894 3871 irrorare,
2924 3823 3025 3863 nec
3053 3810 3119 3865 de
3149 3811 3234 3865 illa
3261 3829 3362 3870 una
3393 3816 3555 3886 origi-

1999 3893 2191 3946 nalitcr
2237 3895 2480 3961 trahere,
2536 3912 2634 3950 nec
2682 3912 2782 3968 pro
2805 3896 3018 3953 delictis
3039 3909 3164 3956 ante
3180 3919 3393 3959 carnem
3416 3920 3564 3960 com-

1999 3983 2175 4036 missis
2205 3987 2418 4037 carneis
2445 3984 2674 4040 vinculis
2703 3985 3009 4056 compedire
3029 4029 3043 4052 ,
3068 3991 3162 4044 sed
3189 4006 3355 4048 novas
3378 4009 3564 4052 creare

1955 4141 1960 4148 ’
2000 4074 2235 4144 singulas
2255 4075 2477 4145 singulis
2495 4092 2645 4130 suam
2667 4119 2682 4144 ,
2701 4078 2896 4148 cuique
2923 4082 3162 4135 nascenti
3192 4122 3207 4147 ,
3235 4099 3341 4138 non
3369 4085 3564 4156 aliquid

2001 4162 2181 4220 facere
2197 4165 2409 4230 dicitur,
2435 4166 2575 4237 quod
2599 4177 2721 4224 ante
2748 4185 2853 4224 non
2873 4168 3091 4225 fecerat.
3113 4171 3228 4226 Jam
3249 4174 3391 4230 enim
3414 4185 3566 4230 sexto

2003 4257 2090 4312 die
2117 4255 2315 4311 fecerat
2360 4257 2631 4314 hominem
2661 4261 2729 4315 ad
2759 4261 3042 4332 imaginem
3073 4280 3255 4330 suam,
3285 4268 3428 4336 quod
3459 4269 3566 4322 uti-

1996 4366 2101 4420 qne
2127 4352 2418 4406 secundum
2439 4355 2667 4408 animam
2689 4356 3000 4412 rationalem
3021 4357 3210 4415 fecisse
3227 4361 3555 4436 intelligitur.

1998 4441 2074 4509 (ε)
2094 4441 2204 4496 Hoc
2224 4451 2278 4496 et
2301 4459 2439 4498 nunc
2462 4442 2613 4507 facit,
2641 4462 2744 4498 non
2777 4448 3102 4504 instituendo
3127 4450 3266 4517 quod
3290 4467 3392 4506 non
3423 4465 3560 4516 erat,

2000 4535 2093 4588 scd
2122 4535 2514 4605 multiplicando
2539 4537 2679 4605 quod
2701 4549 2835 4593 erat.
2863 4538 3010 4594 Unde
3032 4549 3083 4594 et
3101 4541 3230 4596 illud
3261 4559 3441 4598 verum
3461 4557 3563 4610 est,

1999 4625 2138 4694 quod
2159 4641 2188 4678 a
2206 4626 2386 4692 rebus,
2405 4642 2524 4695 quae
2544 4642 2647 4680 non
2663 4638 2834 4693 erant,
2852 4629 3186 4704 institueﬂdis
3205 4637 3483 4704 requievit.
3505 4637 3564 4690 Et
3631 4641 3634 4646 ’

2003 4715 2102 4769 hoc
2120 4731 2300 4770 verum
2329 4726 2409 4770 est
2423 4759 2439 4781 ,
2464 4717 2607 4788 quod
2626 4734 2732 4788 non
2746 4721 2915 4773 solum
2932 4699 3400 4796 gubernandoqua:
3420 4728 3565 4795 fecit,

2000 4823 2185 4863 verum
2204 4809 2364 4863 etiam
2386 4807 2582 4878 aliquid
2612 4811 2868 4879 uonquod
2887 4811 3143 4882 nondum,
3171 4815 3262 4868 sed
3293 4819 3432 4888 quod
3458 4820 3568 4891 jam

2001 4908 2305 4964 creaverat,
2334 4901 2667 4956 numerosius
2684 4903 2916 4956 creando
2939 4919 3106 4974 usque
3133 4922 3273 4962 nunc
3297 4924 3570 4978 operatur.

2005 4989 2098 5046 Vel
2117 4991 2195 5045 sic
2214 5005 2340 5060 ergo
2358 4991 2439 5044 vel
2458 4991 2564 5044 alio
2584 4991 2742 5046 modo
2756 4994 2994 5062 quolibet
3012 4995 3218 5050 eximus
3238 4998 3306 5052 ab
3325 5015 3410 5062 eo,
3432 5002 3573 5071 quod

2006 5082 2158 5137 nobis
2203 5081 2452 5152 objicitur
2492 5082 2558 5138 de
2589 5084 2774 5154 requie
2804 5086 2894 5141 Dei
2945 5087 3014 5142 ab
3043 5090 3296 5158 operibus
3325 5094 3435 5145 suis
3457 5133 3472 5154 ,
3511 5110 3577 5146 ne

2002 5181 2282 5242 propterea
2339 5188 2442 5227 non
2489 5175 2771 5230 credamus
2818 5193 2957 5233 nunc
2999 5193 3167 5248 usque
3214 5181 3327 5234 fieri
3371 5183 3578 5235 animas

2005 5279 2168 5317 novas
2191 5307 2204 5327 ,
2237 5281 2342 5320 non
2395 5282 2457 5320 cx
2487 5267 2572 5320 illa
2602 5283 2700 5321 una
2719 5310 2732 5332 ,
2757 5270 2848 5323 sed
2877 5272 3016 5324 sient
3041 5271 3184 5323 illam
3217 5285 3394 5323 unam.

2067 5481 2134 5546 (ά)
2174 5480 2323 5550 Paulo
2361 5481 2500 5550 aliter
2542 5498 2695 5544 putes
2736 5484 2952 5550 Martian.
2998 5501 3020 5529 α
3051 5486 3231 5532 animas
3275 5487 3438 5536 nescio
3481 5501 3577 5550 quo

1999 5541 2152 5601 fonte,
2171 5543 2268 5601 jam
2292 5541 2566 5593 existentes
2590 5559 2680 5593 non
2705 5545 2921 5593 mittere.
2949 5561 2969 5589 η

2063 5605 2131 5666 (e)
2168 5603 2282 5653 Mss.
2307 5609 2522 5669 quinque
2553 5606 2786 5669 Vaticani,
2808 5612 2866 5669 et
2887 5618 2975 5653 sex
3001 5603 3226 5669 Gallicani
3251 5607 3374 5669 apud
3410 5607 3575 5669 Bene-

1999 5663 2203 5715 dic‘ti'nos
2227 5663 2339 5729 haec
2362 5663 2575 5714 inferunt
2602 5679 2613 5712 :
2647 5665 2904 5729 «fraudem
2939 5670 3045 5726 post
3078 5663 3578 5729 longam'disputatio-

2001 5740 2131 5784 nem,
2169 5727 2539 5775 ecclesiasticam
2578 5725 2862 5774 confirmasti
2900 5725 3208 5774 sententiam.
3235 5743 3256 5770 »
3289 5725 3438 5785 Quam
3478 5739 3579 5779 stu-

1999 5789 2118 5835 diosi
2157 5789 2356 5848 alicujus
2390 5786 2700 5847 marginalem
2740 5794 2919 5844 notam,
2946 5795 3112 5847 postea
3148 5789 3193 5835 in
3227 5794 3417 5840 textum
3453 5789 3580 5842 male

2004 5849 2228 5896 intrusam
2248 5849 2400 5898 fuisse
2424 5860 2518 5896 nou
2540 5847 2725 5896 dubito.
3499 5857 3504 5864 ‘
