4080 6340
588 366 719 422 1131

657 485 772 540 13.«
793 482 922 537 Nam
951 480 1087 552 quod
1109 477 1318 541 dicitur,
1335 477 1510 545 Quare
1538 474 1658 529 facit
1673 473 1876 527 animas
1895 472 1993 538 eis,
2019 487 2152 540 quos

579 579 729 631 novit
754 575 860 629 cito
891 570 1212 626 morituros?
1241 570 1526 623 Possumus
1560 565 1884 637 respondere
1908 605 1923 630 ,
1957 579 2150 632 paren-

583 678 690 721 tmn
714 666 836 720 hinc
876 673 1090 734 peccata
1118 661 1196 714 vel
1229 659 1490 724 convinci,
1523 659 1603 714 vel
1643 655 1919 727 flagellari.
1948 654 2149 708 Possuo

580 777 698 814 mus
723 758 880 812 etiam
910 765 1056 809 recte
1100 753 1241 806 illius
1282 751 1633 806 moderationi
1675 750 1772 802 ista
1808 749 2108 817 relinquere
2130 788 2146 813 ,

575 866 734 920 quem
756 849 954 901 scimus
975 843 1219 899 omnibus
1244 844 1611 910 temporaliter
1642 839 2039 894 transeuntibus
2064 853 2147 893 re-

572 941 696 1003 bus,
724 938 810 993 ubi
839 947 961 992 sunt
996 937 1158 992 etiam
1183 935 1492 990 animalium
1520 941 1670 987 ortus
1700 943 1749 986 et
1779 931 1954 985 obitus
1974 973 1989 994 ,
2026 945 2147 984 cur-

573 1049 693 1089 sum
736 1031 1133 1086 ornatissitnnm
1176 1037 1338 1097 atque
1367 1023 1820 1081 ordinatissimum
1860 1022 2016 1084 dare;
2051 1019 2144 1075 sed

571 1137 671 1177 nos
698 1123 797 1176 ista
826 1120 1027 1175 sentire
1055 1134 1160 1173 non
1191 1132 1369 1188 posse,
1399 1130 1519 1187 quae
1547 1115 1591 1168 si
1617 1114 1960 1177 sentiremus,
1991 1113 2141 1167 dele-

569 1214 802 1269 ctatione
830 1209 1080 1266 inell'ahili
1109 1209 1483 1263 mulceremur.
1516 1205 1631 1260 Non
1659 1205 1799 1259 enim
1829 1203 2021 1258 frustra
2051 1219 2145 1272 per

569 1303 927 1374 Prophetam,
959 1303 1047 1370 qui
1091 1301 1205 1354 lucc
1250 1299 1501 1353 divinitus
1549 1296 1803 1366 inspirata
1845 1295 2136 1361 didicerat,

565 1395 766 1450 dictum
795 1403 879 1448 est
906 1393 971 1448 de
1004 1393 1130 1456 Deo,
1163 1390 1263 1457 Qui
1293 1389 1480 1458 profert
1511 1387 1589 1457 (α)
1620 1403 1878 1440 numerose
1903 1387 2141 1440 sarculum

565 1487 666 1554 (Is.
695 1485 786 1542 40.
826 1484 938 1555 26).
977 1483 1125 1540 Unde
1165 1483 1397 1543 musica,
1430 1479 1482 1534 id
1508 1489 1591 1536 est
1626 1479 1846 1534 scientia
1888 1493 2140 1534 scnsusve

565 1579 701 1634 bene
731 1576 1054 1638 modulandi,
1084 1575 1147 1628 ad
1174 1572 1587 1628 admonitionem
1610 1586 1818 1640 magna:
1846 1572 1946 1632 rei,
1979 1572 2138 1625 etiam

562 1671 878 1726 mortalibus
909 1669 1195 1722 rationales
1240 1665 1561 1719 habentibus
1601 1664 1809 1718 animas
1841 1663 1932 1717 Dei
1979 1663 2135 1732 largi~

562 1748 672 1817 tate
713 1776 965 1817 concessa
1009 1770 1109 1813 est.
1147 1757 1294 1813 Umle
1336 1757 1380 1811 si
1427 1757 1588 1810 homo
1629 1755 1856 1809 faciendi
1885 1755 2137 1808 carminis

567 1853 776 1927 1006
845 1850 1034 1906 artifex
1073 1851 1217 1904 novit
1270 1864 1403 1919 quas
1453 1847 1646 1918 quibus
1691 1860 1872 1900 moras
1919 1845 2136 1899 vocibus

562 1945 780 2008 tribuat,
806 1952 860 1996 ut
884 1941 1011 1996 illud
1039 1941 1176 2011 quod
1204 1940 1431 2003 canitur,
1455 1937 1839 1992 decedentibus
1869 1950 1930 1988 ac
1954 1950 2138 1991 succe-

559 2036 806 2090 dentibus
858 2033 1039 2096 sonis,
1100 2030 1452 2099 pulcherrime
1517 2037 1696 2083 currat
1741 2042 1805 2082 ac
1865 2035 2131 2092 transeat;

559 2115 756 2198 quanto
796 2127 964 2198 magis
991 2125 1160 2179 Dens.
1195 2123 1346 2190 cujus
1375 2121 1634 2190 sapientia
1659 2162 1675 2186 ,
1703 2135 1800 2190 per
1824 2135 1980 2189 quam
2011 2118 2136 2173 fecit

559 2217 757 2280 omnia,
790 2217 943 2284 longe
973 2215 1222 2268 omnibus
1262 2212 1460 2265 artibus
1487 2209 1815 2279 prmlerenda
1847 2217 1926 2264 est
1947 2250 1962 2274 ,
1995 2208 2134 2263 milla

559 2285 610 2363 in
666 2307 870 2362 naturis
926 2304 1263 2361 nascentibus
1314 2310 1367 2356 et
1417 2299 1782 2355 occidentibus
1834 2307 2131 2367 temporum

558 2398 724 2466 spatia
745 2437 761 2461 ,
808 2409 926 2466 qua:
953 2404 1200 2462 tauquam
1223 2391 1440 2462 syllabae
1466 2405 1528 2442 ac
1553 2389 1712 2442 verba
1743 2385 1809 2442 ad
1850 2387 2134 2457 particulas

560 2489 718 2556 hujus
743 2486 921 2542 steculi
955 2487 1219 2556 pertinent
1241 2524 1254 2544 ,
1284 2483 1333 2536 in
1363 2483 1464 2535 hoc
1491 2480 1784 2534 labentium
1813 2495 1991 2534 rerum
2018 2487 2134 2534 tan-

556 2596 713 2650 quam
746 2576 972 2632 mirabili
1004 2573 1245 2635 cantico,
1275 2573 1357 2624 vel
1398 2571 1646 2638 brevius,
1674 2570 1756 2625 vel
1791 2569 2128 2639 productius,

556 2685 713 2736 quam
763 2666 1051 2721 modulatio
1097 2662 1410 2731 praecognita
1457 2671 1510 2715 et
1554 2660 1809 2729 pra-finita
1857 2660 2127 2730 deposcit,

557 2760 828 2830 pra-lcrire
859 2755 1144 2828 permittit?
1187 2755 1296 2806 lloc
1329 2768 1447 2805 cum
1477 2753 1635 2806 etiam
1672 2752 1738 2806 de
1766 2751 1972 2806 arboris
2006 2751 2131 2806 folio

555 2852 802 2916 dixerint,
826 2849 965 2902 etde
988 2856 1288 2899 nostrorum
1317 2858 1539 2897 numero
1559 2841 1866 2910 capillorum
1891 2861 1904 2907 ;
1933 2854 2130 2911 quanto

556 2944 723 3012 magis
765 2942 829 2994 de
861 2939 1089 2993 hominis
1118 2945 1235 2990 ortu
1285 2944 1339 2988 e‘t
1368 2948 1557 2986 occasu
1583 2975 1596 2996 ,
1626 2933 1778 3003 cujus
1824 2935 2129 3002 temporalis

554 3036 659 3087 vita
708 3031 916 3084 brevius
962 3027 1333 3098 productiusve
1363 3041 1466 3077 non
1502 3023 1735 3077 tenditur
1755 3065 1770 3088 ,
1802 3039 1960 3092 quam
1989 3024 2128 3080 Deus

552 3101 841 3194 dispositor
871 3131 1166 3190 temporum
1199 3119 1344 3172 novit
1389 3115 1748 3170 universitatis
1779 3116 2125 3174 moderamini

553 3212 883 3267 consonare?
907 3229 925 3260 ι
1326 3199 1333 3210 ’

622 3305 708 3357 14.
746 3320 764 3353 ‹
792 3301 846 3354 ld
876 3300 1032 3354 etiam
1068 3297 1206 3368 quod
1233 3297 1378 3352 aiunt
1398 3337 1412 3357 .
1443 3311 1603 3351 omne
1629 3296 1769 3365 quod
1813 3297 1864 3350 in
1892 3307 2128 3367 tempore

552 3396 710 3464 empit
739 3406 857 3445 esse
881 3433 895 3456 ,
931 3389 1229 3444 immortale
1275 3403 1392 3442 esse
1423 3402 1526 3441 non
1569 3403 1726 3456 posse
1755 3405 1770 3442 :
1802 3388 1921 3455 quia
1950 3389 2125 3442 omnia

550 3497 663 3540 orta
694 3482 968 3546 occidunt,
997 3490 1052 3535 et
1085 3492 1234 3533 aucta
1275 3487 1557 3533 senescunt
1576 3520 1590 3540 ,
1619 3489 1676 3531 ut
1705 3494 1769 3531 eo
1798 3478 1955 3532 modo
1980 3479 2123 3533 credi

549 3585 772 3647 cogant,
813 3575 1047 3628 animum
1087 3571 1376 3625 humanum
1427 3569 1545 3623 ideo
1573 3583 1692 3622 esse
1738 3570 2122 3636 immortalem,

547 3667 687 3737 quod
715 3675 838 3722 ante
864 3666 1037 3719 omnia
1070 3673 1308 3732 tempora
1340 3661 1408 3716 sit
1447 3669 1661 3714 creatus
1682 3703 1696 3726 ,
1729 3676 1831 3714 nou
1864 3671 2043 3715 movet
2068 3661 2125 3713 fi-

547 3759 668 3814 dem
713 3766 966 3811 nostram.
1019 3755 1084 3810 Ut
1126 3753 1265 3808 enim
1301 3751 1406 3805 alia
1451 3759 1687 3816 taceam,
1716 3751 1878 3819 cmpit
1905 3765 2024 3804 esse
2073 3750 2123 3804 in

551 3861 787 3919 tempore
817 3845 1188 3901 immortalitas
1218 3844 1395 3898 carnis
1421 3840 1638 3904 Christi,
1667 3857 1784 3910 quze
1817 3850 1989 3894 tamen
2014 3841 2122 3909 jam

547 3956 652 3992 non
684 3939 926 4004 moritur,
948 3945 1003 3991 et
1023 3950 1165 3989 mors
1190 3933 1240 3988 ei
1259 3932 1393 3985 ultra
1421 3946 1526 3984 non
1553 3929 1915 3985 dominabitur
1947 3929 2119 4002 (Rom.

549 4031 601 4084 6.
624 4029 732 4099 9).»

624 4122 706 4175 15.
733 4139 750 4170 ι
778 4119 908 4174 Illud
935 4133 1060 4172 vero
1079 4113 1218 4186 quod
1245 4113 1296 4168 in
1315 4109 1449 4166 libro
1466 4111 1721 4167 adversus
1748 4111 2013 4167 Rnflinum
2041 4128 2123 4182 po-

549 4209 697 4265 suisti
721 4208 852 4281 (Lib.
879 4210 946 4272 '5,
976 4224 1090 4276 cap.
1119 4204 1318 4272 ultimo)
1347 4202 1444 4274 (b),
1475 4203 1730 4271 quosdam
1756 4202 1881 4256 huic
1906 4211 2122 4258 senten-

550 4305 636 4355 tire
664 4299 973 4355 calumniari
999 4339 1013 4362 ,
1057 4294 1197 4365 quod
1227 4295 1392 4347 Deum
1421 4292 1552 4346 dare
1581 4293 1785 4346 animas
1812 4292 2123 4348 adulterinis

549 4393 893 4462 conceptibus
935 4391 1178 4444 videatur
1223 4385 1530 4456 indignum,
1569 4383 1714 4437 unde
1742 4393 2000 4437 conantur
2026 4385 2119 4437 ad-

451 4467 463 4501 }
548 4497 757 4540 struere
782 4483 989 4540 meritis
1006 4492 1179 4551 ,gestm
1205 4488 1328 4533 ante
1353 4492 1565 4532 carnem
1592 4478 1714 4530 vitae
1739 4477 1948 4529 animas
1974 4478 2122 4545 quasi

551 4577 616 4630 ad
647 4575 912 4646 ergastula
941 4574 1098 4643 hujus
1142 4570 1324 4626 mundi
1362 4570 1506 4640 juste
1537 4583 1692 4638 posse
1736 4567 1949 4636 perduci
1971 4608 1986 4632 ,
2016 4583 2120 4622 non

552 4684 636 4721 me
664 4677 841 4722 movet
885 4667 1044 4722 multa
1074 4667 1412 4734 cogitantem,
1454 4661 1646 4731 quibus
1665 4663 1785 4715 'hmc
1831 4661 1999 4732 possit
2033 4677 2123 4716 ea-

556 4760 751 4810 Iumnia
795 4756 1032 4811 refutari.
1063 4755 1130 4809 Et
1157 4753 1296 4824 quod
1327 4754 1438 4822 ipse
1469 4752 1787 4822 reSpondis-ti
1811 4793 1825 4815 ,
1869 4767 1973 4805 non
2005 4767 2124 4808 esse

551 4849 736 4900 vitium
765 4849 1020 4902 sementis
1041 4847 1098 4902 iu
1126 4847 1298 4900 tritico
1328 4845 1469 4913 quod
1514 4847 1654 4898 furto
1678 4845 1870 4898 dicitur
1893 4862 2010 4901 esse
2036 4862 2125 4900 su-

551 4939 793 5002 blatum,
839 4936 934 4991 sed
977 4937 1030 4990 in
1075 4952 1140 4991 eo
1169 4937 1257 5004 qui
1309 4934 1566 4989 frumenta
1614 4935 1815 4989 furatus
1861 4945 1973 5000 est;
2027 4952 2124 4992 nec

555 5029 752 5083 idcirco
776 5035 974 5080 terram
1004 5042 1109 5079 non
1137 5025 1385 5080 debuisse
1413 5025 1615 5094 gremio
1643 5040 1738 5077 suo
1767 5025 1968 5078 semina
1998 5042 2124 5080 cou-

615 5203 686 5265 (α)
723 5202 794 5251 EX
985 5209 1006 5250 ὃ
1029 5210 1174 5262 1:9th
1212 5210 1293 5248 κάτ’
1313 5209 1460 5259 ἀριθμὸν
1495 5209 1557 5246 τὸν
1579 5211 1712 5258 κόσιιθν
1747 5210 1874 5256 c.3155,
1909 5197 2052 5261 Vlllg.

553 5261 753 5315 nuner
771 5261 995 5312 militiam
1015 5261 1197 5309 eorum.

617 5326 688 5388 (ὁ)
721 5325 773 5388 Id
798 5335 976 5388 nempe
997 5321 1206 5384 urgebat
1225 5317 1473 5388 Ruﬂinus,
1488 5335 1514 5388 ε
1533 5326 1584 5368 et
1607 5319 1687 5388 ubi
1713 5327 1790 5368 est
1802 5321 1985 5388 justitia
2010 5320 2121 5388 Dei,

554 5397 608 5437 ut
623 5381 690 5437 ut:
709 5381 944 5436 adulterio
964 5381 1252 5444 Incestuque
1285 5381 1593 5444 nascentibus
1613 5381 1790 5444 animas
1815 5381 2044 5444 largiatur
2060 5381 2119 5430 itii

553 5449 787 5498 Nimirum
810 5460 872 5495 ex
897 5444 1114 5506 Origene
1134 5439 1344 5506 {cpitile
1367 5440 1452 5488 lib.
1476 5442 1589 5506 ὄις..
1615 5441 1659 5506 .'_5.
1692 5441 1838 5506 eNon
1862 5439 2003 5506 aliter
2039 5457 2124 5504 po-

545 5514 671 5560 terit
693 5500 1087 5570 responderinta
1108 5512 1163 5554 ut
1184 5500 1377 5570 absque
1410 5503 1536 5570 omni
1576 5503 1816 5570 injustitirc
1850 5500 1986 5570 culpa
2020 5500 2127 5570 pro-

560 5561 1189 5626 videntia'demonStretur,
1235 5561 1325 5613 nisi
1370 5564 1556 5626 priores
1598 5561 1813 5622 Quasdam
1859 5561 2129 5613 futSSe'eis

556 5643 712 5679 causae
745 5629 991 5686 dicantur,
1025 5627 1200 5689 quibus
1222 5632 1479 5689 antequam
1495 5625 1549 5689 in
1575 5635 1777 5689 corpore
1813 5632 2128 5689 nascerentur

556 5693 743 5749 animae,
767 5689 942 5752 aliquid
968 5682 1296 5752 contraxerint
1320 5682 1472 5752 culpa:
1494 5686 1537 5732 in
1561 5684 1798 5752 sensibus,
1818 5682 2129 5752 velmotibus

557 5766 671 5798 suis.
699 5743 910 5798 {Paulo
955 5757 1060 5811 post
1095 5743 1415 5800 Benedictini'
1437 5761 1523 5807 pro
1561 5744 1704 5807 hujus
1747 5743 1917 5795 mundi
1955 5743 2127 5808 legunt

555 5811 846 5863 nutantodi.

1883 358 2125 414 SANCTI
2168 359 2540 416 lllERUNYMl

3687 377 3807 433 1131

2258 472 2471 542 fovere,
2521 477 2644 546 quia
2689 485 2834 533 sator
2875 480 3141 538 immunda
3191 498 3252 538 ea
3298 485 3576 556 projecerit
3619 505 3806 556 manu;

2256 563 2646 634 eiegantissima
2684 569 2978 626 similitudo
3003 583 3101 628 est.
3138 573 3306 642 Quam
3352 587 3404 631 et
3436 589 3718 649 antequam
3749 584 3810 635 le—

2253 667 2433 722 gerem
2468 656 2640 711 nullas
2665 659 2793 714 mihi
2815 661 3042 730 objectio
3067 662 3163 716 ista
3185 664 3251 719 de
3274 665 3583 723 adulterinis
3609 670 3810 726 fmtibas

2255 742 2307 798 in
2342 744 2440 800 bac
2465 749 2760 816 qumstione
2781 749 3011 808 faciebat
3051 757 3357 826 angustias,
3397 763 3717 827 generaliter
3739 765 3811 819 in-

2253 836 2419 889 tuenti
2446 838 2613 892 multa
2635 839 2769 895 bona
2800 842 2966 897 Deum
2996 845 3189 910 facere,
3213 847 3370 902 etiam
3400 849 3466 904 de
3491 854 3690 908 nostris
3716 872 3814 909 ina-

2252 926 2317 981 lis
2343 932 2644 1001 nostrisque
2673 936 2924 1002 peccatis.
2957 938 3216 993 Auimalis
3240 951 3415 996 autem
3443 945 3813 1016 cujuscumque

2248 1021 2482 1086 creatio,
2528 1024 2571 1076 si
2597 1025 2792 1081 habeat
2823 1027 2962 1097 pium
3003 1030 3421 1103 prudentemque
3457 1039 3810 1093 considerato-

2248 1123 2361 1163 rem
2387 1151 2402 1173 ,
2452 1111 2770 1170 ineﬂ'abilem
2819 1118 3026 1174 laudem
3069 1121 3309 1178 Creatori
3357 1128 3583 1195 excitat;
3625 1143 3812 1199 quanta

2247 1200 2418 1268 magis
2445 1206 2644 1258 creatio
2668 1221 2771 1260 non
2813 1209 3094 1277 cujuslibet
3128 1215 3393 1282 animalis,
3425 1220 3516 1273 sed
3549 1220 3806 1277 hominis?

2247 1288 2304 1344 Si
2330 1301 2502 1347 autem
2533 1310 2689 1351 causa
2713 1300 2928 1356 creandi
2957 1306 3213 1371 quaeritur
3232 1348 3246 1372 ,
3282 1309 3421 1364 nulla
3446 1312 3602 1366 citius
3627 1323 3686 1368 ct
3713 1331 3811 1370 mc-

2247 1379 2346 1436 Iius
2376 1387 2730 1453 reSpoudetur
2749 1431 2764 1452 ,
2795 1391 2896 1445 nisi
2923 1394 3043 1461 quia
3075 1398 3247 1450 omnis
3275 1409 3516 1455 creatura
3546 1403 3638 1458 Dei
3684 1405 3808 1460 bona

2245 1481 2347 1567 est.
2393 1473 2459 1529 Et
2495 1477 2618 1545 qttid
2651 1478 2863 1549 dignius
2887 1499 3046 1554 quam
3094 1495 3151 1540 ut
3196 1487 3329 1542 bona
3375 1489 3532 1547 faciat
3612 1495 3807 1567 1007

2245 1563 2413 1619 bonus
2460 1567 2614 1632 Deus,
2659 1587 2777 1641 qua:
2825 1589 2982 1628 nemo
3025 1587 3204 1647 potest
3243 1578 3416 1638 facere
3454 1583 3556 1638 nisi
3581 1563 3803 1640 nasi}

2314 1656 2399 1710 16.
2439 1676 2456 1708 ι
2495 1658 2617 1714 llrec
2647 1669 2700 1716 et
2722 1663 2823 1717 alia
2845 1680 2962 1734 qua:
2991 1681 3205 1736 possum
3224 1711 3238 1735 ,
3268 1673 3403 1726 sicut
3429 1689 3668 1744 possum,
3698 1676 3808 1732 dico

2241 1745 2493 1801 adversus
2515 1765 2607 1804 eos
2637 1753 2722 1821 qui
2752 1754 2886 1808 hanc
2913 1757 3240 1826 opinionem,
3265 1777 3365 1831 qua
3392 1765 3686 1820 creduntur
3705 1769 3810 1823 ani-

2241 1853 2341 1892 ma:
2365 1839 2502 1895 sicut
2525 1842 2614 1896 illa
2647 1859 2748 1898 una
2777 1847 2998 1916 singulis
3027 1852 3160 1917 fieri,
3189 1852 3504 1911 labefactare
3532 1869 3806 1916 conantur.

2239 1925 2342 1983 Sed
2390 1944 2510 1986 cum
2538 1933 2602 1986 ad
2629 1949 2813 2003 prenas
2835 1949 3049 1993 ventum
3087 1954 3169 1997 est
3193 1945 3557 2013 parvulorum,
3587 1953 3804 2019 magnis,

2241 2021 2570 2090 mihicrede,
2603 2037 2848 2081 coarctor
2872 2031 3150 2099 angustiis,
3186 2049 3282 2088 nec
3309 2035 3432 2104 quid
3463 2040 3806 2107 respondeam

2238 2124 2458 2181 prorsus
2487 2116 2700 2172 invenio
2729 2135 2741 2171 :
2777 2134 2880 2175 non
2907 2123 3081 2177 solum
3119 2139 3210 2179 cas
3255 2141 3438 2194 pennas
3483 2127 3640 2195 dico,
3683 2147 3806 2199 quas

2239 2202 2400 2259 habet
2429 2216 2548 2274 post
2573 2206 2713 2263 hanc
2733 2209 2895 2263 vitam
2919 2210 3012 2264 illa
3038 2212 3327 2282 damnatio,
3359 2233 3464 2286 quo
3490 2234 3707 2274 necesse
3731 2230 3806 2274 est

2238 2296 2546 2363 trahantur,
2590 2301 2636 2354 si
2687 2301 2754 2356 de
2793 2317 3020 2373 corpore
3068 2307 3296 2362 exierint
3335 2310 3450 2365 sine
3495 2309 3805 2368 Christiana)

2235 2389 2417 2456 gratia:
2464 2402 2833 2456 sacramento,
2865 2395 2960 2449 sed
2987 2411 3080 2450 eas
3126 2398 3298 2466 ipsas,
3333 2415 3449 2467 qua:
3487 2401 3540 2454 in
3581 2401 3680 2457 hac
3706 2405 3802 2457 vita

2236 2479 2534 2536 dolentibus
2574 2484 2728 2538 nobis
2758 2498 3040 2541 versantur
3068 2499 3191 2543 ante
3233 2491 3455 2556 oculos;
3497 2509 3632 2563 quas
3675 2512 3803 2550 enu-

2236 2591 2442 2628 merare
2483 2576 2528 2630 si
2569 2577 2726 2631 velim
2751 2620 2766 2642 ,
2811 2580 2956 2648 prius
2985 2591 3191 2650 tempus
3219 2598 3373 2653 quam
3403 2587 3643 2656 exempla
3675 2589 3802 2642 defi-

2233 2664 2393 2720 cient.
2422 2664 2789 2738 Languescunt
2817 2671 3216 2740 :rgiitudiuibns
3237 2713 3250 2737 ,
3279 2685 3592 2746 torquentur
3612 2677 3804 2733 dolori-

2232 2755 2333 2810 bus
2352 2797 2366 2820 ,
2415 2756 2551 2810 fame
2577 2772 2630 2812 et
2657 2760 2740 2813 siti
2773 2760 3077 2815 cruciantur
3095 2803 3112 2827 ,
3155 2763 3496 2819 debilitantur
3520 2768 3798 2832 membris,

2233 2847 2508 2914 privantur
2533 2849 2802 2915 sensibus,
2828 2863 3086 2905 vexantur
3113 2853 3177 2907 ab
3200 2855 3484 2909 iuunundis
3509 2858 3799 2926 spiritibus.

2234 2935 2712 2993 Dcmonstrandum
2743 2949 2822 2994 est
2869 2942 2944 3012 (ε)
2995 2941 3210 3011 utique,
3261 2948 3529 3014 qumnodo
3559 2948 3658 3000 ista
3695 2949 3803 3001 sine

2231 3026 2337 3080 ulla
2364 3042 2454 3081 sua
2481 3029 2616 3083 mala
2642 3046 2799 3085 causa
2820 3031 2963 3100 juste
2991 3035 3274 3100 patiantur.
3305 3036 3416 3088 Non
3440 3039 3580 3090 enim
3603 3038 3706 3092 dici
3731 3038 3802 3092 fas

2231 3125 2311 3172 est
2332 3158 2347 3182 ,
2379 3129 2470 3172 aut
2501 3119 2597 3172 ista
2636 3121 2910 3189 ignorante
2936 3121 3044 3175 Deo
3087 3123 3220 3187 ﬁeri,
3254 3134 3344 3177 aut
3370 3141 3492 3179 emn
3524 3143 3630 3182 non
3656 3143 3802 3198 posse

2232 3208 2482 3262 resistere
2511 3209 2823 3264 facientibus
2847 3251 2862 3276 ,
2905 3220 2996 3265 aut
3024 3211 3219 3280 injuste
3247 3214 3345 3266 i~ta
3390 3216 3472 3268 vel
3517 3214 3696 3271 facere
3724 3218 3799 3271 vel

2232 3301 2557 3368 permittere.
2581 3299 2969 3368 Numquidnam
2992 3300 3130 3355 sicut
3153 3302 3398 3355 animalia
3423 3304 3799 3360 irrationabilia

2230 3398 2373 3442 recte
2397 3387 2620 3441 dicimus
2651 3388 2700 3440 in
2740 3403 2866 3442 usus
2905 3389 3017 3442 dari
3062 3392 3264 3444 naturis
3298 3394 3798 3456 excellentioribus,

2230 3478 2328 3533 etsi
2361 3478 2584 3542 vitiosis,
2617 3488 2754 3532 Sicut
2778 3480 3111 3548 apertissime
3141 3481 3191 3535 in
3225 3482 3512 3552 Evangelia
3543 3485 3799 3550 videmus,

2231 3582 2418 3636 porcos
2445 3566 2509 3620 ad
2537 3583 2694 3622 usum
2738 3569 3096 3625 desideratum
3123 3587 3409 3626 concessos
3438 3590 3561 3629 esse
3603 3575 3798 3629 dzemo-

2229 3661 2382 3711 nibus
2411 3657 2625 3725 (Matth.
2649 3658 2707 3713 ‘8.
2738 3659 2865 3727 2‘2);
2893 3659 2994 3713 hoc
3035 3672 3086 3714 et
3115 3661 3181 3714 de
3208 3662 3421 3717 homine
3449 3676 3592 3720 recte
3623 3681 3803 3736 possu-

2229 3761 2346 3800 mus
2374 3746 2588 3801 dicere?
2632 3749 2844 3802 Animal
2898 3759 2979 3802 est
3019 3750 3196 3814 enim,
3243 3751 3336 3806 sed
3371 3755 3663 3819 rationale,
3706 3759 3801 3810 etsi

2228 3837 2469 3891 mortale.
2504 3838 2691 3891 Anima
2723 3851 2803 3892 est
2841 3841 3114 3894 rationalis
3142 3842 3193 3894 in
3227 3843 3332 3897 illis
3359 3847 3644 3912 membris,
3688 3864 3803 3915 qu:e

2230 3928 2388 3979 tantis
2429 3926 2804 3982 afﬂictionibus
2855 3944 3039 3998 pwnas
3083 3931 3176 3983 luit
3217 3949 3231 3987 :
3273 3932 3421 3987 Dens
3469 3935 3639 3989 bonus
3685 3949 3799 4000 est,

2230 4019 2368 4074 Deus
2389 4019 2565 4089 justus
2594 4032 2676 4074 est
2699 4063 2713 4087 ,
2747 4022 2887 4076 Deus
2915 4023 3250 4092 omnipotens
3274 4035 3392 4086 est;
3425 4025 3527 4080 hoc
3564 4027 3804 4080 dubitare

2225 4113 2442 4168 omnino
2471 4113 2734 4169 dementis
2761 4122 2862 4170 est.
2891 4113 3184 4170 Tantorum
3211 4131 3340 4186 ergo
3371 4120 3661 4183 malorum,
3685 4134 3802 4188 qua:

2227 4207 2358 4260 fiunt
2403 4205 2454 4260 in
2487 4207 2754 4275 parvulis,
2800 4221 2956 4262 causa
3003 4208 3141 4276 justa
3169 4206 3398 4262 dicatur.
3439 4208 3639 4277 Nempe
3682 4224 3801 4263 cum

2227 4297 2457 4363 majores
2479 4297 2578 4349 ista
2606 4298 2878 4364 patiuntur
2900 4295 2992 4368 [aL
3021 4297 3323 4369 patiantur],
3347 4299 3578 4352 solemus
3602 4299 3798 4364 dicere,

2225 4395 2314 4438 aut
2340 4387 2476 4439 sicut
2504 4386 2555 4439 in
2597 4385 2700 4440 Job
2729 4387 2920 4441 merita
2951 4387 3242 4442 examinari
3270 4429 3284 4453 ,
3317 4401 3408 4442 aut
3436 4390 3572 4443 sicut
3616 4391 3666 4443 in
3699 4390 3802 4443 lle-

2225 4477 2357 4533 rode
2386 4486 2598 4547 peccata
2623 4479 2814 4548 puniri.
2848 4480 2913 4534 Et
2935 4480 3002 4534 de
3026 4480 3340 4549 quibusdam
3369 4483 3656 4551 exemplis,
3683 4498 3802 4552 qua:

2193 4567 2365 4622 IDeus
2385 4569 2659 4623 manifesta
2698 4584 2820 4625 esse
2837 4571 3025 4636 voluit,
3052 4571 3150 4625 alia
3179 4588 3296 4641 qua:
3323 4573 3548 4626 obscura
3577 4586 3700 4627 suut
3721 4574 3801 4643 (ἀ)

2226 4657 2424 4713 homini
2453 4659 2757 4729 conjectare
2783 4662 3113 4726 conceditur,
3145 4662 3239 4717 sed
3267 4661 3371 4717 hoc
3399 4662 3451 4716 in
3483 4663 3799 4732 majoribus.

2229 4752 2300 4806 De
2331 4751 2564 4822 parvulis
2607 4762 2786 4807 autem
2828 4753 2952 4824 quid
2993 4754 3410 4824 reSpondcamus
3455 4755 3726 4820 edissere,
3758 4755 3806 4808 si

2229 4845 2398 4912 poenis
2422 4844 2582 4898 tantis
2615 4844 2760 4898 nulla
2790 4845 2840 4898 in
2867 4844 2944 4899 eis
2968 4854 3092 4899 sunt
3121 4845 3383 4914 punienda
3409 4854 3644 4913 peccata.
3669 4844 3805 4899 Nam

2227 4937 2406 5004 utique
2421 4935 2562 4988 nulla
2579 4944 2662 4989 est
2687 4935 2739 4989 in
2767 4934 2873 4988 illis
2897 4934 3142 4988 aetatibus
3159 4935 3509 4988 examinanda
3536 4935 3762 5003 justitia.
3781 4953 3800 4986 ι

2299 5027 2386 5080 17.
2413 5043 2433 5077 ς
2467 5024 2544 5078 De
2566 5025 2895 5095 ingeniorum
2913 5040 3038 5079 vero
3055 5023 3361 5079 diversitate
3385 5023 3477 5095 (ε),
3491 5027 3596 5078 imo
3620 5026 3813 5079 absur-

2227 5117 2411 5179 ditate,
2440 5117 2564 5187 quid
2590 5117 2760 5172 dicam
2782 5134 2797 5182 ;
2819 5131 2937 5186 quae
2959 5117 3170 5186 quidem
3201 5117 3252 5170 in
3277 5117 3507 5186 parvulis
3529 5117 3682 5178 latet.
3713 5117 3811 5170 scd

2228 5209 2294 5261 ab
2322 5209 2452 5278 ipsis
2482 5208 2716 5262 exordiis
2737 5209 3065 5262 naturalibus
3089 5209 3246 5264 ducta
3271 5250 3287 5275 ,
3314 5220 3538 5278 apparet
3563 5210 3618 5262 iu
3647 5225 3814 5278 grau-

2229 5300 2383 5353 dibus
2407 5339 2422 5363 ,
2448 5313 2675 5367 quorum
2707 5300 2946 5354 nonnulli
2976 5309 3081 5355 tam
3124 5300 3258 5354 tardi
3289 5308 3344 5355 et
3369 5301 3613 5354 obliv'iosi
3641 5310 3770 5354 sunt
3796 5340 3811 5361 ,

2231 5399 2378 5444 utne
2404 5389 2572 5458 prima
2611 5388 2825 5460 quidem
2863 5390 3066 5446 discere
3091 5390 3385 5446 litterarum
3420 5390 3685 5446 elementa
3716 5409 3819 5462 ιιι-

2295 5566 2365 5688 (c)
2400 5566 2626 5616 Erasmus
2648 5582 2702 5617 ac
2725 5569 2944 5617 Martian.
2969 5568 3147 5631 itaque.

2319 5628 2372 5688 d)
2408 5628 2577 5686 Iidem,
2605 5630 2776 5678 vitiose
2815 5638 2994 5688 tamen,
3030 5626 3274 5679 Itominmn
3310 5625 3421 5688 conj

2231 5626 2372 5736 (mw)
2408 5628 2577 5686 Iidem,
2605 5630 2776 5678 vitiose
2815 5638 2994 5690 tamen,
3030 5626 3274 5679 Iiominmn
3310 5626 3604 5690 conjectum
3637 5643 3817 5680 concc-

2307 5701 2381 5736 ur.

2293 5723 2593 5812 '(Ie')._blono_nt
2625 5751 2931 5804 Bcnedictini
2969 5754 3020 5800 in
3047 5753 3188 5802 editis
3209 5750 3391 5812 aliquot
3429 5759 3479 5802 et
3515 5752 3628 5802 lilss.
3657 5753 3822 5803 omitti

2231 5809 2326 5860 imo
2344 5809 2654 5863 absurditate.
