4080 6340
366 436 515 497 ηπ

363 554 568 608 tuerint
597 570 608 605 :
642 550 855 622 quidam
882 564 1008 605 vero
1034 556 1194 603 tantae
1235 556 1360 603 sunt
1398 542 1684 609 fatuitatis,
1731 550 1788 596 ut
1830 555 1937 595 non

362 644 590 698 multum
633 658 661 695 a
694 640 972 711 pecoribus
997 638 1277 704 ditl‘erant;
1306 652 1440 708 quos
1482 634 1753 692 moriones
1781 634 1940 703 vulgo

361 743 576 789 vocant.
609 717 983 802 ReSpondetur
1012 730 1241 786 fortasse
1262 770 1278 796 ,
1322 743 1548 799 corpora
1589 728 1689 781 hoe
1718 724 1934 780 faciunt.

359 825 469 881 Sed
513 822 766 894 numquid
804 820 1097 878 secundum
1138 823 1274 876 hanc
1309 820 1622 875 sententiam
1662 831 1820 887 quam
1860 813 1936 885 (a)

359 913 577 969 defendi
605 913 854 969 volumus
875 955 890 978 ,
920 912 1097 966 anima
1125 912 1224 965 sibi
1255 925 1447 979 corpus
1471 909 1650 979 elegit,
1677 917 1729 962 et
1754 906 1806 960 in
1836 906 1936 959 eli-

354 1006 537 1078 gendo
562 1021 683 1060 cum
731 1002 1045 1071 falleretur,
1092 1002 1333 1059 erravit?
1358 1009 1449 1056 aut
1491 1013 1612 1055 cum
1654 998 1713 1051 in
1744 1010 1937 1066 corpus

355 1105 641 1168 cogeretur
716 1096 930 1169 1008
999 1096 1197 1150 intrare
1218 1093 1531 1148 necessitate
1549 1088 1937 1151 nascendi,alia

351 1205 584 1259 cet-pora
605 1188 1098 1259 praeoccupantibus
1125 1186 1419 1240 animarum
1446 1183 1634 1249 turbis,
1662 1177 1934 1250 ipsaali’ud

351 1297 464 1337 non
491 1281 725 1348 invenit,
756 1290 810 1335 ct
837 1283 974 1336 sicut
1003 1280 1054 1334 in
1090 1277 1394 1349 spectaculo
1421 1276 1597 1346 aliquo
1619 1275 1790 1328 locum
1816 1313 1832 1337 ,
1864 1272 1932 1325 ita

349 1387 570 1427 carnem
603 1387 709 1426 non
735 1386 893 1441 quam
930 1370 1133 1436 voluit,
1162 1367 1263 1423 sed
1294 1380 1451 1439 quam
1481 1364 1676 1429 val‘uit,
1710 1374 1934 1430 occupa-

351 1461 771 1531 vit't'N'umquid'
802 1459 914 1514 haec
939 1467 994 1515 et
1022 1458 1147 1513 talia
1172 1459 1266 1513 vel
1282 1457 1461 1512 dicere
1499 1466 1781 1526 possumus
1801 1493 1816 1516 ,
1846 1449 1941 1503 vel

347 1551 554 1607 sentire
576 1550 867 1605 debemus?
889 1550 1028 1604 Doce
1053 1547 1349 1619 igitnrqnid
1368 1544 1586 1608 sentire,
1608 1544 1741 1613 quid
1756 1542 1934 1595 dicere

250 1642 271 1701 ί
346 1645 726 1709 debeamus,ut
740 1651 948 1698 constet
964 1643 1115 1696 nobis
1131 1640 1263 1694 ratio
1276 1651 1529 1693 novarum
1543 1636 1836 1690 animarum
1857 1632 1930 1703 (ti)

351 1735 768 1805 singillatimque
796 1732 1053 1788 factarum
1084 1730 1307 1801 singulis
1328 1727 1660 1797 corporibus.
1693 1744 1717 1776 ι

431 1827 517 1882 18.
545 1844 563 1877 ι
598 1824 711 1896 Ego
736 1824 949 1896 quidem
976 1839 1081 1877 non
1109 1822 1178 1877 de
1223 1821 1449 1890 ingeniis
1471 1862 1487 1886 ,
1516 1818 1617 1873 sed
1649 1817 1834 1870 saltent
1863 1815 1931 1869 de

258 1926 281 1933 ‘
354 1917 530 1988 pugnis
560 1916 920 1986 parvulorum,
949 1930 1080 1986 quas
1119 1913 1171 1968 in
1210 1912 1311 1967 hac
1338 1911 1443 1964 vita
1476 1910 1767 1979 patiuntur,
1798 1907 1928 1971 dixi,

347 2006 549 2079 aliquid
598 2007 650 2060 in
694 2005 841 2060 libris
888 2006 994 2059 illis
1037 2004 1100 2057 de
1137 2003 1291 2057 libero
1333 1999 1539 2053 arbitrio
1582 1996 1716 2070 (Lib.
1741 1997 1796 2050 '5.
1835 1995 1926 2051 25.

349 2115 405 2150 u.
433 2098 547 2168 67).
570 2096 721 2165 Quod
747 2095 904 2166 quale
930 2096 1028 2163 sit,
1065 2103 1119 2149 et
1139 2110 1235 2148 cur
1262 2091 1389 2146 mihi
1416 2091 1467 2143 in
1495 2089 1617 2154 ista,
1645 2102 1801 2156 quam
1832 2087 1928 2140 ha-

347 2188 538 2243 bemus
560 2190 610 2241 in
637 2188 882 2241 manibus
902 2186 1217 2256 quaestione,
1242 2198 1348 2236 non
1378 2179 1627 2243 sufﬁciat,
1651 2178 1924 2242 intimabo,

346 2290 404 2333 et
441 2296 561 2332 cunt
611 2279 782 2347 ipsum
822 2275 888 2332 de
918 2278 1076 2331 tertio
1114 2274 1252 2330 libro
1290 2274 1464 2327 locum
1504 2278 1811 2338 excerptum
1845 2268 1927 2322 his

346 2371 545 2424 litteris
591 2370 850 2433 inseram;
897 2381 1023 2421 nam
1069 2367 1142 2420 ita
1198 2380 1261 2420 se
1292 2361 1599 2418 habet:l)e
1627 2362 1926 2415 cruciatibus

282 2452 289 2459 ’
348 2473 520 2513 mitem
546 2460 769 2530 corporis
804 2458 981 2530 quibus
1008 2457 1298 2529 afﬂiguntur
1328 2458 1557 2527 parvuli,
1597 2473 1808 2526 quorum
1839 2472 1927 2521 per

348 2562 549 2605 wtatem
578 2550 720 2603 nulla
743 2559 944 2618 peccata
964 2557 1097 2614 sunt,
1130 2549 1175 2603 si
1201 2547 1384 2601 animi:
1410 2547 1587 2617 Quibus
1615 2545 1922 2608 animantur,

348 2657 451 2695 non
476 2642 616 2711 prius
643 2657 795 2708 quam
815 2641 923 2709 ipsi
934 2641 1158 2694 homines
1185 2656 1290 2693 esse
1317 2648 1594 2710 coeperunt,
1621 2640 1783 2710 major
1801 2654 1922 2705 que-

348 2733 455 2787 rela
498 2744 544 2787 et
568 2734 712 2803 quasi
741 2733 1021 2787 misericors
1053 2732 1236 2801 deponi
1264 2732 1336 2802 (ο)
1366 2732 1524 2791 solet,
1554 2748 1666 2784 cunt
1708 2729 1921 2795 dicitur,

351 2825 488 2890 Quid
528 2824 648 2877 ntuli
678 2828 934 2895 fecerunt,
964 2833 1019 2877 ut
1059 2824 1156 2877 ista
1198 2822 1527 2894 paterentur?
1573 2820 1732 2889 Quasi
1761 2819 1923 2889 possit

345 2930 456 2968 esse
482 2916 710 2968 meritum
734 2916 1028 2969 innocentia
1049 2956 1063 2980 ,
1086 2923 1202 2969 ante
1223 2930 1373 2985 quam
1402 2914 1607 2983 quisque
1626 2928 1802 2966 nocere
1821 2912 1924 2965 ali-

344 3005 470 3073 quid
498 3007 674 3074 possit.
710 3004 836 3059 Cum
864 3014 1029 3058 autent
1063 3006 1179 3058 boni
1211 3005 1405 3073 aliquid
1442 3015 1681 3074 operatur
1705 3003 1842 3056 Deus
1870 3004 1922 3057 in

345 3096 695 3149 emendatione
741 3095 993 3165 majorum
1018 3136 1034 3161 ,
1078 3111 1196 3149 cum
1218 3096 1540 3165 parvulorum
1569 3110 1815 3160 suorum,
1835 3093 1927 3163 qui

345 3186 420 3239 eis
457 3189 563 3239 cari
597 3196 746 3251 sunt,
788 3187 1046 3240 doloribus
1078 3204 1138 3239 ac
1166 3187 1408 3240 mortibus
1446 3185 1802 3257 ﬂagellantur,
1832 3202 1924 3238 cur

349 3278 451 3331 ista
479 3296 579 3333 non
610 3280 734 3348 [iant
758 3319 773 3345 ,
806 3279 1008 3350 quando
1032 3296 1145 3333 cum
1171 3280 1462 3333 transierint
1485 3319 1500 3344 ,
1530 3295 1621 3349 pro
1648 3295 1749 3332 non
1775 3278 1922 3347 factis

346 3379 515 3435 erunt,
548 3370 599 3423 in
625 3369 803 3438 quibus
844 3371 979 3441 facta
1007 3379 1169 3424 sunt:
1209 3379 1413 3439 propter
1436 3384 1561 3437 quos
1594 3379 1760 3423 autem
1785 3370 1923 3438 facta

344 3468 464 3512 sunt
483 3500 498 3523 ,
535 3468 623 3511 aut
650 3458 877 3512 meliores
916 3468 1095 3525 erunt,
1123 3458 1171 3513 si
1205 3457 1564 3528 temporalibus
1593 3458 1921 3512 incommodis

346 3547 621 3612 emendati,
660 3548 845 3601 rectius
871 3549 1108 3617 elegerint
1133 3548 1294 3603 vivere
1317 3564 1336 3602 :
1360 3558 1450 3601 aut
1476 3549 1845 3603 excusationem
1868 3551 1923 3602 in

277 3625 282 3628 ’
348 3639 509 3708 futuri
524 3638 710 3708 judicii
737 3639 986 3709 supplicio
1014 3655 1115 3692 non
1153 3639 1418 3705 habebunt,
1449 3640 1493 3693 si
1512 3639 1626 3693 vita:
1649 3641 1802 3706 hujus
1829 3655 1923 3693 an-

345 3729 572 3798 goribus,
595 3732 665 3782 ad
682 3737 922 3782 (sternam
944 3728 1096 3781 vitam
1116 3727 1417 3784 desiderium
1439 3738 1721 3782 convertere
1747 3728 1922 3780 nolue-

346 3818 491 3871 rint?
521 3818 647 3885 Quis
684 3826 852 3871 autem
877 3817 1010 3870 novit
1050 3816 1173 3886 quid
1206 3816 1452 3887 parvulis,
1485 3815 1547 3869 de
1570 3832 1779 3885 quarunt
1799 3831 1917 3869 cru-

347 3909 563 3963 ciatibus
602 3908 792 3962 duritia
831 3908 1083 3977 majorum
1128 3907 1484 3973 contunditur,
1532 3916 1619 3959 aut
1665 3916 1923 3961 exercetur

348 4000 475 4067 ﬁdes
497 4039 512 4061 ,
553 4008 639 4052 aut
681 3998 1026 4053 misericordia
1065 3998 1303 4065 probatur
1328 4013 1347 4049 :
1373 3998 1486 4069 quis
1524 3995 1605 4069 (ά)
1642 4014 1760 4068 ergo
1784 3999 1921 4051 novit

347 4089 469 4156 quid
494 4088 620 4158 ipsis
647 4089 874 4157 parvulis
902 4088 954 4142 in
994 4098 1181 4143 secreto
1212 4088 1526 4160 judiciorum
1548 4106 1753 4144 suorunt
1779 4088 1923 4144 bona

347 4180 768 4249 compensationis
823 4189 1035 4234 reservet
1095 4178 1278 4234 Deus?
1323 4180 1573 4246 Quoniam
1635 4196 1921 4250 quanquam

348 4270 477 4323 nihil
518 4280 652 4324 recte
688 4271 928 4341 fecerint,
968 4279 1132 4325 tamen
1162 4287 1251 4325 nec
1293 4280 1552 4341 peccantes
1593 4272 1786 4341 aliquid
1825 4273 1921 4327 ista

349 4361 573 4431 perpessi
609 4370 746 4416 sunt.
788 4359 912 4416 Non
948 4364 1082 4416 enim
1122 4365 1312 4432 [rustra
1355 4362 1506 4415 etiam
1533 4362 1757 4432 infantes
1779 4362 1918 4431 illos,

346 4451 433 4520 qui
471 4467 586 4506 cum
613 4451 865 4507 Dominus
898 4461 1066 4508 noster
1103 4451 1252 4507 J‘esus
1296 4449 1527 4508 Christus
1565 4454 1819 4507 necandus
1857 4455 1921 4508 ab

350 4538 555 4595 Herode
576 4552 882 4611 quereretur
898 4584 915 4610 ,
937 4543 1089 4597 occisi
1112 4551 1262 4608 sunt,
1286 4543 1340 4597 in
1363 4543 1608 4598 [tortorem
1634 4543 1919 4615 Martyrum

347 4643 572 4699 receptos
598 4635 911 4688 commendat
943 4635 1219 4690 Ecdesiaa

422 4724 509 4779 19.
539 4741 559 4776 ι
591 4725 713 4779 llaec
742 4733 867 4779 tunc
891 4725 1023 4791 dixi,
1052 4741 1172 4780 cum
1202 4728 1338 4781 hanc
1364 4728 1530 4795 ipsam
1560 4729 1628 4782 de
1654 4745 1756 4797 qua
1779 4745 1920 4784 nunc

348 4814 523 4883 agitur
576 4814 768 4869 vellem
814 4816 1145 4869 connuunire
1190 4817 1530 4871 sententiam.
1580 4819 1731 4872 Sicut
1776 4820 1919 4874 enim

349 4905 509 4975 paulo
553 4915 676 4960 ante
719 4909 1168 4971 commemoravi,
1212 4919 1561 4977 quaecumque
1602 4908 1811 4964 illarum
1852 4909 1922 4965 de

349 4997 541 5051 animae
584 4996 947 5052 incarnatione
988 5006 1218 5068 quatuor
1257 4996 1566 5065 opinionum
1592 5014 1719 5053 vera
1745 5009 1918 5065 esset,

348 5088 671 5155 ineulpatam
705 5087 1055 5143 substantiam
1098 5087 1400 5155 Creatoris,
1448 5098 1502 5142 et
1544 5103 1574 5142 a
1616 5098 1921 5148 nostrorum

351 5186 694 5244 peccatorum
741 5176 998 5231 societate
1042 5176 1455 5233 remotissimam
1501 5177 1707 5234 nitebar
1735 5189 1920 5236 osten-

348 5265 497 5320 dere.
523 5264 592 5320 Et
614 5264 743 5320 ideo.
812 5266 1022 5337 1009
1091 5282 1438 5336 quaecumque
1466 5268 1673 5323 illarum
1702 5270 1922 5326 veritate

349 5365 533 5425 posset
558 5356 804 5413 convinci
842 5367 898 5413 et
940 5358 1247 5427 repudiari,
1297 5359 1372 5415 ad‘
1397 5374 1580 5415 curam
1612 5361 1920 5418 intentionis

414 5529 486 5602 ςη)
519 5527 766 5602 Contraria
801 5544 952 5602 sensu
984 5529 1219 5602 Martiau._
1243 5537 1355 5602 post
1386 5533 1640 5585 Erasmum
1660 5534 1920 5600 de[enderc

347 5590 585 5658 noluimus
608 5604 625 5641 :
651 5590 794 5658 falso,
810 5598 865 5641 ut
883 5604 945 5641 ex
968 5590 1298 5658 superioribus
1318 5592 1488 5658 liquet.

433 5652 483 5724 li)
516 5652 594 5724 ΑΙ.
618 5651 827 5724 singulis
840 5651 1128 5724 corporibus
1138 5651 1501 5724 singulatimque
1521 5656 1777 5719 factarum.

436 5715 484 5821 f2
516 5713 734 5763 Martiali.
756 5721 870 5785 post
888 5713 1073 5785 Erasm.
1094 5713 1329 5785 depromi.
1421 5713 1433 5720 ’
1521 5713 1532 5719 ⁷
1900 5726 1905 5731 ’

478 5784 492 5821 1
521 5774 821 5821 Benedietmi
845 5788 952 5821 ams
965 5786 1082 5821 eruo
1099 5780 1240 5821 norit.
1259 5784 1355 5821 etc-
1372 5776 1450 5821 alii
1469 5777 1575 5821 nnis
1591 5776 1787 5821 inmmm
1805 5792 1905 5821 erat

517 5774 821 5885 tljgtitadictioi
845 5775 952 5839 quis
965 5786 1082 5840 ergo
1099 5774 1240 5839 norit,
1259 5784 1355 5829 etc.
1372 5776 1452 5829 alii
1469 5777 1575 5839 quis
1591 5776 1787 5840 inquam
1805 5792 1920 5844 ergo

415 5846 492 5896 ru,
517 5846 610 5886 etc.

1688 404 2035 482 ‘srisrout
2073 421 2313 479 cxxxr.

3478 417 3617 485 ttat

2048 554 2201 603 meas,
2232 552 2390 609 quam
2421 548 2546 596 tunc
2577 540 2833 597 habebam
2877 558 2981 598 non
3008 541 3303 612 pertinebat
3335 560 3349 599 :
3377 544 3619 614 quando-

2044 631 2257 702 quidem
2294 633 2503 689 eunetis
2541 633 2880 705 diligentiore
2914 634 3275 705 disputatione
3310 634 3604 701 discussis,

2044 738 2395 794 quaecumque
2424 724 2633 779 illarum
2674 733 2819 781 recte
2863 726 3098 783 vinceret
3137 737 3395 791 caeteras,
3422 743 3510 784 me
3531 741 3618 782 se-

2043 815 2323 869 curissimo
2350 814 2519 879 ﬁeret,
2553 816 2766 885 quando
2790 817 2949 872 etiam
2989 818 3280 875 secundum
3308 833 3497 875 mones
3536 818 3611 885 id,

2043 906 2185 974 quod
2232 905 2483 975 agebam,
2531 908 2785 961 invictum
2832 908 3118 976 persistere
3157 909 3614 965 demonstrabam.

2042 994 2193 1050 Nunc
2218 1011 2342 1052 vero
2368 1011 2528 1051 unam
2560 997 2703 1062 volo,
2731 998 2783 1051 si
2807 1012 3020 1071 possum
3046 1039 3062 1063 ,
3104 999 3315 1056 ratione
3337 1008 3483 1057 recta
3508 999 3615 1056 eli-

2040 1101 2170 1157 gere
2193 1103 2258 1143 ex
2288 1090 2534 1144 omnibus
2560 1106 2573 1143 :
2615 1099 2670 1145 et
2697 1100 2976 1160 propterea
3017 1091 3172 1160 huius
3196 1091 3382 1162 ipsius,
3412 1092 3482 1148 de
3509 1106 3615 1163 qua

2044 1194 2182 1232 nunc
2211 1174 2416 1248 agimus
2436 1180 2826 1245 defensionem,
2852 1181 2905 1235 in
2935 1179 3040 1246 his,
3061 1195 3181 1250 quae
3199 1182 3615 1238 commemoravi

2040 1267 2109 1322 de
2134 1269 2225 1322 illo
2256 1267 2412 1334 libro,
2446 1271 2625 1325 verbis
2652 1270 2789 1325 meis
2827 1270 3084 1326 attentius
3110 1269 3351 1338 intuens,
3381 1270 3617 1327 validam

2042 1360 2351 1432 firmamque
2376 1376 2480 1414 non
2510 1361 2723 1416 viden»
3408 1415 3411 1418 .

2108 1451 2196 1507 20.
2228 1471 2248 1504 ι
2284 1451 2416 1507 Nam
2444 1453 2592 1508 velut
2618 1453 3008 1509 ﬁrmamentum
3036 1454 3154 1526 ejus
3180 1454 3309 1511 iimd
3338 1462 3442 1520 est,
3473 1454 3613 1526 quod

2039 1541 2107 1595 ibi
2152 1542 2263 1596 dixi
2287 1583 2309 1608 ,
2336 1544 2461 1608 Quis
2485 1556 2650 1597 autem
2691 1548 2827 1598 novit
2859 1546 2983 1615 quid
3026 1546 3249 1615 parvulis
3272 1584 3286 1608 .
3314 1547 3377 1599 de
3399 1560 3614 1615 quorum

2037 1636 2338 1690 cruciatibus
2368 1638 2557 1690 duritia
2581 1639 2834 1707 majorum
2862 1639 3210 1704 contunditur,
3238 1646 3326 1691 aut
3357 1645 3614 1691 exercetur

2036 1727 2195 1795 fides,
2243 1737 2331 1780 aut
2369 1728 2712 1781 misericordia
2754 1729 2993 1797 probatur
3017 1743 3038 1781 :
3072 1729 3203 1796 quis,
3228 1728 3457 1792 inquam,
3478 1728 3614 1781 novit

2034 1818 2157 1887 quid
2189 1818 2314 1885 ipsis
2343 1818 2567 1889 parvulis
2597 1819 2650 1872 in
2691 1829 2881 1873 secreto
2900 1818 3215 1889 iudiciorum
3239 1836 3444 1874 suorum
3470 1819 3612 1873 bona:

2034 1908 2452 1979 compensationis
2479 1918 2693 1963 reservet
2722 1909 2892 1963 Deus?
2918 1909 2992 1979 (e)
3021 1908 3127 1964 Sed
3164 1909 3266 1964 hoc
3293 1925 3398 1963 non
3423 1909 3610 1964 imme-

2033 1998 2136 2052 rito
2159 1997 2265 2053 dici
2293 1999 2450 2054 video
2479 1999 2547 2054 de
2572 1999 2677 2063 his.
2707 2000 2796 2071 qui
2828 2002 2910 2054 vel
2950 2015 3047 2069 pro
3074 1999 3273 2056 Christi
3306 2001 3521 2054 nomine
3547 2014 3612 2054 ac

2032 2104 2157 2143 vera
2201 2090 2456 2160 religione
2483 2090 2590 2146 tale
2621 2090 2818 2160 aliquid
2857 2091 3017 2146 etiam
3051 2092 3351 2146 nescientes
3398 2092 3610 2161 patiun-

2034 2190 2138 2248 tur,
2169 2182 2251 2236 vel
2296 2191 2635 2237 sacramento
2681 2183 2877 2239 Christi
2903 2183 3014 2254 jam
3064 2184 3250 2239 imbuti
3292 2195 3455 2250 sunt,
3483 2185 3609 2255 quia

2031 2273 2148 2328 sine
2176 2276 2431 2330 societate
2459 2276 2614 2330 unius
2634 2275 2943 2331 mediatoris
2969 2276 3182 2332 liberari
3213 2293 3243 2332 a
3267 2277 3607 2333 damnatione

2028 2379 2140 2418 non
2169 2373 2409 2434 possunt,
2441 2376 2498 2419 ut
2522 2369 2690 2435 possit
2713 2366 2812 2432 eis,
2845 2368 3004 2422 etiam
3032 2382 3130 2437 pro
3159 2367 3263 2422 illis
3291 2369 3462 2435 malis,
3487 2382 3608 2439 qua:

2030 2458 2117 2511 hic
2141 2457 2194 2511 in
2215 2457 2442 2513 diversis
2461 2457 2840 2514 afﬂictionibus
2862 2460 3217 2528 pertulerunt,
3240 2439 3606 2527 compensatio

2031 2547 2128 2601 ista
2157 2549 2418 2617 praestari.
2444 2549 2595 2603 Nune
2619 2560 2797 2604 autem
2828 2565 2949 2605 cum
2975 2549 3073 2604 ista
3101 2550 3326 2620 qumstio
3353 2565 3459 2604 non
3483 2565 3607 2621 pos-

2027 2621 2097 2692 sit
2124 2636 2360 2703 absolvi,
2394 2639 2496 2694 nisi
2521 2642 2679 2695 etiam
2707 2639 2775 2695 de
2814 2639 2898 2695 his
2929 2641 3160 2711 parvulis
3201 2640 3605 2711 respondeatur,

2026 2730 2114 2798 qui
2144 2739 2264 2799 pust
2287 2731 2633 2803 gravissimos
2663 2732 2931 2785 cruciatus
2955 2732 3070 2784 sine
3093 2740 3431 2786 sacramento
3459 2731 3608 2787 Chri-

2025 2820 2211 2873 stianae
2233 2822 2504 2875 societatis
2522 2822 2794 2892 ex5pirant
2811 2836 2932 2891 quae
2956 2821 3094 2875 circa
3124 2834 3219 2876 eos
3242 2822 3607 2892 compensatio

2025 2910 2310 2980 cogitanda
2335 2922 2440 2978 est,
2476 2912 2670 2982 quibus
2694 2912 2916 2981 insuper
2938 2921 2992 2967 et
3015 2911 3286 2967 damnatio
3312 2922 3607 2983 praeparata

2025 2999 2147 3055 est?
2167 3000 2297 3054 Nam
2328 3010 2382 3056 et
2403 3002 2470 3056 de
2500 3003 2766 3071 baptismo
2792 3002 3130 3073 parvulorum
3154 3002 3207 3056 in
3229 3002 3419 3058 eodem
3442 3002 3601 3069 libro.

2025 3109 2130 3147 non
2160 3094 2375 3163 quidem
2403 3094 2751 3161 sufﬁcienter,
2780 3094 2874 3150 sed
2901 3103 3158 3164 quantum
3182 3094 3265 3149 illi
3293 3095 3446 3164 operi
3473 3097 3605 3151 satis

2023 3200 2145 3240 esse
2174 3184 2476 3252 videbatur,
2511 3193 2798 3255 utcumque
2834 3183 3106 3253 respondi,
3138 3184 3279 3254 quod
3307 3185 3467 3239 etiam
3507 3200 3604 3240 ne-

2025 3274 2335 3339 scientibus,
2383 3284 2438 3329 et
2478 3274 2639 3330 ﬁdem
2666 3289 2817 3330 suam
2848 3275 3088 3330 nondum
3118 3274 3436 3330 habentibus
3479 3290 3607 3346 pro-

2024 3363 2142 3421 dest
2175 3383 2188 3419 :
2218 3382 2322 3420 non
2352 3375 2529 3422 tamen
2555 3368 2625 3423 de
2648 3367 2990 3424 damnatione
3014 3383 3201 3423 eorum
3233 3368 3601 3438 parvulorum,

2024 3458 2114 3527 qui
2141 3462 2257 3514 sine
2297 3460 2388 3513 illo
2429 3476 2495 3514 ex
2526 3460 2627 3515 hac
2653 3460 2754 3514 vita
2782 3459 3045 3531 emigrant
3068 3501 3087 3527 ,
3116 3469 3243 3516 tunc
3283 3456 3482 3529 aliquid
3520 3459 3603 3516 di-

2024 3548 2251 3603 cendum
2293 3550 2469 3620 putavi
2494 3591 2511 3617 ,
2556 3550 2681 3620 quia
2710 3564 2818 3604 non
2857 3550 2998 3621 quod
3028 3565 3180 3606 nunc
3211 3552 3384 3622 agitur
3409 3550 3606 3624 ageba-

2025 3638 2133 3685 tur.

2091 3720 2184 3777 21.
2236 3721 2344 3777 Sed
2386 3732 2444 3776 ut
2479 3723 2864 3779 omittamuset
2889 3733 3295 3780 contemnamus
3330 3740 3394 3780 ea
3419 3764 3436 3793 ,
3482 3741 3603 3794 qute

2024 3811 2174 3867 brevi
2204 3822 2443 3883 tempore
2483 3814 2801 3883 patiuntur,
2837 3830 2936 3871 nec
2962 3824 3227 3872 transacta
3250 3826 3597 3886 revocantur,

2025 3905 2293 3975 mnnquid‘
2325 3907 2570 3961 similiter
2604 3917 2950 3963 contemnere
2988 3922 3307 3977 possumus,
3345 3909 3488 3981 quod
3513 3927 3605 3981 per

2024 4015 2180 4051 unum
2201 3998 2451 4052 hominem
2475 4014 2629 4063 mors,
2658 4008 2706 4052 et
2731 4015 2821 4070 per
2847 4015 3007 4053 unum
3030 4000 3281 4056 hominem
3300 4003 3603 4057 resurrectio

2024 4098 2340 4142 mortuorum
2362 4088 2565 4143 ?'Si‘cut
2582 4090 2715 4142 enim
2732 4090 2786 4143 in
2814 4089 2977 4144 Adam
3003 4106 3175 4145 omnes
3200 4092 3502 4154 moriuntur,
3531 4094 3604 4147 sic

2024 4191 2070 4236 et
2093 4181 2147 4235 in
2167 4179 2365 4234 Christo
2386 4196 2557 4234 omnes
2576 4181 2958 4248 viviﬁcabuntur
2979 4181 3053 4254 (1.
3077 4180 3197 4236 Cor.
3218 4183 3306 4243 15.
3328 4182 3392 4237 21
3415 4192 3464 4237 et
3481 4183 3599 4254 22).

2026 4270 2127 4326 Per
2149 4270 2287 4325 hanc
2305 4272 2448 4326 enim
2474 4271 2843 4340 apostolicam,
2866 4271 3123 4336 divinant,
3149 4273 3460 4345 claramque
3476 4288 3605 4329 sen-

2026 4358 2273 4428 tentiam,
2301 4360 2432 4416 satis
2460 4360 2736 4416 evidenter
2760 4362 2958 4425 elucet,
2986 4363 3253 4418 neminem
3282 4363 3358 4419 ire
3384 4364 3440 4419 in
3460 4376 3601 4421 mor-

2024 4458 2132 4507 tem
2158 4450 2261 4505 nisi
2289 4466 2388 4522 per
2415 4450 2608 4518 Adam,
2635 4451 2900 4508 neminem
2926 4453 3003 4507 ire
3081 4454 3291 4526 1010
3360 4452 3414 4508 in
3440 4453 3603 4508 vitam

2024 4553 2278 4599 arternam
2302 4584 2316 4609 ,
2358 4542 2459 4597 nisi
2501 4558 2595 4613 per
2617 4540 2909 4598 Christum.
2942 4544 3055 4598 lloe
3092 4554 3178 4599 est
3203 4544 3403 4614 quippe
3430 4560 3603 4599 omnes

2023 4644 2079 4688 et
2099 4649 2290 4696 omnes,
2318 4633 2440 4701 quia
2467 4632 2605 4685 sicut
2629 4645 2815 4685 omnes
2838 4631 3083 4686 homines
3105 4646 3206 4701 per
3222 4633 3471 4702 primam,
3497 4632 3600 4688 hoc

2025 4734 2107 4778 est
2132 4738 2229 4793 per
2257 4722 2524 4776 carnalem
2570 4722 2967 4791 generationem
3001 4723 3267 4791 pertinent
3290 4723 3358 4779 ad
3387 4708 3555 4781 Kdam
3584 4742 3600 4781 :

2025 4814 2103 4867 sie
2124 4826 2311 4866 omnes
2327 4811 2571 4866 homines
2593 4810 2675 4865 ad
2688 4812 2995 4878 secundam,
3024 4812 3077 4868 id
3094 4822 3179 4868 est
3199 4814 3496 4884 spiritalem
3518 4815 3570 4888 (f
3582 4815 3602 4887 )

2027 4902 2428 4974 generationem
2459 4902 2714 4969 veniunt,
2745 4900 3069 4973 quicumque
3090 4902 3155 4959 ad
3179 4901 3451 4961 Christum
3477 4921 3602 4977 per-

2025 4992 2264 5047 veniunt.
2313 4992 2440 5047 Ideo
2468 5007 2599 5062 ergo
2626 4992 2826 5048 dictum
2857 5001 2976 5060 est,
3018 5003 3073 5048 et
3103 4994 3190 5050 hic
3228 5012 3400 5052 omnes
3437 5007 3493 5053 et
3531 4997 3602 5052 ibi

2026 5100 2214 5149 omnes,
2244 5085 2368 5156 quia
2400 5085 2538 5140 sicut
2564 5100 2753 5141 omnes
2780 5085 2871 5156 qui
2915 5088 3248 5155 moriuntur,
3293 5088 3503 5144 nonnisi
3547 5089 3601 5142 in

1986 5246 1990 5250 _
2025 5176 2195 5231 Adam
2216 5178 2515 5232 moriuntur
2538 5195 2553 5234 :
2586 5177 2656 5232 ita
2680 5192 2870 5234 omnes
2895 5179 2984 5249 qui
3007 5178 3434 5243 viviﬁcabuntur,
3465 5193 3603 5232 non-

2026 5267 2129 5322 nisi
2161 5267 2213 5321 in
2234 5265 2446 5322 Christo
2465 5266 2894 5323 viviﬁcabuntur.
2917 5271 2995 5326 Ac
3020 5283 3118 5338 per
3139 5269 3259 5335 hoc,
3285 5265 3602 5337 QUISQUIS

2025 5355 2221 5411 NOBIS
2242 5355 2457 5421 dixerit,
2488 5372 2810 5428 quemquam
2843 5357 2896 5412 in
2922 5357 3314 5412 resurrectione
3357 5364 3594 5411 mortuo-

2026 5461 2144 5500 rum
2171 5446 2434 5502 viviﬁcari
2454 5461 2632 5517 posse,
2661 5447 2764 5502 nisi
2785 5447 2846 5502 in
2860 5445 3094 5512 Christo,
3117 5453 3364 5515 tanquam
3393 5443 3475 5514 (gi
3503 5458 3601 5514 pe“-

2088 5598 2167 5661 (ε)
2191 5599 2386 5649 Addunt
2406 5612 2468 5650 ex
2494 5600 2673 5649 eodem
2694 5599 2823 5647 libro
3056 5601 3108 5644 et
3129 5594 3466 5661 Martianheic
3482 5608 3602 5659 quo-

2023 5655 2123 5724 que
2140 5655 2234 5711 'loei
2266 5678 2289 5708 α
2310 5663 2532 5724 quoniam
2568 5670 2841 5724 quanquam
2878 5655 2997 5724 nihil
3022 5661 3161 5724 recte
3189 5655 3419 5717 fecerint,
3439 5655 3602 5708 tamen

2024 5714 2119 5772 nec
2142 5714 2407 5784 peccanies
2433 5714 2632 5784 aliquid,
2654 5714 2743 5767 ista
2763 5714 2985 5784 perpessi
3006 5720 3139 5766 sunt.

2087 5779 2160 5848 (Γ)
2194 5782 2347 5848 [idem
2368 5779 3107 5848 ερίτίιέεαιειητεςιεξεθναεέρηξπι·
3156 5834 3169 5848 .
3240 5837 3272 5848 -.

2090 5834 2165 5907 ('g')
2199 5843 2256 5893 In
2277 5834 2478 5893 Thurino
2501 5841 2589 5890 Ms.
2616 5834 2771 5903 penes
2790 5835 3134 5889 Benedictinos
3149 5834 3312 5890 hostis.
