  <div class='ocr_page' id='page_1' title='image "/cluster/home/n/w/nwhite01/storage/ocr_20150623/22/hvd.32044015471378/631.png"; bbox 0 0 4080 6340; ppageno 0'>
   <div class='ocr_carea' id='block_1_1' title="bbox 1633 243 1696 270">
    <p class='ocr_par' dir='ltr' id='par_1_1' title="bbox 1633 243 1696 270">
     <span class='ocr_line' id='line_1_1' title="bbox 1633 243 1696 270; baseline 0 -15"><span class='ocrx_word' id='word_1_1' title='bbox 1633 243 1696 270; x_wconf 48' lang='grc' dir='ltr'><strong>νζ,</strong></span> 
     </span>
    </p>
   </div>
   <div class='ocr_carea' id='block_1_2' title="bbox 515 381 659 444">
    <p class='ocr_par' dir='ltr' id='par_1_2' title="bbox 515 381 659 444">
     <span class='ocr_line' id='line_1_2' title="bbox 515 381 659 444; baseline 0.021 -4"><span class='ocrx_word' id='word_1_2' title='bbox 515 381 659 444; x_wconf 65' lang='grc'><strong>113⁵</strong></span> 
     </span>
    </p>
   </div>
   <div class='ocr_carea' id='block_1_3' title="bbox 513 480 2074 550">
    <p class='ocr_par' dir='ltr' id='par_1_3' title="bbox 513 480 2074 550">
     <span class='ocr_line' id='line_1_3' title="bbox 513 480 2074 550; baseline -0.006 -4"><span class='ocrx_word' id='word_1_3' title='bbox 513 494 610 548; x_wconf 85' lang='lat' dir='ltr'><strong>stis</strong></span> <span class='ocrx_word' id='word_1_4' title='bbox 635 489 929 546; x_wconf 81' lang='lat' dir='ltr'><strong>communis</strong></span> <span class='ocrx_word' id='word_1_5' title='bbox 952 487 1074 544; x_wconf 85' lang='lat' dir='ltr'><strong>ﬁdei</strong></span> <span class='ocrx_word' id='word_1_6' title='bbox 1098 484 1442 543; x_wconf 87' lang='lat' dir='ltr'><strong>detestandus</strong></span> <span class='ocrx_word' id='word_1_7' title='bbox 1469 491 1570 539; x_wconf 88' lang='lat' dir='ltr'><strong>est.</strong></span> <span class='ocrx_word' id='word_1_8' title='bbox 1602 481 1733 539; x_wconf 84' lang='lat' dir='ltr'><strong>Item</strong></span> <span class='ocrx_word' id='word_1_9' title='bbox 1761 480 2074 550; x_wconf 81' lang='lat' dir='ltr'><strong>QUISQUIS</strong></span> 
     </span>
    </p>
   </div>
   <div class='ocr_carea' id='block_1_4' title="bbox 516 573 2076 651">
    <p class='ocr_par' dir='ltr' id='par_1_4' title="bbox 516 573 2076 651">
     <span class='ocr_line' id='line_1_4' title="bbox 516 573 2076 651; baseline -0.008 -15"><span class='ocrx_word' id='word_1_10' title='bbox 516 582 813 647; x_wconf 76' lang='lat' dir='ltr'><strong>DlXERlT,</strong></span> <span class='ocrx_word' id='word_1_11' title='bbox 841 581 980 651; x_wconf 87' lang='lat' dir='ltr'><strong>quod</strong></span> <span class='ocrx_word' id='word_1_12' title='bbox 1011 581 1062 634; x_wconf 91' lang='lat' dir='ltr'><strong>in</strong></span> <span class='ocrx_word' id='word_1_13' title='bbox 1092 579 1303 634; x_wconf 89' lang='lat' dir='ltr'><strong>Christo</strong></span> <span class='ocrx_word' id='word_1_14' title='bbox 1328 575 1736 632; x_wconf 86' lang='lat' dir='ltr'><strong>vivillcabuntur</strong></span> <span class='ocrx_word' id='word_1_15' title='bbox 1764 573 1922 628; x_wconf 89' lang='lat' dir='ltr'><strong>etiam</strong></span> <span class='ocrx_word' id='word_1_16' title='bbox 1955 588 2076 641; x_wconf 65' lang='lat' dir='ltr'><strong>paro</strong></span> 
     </span>
    </p>
   </div>
   <div class='ocr_carea' id='block_1_5' title="bbox 514 663 2077 744">
    <p class='ocr_par' dir='ltr' id='par_1_5' title="bbox 514 663 2077 744">
     <span class='ocr_line' id='line_1_5' title="bbox 514 663 2077 744; baseline -0.008 -16"><span class='ocrx_word' id='word_1_17' title='bbox 514 675 625 728; x_wconf 84' lang='lat' dir='ltr'><strong>vuli</strong></span> <span class='ocrx_word' id='word_1_18' title='bbox 644 716 660 738; x_wconf 89' lang='lat'><strong>,</strong></span> <span class='ocrx_word' id='word_1_19' title='bbox 686 675 774 744; x_wconf 90' lang='lat' dir='ltr'><strong>qui</strong></span> <span class='ocrx_word' id='word_1_20' title='bbox 813 674 929 726; x_wconf 84' lang='lat' dir='ltr'><strong>sine</strong></span> <span class='ocrx_word' id='word_1_21' title='bbox 952 671 1267 726; x_wconf 86' lang='lat' dir='ltr'><strong>sacramenti</strong></span> <span class='ocrx_word' id='word_1_22' title='bbox 1293 670 1408 738; x_wconf 86' lang='lat' dir='ltr'><strong>ejus</strong></span> <span class='ocrx_word' id='word_1_23' title='bbox 1438 666 1836 737; x_wconf 74' lang='lat' dir='ltr'><strong>participatione</strong></span> <span class='ocrx_word' id='word_1_24' title='bbox 1877 664 1942 718; x_wconf 89' lang='lat' dir='ltr'><strong>de</strong></span> <span class='ocrx_word' id='word_1_25' title='bbox 1974 663 2077 716; x_wconf 86' lang='lat' dir='ltr'><strong>vita</strong></span> 
     </span>
    </p>
   </div>
   <div class='ocr_carea' id='block_1_6' title="bbox 514 753 2078 833">
    <p class='ocr_par' dir='ltr' id='par_1_6' title="bbox 514 753 2078 833">
     <span class='ocr_line' id='line_1_6' title="bbox 514 753 2078 833; baseline -0.009 -13"><span class='ocrx_word' id='word_1_26' title='bbox 514 774 730 828; x_wconf 74' lang='lat' dir='ltr'><strong>exeunt,</strong></span> <span class='ocrx_word' id='word_1_27' title='bbox 765 765 852 818; x_wconf 89' lang='lat' dir='ltr'><strong>hic</strong></span> <span class='ocrx_word' id='word_1_28' title='bbox 890 761 1128 833; x_wconf 90' lang='lat' dir='ltr'><strong>profecto</strong></span> <span class='ocrx_word' id='word_1_29' title='bbox 1155 771 1209 816; x_wconf 88' lang='lat' dir='ltr'><strong>et</strong></span> <span class='ocrx_word' id='word_1_30' title='bbox 1233 769 1417 817; x_wconf 88' lang='lat' dir='ltr'><strong>contra</strong></span> <span class='ocrx_word' id='word_1_31' title='bbox 1443 758 1786 828; x_wconf 79' lang='lat' dir='ltr'><strong>apostolicam</strong></span> <span class='ocrx_word' id='word_1_32' title='bbox 1816 753 2078 825; x_wconf 65' lang='lat' dir='ltr'><strong>praedica-</strong></span> 
     </span>
    </p>
   </div>
   <div class='ocr_carea' id='block_1_7' title="bbox 514 841 2081 920">
    <p class='ocr_par' dir='ltr' id='par_1_7' title="bbox 514 841 2081 920">
     <span class='ocr_line' id='line_1_7' title="bbox 514 841 2081 920; baseline -0.008 -11"><span class='ocrx_word' id='word_1_33' title='bbox 514 855 710 909; x_wconf 87' lang='lat' dir='ltr'><strong>tionem</strong></span> <span class='ocrx_word' id='word_1_34' title='bbox 741 855 926 920; x_wconf 85' lang='lat' dir='ltr'><strong>venit,</strong></span> <span class='ocrx_word' id='word_1_35' title='bbox 975 861 1031 908; x_wconf 90' lang='lat' dir='ltr'><strong>et</strong></span> <span class='ocrx_word' id='word_1_36' title='bbox 1080 861 1242 907; x_wconf 86' lang='lat' dir='ltr'><strong>totam</strong></span> <span class='ocrx_word' id='word_1_37' title='bbox 1269 849 1586 905; x_wconf 91' lang='lat' dir='ltr'><strong>condemnat</strong></span> <span class='ocrx_word' id='word_1_38' title='bbox 1628 845 1918 900; x_wconf 87' lang='lat' dir='ltr'><strong>Ecclesiam</strong></span> <span class='ocrx_word' id='word_1_39' title='bbox 1943 884 1960 910; x_wconf 91' lang='lat'><strong>,</strong></span> <span class='ocrx_word' id='word_1_40' title='bbox 1990 841 2081 897; x_wconf 88' lang='lat' dir='ltr'><strong>ubi</strong></span> 
     </span>
    </p>
   </div>
   <div class='ocr_carea' id='block_1_8' title="bbox 513 939 2084 1017">
    <p class='ocr_par' dir='ltr' id='par_1_8' title="bbox 513 939 2084 1017">
     <span class='ocr_line' id='line_1_8' title="bbox 513 939 2084 1017; baseline -0.009 -15"><span class='ocrx_word' id='word_1_41' title='bbox 513 955 792 1017; x_wconf 81' lang='lat' dir='ltr'><strong>propterea</strong></span> <span class='ocrx_word' id='word_1_42' title='bbox 817 961 938 1001; x_wconf 92' lang='lat' dir='ltr'><strong>cum</strong></span> <span class='ocrx_word' id='word_1_43' title='bbox 963 943 1296 1014; x_wconf 78' lang='lat' dir='ltr'><strong>baptizandis</strong></span> <span class='ocrx_word' id='word_1_44' title='bbox 1318 940 1554 1012; x_wconf 80' lang='lat' dir='ltr'><strong>parvulis</strong></span> <span class='ocrx_word' id='word_1_45' title='bbox 1575 939 1853 994; x_wconf 84' lang='lat' dir='ltr'><strong>festinatur</strong></span> <span class='ocrx_word' id='word_1_46' title='bbox 1879 943 1936 991; x_wconf 91' lang='lat' dir='ltr'><strong>et</strong></span> <span class='ocrx_word' id='word_1_47' title='bbox 1957 950 2084 989; x_wconf 84' lang='lat' dir='ltr'><strong>cur-</strong></span> 
     </span>
    </p>
   </div>
   <div class='ocr_carea' id='block_1_9' title="bbox 513 1025 2082 1106">
    <p class='ocr_par' dir='ltr' id='par_1_9' title="bbox 513 1025 2082 1106">
     <span class='ocr_line' id='line_1_9' title="bbox 513 1025 2082 1106; baseline -0.01 -12"><span class='ocrx_word' id='word_1_48' title='bbox 513 1036 670 1102; x_wconf 86' lang='lat' dir='ltr'><strong>ritur,</strong></span> <span class='ocrx_word' id='word_1_49' title='bbox 699 1036 823 1106; x_wconf 87' lang='lat' dir='ltr'><strong>quia</strong></span> <span class='ocrx_word' id='word_1_50' title='bbox 865 1036 982 1090; x_wconf 86' lang='lat' dir='ltr'><strong>sine</strong></span> <span class='ocrx_word' id='word_1_51' title='bbox 1018 1033 1180 1090; x_wconf 90' lang='lat' dir='ltr'><strong>dubio</strong></span> <span class='ocrx_word' id='word_1_52' title='bbox 1205 1033 1438 1088; x_wconf 84' lang='lat' dir='ltr'><strong>creditur</strong></span> <span class='ocrx_word' id='word_1_53' title='bbox 1477 1030 1630 1084; x_wconf 85' lang='lat' dir='ltr'><strong>aliter</strong></span> <span class='ocrx_word' id='word_1_54' title='bbox 1668 1043 1763 1084; x_wconf 92' lang='lat' dir='ltr'><strong>eos</strong></span> <span class='ocrx_word' id='word_1_55' title='bbox 1792 1027 1844 1080; x_wconf 91' lang='lat' dir='ltr'><strong>in</strong></span> <span class='ocrx_word' id='word_1_56' title='bbox 1869 1025 2082 1080; x_wconf 84' lang='lat' dir='ltr'><strong>Christo</strong></span> 
     </span>
    </p>
   </div>
   <div class='ocr_carea' id='block_1_10' title="bbox 513 1118 2080 1196">
    <p class='ocr_par' dir='ltr' id='par_1_10' title="bbox 513 1118 2080 1196">
     <span class='ocr_line' id='line_1_10' title="bbox 513 1118 2080 1196; baseline -0.008 -14"><span class='ocrx_word' id='word_1_57' title='bbox 513 1127 768 1183; x_wconf 83' lang='lat' dir='ltr'><strong>vivificari</strong></span> <span class='ocrx_word' id='word_1_58' title='bbox 795 1129 1016 1182; x_wconf 89' lang='lat' dir='ltr'><strong>omnino</strong></span> <span class='ocrx_word' id='word_1_59' title='bbox 1042 1142 1146 1181; x_wconf 90' lang='lat' dir='ltr'><strong>non</strong></span> <span class='ocrx_word' id='word_1_60' title='bbox 1176 1139 1352 1196; x_wconf 84' lang='lat' dir='ltr'><strong>posse.</strong></span> <span class='ocrx_word' id='word_1_61' title='bbox 1380 1123 1480 1190; x_wconf 83' lang='lat' dir='ltr'><strong>Qui</strong></span> <span class='ocrx_word' id='word_1_62' title='bbox 1504 1131 1680 1176; x_wconf 89' lang='lat' dir='ltr'><strong>autem</strong></span> <span class='ocrx_word' id='word_1_63' title='bbox 1713 1134 1819 1174; x_wconf 91' lang='lat' dir='ltr'><strong>non</strong></span> <span class='ocrx_word' id='word_1_64' title='bbox 1844 1118 2080 1171; x_wconf 88' lang='lat' dir='ltr'><strong>vivifica-</strong></span> 
     </span>
    </p>
   </div>
   <div class='ocr_carea' id='block_1_11' title="bbox 513 1209 2081 1286">
    <p class='ocr_par' dir='ltr' id='par_1_11' title="bbox 513 1209 2081 1286">
     <span class='ocr_line' id='line_1_11' title="bbox 513 1209 2081 1286; baseline -0.007 -12"><span class='ocrx_word' id='word_1_65' title='bbox 513 1229 600 1274; x_wconf 88' lang='lat' dir='ltr'><strong>tnr</strong></span> <span class='ocrx_word' id='word_1_66' title='bbox 625 1219 680 1274; x_wconf 89' lang='lat' dir='ltr'><strong>in</strong></span> <span class='ocrx_word' id='word_1_67' title='bbox 705 1218 940 1285; x_wconf 87' lang='lat' dir='ltr'><strong>Christo,</strong></span> <span class='ocrx_word' id='word_1_68' title='bbox 965 1227 1129 1273; x_wconf 87' lang='lat' dir='ltr'><strong>restat</strong></span> <span class='ocrx_word' id='word_1_69' title='bbox 1159 1226 1215 1271; x_wconf 90' lang='lat' dir='ltr'><strong>ut</strong></span> <span class='ocrx_word' id='word_1_70' title='bbox 1237 1218 1290 1271; x_wconf 91' lang='lat' dir='ltr'><strong>in</strong></span> <span class='ocrx_word' id='word_1_71' title='bbox 1319 1231 1382 1270; x_wconf 90' lang='lat' dir='ltr'><strong>ea</strong></span> <span class='ocrx_word' id='word_1_72' title='bbox 1408 1212 1502 1286; x_wconf 70' lang='lat' dir='ltr'><strong>(al.</strong></span> <span class='ocrx_word' id='word_1_73' title='bbox 1535 1211 1730 1282; x_wconf 88' lang='lat' dir='ltr'><strong>eadem]</strong></span> <span class='ocrx_word' id='word_1_74' title='bbox 1757 1209 2081 1266; x_wconf 88' lang='lat' dir='ltr'><strong>condemna-</strong></span> 
     </span>
    </p>
   </div>
   <div class='ocr_carea' id='block_1_12' title="bbox 516 1302 2080 1376">
    <p class='ocr_par' dir='ltr' id='par_1_12' title="bbox 516 1302 2080 1376">
     <span class='ocr_line' id='line_1_12' title="bbox 516 1302 2080 1376; baseline -0.007 -11"><span class='ocrx_word' id='word_1_75' title='bbox 516 1314 664 1365; x_wconf 90' lang='lat' dir='ltr'><strong>tione</strong></span> <span class='ocrx_word' id='word_1_76' title='bbox 686 1319 917 1374; x_wconf 87' lang='lat' dir='ltr'><strong>maneat,</strong></span> <span class='ocrx_word' id='word_1_77' title='bbox 945 1309 1011 1364; x_wconf 92' lang='lat' dir='ltr'><strong>de</strong></span> <span class='ocrx_word' id='word_1_78' title='bbox 1041 1323 1142 1375; x_wconf 89' lang='lat' dir='ltr'><strong>qua</strong></span> <span class='ocrx_word' id='word_1_79' title='bbox 1168 1307 1296 1362; x_wconf 88' lang='lat' dir='ltr'><strong>dicit</strong></span> <span class='ocrx_word' id='word_1_80' title='bbox 1323 1306 1628 1376; x_wconf 85' lang='lat' dir='ltr'><strong>Apostolus,</strong></span> <span class='ocrx_word' id='word_1_81' title='bbox 1660 1302 1762 1357; x_wconf 85' lang='lat' dir='ltr'><strong>Per</strong></span> <span class='ocrx_word' id='word_1_82' title='bbox 1784 1305 1932 1355; x_wconf 88' lang='lat' dir='ltr'><strong>unius</strong></span> <span class='ocrx_word' id='word_1_83' title='bbox 1952 1302 2080 1356; x_wconf 85' lang='lat' dir='ltr'><strong>deli-</strong></span> 
     </span>
    </p>
   </div>
   <div class='ocr_carea' id='block_1_13' title="bbox 513 1393 2078 1464">
    <p class='ocr_par' dir='ltr' id='par_1_13' title="bbox 513 1393 2078 1464">
     <span class='ocr_line' id='line_1_13' title="bbox 513 1393 2078 1464; baseline -0.007 -7"><span class='ocrx_word' id='word_1_84' title='bbox 513 1412 650 1458; x_wconf 86' lang='lat' dir='ltr'><strong>ctum</strong></span> <span class='ocrx_word' id='word_1_85' title='bbox 692 1404 746 1458; x_wconf 83' lang='lat' dir='ltr'><strong>in</strong></span> <span class='ocrx_word' id='word_1_86' title='bbox 788 1419 958 1458; x_wconf 84' lang='lat' dir='ltr'><strong>omnes</strong></span> <span class='ocrx_word' id='word_1_87' title='bbox 997 1401 1224 1456; x_wconf 75' lang='lat' dir='ltr'><strong>homines</strong></span> <span class='ocrx_word' id='word_1_88' title='bbox 1271 1398 1339 1452; x_wconf 86' lang='lat' dir='ltr'><strong>ad</strong></span> <span class='ocrx_word' id='word_1_89' title='bbox 1389 1397 1853 1452; x_wconf 78' lang='lat' dir='ltr'><strong>condemnationem</strong></span> <span class='ocrx_word' id='word_1_90' title='bbox 1902 1393 2078 1464; x_wconf 78' lang='lat' dir='ltr'><strong>(Rom.</strong></span> 
     </span>
    </p>
   </div>
   <div class='ocr_carea' id='block_1_14' title="bbox 513 1485 2082 1565">
    <p class='ocr_par' dir='ltr' id='par_1_14' title="bbox 513 1485 2082 1565">
     <span class='ocr_line' id='line_1_14' title="bbox 513 1485 2082 1565; baseline -0.009 -15"><span class='ocrx_word' id='word_1_91' title='bbox 513 1495 570 1550; x_wconf 83' lang='lat'><strong>5.</strong></span> <span class='ocrx_word' id='word_1_92' title='bbox 611 1494 750 1565; x_wconf 69' lang='lat'><strong>18):</strong></span> <span class='ocrx_word' id='word_1_93' title='bbox 803 1494 897 1547; x_wconf 90' lang='lat' dir='ltr'><strong>Cui</strong></span> <span class='ocrx_word' id='word_1_94' title='bbox 947 1493 1140 1546; x_wconf 89' lang='lat' dir='ltr'><strong>delicto</strong></span> <span class='ocrx_word' id='word_1_95' title='bbox 1190 1488 1448 1544; x_wconf 84' lang='lat' dir='ltr'><strong>obnoxios</strong></span> <span class='ocrx_word' id='word_1_96' title='bbox 1497 1487 1743 1556; x_wconf 89' lang='lat' dir='ltr'><strong>parvulos</strong></span> <span class='ocrx_word' id='word_1_97' title='bbox 1793 1485 1976 1548; x_wconf 90' lang='lat' dir='ltr'><strong>nasci,</strong></span> <span class='ocrx_word' id='word_1_98' title='bbox 2027 1493 2082 1537; x_wconf 86' lang='lat' dir='ltr'><strong>et</strong></span> 
     </span>
    </p>
   </div>
   <div class='ocr_carea' id='block_1_15' title="bbox 515 1575 2080 1648">
    <p class='ocr_par' dir='ltr' id='par_1_15' title="bbox 515 1575 2080 1648">
     <span class='ocr_line' id='line_1_15' title="bbox 515 1575 2080 1648; baseline -0.008 -9"><span class='ocrx_word' id='word_1_99' title='bbox 515 1584 690 1639; x_wconf 88' lang='lat' dir='ltr'><strong>omnis</strong></span> <span class='ocrx_word' id='word_1_100' title='bbox 711 1584 878 1639; x_wconf 87' lang='lat' dir='ltr'><strong>credit</strong></span> <span class='ocrx_word' id='word_1_101' title='bbox 901 1582 1158 1647; x_wconf 84' lang='lat' dir='ltr'><strong>Ecclesia,</strong></span> <span class='ocrx_word' id='word_1_102' title='bbox 1190 1590 1245 1634; x_wconf 91' lang='lat' dir='ltr'><strong>ct</strong></span> <span class='ocrx_word' id='word_1_103' title='bbox 1265 1581 1377 1648; x_wconf 92' lang='lat' dir='ltr'><strong>ipse</strong></span> <span class='ocrx_word' id='word_1_104' title='bbox 1398 1581 1506 1647; x_wconf 89' lang='lat' dir='ltr'><strong>jam</strong></span> <span class='ocrx_word' id='word_1_105' title='bbox 1537 1588 1720 1631; x_wconf 90' lang='lat' dir='ltr'><strong>contra</strong></span> <span class='ocrx_word' id='word_1_106' title='bbox 1745 1575 2080 1629; x_wconf 84' lang='lat' dir='ltr'><strong>Joviuiauum</strong></span> 
     </span>
    </p>
   </div>
   <div class='ocr_carea' id='block_1_16' title="bbox 514 1665 2083 1746">
    <p class='ocr_par' dir='ltr' id='par_1_16' title="bbox 514 1665 2083 1746">
     <span class='ocr_line' id='line_1_16' title="bbox 514 1665 2083 1746; baseline -0.008 -16"><span class='ocrx_word' id='word_1_107' title='bbox 514 1676 826 1746; x_wconf 88' lang='lat' dir='ltr'><strong>disputans,</strong></span> <span class='ocrx_word' id='word_1_108' title='bbox 875 1683 928 1730; x_wconf 92' lang='lat' dir='ltr'><strong>et</strong></span> <span class='ocrx_word' id='word_1_109' title='bbox 973 1687 1244 1742; x_wconf 79' lang='lat' dir='ltr'><strong>exponens</strong></span> <span class='ocrx_word' id='word_1_110' title='bbox 1294 1671 1482 1724; x_wconf 82' lang='lat' dir='ltr'><strong>Jonam</strong></span> <span class='ocrx_word' id='word_1_111' title='bbox 1539 1669 1898 1732; x_wconf 86' lang='lat' dir='ltr'><strong>Prophetam,</strong></span> <span class='ocrx_word' id='word_1_112' title='bbox 1946 1665 2083 1720; x_wconf 90' lang='lat' dir='ltr'><strong>sicut</strong></span> 
     </span>
    </p>
   </div>
   <div class='ocr_carea' id='block_1_17' title="bbox 513 1755 2078 1836">
    <p class='ocr_par' dir='ltr' id='par_1_17' title="bbox 513 1755 2078 1836">
     <span class='ocr_line' id='line_1_17' title="bbox 513 1755 2078 1836; baseline -0.008 -15"><span class='ocrx_word' id='word_1_113' title='bbox 513 1765 672 1836; x_wconf 85' lang='lat' dir='ltr'><strong>paulo</strong></span> <span class='ocrx_word' id='word_1_114' title='bbox 699 1775 819 1818; x_wconf 90' lang='lat' dir='ltr'><strong>ante</strong></span> <span class='ocrx_word' id='word_1_115' title='bbox 841 1763 1274 1826; x_wconf 81' lang='lat' dir='ltr'><strong>commemoravi,</strong></span> <span class='ocrx_word' id='word_1_116' title='bbox 1310 1761 1414 1814; x_wconf 83' lang='lat' dir='ltr'><strong>fide</strong></span> <span class='ocrx_word' id='word_1_117' title='bbox 1445 1759 1783 1814; x_wconf 89' lang='lat' dir='ltr'><strong>veracissima</strong></span> <span class='ocrx_word' id='word_1_118' title='bbox 1807 1755 2039 1812; x_wconf 87' lang='lat' dir='ltr'><strong>definisti</strong></span> <span class='ocrx_word' id='word_1_119' title='bbox 2065 1773 2078 1808; x_wconf 91' lang='lat'><strong>:</strong></span> 
     </span>
    </p>
   </div>
   <div class='ocr_carea' id='block_1_18' title="bbox 513 1849 2081 1924">
    <p class='ocr_par' dir='ltr' id='par_1_18' title="bbox 513 1849 2081 1924">
     <span class='ocr_line' id='line_1_18' title="bbox 513 1849 2081 1924; baseline -0.007 -11"><span class='ocrx_word' id='word_1_120' title='bbox 513 1857 674 1914; x_wconf 88' lang='lat' dir='ltr'><strong>credo</strong></span> <span class='ocrx_word' id='word_1_121' title='bbox 700 1865 756 1911; x_wconf 90' lang='lat' dir='ltr'><strong>ct</strong></span> <span class='ocrx_word' id='word_1_122' title='bbox 786 1857 836 1910; x_wconf 90' lang='lat' dir='ltr'><strong>in</strong></span> <span class='ocrx_word' id='word_1_123' title='bbox 867 1857 984 1910; x_wconf 90' lang='lat' dir='ltr'><strong>aliis</strong></span> <span class='ocrx_word' id='word_1_124' title='bbox 1024 1855 1154 1910; x_wconf 93' lang='lat' dir='ltr'><strong>locis</strong></span> <span class='ocrx_word' id='word_1_125' title='bbox 1184 1854 1562 1924; x_wconf 85' lang='lat' dir='ltr'><strong>Opuscnlorum</strong></span> <span class='ocrx_word' id='word_1_126' title='bbox 1595 1860 1829 1913; x_wconf 90' lang='lat' dir='ltr'><strong>tuorum,</strong></span> <span class='ocrx_word' id='word_1_127' title='bbox 1855 1865 1972 1920; x_wconf 74' lang='lat' dir='ltr'><strong>qum</strong></span> <span class='ocrx_word' id='word_1_128' title='bbox 1999 1849 2081 1903; x_wconf 89' lang='lat' dir='ltr'><strong>vel</strong></span> 
     </span>
    </p>
   </div>
   <div class='ocr_carea' id='block_1_19' title="bbox 513 1943 2081 2017">
    <p class='ocr_par' dir='ltr' id='par_1_19' title="bbox 513 1943 2081 2017">
     <span class='ocr_line' id='line_1_19' title="bbox 513 1943 2081 2017; baseline -0.006 -14"><span class='ocrx_word' id='word_1_129' title='bbox 513 1964 621 2003; x_wconf 83' lang='lat' dir='ltr'><strong>non</strong></span> <span class='ocrx_word' id='word_1_130' title='bbox 647 1949 770 2017; x_wconf 79' lang='lat' dir='ltr'><strong>legi,</strong></span> <span class='ocrx_word' id='word_1_131' title='bbox 798 1949 882 2001; x_wconf 85' lang='lat' dir='ltr'><strong>vel</strong></span> <span class='ocrx_word' id='word_1_132' title='bbox 908 1949 959 2002; x_wconf 90' lang='lat' dir='ltr'><strong>in</strong></span> <span class='ocrx_word' id='word_1_133' title='bbox 987 1947 1269 2017; x_wconf 73' lang='lat' dir='ltr'><strong>prmsentia</strong></span> <span class='ocrx_word' id='word_1_134' title='bbox 1293 1959 1397 1998; x_wconf 88' lang='lat' dir='ltr'><strong>non</strong></span> <span class='ocrx_word' id='word_1_135' title='bbox 1425 1943 1698 2000; x_wconf 85' lang='lat' dir='ltr'><strong>recordor.</strong></span> <span class='ocrx_word' id='word_1_136' title='bbox 1731 1943 1896 2011; x_wconf 84' lang='lat' dir='ltr'><strong>llujus</strong></span> <span class='ocrx_word' id='word_1_137' title='bbox 1925 1943 2081 2009; x_wconf 75' lang='lat' dir='ltr'><strong>igitur</strong></span> 
     </span>
    </p>
   </div>
   <div class='ocr_carea' id='block_1_20' title="bbox 511 2031 2080 2107">
    <p class='ocr_par' dir='ltr' id='par_1_20' title="bbox 511 2031 2080 2107">
     <span class='ocr_line' id='line_1_20' title="bbox 511 2031 2080 2107; baseline -0.004 -15"><span class='ocrx_word' id='word_1_138' title='bbox 511 2037 866 2097; x_wconf 84' lang='lat' dir='ltr'><strong>damnationis</strong></span> <span class='ocrx_word' id='word_1_139' title='bbox 909 2038 964 2091; x_wconf 91' lang='lat' dir='ltr'><strong>in</strong></span> <span class='ocrx_word' id='word_1_140' title='bbox 1010 2035 1242 2105; x_wconf 88' lang='lat' dir='ltr'><strong>parvulis</strong></span> <span class='ocrx_word' id='word_1_141' title='bbox 1288 2033 1382 2107; x_wconf 68' lang='grc' dir='ltr'><strong>[ιιι.</strong></span> <span class='ocrx_word' id='word_1_142' title='bbox 1431 2031 1690 2104; x_wconf 83' lang='lat' dir='ltr'><strong>parvulos]</strong></span> <span class='ocrx_word' id='word_1_143' title='bbox 1739 2047 1950 2087; x_wconf 83' lang='lat' dir='ltr'><strong>causam</strong></span> <span class='ocrx_word' id='word_1_144' title='bbox 1992 2047 2080 2085; x_wconf 82' lang='lat' dir='ltr'><strong>re-</strong></span> 
     </span>
    </p>
   </div>
   <div class='ocr_carea' id='block_1_21' title="bbox 512 2123 2082 2198">
    <p class='ocr_par' dir='ltr' id='par_1_21' title="bbox 512 2123 2082 2198">
     <span class='ocr_line' id='line_1_21' title="bbox 512 2123 2082 2198; baseline -0.004 -15"><span class='ocrx_word' id='word_1_145' title='bbox 512 2127 702 2197; x_wconf 57' lang='lat' dir='ltr'><strong>qﬂro;</strong></span> <span class='ocrx_word' id='word_1_146' title='bbox 742 2129 863 2198; x_wconf 88' lang='lat' dir='ltr'><strong>quia</strong></span> <span class='ocrx_word' id='word_1_147' title='bbox 891 2143 1065 2198; x_wconf 89' lang='lat' dir='ltr'><strong>neque</strong></span> <span class='ocrx_word' id='word_1_148' title='bbox 1093 2128 1392 2182; x_wconf 88' lang='lat' dir='ltr'><strong>animarum</strong></span> <span class='ocrx_word' id='word_1_149' title='bbox 1413 2166 1430 2191; x_wconf 90' lang='lat'><strong>,</strong></span> <span class='ocrx_word' id='word_1_150' title='bbox 1457 2126 1501 2180; x_wconf 91' lang='lat' dir='ltr'><strong>si</strong></span> <span class='ocrx_word' id='word_1_151' title='bbox 1533 2141 1684 2179; x_wconf 72' lang='lat' dir='ltr'><strong>nova:</strong></span> <span class='ocrx_word' id='word_1_152' title='bbox 1711 2126 1842 2178; x_wconf 81' lang='lat' dir='ltr'><strong>fiunt</strong></span> <span class='ocrx_word' id='word_1_153' title='bbox 1866 2123 2082 2192; x_wconf 83' lang='lat' dir='ltr'><strong>singulis</strong></span> 
     </span>
    </p>
   </div>
   <div class='ocr_carea' id='block_1_22' title="bbox 510 2219 2083 2292">
    <p class='ocr_par' dir='ltr' id='par_1_22' title="bbox 510 2219 2083 2292">
     <span class='ocr_line' id='line_1_22' title="bbox 510 2219 2083 2292; baseline -0.004 -16"><span class='ocrx_word' id='word_1_154' title='bbox 510 2220 755 2292; x_wconf 72' lang='lat' dir='ltr'><strong>singulm,</strong></span> <span class='ocrx_word' id='word_1_155' title='bbox 796 2221 952 2275; x_wconf 85' lang='lat' dir='ltr'><strong>video</strong></span> <span class='ocrx_word' id='word_1_156' title='bbox 973 2235 1092 2275; x_wconf 92' lang='lat' dir='ltr'><strong>esse</strong></span> <span class='ocrx_word' id='word_1_157' title='bbox 1117 2220 1278 2274; x_wconf 92' lang='lat' dir='ltr'><strong>ullum</strong></span> <span class='ocrx_word' id='word_1_158' title='bbox 1302 2220 1352 2274; x_wconf 92' lang='lat' dir='ltr'><strong>in</strong></span> <span class='ocrx_word' id='word_1_159' title='bbox 1376 2219 1462 2273; x_wconf 91' lang='lat' dir='ltr'><strong>illa</strong></span> <span class='ocrx_word' id='word_1_160' title='bbox 1489 2226 1643 2272; x_wconf 68' lang='lat' dir='ltr'><strong>astate</strong></span> <span class='ocrx_word' id='word_1_161' title='bbox 1667 2228 1958 2287; x_wconf 89' lang='lat' dir='ltr'><strong>peccatum,</strong></span> <span class='ocrx_word' id='word_1_162' title='bbox 1984 2231 2083 2270; x_wconf 90' lang='lat' dir='ltr'><strong>nec</strong></span> 
     </span>
    </p>
   </div>
   <div class='ocr_carea' id='block_1_23' title="bbox 510 2307 2079 2380">
    <p class='ocr_par' dir='ltr' id='par_1_23' title="bbox 510 2307 2079 2380">
     <span class='ocr_line' id='line_1_23' title="bbox 510 2307 2079 2380; baseline -0.004 -13"><span class='ocrx_word' id='word_1_163' title='bbox 510 2326 544 2367; x_wconf 83' lang='lat' dir='ltr'><strong>a</strong></span> <span class='ocrx_word' id='word_1_164' title='bbox 585 2312 697 2367; x_wconf 91' lang='lat' dir='ltr'><strong>Deo</strong></span> <span class='ocrx_word' id='word_1_165' title='bbox 741 2311 982 2366; x_wconf 88' lang='lat' dir='ltr'><strong>damnari</strong></span> <span class='ocrx_word' id='word_1_166' title='bbox 1029 2312 1258 2380; x_wconf 84' lang='lat' dir='ltr'><strong>aliquam</strong></span> <span class='ocrx_word' id='word_1_167' title='bbox 1301 2311 1464 2366; x_wconf 87' lang='lat' dir='ltr'><strong>credo</strong></span> <span class='ocrx_word' id='word_1_168' title='bbox 1507 2324 1662 2379; x_wconf 90' lang='lat' dir='ltr'><strong>quam</strong></span> <span class='ocrx_word' id='word_1_169' title='bbox 1704 2308 1848 2363; x_wconf 87' lang='lat' dir='ltr'><strong>videt</strong></span> <span class='ocrx_word' id='word_1_170' title='bbox 1877 2307 2079 2361; x_wconf 88' lang='lat' dir='ltr'><strong>nullum</strong></span> 
     </span>
    </p>
   </div>
   <div class='ocr_carea' id='block_1_24' title="bbox 511 2401 1062 2471">
    <p class='ocr_par' dir='ltr' id='par_1_24' title="bbox 511 2401 1062 2471">
     <span class='ocr_line' id='line_1_24' title="bbox 511 2401 1062 2471; baseline -0.004 -17"><span class='ocrx_word' id='word_1_171' title='bbox 511 2401 710 2457; x_wconf 89' lang='lat' dir='ltr'><strong>habere</strong></span> <span class='ocrx_word' id='word_1_172' title='bbox 736 2410 1027 2471; x_wconf 84' lang='lat' dir='ltr'><strong>peccatum.</strong></span> <span class='ocrx_word' id='word_1_173' title='bbox 1045 2421 1062 2452; x_wconf 77' lang='grc' dir='ltr'>ι</span> 
     </span>
    </p>
   </div>
   <div class='ocr_carea' id='block_1_25' title="bbox 581 2487 2078 2558">
    <p class='ocr_par' dir='ltr' id='par_1_25' title="bbox 581 2487 2078 2558">
     <span class='ocr_line' id='line_1_25' title="bbox 581 2487 2078 2558; baseline -0.003 -12"><span class='ocrx_word' id='word_1_174' title='bbox 581 2491 672 2546; x_wconf 89' lang='lat'><strong>22.</strong></span> <span class='ocrx_word' id='word_1_175' title='bbox 710 2510 729 2545; x_wconf 77' lang='grc' dir='ltr'><strong>σ</strong></span> <span class='ocrx_word' id='word_1_176' title='bbox 767 2495 848 2546; x_wconf 87' lang='grc' dir='ltr'><strong>Αη</strong></span> <span class='ocrx_word' id='word_1_177' title='bbox 877 2492 1010 2546; x_wconf 90' lang='lat' dir='ltr'><strong>forte</strong></span> <span class='ocrx_word' id='word_1_178' title='bbox 1034 2489 1317 2545; x_wconf 90' lang='lat' dir='ltr'><strong>dicendum</strong></span> <span class='ocrx_word' id='word_1_179' title='bbox 1357 2499 1470 2554; x_wconf 90' lang='lat' dir='ltr'><strong>est,</strong></span> <span class='ocrx_word' id='word_1_180' title='bbox 1520 2491 1571 2543; x_wconf 90' lang='lat' dir='ltr'><strong>in</strong></span> <span class='ocrx_word' id='word_1_181' title='bbox 1615 2487 1835 2558; x_wconf 88' lang='lat' dir='ltr'><strong>parvulo</strong></span> <span class='ocrx_word' id='word_1_182' title='bbox 1863 2502 2078 2542; x_wconf 89' lang='lat' dir='ltr'><strong>carnem</strong></span> 
     </span>
    </p>
   </div>
   <div class='ocr_carea' id='block_1_26' title="bbox 513 2581 2082 2652">
    <p class='ocr_par' dir='ltr' id='par_1_26' title="bbox 513 2581 2082 2652">
     <span class='ocr_line' id='line_1_26' title="bbox 513 2581 2082 2652; baseline -0.002 -15"><span class='ocrx_word' id='word_1_183' title='bbox 513 2583 682 2637; x_wconf 88' lang='lat' dir='ltr'><strong>solam</strong></span> <span class='ocrx_word' id='word_1_184' title='bbox 707 2598 922 2638; x_wconf 85' lang='lat' dir='ltr'><strong>causam</strong></span> <span class='ocrx_word' id='word_1_185' title='bbox 952 2598 1071 2638; x_wconf 90' lang='lat' dir='ltr'><strong>esse</strong></span> <span class='ocrx_word' id='word_1_186' title='bbox 1099 2583 1334 2652; x_wconf 90' lang='lat' dir='ltr'><strong>peccati,</strong></span> <span class='ocrx_word' id='word_1_187' title='bbox 1380 2598 1571 2636; x_wconf 89' lang='lat' dir='ltr'><strong>novam</strong></span> <span class='ocrx_word' id='word_1_188' title='bbox 1601 2597 1726 2635; x_wconf 88' lang='lat' dir='ltr'><strong>vero</strong></span> <span class='ocrx_word' id='word_1_189' title='bbox 1752 2582 1822 2634; x_wconf 91' lang='lat' dir='ltr'><strong>illi</strong></span> <span class='ocrx_word' id='word_1_190' title='bbox 1849 2581 2082 2634; x_wconf 89' lang='lat' dir='ltr'><strong>animam</strong></span> 
     </span>
    </p>
   </div>
   <div class='ocr_carea' id='block_1_27' title="bbox 514 2672 2082 2743">
    <p class='ocr_par' dir='ltr' id='par_1_27' title="bbox 514 2672 2082 2743">
     <span class='ocr_line' id='line_1_27' title="bbox 514 2672 2082 2743; baseline -0.001 -17"><span class='ocrx_word' id='word_1_191' title='bbox 514 2673 650 2739; x_wconf 84' lang='lat' dir='ltr'><strong>fieri,</strong></span> <span class='ocrx_word' id='word_1_192' title='bbox 680 2687 782 2743; x_wconf 89' lang='lat' dir='ltr'><strong>qua</strong></span> <span class='ocrx_word' id='word_1_193' title='bbox 811 2673 1103 2728; x_wconf 87' lang='lat' dir='ltr'><strong>secundum</strong></span> <span class='ocrx_word' id='word_1_194' title='bbox 1129 2673 1222 2726; x_wconf 89' lang='lat' dir='ltr'><strong>Dei</strong></span> <span class='ocrx_word' id='word_1_195' title='bbox 1246 2683 1508 2742; x_wconf 72' lang='lat' dir='ltr'><strong>praecepta</strong></span> <span class='ocrx_word' id='word_1_196' title='bbox 1541 2673 1775 2735; x_wconf 85' lang='lat' dir='ltr'><strong>vivente,</strong></span> <span class='ocrx_word' id='word_1_197' title='bbox 1807 2672 1858 2725; x_wconf 92' lang='lat' dir='ltr'><strong>in</strong></span> <span class='ocrx_word' id='word_1_198' title='bbox 1883 2672 2082 2740; x_wconf 87' lang='lat' dir='ltr'><strong>adjuto-</strong></span> 
     </span>
    </p>
   </div>
   <div class='ocr_carea' id='block_1_28' title="bbox 513 2760 2082 2833">
    <p class='ocr_par' dir='ltr' id='par_1_28' title="bbox 513 2760 2082 2833">
     <span class='ocr_line' id='line_1_28' title="bbox 513 2760 2082 2833; baseline -0.003 -16"><span class='ocrx_word' id='word_1_199' title='bbox 513 2763 597 2817; x_wconf 84' lang='lat' dir='ltr'><strong>rio</strong></span> <span class='ocrx_word' id='word_1_200' title='bbox 623 2763 808 2832; x_wconf 65' lang='lat' dir='ltr'><strong>gratixe</strong></span> <span class='ocrx_word' id='word_1_201' title='bbox 835 2761 909 2833; x_wconf 90' lang='lat' dir='ltr'><strong>(a)</strong></span> <span class='ocrx_word' id='word_1_202' title='bbox 943 2762 1162 2827; x_wconf 81' lang='lat' dir='ltr'><strong>Christi,</strong></span> <span class='ocrx_word' id='word_1_203' title='bbox 1205 2770 1259 2816; x_wconf 86' lang='lat' dir='ltr'><strong>et</strong></span> <span class='ocrx_word' id='word_1_204' title='bbox 1297 2762 1396 2831; x_wconf 88' lang='lat' dir='ltr'><strong>ipsi</strong></span> <span class='ocrx_word' id='word_1_205' title='bbox 1418 2762 1568 2816; x_wconf 89' lang='lat' dir='ltr'><strong>carui</strong></span> <span class='ocrx_word' id='word_1_206' title='bbox 1592 2760 1839 2816; x_wconf 75' lang='lat' dir='ltr'><strong>edomiue</strong></span> <span class='ocrx_word' id='word_1_207' title='bbox 1864 2777 1926 2814; x_wconf 89' lang='lat' dir='ltr'><strong>ac</strong></span> <span class='ocrx_word' id='word_1_208' title='bbox 1956 2760 2082 2813; x_wconf 88' lang='lat' dir='ltr'><strong>sub-</strong></span> 
     </span>
    </p>
   </div>
   <div class='ocr_carea' id='block_1_29' title="bbox 509 2852 2083 2925">
    <p class='ocr_par' dir='ltr' id='par_1_29' title="bbox 509 2852 2083 2925">
     <span class='ocr_line' id='line_1_29' title="bbox 509 2852 2083 2925; baseline -0.001 -18"><span class='ocrx_word' id='word_1_209' title='bbox 509 2855 707 2925; x_wconf 69' lang='lat' dir='ltr'><strong>iugata:</strong></span> <span class='ocrx_word' id='word_1_210' title='bbox 735 2856 902 2924; x_wconf 87' lang='lat' dir='ltr'><strong>possit</strong></span> <span class='ocrx_word' id='word_1_211' title='bbox 924 2853 1335 2925; x_wconf 89' lang='lat' dir='ltr'><strong>incorruptionis</strong></span> <span class='ocrx_word' id='word_1_212' title='bbox 1362 2855 1606 2908; x_wconf 88' lang='lat' dir='ltr'><strong>meritum</strong></span> <span class='ocrx_word' id='word_1_213' title='bbox 1627 2853 1945 2922; x_wconf 81' lang='lat' dir='ltr'><strong>comparari.</strong></span> <span class='ocrx_word' id='word_1_214' title='bbox 1976 2852 2083 2907; x_wconf 90' lang='lat' dir='ltr'><strong>Sed</strong></span> 
     </span>
    </p>
   </div>
   <div class='ocr_carea' id='block_1_30' title="bbox 515 2945 2083 3018">
    <p class='ocr_par' dir='ltr' id='par_1_30' title="bbox 515 2945 2083 3018">
     <span class='ocr_line' id='line_1_30' title="bbox 515 2945 2083 3018; baseline -0.001 -16"><span class='ocrx_word' id='word_1_215' title='bbox 515 2949 635 3018; x_wconf 84' lang='lat' dir='ltr'><strong>quia</strong></span> <span class='ocrx_word' id='word_1_216' title='bbox 665 2949 716 3001; x_wconf 91' lang='lat' dir='ltr'><strong>in</strong></span> <span class='ocrx_word' id='word_1_217' title='bbox 748 2948 967 3016; x_wconf 84' lang='lat' dir='ltr'><strong>parvulo</strong></span> <span class='ocrx_word' id='word_1_218' title='bbox 995 2947 1170 3002; x_wconf 87' lang='lat' dir='ltr'><strong>anima</strong></span> <span class='ocrx_word' id='word_1_219' title='bbox 1213 2946 1444 3002; x_wconf 88' lang='lat' dir='ltr'><strong>nondum</strong></span> <span class='ocrx_word' id='word_1_220' title='bbox 1474 2946 1524 3000; x_wconf 91' lang='lat' dir='ltr'><strong>id</strong></span> <span class='ocrx_word' id='word_1_221' title='bbox 1552 2949 1711 3017; x_wconf 81' lang='lat' dir='ltr'><strong>agere</strong></span> <span class='ocrx_word' id='word_1_222' title='bbox 1741 2955 1950 3015; x_wconf 87' lang='lat' dir='ltr'><strong>potest,</strong></span> <span class='ocrx_word' id='word_1_223' title='bbox 1982 2945 2083 3000; x_wconf 86' lang='lat' dir='ltr'><strong>nisi</strong></span> 
     </span>
    </p>
   </div>
   <div class='ocr_carea' id='block_1_31' title="bbox 513 3034 2080 3110">
    <p class='ocr_par' dir='ltr' id='par_1_31' title="bbox 513 3034 2080 3110">
     <span class='ocr_line' id='line_1_31' title="bbox 513 3034 2080 3110; baseline -0.004 -16"><span class='ocrx_word' id='word_1_224' title='bbox 513 3038 708 3094; x_wconf 89' lang='lat' dir='ltr'><strong>Christi</strong></span> <span class='ocrx_word' id='word_1_225' title='bbox 739 3037 811 3110; x_wconf 84' lang='lat' dir='ltr'><strong>(b)</strong></span> <span class='ocrx_word' id='word_1_226' title='bbox 841 3039 1104 3105; x_wconf 85' lang='lat' dir='ltr'><strong>acceperit</strong></span> <span class='ocrx_word' id='word_1_227' title='bbox 1129 3046 1547 3102; x_wconf 87' lang='lat' dir='ltr'><strong>sacramentum,</strong></span> <span class='ocrx_word' id='word_1_228' title='bbox 1580 3052 1674 3106; x_wconf 91' lang='lat' dir='ltr'><strong>per</strong></span> <span class='ocrx_word' id='word_1_229' title='bbox 1699 3034 1836 3091; x_wconf 90' lang='lat' dir='ltr'><strong>hanc</strong></span> <span class='ocrx_word' id='word_1_230' title='bbox 1859 3038 2080 3106; x_wconf 78' lang='lat' dir='ltr'><strong>gratiam</strong></span> 
     </span>
    </p>
   </div>
   <div class='ocr_carea' id='block_1_32' title="bbox 514 3127 2080 3199">
    <p class='ocr_par' dir='ltr' id='par_1_32' title="bbox 514 3127 2080 3199">
     <span class='ocr_line' id='line_1_32' title="bbox 514 3127 2080 3199; baseline -0.004 -13"><span class='ocrx_word' id='word_1_231' title='bbox 514 3131 662 3186; x_wconf 90' lang='lat' dir='ltr'><strong>carni</strong></span> <span class='ocrx_word' id='word_1_232' title='bbox 689 3130 803 3198; x_wconf 87' lang='lat' dir='ltr'><strong>ejus</strong></span> <span class='ocrx_word' id='word_1_233' title='bbox 829 3129 1156 3199; x_wconf 87' lang='lat' dir='ltr'><strong>acquiritur,</strong></span> <span class='ocrx_word' id='word_1_234' title='bbox 1199 3127 1342 3198; x_wconf 91' lang='lat' dir='ltr'><strong>quod</strong></span> <span class='ocrx_word' id='word_1_235' title='bbox 1383 3128 1524 3182; x_wconf 91' lang='lat' dir='ltr'><strong>illius</strong></span> <span class='ocrx_word' id='word_1_236' title='bbox 1566 3128 1801 3182; x_wconf 89' lang='lat' dir='ltr'><strong>moribus</strong></span> <span class='ocrx_word' id='word_1_237' title='bbox 1845 3127 2080 3181; x_wconf 87' lang='lat' dir='ltr'><strong>nondum</strong></span> 
     </span>
    </p>
   </div>
   <div class='ocr_carea' id='block_1_33' title="bbox 514 3217 2082 3289">
    <p class='ocr_par' dir='ltr' id='par_1_33' title="bbox 514 3217 2082 3289">
     <span class='ocr_line' id='line_1_33' title="bbox 514 3217 2082 3289; baseline -0.003 -14"><span class='ocrx_word' id='word_1_238' title='bbox 514 3220 704 3289; x_wconf 82' lang='lat' dir='ltr'><strong>putuit.</strong></span> <span class='ocrx_word' id='word_1_239' title='bbox 733 3220 789 3274; x_wconf 93' lang='lat' dir='ltr'><strong>Si</strong></span> <span class='ocrx_word' id='word_1_240' title='bbox 819 3227 996 3273; x_wconf 82' lang='lat' dir='ltr'><strong>autem</strong></span> <span class='ocrx_word' id='word_1_241' title='bbox 1039 3218 1156 3272; x_wconf 89' lang='lat' dir='ltr'><strong>sine</strong></span> <span class='ocrx_word' id='word_1_242' title='bbox 1186 3218 1279 3271; x_wconf 92' lang='lat' dir='ltr'><strong>illo</strong></span> <span class='ocrx_word' id='word_1_243' title='bbox 1309 3227 1643 3271; x_wconf 88' lang='lat' dir='ltr'><strong>sacramento</strong></span> <span class='ocrx_word' id='word_1_244' title='bbox 1670 3218 1845 3270; x_wconf 87' lang='lat' dir='ltr'><strong>anima</strong></span> <span class='ocrx_word' id='word_1_245' title='bbox 1877 3217 2082 3284; x_wconf 85' lang='lat' dir='ltr'><strong>parvuli</strong></span> 
     </span>
    </p>
   </div>
   <div class='ocr_carea' id='block_1_34' title="bbox 514 3305 2082 3378">
    <p class='ocr_par' dir='ltr' id='par_1_34' title="bbox 514 3305 2082 3378">
     <span class='ocr_line' id='line_1_34' title="bbox 514 3305 2082 3378; baseline -0.004 -15"><span class='ocrx_word' id='word_1_246' title='bbox 514 3309 736 3374; x_wconf 76' lang='lat' dir='ltr'><strong>exierit,</strong></span> <span class='ocrx_word' id='word_1_247' title='bbox 784 3308 896 3378; x_wconf 90' lang='lat' dir='ltr'><strong>ipsa</strong></span> <span class='ocrx_word' id='word_1_248' title='bbox 935 3305 1150 3375; x_wconf 84' lang='lat' dir='ltr'><strong>quidem</strong></span> <span class='ocrx_word' id='word_1_249' title='bbox 1197 3305 1248 3358; x_wconf 93' lang='lat' dir='ltr'><strong>in</strong></span> <span class='ocrx_word' id='word_1_250' title='bbox 1275 3315 1475 3358; x_wconf 77' lang='lat' dir='ltr'><strong>:eterna</strong></span> <span class='ocrx_word' id='word_1_251' title='bbox 1507 3307 1609 3357; x_wconf 89' lang='lat' dir='ltr'><strong>vita</strong></span> <span class='ocrx_word' id='word_1_252' title='bbox 1639 3308 1770 3370; x_wconf 88' lang='lat' dir='ltr'><strong>erit,</strong></span> <span class='ocrx_word' id='word_1_253' title='bbox 1803 3305 1940 3358; x_wconf 90' lang='lat' dir='ltr'><strong>unde</strong></span> <span class='ocrx_word' id='word_1_254' title='bbox 1966 3321 2082 3360; x_wconf 77' lang='lat' dir='ltr'><strong>eum</strong></span> 
     </span>
    </p>
   </div>
   <div class='ocr_carea' id='block_1_35' title="bbox 513 3399 2084 3470">
    <p class='ocr_par' dir='ltr' id='par_1_35' title="bbox 513 3399 2084 3470">
     <span class='ocr_line' id='line_1_35' title="bbox 513 3399 2084 3470; baseline -0.002 -16"><span class='ocrx_word' id='word_1_255' title='bbox 513 3402 715 3456; x_wconf 90' lang='lat' dir='ltr'><strong>nullum</strong></span> <span class='ocrx_word' id='word_1_256' title='bbox 763 3408 1036 3470; x_wconf 89' lang='lat' dir='ltr'><strong>peccatum</strong></span> <span class='ocrx_word' id='word_1_257' title='bbox 1083 3399 1252 3467; x_wconf 90' lang='lat' dir='ltr'><strong>potuit</strong></span> <span class='ocrx_word' id='word_1_258' title='bbox 1290 3411 1585 3465; x_wconf 89' lang='lat' dir='ltr'><strong>separare:</strong></span> <span class='ocrx_word' id='word_1_259' title='bbox 1630 3411 1755 3452; x_wconf 90' lang='lat' dir='ltr'><strong>caro</strong></span> <span class='ocrx_word' id='word_1_260' title='bbox 1799 3413 1925 3450; x_wconf 89' lang='lat' dir='ltr'><strong>vero</strong></span> <span class='ocrx_word' id='word_1_261' title='bbox 1970 3399 2084 3466; x_wconf 86' lang='lat' dir='ltr'><strong>ejus</strong></span> 
     </span>
    </p>
   </div>
   <div class='ocr_carea' id='block_1_36' title="bbox 515 3490 2082 3561">
    <p class='ocr_par' dir='ltr' id='par_1_36' title="bbox 515 3490 2082 3561">
     <span class='ocr_line' id='line_1_36' title="bbox 515 3490 2082 3561; baseline -0.003 -14"><span class='ocrx_word' id='word_1_262' title='bbox 515 3509 621 3547; x_wconf 82' lang='lat' dir='ltr'><strong>non</strong></span> <span class='ocrx_word' id='word_1_263' title='bbox 650 3502 894 3561; x_wconf 78' lang='lat' dir='ltr'><strong>resurget</strong></span> <span class='ocrx_word' id='word_1_264' title='bbox 920 3492 971 3544; x_wconf 93' lang='lat' dir='ltr'><strong>iu</strong></span> <span class='ocrx_word' id='word_1_265' title='bbox 1013 3490 1226 3546; x_wconf 87' lang='lat' dir='ltr'><strong>Christo</strong></span> <span class='ocrx_word' id='word_1_266' title='bbox 1245 3532 1261 3556; x_wconf 90' lang='lat'><strong>,</strong></span> <span class='ocrx_word' id='word_1_267' title='bbox 1291 3503 1394 3544; x_wconf 91' lang='lat' dir='ltr'><strong>non</strong></span> <span class='ocrx_word' id='word_1_268' title='bbox 1423 3499 1674 3559; x_wconf 87' lang='lat' dir='ltr'><strong>percepto</strong></span> <span class='ocrx_word' id='word_1_269' title='bbox 1704 3498 1827 3544; x_wconf 89' lang='lat' dir='ltr'><strong>ante</strong></span> <span class='ocrx_word' id='word_1_270' title='bbox 1857 3499 2082 3543; x_wconf 89' lang='lat' dir='ltr'><strong>mortem</strong></span> 
     </span>
    </p>
   </div>
   <div class='ocr_carea' id='block_1_37' title="bbox 511 3582 1096 3638">
    <p class='ocr_par' dir='ltr' id='par_1_37' title="bbox 511 3582 1096 3638">
     <span class='ocr_line' id='line_1_37' title="bbox 511 3582 1096 3638; baseline -0.003 -2"><span class='ocrx_word' id='word_1_271' title='bbox 511 3584 656 3637; x_wconf 86' lang='lat' dir='ltr'><strong>illius</strong></span> <span class='ocrx_word' id='word_1_272' title='bbox 679 3582 1052 3638; x_wconf 84' lang='lat' dir='ltr'><strong>sacramento?</strong></span> <span class='ocrx_word' id='word_1_273' title='bbox 1077 3600 1096 3634; x_wconf 71' lang='grc' dir='ltr'><strong><em>ι</em></strong></span> 
     </span>
    </p>
   </div>
   <div class='ocr_carea' id='block_1_38' title="bbox 582 3671 2080 3744">
    <p class='ocr_par' dir='ltr' id='par_1_38' title="bbox 582 3671 2080 3744">
     <span class='ocr_line' id='line_1_38' title="bbox 582 3671 2080 3744; baseline -0.002 -13"><span class='ocrx_word' id='word_1_274' title='bbox 582 3675 674 3731; x_wconf 83' lang='lat'><strong>25.</strong></span> <span class='ocrx_word' id='word_1_275' title='bbox 709 3692 728 3726; x_wconf 74' lang='grc' dir='ltr'>ι</span> <span class='ocrx_word' id='word_1_276' title='bbox 759 3674 905 3729; x_wconf 84' lang='lat' dir='ltr'><strong>Hanc</strong></span> <span class='ocrx_word' id='word_1_277' title='bbox 929 3674 1232 3744; x_wconf 85' lang='lat' dir='ltr'><strong>opinionem</strong></span> <span class='ocrx_word' id='word_1_278' title='bbox 1281 3687 1548 3742; x_wconf 86' lang='lat' dir='ltr'><strong>nunquam</strong></span> <span class='ocrx_word' id='word_1_279' title='bbox 1579 3671 1791 3734; x_wconf 90' lang='lat' dir='ltr'><strong>audivi,</strong></span> <span class='ocrx_word' id='word_1_280' title='bbox 1875 3671 2080 3742; x_wconf 84' lang='lat'><strong>1011</strong></span> 
     </span>
    </p>
   </div>
   <div class='ocr_carea' id='block_1_39' title="bbox 514 3761 2085 3836">
    <p class='ocr_par' dir='ltr' id='par_1_39' title="bbox 514 3761 2085 3836">
     <span class='ocr_line' id='line_1_39' title="bbox 514 3761 2085 3836; baseline -0.004 -16"><span class='ocrx_word' id='word_1_281' title='bbox 514 3780 787 3836; x_wconf 87' lang='lat' dir='ltr'><strong>nunquam</strong></span> <span class='ocrx_word' id='word_1_282' title='bbox 827 3765 949 3828; x_wconf 71' lang='lat' dir='ltr'><strong>legi.</strong></span> <span class='ocrx_word' id='word_1_283' title='bbox 980 3764 1086 3820; x_wconf 85' lang='lat' dir='ltr'><strong>Sed</strong></span> <span class='ocrx_word' id='word_1_284' title='bbox 1138 3766 1293 3833; x_wconf 87' lang='lat' dir='ltr'><strong>plane</strong></span> <span class='ocrx_word' id='word_1_285' title='bbox 1333 3763 1512 3818; x_wconf 88' lang='lat' dir='ltr'><strong>audivi</strong></span> <span class='ocrx_word' id='word_1_286' title='bbox 1541 3772 1594 3816; x_wconf 90' lang='lat' dir='ltr'><strong>et</strong></span> <span class='ocrx_word' id='word_1_287' title='bbox 1619 3761 1840 3824; x_wconf 88' lang='lat' dir='ltr'><strong>credidi,</strong></span> <span class='ocrx_word' id='word_1_288' title='bbox 1869 3771 2085 3829; x_wconf 83' lang='lat' dir='ltr'><strong>prapter</strong></span> 
     </span>
    </p>
   </div>
   <div class='ocr_carea' id='block_1_40' title="bbox 514 3853 2086 3927">
    <p class='ocr_par' dir='ltr' id='par_1_40' title="bbox 514 3853 2086 3927">
     <span class='ocr_line' id='line_1_40' title="bbox 514 3853 2086 3927; baseline -0.004 -15"><span class='ocrx_word' id='word_1_289' title='bbox 514 3857 656 3927; x_wconf 90' lang='lat' dir='ltr'><strong>quod</strong></span> <span class='ocrx_word' id='word_1_290' title='bbox 686 3868 738 3912; x_wconf 92' lang='lat' dir='ltr'><strong>et</strong></span> <span class='ocrx_word' id='word_1_291' title='bbox 782 3857 991 3912; x_wconf 89' lang='lat' dir='ltr'><strong>locutus</strong></span> <span class='ocrx_word' id='word_1_292' title='bbox 1036 3873 1188 3922; x_wconf 88' lang='lat' dir='ltr'><strong>sum,</strong></span> <span class='ocrx_word' id='word_1_293' title='bbox 1220 3857 1341 3927; x_wconf 88' lang='lat' dir='ltr'><strong>quia</strong></span> <span class='ocrx_word' id='word_1_294' title='bbox 1387 3855 1456 3926; x_wconf 84' lang='lat' dir='ltr'><strong>(c)</strong></span> <span class='ocrx_word' id='word_1_295' title='bbox 1505 3854 1634 3908; x_wconf 71' lang='lat' dir='ltr'><strong>vertit</strong></span> <span class='ocrx_word' id='word_1_296' title='bbox 1681 3853 1833 3918; x_wconf 86' lang='lat' dir='ltr'><strong>hora,</strong></span> <span class='ocrx_word' id='word_1_297' title='bbox 1883 3853 2086 3923; x_wconf 83' lang='lat' dir='ltr'><strong>quando</strong></span> 
     </span>
    </p>
   </div>
   <div class='ocr_carea' id='block_1_41' title="bbox 516 3947 2086 4020">
    <p class='ocr_par' dir='ltr' id='par_1_41' title="bbox 516 3947 2086 4020">
     <span class='ocr_line' id='line_1_41' title="bbox 516 3947 2086 4020; baseline -0.003 -18"><span class='ocrx_word' id='word_1_298' title='bbox 516 3966 684 4004; x_wconf 85' lang='lat' dir='ltr'><strong>omnes</strong></span> <span class='ocrx_word' id='word_1_299' title='bbox 709 3950 796 4020; x_wconf 82' lang='lat' dir='ltr'><strong>qui</strong></span> <span class='ocrx_word' id='word_1_300' title='bbox 822 3950 875 4004; x_wconf 86' lang='lat' dir='ltr'><strong>in</strong></span> <span class='ocrx_word' id='word_1_301' title='bbox 903 3951 1235 4004; x_wconf 85' lang='lat' dir='ltr'><strong>monumentis</strong></span> <span class='ocrx_word' id='word_1_302' title='bbox 1271 3958 1408 4013; x_wconf 89' lang='lat' dir='ltr'><strong>sunt,</strong></span> <span class='ocrx_word' id='word_1_303' title='bbox 1435 3948 1641 4001; x_wconf 87' lang='lat' dir='ltr'><strong>audient</strong></span> <span class='ocrx_word' id='word_1_304' title='bbox 1666 3961 1832 4000; x_wconf 86' lang='lat' dir='ltr'><strong>vocem</strong></span> <span class='ocrx_word' id='word_1_305' title='bbox 1863 3947 1970 4011; x_wconf 79' lang='lat' dir='ltr'><strong>eius</strong></span> <span class='ocrx_word' id='word_1_306' title='bbox 1991 3962 2010 3999; x_wconf 92' lang='lat'><strong><em>:</em></strong></span> <span class='ocrx_word' id='word_1_307' title='bbox 2039 3956 2086 3998; x_wconf 90' lang='lat' dir='ltr'><strong>et</strong></span> 
     </span>
    </p>
   </div>
   <div class='ocr_carea' id='block_1_42' title="bbox 516 4037 2088 4110">
    <p class='ocr_par' dir='ltr' id='par_1_42' title="bbox 516 4037 2088 4110">
     <span class='ocr_line' id='line_1_42' title="bbox 516 4037 2088 4110; baseline -0.002 -17"><span class='ocrx_word' id='word_1_308' title='bbox 516 4039 784 4108; x_wconf 82' lang='lat' dir='ltr'><strong>procedent</strong></span> <span class='ocrx_word' id='word_1_309' title='bbox 825 4040 912 4110; x_wconf 88' lang='lat' dir='ltr'><strong>qui</strong></span> <span class='ocrx_word' id='word_1_310' title='bbox 957 4040 1077 4093; x_wconf 85' lang='lat' dir='ltr'><strong>bene</strong></span> <span class='ocrx_word' id='word_1_311' title='bbox 1121 4044 1380 4109; x_wconf 83' lang='lat' dir='ltr'><strong>fecerunt,</strong></span> <span class='ocrx_word' id='word_1_312' title='bbox 1426 4039 1479 4092; x_wconf 88' lang='lat' dir='ltr'><strong>in</strong></span> <span class='ocrx_word' id='word_1_313' title='bbox 1515 4038 1928 4091; x_wconf 77' lang='lat' dir='ltr'><strong>resurrectionem</strong></span> <span class='ocrx_word' id='word_1_314' title='bbox 1972 4037 2088 4090; x_wconf 71' lang='lat' dir='ltr'><strong>vim</strong></span> 
     </span>
    </p>
   </div>
   <div class='ocr_carea' id='block_1_43' title="bbox 517 4130 2086 4201">
    <p class='ocr_par' dir='ltr' id='par_1_43' title="bbox 517 4130 2086 4201">
     <span class='ocr_line' id='line_1_43' title="bbox 517 4130 2086 4201; baseline -0.002 -16"><span class='ocrx_word' id='word_1_315' title='bbox 517 4131 694 4200; x_wconf 87' lang='lat' dir='ltr'><strong>(Joan.</strong></span> <span class='ocrx_word' id='word_1_316' title='bbox 721 4131 775 4187; x_wconf 84' lang='lat'><strong>5.</strong></span> <span class='ocrx_word' id='word_1_317' title='bbox 802 4132 918 4201; x_wconf 83' lang='lat'><strong>28).</strong></span> <span class='ocrx_word' id='word_1_318' title='bbox 951 4130 1066 4200; x_wconf 82' lang='lat' dir='ltr'><strong>ipsa</strong></span> <span class='ocrx_word' id='word_1_319' title='bbox 1111 4140 1196 4186; x_wconf 92' lang='lat' dir='ltr'><strong>est</strong></span> <span class='ocrx_word' id='word_1_320' title='bbox 1235 4131 1305 4186; x_wconf 88' lang='lat' dir='ltr'><strong>de</strong></span> <span class='ocrx_word' id='word_1_321' title='bbox 1341 4145 1444 4200; x_wconf 89' lang='lat' dir='ltr'><strong>qua</strong></span> <span class='ocrx_word' id='word_1_322' title='bbox 1474 4130 1700 4195; x_wconf 88' lang='lat' dir='ltr'><strong>dicitur,</strong></span> <span class='ocrx_word' id='word_1_323' title='bbox 1743 4139 1788 4182; x_wconf 91' lang='lat' dir='ltr'><strong>et</strong></span> <span class='ocrx_word' id='word_1_324' title='bbox 1818 4145 1907 4198; x_wconf 82' lang='lat' dir='ltr'><strong>per</strong></span> <span class='ocrx_word' id='word_1_325' title='bbox 1931 4145 2086 4182; x_wconf 86' lang='lat' dir='ltr'><strong>unum</strong></span> 
     </span>
    </p>
   </div>
   <div class='ocr_carea' id='block_1_44' title="bbox 516 4220 2084 4291">
    <p class='ocr_par' dir='ltr' id='par_1_44' title="bbox 516 4220 2084 4291">
     <span class='ocr_line' id='line_1_44' title="bbox 516 4220 2084 4291; baseline 0.001 -17"><span class='ocrx_word' id='word_1_326' title='bbox 516 4225 766 4277; x_wconf 79' lang='lat' dir='ltr'><strong>hominem</strong></span> <span class='ocrx_word' id='word_1_327' title='bbox 794 4224 1089 4277; x_wconf 77' lang='lat' dir='ltr'><strong>resurrectio</strong></span> <span class='ocrx_word' id='word_1_328' title='bbox 1115 4233 1424 4277; x_wconf 82' lang='lat' dir='ltr'><strong>mortuorum</strong></span> <span class='ocrx_word' id='word_1_329' title='bbox 1448 4223 1525 4291; x_wconf 92' lang='grc'><strong>(1.</strong></span> <span class='ocrx_word' id='word_1_330' title='bbox 1551 4221 1666 4275; x_wconf 88' lang='lat' dir='ltr'><strong>Cor.</strong></span> <span class='ocrx_word' id='word_1_331' title='bbox 1690 4221 1779 4276; x_wconf 84' lang='grc'><strong>15.</strong></span> <span class='ocrx_word' id='word_1_332' title='bbox 1804 4220 1894 4291; x_wconf 80' lang='lat' dir='ltr'><strong>2i)</strong></span> <span class='ocrx_word' id='word_1_333' title='bbox 1929 4236 1942 4272; x_wconf 90' lang='lat'><strong>:</strong></span> <span class='ocrx_word' id='word_1_334' title='bbox 1967 4220 2084 4290; x_wconf 87' lang='lat' dir='ltr'><strong>lpsa</strong></span> 
     </span>
    </p>
   </div>
   <div class='ocr_carea' id='block_1_45' title="bbox 515 4310 2084 4384">
    <p class='ocr_par' dir='ltr' id='par_1_45' title="bbox 515 4310 2084 4384">
     <span class='ocr_line' id='line_1_45' title="bbox 515 4310 2084 4384; baseline -0.006 -14"><span class='ocrx_word' id='word_1_335' title='bbox 515 4325 600 4370; x_wconf 85' lang='lat' dir='ltr'><strong>est</strong></span> <span class='ocrx_word' id='word_1_336' title='bbox 638 4328 741 4384; x_wconf 88' lang='lat' dir='ltr'><strong>qua</strong></span> <span class='ocrx_word' id='word_1_337' title='bbox 782 4314 836 4368; x_wconf 81' lang='lat' dir='ltr'><strong>in</strong></span> <span class='ocrx_word' id='word_1_338' title='bbox 878 4313 1076 4368; x_wconf 76' lang='lat' dir='ltr'><strong>Christo</strong></span> <span class='ocrx_word' id='word_1_339' title='bbox 1115 4329 1284 4368; x_wconf 84' lang='lat' dir='ltr'><strong>omnes</strong></span> <span class='ocrx_word' id='word_1_340' title='bbox 1327 4312 1727 4380; x_wconf 79' lang='lat' dir='ltr'><strong>viviﬁcabuntur.</strong></span> <span class='ocrx_word' id='word_1_341' title='bbox 1779 4310 1878 4374; x_wconf 86' lang='lat' dir='ltr'><strong>Qui</strong></span> <span class='ocrx_word' id='word_1_342' title='bbox 1921 4321 2084 4362; x_wconf 87' lang='lat' dir='ltr'><strong>autem</strong></span> 
     </span>
    </p>
   </div>
   <div class='ocr_carea' id='block_1_46' title="bbox 516 4399 2084 4476">
    <p class='ocr_par' dir='ltr' id='par_1_46' title="bbox 516 4399 2084 4476">
     <span class='ocr_line' id='line_1_46' title="bbox 516 4399 2084 4476; baseline -0.003 -18"><span class='ocrx_word' id='word_1_343' title='bbox 516 4407 649 4460; x_wconf 77' lang='lat' dir='ltr'><strong>male</strong></span> <span class='ocrx_word' id='word_1_344' title='bbox 673 4414 899 4476; x_wconf 84' lang='lat' dir='ltr'><strong>egerunt,</strong></span> <span class='ocrx_word' id='word_1_345' title='bbox 921 4406 976 4458; x_wconf 86' lang='lat' dir='ltr'><strong>in</strong></span> <span class='ocrx_word' id='word_1_346' title='bbox 1003 4403 1415 4458; x_wconf 76' lang='lat' dir='ltr'><strong>resurrectionem</strong></span> <span class='ocrx_word' id='word_1_347' title='bbox 1443 4401 1646 4469; x_wconf 81' lang='lat' dir='ltr'><strong>judicii.</strong></span> <span class='ocrx_word' id='word_1_348' title='bbox 1678 4399 1816 4467; x_wconf 87' lang='lat' dir='ltr'><strong>Quid</strong></span> <span class='ocrx_word' id='word_1_349' title='bbox 1847 4399 1934 4454; x_wconf 90' lang='lat' dir='ltr'><strong>hic</strong></span> <span class='ocrx_word' id='word_1_350' title='bbox 1959 4414 2084 4469; x_wconf 81' lang='lat' dir='ltr'><strong>ergo</strong></span> 
     </span>
    </p>
   </div>
   <div class='ocr_carea' id='block_1_47' title="bbox 516 4489 2082 4560">
    <p class='ocr_par' dir='ltr' id='par_1_47' title="bbox 516 4489 2082 4560">
     <span class='ocr_line' id='line_1_47' title="bbox 516 4489 2082 4560; baseline -0.005 -10"><span class='ocrx_word' id='word_1_351' title='bbox 516 4496 583 4551; x_wconf 91' lang='lat' dir='ltr'><strong>de</strong></span> <span class='ocrx_word' id='word_1_352' title='bbox 608 4496 716 4552; x_wconf 88' lang='lat' dir='ltr'><strong>illis</strong></span> <span class='ocrx_word' id='word_1_353' title='bbox 741 4495 1031 4550; x_wconf 81' lang='lat' dir='ltr'><strong>infantibus</strong></span> <span class='ocrx_word' id='word_1_354' title='bbox 1058 4490 1457 4560; x_wconf 83' lang='lat' dir='ltr'><strong>intelligendum</strong></span> <span class='ocrx_word' id='word_1_355' title='bbox 1500 4498 1602 4555; x_wconf 81' lang='lat' dir='ltr'><strong>est,</strong></span> <span class='ocrx_word' id='word_1_356' title='bbox 1629 4490 1718 4559; x_wconf 91' lang='lat' dir='ltr'><strong>qui</strong></span> <span class='ocrx_word' id='word_1_357' title='bbox 1748 4489 1895 4558; x_wconf 87' lang='lat' dir='ltr'><strong>prius</strong></span> <span class='ocrx_word' id='word_1_358' title='bbox 1925 4505 2082 4560; x_wconf 90' lang='lat' dir='ltr'><strong>quam</strong></span> 
     </span>
    </p>
   </div>
   <div class='ocr_carea' id='block_1_48' title="bbox 517 4580 2085 4656">
    <p class='ocr_par' dir='ltr' id='par_1_48' title="bbox 517 4580 2085 4656">
     <span class='ocr_line' id='line_1_48' title="bbox 517 4580 2085 4656; baseline -0.004 -16"><span class='ocrx_word' id='word_1_359' title='bbox 517 4596 739 4654; x_wconf 88' lang='lat' dir='ltr'><strong>possent</strong></span> <span class='ocrx_word' id='word_1_360' title='bbox 761 4601 920 4656; x_wconf 81' lang='lat' dir='ltr'><strong>agere</strong></span> <span class='ocrx_word' id='word_1_361' title='bbox 945 4585 1026 4639; x_wconf 90' lang='lat' dir='ltr'><strong>vel</strong></span> <span class='ocrx_word' id='word_1_362' title='bbox 1054 4585 1189 4638; x_wconf 92' lang='lat' dir='ltr'><strong>bene</strong></span> <span class='ocrx_word' id='word_1_363' title='bbox 1217 4582 1297 4636; x_wconf 89' lang='lat' dir='ltr'><strong>vel</strong></span> <span class='ocrx_word' id='word_1_364' title='bbox 1330 4581 1464 4636; x_wconf 88' lang='lat' dir='ltr'><strong>male</strong></span> <span class='ocrx_word' id='word_1_365' title='bbox 1485 4622 1498 4645; x_wconf 90' lang='lat'><strong>,</strong></span> <span class='ocrx_word' id='word_1_366' title='bbox 1527 4581 1642 4636; x_wconf 87' lang='lat' dir='ltr'><strong>sine</strong></span> <span class='ocrx_word' id='word_1_367' title='bbox 1671 4580 1936 4649; x_wconf 86' lang='lat' dir='ltr'><strong>baptismo</strong></span> <span class='ocrx_word' id='word_1_368' title='bbox 1961 4596 2085 4634; x_wconf 84' lang='lat' dir='ltr'><strong>cor-</strong></span> 
     </span>
    </p>
   </div>
   <div class='ocr_carea' id='block_1_49' title="bbox 517 4671 2084 4746">
    <p class='ocr_par' dir='ltr' id='par_1_49' title="bbox 517 4671 2084 4746">
     <span class='ocr_line' id='line_1_49' title="bbox 517 4671 2084 4746; baseline -0.004 -13"><span class='ocrx_word' id='word_1_369' title='bbox 517 4693 648 4746; x_wconf 89' lang='lat' dir='ltr'><strong>pore</strong></span> <span class='ocrx_word' id='word_1_370' title='bbox 677 4677 821 4732; x_wconf 70' lang='lat' dir='ltr'><strong>asuti</strong></span> <span class='ocrx_word' id='word_1_371' title='bbox 851 4676 1011 4730; x_wconf 86' lang='lat' dir='ltr'><strong>sunt?</strong></span> <span class='ocrx_word' id='word_1_372' title='bbox 1032 4673 1177 4729; x_wconf 83' lang='lat' dir='ltr'><strong>Nihil</strong></span> <span class='ocrx_word' id='word_1_373' title='bbox 1205 4673 1289 4728; x_wconf 90' lang='lat' dir='ltr'><strong>hic</strong></span> <span class='ocrx_word' id='word_1_374' title='bbox 1308 4673 1376 4729; x_wconf 90' lang='lat' dir='ltr'><strong>de</strong></span> <span class='ocrx_word' id='word_1_375' title='bbox 1407 4673 1595 4728; x_wconf 88' lang='lat' dir='ltr'><strong>talibus</strong></span> <span class='ocrx_word' id='word_1_376' title='bbox 1619 4671 1823 4726; x_wconf 89' lang='lat' dir='ltr'><strong>dictum</strong></span> <span class='ocrx_word' id='word_1_377' title='bbox 1850 4682 1950 4727; x_wconf 88' lang='lat' dir='ltr'><strong>est.</strong></span> <span class='ocrx_word' id='word_1_378' title='bbox 1979 4672 2084 4727; x_wconf 91' lang='lat' dir='ltr'><strong>Sed</strong></span> 
     </span>
    </p>
   </div>
   <div class='ocr_carea' id='block_1_50' title="bbox 517 4763 2085 4834">
    <p class='ocr_par' dir='ltr' id='par_1_50' title="bbox 517 4763 2085 4834">
     <span class='ocr_line' id='line_1_50' title="bbox 517 4763 2085 4834; baseline -0.003 -13"><span class='ocrx_word' id='word_1_379' title='bbox 517 4769 564 4821; x_wconf 88' lang='lat' dir='ltr'><strong>si</strong></span> <span class='ocrx_word' id='word_1_380' title='bbox 591 4782 720 4821; x_wconf 91' lang='lat' dir='ltr'><strong>caro</strong></span> <span class='ocrx_word' id='word_1_381' title='bbox 741 4781 922 4821; x_wconf 92' lang='lat' dir='ltr'><strong>eorum</strong></span> <span class='ocrx_word' id='word_1_382' title='bbox 953 4765 1072 4820; x_wconf 85' lang='lat' dir='ltr'><strong>ideo</strong></span> <span class='ocrx_word' id='word_1_383' title='bbox 1097 4779 1204 4819; x_wconf 91' lang='lat' dir='ltr'><strong>non</strong></span> <span class='ocrx_word' id='word_1_384' title='bbox 1242 4773 1516 4834; x_wconf 75' lang='lat' dir='ltr'><strong>resurget.</strong></span> <span class='ocrx_word' id='word_1_385' title='bbox 1549 4763 1672 4833; x_wconf 90' lang='lat' dir='ltr'><strong>quia</strong></span> <span class='ocrx_word' id='word_1_386' title='bbox 1708 4779 1808 4818; x_wconf 90' lang='lat' dir='ltr'><strong>nec</strong></span> <span class='ocrx_word' id='word_1_387' title='bbox 1837 4763 1958 4817; x_wconf 88' lang='lat' dir='ltr'><strong>boni</strong></span> <span class='ocrx_word' id='word_1_388' title='bbox 1984 4763 2085 4816; x_wconf 87' lang='lat' dir='ltr'><strong>ali-</strong></span> 
     </span>
    </p>
   </div>
   <div class='ocr_carea' id='block_1_51' title="bbox 518 4856 2084 4927">
    <p class='ocr_par' dir='ltr' id='par_1_51' title="bbox 518 4856 2084 4927">
     <span class='ocr_line' id='line_1_51' title="bbox 518 4856 2084 4927; baseline 0.001 -16"><span class='ocrx_word' id='word_1_389' title='bbox 518 4857 642 4927; x_wconf 86' lang='lat' dir='ltr'><strong>quid</strong></span> <span class='ocrx_word' id='word_1_390' title='bbox 674 4857 946 4921; x_wconf 87' lang='lat' dir='ltr'><strong>fecerunt,</strong></span> <span class='ocrx_word' id='word_1_391' title='bbox 993 4870 1095 4911; x_wconf 89' lang='lat' dir='ltr'><strong>nec</strong></span> <span class='ocrx_word' id='word_1_392' title='bbox 1135 4856 1295 4919; x_wconf 88' lang='lat' dir='ltr'><strong>mali;</strong></span> <span class='ocrx_word' id='word_1_393' title='bbox 1337 4871 1436 4911; x_wconf 88' lang='lat' dir='ltr'><strong>nec</strong></span> <span class='ocrx_word' id='word_1_394' title='bbox 1472 4858 1681 4910; x_wconf 88' lang='lat' dir='ltr'><strong>illorum</strong></span> <span class='ocrx_word' id='word_1_395' title='bbox 1716 4868 2084 4912; x_wconf 88' lang='lat' dir='ltr'><strong>resurrectura</strong></span> 
     </span>
    </p>
   </div>
   <div class='ocr_carea' id='block_1_52' title="bbox 518 4947 2082 5016">
    <p class='ocr_par' dir='ltr' id='par_1_52' title="bbox 518 4947 2082 5016">
     <span class='ocr_line' id='line_1_52' title="bbox 518 4947 2082 5016; baseline 0.001 -14"><span class='ocrx_word' id='word_1_396' title='bbox 518 4957 621 5009; x_wconf 80' lang='lat' dir='ltr'><strong>est,</strong></span> <span class='ocrx_word' id='word_1_397' title='bbox 650 4947 738 5014; x_wconf 87' lang='lat' dir='ltr'><strong>qui</strong></span> <span class='ocrx_word' id='word_1_398' title='bbox 768 4955 1016 5016; x_wconf 88' lang='lat' dir='ltr'><strong>percepta</strong></span> <span class='ocrx_word' id='word_1_399' title='bbox 1041 4947 1290 5015; x_wconf 88' lang='lat' dir='ltr'><strong>baptismi</strong></span> <span class='ocrx_word' id='word_1_400' title='bbox 1331 4948 1522 5016; x_wconf 76' lang='lat' dir='ltr'><strong>gratia,</strong></span> <span class='ocrx_word' id='word_1_401' title='bbox 1569 4949 1622 5002; x_wconf 90' lang='lat' dir='ltr'><strong>in</strong></span> <span class='ocrx_word' id='word_1_402' title='bbox 1670 4948 1757 5002; x_wconf 91' lang='lat' dir='ltr'><strong>illa</strong></span> <span class='ocrx_word' id='word_1_403' title='bbox 1799 4957 1960 5003; x_wconf 81' lang='lat' dir='ltr'><strong>:etate</strong></span> <span class='ocrx_word' id='word_1_404' title='bbox 1986 4949 2082 5003; x_wconf 81' lang='lat' dir='ltr'><strong>de-</strong></span> 
     </span>
    </p>
   </div>
   <div class='ocr_carea' id='block_1_53' title="bbox 518 5035 2084 5109">
    <p class='ocr_par' dir='ltr' id='par_1_53' title="bbox 518 5035 2084 5109">
     <span class='ocr_line' id='line_1_53' title="bbox 518 5035 2084 5109; baseline 0.004 -21"><span class='ocrx_word' id='word_1_405' title='bbox 518 5035 686 5088; x_wconf 85' lang='lat' dir='ltr'><strong>functi</strong></span> <span class='ocrx_word' id='word_1_406' title='bbox 713 5045 867 5100; x_wconf 90' lang='lat' dir='ltr'><strong>sunt,</strong></span> <span class='ocrx_word' id='word_1_407' title='bbox 910 5037 961 5089; x_wconf 93' lang='lat' dir='ltr'><strong>in</strong></span> <span class='ocrx_word' id='word_1_408' title='bbox 1005 5052 1109 5107; x_wconf 88' lang='lat' dir='ltr'><strong>qua</strong></span> <span class='ocrx_word' id='word_1_409' title='bbox 1152 5038 1283 5092; x_wconf 91' lang='lat' dir='ltr'><strong>nihil</strong></span> <span class='ocrx_word' id='word_1_410' title='bbox 1324 5039 1461 5092; x_wconf 89' lang='lat' dir='ltr'><strong>bene</strong></span> <span class='ocrx_word' id='word_1_411' title='bbox 1508 5038 1592 5092; x_wconf 86' lang='lat' dir='ltr'><strong>vel</strong></span> <span class='ocrx_word' id='word_1_412' title='bbox 1620 5039 1759 5092; x_wconf 89' lang='lat' dir='ltr'><strong>male</strong></span> <span class='ocrx_word' id='word_1_413' title='bbox 1802 5053 1961 5108; x_wconf 81' lang='lat' dir='ltr'><strong>agere</strong></span> <span class='ocrx_word' id='word_1_414' title='bbox 1985 5055 2084 5109; x_wconf 82' lang='lat' dir='ltr'><strong>po-</strong></span> 
     </span>
    </p>
   </div>
   <div class='ocr_carea' id='block_1_54' title="bbox 519 5125 2090 5198">
    <p class='ocr_par' dir='ltr' id='par_1_54' title="bbox 519 5125 2090 5198">
     <span class='ocr_line' id='line_1_54' title="bbox 519 5125 2090 5198; baseline 0.002 -16"><span class='ocrx_word' id='word_1_415' title='bbox 519 5134 756 5182; x_wconf 88' lang='lat' dir='ltr'><strong>tuerunt.</strong></span> <span class='ocrx_word' id='word_1_416' title='bbox 786 5125 843 5180; x_wconf 89' lang='lat' dir='ltr'><strong>Si</strong></span> <span class='ocrx_word' id='word_1_417' title='bbox 871 5136 1049 5181; x_wconf 89' lang='lat' dir='ltr'><strong>autem</strong></span> <span class='ocrx_word' id='word_1_418' title='bbox 1075 5127 1154 5180; x_wconf 88' lang='lat' dir='ltr'><strong>illi</strong></span> <span class='ocrx_word' id='word_1_419' title='bbox 1182 5128 1319 5183; x_wconf 90' lang='lat' dir='ltr'><strong>inter</strong></span> <span class='ocrx_word' id='word_1_420' title='bbox 1345 5137 1559 5184; x_wconf 88' lang='lat' dir='ltr'><strong>sanctos</strong></span> <span class='ocrx_word' id='word_1_421' title='bbox 1589 5138 1889 5198; x_wconf 80' lang='lat' dir='ltr'><strong>resurgent,</strong></span> <span class='ocrx_word' id='word_1_422' title='bbox 1922 5129 1972 5183; x_wconf 88' lang='lat' dir='ltr'><strong>id</strong></span> <span class='ocrx_word' id='word_1_423' title='bbox 2005 5138 2090 5185; x_wconf 86' lang='lat' dir='ltr'><strong>est</strong></span> 
     </span>
    </p>
   </div>
   <div class='ocr_carea' id='block_1_55' title="bbox 519 5219 2087 5289">
    <p class='ocr_par' dir='ltr' id='par_1_55' title="bbox 519 5219 2087 5289">
     <span class='ocr_line' id='line_1_55' title="bbox 519 5219 2087 5289; baseline 0 -15"><span class='ocrx_word' id='word_1_424' title='bbox 519 5221 660 5274; x_wconf 90' lang='lat' dir='ltr'><strong>inter</strong></span> <span class='ocrx_word' id='word_1_425' title='bbox 683 5233 776 5274; x_wconf 89' lang='lat' dir='ltr'><strong>eos</strong></span> <span class='ocrx_word' id='word_1_426' title='bbox 804 5219 894 5289; x_wconf 92' lang='lat' dir='ltr'><strong>qui</strong></span> <span class='ocrx_word' id='word_1_427' title='bbox 924 5219 1059 5274; x_wconf 88' lang='lat' dir='ltr'><strong>bene</strong></span> <span class='ocrx_word' id='word_1_428' title='bbox 1081 5229 1339 5287; x_wconf 73' lang='lat' dir='ltr'><strong>egerunt;</strong></span> <span class='ocrx_word' id='word_1_429' title='bbox 1382 5221 1519 5274; x_wconf 90' lang='lat' dir='ltr'><strong>inter</strong></span> <span class='ocrx_word' id='word_1_430' title='bbox 1545 5234 1681 5288; x_wconf 89' lang='lat' dir='ltr'><strong>quos</strong></span> <span class='ocrx_word' id='word_1_431' title='bbox 1705 5227 1760 5273; x_wconf 92' lang='lat' dir='ltr'><strong>et</strong></span> <span class='ocrx_word' id='word_1_432' title='bbox 1783 5219 1862 5273; x_wconf 89' lang='lat' dir='ltr'><strong>illi</strong></span> <span class='ocrx_word' id='word_1_433' title='bbox 1904 5235 2087 5275; x_wconf 86' lang='lat' dir='ltr'><strong>resur-</strong></span> 
     </span>
    </p>
   </div>
   <div class='ocr_carea' id='block_1_56' title="bbox 519 5309 2086 5380">
    <p class='ocr_par' dir='ltr' id='par_1_56' title="bbox 519 5309 2086 5380">
     <span class='ocr_line' id='line_1_56' title="bbox 519 5309 2086 5380; baseline 0.002 -16"><span class='ocrx_word' id='word_1_434' title='bbox 519 5309 717 5365; x_wconf 88' lang='lat' dir='ltr'><strong>recturi</strong></span> <span class='ocrx_word' id='word_1_435' title='bbox 747 5319 894 5375; x_wconf 89' lang='lat' dir='ltr'><strong>sunt,</strong></span> <span class='ocrx_word' id='word_1_436' title='bbox 921 5309 1023 5364; x_wconf 88' lang='lat' dir='ltr'><strong>nisi</strong></span> <span class='ocrx_word' id='word_1_437' title='bbox 1051 5311 1193 5364; x_wconf 89' lang='lat' dir='ltr'><strong>inter</strong></span> <span class='ocrx_word' id='word_1_438' title='bbox 1215 5323 1309 5365; x_wconf 89' lang='lat' dir='ltr'><strong>eos</strong></span> <span class='ocrx_word' id='word_1_439' title='bbox 1331 5310 1421 5378; x_wconf 89' lang='lat' dir='ltr'><strong>qui</strong></span> <span class='ocrx_word' id='word_1_440' title='bbox 1452 5310 1588 5364; x_wconf 89' lang='lat' dir='ltr'><strong>male</strong></span> <span class='ocrx_word' id='word_1_441' title='bbox 1617 5320 1860 5380; x_wconf 81' lang='lat' dir='ltr'><strong>egerunt,</strong></span> <span class='ocrx_word' id='word_1_442' title='bbox 1893 5327 1961 5366; x_wconf 91' lang='lat' dir='ltr'><strong>ne</strong></span> <span class='ocrx_word' id='word_1_443' title='bbox 1985 5312 2086 5368; x_wconf 78' lang='lat' dir='ltr'><strong>ali-</strong></span> 
     </span>
    </p>
   </div>
   <div class='ocr_carea' id='block_1_57' title="bbox 520 5401 2087 5472">
    <p class='ocr_par' dir='ltr' id='par_1_57' title="bbox 520 5401 2087 5472">
     <span class='ocr_line' id='line_1_57' title="bbox 520 5401 2087 5472; baseline 0.004 -17"><span class='ocrx_word' id='word_1_444' title='bbox 520 5416 654 5470; x_wconf 88' lang='lat' dir='ltr'><strong>quas</strong></span> <span class='ocrx_word' id='word_1_445' title='bbox 700 5403 958 5458; x_wconf 86' lang='lat' dir='ltr'><strong>humanas</strong></span> <span class='ocrx_word' id='word_1_446' title='bbox 1006 5403 1213 5459; x_wconf 89' lang='lat' dir='ltr'><strong>animas</strong></span> <span class='ocrx_word' id='word_1_447' title='bbox 1256 5401 1537 5457; x_wconf 85' lang='lat' dir='ltr'><strong>credamus</strong></span> <span class='ocrx_word' id='word_1_448' title='bbox 1577 5418 1801 5472; x_wconf 90' lang='lat' dir='ltr'><strong>corpora</strong></span> <span class='ocrx_word' id='word_1_449' title='bbox 1849 5419 1944 5459; x_wconf 90' lang='lat' dir='ltr'><strong>sua</strong></span> <span class='ocrx_word' id='word_1_450' title='bbox 1983 5421 2087 5461; x_wconf 89' lang='lat' dir='ltr'><strong>non</strong></span> 
     </span>
    </p>
   </div>
   <div class='ocr_carea' id='block_1_58' title="bbox 582 5551 2087 5623">
    <p class='ocr_par' dir='ltr' id='par_1_58' title="bbox 582 5551 2087 5623">
     <span class='ocr_line' id='line_1_58' title="bbox 582 5551 2087 5623; baseline -0.001 -21"><span class='ocrx_word' id='word_1_451' title='bbox 582 5553 656 5623; x_wconf 77' lang='grc' dir='ltr'><strong>(ᾳ)</strong></span> <span class='ocrx_word' id='word_1_452' title='bbox 687 5552 826 5602; x_wconf 84' lang='lat' dir='ltr'><strong>Hand</strong></span> <span class='ocrx_word' id='word_1_453' title='bbox 848 5554 980 5623; x_wconf 73' lang='lat' dir='ltr'><strong>bene</strong></span> <span class='ocrx_word' id='word_1_454' title='bbox 999 5553 1217 5623; x_wconf 75' lang='lat' dir='ltr'><strong>Martiae.</strong></span> <span class='ocrx_word' id='word_1_455' title='bbox 1240 5557 1349 5616; x_wconf 86' lang='lat' dir='ltr'><strong>post</strong></span> <span class='ocrx_word' id='word_1_456' title='bbox 1367 5551 1551 5604; x_wconf 86' lang='lat' dir='ltr'><strong>Erasm.</strong></span> <span class='ocrx_word' id='word_1_457' title='bbox 1571 5552 1744 5618; x_wconf 69' lang='lat' dir='ltr'><strong>gratia:</strong></span> <span class='ocrx_word' id='word_1_458' title='bbox 1769 5553 1874 5613; x_wconf 89' lang='lat' dir='ltr'><strong>Dei,</strong></span> <span class='ocrx_word' id='word_1_459' title='bbox 1902 5561 1953 5604; x_wconf 91' lang='lat' dir='ltr'><strong>et</strong></span> <span class='ocrx_word' id='word_1_460' title='bbox 1975 5567 2087 5602; x_wconf 80' lang='lat' dir='ltr'><strong>mox</strong></span> 
     </span>
    </p>
   </div>
   <div class='ocr_carea' id='block_1_59' title="bbox 517 5616 1154 5676">
    <p class='ocr_par' dir='ltr' id='par_1_59' title="bbox 517 5616 1154 5676">
     <span class='ocr_line' id='line_1_59' title="bbox 517 5616 1154 5676; baseline 0.002 -12"><span class='ocrx_word' id='word_1_461' title='bbox 517 5616 744 5674; x_wconf 70' lang='lat' dir='ltr'><strong>subjecta:</strong></span> <span class='ocrx_word' id='word_1_462' title='bbox 766 5629 850 5676; x_wconf 91' lang='lat' dir='ltr'><strong>pro</strong></span> <span class='ocrx_word' id='word_1_463' title='bbox 876 5616 1154 5676; x_wconf 70' lang='lat' dir='ltr'><strong>subiugatur.</strong></span> 
     </span>
    </p>
   </div>
   <div class='ocr_carea' id='block_1_60' title="bbox 586 5674 1555 5738">
    <p class='ocr_par' dir='ltr' id='par_1_60' title="bbox 586 5674 1555 5738">
     <span class='ocr_line' id='line_1_60' title="bbox 586 5674 1555 5738; baseline 0.002 -14"><span class='ocrx_word' id='word_1_464' title='bbox 586 5676 654 5738; x_wconf 75' lang='grc' dir='ltr'><strong>(ὸ)</strong></span> <span class='ocrx_word' id='word_1_465' title='bbox 689 5674 842 5724; x_wconf 77' lang='lat' dir='ltr'><strong>Iidem</strong></span> <span class='ocrx_word' id='word_1_466' title='bbox 864 5691 970 5725; x_wconf 88' lang='lat' dir='ltr'><strong>cum</strong></span> <span class='ocrx_word' id='word_1_467' title='bbox 993 5674 1099 5726; x_wconf 86' lang='lat' dir='ltr'><strong>aliis</strong></span> <span class='ocrx_word' id='word_1_468' title='bbox 1123 5677 1266 5726; x_wconf 89' lang='lat' dir='ltr'><strong>editis</strong></span> <span class='ocrx_word' id='word_1_469' title='bbox 1285 5674 1555 5727; x_wconf 82' lang='lat' dir='ltr'><strong>accesserit.</strong></span> 
     </span>
    </p>
   </div>
   <div class='ocr_carea' id='block_1_61' title="bbox 586 5734 2090 5800">
    <p class='ocr_par' dir='ltr' id='par_1_61' title="bbox 586 5734 2090 5800">
     <span class='ocr_line' id='line_1_61' title="bbox 586 5734 2090 5800; baseline -0.009 -4"><span class='ocrx_word' id='word_1_470' title='bbox 586 5734 655 5798; x_wconf 74' lang='grc' dir='ltr'><strong>(ι’)</strong></span> <span class='ocrx_word' id='word_1_471' title='bbox 690 5738 905 5786; x_wconf 69' lang='lat' dir='ltr'><strong>Martiali.</strong></span> <span class='ocrx_word' id='word_1_472' title='bbox 933 5746 1040 5800; x_wconf 76' lang='lat' dir='ltr'><strong>p0st</strong></span> <span class='ocrx_word' id='word_1_473' title='bbox 1061 5738 1248 5789; x_wconf 76' lang='lat' dir='ltr'><strong>Erasm.</strong></span> <span class='ocrx_word' id='word_1_474' title='bbox 1273 5738 1442 5798; x_wconf 77' lang='lat' dir='ltr'><strong>veniet,</strong></span> <span class='ocrx_word' id='word_1_475' title='bbox 1481 5746 1532 5788; x_wconf 88' lang='lat' dir='ltr'><strong>et</strong></span> <span class='ocrx_word' id='word_1_476' title='bbox 1563 5737 1702 5800; x_wconf 87' lang='lat' dir='ltr'><strong>paulo</strong></span> <span class='ocrx_word' id='word_1_477' title='bbox 1733 5743 1840 5798; x_wconf 86' lang='lat' dir='ltr'><strong>post</strong></span> <span class='ocrx_word' id='word_1_478' title='bbox 1863 5734 1982 5784; x_wconf 87' lang='lat' dir='ltr'><strong>bona</strong></span> <span class='ocrx_word' id='word_1_479' title='bbox 2004 5747 2090 5797; x_wconf 82' lang='lat' dir='ltr'><strong>pro</strong></span> 
     </span>
    </p>
   </div>
   <div class='ocr_carea' id='block_1_62' title="bbox 525 5798 1114 5861">
    <p class='ocr_par' dir='ltr' id='par_1_62' title="bbox 525 5798 1114 5861">
     <span class='ocr_line' id='line_1_62' title="bbox 525 5798 1114 5861; baseline 0.008 -16"><span class='ocrx_word' id='word_1_480' title='bbox 525 5798 654 5858; x_wconf 63' lang='lat' dir='ltr'><strong>huic,</strong></span> <span class='ocrx_word' id='word_1_481' title='bbox 681 5802 895 5861; x_wconf 51' lang='lat' dir='ltr'><strong>proprius</strong></span> <span class='ocrx_word' id='word_1_482' title='bbox 928 5798 1114 5852; x_wconf 64' lang='lat' dir='ltr'><strong>Graeco.</strong></span> 
     </span>
    </p>
   </div>
   <div class='ocr_carea' id='block_1_63' title="bbox 1802 363 2449 426">
    <p class='ocr_par' dir='ltr' id='par_1_63' title="bbox 1802 363 2449 426">
     <span class='ocr_line' id='line_1_63' title="bbox 1802 363 2449 426; baseline -0.011 1"><span class='ocrx_word' id='word_1_483' title='bbox 1802 365 2040 426; x_wconf 75' lang='lat' dir='ltr'><strong>SANC&#39;I&#39;I</strong></span> <span class='ocrx_word' id='word_1_484' title='bbox 2075 363 2449 422; x_wconf 72' lang='lat' dir='ltr'><strong>HIEBONYMI</strong></span> 
     </span>
    </p>
   </div>
   <div class='ocr_carea' id='block_1_64' title="bbox 3617 373 3748 432">
    <p class='ocr_par' dir='ltr' id='par_1_64' title="bbox 3617 373 3748 432">
     <span class='ocr_line' id='line_1_64' title="bbox 3617 373 3748 432; baseline 0.008 -1"><span class='ocrx_word' id='word_1_485' title='bbox 3617 373 3748 432; x_wconf 72' lang='lat'><strong>&quot;36</strong></span> 
     </span>
    </p>
   </div>
   <div class='ocr_carea' id='block_1_65' title="bbox 2185 483 3751 560">
    <p class='ocr_par' dir='ltr' id='par_1_65' title="bbox 2185 483 3751 560">
     <span class='ocr_line' id='line_1_65' title="bbox 2185 483 3751 560; baseline 0.004 -21"><span class='ocrx_word' id='word_1_486' title='bbox 2185 492 2514 554; x_wconf 74' lang='lat' dir='ltr'><strong>receptums,</strong></span> <span class='ocrx_word' id='word_1_487' title='bbox 2543 483 2655 540; x_wconf 90' lang='lat' dir='ltr'><strong>sive</strong></span> <span class='ocrx_word' id='word_1_488' title='bbox 2680 485 2732 540; x_wconf 87' lang='lat' dir='ltr'><strong>lu</strong></span> <span class='ocrx_word' id='word_1_489' title='bbox 2759 489 3204 560; x_wconf 85' lang='lat' dir='ltr'><strong>resurrectionem</strong></span> <span class='ocrx_word' id='word_1_490' title='bbox 3241 488 3399 557; x_wconf 72' lang='lat' dir='ltr'><strong>vitm,</strong></span> <span class='ocrx_word' id='word_1_491' title='bbox 3438 488 3552 545; x_wconf 84' lang='lat' dir='ltr'><strong>sive</strong></span> <span class='ocrx_word' id='word_1_492' title='bbox 3579 489 3633 546; x_wconf 84' lang='lat' dir='ltr'><strong>in</strong></span> <span class='ocrx_word' id='word_1_493' title='bbox 3663 508 3751 546; x_wconf 89' lang='lat' dir='ltr'><strong>re-</strong></span> 
     </span>
    </p>
   </div>
   <div class='ocr_carea' id='block_1_66' title="bbox 2185 577 3752 653">
    <p class='ocr_par' dir='ltr' id='par_1_66' title="bbox 2185 577 3752 653">
     <span class='ocr_line' id='line_1_66' title="bbox 2185 577 3752 653; baseline 0.003 -21"><span class='ocrx_word' id='word_1_494' title='bbox 2185 577 2570 632; x_wconf 83' lang='lat' dir='ltr'><strong>surrectionem</strong></span> <span class='ocrx_word' id='word_1_495' title='bbox 2630 579 2851 648; x_wconf 83' lang='lat' dir='ltr'><strong>judicii?</strong></span> <span class='ocrx_word' id='word_1_496' title='bbox 2902 580 3030 646; x_wconf 67' lang='lat' dir='ltr'><strong>Quae</strong></span> <span class='ocrx_word' id='word_1_497' title='bbox 3080 581 3342 635; x_wconf 89' lang='lat' dir='ltr'><strong>sententia</strong></span> <span class='ocrx_word' id='word_1_498' title='bbox 3391 581 3541 653; x_wconf 86' lang='lat' dir='ltr'><strong>prius</strong></span> <span class='ocrx_word' id='word_1_499' title='bbox 3593 598 3752 651; x_wconf 83' lang='lat' dir='ltr'><strong>quam</strong></span> 
     </span>
    </p>
   </div>
   <div class='ocr_carea' id='block_1_67' title="bbox 2186 667 3753 742">
    <p class='ocr_par' dir='ltr' id='par_1_67' title="bbox 2186 667 3753 742">
     <span class='ocr_line' id='line_1_67' title="bbox 2186 667 3753 742; baseline 0.003 -22"><span class='ocrx_word' id='word_1_500' title='bbox 2186 667 2478 734; x_wconf 79' lang='lat' dir='ltr'><strong>refellatur,</strong></span> <span class='ocrx_word' id='word_1_501' title='bbox 2511 669 2630 736; x_wconf 85' lang='lat' dir='ltr'><strong>ipsa</strong></span> <span class='ocrx_word' id='word_1_502' title='bbox 2661 669 2895 725; x_wconf 87' lang='lat' dir='ltr'><strong>novitate</strong></span> <span class='ocrx_word' id='word_1_503' title='bbox 2933 671 3042 740; x_wconf 82' lang='lat' dir='ltr'><strong>jam</strong></span> <span class='ocrx_word' id='word_1_504' title='bbox 3083 672 3348 740; x_wconf 87' lang='lat' dir='ltr'><strong>displicet.</strong></span> <span class='ocrx_word' id='word_1_505' title='bbox 3396 671 3600 728; x_wconf 80' lang='lat' dir='ltr'><strong>Deinde</strong></span> <span class='ocrx_word' id='word_1_506' title='bbox 3635 675 3753 742; x_wconf 83' lang='lat' dir='ltr'><strong>quis</strong></span> 
     </span>
    </p>
   </div>
   <div class='ocr_carea' id='block_1_68' title="bbox 2185 756 3756 831">
    <p class='ocr_par' dir='ltr' id='par_1_68' title="bbox 2185 756 3756 831">
     <span class='ocr_line' id='line_1_68' title="bbox 2185 756 3756 831; baseline 0.005 -21"><span class='ocrx_word' id='word_1_507' title='bbox 2185 756 2339 825; x_wconf 86' lang='lat' dir='ltr'><strong>ferat,</strong></span> <span class='ocrx_word' id='word_1_508' title='bbox 2362 758 2406 811; x_wconf 92' lang='lat' dir='ltr'><strong>si</strong></span> <span class='ocrx_word' id='word_1_509' title='bbox 2430 759 2650 814; x_wconf 89' lang='lat' dir='ltr'><strong>credant</strong></span> <span class='ocrx_word' id='word_1_510' title='bbox 2687 773 2747 814; x_wconf 91' lang='lat' dir='ltr'><strong>se</strong></span> <span class='ocrx_word' id='word_1_511' title='bbox 2770 759 2868 827; x_wconf 87' lang='lat' dir='ltr'><strong>illi,</strong></span> <span class='ocrx_word' id='word_1_512' title='bbox 2897 761 2986 831; x_wconf 91' lang='lat' dir='ltr'><strong>qui</strong></span> <span class='ocrx_word' id='word_1_513' title='bbox 3014 762 3080 816; x_wconf 88' lang='lat' dir='ltr'><strong>ad</strong></span> <span class='ocrx_word' id='word_1_514' title='bbox 3119 762 3439 831; x_wconf 87' lang='lat' dir='ltr'><strong>baptismum</strong></span> <span class='ocrx_word' id='word_1_515' title='bbox 3480 777 3601 817; x_wconf 88' lang='lat' dir='ltr'><strong>cum</strong></span> <span class='ocrx_word' id='word_1_516' title='bbox 3644 764 3756 818; x_wconf 87' lang='lat' dir='ltr'><strong>suis</strong></span> 
     </span>
    </p>
   </div>
   <div class='ocr_carea' id='block_1_69' title="bbox 2185 849 3753 926">
    <p class='ocr_par' dir='ltr' id='par_1_69' title="bbox 2185 849 3753 926">
     <span class='ocr_line' id='line_1_69' title="bbox 2185 849 3753 926; baseline 0.005 -25"><span class='ocrx_word' id='word_1_517' title='bbox 2185 849 2418 916; x_wconf 83' lang='lat' dir='ltr'><strong>parvulis</strong></span> <span class='ocrx_word' id='word_1_518' title='bbox 2439 858 2678 914; x_wconf 87' lang='lat' dir='ltr'><strong>currunt,</strong></span> <span class='ocrx_word' id='word_1_519' title='bbox 2711 861 2931 920; x_wconf 90' lang='lat' dir='ltr'><strong>propter</strong></span> <span class='ocrx_word' id='word_1_520' title='bbox 2959 868 3147 908; x_wconf 87' lang='lat' dir='ltr'><strong>carnes</strong></span> <span class='ocrx_word' id='word_1_521' title='bbox 3169 851 3261 925; x_wconf 79' lang='lat' dir='ltr'><strong>[aL</strong></span> <span class='ocrx_word' id='word_1_522' title='bbox 3285 852 3510 926; x_wconf 85' lang='lat' dir='ltr'><strong>carnem]</strong></span> <span class='ocrx_word' id='word_1_523' title='bbox 3539 869 3753 920; x_wconf 90' lang='lat' dir='ltr'><strong>eorum,</strong></span> 
     </span>
    </p>
   </div>
   <div class='ocr_carea' id='block_1_70' title="bbox 2185 943 3753 1020">
    <p class='ocr_par' dir='ltr' id='par_1_70' title="bbox 2185 943 3753 1020">
     <span class='ocr_line' id='line_1_70' title="bbox 2185 943 3753 1020; baseline 0.007 -28"><span class='ocrx_word' id='word_1_524' title='bbox 2185 953 2293 994; x_wconf 89' lang='lat' dir='ltr'><strong>non</strong></span> <span class='ocrx_word' id='word_1_525' title='bbox 2319 951 2534 1010; x_wconf 87' lang='lat' dir='ltr'><strong>propter</strong></span> <span class='ocrx_word' id='word_1_526' title='bbox 2561 943 2768 1000; x_wconf 88' lang='lat' dir='ltr'><strong>animas</strong></span> <span class='ocrx_word' id='word_1_527' title='bbox 2793 947 3050 1001; x_wconf 86' lang='lat' dir='ltr'><strong>currere?</strong></span> <span class='ocrx_word' id='word_1_528' title='bbox 3076 946 3270 1002; x_wconf 87' lang='lat' dir='ltr'><strong>Beatus</strong></span> <span class='ocrx_word' id='word_1_529' title='bbox 3297 946 3510 1016; x_wconf 88' lang='lat' dir='ltr'><strong>quidem</strong></span> <span class='ocrx_word' id='word_1_530' title='bbox 3540 947 3619 1020; x_wconf 79' lang='lat' dir='ltr'><strong>(d)</strong></span> <span class='ocrx_word' id='word_1_531' title='bbox 3648 946 3753 1018; x_wconf 84' lang='lat' dir='ltr'><strong>Cy-</strong></span> 
     </span>
    </p>
   </div>
   <div class='ocr_carea' id='block_1_71' title="bbox 2187 1031 3756 1102">
    <p class='ocr_par' dir='ltr' id='par_1_71' title="bbox 2187 1031 3756 1102">
     <span class='ocr_line' id='line_1_71' title="bbox 2187 1031 3756 1102; baseline 0.004 -19"><span class='ocrx_word' id='word_1_532' title='bbox 2187 1031 2404 1098; x_wconf 90' lang='lat' dir='ltr'><strong>prianus</strong></span> <span class='ocrx_word' id='word_1_533' title='bbox 2434 1047 2538 1086; x_wconf 92' lang='lat' dir='ltr'><strong>non</strong></span> <span class='ocrx_word' id='word_1_534' title='bbox 2566 1033 2778 1102; x_wconf 80' lang='lat' dir='ltr'><strong>aliquod</strong></span> <span class='ocrx_word' id='word_1_535' title='bbox 2806 1034 3082 1090; x_wconf 89' lang='lat' dir='ltr'><strong>decretum</strong></span> <span class='ocrx_word' id='word_1_536' title='bbox 3111 1036 3348 1092; x_wconf 88' lang='lat' dir='ltr'><strong>condens</strong></span> <span class='ocrx_word' id='word_1_537' title='bbox 3394 1051 3590 1091; x_wconf 88' lang='lat' dir='ltr'><strong>novum</strong></span> <span class='ocrx_word' id='word_1_538' title='bbox 3613 1076 3628 1101; x_wconf 97' lang='lat'><strong>,</strong></span> <span class='ocrx_word' id='word_1_539' title='bbox 3659 1036 3756 1090; x_wconf 85' lang='lat' dir='ltr'><strong>sed</strong></span> 
     </span>
    </p>
   </div>
   <div class='ocr_carea' id='block_1_72' title="bbox 2186 1119 3753 1198">
    <p class='ocr_par' dir='ltr' id='par_1_72' title="bbox 2186 1119 3753 1198">
     <span class='ocr_line' id='line_1_72' title="bbox 2186 1119 3753 1198; baseline 0.005 -25"><span class='ocrx_word' id='word_1_540' title='bbox 2186 1119 2444 1174; x_wconf 69' lang='lat' dir='ltr'><strong>Ecclesiae</strong></span> <span class='ocrx_word' id='word_1_541' title='bbox 2469 1121 2627 1177; x_wconf 89' lang='lat' dir='ltr'><strong>fidem</strong></span> <span class='ocrx_word' id='word_1_542' title='bbox 2656 1123 3070 1179; x_wconf 85' lang='lat' dir='ltr'><strong>firmatissimam</strong></span> <span class='ocrx_word' id='word_1_543' title='bbox 3112 1124 3200 1198; x_wconf 85' lang='lat' dir='ltr'><strong>[aL</strong></span> <span class='ocrx_word' id='word_1_544' title='bbox 3249 1124 3614 1198; x_wconf 79' lang='lat' dir='ltr'><strong>ﬁrmissimam]</strong></span> <span class='ocrx_word' id='word_1_545' title='bbox 3638 1141 3753 1180; x_wconf 83' lang='lat' dir='ltr'><strong>ser-</strong></span> 
     </span>
    </p>
   </div>
   <div class='ocr_carea' id='block_1_73' title="bbox 2185 1212 3753 1286">
    <p class='ocr_par' dir='ltr' id='par_1_73' title="bbox 2185 1212 3753 1286">
     <span class='ocr_line' id='line_1_73' title="bbox 2185 1212 3753 1286; baseline 0.006 -23"><span class='ocrx_word' id='word_1_546' title='bbox 2185 1226 2350 1278; x_wconf 88' lang='lat' dir='ltr'><strong>vans,</strong></span> <span class='ocrx_word' id='word_1_547' title='bbox 2380 1212 2447 1266; x_wconf 88' lang='lat' dir='ltr'><strong>ad</strong></span> <span class='ocrx_word' id='word_1_548' title='bbox 2472 1214 2842 1284; x_wconf 84' lang='lat' dir='ltr'><strong>corrigendum</strong></span> <span class='ocrx_word' id='word_1_549' title='bbox 2874 1231 3001 1281; x_wconf 87' lang='lat' dir='ltr'><strong>eos,</strong></span> <span class='ocrx_word' id='word_1_550' title='bbox 3041 1217 3129 1286; x_wconf 88' lang='lat' dir='ltr'><strong>qui</strong></span> <span class='ocrx_word' id='word_1_551' title='bbox 3171 1217 3425 1286; x_wconf 85' lang='lat' dir='ltr'><strong>putabant</strong></span> <span class='ocrx_word' id='word_1_552' title='bbox 3455 1228 3580 1273; x_wconf 90' lang='lat' dir='ltr'><strong>ante</strong></span> <span class='ocrx_word' id='word_1_553' title='bbox 3605 1227 3753 1272; x_wconf 83' lang='lat' dir='ltr'><strong>octa-</strong></span> 
     </span>
    </p>
   </div>
   <div class='ocr_carea' id='block_1_74' title="bbox 2187 1302 3756 1378">
    <p class='ocr_par' dir='ltr' id='par_1_74' title="bbox 2187 1302 3756 1378">
     <span class='ocr_line' id='line_1_74' title="bbox 2187 1302 3756 1378; baseline 0.004 -24"><span class='ocrx_word' id='word_1_554' title='bbox 2187 1317 2306 1356; x_wconf 91' lang='lat' dir='ltr'><strong>vum</strong></span> <span class='ocrx_word' id='word_1_555' title='bbox 2336 1302 2479 1358; x_wconf 91' lang='lat' dir='ltr'><strong>diem</strong></span> <span class='ocrx_word' id='word_1_556' title='bbox 2521 1306 2810 1361; x_wconf 90' lang='lat' dir='ltr'><strong>nativitatis</strong></span> <span class='ocrx_word' id='word_1_557' title='bbox 2853 1322 2957 1360; x_wconf 93' lang='lat' dir='ltr'><strong>non</strong></span> <span class='ocrx_word' id='word_1_558' title='bbox 3003 1322 3121 1361; x_wconf 91' lang='lat' dir='ltr'><strong>esse</strong></span> <span class='ocrx_word' id='word_1_559' title='bbox 3164 1307 3442 1378; x_wconf 87' lang='lat' dir='ltr'><strong>parvulum</strong></span> <span class='ocrx_word' id='word_1_560' title='bbox 3484 1307 3756 1376; x_wconf 83' lang='lat' dir='ltr'><strong>baptizan-</strong></span> 
     </span>
    </p>
   </div>
   <div class='ocr_carea' id='block_1_75' title="bbox 2185 1393 3756 1470">
    <p class='ocr_par' dir='ltr' id='par_1_75' title="bbox 2185 1393 3756 1470">
     <span class='ocr_line' id='line_1_75' title="bbox 2185 1393 3756 1470; baseline 0.004 -23"><span class='ocrx_word' id='word_1_561' title='bbox 2185 1393 2344 1460; x_wconf 90' lang='lat' dir='ltr'><strong>dum,</strong></span> <span class='ocrx_word' id='word_1_562' title='bbox 2375 1409 2481 1449; x_wconf 92' lang='lat' dir='ltr'><strong>non</strong></span> <span class='ocrx_word' id='word_1_563' title='bbox 2519 1410 2770 1470; x_wconf 72' lang='lat' dir='ltr'><strong>carnem,</strong></span> <span class='ocrx_word' id='word_1_564' title='bbox 2799 1397 2893 1452; x_wconf 85' lang='lat' dir='ltr'><strong>sed</strong></span> <span class='ocrx_word' id='word_1_565' title='bbox 2939 1398 3167 1452; x_wconf 89' lang='lat' dir='ltr'><strong>animam</strong></span> <span class='ocrx_word' id='word_1_566' title='bbox 3199 1397 3330 1451; x_wconf 78' lang='lat' dir='ltr'><strong>dixit</strong></span> <span class='ocrx_word' id='word_1_567' title='bbox 3355 1415 3456 1452; x_wconf 88' lang='lat' dir='ltr'><strong>non</strong></span> <span class='ocrx_word' id='word_1_568' title='bbox 3497 1415 3605 1452; x_wconf 84' lang='lat' dir='ltr'><strong>esse</strong></span> <span class='ocrx_word' id='word_1_569' title='bbox 3643 1416 3756 1468; x_wconf 78' lang='lat' dir='ltr'><strong>per-</strong></span> 
     </span>
    </p>
   </div>
   <div class='ocr_carea' id='block_1_76' title="bbox 2185 1484 3753 1560">
    <p class='ocr_par' dir='ltr' id='par_1_76' title="bbox 2185 1484 3753 1560">
     <span class='ocr_line' id='line_1_76' title="bbox 2185 1484 3753 1560; baseline 0.006 -24"><span class='ocrx_word' id='word_1_570' title='bbox 2185 1484 2436 1548; x_wconf 85' lang='lat' dir='ltr'><strong>dendam;</strong></span> <span class='ocrx_word' id='word_1_571' title='bbox 2464 1494 2519 1540; x_wconf 92' lang='lat' dir='ltr'><strong>et</strong></span> <span class='ocrx_word' id='word_1_572' title='bbox 2556 1501 2677 1540; x_wconf 78' lang='lat' dir='ltr'><strong>mox</strong></span> <span class='ocrx_word' id='word_1_573' title='bbox 2709 1499 2924 1552; x_wconf 89' lang='lat' dir='ltr'><strong>natum,</strong></span> <span class='ocrx_word' id='word_1_574' title='bbox 2970 1488 3073 1542; x_wconf 90' lang='lat' dir='ltr'><strong>rite</strong></span> <span class='ocrx_word' id='word_1_575' title='bbox 3113 1488 3369 1556; x_wconf 82' lang='lat' dir='ltr'><strong>baptizari</strong></span> <span class='ocrx_word' id='word_1_576' title='bbox 3410 1504 3602 1560; x_wconf 89' lang='lat' dir='ltr'><strong>posse,</strong></span> <span class='ocrx_word' id='word_1_577' title='bbox 3631 1505 3753 1546; x_wconf 88' lang='lat' dir='ltr'><strong>cum</strong></span> 
     </span>
    </p>
   </div>
   <div class='ocr_carea' id='block_1_77' title="bbox 2184 1576 3278 1648">
    <p class='ocr_par' dir='ltr' id='par_1_77' title="bbox 2184 1576 3278 1648">
     <span class='ocr_line' id='line_1_77' title="bbox 2184 1576 3278 1648; baseline 0.004 -20"><span class='ocrx_word' id='word_1_578' title='bbox 2184 1576 2295 1629; x_wconf 89' lang='lat' dir='ltr'><strong>suis</strong></span> <span class='ocrx_word' id='word_1_579' title='bbox 2320 1577 2636 1646; x_wconf 86' lang='lat' dir='ltr'><strong>quibusdam</strong></span> <span class='ocrx_word' id='word_1_580' title='bbox 2667 1580 2999 1648; x_wconf 90' lang='lat' dir='ltr'><strong>coepiscopis</strong></span> <span class='ocrx_word' id='word_1_581' title='bbox 3019 1579 3278 1634; x_wconf 81' lang='lat' dir='ltr'><strong>censuit.s</strong></span> 
     </span>
    </p>
   </div>
   <div class='ocr_carea' id='block_1_78' title="bbox 2253 1667 3752 1740">
    <p class='ocr_par' dir='ltr' id='par_1_78' title="bbox 2253 1667 3752 1740">
     <span class='ocr_line' id='line_1_78' title="bbox 2253 1667 3752 1740; baseline 0.005 -20"><span class='ocrx_word' id='word_1_582' title='bbox 2253 1667 2343 1721; x_wconf 67' lang='lat'><strong>24.</strong></span> <span class='ocrx_word' id='word_1_583' title='bbox 2375 1685 2393 1718; x_wconf 90' lang='grc'><strong>(</strong></span> <span class='ocrx_word' id='word_1_584' title='bbox 2429 1667 2534 1722; x_wconf 90' lang='lat' dir='ltr'><strong>Sed</strong></span> <span class='ocrx_word' id='word_1_585' title='bbox 2557 1679 2740 1722; x_wconf 89' lang='lat' dir='ltr'><strong>contra</strong></span> <span class='ocrx_word' id='word_1_586' title='bbox 2773 1669 3024 1740; x_wconf 87' lang='lat' dir='ltr'><strong>Cypriani</strong></span> <span class='ocrx_word' id='word_1_587' title='bbox 3051 1671 3279 1739; x_wconf 87' lang='lat' dir='ltr'><strong>aliquam</strong></span> <span class='ocrx_word' id='word_1_588' title='bbox 3304 1670 3632 1740; x_wconf 78' lang='lat' dir='ltr'><strong>Opinionem,</strong></span> <span class='ocrx_word' id='word_1_589' title='bbox 3663 1672 3752 1728; x_wconf 91' lang='lat' dir='ltr'><strong>ubi</strong></span> 
     </span>
    </p>
   </div>
   <div class='ocr_carea' id='block_1_79' title="bbox 2185 1759 3754 1834">
    <p class='ocr_par' dir='ltr' id='par_1_79' title="bbox 2185 1759 3754 1834">
     <span class='ocr_line' id='line_1_79' title="bbox 2185 1759 3754 1834; baseline 0.004 -23"><span class='ocrx_word' id='word_1_590' title='bbox 2185 1759 2323 1828; x_wconf 85' lang='lat' dir='ltr'><strong>quod</strong></span> <span class='ocrx_word' id='word_1_591' title='bbox 2347 1759 2631 1814; x_wconf 86' lang='lat' dir='ltr'><strong>videndum</strong></span> <span class='ocrx_word' id='word_1_592' title='bbox 2660 1762 2777 1828; x_wconf 88' lang='lat' dir='ltr'><strong>fuit,</strong></span> <span class='ocrx_word' id='word_1_593' title='bbox 2801 1760 3030 1816; x_wconf 86' lang='lat' dir='ltr'><strong>fortasse</strong></span> <span class='ocrx_word' id='word_1_594' title='bbox 3061 1777 3166 1815; x_wconf 89' lang='lat' dir='ltr'><strong>non</strong></span> <span class='ocrx_word' id='word_1_595' title='bbox 3197 1762 3348 1828; x_wconf 88' lang='lat' dir='ltr'><strong>vidit,</strong></span> <span class='ocrx_word' id='word_1_596' title='bbox 3389 1765 3585 1818; x_wconf 86' lang='lat' dir='ltr'><strong>sentiat</strong></span> <span class='ocrx_word' id='word_1_597' title='bbox 3611 1766 3754 1834; x_wconf 86' lang='lat' dir='ltr'><strong>quis-</strong></span> 
     </span>
    </p>
   </div>
   <div class='ocr_carea' id='block_1_80' title="bbox 2185 1849 3754 1921">
    <p class='ocr_par' dir='ltr' id='par_1_80' title="bbox 2185 1849 3754 1921">
     <span class='ocr_line' id='line_1_80' title="bbox 2185 1849 3754 1921; baseline 0.004 -19"><span class='ocrx_word' id='word_1_598' title='bbox 2185 1865 2288 1917; x_wconf 87' lang='lat' dir='ltr'><strong>que</strong></span> <span class='ocrx_word' id='word_1_599' title='bbox 2315 1849 2456 1918; x_wconf 92' lang='lat' dir='ltr'><strong>quod</strong></span> <span class='ocrx_word' id='word_1_600' title='bbox 2501 1851 2661 1915; x_wconf 88' lang='lat' dir='ltr'><strong>libet;</strong></span> <span class='ocrx_word' id='word_1_601' title='bbox 2695 1862 2896 1905; x_wconf 88' lang='lat' dir='ltr'><strong>tantum</strong></span> <span class='ocrx_word' id='word_1_602' title='bbox 2939 1863 3120 1906; x_wconf 89' lang='lat' dir='ltr'><strong>contra</strong></span> <span class='ocrx_word' id='word_1_603' title='bbox 3162 1855 3509 1921; x_wconf 86' lang='lat' dir='ltr'><strong>apostolicam</strong></span> <span class='ocrx_word' id='word_1_604' title='bbox 3538 1855 3754 1909; x_wconf 86' lang='lat' dir='ltr'><strong>manife-</strong></span> 
     </span>
    </p>
   </div>
   <div class='ocr_carea' id='block_1_81' title="bbox 2184 1941 3754 2014">
    <p class='ocr_par' dir='ltr' id='par_1_81' title="bbox 2184 1941 3754 2014">
     <span class='ocr_line' id='line_1_81' title="bbox 2184 1941 3754 2014; baseline 0.005 -22"><span class='ocrx_word' id='word_1_605' title='bbox 2184 1941 2470 1995; x_wconf 89' lang='lat' dir='ltr'><strong>stissimam</strong></span> <span class='ocrx_word' id='word_1_606' title='bbox 2499 1942 2654 1996; x_wconf 90' lang='lat' dir='ltr'><strong>fidem</strong></span> <span class='ocrx_word' id='word_1_607' title='bbox 2700 1957 2855 1996; x_wconf 89' lang='lat' dir='ltr'><strong>nemo</strong></span> <span class='ocrx_word' id='word_1_608' title='bbox 2895 1945 3090 1998; x_wconf 87' lang='lat' dir='ltr'><strong>sentiat</strong></span> <span class='ocrx_word' id='word_1_609' title='bbox 3121 1945 3209 2013; x_wconf 88' lang='lat' dir='ltr'><strong>(e),</strong></span> <span class='ocrx_word' id='word_1_610' title='bbox 3234 1959 3352 2014; x_wconf 70' lang='lat' dir='ltr'><strong>qua:</strong></span> <span class='ocrx_word' id='word_1_611' title='bbox 3381 1961 3445 2000; x_wconf 79' lang='lat' dir='ltr'><strong>ex</strong></span> <span class='ocrx_word' id='word_1_612' title='bbox 3471 1944 3624 2000; x_wconf 87' lang='lat' dir='ltr'><strong>unius</strong></span> <span class='ocrx_word' id='word_1_613' title='bbox 3663 1945 3754 2000; x_wconf 83' lang='lat' dir='ltr'><strong>de-</strong></span> 
     </span>
    </p>
   </div>
   <div class='ocr_carea' id='block_1_82' title="bbox 2186 2033 3753 2106">
    <p class='ocr_par' dir='ltr' id='par_1_82' title="bbox 2186 2033 3753 2106">
     <span class='ocr_line' id='line_1_82' title="bbox 2186 2033 3753 2106; baseline 0.004 -21"><span class='ocrx_word' id='word_1_614' title='bbox 2186 2033 2310 2087; x_wconf 91' lang='lat' dir='ltr'><strong>licto</strong></span> <span class='ocrx_word' id='word_1_615' title='bbox 2335 2049 2524 2090; x_wconf 89' lang='lat' dir='ltr'><strong>omnes</strong></span> <span class='ocrx_word' id='word_1_616' title='bbox 2567 2035 2619 2088; x_wconf 91' lang='lat' dir='ltr'><strong>in</strong></span> <span class='ocrx_word' id='word_1_617' title='bbox 2661 2035 3158 2090; x_wconf 85' lang='lat' dir='ltr'><strong>condenmatiOuem</strong></span> <span class='ocrx_word' id='word_1_618' title='bbox 3200 2036 3316 2090; x_wconf 89' lang='lat' dir='ltr'><strong>duci</strong></span> <span class='ocrx_word' id='word_1_619' title='bbox 3360 2037 3611 2106; x_wconf 73' lang='lat' dir='ltr'><strong>prmdicat</strong></span> <span class='ocrx_word' id='word_1_620' title='bbox 3642 2053 3658 2091; x_wconf 91' lang='lat'><strong>:</strong></span> <span class='ocrx_word' id='word_1_621' title='bbox 3687 2054 3753 2091; x_wconf 75' lang='lat' dir='ltr'><strong>es</strong></span> 
     </span>
    </p>
   </div>
   <div class='ocr_carea' id='block_1_83' title="bbox 2184 2124 3754 2198">
    <p class='ocr_par' dir='ltr' id='par_1_83' title="bbox 2184 2124 3754 2198">
     <span class='ocr_line' id='line_1_83' title="bbox 2184 2124 3754 2198; baseline 0.002 -19"><span class='ocrx_word' id='word_1_622' title='bbox 2184 2141 2285 2194; x_wconf 90' lang='lat' dir='ltr'><strong>qua</strong></span> <span class='ocrx_word' id='word_1_623' title='bbox 2311 2124 2753 2180; x_wconf 87' lang='lat' dir='ltr'><strong>condemnatione</strong></span> <span class='ocrx_word' id='word_1_624' title='bbox 2781 2143 2885 2181; x_wconf 89' lang='lat' dir='ltr'><strong>non</strong></span> <span class='ocrx_word' id='word_1_625' title='bbox 2929 2128 3138 2193; x_wconf 88' lang='lat' dir='ltr'><strong>liberat,</strong></span> <span class='ocrx_word' id='word_1_626' title='bbox 3171 2126 3274 2181; x_wconf 87' lang='lat' dir='ltr'><strong>nisi</strong></span> <span class='ocrx_word' id='word_1_627' title='bbox 3309 2128 3478 2197; x_wconf 78' lang='lat' dir='ltr'><strong>gratia</strong></span> <span class='ocrx_word' id='word_1_628' title='bbox 3523 2129 3615 2182; x_wconf 87' lang='lat' dir='ltr'><strong>Dei</strong></span> <span class='ocrx_word' id='word_1_629' title='bbox 3662 2145 3754 2198; x_wconf 90' lang='lat' dir='ltr'><strong>per</strong></span> 
     </span>
    </p>
   </div>
   <div class='ocr_carea' id='block_1_84' title="bbox 2183 2216 3754 2290">
    <p class='ocr_par' dir='ltr' id='par_1_84' title="bbox 2183 2216 3754 2290">
     <span class='ocr_line' id='line_1_84' title="bbox 2183 2216 3754 2290; baseline 0.002 -19"><span class='ocrx_word' id='word_1_630' title='bbox 2183 2216 2362 2271; x_wconf 77' lang='lat' dir='ltr'><strong>Jesutn</strong></span> <span class='ocrx_word' id='word_1_631' title='bbox 2412 2217 2680 2272; x_wconf 81' lang='lat' dir='ltr'><strong>Christum</strong></span> <span class='ocrx_word' id='word_1_632' title='bbox 2742 2220 3020 2273; x_wconf 85' lang='lat' dir='ltr'><strong>Dominum</strong></span> <span class='ocrx_word' id='word_1_633' title='bbox 3071 2230 3350 2287; x_wconf 88' lang='lat' dir='ltr'><strong>nostrum,</strong></span> <span class='ocrx_word' id='word_1_634' title='bbox 3404 2222 3454 2275; x_wconf 90' lang='lat' dir='ltr'><strong>in</strong></span> <span class='ocrx_word' id='word_1_635' title='bbox 3497 2236 3605 2290; x_wconf 88' lang='lat' dir='ltr'><strong>quo</strong></span> <span class='ocrx_word' id='word_1_636' title='bbox 3651 2236 3754 2274; x_wconf 90' lang='lat' dir='ltr'><strong>uno</strong></span> 
     </span>
    </p>
   </div>
   <div class='ocr_carea' id='block_1_85' title="bbox 2185 2309 3751 2380">
    <p class='ocr_par' dir='ltr' id='par_1_85' title="bbox 2185 2309 3751 2380">
     <span class='ocr_line' id='line_1_85' title="bbox 2185 2309 3751 2380; baseline 0.004 -22"><span class='ocrx_word' id='word_1_637' title='bbox 2185 2323 2370 2361; x_wconf 84' lang='lat' dir='ltr'><strong>omnes</strong></span> <span class='ocrx_word' id='word_1_638' title='bbox 2399 2309 2768 2375; x_wconf 85' lang='lat' dir='ltr'><strong>viviticautur,</strong></span> <span class='ocrx_word' id='word_1_639' title='bbox 2814 2311 3133 2380; x_wconf 84' lang='lat' dir='ltr'><strong>quicumque</strong></span> <span class='ocrx_word' id='word_1_640' title='bbox 3161 2311 3514 2365; x_wconf 88' lang='lat' dir='ltr'><strong>vivificantur.</strong></span> <span class='ocrx_word' id='word_1_641' title='bbox 3557 2313 3751 2367; x_wconf 87' lang='lat' dir='ltr'><strong>Contra</strong></span> 
     </span>
    </p>
   </div>
   <div class='ocr_carea' id='block_1_86' title="bbox 2186 2397 3750 2466">
    <p class='ocr_par' dir='ltr' id='par_1_86' title="bbox 2186 2397 3750 2466">
     <span class='ocr_line' id='line_1_86' title="bbox 2186 2397 3750 2466; baseline 0.004 -16"><span class='ocrx_word' id='word_1_642' title='bbox 2186 2397 2441 2452; x_wconf 71' lang='lat' dir='ltr'><strong>Ecclesia:</strong></span> <span class='ocrx_word' id='word_1_643' title='bbox 2480 2398 2877 2454; x_wconf 84' lang='lat' dir='ltr'><strong>fundamentum</strong></span> <span class='ocrx_word' id='word_1_644' title='bbox 2905 2416 3108 2456; x_wconf 89' lang='lat' dir='ltr'><strong>morem</strong></span> <span class='ocrx_word' id='word_1_645' title='bbox 3142 2417 3302 2456; x_wconf 89' lang='lat' dir='ltr'><strong>nemo</strong></span> <span class='ocrx_word' id='word_1_646' title='bbox 3325 2405 3541 2466; x_wconf 89' lang='lat' dir='ltr'><strong>sentiat,</strong></span> <span class='ocrx_word' id='word_1_647' title='bbox 3571 2403 3656 2458; x_wconf 91' lang='lat' dir='ltr'><strong>ubi</strong></span> <span class='ocrx_word' id='word_1_648' title='bbox 3686 2405 3750 2457; x_wconf 89' lang='lat' dir='ltr'><strong>ad</strong></span> 
     </span>
    </p>
   </div>
   <div class='ocr_carea' id='block_1_87' title="bbox 2187 2487 3752 2565">
    <p class='ocr_par' dir='ltr' id='par_1_87' title="bbox 2187 2487 3752 2565">
     <span class='ocr_line' id='line_1_87' title="bbox 2187 2487 3752 2565; baseline 0.005 -24"><span class='ocrx_word' id='word_1_649' title='bbox 2187 2487 2524 2556; x_wconf 86' lang='lat' dir='ltr'><strong>baptismum,</strong></span> <span class='ocrx_word' id='word_1_650' title='bbox 2561 2492 2603 2542; x_wconf 90' lang='lat' dir='ltr'><strong>si</strong></span> <span class='ocrx_word' id='word_1_651' title='bbox 2637 2503 2856 2560; x_wconf 86' lang='lat' dir='ltr'><strong>pr0pter</strong></span> <span class='ocrx_word' id='word_1_652' title='bbox 2882 2493 2996 2547; x_wconf 90' lang='lat' dir='ltr'><strong>sola</strong></span> <span class='ocrx_word' id='word_1_653' title='bbox 3030 2492 3368 2562; x_wconf 87' lang='lat' dir='ltr'><strong>parvulorum</strong></span> <span class='ocrx_word' id='word_1_654' title='bbox 3390 2510 3614 2565; x_wconf 87' lang='lat' dir='ltr'><strong>corpora</strong></span> <span class='ocrx_word' id='word_1_655' title='bbox 3635 2511 3752 2549; x_wconf 56' lang='lat' dir='ltr'><strong>cur.</strong></span> 
     </span>
    </p>
   </div>
   <div class='ocr_carea' id='block_1_88' title="bbox 2186 2578 3445 2648">
    <p class='ocr_par' dir='ltr' id='par_1_88' title="bbox 2186 2578 3445 2648">
     <span class='ocr_line' id='line_1_88' title="bbox 2186 2578 3445 2648; baseline 0.005 -18"><span class='ocrx_word' id='word_1_656' title='bbox 2186 2586 2413 2642; x_wconf 91' lang='lat' dir='ltr'><strong>reretur,</strong></span> <span class='ocrx_word' id='word_1_657' title='bbox 2442 2578 2738 2648; x_wconf 87' lang='lat' dir='ltr'><strong>baptizandi</strong></span> <span class='ocrx_word' id='word_1_658' title='bbox 2763 2581 3078 2638; x_wconf 82' lang='lat' dir='ltr'><strong>offerrentur</strong></span> <span class='ocrx_word' id='word_1_659' title='bbox 3101 2591 3155 2638; x_wconf 89' lang='lat' dir='ltr'><strong>et</strong></span> <span class='ocrx_word' id='word_1_660' title='bbox 3179 2585 3394 2639; x_wconf 89' lang='lat' dir='ltr'><strong>mortui.</strong></span> <span class='ocrx_word' id='word_1_661' title='bbox 3425 2604 3445 2636; x_wconf 83' lang='lat' dir='ltr'><strong>s</strong></span> 
     </span>
    </p>
   </div>
   <div class='ocr_carea' id='block_1_89' title="bbox 2255 2669 3751 2750">
    <p class='ocr_par' dir='ltr' id='par_1_89' title="bbox 2255 2669 3751 2750">
     <span class='ocr_line' id='line_1_89' title="bbox 2255 2669 3751 2750; baseline 0.008 -28"><span class='ocrx_word' id='word_1_662' title='bbox 2255 2669 2344 2726; x_wconf 86' lang='lat'><strong>25.</strong></span> <span class='ocrx_word' id='word_1_663' title='bbox 2378 2689 2397 2723; x_wconf 88' lang='grc'><strong>(</strong></span> <span class='ocrx_word' id='word_1_664' title='bbox 2433 2669 2562 2738; x_wconf 74' lang='lat' dir='ltr'><strong>Qua:</strong></span> <span class='ocrx_word' id='word_1_665' title='bbox 2585 2687 2706 2726; x_wconf 90' lang='lat' dir='ltr'><strong>cum</strong></span> <span class='ocrx_word' id='word_1_666' title='bbox 2735 2675 2806 2728; x_wconf 91' lang='lat' dir='ltr'><strong>ita</strong></span> <span class='ocrx_word' id='word_1_667' title='bbox 2832 2675 2957 2739; x_wconf 91' lang='lat' dir='ltr'><strong>sint,</strong></span> <span class='ocrx_word' id='word_1_668' title='bbox 2984 2677 3268 2745; x_wconf 75' lang='lat' dir='ltr'><strong>quzerenda</strong></span> <span class='ocrx_word' id='word_1_669' title='bbox 3289 2693 3448 2732; x_wconf 87' lang='lat' dir='ltr'><strong>causa</strong></span> <span class='ocrx_word' id='word_1_670' title='bbox 3472 2687 3576 2745; x_wconf 88' lang='lat' dir='ltr'><strong>est,</strong></span> <span class='ocrx_word' id='word_1_671' title='bbox 3597 2689 3751 2750; x_wconf 91' lang='lat' dir='ltr'><strong>atque</strong></span> 
     </span>
    </p>
   </div>
   <div class='ocr_carea' id='block_1_90' title="bbox 2187 2759 3748 2841">
    <p class='ocr_par' dir='ltr' id='par_1_90' title="bbox 2187 2759 3748 2841">
     <span class='ocr_line' id='line_1_90' title="bbox 2187 2759 3748 2841; baseline 0.008 -29"><span class='ocrx_word' id='word_1_672' title='bbox 2187 2759 2477 2825; x_wconf 90' lang='lat' dir='ltr'><strong>reddenda,</strong></span> <span class='ocrx_word' id='word_1_673' title='bbox 2517 2779 2682 2832; x_wconf 88' lang='lat' dir='ltr'><strong>quare</strong></span> <span class='ocrx_word' id='word_1_674' title='bbox 2720 2763 3037 2820; x_wconf 88' lang='lat' dir='ltr'><strong>damnentur</strong></span> <span class='ocrx_word' id='word_1_675' title='bbox 3071 2766 3510 2841; x_wconf 86' lang='lat' dir='ltr'><strong>[al.damnantur]</strong></span> <span class='ocrx_word' id='word_1_676' title='bbox 3539 2775 3748 2837; x_wconf 62' lang='lat' dir='ltr'><strong>animai,</strong></span> 
     </span>
    </p>
   </div>
   <div class='ocr_carea' id='block_1_91' title="bbox 2185 2856 3751 2928">
    <p class='ocr_par' dir='ltr' id='par_1_91' title="bbox 2185 2856 3751 2928">
     <span class='ocr_line' id='line_1_91' title="bbox 2185 2856 3751 2928; baseline 0.008 -25"><span class='ocrx_word' id='word_1_677' title='bbox 2185 2866 2303 2919; x_wconf 76' lang='lat' dir='ltr'><strong>quae</strong></span> <span class='ocrx_word' id='word_1_678' title='bbox 2328 2867 2478 2905; x_wconf 78' lang='lat' dir='ltr'><strong>novze</strong></span> <span class='ocrx_word' id='word_1_679' title='bbox 2497 2863 2745 2908; x_wconf 89' lang='lat' dir='ltr'><strong>creantur</strong></span> <span class='ocrx_word' id='word_1_680' title='bbox 2760 2856 2978 2925; x_wconf 80' lang='lat' dir='ltr'><strong>singulis</strong></span> <span class='ocrx_word' id='word_1_681' title='bbox 3003 2857 3298 2927; x_wconf 84' lang='lat' dir='ltr'><strong>quibusque</strong></span> <span class='ocrx_word' id='word_1_682' title='bbox 3325 2859 3685 2928; x_wconf 89' lang='lat' dir='ltr'><strong>nascentibus,</strong></span> <span class='ocrx_word' id='word_1_683' title='bbox 3707 2861 3751 2915; x_wconf 91' lang='lat' dir='ltr'><strong>si</strong></span> 
     </span>
    </p>
   </div>
   <div class='ocr_carea' id='block_1_92' title="bbox 2187 2943 3750 3018">
    <p class='ocr_par' dir='ltr' id='par_1_92' title="bbox 2187 2943 3750 3018">
     <span class='ocr_line' id='line_1_92' title="bbox 2187 2943 3750 3018; baseline 0.006 -20"><span class='ocrx_word' id='word_1_684' title='bbox 2187 2955 2384 3015; x_wconf 73' lang='lat' dir='ltr'><strong>praeter</strong></span> <span class='ocrx_word' id='word_1_685' title='bbox 2447 2943 2644 2999; x_wconf 87' lang='lat' dir='ltr'><strong>Christi</strong></span> <span class='ocrx_word' id='word_1_686' title='bbox 2713 2956 3116 3018; x_wconf 32' lang='lat' dir='ltr'><strong>sacramentum.</strong></span> <span class='ocrx_word' id='word_1_687' title='bbox 3167 2949 3367 3016; x_wconf 90' lang='lat' dir='ltr'><strong>parvuli</strong></span> <span class='ocrx_word' id='word_1_688' title='bbox 3437 2951 3750 3008; x_wconf 90' lang='lat' dir='ltr'><strong>moriantur.</strong></span> 
     </span>
    </p>
   </div>
   <div class='ocr_carea' id='block_1_93' title="bbox 2189 3035 3753 3112">
    <p class='ocr_par' dir='ltr' id='par_1_93' title="bbox 2189 3035 3753 3112">
     <span class='ocr_line' id='line_1_93' title="bbox 2189 3035 3753 3112; baseline 0.006 -24"><span class='ocrx_word' id='word_1_689' title='bbox 2189 3035 2437 3088; x_wconf 86' lang='lat' dir='ltr'><strong>Damuari</strong></span> <span class='ocrx_word' id='word_1_690' title='bbox 2484 3035 2628 3089; x_wconf 92' lang='lat' dir='ltr'><strong>enim</strong></span> <span class='ocrx_word' id='word_1_691' title='bbox 2747 3036 2960 3108; x_wconf 68' lang='lat'><strong>1012</strong></span> <span class='ocrx_word' id='word_1_692' title='bbox 3050 3051 3177 3104; x_wconf 88' lang='lat' dir='ltr'><strong>eas,</strong></span> <span class='ocrx_word' id='word_1_693' title='bbox 3223 3039 3268 3092; x_wconf 90' lang='lat' dir='ltr'><strong>si</strong></span> <span class='ocrx_word' id='word_1_694' title='bbox 3308 3041 3385 3093; x_wconf 91' lang='lat' dir='ltr'><strong>sic</strong></span> <span class='ocrx_word' id='word_1_695' title='bbox 3423 3039 3493 3096; x_wconf 90' lang='lat' dir='ltr'><strong>de</strong></span> <span class='ocrx_word' id='word_1_696' title='bbox 3532 3056 3753 3112; x_wconf 85' lang='lat' dir='ltr'><strong>corpore</strong></span> 
     </span>
    </p>
   </div>
   <div class='ocr_carea' id='block_1_94' title="bbox 2186 3127 3755 3197">
    <p class='ocr_par' dir='ltr' id='par_1_94' title="bbox 2186 3127 3755 3197">
     <span class='ocr_line' id='line_1_94' title="bbox 2186 3127 3755 3197; baseline 0.005 -17"><span class='ocrx_word' id='word_1_697' title='bbox 2186 3127 2434 3190; x_wconf 81' lang='lat' dir='ltr'><strong>exierint,</strong></span> <span class='ocrx_word' id='word_1_698' title='bbox 2489 3135 2546 3182; x_wconf 85' lang='lat' dir='ltr'><strong>et</strong></span> <span class='ocrx_word' id='word_1_699' title='bbox 2587 3137 2768 3182; x_wconf 85' lang='lat' dir='ltr'><strong>sancta</strong></span> <span class='ocrx_word' id='word_1_700' title='bbox 2826 3131 3118 3197; x_wconf 85' lang='lat' dir='ltr'><strong>Scriptura,</strong></span> <span class='ocrx_word' id='word_1_701' title='bbox 3167 3142 3220 3183; x_wconf 91' lang='lat' dir='ltr'><strong>et</strong></span> <span class='ocrx_word' id='word_1_702' title='bbox 3261 3143 3442 3185; x_wconf 86' lang='lat' dir='ltr'><strong>sancta</strong></span> <span class='ocrx_word' id='word_1_703' title='bbox 3480 3143 3563 3186; x_wconf 90' lang='lat' dir='ltr'><strong>est</strong></span> <span class='ocrx_word' id='word_1_704' title='bbox 3607 3135 3755 3188; x_wconf 85' lang='lat' dir='ltr'><strong>testis</strong></span> 
     </span>
    </p>
   </div>
   <div class='ocr_carea' id='block_1_95' title="bbox 2189 3217 3752 3279">
    <p class='ocr_par' dir='ltr' id='par_1_95' title="bbox 2189 3217 3752 3279">
     <span class='ocr_line' id='line_1_95' title="bbox 2189 3217 3752 3279; baseline 0.007 -10"><span class='ocrx_word' id='word_1_705' title='bbox 2189 3217 2445 3273; x_wconf 82' lang='lat' dir='ltr'><strong>Ecclesia.</strong></span> <span class='ocrx_word' id='word_1_706' title='bbox 2497 3217 2647 3272; x_wconf 90' lang='lat' dir='ltr'><strong>Unde</strong></span> <span class='ocrx_word' id='word_1_707' title='bbox 2701 3218 2791 3272; x_wconf 92' lang='lat' dir='ltr'><strong>illa</strong></span> <span class='ocrx_word' id='word_1_708' title='bbox 2845 3217 2912 3272; x_wconf 90' lang='lat' dir='ltr'><strong>de</strong></span> <span class='ocrx_word' id='word_1_709' title='bbox 2966 3221 3260 3274; x_wconf 86' lang='lat' dir='ltr'><strong>:mimarum</strong></span> <span class='ocrx_word' id='word_1_710' title='bbox 3309 3237 3562 3276; x_wconf 90' lang='lat' dir='ltr'><strong>novarum</strong></span> <span class='ocrx_word' id='word_1_711' title='bbox 3609 3239 3752 3279; x_wconf 85' lang='lat' dir='ltr'><strong>crea-</strong></span> 
     </span>
    </p>
   </div>
   <div class='ocr_carea' id='block_1_96' title="bbox 2190 3307 3750 3370">
    <p class='ocr_par' dir='ltr' id='par_1_96' title="bbox 2190 3307 3750 3370">
     <span class='ocr_line' id='line_1_96' title="bbox 2190 3307 3750 3370; baseline 0.005 -11"><span class='ocrx_word' id='word_1_712' title='bbox 2190 3307 2330 3361; x_wconf 85' lang='lat' dir='ltr'><strong>tione</strong></span> <span class='ocrx_word' id='word_1_713' title='bbox 2371 3309 2664 3370; x_wconf 87' lang='lat' dir='ltr'><strong>sententia,</strong></span> <span class='ocrx_word' id='word_1_714' title='bbox 2706 3310 2748 3363; x_wconf 91' lang='lat' dir='ltr'><strong>si</strong></span> <span class='ocrx_word' id='word_1_715' title='bbox 2800 3308 2937 3363; x_wconf 90' lang='lat' dir='ltr'><strong>hanc</strong></span> <span class='ocrx_word' id='word_1_716' title='bbox 2974 3311 3128 3364; x_wconf 88' lang='lat' dir='ltr'><strong>fidem</strong></span> <span class='ocrx_word' id='word_1_717' title='bbox 3179 3310 3598 3367; x_wconf 86' lang='lat' dir='ltr'><strong>fundalissimam</strong></span> <span class='ocrx_word' id='word_1_718' title='bbox 3650 3330 3750 3368; x_wconf 85' lang='lat' dir='ltr'><strong>non</strong></span> 
     </span>
    </p>
   </div>
   <div class='ocr_carea' id='block_1_97' title="bbox 2187 3399 3746 3472">
    <p class='ocr_par' dir='ltr' id='par_1_97' title="bbox 2187 3399 3746 3472">
     <span class='ocr_line' id='line_1_97' title="bbox 2187 3399 3746 3472; baseline 0.003 -20"><span class='ocrx_word' id='word_1_719' title='bbox 2187 3407 2455 3468; x_wconf 81' lang='lat' dir='ltr'><strong>Oppugnat</strong></span> <span class='ocrx_word' id='word_1_720' title='bbox 2474 3440 2488 3464; x_wconf 94' lang='lat'><strong>,</strong></span> <span class='ocrx_word' id='word_1_721' title='bbox 2535 3399 2604 3452; x_wconf 89' lang='lat' dir='ltr'><strong>sit</strong></span> <span class='ocrx_word' id='word_1_722' title='bbox 2630 3408 2684 3454; x_wconf 88' lang='lat' dir='ltr'><strong>et</strong></span> <span class='ocrx_word' id='word_1_723' title='bbox 2727 3415 2842 3453; x_wconf 88' lang='lat' dir='ltr'><strong>mea</strong></span> <span class='ocrx_word' id='word_1_724' title='bbox 2871 3419 2882 3453; x_wconf 93' lang='lat'><strong>:</strong></span> <span class='ocrx_word' id='word_1_725' title='bbox 2913 3401 2960 3454; x_wconf 90' lang='lat' dir='ltr'><strong>si</strong></span> <span class='ocrx_word' id='word_1_726' title='bbox 2984 3412 3270 3472; x_wconf 80' lang='lat' dir='ltr'><strong>oppugnat,</strong></span> <span class='ocrx_word' id='word_1_727' title='bbox 3304 3419 3407 3456; x_wconf 91' lang='lat' dir='ltr'><strong>non</strong></span> <span class='ocrx_word' id='word_1_728' title='bbox 3436 3404 3502 3456; x_wconf 93' lang='lat' dir='ltr'><strong>sit</strong></span> <span class='ocrx_word' id='word_1_729' title='bbox 3527 3413 3581 3457; x_wconf 90' lang='lat' dir='ltr'><strong>et</strong></span> <span class='ocrx_word' id='word_1_730' title='bbox 3609 3413 3746 3458; x_wconf 65' lang='lat' dir='ltr'><strong>tua.»</strong></span> 
     </span>
    </p>
   </div>
   <div class='ocr_carea' id='block_1_98' title="bbox 2257 3489 3751 3563">
    <p class='ocr_par' dir='ltr' id='par_1_98' title="bbox 2257 3489 3751 3563">
     <span class='ocr_line' id='line_1_98' title="bbox 2257 3489 3751 3563; baseline 0.007 -21"><span class='ocrx_word' id='word_1_731' title='bbox 2257 3489 2348 3545; x_wconf 90' lang='lat'><strong>26.</strong></span> <span class='ocrx_word' id='word_1_732' title='bbox 2383 3509 2404 3543; x_wconf 90' lang='grc'><strong>(</strong></span> <span class='ocrx_word' id='word_1_733' title='bbox 2448 3491 2586 3545; x_wconf 85' lang='lat' dir='ltr'><strong>Nolo</strong></span> <span class='ocrx_word' id='word_1_734' title='bbox 2623 3491 2754 3546; x_wconf 89' lang='lat' dir='ltr'><strong>mihi</strong></span> <span class='ocrx_word' id='word_1_735' title='bbox 2781 3491 3003 3558; x_wconf 86' lang='lat' dir='ltr'><strong>dicatur,</strong></span> <span class='ocrx_word' id='word_1_736' title='bbox 3034 3509 3132 3563; x_wconf 89' lang='lat' dir='ltr'><strong>pro</strong></span> <span class='ocrx_word' id='word_1_737' title='bbox 3157 3496 3254 3548; x_wconf 85' lang='lat' dir='ltr'><strong>hac</strong></span> <span class='ocrx_word' id='word_1_738' title='bbox 3277 3498 3537 3550; x_wconf 85' lang='lat' dir='ltr'><strong>sententia</strong></span> <span class='ocrx_word' id='word_1_739' title='bbox 3560 3497 3751 3553; x_wconf 89' lang='lat' dir='ltr'><strong>debere</strong></span> 
     </span>
    </p>
   </div>
   <div class='ocr_carea' id='block_1_99' title="bbox 2189 3582 3751 3654">
    <p class='ocr_par' dir='ltr' id='par_1_99' title="bbox 2189 3582 3751 3654">
     <span class='ocr_line' id='line_1_99' title="bbox 2189 3582 3751 3654; baseline 0.003 -19"><span class='ocrx_word' id='word_1_740' title='bbox 2189 3582 2355 3650; x_wconf 86' lang='lat' dir='ltr'><strong>accipi</strong></span> <span class='ocrx_word' id='word_1_741' title='bbox 2383 3582 2524 3652; x_wconf 92' lang='lat' dir='ltr'><strong>quod</strong></span> <span class='ocrx_word' id='word_1_742' title='bbox 2555 3584 2811 3652; x_wconf 90' lang='lat' dir='ltr'><strong>scriptum</strong></span> <span class='ocrx_word' id='word_1_743' title='bbox 2839 3593 2939 3649; x_wconf 88' lang='lat' dir='ltr'><strong>est,</strong></span> <span class='ocrx_word' id='word_1_744' title='bbox 2975 3585 3074 3648; x_wconf 78' lang='lat' dir='ltr'><strong>Qui</strong></span> <span class='ocrx_word' id='word_1_745' title='bbox 3103 3583 3250 3653; x_wconf 75' lang='lat' dir='ltr'><strong>ﬁnxit</strong></span> <span class='ocrx_word' id='word_1_746' title='bbox 3279 3585 3509 3654; x_wconf 85' lang='lat' dir='ltr'><strong>spiritum</strong></span> <span class='ocrx_word' id='word_1_747' title='bbox 3539 3588 3751 3640; x_wconf 77' lang='lat' dir='ltr'><strong>hominis</strong></span> 
     </span>
    </p>
   </div>
   <div class='ocr_carea' id='block_1_100' title="bbox 2188 3673 3751 3748">
    <p class='ocr_par' dir='ltr' id='par_1_100' title="bbox 2188 3673 3751 3748">
     <span class='ocr_line' id='line_1_100' title="bbox 2188 3673 3751 3748; baseline 0.004 -22"><span class='ocrx_word' id='word_1_748' title='bbox 2188 3676 2240 3726; x_wconf 87' lang='lat' dir='ltr'><strong>in</strong></span> <span class='ocrx_word' id='word_1_749' title='bbox 2266 3675 2376 3740; x_wconf 84' lang='lat' dir='ltr'><strong>ipso</strong></span> <span class='ocrx_word' id='word_1_750' title='bbox 2401 3673 2585 3743; x_wconf 85' lang='lat' dir='ltr'><strong>(Zaclt.</strong></span> <span class='ocrx_word' id='word_1_751' title='bbox 2616 3676 2700 3728; x_wconf 78' lang='lat' dir='ltr'><strong>i2.</strong></span> <span class='ocrx_word' id='word_1_752' title='bbox 2735 3677 2809 3745; x_wconf 85' lang='grc'><strong>1),</strong></span> <span class='ocrx_word' id='word_1_753' title='bbox 2847 3687 2900 3730; x_wconf 91' lang='lat' dir='ltr'><strong>et</strong></span> <span class='ocrx_word' id='word_1_754' title='bbox 2945 3676 3044 3743; x_wconf 83' lang='lat' dir='ltr'><strong>Qui</strong></span> <span class='ocrx_word' id='word_1_755' title='bbox 3087 3677 3235 3746; x_wconf 68' lang='lat' dir='ltr'><strong>ﬁnxit</strong></span> <span class='ocrx_word' id='word_1_756' title='bbox 3273 3677 3566 3748; x_wconf 81' lang='lat' dir='ltr'><strong>singillatim</strong></span> <span class='ocrx_word' id='word_1_757' title='bbox 3603 3680 3751 3733; x_wconf 83' lang='lat' dir='ltr'><strong>corda</strong></span> 
     </span>
    </p>
   </div>
   <div class='ocr_carea' id='block_1_101' title="bbox 2189 3763 3752 3840">
    <p class='ocr_par' dir='ltr' id='par_1_101' title="bbox 2189 3763 3752 3840">
     <span class='ocr_line' id='line_1_101' title="bbox 2189 3763 3752 3840; baseline 0.004 -24"><span class='ocrx_word' id='word_1_758' title='bbox 2189 3781 2360 3817; x_wconf 87' lang='lat' dir='ltr'><strong>eorum</strong></span> <span class='ocrx_word' id='word_1_759' title='bbox 2393 3763 2560 3834; x_wconf 85' lang='lat' dir='ltr'><strong>(Psal.</strong></span> <span class='ocrx_word' id='word_1_760' title='bbox 2603 3766 2693 3820; x_wconf 83' lang='lat'><strong>52.</strong></span> <span class='ocrx_word' id='word_1_761' title='bbox 2728 3767 2836 3834; x_wconf 85' lang='grc'><strong>15).</strong></span> <span class='ocrx_word' id='word_1_762' title='bbox 2878 3766 3089 3836; x_wconf 78' lang='lat' dir='ltr'><strong>Aliquid</strong></span> <span class='ocrx_word' id='word_1_763' title='bbox 3128 3768 3469 3822; x_wconf 86' lang='lat' dir='ltr'><strong>fortissimum</strong></span> <span class='ocrx_word' id='word_1_764' title='bbox 3495 3779 3650 3840; x_wconf 90' lang='lat' dir='ltr'><strong>atque</strong></span> <span class='ocrx_word' id='word_1_765' title='bbox 3677 3770 3752 3824; x_wconf 91' lang='lat' dir='ltr'><strong>in-</strong></span> 
     </span>
    </p>
   </div>
   <div class='ocr_carea' id='block_1_102' title="bbox 2194 3855 3752 3928">
    <p class='ocr_par' dir='ltr' id='par_1_102' title="bbox 2194 3855 3752 3928">
     <span class='ocr_line' id='line_1_102' title="bbox 2194 3855 3752 3928; baseline 0.006 -23"><span class='ocrx_word' id='word_1_766' title='bbox 2194 3855 2535 3909; x_wconf 84' lang='lat' dir='ltr'><strong>victissimum</strong></span> <span class='ocrx_word' id='word_1_767' title='bbox 2577 3855 2948 3924; x_wconf 89' lang='lat' dir='ltr'><strong>requirendum</strong></span> <span class='ocrx_word' id='word_1_768' title='bbox 2993 3866 3110 3923; x_wconf 90' lang='lat' dir='ltr'><strong>est,</strong></span> <span class='ocrx_word' id='word_1_769' title='bbox 3153 3857 3294 3928; x_wconf 91' lang='lat' dir='ltr'><strong>quod</strong></span> <span class='ocrx_word' id='word_1_770' title='bbox 3324 3875 3421 3912; x_wconf 85' lang='lat' dir='ltr'><strong>nos</strong></span> <span class='ocrx_word' id='word_1_771' title='bbox 3459 3875 3564 3914; x_wconf 91' lang='lat' dir='ltr'><strong>non</strong></span> <span class='ocrx_word' id='word_1_772' title='bbox 3604 3870 3752 3928; x_wconf 71' lang='lat' dir='ltr'><strong>cogat</strong></span> 
     </span>
    </p>
   </div>
   <div class='ocr_carea' id='block_1_103' title="bbox 2193 3947 3752 4022">
    <p class='ocr_par' dir='ltr' id='par_1_103' title="bbox 2193 3947 3752 4022">
     <span class='ocr_line' id='line_1_103' title="bbox 2193 3947 3752 4022; baseline 0.004 -22"><span class='ocrx_word' id='word_1_773' title='bbox 2193 3947 2356 4001; x_wconf 86' lang='lat' dir='ltr'><strong>Deum</strong></span> <span class='ocrx_word' id='word_1_774' title='bbox 2394 3947 2614 4002; x_wconf 86' lang='lat' dir='ltr'><strong>credere</strong></span> <span class='ocrx_word' id='word_1_775' title='bbox 2644 3948 2866 4002; x_wconf 89' lang='lat' dir='ltr'><strong>ullarum</strong></span> <span class='ocrx_word' id='word_1_776' title='bbox 2906 3949 3201 4004; x_wconf 90' lang='lat' dir='ltr'><strong>animarum</strong></span> <span class='ocrx_word' id='word_1_777' title='bbox 3232 3952 3346 4004; x_wconf 89' lang='lat' dir='ltr'><strong>sine</strong></span> <span class='ocrx_word' id='word_1_778' title='bbox 3389 3952 3542 4021; x_wconf 85' lang='lat' dir='ltr'><strong>culpa</strong></span> <span class='ocrx_word' id='word_1_779' title='bbox 3583 3955 3752 4022; x_wconf 89' lang='lat' dir='ltr'><strong>aliqua</strong></span> 
     </span>
    </p>
   </div>
   <div class='ocr_carea' id='block_1_104' title="bbox 2189 4036 3752 4113">
    <p class='ocr_par' dir='ltr' id='par_1_104' title="bbox 2189 4036 3752 4113">
     <span class='ocr_line' id='line_1_104' title="bbox 2189 4036 3752 4113; baseline 0.005 -23"><span class='ocrx_word' id='word_1_780' title='bbox 2189 4036 2575 4092; x_wconf 86' lang='lat' dir='ltr'><strong>damnatorem.</strong></span> <span class='ocrx_word' id='word_1_781' title='bbox 2619 4037 2750 4092; x_wconf 86' lang='lat' dir='ltr'><strong>Nam</strong></span> <span class='ocrx_word' id='word_1_782' title='bbox 2796 4040 2882 4094; x_wconf 89' lang='lat' dir='ltr'><strong>vel</strong></span> <span class='ocrx_word' id='word_1_783' title='bbox 2925 4041 3250 4096; x_wconf 90' lang='lat' dir='ltr'><strong>tantumdem</strong></span> <span class='ocrx_word' id='word_1_784' title='bbox 3298 4042 3474 4108; x_wconf 83' lang='lat' dir='ltr'><strong>valet,</strong></span> <span class='ocrx_word' id='word_1_785' title='bbox 3505 4045 3588 4099; x_wconf 87' lang='lat' dir='ltr'><strong>vel</strong></span> <span class='ocrx_word' id='word_1_786' title='bbox 3640 4044 3752 4113; x_wconf 86' lang='lat' dir='ltr'><strong>plus</strong></span> 
     </span>
    </p>
   </div>
   <div class='ocr_carea' id='block_1_105' title="bbox 2189 4126 3751 4202">
    <p class='ocr_par' dir='ltr' id='par_1_105' title="bbox 2189 4126 3751 4202">
     <span class='ocr_line' id='line_1_105' title="bbox 2189 4126 3751 4202; baseline 0.005 -22"><span class='ocrx_word' id='word_1_787' title='bbox 2189 4138 2268 4181; x_wconf 88' lang='lat' dir='ltr'><strong>est</strong></span> <span class='ocrx_word' id='word_1_788' title='bbox 2299 4126 2517 4180; x_wconf 90' lang='lat' dir='ltr'><strong>forsitan</strong></span> <span class='ocrx_word' id='word_1_789' title='bbox 2545 4142 2749 4194; x_wconf 81' lang='lat' dir='ltr'><strong>creare,</strong></span> <span class='ocrx_word' id='word_1_790' title='bbox 2780 4144 2935 4196; x_wconf 89' lang='lat' dir='ltr'><strong>quam</strong></span> <span class='ocrx_word' id='word_1_791' title='bbox 2958 4131 3176 4199; x_wconf 85' lang='lat' dir='ltr'><strong>fingere,</strong></span> <span class='ocrx_word' id='word_1_792' title='bbox 3207 4141 3262 4185; x_wconf 89' lang='lat' dir='ltr'><strong>et</strong></span> <span class='ocrx_word' id='word_1_793' title='bbox 3292 4140 3466 4185; x_wconf 87' lang='lat' dir='ltr'><strong>tamen</strong></span> <span class='ocrx_word' id='word_1_794' title='bbox 3503 4134 3751 4202; x_wconf 89' lang='lat' dir='ltr'><strong>scriptum</strong></span> 
     </span>
    </p>
   </div>
   <div class='ocr_carea' id='block_1_106' title="bbox 2190 4217 3754 4295">
    <p class='ocr_par' dir='ltr' id='par_1_106' title="bbox 2190 4217 3754 4295">
     <span class='ocr_line' id='line_1_106' title="bbox 2190 4217 3754 4295; baseline 0.006 -23"><span class='ocrx_word' id='word_1_795' title='bbox 2190 4227 2272 4272; x_wconf 86' lang='lat' dir='ltr'><strong>est</strong></span> <span class='ocrx_word' id='word_1_796' title='bbox 2297 4217 2396 4273; x_wconf 89' lang='lat' dir='ltr'><strong>Cor</strong></span> <span class='ocrx_word' id='word_1_797' title='bbox 2422 4220 2662 4272; x_wconf 87' lang='lat' dir='ltr'><strong>mundum</strong></span> <span class='ocrx_word' id='word_1_798' title='bbox 2690 4237 2804 4274; x_wconf 86' lang='lat' dir='ltr'><strong>crea</strong></span> <span class='ocrx_word' id='word_1_799' title='bbox 2845 4223 2898 4274; x_wconf 84' lang='lat' dir='ltr'><strong>in</strong></span> <span class='ocrx_word' id='word_1_800' title='bbox 2937 4237 3015 4274; x_wconf 90' lang='lat' dir='ltr'><strong>me</strong></span> <span class='ocrx_word' id='word_1_801' title='bbox 3054 4221 3188 4277; x_wconf 87' lang='lat' dir='ltr'><strong>Deus</strong></span> <span class='ocrx_word' id='word_1_802' title='bbox 3220 4223 3335 4293; x_wconf 85' lang='lat' dir='ltr'><strong>(Ps.</strong></span> <span class='ocrx_word' id='word_1_803' title='bbox 3366 4226 3455 4280; x_wconf 75' lang='lat'><strong>50.</strong></span> <span class='ocrx_word' id='word_1_804' title='bbox 3501 4227 3607 4295; x_wconf 65' lang='grc' dir='ltr'><strong>η).</strong></span> <span class='ocrx_word' id='word_1_805' title='bbox 3651 4227 3754 4282; x_wconf 76' lang='lat' dir='ltr'><strong>Nec</strong></span> 
     </span>
    </p>
   </div>
   <div class='ocr_carea' id='block_1_107' title="bbox 2192 4309 3752 4384">
    <p class='ocr_par' dir='ltr' id='par_1_107' title="bbox 2192 4309 3752 4384">
     <span class='ocr_line' id='line_1_107' title="bbox 2192 4309 3752 4384; baseline 0.007 -22"><span class='ocrx_word' id='word_1_806' title='bbox 2192 4309 2311 4362; x_wconf 82' lang='lat' dir='ltr'><strong>ideo</strong></span> <span class='ocrx_word' id='word_1_807' title='bbox 2342 4310 2514 4378; x_wconf 89' lang='lat' dir='ltr'><strong>putari</strong></span> <span class='ocrx_word' id='word_1_808' title='bbox 2537 4320 2745 4377; x_wconf 86' lang='lat' dir='ltr'><strong>potest,</strong></span> <span class='ocrx_word' id='word_1_809' title='bbox 2776 4312 3007 4366; x_wconf 88' lang='lat' dir='ltr'><strong>animam</strong></span> <span class='ocrx_word' id='word_1_810' title='bbox 3040 4311 3141 4368; x_wconf 90' lang='lat' dir='ltr'><strong>hoc</strong></span> <span class='ocrx_word' id='word_1_811' title='bbox 3171 4315 3287 4368; x_wconf 88' lang='lat' dir='ltr'><strong>loco</strong></span> <span class='ocrx_word' id='word_1_812' title='bbox 3305 4326 3492 4384; x_wconf 82' lang='lat' dir='ltr'><strong>Optare</strong></span> <span class='ocrx_word' id='word_1_813' title='bbox 3524 4331 3584 4372; x_wconf 89' lang='lat' dir='ltr'><strong>se</strong></span> <span class='ocrx_word' id='word_1_814' title='bbox 3620 4317 3752 4373; x_wconf 87' lang='lat' dir='ltr'><strong>fieri.</strong></span> 
     </span>
    </p>
   </div>
   <div class='ocr_carea' id='block_1_108' title="bbox 2195 4401 3756 4476">
    <p class='ocr_par' dir='ltr' id='par_1_108' title="bbox 2195 4401 3756 4476">
     <span class='ocr_line' id='line_1_108' title="bbox 2195 4401 3756 4476; baseline 0.008 -26"><span class='ocrx_word' id='word_1_815' title='bbox 2195 4403 2338 4470; x_wconf 80' lang='lat' dir='ltr'><strong>prius</strong></span> <span class='ocrx_word' id='word_1_816' title='bbox 2364 4417 2522 4471; x_wconf 90' lang='lat' dir='ltr'><strong>quam</strong></span> <span class='ocrx_word' id='word_1_817' title='bbox 2549 4401 2747 4471; x_wconf 89' lang='lat' dir='ltr'><strong>aliquid</strong></span> <span class='ocrx_word' id='word_1_818' title='bbox 2787 4416 2932 4459; x_wconf 89' lang='lat' dir='ltr'><strong>esset</strong></span> <span class='ocrx_word' id='word_1_819' title='bbox 2969 4423 2982 4459; x_wconf 90' lang='lat'><strong>:</strong></span> <span class='ocrx_word' id='word_1_820' title='bbox 3014 4405 3164 4460; x_wconf 89' lang='lat' dir='ltr'><strong>Sicut</strong></span> <span class='ocrx_word' id='word_1_821' title='bbox 3208 4421 3335 4476; x_wconf 84' lang='lat' dir='ltr'><strong>ergo</strong></span> <span class='ocrx_word' id='word_1_822' title='bbox 3373 4407 3484 4476; x_wconf 86' lang='lat' dir='ltr'><strong>jam</strong></span> <span class='ocrx_word' id='word_1_823' title='bbox 3526 4413 3756 4463; x_wconf 85' lang='lat' dir='ltr'><strong>existens</strong></span> 
     </span>
    </p>
   </div>
   <div class='ocr_carea' id='block_1_109' title="bbox 2192 4493 3758 4568">
    <p class='ocr_par' dir='ltr' id='par_1_109' title="bbox 2192 4493 3758 4568">
     <span class='ocr_line' id='line_1_109' title="bbox 2192 4493 3758 4568; baseline 0.004 -23"><span class='ocrx_word' id='word_1_824' title='bbox 2192 4500 2404 4546; x_wconf 89' lang='lat' dir='ltr'><strong>creatur</strong></span> <span class='ocrx_word' id='word_1_825' title='bbox 2431 4493 2770 4548; x_wconf 89' lang='lat' dir='ltr'><strong>innovatione</strong></span> <span class='ocrx_word' id='word_1_826' title='bbox 2809 4494 3053 4565; x_wconf 75' lang='lat' dir='ltr'><strong>justitize,</strong></span> <span class='ocrx_word' id='word_1_827' title='bbox 3082 4496 3162 4549; x_wconf 91' lang='lat' dir='ltr'><strong>sic</strong></span> <span class='ocrx_word' id='word_1_828' title='bbox 3192 4497 3300 4564; x_wconf 79' lang='lat' dir='ltr'><strong>jam</strong></span> <span class='ocrx_word' id='word_1_829' title='bbox 3339 4498 3572 4552; x_wconf 83' lang='lat' dir='ltr'><strong>existens</strong></span> <span class='ocrx_word' id='word_1_830' title='bbox 3610 4499 3758 4568; x_wconf 74' lang='lat' dir='ltr'><strong>fingi-</strong></span> 
     </span>
    </p>
   </div>
   <div class='ocr_carea' id='block_1_110' title="bbox 2193 4581 3757 4660">
    <p class='ocr_par' dir='ltr' id='par_1_110' title="bbox 2193 4581 3757 4660">
     <span class='ocr_line' id='line_1_110' title="bbox 2193 4581 3757 4660; baseline 0.006 -26"><span class='ocrx_word' id='word_1_831' title='bbox 2193 4589 2277 4634; x_wconf 90' lang='lat' dir='ltr'><strong>tur</strong></span> <span class='ocrx_word' id='word_1_832' title='bbox 2315 4581 2381 4652; x_wconf 77' lang='lat' dir='ltr'><strong>(f)</strong></span> <span class='ocrx_word' id='word_1_833' title='bbox 2427 4582 2848 4639; x_wconf 88' lang='lat' dir='ltr'><strong>conformatione</strong></span> <span class='ocrx_word' id='word_1_834' title='bbox 2887 4585 3166 4643; x_wconf 61' lang='lat' dir='ltr'><strong>doctrinae.</strong></span> <span class='ocrx_word' id='word_1_835' title='bbox 3209 4587 3317 4643; x_wconf 86' lang='lat' dir='ltr'><strong>Nec</strong></span> <span class='ocrx_word' id='word_1_836' title='bbox 3356 4588 3483 4643; x_wconf 85' lang='lat' dir='ltr'><strong>illud</strong></span> <span class='ocrx_word' id='word_1_837' title='bbox 3522 4589 3664 4660; x_wconf 89' lang='lat' dir='ltr'><strong>quod</strong></span> <span class='ocrx_word' id='word_1_838' title='bbox 3706 4590 3757 4644; x_wconf 89' lang='lat' dir='ltr'><strong>in</strong></span> 
     </span>
    </p>
   </div>
   <div class='ocr_carea' id='block_1_111' title="bbox 2191 4662 3758 4744">
    <p class='ocr_par' dir='ltr' id='par_1_111' title="bbox 2191 4662 3758 4744">
     <span class='ocr_line' id='line_1_111' title="bbox 2191 4662 3758 4744; baseline 0.005 -20"><span class='ocrx_word' id='word_1_839' title='bbox 2191 4671 2515 4728; x_wconf 87' lang='lat' dir='ltr'><strong>Ecclesiaste</strong></span> <span class='ocrx_word' id='word_1_840' title='bbox 2543 4675 2800 4744; x_wconf 90' lang='lat' dir='ltr'><strong>scriptum</strong></span> <span class='ocrx_word' id='word_1_841' title='bbox 2831 4685 2914 4730; x_wconf 88' lang='lat' dir='ltr'><strong>est</strong></span> <span class='ocrx_word' id='word_1_842' title='bbox 2935 4717 2951 4742; x_wconf 94' lang='lat'><strong>,</strong></span> <span class='ocrx_word' id='word_1_843' title='bbox 2992 4675 3139 4730; x_wconf 87' lang='lat' dir='ltr'><strong>Tunc</strong></span> <span class='ocrx_word' id='word_1_844' title='bbox 3166 4688 3476 4732; x_wconf 82' lang='lat' dir='ltr'><strong>convcrtetur</strong></span> <span class='ocrx_word' id='word_1_845' title='bbox 3500 4662 3758 4734; x_wconf 85' lang='lat' dir='ltr'><strong>interram</strong></span> 
     </span>
    </p>
   </div>
   <div class='ocr_carea' id='block_1_112' title="bbox 2193 4761 3760 4840">
    <p class='ocr_par' dir='ltr' id='par_1_112' title="bbox 2193 4761 3760 4840">
     <span class='ocr_line' id='line_1_112' title="bbox 2193 4761 3760 4840; baseline 0.004 -26"><span class='ocrx_word' id='word_1_846' title='bbox 2193 4761 2354 4830; x_wconf 84' lang='lat' dir='ltr'><strong>pulvis</strong></span> <span class='ocrx_word' id='word_1_847' title='bbox 2380 4763 2508 4816; x_wconf 84' lang='lat' dir='ltr'><strong>sicut</strong></span> <span class='ocrx_word' id='word_1_848' title='bbox 2538 4765 2653 4832; x_wconf 80' lang='lat' dir='ltr'><strong>fuit,</strong></span> <span class='ocrx_word' id='word_1_849' title='bbox 2686 4775 2733 4818; x_wconf 89' lang='lat' dir='ltr'><strong>et</strong></span> <span class='ocrx_word' id='word_1_850' title='bbox 2757 4766 2967 4835; x_wconf 84' lang='lat' dir='ltr'><strong>spiritus</strong></span> <span class='ocrx_word' id='word_1_851' title='bbox 2993 4777 3265 4820; x_wconf 74' lang='lat' dir='ltr'><strong>revertetur</strong></span> <span class='ocrx_word' id='word_1_852' title='bbox 3289 4768 3357 4819; x_wconf 85' lang='lat' dir='ltr'><strong>ad</strong></span> <span class='ocrx_word' id='word_1_853' title='bbox 3384 4767 3656 4823; x_wconf 86' lang='lat' dir='ltr'><strong>Dominum</strong></span> <span class='ocrx_word' id='word_1_854' title='bbox 3677 4770 3760 4840; x_wconf 77' lang='lat' dir='ltr'><strong>qui</strong></span> 
     </span>
    </p>
   </div>
   <div class='ocr_carea' id='block_1_113' title="bbox 2192 4853 3758 4927">
    <p class='ocr_par' dir='ltr' id='par_1_113' title="bbox 2192 4853 3758 4927">
     <span class='ocr_line' id='line_1_113' title="bbox 2192 4853 3758 4927; baseline 0.005 -22"><span class='ocrx_word' id='word_1_855' title='bbox 2192 4853 2328 4906; x_wconf 85' lang='lat' dir='ltr'><strong>dedit</strong></span> <span class='ocrx_word' id='word_1_856' title='bbox 2348 4853 2492 4908; x_wconf 87' lang='lat' dir='ltr'><strong>illum</strong></span> <span class='ocrx_word' id='word_1_857' title='bbox 2513 4854 2682 4924; x_wconf 84' lang='lat' dir='ltr'><strong>(Eccl.</strong></span> <span class='ocrx_word' id='word_1_858' title='bbox 2708 4856 2798 4912; x_wconf 74' lang='lat' dir='ltr'><strong>i2.</strong></span> <span class='ocrx_word' id='word_1_859' title='bbox 2823 4857 2876 4927; x_wconf 91' lang='lat'><strong>7)</strong></span> <span class='ocrx_word' id='word_1_860' title='bbox 2902 4875 2915 4911; x_wconf 88' lang='lat'><strong>:</strong></span> <span class='ocrx_word' id='word_1_861' title='bbox 2938 4859 3089 4911; x_wconf 86' lang='lat' dir='ltr'><strong>istam</strong></span> <span class='ocrx_word' id='word_1_862' title='bbox 3119 4860 3394 4913; x_wconf 89' lang='lat' dir='ltr'><strong>confirmat</strong></span> <span class='ocrx_word' id='word_1_863' title='bbox 3423 4862 3758 4925; x_wconf 85' lang='lat' dir='ltr'><strong>sententiam,</strong></span> 
     </span>
    </p>
   </div>
   <div class='ocr_carea' id='block_1_114' title="bbox 2194 4945 3763 5011">
    <p class='ocr_par' dir='ltr' id='par_1_114' title="bbox 2194 4945 3763 5011">
     <span class='ocr_line' id='line_1_114' title="bbox 2194 4945 3763 5011; baseline 0.004 -15"><span class='ocrx_word' id='word_1_864' title='bbox 2194 4958 2351 5011; x_wconf 87' lang='lat' dir='ltr'><strong>quam</strong></span> <span class='ocrx_word' id='word_1_865' title='bbox 2378 4945 2621 4998; x_wconf 89' lang='lat' dir='ltr'><strong>volumus</strong></span> <span class='ocrx_word' id='word_1_866' title='bbox 2648 4961 2770 5001; x_wconf 89' lang='lat' dir='ltr'><strong>esse</strong></span> <span class='ocrx_word' id='word_1_867' title='bbox 2808 4956 3068 5002; x_wconf 88' lang='lat' dir='ltr'><strong>nostram.</strong></span> <span class='ocrx_word' id='word_1_868' title='bbox 3113 4948 3241 5002; x_wconf 91' lang='lat' dir='ltr'><strong>Plus</strong></span> <span class='ocrx_word' id='word_1_869' title='bbox 3267 4948 3406 5002; x_wconf 89' lang='lat' dir='ltr'><strong>enim</strong></span> <span class='ocrx_word' id='word_1_870' title='bbox 3437 4948 3539 5002; x_wconf 94' lang='lat' dir='ltr'><strong>hoc</strong></span> <span class='ocrx_word' id='word_1_871' title='bbox 3579 4948 3763 5003; x_wconf 64' lang='lat' dir='ltr'><strong>suffra-</strong></span> 
     </span>
    </p>
   </div>
   <div class='ocr_carea' id='block_1_115' title="bbox 2195 5036 3760 5107">
    <p class='ocr_par' dir='ltr' id='par_1_115' title="bbox 2195 5036 3760 5107">
     <span class='ocr_line' id='line_1_115' title="bbox 2195 5036 3760 5107; baseline 0.004 -21"><span class='ocrx_word' id='word_1_872' title='bbox 2195 5046 2347 5107; x_wconf 76' lang='lat' dir='ltr'><strong>gatur</strong></span> <span class='ocrx_word' id='word_1_873' title='bbox 2370 5037 2468 5101; x_wconf 91' lang='lat' dir='ltr'><strong>eis,</strong></span> <span class='ocrx_word' id='word_1_874' title='bbox 2500 5036 2587 5105; x_wconf 92' lang='lat' dir='ltr'><strong>qui</strong></span> <span class='ocrx_word' id='word_1_875' title='bbox 2614 5051 2684 5091; x_wconf 80' lang='lat' dir='ltr'><strong>ex</strong></span> <span class='ocrx_word' id='word_1_876' title='bbox 2707 5053 2809 5092; x_wconf 89' lang='lat' dir='ltr'><strong>una</strong></span> <span class='ocrx_word' id='word_1_877' title='bbox 2832 5046 3015 5105; x_wconf 88' lang='lat' dir='ltr'><strong>putant</strong></span> <span class='ocrx_word' id='word_1_878' title='bbox 3033 5052 3219 5093; x_wconf 90' lang='lat' dir='ltr'><strong>omnes</strong></span> <span class='ocrx_word' id='word_1_879' title='bbox 3243 5052 3361 5093; x_wconf 86' lang='lat' dir='ltr'><strong>esse</strong></span> <span class='ocrx_word' id='word_1_880' title='bbox 3383 5037 3610 5094; x_wconf 90' lang='lat' dir='ltr'><strong>animas.</strong></span> <span class='ocrx_word' id='word_1_881' title='bbox 3632 5037 3760 5092; x_wconf 86' lang='lat' dir='ltr'><strong>Nam</strong></span> 
     </span>
    </p>
   </div>
   <div class='ocr_carea' id='block_1_116' title="bbox 2192 5127 3766 5197">
    <p class='ocr_par' dir='ltr' id='par_1_116' title="bbox 2192 5127 3766 5197">
     <span class='ocr_line' id='line_1_116' title="bbox 2192 5127 3766 5197; baseline 0.001 -15"><span class='ocrx_word' id='word_1_882' title='bbox 2192 5129 2332 5182; x_wconf 90' lang='lat' dir='ltr'><strong>sicut</strong></span> <span class='ocrx_word' id='word_1_883' title='bbox 2357 5127 2719 5191; x_wconf 89' lang='lat' dir='ltr'><strong>convertitur,</strong></span> <span class='ocrx_word' id='word_1_884' title='bbox 2760 5127 3033 5196; x_wconf 87' lang='lat' dir='ltr'><strong>inquiunt,</strong></span> <span class='ocrx_word' id='word_1_885' title='bbox 3075 5127 3248 5197; x_wconf 92' lang='lat' dir='ltr'><strong>pulvis</strong></span> <span class='ocrx_word' id='word_1_886' title='bbox 3289 5127 3342 5182; x_wconf 89' lang='lat' dir='ltr'><strong>in</strong></span> <span class='ocrx_word' id='word_1_887' title='bbox 3372 5136 3602 5196; x_wconf 84' lang='lat' dir='ltr'><strong>terram,</strong></span> <span class='ocrx_word' id='word_1_888' title='bbox 3630 5130 3766 5184; x_wconf 88' lang='lat' dir='ltr'><strong>sicut</strong></span> 
     </span>
    </p>
   </div>
   <div class='ocr_carea' id='block_1_117' title="bbox 2194 5219 3766 5289">
    <p class='ocr_par' dir='ltr' id='par_1_117' title="bbox 2194 5219 3766 5289">
     <span class='ocr_line' id='line_1_117' title="bbox 2194 5219 3766 5289; baseline -0.001 -12"><span class='ocrx_word' id='word_1_889' title='bbox 2194 5221 2332 5288; x_wconf 70' lang='lat' dir='ltr'><strong>fuit;</strong></span> <span class='ocrx_word' id='word_1_890' title='bbox 2356 5230 2411 5277; x_wconf 92' lang='lat' dir='ltr'><strong>et</strong></span> <span class='ocrx_word' id='word_1_891' title='bbox 2437 5231 2614 5275; x_wconf 87' lang='lat' dir='ltr'><strong>tamen</strong></span> <span class='ocrx_word' id='word_1_892' title='bbox 2637 5235 2764 5275; x_wconf 90' lang='lat' dir='ltr'><strong>caro</strong></span> <span class='ocrx_word' id='word_1_893' title='bbox 2784 5261 2800 5287; x_wconf 91' lang='lat'><strong>,</strong></span> <span class='ocrx_word' id='word_1_894' title='bbox 2826 5219 2896 5275; x_wconf 90' lang='lat' dir='ltr'><strong>de</strong></span> <span class='ocrx_word' id='word_1_895' title='bbox 2919 5236 3020 5289; x_wconf 89' lang='lat' dir='ltr'><strong>qua</strong></span> <span class='ocrx_word' id='word_1_896' title='bbox 3053 5221 3151 5277; x_wconf 90' lang='lat' dir='ltr'><strong>hoc</strong></span> <span class='ocrx_word' id='word_1_897' title='bbox 3180 5221 3379 5276; x_wconf 90' lang='lat' dir='ltr'><strong>dictum</strong></span> <span class='ocrx_word' id='word_1_898' title='bbox 3418 5230 3534 5288; x_wconf 90' lang='lat' dir='ltr'><strong>est,</strong></span> <span class='ocrx_word' id='word_1_899' title='bbox 3573 5221 3640 5276; x_wconf 89' lang='lat' dir='ltr'><strong>ad</strong></span> <span class='ocrx_word' id='word_1_900' title='bbox 3673 5221 3766 5276; x_wconf 90' lang='lat' dir='ltr'><strong>ho-</strong></span> 
     </span>
    </p>
   </div>
   <div class='ocr_carea' id='block_1_118' title="bbox 2196 5310 3764 5382">
    <p class='ocr_par' dir='ltr' id='par_1_118' title="bbox 2196 5310 3764 5382">
     <span class='ocr_line' id='line_1_118' title="bbox 2196 5310 3764 5382; baseline 0 -17"><span class='ocrx_word' id='word_1_901' title='bbox 2196 5313 2393 5366; x_wconf 90' lang='lat' dir='ltr'><strong>minem</strong></span> <span class='ocrx_word' id='word_1_902' title='bbox 2421 5327 2528 5366; x_wconf 91' lang='lat' dir='ltr'><strong>non</strong></span> <span class='ocrx_word' id='word_1_903' title='bbox 2558 5310 2873 5377; x_wconf 88' lang='lat' dir='ltr'><strong>revertitur,</strong></span> <span class='ocrx_word' id='word_1_904' title='bbox 2901 5325 2966 5367; x_wconf 83' lang='lat' dir='ltr'><strong>ex</strong></span> <span class='ocrx_word' id='word_1_905' title='bbox 2995 5327 3100 5381; x_wconf 91' lang='lat' dir='ltr'><strong>quo</strong></span> <span class='ocrx_word' id='word_1_906' title='bbox 3127 5321 3412 5382; x_wconf 80' lang='lat' dir='ltr'><strong>propagata</strong></span> <span class='ocrx_word' id='word_1_907' title='bbox 3436 5321 3538 5377; x_wconf 91' lang='lat' dir='ltr'><strong>est,</strong></span> <span class='ocrx_word' id='word_1_908' title='bbox 3578 5312 3675 5366; x_wconf 88' lang='lat' dir='ltr'><strong>sed</strong></span> <span class='ocrx_word' id='word_1_909' title='bbox 3701 5311 3764 5365; x_wconf 85' lang='lat' dir='ltr'><strong>ad</strong></span> 
     </span>
    </p>
   </div>
   <div class='ocr_carea' id='block_1_119' title="bbox 2259 5484 3766 5551">
    <p class='ocr_par' dir='ltr' id='par_1_119' title="bbox 2259 5484 3766 5551">
     <span class='ocr_line' id='line_1_119' title="bbox 2259 5484 3766 5551; baseline -0.003 -15"><span class='ocrx_word' id='word_1_910' title='bbox 2259 5488 2336 5551; x_wconf 82' lang='lat' dir='ltr'><strong>(d)</strong></span> <span class='ocrx_word' id='word_1_911' title='bbox 2368 5486 2578 5551; x_wconf 84' lang='lat' dir='ltr'><strong>Epistola</strong></span> <span class='ocrx_word' id='word_1_912' title='bbox 2601 5488 2678 5537; x_wconf 80' lang='lat'><strong>59.</strong></span> <span class='ocrx_word' id='word_1_913' title='bbox 2703 5488 2758 5551; x_wconf 81' lang='lat' dir='ltr'><strong>ad</strong></span> <span class='ocrx_word' id='word_1_914' title='bbox 2783 5487 2972 5551; x_wconf 77' lang='lat' dir='ltr'><strong>Fidum,</strong></span> <span class='ocrx_word' id='word_1_915' title='bbox 2995 5489 3128 5538; x_wconf 87' lang='lat' dir='ltr'><strong>unde</strong></span> <span class='ocrx_word' id='word_1_916' title='bbox 3157 5493 3437 5551; x_wconf 78' lang='lat' dir='ltr'><strong>argumenta</strong></span> <span class='ocrx_word' id='word_1_917' title='bbox 3470 5495 3642 5551; x_wconf 70' lang='lat' dir='ltr'><strong>cornua.</strong></span> <span class='ocrx_word' id='word_1_918' title='bbox 3672 5484 3766 5534; x_wconf 60' lang='lat' dir='ltr'><strong>Pe.</strong></span> 
     </span>
    </p>
   </div>
   <div class='ocr_carea' id='block_1_120' title="bbox 2197 5547 3605 5614">
    <p class='ocr_par' dir='ltr' id='par_1_120' title="bbox 2197 5547 3605 5614">
     <span class='ocr_line' id='line_1_120' title="bbox 2197 5547 3605 5614; baseline -0.001 -18"><span class='ocrx_word' id='word_1_919' title='bbox 2197 5547 2693 5614; x_wconf 35' lang='lat' dir='ltr'><strong>lagianqs’desumunt</strong></span> <span class='ocrx_word' id='word_1_920' title='bbox 2713 5549 2828 5614; x_wconf 70' lang='lat' dir='ltr'><strong>alibi</strong></span> <span class='ocrx_word' id='word_1_921' title='bbox 2847 5549 3194 5614; x_wconf 71' lang='lat' dir='ltr'><strong>Hieronymus,</strong></span> <span class='ocrx_word' id='word_1_922' title='bbox 3213 5547 3264 5598; x_wconf 68' lang='lat' dir='ltr'><strong>Et</strong></span> <span class='ocrx_word' id='word_1_923' title='bbox 3283 5547 3605 5614; x_wconf 72' lang='lat' dir='ltr'><strong>Augustinus.</strong></span> 
     </span>
    </p>
   </div>
   <div class='ocr_carea' id='block_1_121' title="bbox 2261 5606 3772 5676">
    <p class='ocr_par' dir='ltr' id='par_1_121' title="bbox 2261 5606 3772 5676">
     <span class='ocr_line' id='line_1_121' title="bbox 2261 5606 3772 5676; baseline -0.002 -19"><span class='ocrx_word' id='word_1_924' title='bbox 2261 5606 2328 5676; x_wconf 78' lang='grc' dir='ltr'><strong>(ε)</strong></span> <span class='ocrx_word' id='word_1_925' title='bbox 2362 5608 2480 5676; x_wconf 70' lang='lat' dir='ltr'><strong>Cum</strong></span> <span class='ocrx_word' id='word_1_926' title='bbox 2498 5609 2699 5676; x_wconf 73' lang='lat' dir='ltr'><strong>Erasmo</strong></span> <span class='ocrx_word' id='word_1_927' title='bbox 2721 5606 3052 5676; x_wconf 60' lang='lat' dir='ltr'><strong>Martianaans;</strong></span> <span class='ocrx_word' id='word_1_928' title='bbox 3075 5628 3098 5656; x_wconf 76' lang='grc' dir='ltr'>ι</span> <span class='ocrx_word' id='word_1_929' title='bbox 3118 5606 3199 5672; x_wconf 86' lang='grc' dir='ltr'><strong>(ιυί</strong></span> <span class='ocrx_word' id='word_1_930' title='bbox 3224 5606 3454 5676; x_wconf 62' lang='lat' dir='ltr'><strong>exuuias</strong></span> <span class='ocrx_word' id='word_1_931' title='bbox 3474 5606 3655 5657; x_wconf 85' lang='lat' dir='ltr'><strong>delicto</strong></span> <span class='ocrx_word' id='word_1_932' title='bbox 3671 5619 3772 5654; x_wconf 84' lang='lat' dir='ltr'><strong>om-</strong></span> 
     </span>
    </p>
   </div>
   <div class='ocr_carea' id='block_1_122' title="bbox 2198 5669 3266 5727">
    <p class='ocr_par' dir='ltr' id='par_1_122' title="bbox 2198 5669 3266 5727">
     <span class='ocr_line' id='line_1_122' title="bbox 2198 5669 3266 5727; baseline -0.001 -9"><span class='ocrx_word' id='word_1_933' title='bbox 2198 5683 2289 5719; x_wconf 86' lang='lat' dir='ltr'><strong>nes</strong></span> <span class='ocrx_word' id='word_1_934' title='bbox 2311 5669 2535 5718; x_wconf 90' lang='lat' dir='ltr'><strong>homines</strong></span> <span class='ocrx_word' id='word_1_935' title='bbox 2557 5671 2605 5718; x_wconf 90' lang='lat' dir='ltr'><strong>in</strong></span> <span class='ocrx_word' id='word_1_936' title='bbox 2627 5669 3092 5727; x_wconf 83' lang='lat' dir='ltr'><strong>condemnationem,</strong></span> <span class='ocrx_word' id='word_1_937' title='bbox 3116 5669 3150 5715; x_wconf 68' lang='grc' dir='ltr'><em>ί</em></span> <span class='ocrx_word' id='word_1_938' title='bbox 3170 5677 3266 5719; x_wconf 89' lang='lat' dir='ltr'><strong>etc.</strong></span> 
     </span>
    </p>
   </div>
   <div class='ocr_carea' id='block_1_123' title="bbox 2260 5725 3769 5801">
    <p class='ocr_par' dir='ltr' id='par_1_123' title="bbox 2260 5725 3769 5801">
     <span class='ocr_line' id='line_1_123' title="bbox 2260 5725 3769 5801; baseline -0.004 -19"><span class='ocrx_word' id='word_1_939' title='bbox 2260 5731 2336 5801; x_wconf 70' lang='lat' dir='ltr'><strong>(fl</strong></span> <span class='ocrx_word' id='word_1_940' title='bbox 2375 5731 2525 5781; x_wconf 88' lang='lat' dir='ltr'><strong>Iidem</strong></span> <span class='ocrx_word' id='word_1_941' title='bbox 2567 5745 2756 5782; x_wconf 82' lang='lat' dir='ltr'><strong>rursum</strong></span> <span class='ocrx_word' id='word_1_942' title='bbox 2802 5733 3003 5794; x_wconf 84' lang='lat' dir='ltr'><strong>vitiose,</strong></span> <span class='ocrx_word' id='word_1_943' title='bbox 3045 5725 3244 5795; x_wconf 79' lang='lat' dir='ltr'><strong>ﬁngitur</strong></span> <span class='ocrx_word' id='word_1_944' title='bbox 3285 5726 3643 5791; x_wconf 77' lang='lat' dir='ltr'><strong>confirmatione</strong></span> <span class='ocrx_word' id='word_1_945' title='bbox 3688 5725 3769 5778; x_wconf 80' lang='lat' dir='ltr'><strong>do-</strong></span> 
     </span>
    </p>
   </div>
   <div class='ocr_carea' id='block_1_124' title="bbox 2200 5798 2386 5847">
    <p class='ocr_par' dir='ltr' id='par_1_124' title="bbox 2200 5798 2386 5847">
     <span class='ocr_line' id='line_1_124' title="bbox 2200 5798 2386 5847; baseline 0.027 -6"><span class='ocrx_word' id='word_1_946' title='bbox 2200 5798 2386 5847; x_wconf 62' lang='lat' dir='ltr'><strong>amne.</strong></span> 
     </span>
    </p>
   </div>
  </div>
