4080 6340
301 412 450 471 1131

303 534 526 587 terram,
557 521 698 579 unde
716 521 917 592 primus
939 517 1100 574 homo
1126 515 1296 572 factus
1323 525 1409 574 est
1439 515 1554 573 :sic
1579 523 1634 570 et
1659 516 1880 585 spiritus

304 632 373 672 ex
401 616 542 671 illiLs
568 617 724 672 unius
747 614 934 685 spiritu
957 621 1296 682 propagatus,
1323 625 1430 666 non
1461 619 1636 665 tamen
1667 609 1733 663 ad
1758 624 1880 664 eum

305 710 636 774 revertitur;
673 707 769 764 sed
803 706 871 762 ad
913 707 1230 771 Dominum,
1277 719 1307 760 a
1346 719 1453 775 quo
1477 704 1552 758 illi
1591 703 1748 757 datus
1775 711 1879 756 est.

305 798 508 854 Verum
535 800 658 868 quia
697 779 1206 852 hoc'testimonium
1242 795 1312 850 ita
1340 809 1436 864 pro
1461 793 1578 848 istis
1603 799 1778 857 sonat,
1821 800 1882 844 ut

306 904 419 944 non
446 889 592 945 omni
641 887 800 943 modo
839 887 961 942 huic
985 885 1224 956 opinioni
1244 925 1260 949 ,
1289 899 1446 954 quam
1474 882 1688 938 defendi
1718 881 1840 935 volo
1861 919 1878 946 ,

305 980 555 1036 videatur
581 995 702 1035 esse
723 978 1048 1034 contrarium
1069 1019 1084 1042 ,
1111 975 1500 1032 admonendum
1526 982 1732 1028 tantum
1756 987 1880 1027 cre-

307 1070 422 1126 didi
453 1070 790 1140 prudentiam
817 1078 960 1123 tuam
987 1109 1002 1134 ,
1034 1082 1103 1122 ne
1131 1066 1330 1120 talibus
1362 1064 1680 1120 testimoniis
1705 1078 1768 1116 ex
1799 1062 1884 1116 bis

307 1160 576 1232 angustiis
595 1175 682 1216 me
715 1160 927 1214 coneris
955 1173 1165 1213 eruere.
1204 1156 1336 1211 Nam
1363 1157 1488 1211 licet
1525 1169 1682 1208 nemo
1729 1152 1886 1207 faciat

307 1253 570 1324 optando,
595 1261 653 1307 ut
677 1267 860 1306 verum
883 1252 952 1306 sit
979 1249 1119 1321 quod
1145 1264 1332 1304 verum
1359 1263 1464 1302 non
1485 1255 1569 1302 est
1593 1264 1609 1301 :
1634 1254 1808 1300 tamen
1839 1243 1883 1297 si

306 1342 426 1398 ﬁeri
470 1350 686 1412 posset,
712 1350 955 1410 optarem
982 1348 1038 1393 ut
1075 1338 1192 1394 lucc
1227 1337 1494 1392 sententia
1535 1350 1660 1389 vera
1697 1341 1883 1388 esset:

233 1452 249 1497 :
307 1434 454 1490 sicut
489 1443 638 1502 opto,
671 1442 728 1486 ut
766 1432 812 1488 si
841 1445 962 1486 vera
989 1437 1090 1496 est,
1129 1430 1226 1483 abs
1256 1437 1308 1483 te
1343 1426 1690 1497 liquidissime
1726 1432 1888 1490 atque

216 1500 248 1588 Ξ.

203 1593 238 1669 ἱ

309 1525 662 1582 invictissime
689 1523 1024 1578 defendatur.
1048 1541 1066 1574 ι

380 1617 504 1672 27.1
537 1616 662 1672 Huic
681 1627 858 1671 autem
883 1615 1172 1669 difﬁcultas
1193 1613 1354 1668 etiam
1375 1611 1494 1664 illos
1511 1609 1771 1680 sequitur,
1795 1607 1884 1677 qui

304 1706 421 1778 jam
449 1707 742 1761 existentes
778 1705 904 1760 alibi
931 1704 1168 1768 animas,
1199 1711 1254 1756 et
1290 1702 1358 1755 ab
1398 1700 1549 1754 initio
1586 1698 1885 1752 divinorum

308 1813 534 1867 operum
560 1805 916 1866 praeparatas,
951 1810 980 1848 a
1032 1795 1139 1849 Deo
1172 1792 1310 1848 mitti
1351 1790 1636 1860 opinantur
1674 1787 1727 1840 in
1770 1799 1888 1840 cor-

312 1903 470 1958 pora.
513 1885 644 1941 Nam
682 1895 740 1941 et
779 1885 847 1939 ab
886 1883 972 1938 bis
1021 1883 1127 1938 hoc
1180 1882 1318 1936 idem
1348 1879 1637 1947 quaeritur,
1677 1876 1736 1931 Si
1777 1875 1891 1929 ani-

312 1992 420 2033 mm
469 1976 752 2045 inculpata:
796 1973 1108 2029 obedienter
1135 1971 1391 2033 veniunt,
1423 1983 1530 2039 quo
1571 1967 1887 2028 mittuntur;

315 2085 419 2126 cur
467 2068 520 2123 in
564 2066 840 2138 parvulis,
890 2066 934 2120 si
982 2079 1088 2118 non
1131 2062 1379 2132 baptizati
1431 2059 1591 2113 vitam
1645 2056 1799 2110 istam
1829 2055 1889 2108 fi-

314 2161 532 2223 nierint.
561 2156 885 2229 puniuntur?
917 2156 1113 2211 Eadem
1155 2169 1372 2223 prorsus
1410 2153 1462 2204 in
1499 2161 1723 2218 utraque
1763 2162 1890 2202 sen-

317 2257 482 2312 tentia
529 2251 815 2308 diflicultas
858 2257 960 2303 est.
1000 2247 1080 2301 llli
1121 2246 1222 2298 sibi
1269 2243 1517 2296 videntur
1563 2241 1632 2296 de
1677 2243 1775 2294 hac
1812 2239 1893 2293 fa-

317 2347 475 2402 cilius
517 2344 666 2398 exire
704 2339 1036 2410 quaestione,
1143 2334 1350 2406 1013
1432 2332 1522 2402 qui
1571 2331 1777 2385 animas
1816 2342 1898 2383 as-

323 2442 575 2490 severant
601 2445 698 2501 pro
732 2429 937 2485 meritis
980 2428 1103 2482 vita:
1146 2427 1374 2495 prioris,
1401 2421 1639 2492 singulas
1676 2421 1898 2489 singulis

327 2520 647 2591 corporibus
702 2518 983 2588 implicari.
1059 2517 1172 2570 lloc
1223 2516 1364 2569 enim
1429 2521 1618 2583 putant
1667 2527 1786 2566 esse
1843 2513 1896 2566 in

326 2610 496 2668 Adam
540 2609 697 2676 mori,
749 2608 803 2663 in
844 2621 1005 2661 carne
1033 2605 1276 2671 scilicet,
1321 2620 1440 2672 qua:
1479 2611 1767 2672 propagata
1814 2609 1900 2655 est

331 2717 400 2756 ex
446 2699 654 2766 Adam,
715 2699 970 2768 supplicia
1019 2696 1253 2767 pendere
1300 2713 1313 2749 :
1359 2709 1390 2748 a
1434 2708 1539 2764 quo
1591 2703 1772 2756 reatu,
1827 2693 1897 2746 iu-

327 2792 554 2862 quiunt,
600 2791 770 2860 gratia
792 2789 992 2845 Christi
1030 2789 1220 2866 liberat
1257 2787 1478 2857 pusillos
1515 2801 1634 2840 cum
1675 2787 1897 2854 magnis.

329 2883 444 2938 Hoc
470 2882 684 2952 quidem
710 2889 877 2943 recte,
906 2881 1192 2944 veraciter,
1217 2878 1542 2948 optimeque,
1567 2876 1705 2945 quod
1732 2874 1900 2944 gratia

326 2974 533 3029 Christi
566 2974 758 3029 liberat
782 2988 810 3026 a
839 2981 988 3028 reatu
1020 2979 1354 3041 peccatorum
1395 2970 1614 3039 pusillos
1639 2983 1757 3022 cum
1786 2981 1900 3020 ma-

328 3066 471 3138 gnis.
513 3065 616 3120 Sed
645 3065 698 3120 in
722 3065 828 3118 alia
867 3065 1144 3133 superiore
1170 3065 1275 3118 vita
1317 3077 1539 3133 peccare
1565 3061 1803 3126 animas,
1849 3067 1904 3113 et

330 3156 456 3211 inde
479 3156 796 3226 praecipitari
834 3156 888 3209 in
913 3169 1157 3209 carceres
1179 3167 1428 3220 carneos,
1457 3168 1563 3206 non
1585 3151 1767 3216 credo,
1798 3168 1902 3206 ltnll

329 3247 631 3316 acquiesco,
659 3261 764 3301 non
792 3245 1072 3302 consentio
1096 3245 1189 3314 (a).
1219 3245 1416 3309 Primo,
1445 3244 1698 3313 quoniam
1723 3243 1906 3296 nescio

332 3353 428 3408 per
455 3351 590 3406 quos
617 3336 871 3392 circuitus
898 3336 1013 3391 fieri
1045 3335 1098 3390 id
1135 3335 1288 3389 aiunt
1326 3334 1412 3388 isti
1438 3351 1452 3388 :
1483 3343 1542 3387 ut
1567 3342 1686 3402 post
1723 3333 1905 3386 nescio

331 3437 530 3498 quanta
555 3427 827 3483 volumina
867 3427 1182 3482 smculorum
1226 3426 1417 3480 iterum
1447 3425 1514 3479 ad
1544 3426 1698 3479 istam
1737 3425 1903 3478 sarci-

334 3534 457 3576 nam
487 3517 883 3586 corruptibilem
928 3516 1021 3587 [aL
1052 3515 1412 3588 corruptibilis]
1443 3518 1648 3580 carnis,
1689 3525 1745 3569 et
1781 3529 1906 3583 sup-

332 3608 492 3680 plicia
523 3606 800 3676 pendenda
827 3606 1158 3661 redeundum
1200 3607 1270 3660 sit
1301 3623 1314 3658 :
1357 3621 1460 3674 qua
1503 3607 1756 3672 opinione
1781 3603 1908 3673 quid

335 3696 648 3752 horribilius
691 3696 912 3766 cogitari
959 3695 1129 3766 possit
1156 3698 1363 3765 ignoro.
1399 3695 1601 3749 Deinde
1630 3697 1748 3763 quis
1789 3704 1907 3747 tan-

335 3787 459 3843 dem
487 3787 661 3854 justus
688 3785 971 3840 defunctus
996 3793 1100 3848 est,
1125 3785 1191 3839 de
1221 3799 1326 3853 quo
1349 3799 1479 3848 non,
1502 3785 1545 3836 si
1577 3784 1663 3836 isti
1689 3797 1810 3835 vera
1837 3783 1910 3836 di-

336 3888 500 3944 cunt,
540 3877 761 3934 solliciti
789 3892 908 3932 esse
951 3877 1278 3940 debeamus,
1326 3891 1395 3929 ne
1437 3874 1490 3927 in
1535 3875 1653 3928 sinu
1683 3873 1912 3926 Abrahae

337 3983 586 4040 peccans,
607 3969 658 4022 in
680 3967 923 4022 ﬂammas
947 3967 1087 4021 illius
1105 3965 1284 4022 divitis
1304 3963 1619 4034 dejiciatur?
1639 3963 1749 4017 Cur
1767 3963 1912 4018 enim

338 4075 446 4115 non
482 4069 538 4116 et
565 4067 685 4129 post
709 4057 811 4112 hoc
835 4071 1032 4125 corpus
1068 4055 1274 4125 peccari
1301 4055 1489 4124 possit,
1519 4054 1564 4107 si
1595 4061 1650 4108 et
1671 4061 1796 4107 ante
1820 4067 1914 4123 ροη

341 4149 476 4203 tuit?
501 4150 779 4203 Postremo
807 4156 862 4201 et
897 4146 1052 4214 longe
1081 4145 1223 4199 aliud
1248 4153 1332 4198 est
1359 4143 1411 4198 in
1444 4143 1610 4198 Adam
1641 4158 1910 4212 peccasse.

339 4239 496 4295 Unde
540 4239 670 4294 dicit
717 4238 1005 4308 Apostolus
1055 4255 1068 4291 :
1112 4235 1179 4290 In
1226 4253 1325 4304 quo
1375 4251 1546 4290 omnes
1589 4245 1914 4306 peccauerunt

339 4330 515 4402 (Rom.
550 4331 603 4386 5.
636 4328 726 4399 12)
759 4345 774 4384 :
805 4337 860 4384 et
903 4328 1044 4382 aliud
1075 4337 1159 4382 est
1186 4337 1336 4381 extra
1366 4327 1560 4394 Adam,
1597 4326 1779 4383 nescio
1824 4326 1914 4381 ubi

338 4435 590 4491 peccasse
619 4439 633 4476 :
661 4431 715 4478 et
735 4421 856 4477 ideo
881 4422 932 4476 in
955 4421 1143 4488 Adam,
1173 4420 1224 4475 id
1251 4429 1353 4487 est,
1387 4421 1438 4474 in
1466 4434 1681 4475 carnem
1707 4434 1828 4489 quae
1849 4435 1916 4476 ex

339 4512 510 4568 Adam
540 4522 825 4584 propagata
852 4523 954 4578 est,
987 4522 1235 4582 tanquam
1264 4512 1316 4566 in
1354 4525 1627 4567 carcerem
1656 4511 1821 4566 trudi.
1851 4511 1917 4566 Il-

338 4604 445 4658 lam
461 4619 588 4658 vero
607 4605 934 4674 opinionem,
951 4604 1092 4674 quud
1113 4620 1182 4659 ex
1205 4620 1309 4658 una
1341 4605 1467 4658 [iant
1490 4619 1680 4660 omnes
1694 4605 1914 4672 animm,

340 4707 444 4748 nec
479 4692 744 4748 discutere
769 4694 930 4759 volo,
973 4695 1073 4748 nisi
1097 4709 1319 4748 necesse
1360 4695 1450 4748 sit.
1495 4696 1672 4762 Atque
1713 4695 1914 4748 utinam

342 4783 443 4839 ista
473 4782 540 4838 de
575 4797 679 4852 qua
705 4797 847 4836 nunc
887 4782 1125 4851 agimus,
1156 4783 1200 4836 si
1223 4797 1346 4836 vera
1375 4791 1478 4848 est,
1509 4783 1588 4837 sic
1615 4784 1708 4837 abs
1739 4792 1792 4838 te
1824 4783 1918 4839 de-

341 4871 613 4938 fendatur,
641 4879 699 4926 ut
722 4871 824 4926 hoc
837 4873 947 4940 jam
977 4885 1194 4926 necesse
1216 4885 1321 4925 non
1349 4873 1438 4926 sit.
1468 4891 1488 4923 ι

412 4963 505 5019 28.
544 4980 563 5014 ι
588 4961 844 5030 Quamvis
871 4969 1050 5016 autem
1067 4959 1387 5027 desiderem,
1419 4975 1624 5030 rogem,
1661 4962 1798 5016 votis
1825 4978 1915 5016 ar-

344 5055 594 5112 dentibus
638 5063 884 5124 exoptem
926 5063 982 5108 et
1027 5053 1103 5123 (b)
1145 5062 1416 5122 expetam,
1461 5061 1517 5105 ut
1559 5067 1654 5120 per
1699 5061 1750 5106 te
1789 5053 1916 5108 mihi

346 5146 605 5202 Dominus
634 5144 794 5214 hujus
839 5144 917 5198 rei
945 5143 1152 5199 auferat
1180 5143 1531 5214 ignorantiam
1573 5159 1587 5196 :
1638 5151 1810 5197 tamen
1838 5143 1916 5209 si,

346 5236 488 5306 quod
515 5235 674 5298 absit,
703 5234 923 5288 minime
949 5249 1216 5301 meruero,
1241 5234 1550 5304 patientiam
1573 5230 1703 5286 mihi
1743 5242 1916 5303 petam

347 5341 377 5379 a
407 5325 634 5380 Domino
678 5325 787 5377 Deo
815 5330 999 5376 nostro
1038 5341 1051 5375 :
1096 5323 1150 5377 in
1190 5338 1348 5393 quem
1378 5325 1424 5378 si
1451 5321 1742 5388 credimus,
1777 5331 1833 5376 ut
1874 5323 1918 5376 si

348 5417 522 5488 aliqua
565 5414 726 5472 nobis
768 5427 875 5470 non
922 5413 1127 5483 aperiat
1166 5415 1326 5469 etiam
1371 5414 1726 5486 pulsantibus,
1775 5413 1920 5469 nullo

382 5723 391 5732 ι
413 5660 487 5720 (a)
517 5654 846 5732 benedictini,
871 5670 896 5701 ι
908 5652 1121 5702 Primum
1134 5653 1361 5716 quoniam
1376 5668 1468 5718 per
1485 5654 1656 5704 nescio
1673 5666 1797 5715 quos
1812 5654 1920 5704 ﬁeri

351 5723 643 5775 circumitus,
666 5733 690 5762 ι
723 5723 818 5766 etc.

415 5781 489 5844 (ιν)
521 5781 658 5844 Apud
680 5774 1044 5837 Benedictinos,
1061 5779 1107 5826 et
1125 5781 1410 5840 exspectem.

1640 391 1970 459 EPISTULA
2007 401 2265 460 CXXXII.

1981 515 2141 570 modo
2167 516 2425 572 adversus
2449 533 2570 574 eum
2613 536 2945 582 murmurare
2969 527 3276 584 debeamus.
3322 530 3396 603 (e)
3440 533 3562 587 nec

1981 609 2108 663 mini
2139 610 2286 680 prius
2308 611 2438 680 ipsis
2463 614 2735 682 Apostolis
2754 617 2955 672 dictum
2985 635 2999 672 :
3035 619 3200 674 Multa
3229 621 3390 676 habeo
3411 623 3562 677 vobis

1981 699 2163 764 dicere,
2210 701 2300 754 sed
2342 717 2442 755 non
2488 705 2694 770 potestis
2721 707 2812 759 illa
2843 717 3045 772 portare
3070 711 3222 765 modo
3257 711 3432 782 (Jean.
3463 714 3552 767 16.

1982 787 2097 853 12).
2128 789 2182 842 In
2214 789 2324 855 his,
2353 801 2606 860 quantum
2633 794 2698 846 ad
2723 809 2808 849 me
2836 798 3045 862 attinet,
3074 799 3234 854 etiam
3263 802 3364 856 hoc
3383 793 3556 872 depu4

1983 879 2238 935 tem.Nec
2277 882 2366 949 qui
2411 883 2512 936 hoc
2557 884 2720 938 sciam
2765 901 2851 940 me
2877 888 3120 958 indigner
3161 891 3458 958 indignum,
3485 908 3555 947 ne

1981 968 2084 1024 hoc
2111 972 2226 1040 ipso
2259 973 2419 1027 etiam
2447 975 2739 1030 convincar
2763 977 3050 1046 indignior.
3082 981 3245 1036 Multa
3275 985 3422 1040 enim
3451 985 3556 1038 alia

1982 1060 2226 1116 similiter
2249 1065 2448 1125 nescio.
2473 1081 2592 1134 qua:
2631 1081 3058 1126 commemorare
3109 1075 3192 1127 vel
3237 1089 3558 1130 enumerare

1983 1165 2089 1205 non
2136 1168 2372 1222 possum.
2420 1156 2486 1210 Et
2526 1158 2628 1212 hoc
2671 1159 3019 1214 tolerabiliter
3065 1163 3404 1232 ignorarem,
3431 1167 3565 1220 'uisi

1984 1254 2295 1310 metuerem,
2329 1262 2397 1300 ne
2419 1248 2600 1317 aliqua
2640 1250 2858 1304 istarum
2892 1253 3199 1322 opinionum
3224 1267 3408 1310 contra
3431 1257 3559 1311 illud

1983 1338 2124 1405 quod
2171 1338 2476 1394 firmissima
2521 1340 2625 1396 fide
2661 1345 2978 1408 retinemus.
3011 1347 3239 1402 incautis
3279 1337 3571 1418 obreperet‘

1986 1429 2271 1484 mentibus.
2295 1430 2399 1486 Sed
2419 1441 2704 1502 antequam
2727 1435 2912 1501 sciam,
2935 1452 3176 1505 quamam
3192 1440 3564 1508 earmnpntius

1985 1520 2223 1588 eligenda
2245 1521 2334 1585 sit,
2358 1521 2461 1577 hoe
2477 1539 2563 1578 me
2585 1540 2689 1578 non
2709 1534 2914 1581 temere
2931 1529 3132 1582 sentire
3155 1532 3428 1596 profiteor,
3444 1545 3578 1584 eam

1992 1610 2200 1682 1014
2268 1628 2386 1682 qua:
2438 1628 2561 1669 vera
2591 1625 2694 1679 est,
2746 1632 2855 1670 non
2881 1617 3154 1674 adversari
3185 1621 3567 1675 robustissima:

1987 1717 2051 1756 ac.
2076 1702 2461 1760 fundatissimae
2491 1706 2634 1771 fidei,
2665 1723 2769 1778 qua
2796 1708 2997 1763 Christi
3037 1711 3273 1766 Ecclesia
3304 1727 3401 1766 nec
3441 1727 3566 1780 par-

1986 1792 2141 1847 vulos
2167 1794 2416 1850 homines
2441 1799 2812 1853 recentissime
2837 1809 2994 1855 natos
3017 1815 3048 1853 a
3077 1801 3418 1856 damnatione
3450 1817 3567 1856 cre-

1988 1883 2086 1949 dit,
2132 1885 2233 1938 nisi
2278 1901 2374 1955 per
2403 1889 2624 1956 gratiam
2671 1891 2903 1943 nominis
2932 1889 3152 1954 Christi.
3195 1907 3352 1960 quam
3379 1892 3432 1946 in
3457 1893 3568 1946 suis

1989 1975 2334 2030 sacramentis
2349 1976 2762 2043 commendavit,
2791 1993 2950 2048 posse
2975 1981 3212 2036 liberari.
3227 2000 3246 2032 ι

2406 2087 2734 2144 El’lS’l‘OLA
2773 2089 3013 2145 cxxxn
3054 2091 3155 2161 (ά).

1993 2201 2280 2257 Ancusrmt
2334 2218 2400 2256 AD
2449 2202 2821 2259 lltsnosmnu.
2878 2204 2985 2259 Seu
3025 2204 3190 2260 Lmen
3229 2206 3306 2261 Ds
3343 2220 3570 2261 saurex-

2613 2313 2702 2351 τιΑ
2741 2297 2943 2352 JACOBI.

1995 2408 2257 2463 Consuluit
2283 2409 2346 2462 de
2373 2409 2482 2463 loco
2512 2425 2575 2464 ex
2596 2408 2774 2462 Jacobi
2803 2410 2948 2480 epist.
2977 2410 3033 2463 2.
3071 2410 3157 2464 10.
3205 2409 3303 2476 Qui
3331 2408 3571 2465 offende-

2067 2501 2137 2554 rit
2166 2502 2217 2555 in
2246 2517 2370 2562 uno,
2403 2501 2570 2556 factus
2596 2512 2678 2556 est
2703 2503 2938 2554 tllllllllllll
2962 2515 3106 2565 reus,
3135 2499 3386 2569 multaque
3410 2499 3574 2552 udmi‘

2067 2601 2169 2645 scet
2197 2591 2260 2644 de
2285 2591 2490 2654 Stoicis,
2522 2592 2607 2660 qui
2636 2591 2875 2644 docebant
2904 2591 3072 2644 omnia
3114 2600 3315 2659 peccatu
3349 2607 3454 2643 esse
3478 2607 3573 2659 pa-

2068 2684 2145 2736 ria
2174 2700 2186 2736 :
2215 2691 2260 2736 et
2287 2684 2509 2752 quisquis
2536 2683 2735 2736 haberet
2766 2699 2918 2735 unam
2963 2684 3211 2745 virtutem,
3252 2683 3435 2735 habere
3463 2696 3574 2734 om-

2073 2790 2192 2838 nes;
2221 2775 2306 2844 qui
2335 2785 2524 2828 careret
2553 2792 2676 2837 una,
2706 2775 2904 2828 nullam
2931 2774 3126 2827 habere.

2075 2891 2126 2942 1.
2153 2890 2302 2956 Quod
2319 2889 2386 2942 ad
2407 2899 2453 2943 te
2469 2890 2670 2957 scripsi,
2690 2891 2982 2945 honorande
2999 2891 3119 2944 mihi
3140 2893 3191 2943 in
3206 2891 3404 2944 Christo
3423 2894 3578 2958 frater

2007 2978 2331 3050 Hieronyme,
2360 2997 2588 3048 quociens
2615 2983 2679 3033 de
2705 2982 2877 3034 anima
2912 2982 3155 3042 humana,
3181 2983 3223 3034 si
3261 2979 3577 3034 nascentibus

2003 3073 2236 3141 singulis,
2269 3087 2409 3126 novae
2430 3071 2644 3144 singula:
2669 3089 2802 3127 nutu:
2832 3089 2988 3142 usque
3019 3074 3144 3140 ﬁunt
3172 3071 3264 3144 lat.
3297 3073 3466 3144 [iant].
3496 3071 3580 3126 ubi

2005 3167 2195 3235 peccati
2234 3167 2490 3218 vinculum
2531 3167 2850 3227 contrahant,
2898 3167 3033 3236 quod
3081 3183 3168 3233 per
3209 3176 3577 3220 sacramentum

2005 3258 2180 3327 gratia:
2223 3254 2430 3320 Christi,
2480 3257 2630 3310 etiam
2676 3258 2729 3310 iu
2769 3257 3045 3327 infantibus
3069 3265 3289 3310 recenler
3317 3257 3449 3308 natis
3473 3254 3580 3310 sol-

2005 3347 2216 3420 vendum
2245 3363 2351 3400 esse
2373 3363 2472 3399 non
2501 3346 2806 3410 dubitamus,
2835 3364 2947 3399 cum
2976 3348 3029 3400 in
3059 3363 3160 3400 non
3189 3361 3400 3416 paruum
3429 3346 3574 3399 volun

2005 3451 2118 3489 men
2144 3436 2621 3514 procederetnnolui
2651 3437 2756 3489 ulla
2769 3437 2885 3488 alia-
2901 3451 3110 3490 onerare
3134 3437 3412 3504 quastione
3438 3451 3456 3488 :
3483 3434 3572 3488 sed

2006 3528 2140 3595 quod
2167 3536 2308 3595 urget
2335 3529 2524 3588 acrius,
2564 3529 2722 3579 multo
2749 3531 2914 3580 minus
2940 3536 3012 3580 est
3044 3526 3418 3595 negligendum.
3448 3524 3582 3578 Pro-

2008 3619 2124 3672 inde
2157 3617 2224 3688 (e)
2249 3634 2439 3687 quiusa,
2469 3627 2514 3670 et
2546 3635 2636 3686 per
2677 3617 2841 3670 Deum
2872 3619 3096 3681 obsecro,
3129 3625 3181 3670 ut
3211 3632 3434 3686 exponas
3459 3617 3590 3668 mihi

2009 3709 2143 3777 quod
2169 3709 2338 3760 multis
2362 3708 2590 3760 existimo
2617 3710 2970 3776 profuturum:
2991 3716 3077 3758 aut
3106 3707 3150 3759 si
3171 3707 3283 3776 jam
3300 3706 3480 3759 uelabs
3511 3716 3579 3770 te,

2011 3797 2088 3850 vel
2115 3798 2177 3850 ab
2205 3798 2308 3850 alio
2335 3798 2506 3866 aliquo
2531 3797 2815 3864 expositum
2843 3795 3022 3856 habes,
3052 3795 3243 3865 dirigas
3263 3795 3427 3854 nobis.
3453 3811 3584 3863 quo-

2012 3889 2162 3942 modo
2189 3889 2538 3956 accipiendum
2561 3888 2646 3952 sit,
2674 3887 2809 3956 quod
2834 3888 2886 3940 in
2911 3888 3130 3955 epistola
3155 3885 3383 3956 Apostoli
3405 3883 3590 3938 Jacobi

2013 3979 2256 4048 scriptum
2299 3988 2371 4031 est
2401 3994 2418 4031 :
2445 3977 2776 4046 Quicumque
2802 3977 2944 4030 enim
2977 3985 3139 4030 totam
3168 3976 3362 4044 Legem
3405 3989 3590 4030 serva-

2015 4069 2169 4134 verit,
2197 4067 2433 4123 ofl‘endat
2462 4075 2636 4121 autem
2668 4068 2719 4120 in
2750 4081 2879 4130 uno,
2911 4067 3079 4120 factus
3102 4074 3185 4120 est
3207 4064 3440 4119 omnium
3465 4077 3592 4118 reus

2015 4157 2154 4229 (Jac.
2181 4157 2234 4211 2.
2269 4156 2381 4228 10).
2411 4157 2536 4221 Quae
2564 4174 2642 4211 res
2666 4157 2783 4210 talis
2809 4173 2868 4208 ac
2899 4165 3040 4208 tanta
3069 4165 3163 4219 est,
3194 4165 3248 4208 ut
3292 4154 3427 4223 quod
3470 4153 3588 4206 hinc

2017 4248 2104 4302 tibi
2134 4265 2234 4302 nou
2255 4249 2367 4319 jam
2397 4247 2519 4301 olim
2547 4247 2750 4317 scripsi,
2777 4247 2990 4299 multum
3020 4261 3097 4298 me
3123 4244 3375 4314 paeniteat.

2086 4340 2140 4395 2.
2187 4340 2262 4396 De
2307 4340 2503 4409 agenda
2546 4355 2762 4408 namque
2803 4338 3041 4407 praesenti
3082 4338 3204 4402 vita,
3250 4336 3497 4406 quomodo
3523 4335 3592 4388 ad

2018 4434 2170 4487 vitam
2192 4431 2540 4504 perveniamus
2565 4442 2824 4495 aeternam,
2859 4447 2960 4484 non
2991 4430 3053 4482 de
3083 4428 3338 4498 prteterita
3362 4441 3595 4495 perscru-

2020 4523 2194 4590 tanda,
2237 4538 2392 4592 quam
2439 4522 2634 4590 penitus
2683 4520 2917 4574 demersit
2957 4519 3162 4583 oblivio,
3191 4519 3318 4571 sicut
3349 4525 3421 4570 est
3462 4514 3594 4568 illud

2017 4613 2152 4685 quod
2198 4611 2261 4665 de
2301 4610 2472 4663 anima
2498 4611 2824 4678 quaerendum
2855 4607 3048 4676 putavi.
3078 4607 3184 4659 hac
3214 4606 3426 4660 uertitur
3451 4619 3593 4674 qum-

2019 4705 2134 4757 stio.
2163 4701 2440 4770 Eleganter
2464 4709 2633 4753 autem
2659 4699 2851 4752 dictum
2877 4713 2982 4751 esse
3010 4705 3268 4760 narratur,
3301 4695 3439 4765 quod
3479 4694 3596 4748 huic

2021 4794 2092 4845 rei
2113 4793 2237 4846 satis
2261 4799 2380 4858 apte
2404 4789 2652 4842 convenit.
2682 4787 2812 4843 Cum
2834 4787 3042 4855 quidam
3071 4785 3254 4838 ruisset
3279 4786 3333 4838 in
3365 4793 3597 4855 puteum,

2021 4883 2107 4936 ubi
2135 4898 2266 4951 aqua
2293 4889 2437 4933 tanta
2465 4888 2592 4942 erat,
2625 4888 2678 4931 ut
2707 4894 2821 4931 eum
2850 4877 3012 4946 magis
3040 4876 3314 4945 exciperet,
3341 4891 3404 4928 ne
3427 4889 3596 4928 more-

2020 4982 2179 5037 retur,
2230 4986 2382 5040 quant
2424 4967 2718 5035 sulfocaret,
2756 4983 2818 5021 ne
2846 4965 3134 5032 loqueretur
3162 4981 3183 5019 :
3208 4967 3417 5019 accessit
3443 4964 3598 5028 alius,

2022 5073 2068 5116 et
2099 5079 2154 5116 eo
2183 5063 2288 5114 viso
2315 5058 2384 5131 (e)
2417 5061 2698 5123 admirans,
2744 5060 2834 5120 ait,
2890 5055 3154 5124 Quomodo
3202 5057 3299 5110 huc
3341 5055 3562 5109 cecidisti
3575 5054 3601 5106 .7

2022 5154 2086 5206 At
2123 5155 2255 5206 ille:
2289 5150 2541 5218 Obsecro,
2624 5149 2830 5222 1015
2903 5149 3093 5218 inquit,
3143 5148 3308 5217 cogita
3350 5143 3600 5216 quomoda

2024 5244 2140 5297 hinc
2185 5258 2266 5296 me
2309 5242 2507 5306 liberes,
2537 5257 2638 5294 non
2663 5239 2913 5310 quomodo
2943 5239 3042 5291 huc
3068 5236 3597 5304 ceciderim,quterns.

2024 5334 2109 5389 Ita
2131 5336 2368 5406 quoniam
2393 5335 2632 5406 fatemur,
2665 5342 2712 5386 et
2737 5332 2840 5400 ﬁde
2861 5330 3127 5386 Catholica
3152 5337 3395 5392 tenemus,
3423 5325 3486 5378 de
3512 5339 3599 5378 re-

2088 5467 2158 5528 (c)
2190 5465 2414 5528 martian.
2439 5471 2548 5528 post
2577 5463 2766 5528 Erasm.
2794 5474 2907 5528 cum
2937 5460 3172 5509 tredecim
3207 5469 3361 5520 penes
3381 5453 3600 5505 Benedi-

2025 5522 2183 5580 ctiuos
2205 5527 2318 5576 Mss.
2345 5522 2698 5586 Meminerimus
2720 5522 2857 5586 ipsis,
2885 5530 2983 5571 etc.
3100 5580 3109 5586 _
3322 5584 3329 5586 _
3509 5573 3519 5583 ,

2111 5591 2166 5651 τι)
2201 5585 2326 5638 Alias
2347 5586 2470 5637 inter
2496 5580 2896 5654 Hieronymianas
2917 5595 3011 5632 non
3044 5580 3378 5629 adnumerata.
3415 5580 3602 5636 Scripta

2023 5656 2191 5701 eodem
2212 5656 2422 5711 tempore
2445 5660 2502 5711 ac
2524 5656 2762 5711 superior.

2087 5713 2157 5772 (e)
2197 5707 2582 5772 idem,Proinde
2606 5715 2790 5772 qurere,
2815 5709 2912 5772 etc.
3015 5760 3043 5772 η
3083 5763 3114 5772 η
3155 5762 3164 5772 ,
3310 5759 3320 5768 ,

2089 5760 2168 5835 (Γ)
2200 5772 2314 5822 Mss.
2332 5760 2510 5818 decem
2561 5760 2836 5815 notantibus
2856 5760 3226 5822 Benedictinis,
3253 5760 3487 5808 miserans
3511 5761 3600 5804 all.
