4080 6340
546 369 685 426 H39

540 499 627 540 atu
674 494 862 554 peccati
906 495 1141 556 tanquam
1187 487 1252 540 de
1295 493 1444 556 puteo
1490 489 1638 542 etiam
1670 489 1866 560 parvuli
1893 488 2107 558 infantis

539 579 762 632 animam
789 577 975 632 Christi
1019 581 1182 649 gratia
1224 577 1558 646 liberandam,
1606 583 1730 635 satis
1777 589 1853 633 est
1891 581 1938 632 ei
1979 577 2114 641 quod

536 669 743 724 modum
783 671 1034 740 quomodo
1079 671 1222 724 salva
1267 673 1379 739 fiat,
1410 674 1659 736 novimus,
1690 673 1840 724 etiam
1895 672 1939 724 si
1983 687 2112 724 nun-

536 776 688 828 quam
717 761 970 830 quomodo
1009 762 1076 816 in.
1107 763 1299 815 malum
1328 762 1461 816 illud
1505 763 1776 826 devenerit,
1808 762 2109 816 noverimus.

536 851 646 905 Sed
673 851 786 905 ideo
827 853 1001 922 putavi
1023 869 1129 908 esse
1166 853 1514 922 querendum,
1543 870 1610 908 ne
1629 857 1758 923 forte
1780 869 1844 906 ex
1866 853 1968 906 illis
1995 853 2080 922 opi
2097 880 2113 894 -

534 941 774 996 niouibus
797 944 1166 998 incarnationis
1189 946 1378 999 animat
1401 947 1624 1016 aliquam
1655 955 1912 999 teneamus
1937 946 2112 998 incau-

533 1035 656 1098 tius,
703 1051 818 1106 quc
858 1038 1170 1091 liberandam
1194 1055 1399 1108 prorsus
1428 1040 1648 1090 animam
1677 1035 1877 1107 parvuli
1903 1047 2112 1090 contra-

532 1129 671 1182 dicat
714 1143 735 1183 :
771 1145 962 1199 negans
998 1147 1109 1184 eam
1151 1147 1256 1185 esse
1295 1133 1348 1184 in
1392 1131 1488 1184 isto
1516 1131 1669 1182 malo.
1706 1128 1818 1184 Hoc
1845 1130 2001 1200 igitur
2027 1131 2113 1198 fir-

531 1221 758 1275 missime
793 1232 1005 1284 retento,
1049 1223 1184 1291 quod
1223 1223 1394 1276 anima
1436 1223 1633 1293 parvuli
1659 1223 1724 1275 de
1749 1233 1892 1276 reatu
1920 1223 2109 1292 peccati

530 1309 798 1366 liberanda
822 1322 918 1376 est,
949 1330 1038 1366 nec
1065 1313 1170 1366 alio
1197 1315 1345 1367 modo
1372 1312 1652 1377 liberanda,
1685 1313 1782 1366 nisi
1809 1314 1972 1383 gratia
2013 1310 2111 1366 Det

535 1419 629 1469 per
653 1401 834 1456 Iesum
863 1402 1120 1458 Christum
1159 1403 1432 1458 Dominum
1473 1415 1698 1459 nostrum
1724 1420 1742 1458 :
1772 1405 1816 1457 si
1845 1421 2109 1474 possumus

527 1497 680 1548 etiam
717 1497 887 1563 ipsius
926 1497 1050 1550 mali
1103 1512 1311 1551 causam
1339 1510 1385 1550 et
1426 1498 1672 1567 originem
1717 1511 1881 1560 nosse,
1912 1497 2107 1550 vanilo-

525 1589 638 1654 qut's
665 1604 768 1641 non
796 1590 1211 1657 disputatoribus,
1256 1588 1348 1642 sed
1389 1589 1724 1659 litigatoribus
1773 1589 1999 1656 paratius
2023 1591 2106 1641 in-

525 1682 865 1748 structiusque
910 1682 1208 1734 resistimus.
1262 1680 1324 1735 Si
1364 1691 1530 1733 autem
1558 1696 1659 1732 non
1690 1695 1976 1749 possumus,
2006 1696 2107 1733 non

525 1770 645 1838 quia
661 1771 779 1823 latet
805 1771 1020 1824 miseria
1039 1771 1362 1843 principium,
1385 1771 1500 1824 ideo
1523 1772 1800 1842 pigrescere
1817 1772 2104 1824 misericor-

525 1859 625 1912 dia
651 1859 790 1913 debet
815 1861 1050 1929 ofﬁcium.
1083 1862 1333 1914 Adversus
1361 1878 1445 1915 eos
1471 1870 1635 1914 autem
1659 1863 1749 1930 qui
1793 1860 1888 1914 sibi
1927 1862 2106 1915 viden-

524 1961 609 2004 tur
633 1967 761 2004 scire
788 1955 923 2018 quod
950 1955 1196 2017 nesciunt,
1232 1955 1324 2006 hoc
1353 1955 1560 2007 tutiores
1588 1969 1782 2018 sumus,
1814 1953 1949 2022 quod
1971 1953 2104 2006 hanc

524 2043 865 2111 ignorantiam
896 2054 1119 2097 nostram
1161 2059 1260 2097 non
1301 2047 1617 2112 ignoramus.
1661 2046 1817 2098 Aliud
1845 2056 1916 2100 est
1945 2046 2099 2112 enim,

525 2135 662 2205 quod
698 2139 891 2190 nescire
931 2141 1120 2190 malum
1146 2147 1218 2190 est
1245 2154 1263 2190 :
1289 2138 1432 2190 aliud
1460 2139 1594 2200 quod
1620 2139 1738 2190 sciri
1767 2138 1843 2190 vel
1881 2153 1982 2190 non
2012 2153 2105 2206 po-

523 2236 644 2292 test,
689 2228 765 2280 vel
803 2244 904 2282 non
931 2244 1060 2298 opus
1093 2238 1184 2291 est,
1225 2230 1301 2283 vel
1325 2229 1394 2282 ad
1419 2231 1570 2282 vitam
1606 2246 1757 2298 quam
1790 2230 2064 2300 quierimus
2085 2270 2099 2291 ,

524 2316 824 2384 indi/ferens
844 2329 935 2373 est.
961 2319 1070 2372 Hoc
1091 2335 1206 2374 vero
1227 2320 1362 2390 quod
1381 2320 1443 2374 de
1468 2320 1645 2374 litteris
1667 2319 1900 2390 Apostoli
1922 2319 2101 2374 Jacobi

524 2423 660 2460 nunc
685 2409 904 2479 requiro,
931 2411 983 2462 in
1015 2411 1109 2462 hac
1138 2412 1250 2478 ipsa
1274 2427 1373 2478 qua
1404 2409 1634 2475 vivimus,
1666 2419 1712 2463 et
1734 2421 1786 2462 ut
1813 2426 2008 2479 semper
2029 2410 2100 2463 vi-

519 2513 697 2552 vamus
726 2499 835 2554 Deo
868 2503 1066 2568 placere
1091 2502 1370 2566 studemus,
1404 2503 1600 2555 actione
1623 2514 1867 2555 versatur.

594 2592 648 2644 3.
695 2594 958 2656 Quomodo
998 2595 1154 2662 igitur
1193 2594 1581 2665 intelligendum
1628 2606 1738 2658 est,
1787 2596 1987 2648 obsecro
2026 2605 2092 2660 te,

516 2681 852 2752 Quicumque
892 2695 1054 2738 totam
1085 2685 1280 2755 Legem
1309 2688 1622 2751 servaverit,
1652 2687 1879 2741 oll'endat
1912 2700 2092 2744 autem

517 2774 573 2828 in
605 2791 730 2840 uno,
764 2777 934 2830 lactus
975 2787 1056 2832 est
1085 2778 1320 2831 omnium
1351 2779 1516 2834 reus?
1543 2779 1682 2847 (Jac.
1710 2779 1766 2833 2.
1799 2781 1908 2848 10).
1943 2780 2092 2836 Itane

512 2871 602 2937 qui
653 2872 848 2940 furtum
902 2870 1096 2940 fecerit,
1127 2870 1228 2923 imo
1275 2888 1390 2924 vero
1418 2873 1504 2941 qui
1533 2873 1719 2926 dixerit
1749 2873 1910 2937 diviti,
1951 2874 2090 2928 Sede

514 2957 602 3015 hic
635 2978 648 3013 ε
682 2962 896 3030 pauperi
938 2969 1129 3024 autem,
1176 2960 1256 3016 Tu
1303 2974 1383 3016 sta
1433 2962 1557 3025 illic,
1601 2974 1647 3016 et
1701 2965 1997 3028 homicidii,
2045 2975 2092 3016 et

513 3051 776 3116 adulterii,
819 3064 866 3106 et
907 3055 1162 3124 sacrilegii
1186 3070 1302 3109 reus
1327 3056 1442 3108 est?
1473 3056 1622 3121 Quod
1651 3055 1695 3108 si
1721 3072 1819 3109 non
1845 3065 1934 3117 est,
1965 3073 2090 3124 quo-

511 3140 665 3193 modo
691 3144 776 3208 qui
800 3143 853 3196 in
881 3158 983 3196 uno
1010 3142 1254 3210 offendat,
1284 3145 1449 3213 factus
1476 3155 1548 3200 est
1577 3147 1799 3199 omnium
1832 3150 1982 3199 reus?
2013 3149 2087 3200 An

511 3231 644 3286 illud
667 3235 803 3302 quod
829 3234 958 3288 dixit
984 3236 1048 3289 de
1074 3236 1228 3290 divite
1255 3247 1302 3291 et
1333 3253 1570 3306 paupere,
1604 3238 1672 3291 ad
1699 3239 1798 3292 ista
1829 3256 1928 3292 non
1971 3257 2087 3307 per-

513 3326 658 3386 tinet,
690 3341 906 3390 quorum
930 3329 975 3379 si
1003 3327 1113 3395 quis
1138 3343 1190 3380 in
1218 3345 1317 3380 uno
1341 3329 1629 3394 offenderit,
1664 3331 1751 3394 ﬁet
1797 3328 1889 3402 [aL
1922 3335 2087 3401 factus

511 3413 606 3483 est]
651 3416 874 3468 omnium
919 3432 1036 3468 reus
1059 3417 1084 3468 ?
1129 3419 1234 3471 Sed
1272 3420 1593 3472 recolendum
1619 3429 1712 3482 est,
1743 3420 1876 3474 unde
1901 3425 2087 3475 venerit

511 3508 606 3558 illa
654 3508 918 3572 sententia,
951 3517 996 3562 et
1019 3523 1131 3578 qua?
1154 3510 1296 3561 illam
1326 3512 1586 3579 superiora
1637 3513 1941 3580 pepererint,
1973 3515 2086 3579 qui-

509 3597 700 3666 busque
722 3614 948 3652 connexa
975 3601 1274 3670 dependeat.
1308 3600 1522 3656 Fratres
1551 3603 1652 3657 mei
1694 3604 1878 3671 nolite,
1901 3605 2084 3674 inquit,

511 3689 565 3740 in
596 3705 943 3756 personarum
976 3695 1288 3763 acceptione
1330 3694 1529 3750 habere
1558 3695 1715 3750 lldem
1752 3697 1961 3752 Domini
1991 3714 2086 3751 no-

509 3779 606 3831 stri
632 3778 758 3834 Jesu
793 3779 992 3836 Christi
1018 3783 1221 3851 gloriae.
1254 3784 1458 3838 Etenim
1488 3787 1531 3839 si
1564 3785 1829 3841 introierit
1865 3788 1917 3842 in
1957 3803 2085 3842 con-

511 3879 728 3923 ventum
753 3883 988 3926 vestrum
1011 3875 1094 3927 vir
1117 3876 1370 3928 annulum
1393 3891 1613 3930 aureum
1635 3878 1835 3932 habens
1861 3881 1913 3933 in
1941 3891 2086 3935 veste

511 3959 734 4014 candida
755 3965 780 4014 ':
815 3963 1080 4017 introierit
1103 3974 1278 4018 autem
1311 3977 1365 4020 et
1396 3981 1594 4035 panper
1621 3968 1672 4021 in
1719 3968 1939 4023 sordido
1986 3969 2085 4024 ba-

510 4051 645 4114 bitn,
694 4060 748 4105 et
771 4052 1057 4109 intendatis
1083 4055 1134 4108 in
1161 4072 1278 4110 eum
1305 4057 1392 4126 qui
1417 4057 1632 4112 indutus
1661 4067 1745 4112 est
1775 4067 1924 4114 veste
1953 4074 2087 4128 prae-

507 4143 675 4207 elnra,
705 4155 757 4196 et
785 4143 975 4198 dicatis
999 4146 1071 4209 ei,
1099 4145 1176 4199 'l‘u
1198 4147 1324 4201 sede
1355 4147 1439 4200 hic
1469 4149 1632 4212 bene;
1663 4149 1878 4218 pauperi
1905 4161 2082 4204 autem

507 4232 718 4296 dicatis,
801 4234 1010 4305 1016
1079 4235 1158 4288 Tn
1183 4248 1263 4290 sta
1287 4235 1413 4302 illic,
1437 4246 1549 4302 aut,
1573 4238 1700 4292 sede
1725 4238 1825 4292 sub
1848 4240 2086 4294 scabello

509 4321 706 4390 pedum
753 4338 1015 4389 meorum,
1064 4341 1242 4380 nonne
1263 4325 1514 4394 judicatis
1539 4328 1676 4396 apud
1705 4331 2085 4400 vosmetipsos,

505 4421 562 4465 ct
589 4410 711 4467 lacti
743 4414 873 4467 estis
891 4413 1099 4483 judices
1123 4416 1499 4484 cogitationum
1529 4418 1863 4488 iniquarum?
1888 4422 2085 4477 Audite

511 4506 614 4573 (a),
665 4503 860 4560 fratres
897 4508 1180 4571 carissimi,
1221 4522 1398 4562 nonne
1442 4509 1580 4564 Deus
1627 4510 1791 4580 elegit
1823 4527 2083 4582 pauperes

509 4599 564 4650 in
595 4597 698 4651 hoc
720 4597 938 4663 mundo,
962 4599 1155 4653 divites
1181 4601 1232 4653 in
1261 4601 1382 4665 lide,
1407 4611 1463 4656 et
1487 4602 1728 4658 Incrcdes
1746 4607 1914 4676 regni,
1938 4607 2082 4676 quod

507 4689 818 4756 repromisit
866 4688 1006 4742 Deus
1050 4689 1394 4759 diligentibus
1447 4692 1540 4746 se?
1571 4692 1676 4748 Vos
1701 4704 1880 4750 autem
1910 4699 2083 4751 exlio-

509 4779 744 4833 norastis
789 4793 1101 4848 pauperem,
1133 4791 1338 4850 propter
1363 4781 1511 4835 illum
1540 4784 1745 4848 scilicet,
1780 4787 1862 4838 cui
1887 4787 2081 4841 dictant

509 4877 582 4920 est
612 4881 632 4920 :
653 4866 732 4920 'l‘u
764 4879 844 4922 sta
877 4869 982 4922 illic
1013 4886 1026 4922 :
1055 4885 1169 4922 cum
1191 4871 1390 4924 habenti
1418 4875 1629 4928 anulum
1659 4892 1868 4930 aureum
1891 4879 2082 4931 dictum

507 4968 655 5021 esset,
698 4957 777 5013 Tu
808 4960 935 5015 sede
965 4960 1050 5015 hic
1092 4961 1249 5017 bene.
1277 4964 1351 5017 Ac
1374 4965 1556 5019 deinde
1580 4967 1821 5035 sequitur,
1854 4968 2082 5022 eamdem

505 5068 673 5118 ipsum
701 5053 996 5106 sententiam
1022 5054 1175 5109 latius
1200 5071 1424 5122 versans,
1457 5066 1505 5110 et
1531 5057 1796 5126 explicans
1825 5073 1843 5112 :
1866 5058 2077 5127 Nonne,

504 5143 687 5212 inquit,
731 5141 924 5198 divites
967 5159 1062 5213 per
1092 5147 1381 5213 potentiam
1412 5148 1722 5216 opprimunt
1746 5163 1863 5215 vos,
1895 5157 1950 5204 et
1975 5160 2083 5204 tra-

507 5231 644 5287 hunt
672 5233 736 5286 ad
761 5233 994 5303 judicia?
1021 5233 1210 5290 Nonne
1229 5237 1329 5307 ipsi
1357 5236 1730 5308 blasphemant
1756 5241 1954 5295 bonum
1980 5255 2079 5296 noo

507 5338 654 5390 men,
696 5325 836 5394 quod
869 5327 1170 5384 invocatum
1196 5337 1279 5384 est
1305 5343 1466 5397 super
1495 5329 1633 5383 vos?
1660 5330 1716 5386 Si
1755 5331 1970 5400 quidem
2001 5333 2081 5389 lc-

505 5431 626 5485 gem
652 5417 904 5486 periicitis
934 5421 1164 5489 regalem
1195 5419 1486 5473 secundum
1509 5419 1857 5488 Scripturam,
1881 5423 2080 5494 Diliges

509 5506 810 5575 proximum
840 5518 984 5563 tuum
1013 5511 1150 5563 sicut
1175 5511 1426 5578 teipsum,
1451 5508 1785 5563 benefacitis.
1815 5511 1870 5566 Si
1897 5523 2076 5569 autem

505 5597 748 5668 accipitis
794 5613 1073 5668 personas,
1101 5610 1375 5670 peccatum
1406 5599 1724 5668 operamini,
1753 5602 2025 5672 redarguti
2049 5621 2082 5659 a

571 5737 644 5804 tu)
677 5735 843 5788 Penes
885 5735 1105 5786 Martiae.
1157 5743 1209 5788 et
1249 5735 1435 5787 Erasm.
1503 5737 1698 5787 Fratres
1733 5737 1828 5790 mei
1865 5735 2077 5791 dilectis-

506 5808 632 5848 αιηι.

1851 371 2096 430 SANCTI
2133 369 2509 428 llIERONYll

2223 485 2364 557 Lege
2391 489 2540 558 quasi
2572 497 3011 561 transgressores.
3029 493 3154 548 Vide
3189 499 3604 562 quemadmodum
3633 515 3796 562 trans-

2218 594 2471 649 gressores
2498 580 2623 650 legis
2651 583 2899 651 appellat,
2922 587 3010 652 qui
3038 587 3210 640 dicunt
3239 588 3399 656 diviti,
3431 591 3576 650 Sede
3611 593 3717 662 hic,
3745 609 3797 653 et

2218 669 2452 738 pauperi,
2493 669 2586 724 Sta
2630 670 2760 726 illic.
2792 670 2865 746 (ὁ)
2900 673 3048 730 Unde
3073 693 3138 731 ne
3166 687 3402 746 putarent
3425 688 3797 755 contemptibile

2217 773 2325 811 esse
2353 769 2638 827 peccatum,
2670 762 2728 814 in
2763 762 2860 816 hac
2899 779 3002 818 una
3029 781 3086 820 re
3109 764 3294 838 Legem
3320 775 3627 843 transgredi,
3654 792 3794 830 secu-

2215 857 2296 901 tus
2334 848 2575 918 adiunxit
2609 867 2630 904 :
2670 852 3004 924 Quicumque
3042 864 3207 912 totam
3249 858 3447 931 Legem
3477 867 3790 933 servaverit.

2214 937 2451 995 otl‘endat
2493 951 2669 997 autem
2699 943 2752 998 in
2783 959 2906 1010 uno,
2952 947 3121 1003 factus
3144 960 3227 1004 est
3253 955 3493 1010 omnium
3518 971 3666 1012 reus.
3693 958 3794 1026 Qui

2213 1030 2360 1085 enim
2389 1031 2544 1098 dixit,
2575 1032 2690 1089 Non
2720 1035 3099 1103 machaberis,
3138 1039 3275 1096 dixit
3303 1052 3386 1109 et,
3412 1044 3528 1101 Non
3557 1047 3790 1104 occides.

2213 1123 2367 1188 Quod
2397 1123 2442 1178 si
2473 1139 2580 1179 non
2607 1127 2808 1184 occidis
2839 1127 2931 1201 [aL
2979 1131 3220 1206 occides],
3267 1137 3553 1194 mmcliaris
3587 1150 3787 1212 autem,

2214 1213 2384 1268 factus
2406 1228 2467 1268 es
2495 1225 2861 1286 transgressor
2884 1219 3076 1290 Legis;
3100 1235 3304 1294 propter
3326 1227 3383 1280 id
3406 1228 3544 1298 quod
3567 1230 3786 1300 dixerat,

2213 1302 2499 1374 Redarguti
2527 1320 2557 1359 a
2583 1307 2746 1378 Lege,
2774 1313 2926 1379 quasi
2959 1322 3399 1384 transgressores.
3430 1317 3560 1384 Quae
3582 1336 3699 1376 eum
3719 1323 3791 1377 ita

2212 1394 2336 1459 sint,
2367 1411 2676 1466 consequens
2703 1401 2922 1468 videtur,
2953 1402 3074 1471 (nisi
3099 1406 3203 1460 alio
3228 1407 3378 1460 modo
3403 1409 3790 1481 intelligendum

2211 1489 2548 1561 ostendatur,)
2576 1504 2631 1545 ut
2655 1495 2742 1562 qui
2770 1495 2953 1549 dixerit
2980 1496 3144 1565 diviti,
3175 1498 3314 1556 Sede
3343 1499 3450 1564 hic,
3477 1511 3524 1558 et
3552 1509 3786 1572 pauperi,

2212 1578 2303 1632 Sta
2345 1579 2472 1644 illic,
2505 1582 2626 1635 huic
2667 1583 2740 1657 (c)
2768 1601 2870 1640 non
2897 1587 3160 1654 honorem,
3187 1605 3334 1658 quem
3358 1591 3438 1646 illi
3461 1593 3713 1664 deferens,
3740 1607 3787 1650 et

2211 1669 2504 1736 idololatra,
2527 1682 2575 1724 et
2594 1672 2939 1744 blasphemus,
2959 1685 3007 1731 et
3031 1679 3252 1747 adulter,
3279 1691 3329 1735 et
3353 1682 3628 1754 homicida,
3655 1694 3702 1740 et
3726 1704 3791 1743 ne

2210 1759 2378 1828 (quod
2405 1763 2613 1832 longum
2642 1768 2752 1836 est)
2779 1778 2963 1822 cuncta
2985 1786 3388 1841 commemorem,
3415 1792 3532 1830 reus
3560 1780 3785 1834 omnium

2210 1853 2475 1907 criminum
2496 1857 2812 1925 jndieandus
2856 1861 2943 1913 sit.
2989 1859 3278 1919 Olfendens
3313 1866 3498 1936 quippe
3533 1867 3590 1922 in
3634 1884 3740 1925 uno
3765 1911 3780 1937 ,

2210 1943 2381 1998 tactus
2405 1956 2486 2000 est
2512 1950 2749 2003 omnium
2775 1965 2920 2006 reus.

2278 2037 2334 2090 4.
2374 2039 2440 2089 At
2479 2043 2612 2093 enim
2653 2044 2742 2112 qui
2768 2060 2924 2099 unam
2951 2047 3177 2102 virtutem
3223 2051 3386 2118 habet,
3414 2069 3586 2109 omnes
3613 2055 3780 2125 habet,

2207 2135 2254 2178 et
2281 2128 2364 2196 qui
2393 2143 2549 2182 uuam
2587 2147 2688 2186 non
2730 2133 2898 2200 habet,
2943 2138 3142 2191 nullam
3180 2139 3346 2196 habet.
3384 2141 3498 2196 Hoc
3527 2145 3573 2198 si
3613 2161 3783 2201 verum

2207 2226 2300 2282 est,
2332 2221 2664 2286 conﬁrmatur
2707 2226 2802 2278 ista
2841 2229 3110 2282 sententia.
3161 2229 3269 2286 Sed
3313 2249 3405 2304 ego
3445 2251 3557 2288 eam
3599 2240 3783 2307 exponi

2207 2307 2340 2374 volo,
2369 2325 2468 2364 non
2495 2314 2808 2382 conﬁrmari,
2848 2334 2963 2387 qute
2987 2336 3078 2388 per
3097 2322 3316 2392 seipsam
3339 2327 3482 2395 apud
3506 2343 3597 2382 nos
3620 2335 3782 2384 omni-

2208 2402 2301 2456 bus
2342 2404 2762 2474 philosophorum
2791 2414 3172 2470 auctoritatibus
3198 2417 3395 2484 firmior
3423 2429 3515 2472 est.
3548 2418 3616 2473 Et
3652 2422 3783 2476 illud

2205 2493 2409 2560 quidem
2437 2496 2500 2549 de
2523 2498 2808 2566 virtutibus,
2837 2511 2886 2555 et
2910 2504 3064 2568 vitiis,
3092 2506 3139 2559 si
3162 2509 3406 2562 veraciter
3432 2511 3638 2576 dicitur,
3680 2531 3781 2567 non

2205 2593 2277 2636 est
2301 2601 2629 2658 consequens,
2652 2601 2706 2644 ut
2727 2603 2933 2662 prapter
2954 2597 3048 2648 hoc
3068 2597 3238 2651 omnia
3265 2610 3470 2666 peccata
3487 2605 3588 2655 sint
3609 2607 3774 2673 paria.

2208 2674 2344 2729 Nam
2372 2678 2501 2732 illud
2526 2681 2589 2733 de
2606 2681 3033 2752 inseparabilitate
3055 2689 3318 2756 virtutum,
3341 2689 3421 2762 (d)
3447 2692 3545 2745 nisi
3565 2693 3778 2762 forsitan

2202 2764 2377 2834 fallor,
2426 2778 2589 2823 tamen
2630 2773 2673 2824 si
2696 2787 2866 2826 verum
2891 2777 3114 2842 memini,
3142 2779 3277 2845 quod
3305 2781 3389 2834 vix
3415 2783 3640 2849 memini,
3669 2799 3777 2838 om-

2201 2858 2345 2911 nibus
2365 2861 2680 2928 phitosorihis
2705 2866 2915 2932 placuit,
2998 2869 3205 2940 1017
3275 2872 3365 2938 qui
3386 2874 3589 2927 easdem
3623 2876 3780 2928 virtu-

2201 2957 2294 3015 tes,
2319 2953 2530 3020 agendte
2556 2955 2670 3009 vita
2697 2960 3005 3012 necessarius
3032 2976 3138 3014 esse
3173 2962 3429 3018 dixerunt.
3475 2963 3591 3019 Hoc
3613 2978 3777 3022 autem

2199 3039 2264 3092 de
2289 3042 2549 3110 parilitate
2573 3056 2892 3114 peccatorum
2918 3051 3015 3104 soli
3041 3049 3202 3106 Stoici
3239 3056 3350 3108 ausi
3374 3066 3492 3109 sunt
3517 3057 3780 3126 disputare

2199 3142 2376 3185 contra
2406 3150 2603 3189 onmem
2642 3154 2844 3192 sensum
2887 3142 3081 3210 generis
3131 3145 3380 3209 humani;
3424 3163 3576 3216 quam
3602 3165 3776 3203 eorum

2204 3227 2472 3280 vanitatem
2495 3230 2546 3281 in
2574 3229 2848 3286 loviniano
2874 3234 2965 3288 illo
2987 3235 3072 3304 qui
3096 3237 3147 3290 in
3179 3237 3272 3290 hac
3297 3242 3541 3294 sententia
3569 3241 3775 3297 Stoicus

2199 3325 2328 3383 erat,
2359 3318 2411 3370 in
2450 3322 2764 3388 aucupandis
2803 3334 2971 3378 autem
2997 3335 3044 3379 et
3067 3328 3388 3396 defensandis
3411 3331 3770 3400 voluptatibus,

2200 3407 2504 3475 Epicureus,
2533 3411 2595 3463 de
2633 3411 2915 3483 Scripturis
2952 3418 3140 3470 sanctis
3166 3417 3536 3474 dilucidissime
3558 3423 3774 3477 convici-

2197 3500 2259 3552 sti
2286 3501 2484 3572 (contra
2519 3500 2782 3556 Jovinian.
2813 3505 2902 3558 lib.
2929 3505 3006 3576 2).
3035 3505 3103 3560 1η
3125 3525 3224 3577 qua
3254 3521 3339 3562 tua
3365 3512 3666 3566 suavissima
3685 3555 3698 3577 ,
3726 3523 3772 3568 et

2197 3592 2589 3659 prtectarissima
2608 3595 2948 3663 disputatione
2974 3599 3097 3651 satis
3119 3599 3369 3653 evidenter
3389 3604 3650 3670 apparuit,
3673 3621 3771 3658 non

2197 3683 2450 3750 placuisse
2486 3686 2780 3738 auctoribus
2825 3689 3032 3751 nostris,
3078 3690 3156 3742 vel
3183 3691 3280 3754 ipsi
3320 3693 3491 3760 potius
3531 3709 3647 3762 qute
3686 3711 3774 3763 per

2195 3788 2279 3826 eos
2303 3773 2470 3826 locuta
2496 3784 2588 3840 cst,
2619 3776 2835 3839 veritati,
2869 3778 3040 3830 omnia
3069 3795 3172 3832 esse
3194 3781 3339 3848 paria
3358 3792 3583 3852 peccata.
3631 3781 3770 3848 Quo-

2195 3863 2344 3916 modo
2369 3874 2534 3918 autem
2577 3865 2690 3933 ﬁeri
2737 3869 2915 3936 possit,
2950 3878 3004 3920 ut
3046 3871 3196 3922 etiam
3235 3871 3280 3924 si
3306 3871 3400 3924 hoc
3423 3871 3486 3926 de
3509 3873 3770 3928 virtutibus

2195 3970 2362 4008 verum
2387 3965 2481 4022 est,
2521 3971 2622 4009 non
2651 3967 2818 4010 tamen
2846 3959 2961 4011 ideo
2989 3975 3228 4030 c0gamur
3253 3963 3403 4032 fateri
3437 3965 3770 4033 (equalitatem

2195 4047 2419 4100 omnium
2465 4057 2808 4116 peccatorum,
2836 4061 3079 4120 quantum
3111 4069 3338 4121 possum,
3365 4055 3641 4124 adjuvante
3665 4056 3769 4110 Do-

2193 4139 2354 4203 mino,
2383 4140 2584 4209 aperire
2620 4142 2860 4199 conabor.
2905 4143 3053 4210 Quod
3092 4145 3136 4199 si
3175 4145 3407 4214 effecero,
3441 4148 3763 4220 approbabis,

2192 4228 2276 4282 ubi
2300 4244 2414 4283 vero
2452 4247 2621 4286 causa:
2643 4231 2870 4301 defuero,
2902 4244 2955 4289 tu
2977 4237 3253 4306 supplebis.

2262 4321 2315 4375 5.
2343 4320 2593 4376 Virtutum
2612 4327 3030 4382 autenm—Certe
3040 4331 3159 4383 hinc
3176 4333 3496 4399 persuadent,
3513 4336 3600 4405 qui
3615 4352 3768 4391 unam

2190 4410 2418 4464 virtutem
2431 4411 2682 4481 habuerit,
2705 4415 2890 4470 habere
2908 4434 3101 4487 omnes,
3123 4431 3172 4474 et
3193 4438 3362 4478 omnes
3380 4424 3548 4482 deesse
3567 4427 3649 4481 cui
3663 4443 3768 4484 una

2191 4501 2406 4571 defuerit
2426 4503 2597 4572 ;quod
2616 4505 2888 4574 prudentia
2915 4525 3005 4563 nec
3031 4511 3234 4580 ignava,
3267 4529 3356 4568 nec
3375 4515 3565 4586 injusta
3585 4534 3675 4572 nec
3694 4519 3767 4573 in-

2191 4602 2472 4660 temperans
2491 4603 2650 4663 potest
2669 4611 2776 4650 esse
2796 4613 2815 4662 ;
2837 4615 2956 4652 nam
2972 4601 3018 4654 si
3046 4602 3242 4673 aliquid
3257 4605 3434 4658 horum
3454 4607 3628 4675 fuerit,
3643 4625 3766 4679 pru-

2191 4687 2359 4740 dentia
2389 4704 2489 4740 non
2524 4688 2634 4742 erit.
2667 4689 2828 4745 Porro
2850 4692 2896 4745 si
2924 4695 3192 4764 prudentia
3216 4707 3333 4750 tunc
3365 4699 3480 4763 erit,
3509 4701 3556 4754 si
3580 4711 3628 4756 et
3655 4705 3766 4773 for-

2193 4781 2275 4842 tis,
2302 4789 2348 4831 et
2367 4780 2531 4847 justa,
2555 4789 2600 4834 et
2627 4791 2909 4851 temperans
2933 4785 3020 4849 sit,
3046 4788 3273 4856 profecto
3297 4788 3379 4840 ubi
3401 4790 3575 4859 fuerit,
3598 4809 3768 4848 secum

2193 4871 2336 4922 habet
2361 4881 2587 4926 ceteras.
2621 4872 2710 4928 Sic
2739 4884 2786 4927 et
2813 4876 3058 4944 fortitudo
3082 4878 3376 4948 imprudens
3399 4897 3507 4935 esse
3540 4900 3642 4938 non
3669 4901 3766 4954 po-

2193 4970 2282 5013 test
2329 4962 2404 5014 vel
2457 4963 2799 5034 intemperans
2841 4967 2920 5020 vel
2957 4968 3168 5037 injusta.
3218 4969 3310 5024 Sic
3353 4981 3400 5024 et
3435 4976 3766 5043 temperantia

2189 5069 2386 5106 necesse
2405 5063 2496 5117 est,
2524 5065 2578 5106 ut
2609 5056 2829 5124 prudens
2859 5059 3002 5125 fortis
3035 5066 3081 5111 et
3105 5059 3252 5128 justa
3277 5062 3359 5113 sit.
3387 5059 3478 5114 Sic
3503 5071 3550 5116 et
3567 5063 3765 5132 iustitia

2190 5161 2290 5198 non
2319 5153 2411 5212 est,
2447 5145 2544 5198 nisi
2569 5149 2631 5198 sit
2662 5146 2904 5214 prudens,
2946 5148 3113 5215 fortis,
3149 5159 3198 5203 et
3235 5159 3539 5220 temperans.
3576 5151 3663 5206 Ita
3692 5154 3762 5223 (e)

2190 5236 2275 5288 ubi
2295 5243 2366 5288 est
2405 5250 2509 5288 una
2546 5251 2661 5288 vera
2697 5237 2870 5306 aliqua
2904 5254 3102 5306 earum,
3131 5248 3181 5292 et
3208 5239 3327 5294 alia:
3364 5241 3598 5296 similiter
3624 5252 3761 5298 sunt.

2251 5372 2323 5433 (ὸ)
2357 5369 2494 5436 Apud
2517 5368 2867 5421 Bcnedictinos
2893 5371 3042 5435 ride,
3075 5378 3297 5436 typorum
3320 5379 3516 5435 tamen,
3548 5382 3599 5427 ut
3625 5375 3769 5429 vide-

2191 5432 2718 5560 lull'cfnflljiggdnjmiani
2742 5493 2959 5560 editores
2974 5529 2988 5555 ,
3018 5512 3042 5540 ι
3057 5495 3172 5544 huic
3187 5494 3476 5560 ampliorem
3498 5496 3736 5550 honorem
3751 5534 3767 5560 ,

2189 5552 2334 5618 quam
2367 5552 2437 5602 illi
2459 5552 2706 5604 deferens.
2725 5572 2748 5599 ν
2777 5552 3098 5619 Scripsissent
3132 5552 3306 5606 saltem
3328 5557 3505 5610 ordine
3542 5552 3766 5622 inverso;

2197 5636 2221 5663 ι
2243 5615 2317 5666 Illi
2340 5613 2620 5668 ampliorem
2643 5615 2896 5668 honorem.
2918 5632 3062 5668 uuam
3086 5618 3217 5668 huic.
3241 5633 3265 5662 ιι
3296 5625 3395 5668 etc.

2197 5617 2221 5663 ἀ
2243 5617 2317 5666 Illi
2340 5617 2620 5675 ampliorem
2643 5617 2900 5676 honorem,
2918 5632 3062 5680 quam
3086 5618 3217 5678 huic,
3241 5633 3265 5662 ι
3296 5625 3395 5668 etc.

2252 5675 2332 5742 (d)
2357 5675 2697 5742 _l_3ened_ict_in_is
2717 5677 2917 5742 placuit,
2940 5679 3029 5731 etsi
3049 5677 3268 5742 forsittui,
3294 5685 3393 5730 etc.

2256 5728 2326 5805 (ei
2357 5735 2696 5805 Benedictin_i__,
2718 5728 2801 5788 'ita
2835 5728 2918 5791 ubi
2941 5728 3061 5793 {ad
3074 5728 3144 5794 est
3178 5728 3342 5804 aliqua
3357 5728 3535 5794 eorum
3551 5779 3566 5805 ,
3593 5752 3692 5796 ctc.
3719 5753 3768 5796 ct

2193 5798 2334 5863 paulo
2356 5804 2478 5859 post,
2499 5809 2609 5848 vera
2631 5798 2715 5849 illa
2738 5814 2829 5850 mn
2853 5810 2941 5853 icit.
