4080 6340
279 402 414 460 Hii

283 517 382 574 Ubi
415 524 582 572 autem
617 514 735 572 alite
766 515 967 582 desunt,
990 529 1106 570 vera
1126 528 1228 569 una
1257 513 1350 570 illa
1377 528 1479 570 non
1505 522 1601 582 est,
1628 515 1782 570 etiam
1807 515 1854 570 si

277 613 450 680 aliquo
477 609 626 665 modo
652 610 832 664 similis
857 624 961 664 esse
985 607 1240 662 videatur.

350 703 404 758 6.
429 700 566 755 Vitia
585 701 873 770 manifesta,
894 707 942 753 et
966 697 1200 768 palliata.
1218 727 1291 738 —
1306 696 1440 752 Sunt
1466 696 1619 760 enim,
1643 706 1704 757 ut
1720 695 1845 760 scis,

277 793 513 862 qua‘dam
538 791 658 844 vitia
683 790 946 843 virtutibus
966 798 1144 858 aperta
1169 787 1468 841 discretione
1494 786 1768 851 contraria,
1795 794 1852 840 ut

276 883 622 956 imprudentia
658 881 957 949 prudentiae.
1000 878 1134 934 Sunt
1171 887 1338 931 autem
1376 877 1609 947 quadam
1655 885 1851 928 tantum

269 977 397 1048 quia
426 974 547 1028 vitia
581 982 717 1035 sunt,
753 973 866 1024 ideo
909 970 1184 1028 contraria.
1224 967 1445 1036 quadam
1481 976 1648 1020 tamen
1686 966 1853 1036 specie

275 1066 454 1136 fallaci
481 1063 691 1123 similia,
729 1072 785 1116 ut
821 1062 982 1115 eidem
1023 1060 1306 1130 prudentiae
1345 1075 1446 1112 non
1482 1058 1849 1127 imprudentia,

274 1157 367 1211 sed
390 1156 596 1208 astutia.
621 1152 775 1206 Nunc
809 1153 943 1205 enim
966 1167 1077 1204 eam
1111 1151 1225 1203 dico
1260 1149 1520 1208 astutiam.
1555 1163 1668 1215 quae
1692 1149 1854 1201 usita-

275 1249 378 1301 tius
402 1247 455 1299 iu
485 1244 750 1298 malitiosis
776 1242 989 1311 intelligi
1012 1250 1058 1295 et
1088 1239 1257 1294 vocari
1278 1240 1440 1304 solet;
1471 1255 1572 1293 non
1604 1238 1729 1292 sicut
1758 1253 1856 1293 no-

273 1347 384 1392 stra
409 1336 548 1406 loqui
583 1335 854 1404 Scriptura
889 1331 1163 1396 consuevit,
1198 1346 1316 1402 qua
1351 1345 1486 1399 sape
1521 1332 1760 1384 astutiam
1794 1329 1854 1384 in

274 1427 407 1480 bono
434 1425 595 1491 ponit.
631 1423 796 1483 Unde.
823 1432 996 1478 estote
1023 1422 1205 1486 astuti,
1236 1431 1296 1475 ut
1323 1430 1601 1491 serpentes
1631 1420 1851 1490 (Matth.

274 1518 364 1572 10.
416 1515 551 1584 16);
597 1524 645 1568 et
690 1513 819 1566 illud
854 1512 924 1568 Ut
961 1521 1016 1567 et
1055 1511 1432 1566 innocentibus
1469 1510 1559 1566 det
1599 1511 1849 1565 astutiam

275 1607 464 1680 (Prov.
496 1608 548 1661 1.
575 1607 658 1672 4).
702 1603 1008 1675 Quanquam
1050 1611 1097 1656 et
1130 1602 1272 1668 apud
1314 1600 1430 1655 illos
1469 1601 1714 1656 Romana
1751 1599 1855 1654 lin-

272 1713 388 1768 θυαε
411 1695 486 1768 (a)
514 1695 872 1749 disertissimus
893 1693 1076 1747 dixerit
1102 1707 1122 1746 :
1147 1691 1330 1761 Neque
1357 1691 1433 1744 illi
1461 1699 1638 1745 tamen
1665 1689 1733 1744 ad
1757 1705 1851 1745 ca-

271 1788 508 1844 vendum
550 1786 707 1841 dolus
747 1793 841 1838 aut
867 1783 1061 1838 astutia
1091 1781 1346 1847 deerant;
1376 1782 1617 1834 astutiam
1659 1796 1853 1849 ponens

269 1882 325 1935 in
353 1880 506 1945 bono,
536 1878 625 1933 sed
662 1875 800 1946 apud
835 1875 952 1930 illos
977 1875 1314 1938 rarissimum,
1345 1873 1484 1944 apud
1513 1883 1713 1928 nostros
1736 1873 1848 1941 fre-

270 1970 656 2043 quentissimum
697 1976 790 2022 est.
830 1965 1057 2033 Itemque
1099 1966 1151 2018 in
1195 1965 1422 2034 partibus
1464 1967 1846 2034 temperantiae,

272 2061 610 2132 apertissimte
645 2058 902 2113 contraria
933 2065 1005 2111 est
1045 2055 1226 2122 e/fusio
1254 2055 1597 2123 parcimonite.
1623 2053 1702 2108 Ea
1733 2070 1850 2110 vero

269 2166 388 2221 qua:
409 2149 652 2204 tenacitas
676 2147 777 2202 dici
805 2146 959 2218 vulgo
986 2147 1131 2206 solet.
1161 2144 1334 2198 vitium
1387 2144 1598 2215 1018
1651 2145 1851 2214 quidem

271 2250 366 2308 est,
391 2250 560 2294 tamen
607 2237 936 2308 parcimonite
972 2234 1158 2299 simile,
1197 2249 1300 2286 non
1339 2241 1543 2295 natura,
1577 2233 1666 2286 sed
1697 2234 1851 2304 falla.

270 2335 478 2390 cissima
498 2333 684 2401 specie.
710 2328 842 2382 ltcm
871 2325 1282 2381 dissimilitudine
1305 2326 1574 2394 manifesta
1594 2327 1851 2380 contraria

273 2435 351 2477 est
375 2422 626 2492 injustitia
651 2419 888 2488 justitite.
926 2415 1071 2472 Solet
1103 2425 1267 2470 autem
1303 2417 1447 2484 quasi
1472 2415 1663 2468 imitari
1690 2416 1849 2484 justi-

273 2515 400 2568 tiam
425 2511 715 2565 vindicandi
735 2525 788 2562 se
816 2508 992 2572 libido,
1031 2507 1118 2561 sed
1138 2507 1311 2561 vitium
1336 2515 1426 2561 est.
1468 2505 1682 2575 Ignavia
1706 2508 1855 2577 forti-

275 2603 440 2658 tudini
466 2603 726 2674 perspicue
753 2600 1009 2653 contraria
1038 2606 1112 2652 est
1139 2613 1158 2651 :
1188 2597 1376 2650 duritia
1413 2611 1529 2652 vero
1566 2597 1718 2652 distat
1756 2613 1850 2651 na-

276 2703 432 2757 tura,
492 2691 630 2760 fallit
687 2687 1038 2743 similitudine.
1096 2687 1389 2741 Constantia
1444 2703 1565 2757 pars
1615 2688 1849 2756 quaedam

272 2783 476 2837 virtutis
511 2790 604 2847 est,
642 2782 704 2834 ab
732 2780 828 2834 hac
855 2780 1194 2834 inconstantia
1230 2780 1380 2850 longe
1413 2779 1666 2846 abhorret,
1696 2790 1742 2834 et
1775 2781 1848 2834 in-

274 2875 424 2929 dubie
451 2874 756 2927 contrasistit
782 2889 801 2926 :
828 2871 1106 2942 pertinacia
1130 2887 1244 2926 vero
1271 2873 1555 2926 constantia
1578 2872 1681 2925 dici
1708 2871 1850 2938 affe-

273 2975 398 3029 ctat,
445 2977 491 3019 et
535 2982 635 3019 non
676 2973 782 3032 est,
823 2963 944 3034 quia
990 2962 1084 3017 illa
1122 2973 1193 3017 est
1221 2965 1397 3030 virtus,
1442 2963 1538 3018 hoc
1576 2961 1670 3035 [aL
1716 2962 1847 3036 hazc]

271 3059 470 3114 vitium.

328 3150 382 3202 7.
434 3147 503 3202 Ut
541 3165 658 3219 ergo
694 3163 796 3203 non
850 3149 1034 3202 iterum
1069 3147 1177 3201 haec
1235 3147 1410 3202 eadem
1459 3163 1850 3202 commemorare

270 3255 473 3294 necesse
496 3239 582 3303 sit,
609 3239 827 3308 exempli
847 3242 1013 3309 gratia
1047 3255 1296 3308 ponamus
1317 3240 1532 3310 aliquid,
1556 3240 1691 3293 unde
1723 3256 1846 3309 pos-

270 3333 373 3386 sint
393 3343 570 3384 cattera
590 3329 821 3398 intelligi,
849 3329 1090 3394 Catilina,
1117 3340 1170 3382 ut
1192 3331 1256 3382 de
1289 3331 1379 3384 illo
1405 3331 1715 3399 scripserunt
1739 3329 1840 3402 (b),

270 3423 361 3492 qui
385 3438 530 3500 nosse
550 3429 837 3492 patuerunt,
869 3421 1053 3491 frigus,
1081 3422 1237 3485 sitim,
1263 3421 1447 3488 famem
1475 3425 1606 3490 ferre
1625 3433 1842 3490 poterat,

269 3521 476 3580 eratque
501 3511 693 3582 patiens
713 3512 916 3576 inedita,
941 3512 1149 3580 algoris,
1181 3513 1366 3581 vigilia:
1383 3527 1540 3579 supra
1564 3528 1714 3580 quam
1738 3513 1846 3566 cui-

268 3618 424 3673 quam
451 3600 686 3653 credibile
712 3609 804 3662 est,
831 3615 892 3652 ac
929 3616 1016 3668 per
1056 3601 1168 3665 hoc,
1209 3610 1255 3653 et
1290 3600 1402 3663 sibi,
1444 3609 1489 3654 et
1522 3602 1628 3656 suis
1661 3618 1846 3672 magna

269 3690 519 3764 praditus
544 3689 838 3757 fortitudine
861 3689 1140 3742 videbatur.
1169 3689 1274 3742 Sed
1307 3689 1413 3742 luec
1451 3689 1696 3756 fortitudo
1724 3708 1848 3759 pru-

268 3784 398 3836 dens
413 3798 518 3834 non
541 3788 668 3842 erat,
692 3779 828 3831 mala
845 3779 977 3831 enim
999 3795 1090 3848 pro
1113 3779 1252 3832 bonis
1285 3777 1512 3848 eligebat.
1538 3778 1845 3847 Temperans

272 3889 376 3927 non
407 3879 535 3937 erat,
564 3869 859 3931 corruptelis
881 3868 1013 3921 enim
1038 3868 1339 3937 turpissimis
1363 3867 1665 3937 fwdabatur.
1695 3867 1845 3922 Justa

269 3979 375 4016 non
401 3970 529 4026 erat,
553 3977 671 4014 nam
691 3968 866 4014 contra
891 3959 1107 4027 patriam
1131 3957 1497 4027 conjuraverat.
1533 3957 1595 4009 Et
1623 3959 1736 4011 ideo
1755 3975 1844 4013 nec

271 4051 521 4124 fortitudo
545 4060 672 4115 erat,
691 4050 778 4104 sed
803 4049 991 4102 duritia
1009 4049 1124 4113 sibi,
1145 4058 1202 4100 ut
1225 4048 1405 4101 stultos
1423 4047 1642 4116 falleret,
1663 4065 1845 4103 nomen

270 4144 584 4216 fortitudinis
636 4143 942 4212 imponebat.
989 4139 1130 4194 Nam
1179 4141 1225 4193 si
1263 4140 1508 4208 fortitudo
1552 4150 1696 4201 esset.
1744 4157 1843 4194 non

269 4237 470 4299 vitium,
494 4235 584 4290 sed
610 4234 769 4287 virtus
787 4241 934 4288 esset.
959 4231 1019 4286 Si
1039 4240 1204 4284 autem
1234 4231 1393 4284 virtus
1419 4238 1566 4296 esset,
1598 4247 1628 4283 a
1653 4233 1844 4286 caeteris

270 4327 536 4381 virtutibus
559 4334 799 4396 tanquam
831 4321 1250 4393 inseparabilibus
1273 4321 1536 4376 comitibus
1586 4338 1845 4393 nunquam

269 4420 651 4489 relinqueretur.

345 4509 400 4563 8.
443 4507 762 4577 Quapropter
786 4505 910 4560 dum
933 4505 1174 4572 queritur
1199 4505 1352 4559 etiam
1385 4503 1448 4558 de
1476 4504 1631 4570 vitiis,
1672 4515 1846 4559 utrum

270 4601 385 4672 ipsa
405 4599 634 4651 similiter
658 4599 827 4651 omnia
850 4597 968 4663 sint,
995 4597 1081 4650 ubi
1099 4612 1257 4650 unum
1281 4597 1375 4649 erit
1399 4612 1416 4660 ,°
1441 4605 1531 4649 aut
1557 4597 1702 4650 nulla
1720 4597 1840 4663 sint,

271 4690 361 4743 ubi
397 4705 552 4741 unum
586 4704 685 4740 non
723 4689 835 4752 erit,
877 4687 1181 4740 laboriosum
1221 4697 1292 4740 est
1329 4687 1384 4740 id
1409 4689 1688 4750 ostendere,
1722 4704 1842 4756 pro-

273 4791 442 4854 pterea
476 4778 595 4849 quia
631 4778 718 4830 uni
756 4777 927 4830 virtuti
949 4777 1050 4828 duo
1071 4777 1186 4828 vitia
1209 4777 1396 4845 opponi
1423 4778 1603 4840 solent,
1635 4786 1682 4829 et
1713 4776 1845 4844 quod

271 4881 446 4941 aperte
493 4869 801 4922 contrarium
850 4875 951 4932 est,
1003 4874 1050 4918 et
1097 4865 1232 4935 quod
1278 4866 1443 4934 specie
1490 4865 1838 4919 similitudinis

272 4963 622 5017 adumbratur.
656 4956 803 5013 Unde
832 4957 904 5028 (c)
929 4957 1019 5010 illa
1046 4955 1294 5020 Catilinas,
1323 4955 1443 5024 quia
1461 4954 1704 5024 fortitudo
1744 4970 1844 5007 non

273 5063 399 5117 erat,
429 5066 541 5119 qute
567 5056 710 5114 esset,
739 5064 853 5102 cum
889 5061 1058 5100 secum
1082 5045 1285 5098 virtutes
1321 5043 1448 5096 alias
1476 5058 1574 5096 non
1609 5042 1842 5109 habebat,

273 5144 476 5214 facilius
497 5139 775 5194 videbatur.
809 5137 954 5202 Quod
980 5151 1096 5190 vero
1117 5133 1316 5204 ignavia
1343 5131 1516 5201 fuerit,
1547 5131 1630 5185 ubi
1652 5132 1842 5186 mrci-

275 5235 398 5288 tatio
423 5231 664 5298 quaslibet
700 5227 1016 5300 gravissimas
1060 5225 1313 5278 molestias
1349 5221 1657 5292 perpetiendi
1695 5231 1845 5291 atque

275 5323 540 5388 tolerandi,
569 5335 724 5389 supra
746 5333 900 5388 quam
922 5317 1154 5385 cuiquam
1177 5314 1411 5369 credibile
1435 5323 1528 5380 est,
1555 5311 1676 5383 fuit,
1708 5326 1844 5382 aegre

335 5498 421 5566 (a).
444 5493 703 5566 Sallustius
737 5495 786 5544 in
815 5491 1016 5566 Catilina
1037 5490 1335 5566 camilli“.
1357 5492 1484 5554 apud
1504 5503 1654 5556 quem
1675 5499 1840 5544 tamen

277 5553 356 5610 est
378 5553 585 5610 tilurium
606 5568 810 5605 numero
831 5553 1018 5604 astutia:
1042 5553 1256 5602 deerant.

340 5574 585 5668 ignauum
606 5574 810 5628 numen}
827 5574 1018 5626 tutatus:
1042 5574 1256 5602 uectum.
1517 5612 1528 5624 .
1646 5612 1658 5622 Ι
1765 5611 1776 5622 ⁸

340 5621 412 5686 (Α)
445 5618 582 5686 Idem
616 5616 681 5686 de
704 5614 906 5667 Catilina
939 5625 1044 5675 cap.
1081 5611 1154 5686 ν..
1179 5610 1836 5686 sCorpusyatlensmedia,

275 5673 490 5741 uigiliae,
513 5677 716 5741 algoris,
741 5673 1062 5741 sulaa_qua'm_
1080 5673 1259 5741 cuique
1292 5673 1703 5741 dredipile_est,‘i
1735 5681 1834 5741 etc.

339 5733 424 5801 ie),
447 5733 680 5789 Mssfduo
702 5733 857 5800 penes
876 5733 1241 5796 Béncdiclinds,
1275 5751 1297 5784 ι
1319 5733 1398 5786 illa
1416 5733 1617 5785 Catilina
1639 5733 1833 5794 duritia,

277 5800 399 5864 quia
411 5800 656 5862 fortitudo,
673 5816 696 5843 ι
728 5805 822 5848 etc.

1599 397 1930 458 EPlSTOLA
1968 397 2230 460 CXXXII.

3391 411 3536 471 HI!

1958 517 2250 584 persuaderi
2276 526 2458 588 potest.
2491 517 2600 575 Sed
2627 520 2759 590 forte
2781 524 2978 580 acutius
2997 523 3302 580 intuentibus
3325 524 3534 596 ignavia

1953 617 2164 676 apparet
2191 609 2302 678 ipsa
2325 609 2533 677 duritia,
2557 612 2675 679 quia
2699 613 2920 668 laborem
2945 615 3191 670 bonorum
3217 616 3532 684 studiorum,

1952 695 2136 762 quibus
2171 713 2288 752 vera
2326 699 2608 767 acquiritur
2650 703 2913 772 fortitudo,
2952 706 3266 776 neglexerat.
3313 705 3529 760 Verum-

1953 795 2120 842 tamen
2142 789 2260 857 quia
2281 798 2399 845 sunt
2423 790 2641 846 audaces
2671 792 2760 860 qui
2784 793 2950 848 timidi
2981 811 3083 849 non
3107 805 3246 859 sunt,
3273 805 3322 850 et
3345 810 3534 849 rursus

1956 881 2118 934 timidi
2143 881 2326 951 quibus
2351 883 2488 936 abest
2523 883 2758 944 audacia,
2797 899 2916 938 cum
2936 886 3002 938 sit
3027 894 3294 955 utrumque
3327 886 3532 952 vitium,

1953 971 2191 1038 quoniam
2227 973 2314 1042 qui
2337 988 2456 1026 vera
2487 973 2669 1027 virtute
2705 975 2852 1044 fortis
2892 985 2989 1040 est,
3013 992 3106 1030 nec
3129 987 3311 1031 temere
3347 977 3532 1043 audet,

1953 1077 2047 1116 nec
2088 1063 2368 1118 inconsulte
2410 1065 2570 1131 timet,
2617 1065 2843 1136 cogimur
2884 1068 3035 1137 fateri
3071 1069 3195 1122 vitia
3232 1069 3384 1140 plura
3421 1083 3536 1124 esse

1953 1151 2230 1205 virtutibus.

2026 1242 2081 1297 9.
2163 1244 2372 1315 1019
2446 1244 2595 1301 Unde
2635 1248 2910 1318 aliquando
2951 1248 3131 1304 vitium
3149 1249 3274 1304 vitio
3309 1247 3525 1318 tollitur,

1953 1343 2010 1387 ut
2035 1350 2206 1388 amore
2233 1335 2403 1390 laudis
2429 1352 2574 1392 amor
2601 1339 2846 1408 pecunia.
2872 1340 3161 1410 Aliquando
3192 1356 3351 1394 unum
3373 1341 3526 1407 cedit,

1953 1432 2010 1476 ut
2034 1425 2182 1493 plura
2208 1426 2500 1492 succedant,
2527 1428 2661 1482 velut
2697 1429 2786 1498 qui
2823 1427 3048 1483 ebriosus
3085 1431 3262 1498 fuerit,
3289 1429 3336 1483 si
3359 1429 3536 1483 modi-

1952 1529 2068 1568 cum
2096 1515 2174 1584 (ά)
2205 1514 2400 1580 biberit,
2428 1525 2477 1571 et
2501 1517 2836 1585 tenacitatem,
2859 1527 2906 1572 et
2925 1518 3245 1573 ambitionem
3270 1519 3534 1574 didicerit.

1954 1604 2185 1661 Possunt
2207 1608 2376 1672 itaque
2407 1609 2529 1662 vitia
2555 1609 2706 1662 etiam
2743 1611 2918 1664 cedere
2953 1610 3086 1665 vitiis
3124 1611 3532 1674 succedentibus,

1953 1714 2056 1754 non
2081 1699 2366 1764 virtutibus,
2396 1707 2448 1752 et
2468 1699 2582 1753 ideo
2609 1700 2758 1768 plura
2783 1709 2920 1754 sunt.
2957 1699 3139 1754 Virtus
3157 1716 3274 1754 vero
3299 1717 3398 1771 quo
3421 1716 3528 1754 una

1951 1789 2175 1858 ingressa
2203 1787 2375 1857 fuerit,
2403 1790 2638 1859 quoniam
2676 1805 2845 1842 secum
2871 1799 3081 1844 catteras
3105 1791 3266 1854 ducit,
3295 1793 3534 1860 profecta

1952 1879 2073 1932 vitia
2099 1880 2276 1932 cedent
2297 1879 2466 1933 omnia
2503 1894 2829 1948 quaecumque
2855 1881 3072 1934 inerant.
3104 1881 3224 1934 Non
3249 1881 3383 1934 enim
3411 1895 3530 1934 omo

1952 1972 2039 2024 nia
2079 1970 2298 2037 inerant,
2347 1974 2440 2025 sed
2476 1971 2750 2040 aliquando
2790 1973 3016 2040 totidem,
3057 1972 3331 2036 aliquando
3374 1971 3528 2042 plura

1952 2059 2294 2130 paucioribus.
2326 2060 2404 2113 vel
2428 2062 2672 2130 pauciora
2697 2061 2929 2128 pluribus
2949 2061 3296 2115 succedebant.

2025 2151 2112 2206 10.
2157 2150 2282 2204 Ηωι
2305 2161 2475 2205 utrum
2501 2153 2572 2204 ita
2603 2168 2658 2206 se
2684 2152 2918 2215 habeant,
2948 2153 3236 2222 diligentius
3263 2153 3526 2222 inquiren-

1953 2244 2071 2297 dum
2097 2254 2189 2298 est.
2222 2243 2274 2298 Ν
2277 2261 2341 2298 οη
2365 2245 2497 2298 enim
2517 2253 2569 2298 et
2588 2245 2684 2297 ista
2713 2243 2883 2296 divina
2908 2244 3154 2297 sententia
3172 2251 3246 2296 est
3269 2259 3370 2314 qua
3395 2244 3526 2296 dici-

1953 2349 2035 2391 tur
2062 2353 2082 2390 :
2107 2337 2207 2402 Qui
2233 2353 2389 2391 unam
2413 2337 2642 2390 virtutem
2671 2336 2920 2400 habuerit,
2952 2351 3122 2390 omnes
3163 2336 3344 2400 habet;
3382 2336 3531 2406 eique

1951 2429 2094 2483 nulla
2118 2431 2270 2494 inest,
2299 2429 2380 2482 cui
2401 2445 2504 2485 una
2529 2428 2744 2498 defuerit
2771 2443 2791 2480 :
2816 2427 2904 2481 sed
2932 2426 3217 2480 hominibus
3241 2426 3337 2480 hoc
3359 2427 3526 2480 visum

1951 2529 2045 2585 est,
2089 2520 2302 2574 multum
2344 2520 2545 2587 quidem
2587 2517 2881 2588 ingeniosis,
2921 2517 3182 2578 studiosis,
3226 2515 3316 2570 sed
3356 2525 3528 2569 tamen

1951 2611 2254 2666 hominibus.
2280 2609 2391 2682 Ego
2417 2627 2532 2664 vero
2559 2611 2725 2664 nescio
2749 2608 3169 2676 quemadmodum
3189 2609 3372 2662 dicam.
3401 2607 3452 2660 Ν
3456 2621 3525 2660 on

1950 2705 2065 2758 dico
2089 2705 2251 2757 virum
2276 2720 2307 2756 a
2337 2719 2435 2775 quo
2465 2703 2788 2757 denominata
2824 2702 3010 2754 dicitur
3039 2702 3217 2764 virtus,
3251 2700 3341 2754 sed
3367 2692 3524 2753 etiam

1949 2794 2207 2848 mulierem
2227 2809 2340 2858 qua:
2359 2794 2465 2847 viro
2490 2809 2582 2847 suo
2611 2803 2775 2847 servat
2809 2792 2941 2845 thori
2966 2791 3141 2860 fidem,
3169 2791 3215 2846 si
3239 2791 3334 2845 hoc
3361 2791 3526 2861 faciat

1950 2895 2154 2954 propter
2182 2893 2485 2954 prteceptum
2519 2893 2566 2938 et
2595 2883 2899 2954 promissum
2937 2883 3031 2936 Dei
3057 2881 3149 2954 (e),
3176 2884 3320 2951 eique
3343 2883 3523 2950 primi-

1950 2984 2030 3029 tus
2053 2976 2117 3029 sit
2156 2975 2342 3044 ﬁdelis,
2382 2991 2484 3027 non
2513 2974 2698 3028 habere
2737 2973 3054 3041 pudicitiam,
3088 2983 3177 3027 aut
3222 2973 3522 3043 pudicitiam

1949 3064 2144 3118 nullam
2179 3065 2256 3118 vel
2279 3080 2484 3132 parvam
2518 3080 2625 3118 esse
2649 3065 2900 3118 virtutem.
2946 3063 3035 3118 Sic
3073 3072 3122 3117 et
3161 3064 3399 3116 maritum
3432 3063 3524 3132 qui

1949 3155 2044 3209 hoc
2071 3155 2199 3207 idem
2233 3163 2396 3208 servat
2437 3155 2602 3209 uxori.
2645 3152 2710 3207 Et
2752 3161 2916 3207 tamen
2959 3163 3076 3206 sunt
3117 3152 3321 3222 plurimi
3367 3153 3517 3216 tales,

1947 3261 2159 3314 quorum
2188 3244 2297 3298 sine
2333 3245 2500 3312 aliquo
2539 3252 2740 3310 peccato
2781 3259 2887 3296 esse
2925 3243 3172 3295 neminem
3202 3243 3438 3309 dixerim,
3470 3252 3522 3296 et

1949 3335 2116 3402 utique
2135 3333 2262 3387 illud
2288 3335 2644 3403 qualecumque
2674 3343 2933 3402 peccatum
2953 3349 3015 3386 ea:
3032 3332 3203 3400 aliquo
3225 3333 3340 3386 vitio
3362 3332 3516 3386 venit.

1953 3423 2100 3479 Unde
2128 3424 2368 3491 pudicitia
2395 3423 2677 3497 conjugalis
2702 3424 2756 3476 in
2782 3423 2901 3476 viris
2929 3424 3224 3494 feminisque
3247 3424 3516 3494 religiosis,

1947 3529 2060 3566 cum
2093 3511 2423 3581 proculdubio
2453 3513 2606 3564 virtus
2644 3512 2730 3576 sit,
2768 3528 2868 3564 non
2894 3513 3024 3564 enim
3058 3521 3143 3563 aut
3172 3512 3300 3565 nihil
3325 3521 3412 3564 aut
3439 3513 3512 3564 vi-

1947 3604 2072 3655 tium
2100 3611 2191 3664 est,
2226 3618 2327 3655 non
2356 3613 2523 3654 tamen
2561 3616 2730 3654 secum
2759 3602 2906 3653 habet
2929 3617 3098 3654 omnes
3127 3601 3348 3654 virtutes.
3377 3600 3520 3654 Nam

1945 3692 1986 3744 si
2017 3707 2186 3743 omnes
2228 3690 2295 3742 ibi
2338 3699 2521 3753 essent,
2571 3690 2767 3742 nullum
2815 3699 2941 3742 esset
2983 3690 3156 3751 vitium
3187 3705 3208 3743 :
3233 3691 3278 3744 si
3317 3689 3520 3744 nullum

1946 3781 2140 3845 vitium,
2168 3779 2367 3832 nullum
2395 3779 2598 3832 omnino
2637 3787 2918 3847 peccatum.
2954 3777 3053 3843 Qui
3089 3788 3253 3831 autem
3282 3780 3390 3832 siue
3415 3781 3518 3834 ali-

1945 3886 2042 3939 quo
2073 3878 2273 3938 peccato
2315 3877 2387 3922 est
2408 3868 2434 3920 γ
2476 3867 2602 3934 Quis
2644 3883 2762 3937 ergo
2797 3870 2906 3920 sine
2946 3869 3116 3937 aliquo
3157 3867 3294 3932 vitio,
3325 3868 3380 3921 id
3419 3879 3512 3935 est,

1947 3957 2118 4029 fomite
2142 3957 2359 4025 quodam
2383 3955 2460 4009 vel
2485 3956 2628 4020 quasi
2655 3956 2826 4008 radice
2853 3957 3064 4024 peccati,
3096 3971 3208 4008 ctua
3229 3958 3409 4009 clamet
3430 3959 3518 4024 qui

1945 4065 2099 4119 supra
2129 4057 2297 4116 pectus
2338 4047 2541 4101 Domini
2568 4048 2880 4100 recumbebat
2913 4061 2932 4100 :
2959 4049 3014 4101 Si
3059 4047 3352 4101 dixerimus
3389 4049 3517 4117 quia

1947 4148 2219 4208 peccatum
2275 4153 2380 4193 non
2425 4138 2716 4203 habemus,
2762 4153 2860 4192 nos
2901 4141 3046 4208 ipsos
3099 4138 3394 4207 decipimus
3435 4140 3514 4212 (ι.

1944 4229 2102 4284 Joan.
2137 4231 2186 4284 1.
2217 4230 2296 4296 8),
2328 4240 2382 4285 et
2407 4232 2601 4286 veritas
2641 4231 2691 4283 in
2725 4229 2878 4284 nobis
2907 4245 3012 4283 non
3054 4232 3177 4284 est?
3217 4228 3395 4296 Neque
3419 4230 3518 4285 hoc

1945 4321 2084 4392 apud
2131 4332 2178 4376 te
2219 4321 2411 4375 diutius
2456 4321 2706 4391 agendum
2753 4329 2848 4386 est,
2892 4319 2982 4373 sed
3024 4329 3231 4389 propter
3271 4320 3400 4374 alios
3426 4319 3518 4388 qui

1945 4417 2076 4484 forte
2098 4413 2194 4466 hoc
2218 4411 2447 4482 legerint,
2476 4411 2610 4466 dico.
2643 4409 2782 4464 Nam
2809 4420 2863 4464 tu
2889 4411 3089 4480 quidem
3123 4411 3178 4464 in
3208 4411 3382 4464 eodem
3401 4411 3516 4480 ipso

1943 4521 2096 4575 opere
2119 4505 2384 4574 splendido
2415 4514 2590 4557 contra
2612 4501 2959 4564 Iovinianum,
2986 4503 3136 4556 etiam
3162 4503 3256 4555 hoc
3276 4503 3340 4555 de
3366 4501 3517 4558 Scri-

1945 4597 2106 4668 pturis
2151 4597 2337 4652 sanctis
2375 4596 2643 4665 diligenter
2686 4595 2908 4664 probasti
2944 4609 2963 4647 :
3005 4593 3090 4647 ubi
3131 4595 3278 4647 etiam
3321 4608 3384 4647 ex
3417 4593 3516 4646 hac

1943 4690 2055 4758 ipsa
2080 4687 2292 4756 epistola
2318 4702 2338 4740 :
2357 4687 2505 4751 cuius
2530 4685 2678 4739 verba
2714 4694 2850 4750 sunt,
2892 4700 3105 4754 quorum
3143 4700 3278 4738 nunc
3313 4683 3518 4738 intelle-

1944 4789 2077 4830 ctum
2103 4776 2402 4846 requirimus
2429 4775 2640 4844 posuisti
2662 4777 2808 4846 quod
2833 4775 3076 4844 scriptum
3099 4783 3172 4828 est
3204 4789 3224 4826 :
3252 4773 3305 4826 In
3333 4773 3514 4828 multis

1943 4867 2084 4922 enim
2125 4845 2441 4921 oll‘endimus
2472 4845 2826 4935 omnes.(lac.
2868 4865 2921 4919 5.
2967 4861 3046 4934 2).
3097 4863 3218 4916 Non
3247 4864 3379 4916 enim
3416 4869 3514 4930 ait,

1944 4958 2232 5024 oﬂ'enditis,
2260 4958 2348 5012 sed
2371 4957 2689 5012 oﬂ'endimus
2723 4974 2912 5022 omnes,
2951 4973 3065 5011 cum
3083 4956 3270 5013 Christi
3293 4957 3518 5026 loquere-
3595 5005 3598 5008 .

1944 5057 2027 5101 tur
2050 5048 2341 5120 Apostolus,
2374 5055 2419 5101 et
2446 5064 2558 5101 cum
2581 5048 2674 5102 hoc
2705 5049 2813 5102 loco
2839 5049 2976 5101 dicat
3007 5062 3025 5102 :
3055 5047 3385 5118 Quicumque
3410 5064 3514 5101 au-

1943 5149 2051 5196 tem
2144 5139 2353 5210 1020
2441 5146 2604 5192 totam
2655 5139 2851 5208 Legem
2900 5140 3225 5206 servaverit,
3277 5132 3517 5192 offendat

1943 5243 2118 5286 autem
2155 5233 2208 5285 in
2237 5245 2364 5292 uno,
2397 5228 2568 5285 factus
2597 5238 2681 5285 est
2709 5229 2944 5285 omnium
2975 5244 3098 5285 reus
3121 5229 3263 5299 (Jac.
3294 5228 3350 5281 2.
3392 5225 3509 5295 i0).

2005 5487 2084 5551 (ιι)
2119 5487 2336 5551 animo.
2363 5491 2472 5549 post
2488 5485 2624 5551 Eras.
2657 5502 2680 5531 ι
2701 5486 2742 5534 si
2762 5484 3002 5551 modicum
3025 5480 3199 5528 bibere
3215 5513 3236 5538 ,.
3255 5484 3344 5528 ει»
3375 5474 3509 5538 (fort.
3586 5453 3593 5466 ⁷

1941 5562 2004 5600 ea:
2059 5544 2082 5594 ἆ
2101 5544 2378 5598 tenacitate'
2388 5556 2440 5598 et
2459 5548 2721 5597 ambitione
2743 5544 2984 5593 didicerit.

1944 5669 1949 5670 ν
2004 5550 2074 5670 ie)
2109 5609 2265 5670 Iidem
2282 5622 2390 5659 cum
2407 5608 2517 5657 aliis
2520 5607 2789 5670 plerisque
2813 5598 3511 5670 gulitis,_et_quce_._lmpresss‘m

2004 5603 2074 5682 (ς)
2109 5609 2265 5670 Iidem
2282 5622 2390 5682 cum
2407 5608 2517 5657 aliis
2516 5607 2789 5716 1plerisque
2813 5603 2975 5674 gulitis,
3001 5607 3054 5650 et
3075 5611 3200 5662 quce.
3222 5603 3508 5668 Impressam

1941 5669 2203 5720 lectionem
2235 5675 2498 5719 restituunt
2532 5665 2829 5728 genedictim
2854 5661 3152 5728 ert-duobus
3183 5659 3298 5728 Mss.
3317 5658 3402 5728 qui
3424 5661 3508 5728 itt-

1939 5715 2744 5782 nigrantibus"sesumam
2765 5723 2868 5785 legi
2890 5722 3144 5781 κιηοιιιιι,
3167 5727 3212 5771 et
3248 5715 3356 5778 cui;
3379 5715 3511 5767 scut.

1945 5799 2026 5841 cet
2045 5792 2170 5842 Deo.
