4080 6340
543 355 683 452 ius

541 503 622 559 lbi
645 519 745 557 non
765 505 819 557 iu
841 517 964 566 uno,
994 502 1084 556 sed
1107 502 1162 556 in
1185 501 1374 568 mltis,
1404 515 1496 555 nec
1517 499 1778 570 quosdam,
1803 498 1893 553 sed
1923 513 2098 553 anites

543 596 664 652 dicit
689 593 961 660 oﬁ’endere.

615 685 705 740 il.
743 684 886 738 Absit
923 691 1091 738 autem
1127 691 1184 736 ut
1227 683 1489 752 quisquam
1529 681 1695 750 ﬁdelis
1740 681 1983 735 existimet
2034 688 2109 733 tot

545 773 707 827 millia
731 787 985 827 servorum
1021 772 1227 836 Christi,
1265 773 1350 842 qui
1383 771 1622 825 veraciter
1653 770 1825 824 dicunt
1848 785 1903 824 se
1929 769 2112 823 habere

546 872 824 932 peceatum,
853 879 918 916 ne
939 864 1129 933 seipsos
1157 863 1431 932 decipiant,
1455 871 1502 916 et
1525 862 1707 915 veritas
1730 860 1786 913 in
1811 861 1886 914 eis
1903 875 2004 914 non
2021 860 2108 925 sit,

547 953 745 1012 nullam
770 953 951 1007 habere
972 953 1222 1017 virtutem,
1262 969 1378 1006 cum
1403 953 1562 1006 virtus
1589 967 1773 1020 magna
1809 951 1873 1003 sit
1908 950 2114 1018 sapien-

546 1047 639 1102 tia.
674 1044 818 1101 Dixit
841 1053 1040 1106 autem,
1075 1045 1187 1111 ipsa
1211 1045 1477 1111 sapientia,
1513 1041 1740 1106 homini,
1776 1042 1916 1096 Ecce
1939 1041 2113 1110 pietas

547 1146 634 1192 est
655 1137 912 1205 sapientia
936 1135 955 1206 (
977 1135 1076 1189 Job
1099 1136 1188 1190 28.
1217 1135 1308 1190 28.
1327 1136 1481 1202 juxta
1515 1131 1709 1203 LXX).
1739 1133 1881 1186 Absit
1903 1148 2022 1202 ergo
2059 1140 2116 1186 ut

548 1225 776 1282 dicamus
799 1233 872 1278 tot
907 1239 968 1276 ac
1003 1231 1168 1278 tantos
1195 1224 1368 1290 fideles
1406 1232 1453 1276 et
1479 1223 1588 1288 pios
1615 1222 1859 1286 homines,
1889 1220 1984 1276 Dei
2011 1235 2114 1274 non

551 1314 732 1369 habere
759 1314 1010 1383 pietatem,
1032 1329 1182 1378 quam
1209 1310 1371 1366 Grcci
1411 1313 1489 1365 vel
1517 1315 1781 1382 ibatptm,
1809 1311 1884 1364 vel
1907 1326 2115 1378 expres-

551 1403 658 1457 sius
684 1412 732 1457 et
757 1403 954 1472 plenius
977 1411 1244 1472 θεοσέβειαν
1260 1417 1454 1455 vocem.
1488 1400 1622 1464 Quid
1645 1410 1811 1453 autent
1840 1401 1996 1468 pietas
2021 1409 2114 1465 est,

553 1491 651 1546 nisi
678 1489 775 1546 Dei
803 1491 1007 1545 cultus!
1034 1490 1123 1544 ET
1154 1489 1359 1545 UNDE
1400 1489 1566 1544 ILLE
1593 1488 1909 1544 COLITUR
1952 1489 2113 1545 NlSl

553 1579 908 1636 CARITATE
921 1582 948 1633 .’
974 1579 1167 1634 Caritas
1192 1581 1346 1650 igitur
1370 1580 1431 1633 de
1458 1581 1609 1634 corde
1631 1597 1758 1650 puro
1793 1590 1841 1633 et
1865 1581 2119 1634 conscien-

555 1671 628 1723 tia
649 1669 800 1734 bona,
844 1676 890 1722 et
918 1668 1018 1737 [ide
1062 1684 1162 1722 non
1206 1670 1345 1736 ﬁcta,
1386 1685 1569 1738 magna
1611 1678 1658 1722 et
1687 1684 1802 1722 vera
1841 1670 1997 1721 virtus
2023 1677 2118 1734 est,

555 1760 675 1823 quia
708 1761 823 1827 ipsa
859 1770 932 1814 est
977 1760 1096 1827 ﬁnis
1138 1761 1396 1829 prccepti.
1436 1759 1619 1814 Merito
1650 1760 1786 1814 dicta
1831 1770 1902 1814 est
1945 1760 2118 1823 fortis,

555 1850 697 1903 sicut
733 1864 879 1904 mors
917 1848 1089 1918 (Cant.
1119 1849 1176 1904 2.
1207 1849 1286 1918 6),
1323 1849 1427 1903 sive
1464 1850 1586 1918 quia
1629 1865 1774 1903 nemo
1801 1865 1912 1902 eam
1947 1848 2117 1910 vincit,

555 1937 684 1998 sicut
709 1947 917 1994 mortem
946 1955 967 1993 :
1005 1941 1107 1993 sive
1131 1940 1249 2010 quia
1277 1939 1330 1992 in
1373 1940 1468 1992 hac
1494 1940 1597 1993 vita
1639 1955 1794 2008 usque
1820 1938 1888 1991 ad
1916 1949 2126 1991 mortem

558 2036 632 2082 est
652 2043 883 2082 mensura
905 2028 1151 2090 caritatis,
1177 2029 1304 2082 sicut
1332 2026 1580 2081 Dominus
1603 2027 1675 2080 ait
1697 2043 1718 2082 :
1743 2026 1996 2095 Maiorem
2025 2027 2126 2081 hac

559 2118 835 2174 caritatem
865 2133 1022 2172 nemo
1049 2117 1228 2181 babet,
1254 2133 1411 2186 quam
1444 2128 1501 2172 ut
1528 2119 1760 2172 animam
1787 2133 1937 2172 suam
1967 2126 2126 2185 ponat

560 2206 679 2275 quis
703 2221 800 2275 pro
825 2208 1011 2262 amicis
1035 2208 1146 2263 suis
1179 2207 1355 2276 (Joan.
1388 2208 1475 2262 15.
1506 2207 1608 2275 15)
1639 2224 1652 2260 ;
1681 2207 1782 2261 sive
1802 2209 1988 2278 potius,
2011 2207 2130 2276 quia

561 2295 686 2349 sicut
713 2312 846 2349 mors
869 2297 1090 2349 animam
1116 2297 1280 2349 avellit
1306 2313 1338 2350 a
1365 2295 1588 2350 sensibus
1616 2296 1802 2358 carnis,
1831 2296 1903 2349 sic
1943 2295 2130 2349 caritas

561 2401 597 2437 a
635 2386 1045 2454 concupiscentiis
1088 2387 1394 2441 carnalibus.
1440 2385 1572 2439 Huic
1614 2387 1856 2440 subservit
1899 2386 2130 2452 scientia,

564 2490 680 2526 cum
715 2483 789 2530 est
831 2475 1014 2528 utilis:
1043 2491 1162 2528 eam
1201 2476 1308 2528 sine
1348 2475 1441 2528 illa
1482 2475 1646 2544 inﬂat.
1699 2475 1846 2542 Quod
1884 2490 1996 2528 vero
2037 2474 2133 2528 illa

565 2563 866 2629 cdiﬁcando
901 2562 1199 2632 impleverit,
1228 2565 1358 2618 nihil
1399 2564 1466 2617 ibi
1495 2566 1594 2618 ista
1637 2565 1788 2618 inane
1818 2567 1954 2633 quod
1987 2565 2132 2634 inﬂet

567 2653 800 2728 inveniet.
833 2651 1018 2706 Utilem
1038 2669 1187 2723 porro
1207 2655 1464 2707 scientiam
1489 2653 1772 2721 deﬁniendo
1799 2655 2090 2708 monstravit
2112 2668 2132 2707 :

569 2747 655 2800 ubi
680 2764 795 2800 cum
823 2748 1052 2810 dixisset,
1082 2748 1218 2803 Ecce
1256 2749 1422 2816 pietas
1459 2757 1542 2803 est
1565 2747 1824 2817 Sapientia
1842 2786 1860 2808 ,
1897 2745 2133 2800 continuo

569 2837 830 2904 subjunxit
865 2851 884 2890 :
912 2837 1194 2892 Abstinere
1223 2852 1355 2891 vero
1394 2852 1424 2890 a
1453 2839 1628 2902 malis,
1661 2836 1878 2892 scientia
1905 2846 1986 2890 est
2014 2835 2132 2906 (Job

569 2925 655 2984 28.
691 2925 804 2998 28).
835 2925 936 2982 Cur
960 2944 1076 2997 ergo
1103 2941 1203 2981 non
1233 2928 1469 2990 dicimus,
1499 2928 1586 2996 qui
1619 2927 1749 2979 hanc
1776 2927 2008 2982 virtutem
2037 2927 2134 2980 ha-

569 3017 670 3084 bet,
711 3017 891 3072 habere
932 3035 1098 3073 omnes
1123 3035 1142 3071 :
1173 3033 1288 3070 cum
1331 3017 1590 3087 plenitudo
1622 3016 1791 3086 Legis,
1839 3017 1903 3070 sit
1949 3017 2136 3071 caritas

572 3105 749 3178 (Rom.
782 3109 869 3162 l3.
895 3109 980 3176 10)
1001 3108 1024 3160 ?
1049 3108 1126 3161 An
1161 3117 1345 3177 quanto
1383 3109 1541 3176 magis
1565 3117 1635 3162 est
1664 3107 1714 3159 in
1744 3107 1964 3170 homine,
1995 3115 2136 3161 tanto

571 3197 734 3267 magis
775 3206 845 3250 est
879 3197 1058 3250 virtute
1097 3198 1338 3266 prwtlitus
1370 3211 1389 3250 :
1413 3206 1601 3265 quanto
1630 3205 1795 3248 autem
1840 3197 2006 3248 minus
2033 3196 2136 3266 (a),

575 3297 714 3341 tanto
762 3289 927 3342 minus
972 3289 1100 3341 inest
1137 3289 1292 3340 virtus
1333 3289 1417 3350 ei;
1455 3288 1573 3356 quia
1612 3288 1723 3354 ipsa
1759 3295 1829 3339 est
1865 3287 2020 3340 virtus
2048 3294 2138 3340 .‘et

574 3386 763 3444 quanto
788 3377 950 3429 minus
975 3387 1046 3429 est
1073 3377 1251 3438 virtus,
1298 3385 1434 3427 tanto
1465 3375 1628 3444 majus
1669 3385 1738 3427 est
1781 3375 1998 3427 vitium?
2040 3373 2138 3428 Ubi

576 3482 694 3534 ergo
720 3465 810 3519 illa
836 3466 984 3534 plena
1013 3476 1059 3520 et
1088 3469 1306 3536 perfecta
1333 3466 1448 3531 erit,
1475 3465 1684 3518 nihilex
1703 3466 1820 3517 vitio
1844 3464 2134 3518 remanebit.

648 3555 734 3612 12.
782 3555 1002 3611 Proinde
1031 3557 1154 3609 mihi
1181 3556 1410 3609 videntur
1446 3554 1606 3610 Stoici
1635 3555 1770 3625 falli,
1819 3556 1938 3622 quia
1978 3555 2137 3624 pro/i-

575 3651 782 3703 cientem
819 3649 1070 3702 hominem
1110 3648 1164 3701 in
1201 3648 1466 3715 sapientia,
1511 3647 1688 3699 nolunt
1715 3647 1917 3698 omnino
1955 3645 2139 3698 habere

576 3740 873 3808 sapientiam
903 3753 922 3792 :
947 3739 1035 3792 sed
1057 3726 1176 3792 tunc
1204 3737 1406 3802 habere,
1449 3753 1564 3790 cum
1597 3737 1650 3789 in
1688 3753 1745 3788 ea
1775 3737 1980 3788 omnino
2018 3751 2136 3803 per-

578 3837 736 3900 fectus
775 3832 924 3902 fuerit
950 3845 970 3882 :
998 3847 1096 3882 non
1138 3829 1256 3900 quia
1301 3826 1448 3880 illum
1490 3827 1567 3896 (b)
1611 3835 1894 3894 provectum
1936 3833 2140 3894 negant,

577 3922 667 3974 sed
696 3921 791 3974 nisi
819 3937 881 3974 ea:
918 3921 1171 3991 profundo
1198 3919 1420 3989 quodam
1461 3918 1755 3987 emergendo
1791 3926 1994 3984 repente
2019 3917 2144 3968 emi-

579 4021 654 4066 cet
679 4013 732 4065 in
761 4028 913 4064 auras
943 4012 1200 4080 sapientia:
1227 4011 1428 4074 liberas,
1469 4009 1610 4061 nulla
1651 4024 1713 4061 ea:
1755 4016 1896 4076 parte
1920 4023 2025 4062 esse
2059 4023 2144 4060 sa-

581 4103 814 4170 pientem.
845 4100 989 4156 Sicut
1017 4101 1148 4154 enim
1186 4099 1312 4153 nihil
1340 4099 1541 4152 interest
1567 4097 1634 4150 ad
1669 4098 1918 4149 hominem
1958 4099 2146 4166 prtefo-

581 4193 820 4257 candunt,
861 4201 1029 4244 utrum
1072 4207 1203 4260 aqua
1244 4189 1422 4242 stadiis
1464 4187 1635 4240 multis
1679 4203 1832 4254 super
1871 4202 1924 4240 se
1963 4187 2142 4240 habeat

582 4288 761 4345 altam,
801 4292 888 4334 aut
917 4299 1016 4334 uno
1042 4283 1232 4351 palmo,
1270 4289 1354 4332 aut
1398 4279 1556 4347 digito
1588 4294 1606 4331 :
1633 4279 1706 4332 sic
1746 4279 1864 4332 illos
1905 4280 1991 4347 qui
2030 4289 2142 4333 ten-

585 4373 711 4430 dunt
787 4373 990 4444 1021
1063 4371 1130 4423 ad
1171 4369 1502 4439 sapientiam,
1539 4370 1781 4438 proficere
1820 4369 2024 4438 quidam
2066 4369 2147 4422 di-

584 4473 722 4528 cunt,
766 4473 1002 4533 tanquam
1044 4462 1105 4515 ab
1139 4462 1240 4515 imo
1276 4469 1533 4530 surgentes
1578 4461 1787 4530 gurgitis
1831 4461 1886 4514 in
1925 4477 2088 4515 aerem
2127 4476 2147 4516 .'

585 4553 675 4606 sed
719 4552 816 4605 nisi
844 4561 998 4604 totam
1035 4550 1321 4612 stultitiam,
1369 4549 1500 4602 velut
1547 4551 1904 4619 apprimentem
1940 4565 2147 4619 aquam,

589 4641 894 4710 proﬁciendo
915 4642 1044 4693 velut
1072 4639 1366 4708 emergendo
1389 4640 1652 4705 evaserint,
1695 4655 1796 4693 non
1831 4639 2010 4693 habere
2043 4639 2149 4692 vir-

588 4743 767 4798 tutem,
816 4747 904 4785 nec
944 4747 1048 4785 esse
1075 4731 1342 4800 sapientes.
1390 4730 1487 4786 Ubi
1523 4741 1689 4784 autem
1721 4732 1984 4792 evaserint,
2031 4744 2152 4782 mox

596 4822 774 4875 habere
807 4829 982 4886 totam,
1021 4836 1108 4873 nec
1136 4822 1410 4890 quidquam
1451 4821 1676 4875 stultitiae
1711 4835 1985 4886 remanere,
2017 4819 2151 4873 unde

590 4912 796 4967 omnino
821 4911 979 4965 ullum
1019 4921 1270 4982 peccatum
1299 4911 1453 4980 possit
1477 4912 1728 4966 exsistere.

666 5002 756 5056 l5.
792 5019 812 5054 α
847 5001 969 5058 Haec
997 5000 1289 5056 similitudo
1311 5003 1399 5055 ubi
1449 5001 1694 5064 stultitia,
1737 4999 1882 5053 velut
1907 5012 2064 5067 aqua,
2091 5006 2152 5053 et

595 5090 878 5160 sapientia,
907 5090 1051 5146 velut
1083 5106 1177 5146 aer
1219 5091 1435 5160 ponitur
1462 5105 1476 5142 :
1510 5099 1569 5142 ut
1595 5089 1804 5142 animus
1829 5102 1858 5139 a
1889 5086 2152 5154 praefoca-

603 5185 753 5240 tione
780 5184 1035 5250 stultitiae,
1064 5193 1311 5254 tanquam
1333 5195 1614 5250 emergens
1643 5179 1696 5231 in
1721 5177 2036 5246 sapientiam
2064 5193 2151 5233 re-

597 5286 820 5348 repente
844 5278 1067 5346 respiret
1095 5293 1110 5328 :
1143 5289 1251 5328 non
1279 5273 1408 5327 mihi
1441 5270 1656 5324 videtur
1695 5269 1824 5322 satis
1853 5281 2153 5322 accommo-

593 5370 715 5426 data
756 5379 1056 5427 nostrarum
1109 5365 1503 5433 Scripturarum
1541 5358 1838 5412 auctoritati
1871 5376 1885 5412 :
1916 5359 2010 5413 sed
2064 5360 2150 5413 illa

596 5462 795 5532 potius,
826 5469 886 5514 ut
915 5459 1100 5514 vitium
1138 5455 1223 5510 vel
1257 5453 1480 5508 stultitia
1521 5449 1797 5506 tenebris:
1831 5449 1938 5504 luci
1968 5459 2147 5506 autem

673 5656 720 5721 τι)
753 5656 940 5721 item!
959 5651 1126 5721 “‘1er
1148 5643 1454 5721 WW5“?
1473 5649 1542 5721 ‘5‘
1566 5641 1738 5721 ι’ίῗῖἕξ·
1875 5703 1887 5721 ε

673 5656 720 5721 a)
756 5656 940 5704 iterum
959 5655 1126 5709 iidem,
1148 5655 1277 5698 tanto
1297 5657 1454 5696 minus
1473 5655 1542 5694 est
1566 5655 1738 5692 virtus.
1807 5703 1816 5712 .
1877 5703 1887 5712 ι

647 5655 720 5778 ἕθ)
753 5716 936 5765 Vitiosa
957 5715 1152 5762 omnino
1167 5711 1299 5771 apud
1331 5708 1554 5765 eosdem,
1583 5723 1605 5748 «
1623 5717 1716 5752 non
1740 5715 1848 5762 quia
1875 5701 2010 5749 illum
2037 5714 2150 5763 per-

604 5786 764 5831 cc'tint
789 5783 984 5836 negant.
1001 5793 1020 5816 ο

1831 383 2064 442 διὶΝσΠ
2095 379 2474 441 ιῐΙΕΚΟΝἶΜΙ

2966 288 2990 313 .”
3035 291 3085 303 λθ.-

3630 387 3766 448 ωε

2211 498 2379 552 virtus
2403 506 2459 552 et
2485 496 2745 566 sapientia
2769 508 3124 569 comparetur,
3153 513 3410 575 quantum
3438 508 3536 564 ista
3568 512 3760 569 similia

2209 587 2277 642 de
2302 589 2671 658 corporalibus
2697 590 2763 644 ad
2807 591 3158 662 intelligibilia
3189 595 3308 652 duci
3355 609 3601 668 possunt.
3650 603 3760 660 Non

2211 676 2387 747 itaque
2414 680 2552 734 sicut
2578 679 2646 735 de
2692 681 2842 750 aquis
2887 685 2939 736 in
2965 698 3146 740 aerem
3191 702 3436 758 surgens,
3462 692 3556 745 ubi
3586 707 3765 748 earum

2211 782 2481 824 summum
2519 769 2810 837 transierit,
2841 782 3060 843 repente
3088 786 3340 844 quantum
3382 779 3580 835 sufﬁcit
3606 781 3770 852 inspi-

2213 865 2381 920 ratur.
2407 858 2503 912 sed
2555 859 2693 913 sicut
2736 859 2805 915 de
2851 863 3090 917 tenebris
3133 865 3186 919 in
3230 866 3404 923 lucem
3453 871 3768 936 procedens,

2215 947 2468 1016 paulatim
2536 949 2928 1018 progrediendo
2991 951 3342 1008 illuminatur.
3397 957 3552 1024 Quod
3605 959 3775 1016 donec

2214 1035 2522 1104 plenissime
2570 1037 2683 1102 llat,
2706 1039 2816 1106 jam
2857 1055 2979 1094 eum
3023 1050 3198 1098 tamen
3243 1045 3492 1111 dicimus,
3525 1057 3778 1116 tanquam

2214 1122 2640 1180 deabditissima
2685 1128 2944 1196 spelunca
2990 1131 3376 1200 egredientem,
3405 1136 3602 1192 vicinia
3645 1139 3778 1194 lucis

2214 1209 2473 1276 amatum,
2503 1222 2649 1268 tanto
2698 1218 2886 1286 magis,
2912 1229 3112 1286 quanto
3151 1223 3320 1292 magis
3341 1226 3679 1295 -pr0pinquat
3708 1230 3778 1301 (ε)

2215 1303 2458 1370 egressui
2489 1317 2504 1356 :
2551 1313 2612 1357 ut
2653 1303 2786 1358 illud
2825 1308 2966 1374 quod
3018 1309 3069 1361 in
3113 1324 3180 1363 eo
3207 1311 3373 1379 lucet,
3401 1315 3472 1368 sit
3503 1317 3687 1385 utique
3715 1334 3778 1372 es

2221 1389 2426 1447 lumine
2451 1409 2557 1462 quo
2602 1396 2972 1465 progreditur;
3023 1400 3151 1454 illud
3197 1412 3377 1458 autem
3421 1407 3565 1474 quod
3611 1409 3784 1465 adhuc

2219 1481 2504 1537 obscurum
2535 1493 2637 1547 est,
2668 1487 2740 1539 sit
2768 1500 2833 1540 ex
2881 1488 3118 1542 tenebris
3169 1491 3310 1546 unde
3355 1496 3655 1562 egreditur.
3686 1499 3784 1552 Ita-

2219 1586 2325 1640 que
2378 1581 2436 1625 et
2488 1589 2588 1626 non
2643 1575 3006 1642 justiﬁeabitur
3059 1580 3113 1631 in
3163 1592 3426 1650 conspectu
3478 1583 3578 1638 Dei
3627 1590 3784 1642 enmis

2221 1661 2384 1715 vivens
2420 1660 2588 1730 (Paul.
2621 1663 2745 1717 H2.
2772 1663 2854 1732 2),
2898 1673 2952 1720 et
2981 1676 3156 1722 tamen
3195 1671 3369 1738 justus
3411 1688 3475 1726 es
3523 1674 3628 1743 ﬁde
3673 1677 3786 1730 sisit

2223 1750 2401 1817 (Δια.
2427 1751 2484 1805 2.
2514 1751 2594 1824 ι).
2631 1753 2699 1807 Et
2724 1755 2890 1808 induti
2936 1766 3051 1810 sunt
3089 1760 3247 1811 sancti
3279 1762 3482 1830 justitia
3521 1763 3658 1832 (Job
3695 1767 3781 1821 29.

2224 1840 2494 1909 li),alius
2516 1843 2706 1912 magis,
2733 1843 2870 1898 alius
2896 1845 3092 1901 minus.
3127 1847 3195 1901 Et
3220 1863 3378 1904 nemo
3399 1852 3486 1906 hic
3515 1854 3644 1908 vivit
3672 1857 3785 1911 sine

2228 1941 2466 1998 peccato,
2505 1940 2562 1986 et
2604 1931 2706 1987 hoc
2747 1934 2883 1987 alius
2925 1937 3117 2006 magis,
3142 1938 3281 1992 alius
3317 1940 3517 1996 minus.
3545 1943 3786 2012 Optimus

2225 2029 2403 2075 autem
2427 2031 2510 2076 δι
2536 2023 2626 2091 qui
2655 2022 2956 2079 minimum.
2980 2043 3001 2078 ι

2299 2111 2386 2166 14.
2427 2131 2445 2163 i
2482 2111 2588 2166 Sed
2612 2113 2739 2182 quid
2781 2129 2881 2184 ego
2927 2125 3174 2186 tanquam
3203 2118 3419 2186 oblitus,
3447 2121 3531 2176 cui
3578 2121 3781 2192 loquor,

2235 2201 2438 2257 doctori
2460 2205 2650 2258 similis
2679 2206 2848 2261 lactus
2870 2221 3010 2274 sum,
3033 2223 3152 2263 cum
3179 2213 3549 2281 proposuerim
3575 2217 3665 2285 qui
3693 2217 3785 2271 abs

2237 2303 2290 2346 te
2312 2292 2521 2348 discere
2545 2295 2746 2348 velim?
2774 2295 2878 2350 Sed
2903 2299 3024 2366 quia
3049 2299 3118 2354 de
3143 2310 3478 2368 peccatorum
3504 2306 3784 2373 parilitate,

2238 2382 2378 2438 unde
2409 2384 2460 2436 in
2490 2383 2543 2439 id
2575 2385 2716 2454 quod
2743 2387 2963 2456 agebam
2993 2390 3177 2443 incidit
3200 2394 3448 2459 quastio,
3477 2396 3789 2449 examinan-

2232 2470 2354 2526 dam
2381 2471 2476 2526 tibi
2503 2477 2817 2528 sententiain
2853 2491 3025 2532 meam
3076 2493 3322 2546 promere
3343 2489 3656 2546 statueram,
3680 2484 3788 2553 jam

2235 2576 2355 2616 eam
2383 2563 2596 2618 tandem
2628 2565 2912 2631 aliquando
2938 2568 3274 2623 concludam.
3302 2570 3434 2637 Quia
3457 2581 3512 2626 et
3539 2573 3584 2626 si
3611 2589 3788 2627 verum

2234 2660 2339 2718 est,
2363 2669 2486 2708 eum
2515 2656 2606 2724 qui
2657 2655 2817 2711 habet
2872 2673 3054 2722 unam,
3084 2675 3272 2715 mones
3313 2660 3511 2717 habere
3543 2665 3788 2729 virtutes,

2235 2757 2359 2798 eum
2384 2746 2474 2812 qui
2505 2759 2662 2799 unam
2709 2761 2814 2800 nun
2864 2745 3044 2810 habet,
3099 2750 3299 2803 nullam
3343 2750 3564 2819 habere,
3594 2769 3693 2809 nec
3717 2755 3793 2809 sic

2237 2845 2454 2901 peccata
2492 2843 2616 2888 sunt
2659 2836 2826 2905 paria,
2855 2837 2977 2905 quia
3009 2837 3097 2892 ubi
3145 2841 3315 2893 virtus
3359 2841 3503 2893 nulla
3531 2850 3634 2905 est,
3663 2843 3792 2896 nihil

2239 2924 2454 2993 quidem
2505 2936 2709 2980 rectum
2740 2937 2844 2989 est,
2875 2943 2974 2982 nec
3004 2938 3179 2983 tamen
3226 2930 3346 2985 ideo
3391 2947 3497 2985 non
3524 2943 3609 3007 est
3637 2949 3793 3003 pravo

2238 3014 2476 3082 pravius,
2507 3013 2842 3084 distortaque
2868 3017 3168 3074 distortius.
3195 3020 3251 3074 Si
3298 3030 3472 3074 autem
3500 3022 3644 3092 quod
3673 3033 3796 3092 puto

2238 3119 2358 3160 esse
2381 3106 2583 3172 verius,
2614 3108 2888 3177 sacrisque
2919 3110 3114 3165 litteris
3139 3113 3544 3180 congruentius,
3572 3114 3645 3168 ita
3675 3124 3796 3169 sunt

2239 3201 2429 3252 animae
2472 3201 2820 3266 intentiones,
2854 3211 2912 3256 ut
2948 3204 3192 3272 corporis
3231 3204 3473 3258 membra
3517 3220 3626 3259 non
3658 3206 3796 3274 quod

2240 3287 2519 3343 videantur
2564 3289 2722 3355 locis,
2764 3290 2861 3346 sed
2890 3292 3033 3360 quod
3077 3293 3380 3348 sentiantur
3421 3293 3720 3361 allectibus,
3748 3307 3804 3350 et

2241 3380 2383 3433 aliud
2415 3380 2786 3435 illuminantur
2831 3383 3082 3450 amplius,
3111 3383 3256 3437 aliud
3286 3385 3482 3447 minus,
3509 3384 3656 3438 aliud
3683 3400 3797 3438 om-

2243 3471 2370 3526 nino
2398 3479 2544 3525 caret
2587 3471 2812 3539 lumine,
2841 3484 2896 3526 et
2923 3473 3210 3528 tenebroso
3240 3474 3578 3528 inumbratur
3619 3475 3788 3528 obsta-

2242 3565 2382 3626 culo,
2417 3561 2656 3630 proiecto
2685 3564 2753 3616 ita
2786 3573 2842 3618 ut
2883 3565 3123 3632 quisquis
3171 3565 3528 3619 illustrations
3578 3566 3678 3634 pia:
3708 3581 3800 3620 ca~

2244 3653 2414 3706 ritatis
2442 3652 2665 3706 aliectus
2689 3663 2792 3719 est,
2875 3655 3081 3725 1022
3156 3656 3209 3708 in
3231 3655 3340 3708 alio
3367 3664 3488 3710 actu
3529 3659 3720 3726 magis,
3749 3658 3800 3709 in

2248 3744 2355 3799 alio
2403 3745 2602 3810 minus,
2631 3745 2684 3799 in
2715 3746 2900 3814 aliquo
2944 3746 3096 3810 nihil,
3125 3745 3206 3801 sic
3257 3755 3432 3815 potest
3456 3747 3561 3801 diei
3611 3749 3804 3802 habere

2249 3835 2430 3900 aliam,
2472 3845 2528 3889 et
2571 3836 2730 3888 aliam
2773 3851 2881 3888 non
2935 3835 3158 3899 habere,
3204 3836 3362 3889 aliam
3412 3836 3604 3906 magis,
3650 3837 3802 3888 aliain

2251 3926 2424 3979 minus
2455 3925 2654 3979 habere
2692 3925 2967 3979 virtutem.
2998 3925 3131 3980 Nam
3161 3935 3214 3980 et
3257 3925 3430 3995 major
3475 3936 3582 3989 est,
3609 3927 3664 3980 in
3707 3927 3808 3980 isto

2251 4017 2466 4082 caritas,
2497 4031 2655 4086 quam
2704 4015 2758 4070 in
2805 4016 2918 4080 illo,
2965 4027 3112 4070 recte
3161 4031 3445 4085 possumus
3488 4015 3704 4080 dicere;
3753 4027 3805 4070 et

2254 4109 2425 4176 aliqua
2475 4108 2532 4162 in
2577 4107 2701 4173 isto,
2732 4107 2875 4161 nulla
2913 4107 2965 4160 in
3012 4107 3122 4172 illo,
3167 4117 3422 4176 quantum
3476 4108 3706 4176 pertinet
3741 4108 3804 4161 ad

2254 4200 2529 4256 caritatem
2557 4215 2673 4266 qua:
2702 4199 2780 4269 (ct)
2809 4199 2976 4268 pietas
3019 4208 3124 4264 est,
3150 4207 3204 4254 et
3228 4199 3281 4252 in
3311 4200 3428 4267 ipso
3453 4215 3561 4252 uno
3591 4199 3804 4254 homine

2251 4291 2391 4359 quod
2420 4292 2675 4357 majorem
2706 4289 2900 4349 habeat
2931 4288 3237 4358 pudicitiam
3260 4329 3274 4354 ,
3293 4305 3452 4358 quam
3479 4291 3802 4359 patientiam,

2251 4391 2302 4433 et
2335 4380 2591 4448 majorem
2639 4378 2798 4432 hodie
2823 4392 2982 4447 quam
3027 4379 3164 4444 heri,
3195 4380 3240 4432 si
3287 4379 3516 4448 prolicit,
3542 4388 3600 4434 et
3639 4380 3808 4433 adhuc

2252 4486 2359 4524 non
2410 4471 2604 4525 habeat
2651 4471 3062 4536 continentiam,
3087 4481 3144 4526 et
3193 4470 3386 4526 habeat
3436 4485 3545 4526 non
3595 4486 3808 4540 parvam

2253 4561 2692 4618 misericordiam.
2727 4581 2748 4614 ι

2325 4656 2411 4709 15.
2460 4672 2480 4706 ι
2517 4655 2584 4709 Ει
2612 4662 2670 4709 ut
2710 4654 3032 4724 generaliter
3073 4652 3410 4722 breviterque
3448 4653 3800 4721 complectar,

2254 4761 2412 4816 quam
2438 4746 2506 4801 de
2531 4747 2730 4801 virtute
2753 4747 2978 4802 habeam
3007 4745 3110 4817 [al.
3142 4744 3333 4817 habeo]
3359 4746 3654 4809 notionem,
3674 4743 3814 4810 quod

2254 4837 2320 4891 ad
2349 4845 2496 4892 recte
2525 4837 2808 4892 vivendum
2833 4838 3042 4903 attinet,
3071 4835 3320 4892 VIRTUS
3347 4835 3474 4890 EST
3501 4835 3810 4898 CAlllTAS,

2255 4945 2357 4996 qua
2419 4928 2474 4982 id
2523 4928 2668 4997 quod
2709 4927 3037 4998 diligendum
3093 4934 3216 4992 est,
3267 4924 3530 4994 diligitur.
3582 4923 3711 4979 llaec
3762 4923 3814 4977 in

2256 5022 2375 5074 aliis
2407 5022 2600 5088 major,
2631 5021 2681 5073 in
2707 5021 2829 5074 aliis
2857 5021 3054 5084 minor,
3086 5020 3138 5073 in
3164 5018 3286 5072 aliis
3313 5018 3459 5072 nulla
3485 5026 3590 5081 est,
3623 5016 3818 5086 plenis-

2257 5113 2390 5166 sima
2442 5127 2573 5167 vero
2615 5127 2734 5179 qua:
2776 5110 2887 5178 jam
2940 5124 3048 5164 non
3101 5119 3272 5176 possit
3319 5107 3542 5171 augeri,
3569 5104 3820 5175 quamdiu

2260 5205 2419 5258 homo
2451 5204 2537 5256 hic
2560 5202 2712 5267 vivit,
2741 5210 2827 5256 est
2851 5203 2904 5254 in
2946 5201 3198 5255 nemine:
3224 5199 3480 5268 quamdiu
3515 5208 3700 5254 autem
3724 5213 3792 5252 au

2256 5296 2368 5364 geri
2417 5302 2608 5363 potest,
2639 5290 2878 5361 profecto
2918 5291 3050 5346 illud
3090 5289 3234 5360 quod
3283 5291 3462 5345 minus
3509 5299 3594 5344 est
3646 5303 3804 5356 quam

2258 5385 2439 5449 debet,
2465 5397 2534 5437 ex
2573 5382 2705 5436 vitio
2742 5392 2845 5436 est.
2880 5382 2958 5436 Ex
2989 5395 3096 5449 quo
3135 5378 3266 5433 vitio
3309 5393 3418 5433 non
3447 5385 3533 5433 est
3565 5377 3746 5446 justus
3769 5377 3821 5431 in

2261 5482 2423 5534 terra,
2449 5471 2540 5540 qui
2563 5470 2726 5526 iaciat
2753 5471 2976 5538 bonum,
2999 5480 3056 5525 et
3079 5484 3185 5523 non
3214 5477 3422 5537 peccet.
3444 5471 3528 5522 Ex
3555 5481 3665 5537 quo
3698 5467 3824 5520 vitio

2258 5576 2365 5617 non
2413 5561 2794 5632 justiticabitur
2832 5563 2887 5616 in
2914 5569 3202 5631 conspectu
3250 5559 3345 5614 Dei
3372 5559 3549 5615 omnis
3596 5559 3801 5615 vivens.

2323 5700 2394 5809 (ἵ)
2426 5698 2660 5760 Corrupte
2681 5696 2760 5748 alii
2782 5710 3017 5762 egressus.
3133 5755 3142 5763 .
3245 5752 3255 5761 ι

2325 5767 2339 5809 t
2387 5765 2402 5809 l
2437 5761 2619 5809 Erasini.
2648 5766 2700 5808 et
2723 5759 2942 5807 Martiali.
2965 5769 3073 5809 una:
3092 5760 3253 5809 ῃιειίιιι

2325 5759 2402 5824 (ii)
2437 5759 2619 5810 Erastn.
2648 5766 2700 5808 et
2723 5759 2942 5807 Martiali.
2965 5769 3073 5818 qua:
3091 5759 3278 5814 pictatis
3300 5760 3385 5802 est.
