4080 6340
259 521 482 590 Propter
513 513 655 586 quod
684 512 889 578 vitium,
935 511 980 565 si
1023 507 1296 565 dixerimus
1318 546 1336 574 ,
1389 506 1510 580 quia
1562 514 1818 577 peceatum

256 625 359 664 non
411 607 668 670 habemus,
725 602 1046 670 nosmetipsos
1095 599 1375 653 seducimus
1392 637 1408 664 ,
1455 606 1502 651 et
1550 597 1728 649 ueritas
1765 595 1820 648 in

257 698 398 754 nobis
446 713 547 750 non
589 705 662 750 est
707 693 726 764 (
757 695 806 749 l.
836 692 994 746 Joan.
1014 693 1065 746 1.
1092 691 1184 759 8).
1222 689 1446 758 Propter
1464 686 1609 758 quod
1635 688 1818 753 etiam,

256 787 644 860 quantumlibet
686 783 1091 855 profecerimus,
1139 780 1502 836 necessarium
1545 786 1629 832 est
1669 777 1823 832 nobis

255 881 456 942 dicere,
502 878 710 932 Dimitte
765 877 904 930 nobis
952 874 1116 928 debita
1157 881 1329 926 nostra
1375 870 1594 941 (Matth.
1624 867 1820 939 6.12),

255 987 380 1038 cum
409 972 524 1042 jam
565 973 743 1024 omnia
793 969 846 1022 iu
896 967 1183 1035 baptismo,
1209 963 1374 1027 dicta,
1409 963 1570 1025 iacta.
1595 961 1824 1031 cogitata

254 1061 474 1118 dimissa
505 1061 634 1116 sint.
664 1058 740 1130 (a)
773 1057 932 1112 Videt
967 1057 1168 1125 itaque,
1195 1054 1286 1124 qui
1312 1061 1460 1108 recte
1489 1051 1653 1120 videt,
1685 1049 1825 1106 unde

255 1162 312 1207 et
340 1153 556 1223 quando
583 1160 638 1206 et
659 1149 747 1204 ubi
789 1147 1052 1217 speranda
1081 1147 1152 1200 sit
1177 1146 1264 1199 illa
1295 1143 1574 1214 perfectio.
1604 1141 1689 1195 cui
1718 1156 1824 1196 non

253 1242 326 1298 sit
349 1240 489 1311 quod
507 1239 666 1309 adjici
685 1237 892 1308 possit?
915 1236 972 1292 Si
995 1250 1174 1292 autem
1204 1241 1469 1304 praecepta
1498 1247 1604 1286 non
1624 1237 1822 1296 essent,

255 1348 362 1388 non
393 1335 578 1403 utique
618 1339 764 1386 esset
793 1328 883 1384 ubi
923 1343 984 1383 se
1027 1328 1188 1382 homo
1234 1327 1434 1380 certius
1461 1324 1748 1394 inspiceret
1771 1329 1828 1375 et

253 1423 466 1480 videret
497 1423 637 1477 unde
667 1430 1022 1484 averteretur,
1046 1431 1152 1486 quo
1179 1425 1488 1477 conaretur,
1518 1427 1681 1482 quare
1707 1425 1826 1481 gra-

254 1515 542 1576 tularetur,
587 1511 714 1581 quid
761 1517 1092 1580 precaretur.
1137 1507 1328 1578 Magna
1356 1516 1441 1561 est
1469 1518 1597 1574 ergo
1626 1503 1825 1557 utilitas

258 1614 673 1675 prazceptorum,
701 1603 748 1658 si
796 1602 970 1657 libero
1018 1599 1245 1655 arbitrio
1294 1606 1500 1654 tantum
1545 1596 1721 1660 detur,
1769 1602 1828 1649 ut

251 1697 424 1768 gratia
456 1695 549 1749 Dei
577 1693 810 1762 amplius
840 1692 1189 1747 honoretur.s

324 1784 417 1840 16.
459 1783 666 1840 Salutio
691 1782 1002 1853 qwstionis.
1025 1805 1099 1821 -
1123 1799 1144 1832 ι
1189 1779 1322 1847 Quae
1349 1777 1394 1832 si
1422 1777 1494 1831 ita
1525 1790 1583 1831 se
1607 1774 1825 1836 habent,

252 1876 398 1932 unde
418 1877 513 1932 lict
536 1877 776 1932 omnium
803 1890 948 1938 rens,
971 1874 1018 1928 si
1047 1874 1103 1928 in
1134 1887 1244 1927 uno
1272 1869 1530 1931 oﬂ‘eudat.
1547 1869 1638 1938 qui
1662 1877 1824 1920 totam

252 1967 451 2040 Legem
479 1967 816 2023 servaverit?
863 1967 949 2020 An
996 1963 1134 2019 forte
1179 1963 1304 2033 quia
1346 1960 1621 2032 plenitudo
1669 1958 1829 2026 Legis

253 2060 450 2116 caritas
475 2067 559 2114 est
587 2058 764 2128 (Rom.
796 2057 885 2113 13.
932 2055 1023 2126 10)
1049 2094 1064 2119 ,
1107 2068 1211 2123 qua
1258 2053 1400 2107 Deus
1448 2049 1827 2118 proximusque

252 2149 515 2220 diligitur.
569 2150 622 2204 in
674 2147 866 2218 quibus
919 2145 1204 2215 praeceptis
1256 2142 1526 2204 caritatis,
1575 2150 1678 2192 tota
1723 2138 1828 2190 Lca:

255 2243 435 2312 pendet
478 2255 526 2296 et
580 2241 850 2308 Propheta:
893 2238 1105 2309 (Matth.
1134 2235 1226 2289 2‘2.
1259 2235 1374 2304 40),
1406 2233 1596 2287 merito
1623 2233 1680 2284 lit
1707 2245 1828 2282 reus

255 2335 517 2395 omnium,
547 2333 636 2401 qui
662 2340 850 2386 contra
880 2331 1024 2384 illam
1073 2327 1217 2391 facit,
1244 2327 1296 2380 in
1322 2342 1423 2393 qua
1455 2324 1687 2394 pendent
1711 2338 1828 2373 mn-

260 2425 390 2478 nia?
441 2423 610 2476 Nemo
641 2428 819 2474 autem
873 2427 1078 2489 peccat,
1108 2418 1212 2471 nisi
1259 2415 1517 2469 adversus
1565 2413 1709 2465 illam
1741 2415 1821 2464 la-

256 2511 476 2577 ciendo,
505 2511 630 2580 quia
673 2525 780 2563 non
807 2507 1160 2572 adulterabis,
1192 2522 1296 2559 non
1350 2501 1694 2558 homicidium
1751 2500 1829 2554 la-

255 2603 391 2665 cies,
435 2616 542 2655 non
596 2599 884 2666 luraberis,
928 2613 1035 2652 non
1085 2596 1454 2663 concupisces,
1486 2602 1541 2646 et
1589 2592 1633 2644 si
1687 2590 1827 2660 quod

257 2692 405 2748 aliud
433 2701 518 2748 est
555 2690 889 2752 mandatum.
921 2690 974 2743 in
1007 2689 1108 2742 hoc
1136 2702 1384 2741 sermone
1420 2684 1823 2753 recapitulatur,

256 2783 315 2838 in
358 2796 428 2838 eo
465 2781 609 2851 quod
653 2791 775 2844 est,
802 2780 992 2850 diliges
1035 2779 1340 2848 proximum
1384 2785 1529 2830 tuum
1577 2786 1827 2842 tanquam

256 2879 514 2948 teipsum.
574 2877 802 2933 Dilectio
856 2875 1084 2944 proximi
1142 2874 1338 2927 malum
1396 2885 1502 2924 non
1553 2879 1824 2938 operatur.

255 2968 534 3022 Plenitudo
580 2978 748 3022 autem
793 2966 941 3036 Legis
985 2975 1059 3019 est
1085 2965 1269 3018 caritas
1301 2962 1487 3032 (Rom.
1513 2962 1602 3014 15.
1629 2960 1681 3012 9.
1713 2959 1825 3024 10).

255 3057 428 3113 Nemo
451 3067 630 3113 autem
656 3057 833 3127 diligit
861 3056 1186 3125 proximum,
1214 3054 1314 3107 nisi
1345 3053 1571 3121 diligens
1621 3050 1826 3120 1023

258 3149 456 3216 Deum,
479 3157 535 3206 et
588 3149 691 3204 hoc
731 3159 986 3219 quantum
1027 3156 1198 3216 potest
1243 3146 1490 3214 proximo
1535 3144 1825 3212 impendat,

256 3259 420 3312 quem
477 3243 664 3312 diligat
741 3241 851 3313 [aL
907 3238 1110 3311 diligit]
1160 3248 1412 3307 tanquam
1465 3219 1734 3304 seipsum,‘
1773 3244 1831 3288 ut

257 3344 314 3388 et
344 3334 437 3390 ille
477 3334 658 3404 diligat
690 3333 879 3394 Deum.
907 3347 1066 3400 quem
1113 3331 1158 3384 si
1195 3332 1309 3398 ipse
1359 3345 1463 3382 non
1505 3327 1696 3394 diligit,
1734 3340 1830 3378 nec

256 3442 339 3492 se,
373 3440 474 3481 nec
500 3425 802 3494 proximum
829 3423 1021 3490 diligit.
1065 3423 1141 3476 Ac
1171 3435 1264 3488 per
1292 3419 1392 3472 hoc
1421 3420 1509 3487 qui
1541 3428 1700 3470 totam
1732 3416 1831 3469 Le-

255 3531 381 3586 gem
411 3516 729 3580 servaverit,
781 3513 936 3567 si'in
993 3527 1101 3566 uno
1148 3511 1456 3573 oll'enderit,
1487 3509 1544 3560 lit
1594 3507 1829 3558 otnninm

255 3619 426 3668 reus;
478 3604 602 3672 quia
641 3613 828 3658 contra
874 3603 1153 3656 caritatem
1196 3599 1345 3662 facit,
1391 3597 1532 3651 unde
1577 3607 1684 3650 tota
1725 3595 1832 3650 Lex

257 3695 481 3768 pendet.
536 3694 682 3748 licus
731 3694 908 3761 itaque
965 3692 1022 3744 lit
1066 3691 1328 3753 omnium,
1359 3686 1602 3742 faciendo
1648 3695 1834 3740 contra

256 3805 404 3851 eam,
434 3787 486 3842 in
513 3801 616 3856 qua
641 3785 878 3855 pendent
905 3783 1102 3836 omnia.
1125 3798 1145 3832 s

332 3880 422 3933 17.
469 3895 488 3927 ι
535 3875 641 3931 Cur
677 3889 809 3944 ergo
840 3889 945 3926 non
973 3872 1222 3926 dicantur
1249 3870 1398 3940 paria
1439 3870 1701 3939 peccata?
1751 3869 1836 3923 An

257 3973 400 4026 forte
426 3968 548 4038 quia
577 3967 746 4037 magis
785 3964 918 4019 facit
945 3973 1133 4018 contra
1157 3961 1458 4025 caritatem,
1487 3959 1578 4028 qui
1624 3960 1837 4028 gravius

258 4068 470 4132 peccat,
500 4058 699 4122 minus,
729 4056 818 4125 qni
850 4053 1056 4110 levius?
1087 4053 1153 4108 Et
1189 4053 1293 4107 hoc
1323 4052 1439 4120 ipso
1465 4049 1608 4120 quod
1638 4049 1835 4104 admit-

261 4153 348 4214 tit,
380 4149 438 4204 tit.
465 4150 677 4220 quidem
705 4147 945 4201 omnium
987 4159 1132 4208 reus,
1175 4143 1272 4198 sed
1318 4142 1535 4212 gravius
1584 4156 1834 4211 peccans,

259 4240 347 4296 vel
381 4239 432 4293 in
475 4237 717 4307 pluribus
749 4250 997 4305 peccans,
1031 4235 1201 4306 magis
1248 4247 1404 4297 reus;
1462 4233 1631 4286 levius
1656 4243 1836 4286 autem

259 4333 347 4388 vel
378 4332 430 4386 in
476 4329 818 4400 paucioribus
858 4338 1106 4398 peccans,
1145 4327 1322 4380 minus
1344 4340 1477 4384 reus
1506 4342 1518 4378 :
1551 4333 1696 4377 tanto
1725 4340 1838 4378 ma-

256 4425 380 4495 jore
426 4423 634 4478 scilicet
684 4431 856 4487 reatu,
888 4429 1093 4488 quanto
1142 4418 1394 4488 amplius.
1427 4425 1574 4471 tanto
1605 4416 1834 4483 minore,

263 4525 465 4586 quanto
509 4515 688 4570 minus
720 4513 1070 4583 peccaverit:
1122 4521 1303 4565 tamen
1332 4510 1580 4564 etiamsi
1629 4511 1682 4563 iu
1729 4523 1838 4562 uno

263 4605 574 4671 attenderit,
599 4619 724 4659 reus
747 4613 830 4658 est
872 4603 1137 4669 omnium,
1164 4603 1287 4670 quia
1315 4609 1500 4656 contra
1540 4615 1656 4655 eam
1689 4599 1834 4666 facit,

263 4699 320 4750 in
349 4711 452 4763 qua
482 4694 720 4763 pendent
749 4693 970 4746 omnia?
1015 4693 1145 4759 Quae
1175 4693 1219 4746 si
1248 4706 1372 4745 vera
1405 4701 1550 4755 sunt,
1579 4705 1646 4744 eo
1675 4690 1836 4745 modo

263 4797 320 4844 et
350 4786 480 4839 illud
517 4784 836 4846 absolvitur,
863 4782 1005 4850 quod
1031 4782 1108 4836 ait
1137 4783 1296 4834 homo
1324 4781 1485 4834 etiam
1531 4781 1837 4848 apostolica:

261 4879 490 4948 gratize:
526 4893 546 4928 ι
599 4873 668 4928 In
715 4873 886 4927 multis
933 4873 1066 4926 enim
1117 4870 1420 4938 offendimus
1473 4887 1642 4924 omnes
1692 4869 1832 4942 (Jac.

265 4970 322 5024 '5.
349 4968 432 5038 ἓ).
466 4984 486 5017 ι
523 4965 722 5021 Omnes
760 4963 904 5019 enim
933 4961 1277 5026 oﬂ'endimus,
1305 4961 1400 5017 sed
1425 4975 1562 5016 unus
1599 4965 1832 5030 gravius,

264 5061 399 5114 alius
429 5057 619 5111 levius.
652 5055 863 5122 Quanto
890 5053 1120 5122 quisque
1145 5051 1363 5122 gravius
1406 5051 1687 5121 leviusque
1715 5066 1836 5120 pec-

263 5147 486 5209 caverit,
509 5153 656 5198 tanto
676 5143 730 5196 in
754 5153 973 5212 peccato
997 5140 1386 5197 committendo
1413 5141 1606 5209 major,
1633 5149 1836 5211 quanto

269 5237 321 5290 in
352 5233 625 5304 diligendo
646 5232 756 5286 Deo
783 5240 839 5286 et
872 5231 1120 5300 proximo
1148 5233 1346 5287 minor.
1378 5233 1447 5288 Et
1470 5245 1658 5288 rursus
1684 5241 1836 5286 tanto

265 5327 443 5380 minor
466 5327 520 5379 in
549 5323 758 5393 peccati
781 5325 1202 5392 perpetratione,
1233 5333 1434 5394 quanto
1462 5324 1634 5394 major
1661 5323 1715 5378 in
1740 5323 1836 5380 Dei

263 5425 320 5471 et
349 5414 577 5484 proximi
612 5412 926 5468 dilectione.
956 5411 1128 5467 Tanto
1175 5414 1352 5482 itaque
1395 5416 1604 5484 plenior
1643 5414 1836 5485 iniqui-

265 5508 410 5569 tatis,
437 5513 638 5576 quanto
680 5503 892 5557 inanior
918 5503 1176 5557 caritatis.
1208 5504 1272 5557 Et
1299 5515 1422 5560 tunc
1467 5505 1690 5576 perfecti
1737 5521 1834 5560 su-

265 5612 385 5653 mus
413 5597 464 5650 in
493 5593 734 5660 caritate,
761 5592 973 5663 quando
1001 5592 1137 5646 nihil
1163 5603 1328 5648 restat
1353 5610 1419 5649 ex
1449 5595 1778 5658 inﬁrmitate.
1809 5617 1831 5652 ι

327 5736 398 5793 (a)
431 5734 584 5783 Iidem
619 5733 767 5782 etiam
797 5733 890 5781 sub
919 5729 1255 5793 interrogandi
1277 5739 1391 5781 nota
1414 5729 1618 5793 inﬂue.
1659 5745 1684 5776 ο
1711 5729 1835 5791 Quid

262 5791 456 5858 itaque,
475 5797 560 5859 qui
579 5800 720 5846 recte
743 5794 894 5856 videt,
916 5792 1050 5843 videt
1069 5791 1199 5842 unde
1213 5829 1228 5854 ,
1257 5801 1309 5844 et
1329 5792 1536 5856 quando,
1556 5807 1576 5837 ι
1607 5801 1706 5842 etc.

1553 388 1882 450 EPISTOLA
1913 388 2178 452 CXXXII.

2617 293 2732 302 η...-
2780 279 2838 302 ι...

3349 406 3491 466 ιιω

1995 506 2088 562 18.
2135 525 2155 564 ι
2201 505 2312 565 Nec
2355 523 2488 566 sane
2509 519 2764 580 qusnmm
2803 513 3034 573 arbitror
3078 517 3369 587 putandum
3398 532 3490 578 est

1923 595 2041 654 leve
2065 612 2186 654 esse
2231 609 2508 669 peccatum
2550 603 2603 656 in
2635 618 2980 672 personarum
3021 612 3353 680 acceptione,
3382 612 3486 668 ba-

1923 687 2052 744 bere
2077 689 2237 744 ﬁdem
2269 690 2479 746 Domini
2510 694 2677 747 nostri
2705 694 2832 750 Jesu
2860 697 3059 754 Christi
3085 739 3103 764 ,
3143 701 3190 755 si
3219 702 3366 757 illam
3403 702 3490 758 di-
3593 727 3595 730 ⁴

1922 777 2170 832 stantiam
2195 779 2415 836 sedendi
2437 796 2500 836 ac
2526 782 2702 838 standi
2722 784 2790 838 ad
2818 785 3048 843 honores
3071 789 3486 850 Ecclesiasticos

1924 866 2243 926 referamus.
2274 870 2406 939 Quis
2446 873 2589 926 enim
2631 870 2774 928 ferat
2799 875 2924 946 eligi
2965 879 3187 936 divitem
3213 883 3281 937 ad
3307 883 3493 942 sedem

1926 953 2145 1014 honoris
2184 960 2462 1027 Ecclesiae,
2493 970 2806 1033 contempto
2845 981 3081 1037 paupere
3123 971 3491 1042 instructiore,
3563 959 3568 964 ’

1925 1057 2088 1118 atque
2113 1053 2426 1108 sanctiore?
2469 1054 2524 1108 Si
2565 1063 2743 1110 autem
2771 1055 2839 1111 de
2877 1059 3198 1127 quotidianis
3222 1067 3493 1122 consessi-

1927 1137 2026 1192 bus
2073 1141 2326 1209 loquitur,
2356 1146 2475 1213 quis
2501 1161 2606 1199 non
2637 1145 2761 1202 hinc
2805 1145 2916 1220 [ιιι.
2943 1149 3059 1212 hic]
3099 1162 3306 1220 peccat.
3334 1155 3381 1210 si
3408 1165 3493 1211 ta-

1926 1242 2048 1282 men
2075 1241 2280 1299 peccat,
2314 1234 2416 1286 nisi
2460 1248 2581 1288 cum
2611 1237 2752 1305 apud
2782 1238 3023 1310 seipsum
3063 1239 3206 1297 intus
3246 1244 3316 1297 ita
3344 1246 3494 1314 judi-

1925 1327 2047 1382 cat,
2105 1328 2164 1374 ut
2211 1321 2262 1375 ei
2306 1331 2452 1376 tanto
2505 1325 2717 1388 tuelior,
2767 1337 2966 1398 quanto
3013 1328 3176 1385 ditior
3227 1331 3320 1386 illo
3372 1349 3498 1392 esse

1927 1408 2191 1463 videatur.
2226 1411 2338 1466 lloc
2363 1413 2507 1467 enim
2535 1415 2744 1471 videtur
2773 1419 3106 1486 signiﬁcasse
3131 1436 3257 1484 cum
3281 1423 3444 1480 dicit:
3469 1443 3492 1479 s

1928 1499 2112 1555 Nonne
2124 1503 2369 1572 judicatis
2393 1507 2533 1573 apud
2555 1510 2874 1577 vosmetipsos
2895 1551 2910 1576 ,
2935 1523 2980 1564 et
3003 1512 3128 1580 [acti
3156 1514 3276 1569 estis
3289 1515 3497 1585 judices

1924 1595 2208 1662 iniquarum
2237 1597 2590 1665 cogitationum
2611 1600 2746 1668 (Jac.
2766 1600 2821 1654 ‘2.
2849 1599 2969 1672 4.)?
2996 1622 3016 1655 ι

2003 1686 2086 1740 l9.
2137 1703 2156 1737 ι
2201 1685 2312 1741 Lex
2341 1688 2516 1758 itaque
2561 1689 2827 1748 libertatis
2876 1692 2960 1747 lex
3009 1693 3254 1750 caritatis
3294 1705 3400 1764 est,
3427 1697 3498 1754 de

1927 1790 2029 1845 qua
2057 1775 2206 1830 dicit.
2244 1795 2264 1829 ι
2299 1779 2354 1833 Si
2383 1787 2561 1834 tamen
2615 1782 2874 1850 perficitis
2900 1784 3071 1854 legem
3120 1786 3380 1855 regalem,
3410 1801 3502 1844 se-

1926 1868 2162 1923 cundum
2212 1870 2542 1940 Scripturas,
2591 1874 2781 1944 diliges
2824 1876 3125 1944 proximum
3177 1875 3280 1950 [aL
3326 1880 3500 1949 protei.

1927 1977 2066 2013 mum
2110 1961 2282 2034 tuum]
2313 1965 2456 2020 sicut
2505 1967 2760 2035 teipsum,
2794 1967 2933 2022 bene
2981 1967 3178 2022 facitis.
3208 1969 3268 2024 Si
3319 1980 3502 2026 autem

1930 2067 2192 2120 personas
2226 2055 2487 2124 accipitis,
2513 2067 2788 2125 peccatum
2821 2059 3140 2124 operamini,
3169 2059 3438 2129 redarguti
3466 2075 3499 2114 a

1927 2140 2090 2210 Lege,
2125 2151 2374 2212 tanquam
2406 2157 2850 2216 transgressores.
2877 2166 2896 2199 ι
2931 2148 2996 2202 Ει
3027 2159 3147 2217 post
3190 2150 3337 2206 illam
3365 2166 3504 2206 sen-

1931 2233 2150 2286 tentiam
2179 2237 2244 2287 ad
2280 2234 2682 2303 intelligendum
2725 2239 3096 2293 difﬁcillimam
3127 2239 3194 2295 de
3219 2256 3326 2310 qua
3369 2243 3508 2298 satis

1927 2324 2056 2384 disi,
2077 2323 2218 2392 quod
2235 2325 2519 2379 dicendum
2545 2329 2744 2396 putavi,
2764 2329 3007 2382 eamdem
3035 2330 3206 2399 legem
3233 2331 3503 2386 libertatis

1934 2411 2144 2484 1024
2213 2429 2672 2472 commemorans:
2702 2436 2720 2470 ι
2752 2417 2841 2470 Sic
2884 2420 3140 2487 loquimini
3161 2462 3177 2481 ,
3211 2422 3418 2491 inquit,
3455 2431 3504 2476 et

1926 2504 1998 2556 sic
2030 2505 2181 2571 facite
2202 2520 2221 2558 :
2243 2505 2370 2558 sicut
2408 2523 2496 2575 per
2523 2507 2677 2577 legem
2707 2507 2946 2562 libertatis
2970 2510 3258 2579 incipientes
3275 2512 3507 2582 judicari

1929 2592 2089 2662 (Jac.
2151 2596 2205 2654 Ξ,
2264 2596 2401 2664 12).
2458 2614 2477 2649 ι
2537 2597 2603 2651 Et
2659 2599 2908 2668 quoniam
2971 2601 3096 2668 quid
3159 2602 3319 2656 Paulo
3379 2613 3508 2658 ante

1927 2686 2140 2752 dixerit,
2168 2689 2356 2742 novit:
2391 2706 2412 2740 ι
2455 2691 2690 2760 quoniam
2732 2691 2784 2744 in
2838 2693 3006 2745 multis
3055 2691 3355 2758 oﬂ‘eudimus
3395 2711 3506 2748 om-

1929 2793 2016 2831 nes
2075 2794 2090 2831 :
2158 2797 2178 2830 ι
2227 2779 2464 2848 suggerit
2513 2781 2836 2835 dominicam
2886 2793 3134 2852 tanquam
3179 2783 3508 2852 quotidianis

1929 2870 2315 2938 quotidianam,
2345 2872 2444 2925 etsi
2495 2872 2806 2938 levioribus,
2847 2882 3024 2928 tamen
3055 2875 3362 2929 vulneribus
3387 2890 3505 2930 me-

1928 2961 2180 3014 dicinam.
2222 2981 2241 3014 s
2283 2951 2545 3016 Judt’cium
2583 2964 2714 3017 enim
2739 3005 2754 3028 ,
2786 2965 2979 3033 inquit,
3025 2965 3133 3018 sine
3159 2966 3509 3019 misericordia

1929 3051 2044 3116 illi,
2090 3053 2175 3122 qui
2216 3069 2314 3106 non
2359 3055 2481 3124 facit
2537 3055 2927 3110 misericordiam
2973 3054 3135 3126 (Ibid.
3166 3056 3278 3127 l3).
3315 3074 3334 3108 ι
3372 3056 3509 3112 Hinc

1929 3145 2068 3198 enim
2113 3153 2165 3198 et
2197 3145 2449 3201 Dominus
2493 3163 2506 3200 :
2567 3166 2587 3199 ι
2637 3146 2904 3213 Dimittite,
2933 3149 3134 3218 inquit,
3163 3157 3209 3202 et
3234 3147 3511 3202 dimittetur

1928 3235 2062 3286 vobis
2085 3249 2104 3287 :
2133 3235 2280 3298 date,
2323 3245 2370 3288 et
2409 3236 2607 3288 dabitur
2657 3237 2791 3290 vobis
2840 3237 2858 3307 (
2880 3236 3005 3290 Luc.
3046 3237 3101 3292 6.
3133 3238 3256 3306 57).
3289 3238 3361 3307 (b)
3403 3237 3511 3290 Su-

1931 3325 2235 3392 peretrsttltat
2277 3335 2440 3379 autem
2483 3327 2824 3380 misericordia
2859 3328 3056 3396 judicio
3087 3328 3105 3396 (
3133 3326 3253 3384 Jac.
3274 3327 3328 3381 2.
3356 3329 3424 3384 15
3444 3329 3508 3398 );

1937 3430 1956 3464 ι
2005 3430 2109 3468 non
2166 3416 2364 3470 dictum
2418 3426 2536 3481 est,
2585 3419 2750 3472 vincit
2803 3419 3170 3474 misericordia
3220 3419 3507 3488 judicium.

1931 3521 2038 3558 non
2067 3507 2208 3560 enim
2239 3515 2322 3562 est
2351 3507 2581 3563 adversa
2607 3509 2830 3576 judicio.
2860 3510 2952 3563 sed
3003 3527 3021 3559 ι
3075 3510 3507 3578 superexsultat:

1939 3614 1958 3646 ι
2004 3597 2126 3665 quia
2168 3598 2353 3666 plures
2407 3614 2504 3667 per
2547 3599 2970 3652 misericordiam
3024 3601 3364 3667 colliguntur,
3410 3599 3509 3654 sed

1933 3688 2021 3756 qui
2055 3687 2479 3742 misericordiam
2521 3691 2907 3757 prtestiterunt.
2950 3689 3096 3742 Beati
3130 3690 3272 3742 enim
3303 3690 3510 3742 miseri-

1934 3778 2144 3842 cordes,
2177 3779 2299 3847 quia
2328 3779 2454 3845 ipsis
2479 3779 2816 3832 miserebitur
2849 3778 2986 3831 Deus
3017 3776 3238 3846 (Matth.
3272 3777 3326 3832 5.
3353 3777 3384 3831 Ἰ
3406 3777 3445 3847 ).
3481 3795 3503 3829 s

2005 3869 2096 3923 20.
2143 3889 2162 3921 ι
2210 3870 2274 3924 Ει
2301 3870 2404 3926 hoc
2441 3871 2622 3940 utique
2644 3870 2842 3940 justum
2875 3880 2975 3933 est,
3012 3881 3063 3924 ut
3089 3871 3383 3924 dimittatur
3407 3871 3507 3936 eis,

1935 3964 2061 4030 quia
2108 3960 2446 4026 dimiserunt,
2476 3971 2532 4014 et
2559 3961 2718 4014 detur
2746 3963 2847 4023 eis,
2879 3961 3003 4030 quia
3051 3960 3334 4014 dederunt.
3367 3960 3512 4015 Inest

1936 4055 2131 4123 quippe
2182 4053 2293 4106 Deo
2337 4064 2392 4107 et
2440 4052 2806 4107 misericordia
2835 4052 3118 4121 judicanti,
3153 4061 3206 4105 et
3250 4050 3508 4120 judicium

1936 4145 2234 4210 miseranti,
2271 4155 2488 4215 propter
2510 4145 2650 4214 quod
2681 4145 2729 4198 ei
2775 4144 2990 4206 dicitur,
3028 4161 3046 4194 ι
3089 4143 3509 4198 Misericordiam

1936 4247 1989 4292 et
2014 4237 2270 4306 judicium
2301 4238 2528 4292 cantabo
2556 4237 2654 4292 tibi
2685 4237 2909 4291 Domine
2937 4234 3052 4306 (Ps.
3079 4234 3298 4306 100.1).
3326 4253 3344 4286 i
3377 4233 3510 4288 Nam

1937 4329 2180 4400 quisquis
2204 4329 2354 4384 velut
2383 4331 2604 4383 nimium
2635 4330 2834 4398 justus,
2865 4327 3120 4397 judicium
3152 4325 3268 4382 sine
3299 4326 3511 4380 miseri-

1936 4419 2142 4483 cordia,
2192 4423 2343 4491 quasi
2387 4437 2611 4476 securus
2658 4428 2936 4490 expectat,
2985 4421 3117 4473 iram
3162 4418 3509 4488 iustissimam

1938 4520 2214 4583 provocat,
2242 4527 2399 4580 quam
2449 4513 2642 4566 timens
2683 4513 2772 4565 ille
2817 4511 3001 4564 dixit:
3040 4527 3060 4560 ι
3115 4508 3192 4562 Ne
3242 4510 3409 4562 intres
3457 4509 3510 4564 in

1932 4603 2190 4674 judicium
2221 4618 2340 4658 cum
2381 4617 2537 4657 servo
2568 4611 2659 4656 tuo
2690 4599 2805 4673 (Ps.
2851 4599 2974 4654 142.
3004 4598 3085 4667 2).
3127 4616 3147 4650 ι
3180 4597 3333 4652 Unde
3374 4597 3512 4652 dici.

1937 4707 2024 4751 tur
2059 4695 2256 4766 p0pulo
2289 4695 2591 4750 contumaci
2618 4713 2632 4748 :
2670 4713 2688 4745 ι
2726 4693 2862 4761 Quid
2893 4692 3051 4746 vultis
3080 4704 3290 4746 mecum
3311 4690 3513 4759 judicio

1935 4785 2262 4841 contendere
2320 4784 2453 4856 (Jer.
2483 4785 2537 4837 2.
2568 4783 2730 4853 9.9.)?
2768 4802 2786 4835 ι
2817 4782 2950 4838 Cum
3003 4783 3145 4837 enim
3192 4795 3289 4835 rex
3340 4780 3512 4850 justus

1935 4875 2136 4931 sederit
2167 4875 2218 4928 in
2259 4873 2474 4939 throno,
2503 4876 2623 4942 quis
2648 4873 2962 4944 gloriabitur
2987 4881 3194 4926 castum
3219 4885 3279 4926 se
3307 4871 3512 4928 habere

1937 4969 2078 5020 cor?
2107 4967 2211 5018 Ant
2239 4965 2362 5034 quis
2406 4964 2722 5034 gloriabitur
2753 4963 3010 5018 mundum
3049 4977 3110 5018 se
3146 4975 3270 5018 esse
3311 4975 3340 5016 a
3383 4979 3521 5037 pec»

1935 5065 2057 5111 cato
2086 5055 2266 5126 (Prov.
2293 5054 2382 5108 20.
2411 5055 2468 5109 8.
2507 5063 2554 5108 et
2589 5054 2712 5124 9.)?
2741 5053 2872 5121 Qum
2901 5053 3062 5122 igitur
3101 5066 3227 5124 spes
3261 5063 3366 5120 est,
3408 5054 3512 5110 nisi
3596 5122 3598 5125 ι

1936 5147 2331 5220 superexsultet
2360 5146 2728 5203 misericordia
2767 5145 3010 5215 judicio?
3057 5144 3162 5202 Sed
3212 5159 3338 5214 erga
3389 5144 3511 5198 illos

1936 5243 2031 5314 qui
2077 5242 2510 5298 misericordiam.
2544 5242 2808 5305 iecerunt,
2841 5239 3107 5294 veraciter
3136 5235 3384 5301 dicendo,
3415 5233 3511 5288 Di-

1937 5338 2090 5392 mitte
2114 5336 2289 5403 nobis,
2323 5335 2392 5408 (ε)
2444 5335 2583 5390 sicut
2625 5342 2678 5389 et
2721 5349 2819 5388 nos
2849 5332 3166 5386 dimittimus
3205 5326 3418 5398 (Matth.
3449 5324 3506 5380 6.

1937 5427 2068 5499 12):
2097 5437 2154 5484 et
2199 5427 2319 5483 sine
2368 5425 2792 5482 murmuratione
2839 5421 3053 5477 dando:
3092 5419 3314 5471 hilarem
3363 5415 3506 5471 enim

2001 5606 2072 5669 (ο)
2106 5606 2161 5669 1n
2185 5604 2356 5656 Graeco
2377 5619 2663 5669 πκιενκατιιο
2687 5591 3261 5669 tiaram-sagae:

1933 5651 2587 5731 quE'qua:__Hpere§aﬁut
2599 5651 2716 5724 {et
2757 5671 2870 5706 mox
2901 5651 3150 5718 judicium
3177 5665 3267 5715 pro
3291 5651 3488 5714 judicia

1935 5724 2502 5792 (ἰυθωωῐηφάιιιιὶίηῖηε
2540 5784 2570 5792 ,.
2611 5784 2622 5792 .
2691 5781 2702 5792 .
2736 5778 2778 5792 ..

2004 5789 2065 5854 (c)
2104 5790 2298 5840 Addunt
2317 5784 2645 5843 Benedictinl,
2669 5781 2826 5832 debita
2845 5782 3027 5828 nostra.
