4080 6340
570 431 707 488 1H7

571 544 807 597 datorem
835 534 1006 606 diligit
1030 533 1170 588 Deus
1188 528 1265 600 (ἓ.
1284 521 1563 591 Cor.9.7).
1601 537 1619 571 ι
1652 518 1892 585 Denique
1919 518 2135 606 sanctus

572 632 802 689 Jacobus
827 602 1027 699 jamvex
1079 625 1182 677 isto
1209 622 1328 674 loco
1356 617 1425 671 de
1463 609 1862 699 misericordim
1886 602 2141 674 operibus

575 696 840 790 loquitur,
863 723 922 769 ut
957 728 1092 784 quos
1118 709 1468 766 vehementer
1510 703 1599 757 illa
1639 696 1897 790 sententia
1926 701 2140 747 torrue-

575 783 681 873 rat,
713 783 1041 868 consoletur,
1065 815 1186 856 cum
1214 797 1484 857 admonet,
1514 787 1782 861 quomodo
1819 783 1980 838 etiam
2009 792 2144 873 quo-

575 869 776 960 tidi-ana
827 905 1064 969 peccata,
1095 894 1213 948 sine
1233 889 1427 960 quibus
1455 884 1541 940 hic
1570 896 1678 936 non
1716 876 1934 937 vivitur,
1959 869 2144 969 quoti-

575 996 752 1053 dianis
775 990 1030 1048 remediis
1059 985 1361 1054 expientur,
1394 994 1460 1033 ne
1488 976 1652 1030 homo
1690 969 1780 1040 qui
1809 980 1930 1021 cum
1959 963 2011 1017 in
2034 973 2145 1054 uno

575 1086 881 1149 offenderit,
915 1083 973 1136 iit
1015 1052 1252 1135 omnium
1296 1087 1421 1127 reus
1465 1067 1604 1140 (Jac.
1633 1065 1687 1119 5.
1723 1058 1833 1132 16),
1864 1059 1918 1112 in
1959 1052 2151 1110 multis

576 1176 918 1240 oﬂeudcndo,
948 1175 1068 1243 quia
1108 1171 1160 1224 in
1191 1165 1372 1222 multis
1415 1157 1736 1214 oll’endimus
1775 1162 1984 1243 omnes,
2012 1159 2148 1243 pro-

579 1234 702 1342 pter
727 1234 978 1337 magnum
1003 1273 1249 1331 aggerem
1287 1261 1469 1308 reatus
1513 1247 1618 1311 sui,
1645 1239 1943 1342 minutatim
1983 1234 2152 1291 colle-

581 1333 748 1426 ctum,
782 1333 848 1410 ad
897 1351 1127 1409 tribunal
1174 1345 1312 1402 tauti
1355 1340 1551 1412 iudicis
1595 1333 1990 1426 perveniat,“
2029 1339 2147 1426 eam

579 1415 748 1522 quam,
786 1463 890 1502 non
931 1445 1058 1499 fecit
1097 1433 1520 1495 misericordiam
1580 1443 1686 1482 non
1735 1422 2008 1522 inveniat;
2053 1415 2157 1522 sed

582 1508 760 1612 potius
807 1533 1122 1594 dimittendo
1165 1541 1325 1600 atque
1367 1523 1543 1581 dando
1597 1524 1868 1572 mereatur
1913 1511 2014 1566 sibi
2062 1508 2152 1563 di-

587 1634 724 1689 mitti
753 1639 994 1703 pcccata,
1027 1623 1283 1692 reddique
1315 1616 1636 1688 promissa.»

651 1691 783 1777 πὶ
813 1691 1106 1774 Μιιιῑτιίίῐίχὶ
1137 1691 1326 1782 quibus
1353 1707 1443 1762 tibi
1476 1704 1690 1759 taedium
1719 1697 1960 1754 fortassis
1990 1691 2158 1746 infer-

583 1828 720 1876 rem,
764 1810 853 1881 qui
904 1808 1020 1862 haec
1072 1814 1248 1859 tamen
1295 1814 1415 1868 qua:
1460 1794 1746 1864 approbas,
1793 1803 1900 1842 non
1953 1797 2154 1881 exstiti-

583 1874 799 1973 διες-(α)
830 1901 1057 1960 discere,
1089 1895 1235 1966 quod
1261 1909 1322 1947 ea
1350 1891 1543 1944 docere
1570 1880 1916 1941 consuevisti.
1941 1878 1997 1934 Si
2029 1874 2156 1946 quid

589 2003 765 2049 autem
787 2004 868 2046 est
891 1991 944 2045 in
962 1990 1063 2050 eis,
1077 1995 1331 2057 quantum
1347 1981 1416 2036 ad
1430 1995 1542 2035 rem
1567 1980 1732 2047 ipsam
1753 1973 2010 2044 pertinet:
2036 1981 2157 2022 nam

585 2084 729 2155 quali
773 2082 984 2151 eloquio
1025 2077 1294 2145 explicata
1336 2073 1479 2134 sint,
1561 2064 1768 2138 1025
1844 2077 1954 2116 non
1971 2059 2158 2155 nuituis

589 2149 740 2230 curo.
757 2171 812 2228 Si
831 2149 954 2241 quid
973 2184 1102 2237 ergo
1121 2167 1171 2218 in
1191 2165 1269 2218 eis
1285 2172 1386 2225 est,
1401 2159 1542 2230 quod
1561 2157 1913 2211 eruditionem
1929 2149 2163 2204 offendat

589 2273 758 2327 tuam,
783 2239 967 2330 quﬁzeso
1007 2269 1066 2310 ut
1096 2252 1440 2310 rescribendo
1463 2249 1772 2309 admoneas,
1797 2253 1851 2298 et
1877 2257 1961 2295 me
1989 2239 2162 2294 corri-

589 2370 718 2422 gere
750 2367 854 2406 non
886 2349 1145 2419 graveris.
1177 2344 1367 2400 Infelix
1415 2351 1498 2395 est
1529 2354 1670 2392 enim
1714 2335 1804 2405 qui
1835 2349 1940 2387 non
1985 2338 2164 2384 tantos

592 2419 648 2497 et
686 2455 791 2496 tam
840 2448 1055 2494 sanctos
1100 2445 1310 2489 tuorum
1342 2431 1639 2485 studiorum
1669 2426 1882 2480 labores
1925 2429 1980 2475 et
2004 2419 2164 2488 digne

594 2533 844 2595 honorat,
877 2541 929 2586 et
957 2530 1025 2584 de
1070 2528 1154 2582 his
1194 2525 1421 2580 Domino
1455 2523 1563 2577 Deo
1608 2529 1810 2581 nostro,
1858 2513 2010 2585 cujus
2040 2527 2164 2566 mu-

591 2641 723 2678 nere
769 2624 890 2678 talis
938 2637 1018 2688 es,
1066 2619 1264 2690 gratias
1303 2618 1429 2686 agit.
1458 2613 1608 2670 Unde
1635 2627 1754 2664 cum
1785 2611 2035 2665 libentius
2060 2609 2168 2661 dc-

596 2717 753 2770 beam
775 2731 803 2768 a
831 2715 1068 2784 quolibet
1091 2712 1299 2766 discere
1327 2708 1466 2780 quod
1499 2706 1760 2760 inutiliter
1786 2705 1990 2773 ignoro,
2007 2719 2164 2772 quam

598 2805 899 2873 promptius
925 2802 1193 2874 quoslibet
1235 2801 1432 2855 docere
1471 2797 1613 2868 quod
1659 2796 1810 2860 scio;
1859 2803 2057 2865 quanto
2081 2794 2170 2862 ju-

599 2899 737 2953 stius
763 2899 859 2951 abs
890 2905 940 2950 te
976 2896 1076 2949 hoc
1105 2893 1342 2948 caritatis
1387 2891 1623 2945 debitum
1667 2887 1866 2956 ﬂagito,
1894 2887 2046 2955 cujus
2073 2887 2168 2939 do.

601 2991 773 3043 ctrina
798 2989 849 3043 in
880 2988 1096 3041 nomine
1124 2996 1177 3040 et
1205 2984 1471 3054 adjutorio
1511 2982 1718 3035 Domini
1750 2991 1951 3033 tantum
1981 2995 2031 3031 ιιι
2063 2977 2167 3030 La-

599 3079 710 3132 tina
744 3079 918 3148 lingua
949 3056 1340 3132 Ecclesiasticze
1367 3074 1556 3128 littera:
1581 3071 1776 3138 adjuL-u
1820 3081 1964 3134 sunt,
1996 3084 2167 3138 quan-

603 3179 713 3223 tum
738 3186 1005 3240 nunquam
1028 3178 1181 3223 antea
1207 3167 1533 3237 potuerunt?
1563 3163 1789 3217 Maxime
1810 3171 1984 3214 tamen
2010 3162 2167 3214 istam

599 3263 956 3316 sententiam:
996 3279 1014 3312 ι
1047 3261 1378 3328 Quicumque
1422 3267 1583 3310 totam
1639 3255 1806 3323 legem
1853 3251 2167 3315 servaverit,

604 3351 838 3405 offendat
858 3360 1033 3404 autem
1067 3352 1118 3404 in
1147 3365 1274 3412 uno,
1303 3349 1473 3402 factus
1511 3355 1593 3399 est
1621 3344 1856 3397 omnium
1890 3357 2014 3394 reus
2047 3338 2170 3412 (Ja-

602 3441 714 3494 cob.
739 3440 795 3494 ‘2.
827 3442 916 3509 11))
940 3458 952 3492 :
1001 3458 1020 3492 ο
1057 3440 1099 3493 si
1130 3456 1236 3508 quo
1261 3440 1364 3492 alio
1395 3436 1552 3489 modo
1573 3432 1768 3503 exponi
1794 3431 1984 3484 melius
2011 3443 2168 3497 posse

605 3534 754 3610 novit
784 3541 868 3584 tua
911 3531 1146 3597 dilectio,
1177 3546 1270 3600 per
1299 3531 1577 3582 hominum
1607 3526 1856 3588 obsecro,
1892 3531 1950 3574 ut
1980 3520 2032 3574 id
2073 3536 2170 3572 no-

604 3623 806 3678 biscum
833 3624 1224 3679 communicare
1257 3621 1513 3692 digneris.
1579 3639 1598 3671 ι

1001 3737 1330 3793 EPISTULA
1368 3732 1626 3790 cxxxui
1656 3730 1755 3800 (b).

1067 3845 1134 3883 AD
1173 3828 1242 3898 (e)
1283 3837 1702 3882 creswuoureu.

1094 3921 1346 3972 Adversus
1386 3915 1678 3984 Pelagium.

619 4030 886 4101 Pelagiani
913 4032 1162 4102 dogmatis
1204 4029 1477 4087 insaniam,
1500 4026 1551 4078 in
1582 4023 1757 4092 primis
1777 4037 1888 4072 vero
1917 4023 2171 4084 ἀπαθιιαν,

678 4133 726 4174 et
754 4125 1110 4192 ἀναμαρτησίαν
1131 4160 1144 4180 ,
1175 4120 1274 4172 sive
1293 4117 1355 4170 ab
1390 4115 1548 4169 animi
1576 4111 2033 4184 perturbationibus
2078 4111 2174 4163 im-

677 4216 1006 4272 munitatem,
1057 4222 1103 4265 et
1146 4209 1550 4279 impeccautiant,
1604 4215 1786 4275 rogatu
1829 4202 2170 4271 Ctesiphontis

683 4304 886 4374 refellit,
921 4306 1183 4355 ostendens
1220 4318 1248 4354 e
1272 4314 1485 4368 quorum
1513 4297 1723 4350 cwnosis
1743 4294 1964 4363 [ciuibus
1993 4311 2172 4347 ntana-

676 4396 798 4449 rint.
829 4393 957 4447 Tum
981 4392 1232 4461 Bullinum
1254 4389 1534 4459 redarguit,
1552 4388 1635 4456 qui
1656 4386 1704 4440 X
1711 4387 1792 4439 isti
1821 4385 2172 4456 Pythagorici,

679 4488 770 4540 sub
811 4487 1014 4539 nomine
1060 4484 1198 4538 δίπτιί
1235 4482 1473 4552 martyris
1509 4497 1570 4532 ac
1618 4479 1837 4533 Romani
1879 4476 2175 4546 Pontiﬁcis,

683 4579 1024 4648 Pelagianam
1049 4593 1269 4630 errorem
1307 4575 1606 4627 redolentem
1646 4570 1828 4624 librum
1866 4569 2048 4624 Latine
2087 4572 2173 4624 in-

687 4676 986 4738 terpretatus
1014 4667 1097 4730 sit,
1133 4667 1384 4734 aliumque
1417 4663 1618 4717 Eusebii
1646 4661 1912 4731 Pamphili
1941 4679 2033 4732 pro
2060 4661 2178 4715 Ori-

688 4777 831 4830 gene,
853 4758 1129 4811 obtruderit
1165 4759 1308 4827 quasi
1337 4756 1594 4825 Pamphili
1639 4756 1900 4826 martyris.
1951 4754 2180 4824 Denique

689 4851 977 4919 pollicetur,
1006 4866 1120 4903 cum
1163 4866 1251 4919 per
1295 4839 1452 4904 otium
1501 4850 1719 4914 licuerit,
1738 4850 1882 4919 justo
1925 4849 2180 4902 volumine

688 4943 972 5012 Pelagiana
995 4942 1218 5012 dogmati
1241 4958 1294 4996 se
1322 4958 1700 5008 responsurum.

693 5034 745 5087 1.
779 5030 893 5086 Non
921 5032 1192 5095 audacter,
1220 5041 1277 5086 ut
1303 5030 1435 5086 falso
1479 5042 1651 5100 putas,
1679 5031 1775 5087 sed
1804 5038 2047 5084 amanter
2069 5037 2184 5082 stu-

619 5122 878 5191 dioseque
903 5122 1097 5185 fecisti,
1127 5131 1184 5175 ut
1210 5138 1397 5176 novam
1426 5122 1553 5175 mihi
1593 5139 1660 5176 cx
1708 5131 1889 5175 vetere
1942 5119 2186 5172 mitteres

680 5233 970 5345 g1“)i
1007 5240 1058 5283 et
1094 5231 1314 5285 Martian.
1351 5236 1541 5294 dicere,
1578 5237 1671 5284 nisi
1708 5233 1752 5283 si
1791 5231 2072 5296 typograpbi
2109 5237 2190 5281 est

617 5310 864 5345 mendum.

703 5357 750 5419 ὁ)
790 5357 862 5406 .4l.
887 5368 1083 5405 numero
1104 5362 1254 5407 caret.
1275 5357 1462 5419 Scripta
1483 5357 1651 5419 eodem
1666 5367 1796 5419 anno
1816 5353 1923 5419 415.

705 5411 755 5480 ε)
789 5419 844 5468 In
867 5419 1151 5480 quibusdam
1173 5419 1319 5480 codd.
1337 5411 1392 5480 et
1412 5418 1647 5480 antiquis._
1665 5416 1822 5480 Yatic.
1847 5412 1980 5462 olim.
2007 5411 2190 5480 Svenn-

618 5474 950 5541 rut'n'lteginze
970 5478 1080 5541 286.
1106 5480 1171 5528 ad
1193 5477 1496 5541 ctesifontem
1535 5474 1779 5541 Urbicium
1807 5481 2115 5541 praenotatur,
2138 5474 2192 5541 in

620 5540 729 5589 aliis
751 5540 809 5589 ad
824 5533 1142 5600 Etesifontem,
1161 5539 1241 5589 vel
1268 5533 1589 5600 tesiphontem
1618 5533 1859 5600 (triticum:
1875 5533 2077 5600 Orosius
2091 5539 2194 5582 (‘te-

620 5600 886 5665 siphontem
915 5593 1199 5665 simpliciter
1231 5593 1460 5665 appellat:
1489 5597 1620 5665 _Nec_‘
1630 5595 1946 5644 dubitandum
1983 5593 2193 5665 ridetur,

624 5653 790 5726 U'rb_ici
811 5653 1081 5726 cognomen
1103 5653 1317 5726 indituiri
1335 5663 1398 5710 ab
1421 5659 1565 5726 Urbe
1584 5653 2195 5726 Romna,_quemad'modum

626 5731 678 5786 et
709 5713 1151 5786 Zephii'inusupapa
1187 5723 1248 5770 ab
1276 5723 1462 5786 _(_)ptato
1484 5721 1517 5769 Ι.
1547 5721 1589 5769 1.
1617 5725 1675 5786 e_t_
1689 5713 1895 5765 Siricius
1929 5713 2196 5786 a__Paulir_io

625 5775 796 5844 Epist:
817 5785 862 5832 1.
902 5783 960 5830 ad
999 5775 1238 5830 Severum
1276 5775 1482 5832 Urbicus
1517 5779 1807 5844 appellatur,
1843 5789 1909 5844 ne
1943 5775 2095 5844 dicam
2127 5777 2196 5844 de

625 5837 773 5895 Paula
797 5844 971 5896 Urbica
994 5849 1048 5893 ut
1072 5851 1209 5893 vocat
1238 5837 1593 5907 Hieronymus;
1619 5844 1820 5904 aliisque
1845 5837 1970 5888 haud
2006 5839 2192 5900 paucis.

1851 399 2093 459 S‘ANCTI
2131 393 2513 452 HIEBONYMI'

3673 387 3840 451 11⁵48³.

2241 506 2614 574 quaestionem,
2661 520 2780 574 (piae
2829 514 2952 561 ante
3001 504 3218 559 litteras
3261 512 3380 556 tuas
3423 501 3714 571 plerosque
3758 502 3832 556 in-

2241 595 2460 650 Oriente
2485 597 2712 665 decepit,
2740 612 2809 650 ur
2835 612 2935 650 PER
2965 596 3267 650 simulatam
3310 593 3689 656 humilitatem,
3715 608 3825 648 su-

2242 687 2481 756 perbiam
2529 688 2832 753 discerent;
2879 696 2934 741 et
2973 687 3213 741 dicerent
3269 700 3391 740 cum
3459 685 3700 746 diabolo,
3749 682 3829 737 In

2243 780 2426 832 caelum
2448 779 2719 832 ascendam
2761 795 2779 832 :
2827 796 2981 849 super
3003 779 3172 832 sidera
3200 778 3310 831 caeli
3355 793 3542 848 ponam
3575 777 3819 830 thronum

2245 887 2432 936 meum,
2470 881 2521 924 et
2561 887 2644 926 ero
2669 871 2850 925 similis
2902 870 3158 924 Altissimo
3206 869 3363 938 (Isai.
3393 869 3479 924 14.
3518 867 3634 940 15).
3685 868 3831 933 Qua

2248 963 2387 1016 enim
2419 963 2709 1031 potest'alia
2740 962 2911 1032 major
2936 976 3057 1017 esse
3086 963 3382 1022 temeritas,
3402 976 3563 1031 quam
3585 959 3692 1014 Dei.
3719 961 3821 1014 sibi

2249 1065 2356 1104 non
2391 1051 2562 1106 dicam
2611 1052 3047 1116 similitudinem,
3080 1052 3182 1106 sed
3227 1051 3593 1119 :equalitatem
3635 1050 3820 1104 vindi-

2250 1155 2405 1204 care,
2450 1149 2504 1196 et
2553 1139 2698 1195 brevi
2738 1143 2998 1196 sententia
3099 1142 3308 1213 1026
3403 1143 3649 1196 omnium
3697 1141 3823 1195 Hae-

2251 1235 2536 1287 reticorum
2564 1249 2768 1287 venena
2799 1234 3237 1303 eomplecti,qu:e
3258 1234 3326 1287 de
3363 1232 3818 1302 Philosotihornm

2252 1331 2307 1378 et
2329 1324 2564 1378 maxime
2585 1323 2897 1395 Pythagorae
2917 1333 2970 1379 et
2991 1324 3220 1378 Zenonis
3241 1325 3496 1392 principis
3515 1322 3824 1378 Stoicorum

2253 1412 2398 1468 fonte
2447 1413 2777 1468 manarunt?
2816 1413 2897 1467 illi
2945 1416 3087 1468 enim
3141 1429 3260 1483 qua:
3305 1412 3488 1468 Gnaei
3536 1412 3814 1482 appellant

2255 1511 2411 1569 πάθη,
2459 1519 2560 1559 nos
2605 1505 3038 1574 perturbationes
3082 1519 3365 1573 possumus
3404 1503 3587 1557 dicere
3618 1503 3822 1572 :a-gri-

2257 1600 2492 1654 tudinem
2551 1599 2801 1654 videlicet
2839 1607 2893 1651 et
2935 1597 3229 1668 gaudium,
3283 1611 3433 1664 spem
3479 1605 3536 1651 et
3589 1605 3825 1650 metum:

2256 1706 2479 1760 quorum
2519 1691 2627 1745 duo
2675 1689 2984 1760 praesentia,
3016 1689 3122 1742 duo
3167 1689 3339 1742 futura
3393 1697 3539 1752 sunt,
3583 1697 3830 1742 asserunt

2256 1782 2510 1850 extirpari
2558 1797 2714 1851 posse
2751 1782 2818 1836 de
2864 1781 3154 1847 mentibus,
3185 1790 3240 1833 et
3279 1779 3477 1834 nullam
3507 1779 3700 1833 libram
3741 1795 3826 1832 ra-

2257 1872 2536 1941 dicemque
2565 1873 2813 1926 vitiorum
2845 1873 2897 1926 in
2926 1873 3141 1926 homine
3170 1872 3396 1925 omnino
3423 1871 3685 1932 residere,
3715 1886 3823 1925 me-

2259 1961 2519 2016 ditatione
2546 1971 2600 2016 et
2627 1961 2841 2016 assidua
2881 1961 3266 2016 exercitatione
3294 1962 3568 2014 virtutum.
3604 1960 3820 2014 Adver-

2261 2069 2378 2108 sum
2416 2069 2555 2124 quos
2600 2065 2654 2109 et
2700 2055 3064 2124 Peripatetici,
3096 2055 3186 2124 qui
3225 2055 3294 2108 de
3323 2054 3650 2108 Aristotelis
3683 2051 3823 2108 fonte

2261 2143 2632 2207 descendunt,
2681 2144 2971 2200 fortissime
3023 2145 3295 2213 disputant
3339 2161 3352 2197 :
3403 2155 3458 2196 et
3521 2143 3830 2196 Academici

2264 2234 2404 2298 novi,
2439 2249 2574 2303 quos
2617 2235 2824 2288 Tullius
2875 2238 3156 2305 sequitur;
3199 2243 3253 2289 ct
3299 2248 3508 2297 eorum,
3559 2247 3665 2286 non
3715 2232 3829 2287 dico

2265 2340 2352 2378 res
2380 2340 2497 2392 qum
2525 2326 2684 2379 nulla:
2708 2335 2865 2391 sunt,
2898 2325 2991 2378 sed
3023 2325 3240 2379 umbras
3265 2333 3320 2378 et
3350 2334 3468 2376 vota
3499 2325 3827 2377 subvertant.

2268 2415 2378 2468 lluc
2401 2426 2480 2469 est
2508 2416 2648 2468 enim
2677 2416 2752 2486 (Ι)
2783 2417 3053 2472 hominem
3086 2432 3152 2470 ex
3202 2417 3422 2470 homine
3446 2416 3664 2482 tollere,
3699 2428 3752 2470 et
3781 2419 3834 2470 iu

2267 2505 2481 2559 homine
2509 2508 2848 2560 constitutum
2880 2522 3000 2560 esse
3027 2508 3142 2560 sine
3162 2522 3386 2577 corpore
3411 2525 3424 2559 :
3457 2515 3512 2560 ct
3534 2507 3620 2576 (ά)
3653 2516 3832 2576 optare

2269 2595 2445 2664 potius
2488 2611 2645 2665 quam
2691 2594 2910 2660 docere,
2950 2596 3163 2650 dicente
3214 2597 3508 2665 Apostolo:
3543 2596 3704 2651 Miser
3751 2614 3838 2667 ego

2268 2689 2436 2751 homo,
2456 2689 2566 2753 quis
2587 2704 2665 2741 me
2688 2686 2918 2742 liberabit
2939 2688 3002 2742 de
3022 2705 3234 2756 corpore
3253 2699 3427 2743 morm
3449 2691 3642 2760 hujus?
3665 2690 3831 2760 (Rom.

2269 2779 2322 2833 7.
2351 2779 2469 2845 24.)
2497 2779 2566 2833 Ει
2592 2783 2712 2848 quia
2759 2780 3078 2850 Epistolaris
3110 2781 3345 2834 brevitas
3385 2797 3490 2834 non
3521 2789 3699 2849 potest
3727 2796 3834 2834 om-

2270 2870 2355 2922 nia
2381 2869 2859 2940 comprehendere,
2889 2870 3114 2924 strictim
3145 2872 3234 2925 tibi
3263 2871 3476 2926 vitanda
3505 2873 3828 2928 describam.

2274 2959 2424 3014 Unde
2455 2972 2506 3014 et
2531 2961 2658 3013 illud
2689 2961 3037 3027 Virgiliannin
3071 2973 3188 3015 est:

2343 3052 2482 3106 Iliae
2528 3065 2793 3117 metuunt,
2849 3056 3181 3125 cupiuntque,
3239 3055 3441 3118 dolent,
3491 3057 3834 3126 gaudentque,

3320 3164 3406 3200 ηεο
3436 3165 3596 3203 auras

2344 3237 2657 3306 Respiciunt,
2693 3239 2883 3292 clausa:
2909 3239 3123 3292 tenebris
3149 3249 3195 3292 et
3223 3256 3419 3292 carcere
3439 3256 3596 3294 caeco.

3295 3328 3536 3399 (IEneid.
3569 3330 3666 3384 lib.
3694 3332 3770 3402 6).

2273 3416 2402 3482 Quis
2431 3417 2574 3470 enim
2627 3427 2822 3485 potest,
2855 3427 2945 3470 aut
2979 3434 3085 3471 nou
3118 3420 3311 3486 gestire
3337 3418 3554 3487 gaudio,
3585 3431 3677 3473 aut
3716 3435 3840 3476 tuat-

2276 3521 2397 3560 rore
2440 3508 2722 3572 contrahi,
2750 3517 2843 3560 aut
2872 3523 2968 3576 spe
3009 3509 3214 3572 extolli,
3244 3491 3334 3560 aut
3376 3509 3572 3563 timore
3619 3510 3844 3563 terreri?

2274 3599 2638 3664 Quamobrem
2679 3612 2736 3655 et
2777 3601 3127 3670 gravissimus
3155 3601 3318 3655 Poeta
3361 3602 3592 3658 Flaccus
3635 3605 3841 3672 scripsit

2275 3688 2548 3759 in.Sntyra
2575 3707 2587 3741 :

2349 3781 2485 3834 Nam
2511 3781 2644 3834 vitiis
2672 3795 2817 3834 nemo
2838 3780 2944 3833 sine
2972 3782 3198 3833 nascitur
3221 3797 3240 3833 :
3266 3782 3488 3849 optimus
3514 3781 3606 3836 ille
3633 3791 3706 3836 est
3723 3825 3739 3848 ,

2349 3875 2449 3941 Qui
2475 3874 2694 3927 minimis
2712 3883 2918 3943 urgetur

2852 3962 3082 4031 (Honn.
3107 3963 3344 4018 Sermon.
3367 3964 3404 4017 ι.
3429 3965 3481 4018 1.
3504 3964 3773 4035 Satyr.3).

2344 4057 2398 4111 2.
2430 4055 2657 4111 Pulchre
2687 4055 2756 4127 (e)
2791 4057 3008 4126 quidam
3042 4065 3347 4110 nostrorum
3380 4059 3455 4110 ait
3488 4074 3503 4109 :
3537 4056 3845 4125 PluloSOphi

2277 4148 2592 4217 patriarcha:
2637 4147 3048 4211 Hmreticorum,
3097 4146 3352 4201 Ecclesia:
3398 4148 3686 4216 puritatem
3731 4163 3840 4216 per-

2276 4257 2431 4296 versa
2463 4241 2798 4295 inaculavere
2825 4240 3105 4303 doctrina;
3139 4249 3196 4292 ut
3223 4240 3464 4292 nesciant
3491 4239 3621 4294 illud
3652 4240 3839 4294 dictum

2278 4333 2346 4386 de
2371 4332 2600 4385 humana
2634 4329 2920 4399 fragilitate
2949 4344 2966 4381 :
2997 4327 3134 4392 Quid
3157 4328 3410 4398 gloriatur
3432 4338 3567 4382 terra
3597 4339 3647 4382 et
3681 4328 3843 4382 cinis!

2282 4424 2465 4496 (Eccli.
2501 4423 2587 4477 10.
2621 4421 2734 4492 19).
2767 4421 3062 4490 prmsertim
3095 4420 3177 4490 (ι’)
3231 4434 3352 4474 cum
3383 4418 3535 4474 idem
3560 4420 3849 4490 Apostolus

2279 4515 2421 4571 dicat
2450 4533 2463 4570 :
2499 4499 2664 4567 'Video
2691 4513 2848 4565 aliam
2876 4513 3031 4581 legem
3052 4511 3105 4562 in
3129 4511 3363 4564 membris
3386 4510 3532 4574 meis,
3559 4525 3843 4580 repugnan-

2285 4615 2382 4658 tem
2412 4605 2512 4675 legi
2553 4604 2736 4656 mentis
2781 4616 2925 4660 mete,
2954 4610 3002 4653 et
3040 4599 3310 4652 ducentem
3329 4613 3409 4652 nte
3431 4600 3486 4653 in
3515 4601 3846 4669 captivitatem

2285 4697 2460 4766 (Rom.
2489 4697 2542 4749 7.
2580 4694 2696 4765 25).
2730 4693 2796 4746 Ει
2823 4695 3018 4747 iterum
3051 4708 3064 4743 :
3100 4689 3222 4744 Non
3252 4691 3387 4744 enim
3412 4692 3551 4759 quod
3579 4691 3714 4757 volo,
3761 4690 3847 4743 hoc

2281 4804 2379 4856 ago
2408 4801 2427 4840 :
2465 4785 2554 4839 sed
2578 4784 2716 4853 quod
2757 4784 2897 4847 nolo,
2922 4781 2976 4834 id
3018 4797 3202 4850 operor
3254 4780 3418 4852 (Ibid.
3452 4779 3562 4852 19).
3609 4781 3665 4835 Si
3717 4778 3846 4851 quod

2285 4893 2391 4932 non
2423 4877 2537 4930 vult
2567 4883 2843 4944 operatur,
2876 4873 3148 4942 quomodo
3179 4884 3326 4927 stare
3365 4882 3545 4941 potest
3588 4873 3692 4928 hoc
3715 4871 3850 4940 quod

2285 4968 2499 5031 dicitur,
2533 4966 2697 5020 Posse
2743 4963 3014 5018 hominem
3045 4963 3162 5017 sine
3205 4973 3422 5032 peccato
3449 4977 3591 5027 esse,
3621 4963 3667 5016 si
3692 4960 3851 5017 veliti

2287 5059 2398 5126 Qua
2427 5060 2631 5112 ratione
2672 5067 2844 5126 potest
2869 5070 2988 5109 esse
3017 5053 3161 5125 quod
3187 5053 3314 5107 velit
3342 5093 3360 5118 ,
3445 5052 3656 5124 1027
3736 5065 3852 5107 cum

2357 5227 2428 5341 gd)
2465 5229 2650 5280 Eodem
2672 5240 2820 5277 sensu
2851 5227 2905 5276 S.
2930 5225 3231 5288 Augustinus
3263 5224 3349 5273 lib.
3389 5224 3436 5273 2.
3479 5232 3648 5275 contra
3683 5225 3852 5294 Julian.

2397 5330 2404 5337 .
2434 5305 2482 5340 η.
2507 5291 2584 5338 23.
2610 5297 2663 5338 et
2684 5289 2737 5338 S.
2759 5289 3042 5337 Ambrosius
3071 5287 3136 5336 de
3172 5287 3286 5341 tum
3307 5285 3472 5335 saeculi
3493 5298 3598 5341 cap.
3624 5287 3674 5337 1.
3704 5289 3754 5338 id
3773 5296 3852 5339 uoti

2291 5305 2337 5341 c.
2357 5285 2482 5341 8.'n.
2507 5291 2584 5338 23.
2610 5297 2663 5338 et
2684 5289 2737 5338 S.
2759 5285 3042 5350 Ambrosius
3071 5287 3136 5336 de
3172 5287 3286 5350 fuga
3307 5285 3472 5335 saeculi
3493 5298 3598 5348 cap.
3624 5287 3674 5337 1.
3704 5289 3754 5338 id
3773 5287 3859 5339 uoti

2291 5351 2445 5411 magis
2467 5364 2567 5399 esse
2589 5362 2732 5411 quam
2755 5349 2945 5411 effectus
2967 5349 3149 5411 dicunt.

2363 5405 2422 5475 (e)
2462 5405 3048 5475 Tertullianus'adyersus
3069 5409 3435 5475 Hermogenem
3458 5407 3619 5475 c._1X_.
3648 5425 3672 5456 α
3693 5409 3853 5475 Haere-

2297 5469 2500 5523 ticorum
2533 5472 2826 5533 Patriarcha:
2848 5471 3124 5533 PhiIOSOphi
3148 5483 3161 5518 :
3188 5485 3210 5514 ιι
3243 5469 3565 5533 idemquede
3588 5471 3860 5533 Praescript.

2298 5549 2342 5584 c.
2382 5534 2430 5583 7.
2478 5551 2500 5578 ι
2525 5533 2636 5595 ipso
2671 5531 2885 5594 denique
2924 5527 3142 5580 hereses
3179 5544 3207 5578 a
3243 5527 3559 5593 Philosophia
3598 5533 3692 5580 sub
3727 5527 3862 5581 orna-

2300 5603 2396 5652 tur,
2412 5611 2436 5639 ι
2466 5601 2562 5651 etc.

2367 5649 2424 5722 (f)
2454 5649 2648 5722 _Vi_t_io_se
2671 5666 2728 5703 ac
2749 5653 3071 5722 renuentibus
3097 5651 3213 5701 Mss.
3232 5649 3542 5700 Martiameus
3559 5661 3672 5715 post
3685 5653 3863 5704 Eram.

2298 5714 2492 5769 cum'de
2509 5717 2683 5766 iisdem
2705 5714 2966 5777 Apostolus,
2991 5721 3087 5764 etc.
3267 5773 3295 5777 _
3384 5745 3390 5777 ;

2360 5779 2434 5842 (1)
2469 5770 2768 5842 Expressnm
2793 5790 2863 5842 es
2890 5770 3129 5842 Cicerone
3156 5772 3319 5842 1ἱ1).5ζ
3347 5770 3550 5842 oﬂicior.
3581 5775 3746 5842 {quid
3767 5791 3867 5826 eum

2301 5831 2608 5897 so‘di'ssera's,
2631 5839 2715 5900 qui
2737 5839 2931 5890 omnino
2950 5838 3196 5889 hominem
3220 5845 3284 5884 ex
3306 5831 3506 5887 homine
3531 5831 3710 5887 tolla'tt
3731 5854 3754 5884 ι
