4080 6340
1596 334 1628 356 ι-

289 410 438 468 1119

299 525 587 596 Apostolus
647 533 852 583 asserat
918 537 978 578 se
1026 521 1170 592 quod
1219 521 1433 592 cupiat,
1483 522 1707 591 implere
1756 537 1864 577 non

285 615 498 686 posse?
529 615 768 684 Cumque
803 614 869 669 ab
895 614 974 667 eis
1011 613 1320 682 quaerimus,
1347 613 1435 682 qui
1466 613 1571 668 sint
1603 613 1700 679 illi,
1730 628 1866 682 quos

293 707 500 775 absque
527 714 759 776 peccato
794 713 1012 773 .putont,
1045 718 1181 757 nova
1229 703 1450 772 stropha
1499 702 1720 757 cludere
1765 717 1866 757 cu-

293 797 449 868 piunt
494 796 781 850 veritatem
810 812 825 849 :
857 810 915 850 se
963 809 1068 848 non
1125 809 1220 848 eos
1247 794 1452 860 dicere,
1482 794 1571 863 qui
1625 794 1754 859 sint,
1779 791 1868 847 vel

282 886 512 949 iuerint,
540 888 634 942 sed
661 888 750 956 qui
779 901 900 942 esse
926 888 1154 955 possint.
1178 885 1386 956 Egregii
1415 886 1662 939 doctores
1685 885 1869 938 dicunt

290 995 414 1034 esse
459 995 619 1050 posse
645 979 784 1049 quod
833 993 1100 1048 nunquam
1153 979 1316 1032 luisse
1358 978 1751 1042 demonstrant,
1779 975 1866 1030 di-

289 1081 448 1126 conte
463 1070 747 1138 Scriptura
780 1085 794 1122 :
830 1067 992 1122 Omne
1017 1069 1152 1137 quod
1175 1072 1405 1138 futurum
1426 1077 1516 1129 est,
1537 1068 1650 1136 jam
1675 1069 1866 1136 factum

290 1170 363 1214 est
387 1162 443 1216 in
471 1161 633 1231 priori
655 1169 876 1228 tempore
901 1159 1125 1232 (Eccles.
1154 1160 1206 1212 l.
1241 1157 1321 1228 9).
1355 1156 1540 1226 Neque
1570 1172 1710 1212 nunc
1735 1155 1863 1210 mihi

291 1266 518 1308 necesse
543 1261 626 1306 est
653 1251 730 1305 ire
762 1267 856 1320 per
881 1251 1124 1320 singulos
1153 1251 1472 1305 Sanctorum
1491 1288 1506 1312 ,
1535 1257 1589 1301 et
1631 1247 1780 1317 quasi
1813 1248 1864 1299 in

287 1357 522 1412 corpore
574 1341 940 1411 pulcherrimo
991 1357 1153 1395 nevos
1210 1339 1470 1408 quosdam
1523 1351 1577 1392 ct
1628 1338 1864 1390 maculas

287 1431 700 1486 demonstrare:
731 1433 872 1500 quod
918 1431 1159 1500 plerique
1209 1429 1520 1483 Nostrorum
1551 1427 1864 1495 simpliciter

277 1522 511 1589 iaciunt,
543 1540 663 1577 cum
696 1525 878 1592 paucis
919 1521 1263 1576 sententiolis
1307 1519 1704 1588 Seripturarum
1735 1533 1860 1586 pos-

279 1615 400 1668 sint
451 1615 858 1676 Hmreticorum,
891 1621 947 1666 et
968 1629 1070 1682 per
1098 1627 1191 1665 eos
1218 1609 1663 1678 PhiloSOphorum
1705 1621 1861 1676 argn-

286 1715 469 1760 tnenta
512 1705 780 1760 convinci.
831 1703 966 1772 Quid
1015 1703 1156 1757 enim
1223 1701 1356 1755 dicit
1402 1714 1497 1752 vas
1544 1697 1860 1752 electionis?

275 1794 546 1850 ‘Conclusit
588 1795 728 1849 Deus
765 1795 939 1848 omnia
976 1793 1064 1845 sub
1108 1802 1334 1862 peccato,
1365 1801 1418 1843 ut
1448 1791 1673 1844 omnium
1713 1788 1862 1841 mise-

284 1898 462 1944 reatur
502 1887 678 1958 (Rom.
714 1887 799 1940 11.
848 1885 957 1955 5'2).
995 1885 1059 1938 Et
1091 1884 1141 1936 in
1191 1881 1297 1935 alio
1325 1881 1465 1944 loco,
1499 1878 1684 1932 Omnes
1729 1878 1861 1931 enim

288 1987 639 2047 peccaverunt,
684 1987 731 2030 et
771 1977 1004 2047 "indigent
1051 1975 1220 2046 gloria
1279 1973 1374 2026 Dei
1421 1971 1583 2042 (Ibid.
1642 1971 1699 2023 5.
1743 1967 1856 2038 25).

285 2071 639 2126 Ecclesiastes
668 2084 902 2138 quoque,
948 2082 1041 2136 per
1065 2081 1223 2136 quem
1273 2079 1331 2117 se
1371 2063 1565 2117 cecinit
1611 2062 1722 2128 ipsa
1769 2075 1859 2112 sa-

287 2163 507 2232 pientia,
539 2161 704 2215 libere
748 2167 1098 2228 protestatur,
1127 2165 1180 2210 ct
1207 2155 1336 2208 dicit
1371 2170 1384 2206 :
1433 2151 1552 2205 Non
1597 2161 1668 2204 est
1713 2152 1850 2204 enim

280 2255 436 2307 110nm
473 2254 643 2323 justus
689 2266 839 2318 super
883 2257 1088 2312 terram,
1111 2247 1196 2315 qui
1234 2245 1388 2314 faciat
1442 2244 1625 2296 bonum
1670 2252 1714 2295 ct
1761 2258 1861 2296 non

285 2353 456 2414 peccet
483 2341 703 2412 (Eccles.
727 2341 789 2392 7.
819 2338 938 2406 Ἡ).
989 2337 1052 2390 Et
1097 2338 1288 2390 iterum
1321 2353 1335 2388 :
1366 2335 1426 2388 Si
1452 2333 1728 2402 peccaverit
1773 2347 1862 2398 po—

287 2435 437 2505 pulus
467 2441 598 2492 tuus,
631 2447 729 2482 non
762 2439 830 2482 est
870 2428 1004 2481 enim
1061 2429 1208 2480 homo
1255 2425 1341 2495 qui
1388 2440 1488 2476 non
1528 2433 1694 2493 peccet
1726 2422 1858 2493 (Ibi-

287 2523 458 2591 dem).
514 2521 617 2575 Et:
663 2521 774 2589 quis
811 2517 1118 2589 gloriabitur
1159 2526 1353 2570 castum
1408 2531 1463 2569 se
1505 2514 1688 2567 habere
1736 2514 1862 2568 cor?

279 2605 473 2683 '(Prou.
504 2611 595 2665 (ΞΟ.
638 2609 720 2682 9).
753 2611 859 2665 Et:
905 2625 1005 2661 non
1049 2615 1120 2661 est
1166 2607 1384 2660 mundus
1422 2623 1452 2658 a
1494 2607 1663 2670 sorde,
1703 2621 1792 2657 nec
1817 2605 1863 2658 si

289 2705 441 2757 unius
469 2704 566 2755 diei
592 2702 751 2772 fuerit
779 2717 931 2770 super
952 2710 1136 2754 terram
1159 2700 1260 2753 vita
1282 2699 1413 2764 eius.
1442 2697 1594 2752 Unde
1615 2705 1668 2751 et
1699 2695 1860 2751 David

291 2794 420 2847 dicit
450 2811 464 2847 :
497 2793 626 2846 Ecce
668 2794 800 2845 enim
825 2794 879 2845 in
907 2791 1258 2860 iniquitatibus
1283 2798 1554 2859 conceptus
1583 2804 1714 2851 sum,
1738 2787 1862 2842 etin

289 2884 489 2936 delictis
534 2884 764 2951 concepit
793 2897 872 2935 me
901 2891 1061 2959 mater
1100 2897 1211 2934 mea
1263 2879 1383 2949 (Ps.
1433 2880 1520 2935 50.
1572 2879 1649 2950 7).
1695 2879 1762 2933 Et
1808 2879 1861 2933 in

285 2977 394 3029 alio
422 2974 638 3027 Psalmo
669 2992 682 3026 :
718 2971 839 3026 Non
881 2973 1240 3040 iustiﬁcabitur
1263 2973 1315 3024 in
1343 2981 1610 3042 conspectu
1637 2981 1724 3025 tuo
1753 2987 1861 3024 ont-

286 3070 368 3121 nis
393 3069 560 3120 vivens
595 3064 712 3139 (Ps.
742 3064 864 3119 “2.
913 3063 994 3131 ἓ).
1022 3061 1172 3131 Quod
1203 3062 1563 3116 testimonium
1614 3061 1713 3116 sub
1764 3078 1861 3116 no-

287 3161 431 3214 mine
459 3159 673 3229 pietatis
713 3173 848 3212 nova
895 3156 1364 3226 argumentatione
1389 3153 1666 3208 deludunt.
1700 3154 1863 3207 Aiunt

288 3251 430 3305 enim
458 3249 522 3303 ad
553 3249 1010 3318 comparationem
1035 3247 1128 3300 Dei
1157 3245 1360 3298 nullum
1389 3259 1508 3299 esse
1544 3243 1857 3313 perlectum,

288 3342 441 3412 quasi
473 3341 745 3408 Scriptura
789 3339 890 3392 hoc
935 3337 1152 3392 dixerit.
1196 3335 1380 3405 Neque
1405 3335 1546 3390 enim
1579 3334 1690 3388 ait:
1739 3331 1860 3387 Non

282 3431 649 3504 jnstiﬁcabitur
675 3431 743 3484 ad
763 3428 1188 3500 comparationem
1213 3427 1284 3478 tui
1309 3427 1471 3480 omnis
1501 3425 1662 3478 vivens
1682 3442 1700 3478 :
1742 3423 1858 3489 sed,

290 3542 393 3578 non
451 3521 819 3592 justi/inbitur
870 3520 925 3572 in
991 3527 1261 3585 conspectu
1318 3525 1403 3568 tuo
1462 3515 1625 3567 omnis
1674 3514 1856 3566 vivens.

289 3613 520 3682 Quando
568 3613 708 3664 enim
751 3610 898 3672 dicit,
931 3611 982 3661 in
1032 3617 1304 3675 conspectu
1354 3616 1460 3670 tuo,
1508 3605 1611 3659 hoc
1641 3604 1862 3674 intelligi

289 3705 429 3771 vult,
475 3703 617 3773 quod
665 3702 827 3754 etiam
883 3699 972 3768 qui
1028 3697 1336 3750 hominibus
1380 3695 1549 3749 sancti
1595 3694 1861 3756 videntur,

297 3799 389 3852 Dei
439 3795 679 3850 scicntia:
711 3803 872 3859 atque
919 3790 1123 3844 notitia:
1156 3802 1490 3856 nequaquam
1522 3786 1690 3840 sancti
1734 3785 1864 3839 sint.

290 3887 468 3943 Homo
491 3886 630 3939 enim
712 3881 924 3954 1028
996 3879 1138 3932 videt
1162 3879 1213 3932 in
1238 3877 1394 3941 faeie,
1429 3876 1568 3930 Deus
1607 3885 1785 3929 autem
1813 3876 1863 3928 in

292 3979 478 4034 corde.
533 3977 588 4032 Si
618 3986 796 4029 autem
831 3973 1147 4041 inspiciente
1195 3970 1306 4024 Deo
1332 3977 1387 4022 et
1415 3969 1592 4022 omnia
1620 3976 1865 4022 content-

293 4071 502 4139 plante,
531 4081 688 4136 quem
735 4064 914 4118 cordis
953 4078 1146 4117 arcana
1197 4075 1304 4115 non
1338 4061 1545 4122 fallunt,
1577 4059 1758 4113 nullus
1787 4069 1870 4112 est

293 4161 508 4229 justus:
541 4156 823 4226 perstricue
850 4152 1172 4215 ostenditur,
1208 4149 1506 4213 haereticos,
1541 4165 1646 4203 non
1690 4147 1868 4202 homi-

299 4268 421 4305 nem
452 4250 504 4304 in
554 4247 766 4303 excelsa
795 4244 1119 4308 sustollere;
1151 4243 1246 4296 sed
1301 4241 1394 4296 Dei
1427 4243 1682 4311 potentia:
1707 4238 1869 4292 dero-

295 4355 468 4413 gare:
505 4340 778 4408 multaque
823 4338 947 4402 alia,
977 4350 1096 4404 qua:
1144 4334 1188 4388 si
1218 4332 1284 4387 de
1332 4331 1628 4400 Scripturis
1669 4329 1871 4384 sanctis

297 4433 520 4488 voluero
548 4443 899 4500 congregare,
932 4441 1037 4481 non
1065 4425 1238 4480 dicam
1287 4423 1568 4495 Epistolte,
1595 4421 1691 4477 sed
1721 4421 1872 4474 volu-

298 4525 458 4578 minis
485 4537 696 4592 quoque
725 4519 983 4575 excedam
1011 4517 1249 4573 modmn.

363 4616 425 4669 ὅ.
467 4613 612 4667 Nihil
660 4612 785 4665 novi
835 4619 1104 4671 asserunt,
1135 4609 1225 4677 qui
1271 4608 1322 4661 in
1372 4607 1735 4676 hujuscemodi
1777 4623 1871 4675 ap-

301 4704 588 4776 plaudcnte
634 4702 735 4756 sibi
779 4701 1023 4772 perlidia,
1055 4699 1324 4767 simplices
1355 4701 1571 4768 quidem
1619 4711 1672 4754 et
1722 4699 1873 4753 indo-

300 4805 416 4851 ctus
461 4792 779 4860 decipiunt:
821 4790 917 4844 scd
971 4788 1382 4842 Ecclesiasticos
1431 4789 1622 4852 viros,
1671 4792 1760 4858 qui
1819 4793 1870 4844 in

301 4888 420 4957 lege
467 4884 595 4947 Dei,
641 4883 728 4936 die
776 4896 837 4934 ac
877 4890 1032 4934 nocte
1079 4878 1422 4944 meditantur,
1471 4879 1720 4948 decipere
1768 4896 1872 4935 non

304 4977 506 5032 valent.
541 4973 746 5028 Pudeat
799 4987 933 5041 ergo
981 4985 1077 5025 eos
1131 4969 1449 5039 principium
1497 4980 1553 5024 et
1603 4971 1873 5025 sociorum

301 5083 544 5130 suorum,
598 5065 689 5136 qui
742 5066 934 5129 aiunt,
983 5078 1142 5134 posse
1173 5061 1445 5117 hominem
1499 5063 1616 5118 sine
1657 5075 1875 5132 peccato

302 5176 424 5214 esse
448 5159 492 5212 si
521 5157 670 5220 velit,
698 5155 838 5224 quod
866 5154 1035 5210 Graeci
1067 5154 1252 5208 dicunt
1280 5155 1629 5224 ἀναμάρτητον.
1664 5154 1729 5207 Et
1753 5156 1873 5222 quia

309 5251 406 5304 hoc
439 5250 512 5319 (α)
548 5247 916 5326 Εαειεεὶθτιηη.
954 5260 1050 5313 per
1073 5245 1345 5299 Orientem
1405 5259 1562 5299 aures
1591 5244 1730 5299 ferre
1771 5261 1876 5300 non

318 5349 562 5411 possunt,
592 5336 843 5394 simulant
893 5350 973 5402 se,
1004 5337 1114 5388 sine
1159 5345 1384 5403 peccato,
1411 5335 1632 5406 quidem
1673 5335 1872 5399 dicere,

305 5433 400 5490 sed
441 5435 776 5502 ἀναμάρτητον
809 5427 988 5482 dicere
1019 5443 1122 5480 non
1169 5427 1400 5494 audere;
1432 5425 1506 5500 (ὁ)
1533 5429 1683 5499 quasi
1734 5427 1875 5483 aliud

374 5564 441 5629 la)
476 5563 704 5629 Vulgaris
723 5562 961 5624 siquidem
990 5559 1115 5629 apud
1137 5559 1333 5629 Graecos
1367 5569 1473 5612 erat
1495 5562 1575 5611 illa
1599 5563 1842 5612 sententia
1859 5596 1875 5618 ,

306 5621 401 5690 qua
429 5621 707 5677 'solus'Sinc
747 5621 946 5690 peccato
979 5621 1121 5690 Deus
1152 5621 1422 5684 dicebatur,
1445 5636 1466 5674 ό
1487 5639 1594 5685 μάνης
1615 5637 1874 5686 ἀναμάρτητος.

311 5683 417 5740 Viti.
443 5690 748 5740 Clementem
774 5683 1166 5733 Alexandrinum.

379 5750 439 5812 ib)
478 5750 682 5804 Huetio,
707 5747 913 5808 aliisque
944 5745 1098 5812 doctis
1121 5744 1266 5802 viris’,
1293 5741 1390 5793 falli
1429 5746 1532 5808 ipse
1556 5743 1877 5812 Hieronymus

312 5807 517 5873 vitietur,
543 5812 626 5876 qui
657 5807 905 5872 ἀναμάρήτον
943 5808 1068 5857 idem
1105 5817 1214 5858 esse
1251 5813 1428 5858 statuat
1448 5807 1505 5858 ac
1526 5807 1626 5857 sine
1673 5816 1880 5873 peccato,

1596 407 1931 464 EPISTOLA
1971 401 2242 462 CXXXI]!

3408 407 3548 467 H50

1969 520 2040 574 sit
2077 519 2195 603 sine.
2227 525 2453 590 peccato,
2474 519 2624 575 aliud
2669 523 3036 593 ἀναμάρτητον,
3070 530 3132 577 et
3158 535 3266 577 non
3296 521 3546 587 Gnaeum

1969 627 2298 677 sermonem,
2327 611 2420 682 qui
2470 612 2610 681 apud
2659 613 2779 669 illos
2823 613 3153 686 compositus
3182 625 3288 681 cst,
3335 616 3546 672 duobus

1969 701 2148 756 verbis
2175 716 2353 756 sermo
2393 700 2619 756 Latinus
2644 705 2996 771 expresserit.
3028 703 3087 760 Si
3115 705 3299 776 absque
3341 717 3546 777 peccato

1972 789 2130 856 dicis,
2163 801 2216 845 et
2245 794 2584 862 ἀναμάρτητον
2609 792 2791 847 dicere
2813 804 2886 858 te,
2914 795 3185 862 difﬁteris,
3217 795 3410 851 damna
3447 811 3546 852 eos

1968 897 2096 950 ergo
2129 882 2218 949 qui
2250 882 2323 952 (ε)
2364 886 2704 952 ἀναμάρτητον
2753 885 3066 952 praedicant.
3094 887 3198 941 Sed
3230 902 3335 941 non
3389 889 3540 944 lacis.

1969 972 2120 1027 Nosti
2147 974 2290 1028 enim
2319 974 2444 1043 quid
2496 976 2821 1029 intrinsecus
2846 977 3139 1044 discipulos
3171 987 3290 1031 tuos
3314 979 3534 1041 doceas,

1967 1061 2112 1116 aliud
2144 1078 2243 1117 ore
2271 1078 2724 1131 commemorans,
2758 1073 2814 1117 et
2858 1065 3002 1119 aliud
3032 1067 3231 1121 caclans
3256 1070 3541 1122 conscien—

1968 1152 2038 1206 tia
2064 1168 2083 1206 :
2118 1154 2378 1224 nobisque
2408 1155 2599 1210 alienis
2627 1165 2681 1210 et
2709 1156 2939 1210 indoctis
2996 1157 3232 1226 loqueris
3261 1175 3367 1228 per
3384 1177 3543 1230 para-

1964 1244 2134 1308 bolas,
2166 1246 2270 1299 tuis
2293 1257 2472 1300 autem
2516 1247 2768 1316 mysteria
2795 1250 3068 1303 conliteris
3099 1267 3116 1303 :
3165 1258 3220 1304 et
3260 1251 3361 1306 hoc
3383 1253 3534 1321 juxta

1964 1333 2291 1402 Scripturam
2327 1344 2376 1390 te
2404 1339 2580 1392 facere
2604 1338 2774 1406 jactas
2794 1356 2808 1404 ;
2832 1341 2953 1409 quia
2981 1339 3180 1394 dictum
3213 1351 3296 1395 est
3328 1358 3344 1400 ς
3376 1345 3535 1397 turbis

1961 1426 2111 1481 Iesus
2158 1427 2212 1481 in
2259 1429 2518 1498 parabolis
2567 1428 2863 1499 loquebatur
2913 1430 3062 1502 (Luc
3091 1432 3146 1486 8.
3198 1431 3300 1502 20)
3328 1451 3341 1487 :
3369 1442 3424 1487 et
3471 1435 3538 1488 ad

1962 1517 2257 1587 discipulos
2285 1518 2339 1572 in
2371 1519 2534 1573 domo
2572 1520 2705 1574 dicit
2733 1539 2747 1575 :
2795 1521 2940 1576 Vobis
2967 1522 3144 1576 datum
3170 1533 3242 1577 est
3264 1525 3394 1577 scire
3427 1541 3539 1594 mg-

1961 1609 2116 1661 steria
2136 1609 2279 1678 regni
2293 1609 2559 1676 caelorum,
2580 1612 2684 1665 illis
2705 1622 2870 1665 autem
2893 1630 2994 1666 non
3020 1625 3091 1666 est
3119 1615 3292 1667 datum
3321 1614 3538 1682 (Matth.

1963 1695 2189 1769 13.11).
2223 1699 2328 1753 Sed
2371 1711 2425 1752 ut
2451 1699 2631 1755 dicere
2657 1717 2952 1770 coeperam,
2997 1719 3262 1773 exponam
3304 1705 3541 1760 breviter

1962 1788 2260 1858 principum
2292 1799 2345 1844 et
2370 1791 2643 1844 sociorum
2693 1801 2905 1845 tuorum
2940 1794 3176 1856 nomina,
3205 1803 3262 1847 ut
3291 1775 3540 1850 animad-

1961 1887 2160 1944 vertas,
2189 1879 2427 1948 qualium
2461 1881 2733 1935 consortio
2760 1882 3030 1950 gleriaris.
3059 1871 3384 1937 Manichaeus
3427 1885 3538 1938 ele-

1961 1976 2075 2021 ctos
2097 1983 2245 2034 suos,
2277 1984 2412 2037 quos
2443 1971 2520 2041 (tl)
2564 1971 2704 2025 inter
2730 1974 2904 2038 ἀψῖδας
2934 1972 3168 2027 Platonis
3225 1975 3434 2044 1029
3482 1975 3537 2028 in

1937 2056 2272 2138 .cmlestibus
2297 2058 2564 2123 collocat,
2595 2060 2724 2114 dicit
2771 2063 2914 2114 omni
2941 2076 3126 2116 carere
3175 2077 3410 2132 peccato,
3439 2079 3540 2118 nec

1962 2147 2005 2200 si
2034 2147 2222 2212 velint,
2249 2163 2408 2217 posse
2438 2163 2684 2218 peccare.
2711 2151 2791 2204 Ad
2823 2160 2966 2204 tanta
2997 2155 3137 2206 enim
3165 2168 3257 2207 eos
3283 2155 3536 2208 virtutum

1961 2239 2200 2294 culmina
2233 2241 2650 2306 transcendisse,
2679 2253 2738 2297 ut
2767 2245 2946 2298 carnis
2978 2245 3232 2314 operibus
3282 2245 3533 2302 illudant.

1965 2330 2333 2387 Priscillianus
2361 2333 2414 2387 in
2446 2333 2699 2403 Hispania
2728 2350 2853 2404 pars
2880 2335 3160 2391 Manichaai
3185 2336 3278 2406 (de
3301 2339 3536 2406 turpitu-

1962 2420 2087 2477 diue
2111 2427 2266 2490 cujus
2299 2435 2349 2479 te
2376 2426 2623 2494 discipuli
2655 2426 2886 2496 diligunt
2933 2427 3263 2498 plurimum)
3314 2429 3539 2483 verbum

1963 2515 2329 2584 perfectionis,
2355 2525 2410 2571 et
2435 2517 2676 2571 scientia:
2705 2518 2800 2572 tibi
2821 2527 3021 2573 temere
3050 2519 3403 2586 vindicantes,
3435 2521 3539 2573 soli

1962 2620 2082 2659 cum
2115 2607 2245 2661 solis
2268 2607 2594 2662 clauduntur
2623 2609 2974 2677 mulierculis,
3004 2619 3060 2665 et
3109 2611 3242 2666 illud
3290 2611 3370 2667 eis
3399 2611 3539 2667 inter

1961 2697 2160 2752 coitum
2187 2697 2575 2769 amplexusque
2600 2699 2888 2754 decantant
2922 2719 2935 2755 :

2071 2806 2197 2862 Tum
2223 2819 2368 2879 pater
2390 2811 2703 2881 omnipotens
2731 2813 2981 2884 [recondis
3005 2814 3246 2872 imbribus
3274 2817 3430 2872 aliter

2068 2899 2309 2970 Confugis
2334 2901 2386 2953 in
2413 2903 2656 2972 gremium
2685 2903 2814 2957 (telo:
2839 2904 3089 2959 descendit
3115 2923 3131 2962 :
3157 2917 3203 2960 et
3228 2925 3398 2962 omnes

2070 2991 2291 3062 Magnus
2315 2991 2431 3060 alit,
2459 3009 2640 3064 magno
2669 2997 2968 3050 centuriatus
2993 3015 3222 3069 corpore,
3251 3004 3419 3071 ﬂetus.

2738 3085 2966 3156 (VIRCIL.
3002 3088 3182 3161 Georg.
3207 3091 3290 3161 2).
3381 3119 3386 3123 ~

2029 3193 2129 3262 Qui
2157 3194 2370 3264 quidem
2398 3205 2599 3266 partem
2629 3195 2829 3252 habent
2857 3198 3121 3256 Gnosticm
3150 3202 3437 3272 haereseos,
3470 3207 3539 3264 de

1963 3287 2209 3343 Basilidis
2251 3289 2524 3358 impietate
2561 3291 2885 3345 venientem.
2917 3291 3068 3348 Unde
3097 3303 3152 3349 et
3178 3311 3275 3350 vos
3299 3299 3540 3354 asseritis

1962 3396 2077 3461 eos,
2126 3382 2213 3451 qui
2260 3381 2463 3451 absque
2506 3381 2638 3451 legis
2679 3383 2900 3438 scientia
2935 3395 3078 3452 sunt,
3123 3399 3335 3456 peccata
3369 3392 3540 3446 vitare

1962 3489 2066 3526 non
2115 3488 2291 3542 posse.
2336 3473 2471 3539 Quid
2505 3473 2692 3544 loquor
2722 3473 2816 3546 [al.
2856 3475 3056 3549 loquar]
3088 3478 3154 3532 de
3182 3480 3537 3548 Priscilliauo,

1964 3562 2052 3631 qui
2091 3571 2145 3616 ct
2185 3563 2362 3616 smculi
2390 3563 2591 3632 gladio,
2632 3573 2689 3616 et
2730 3567 2891 3617 totius
2928 3568 3073 3619 orbis
3118 3569 3434 3623 auctoritate
3465 3570 3538 3643 (e)

1964 3677 2262 3744 componas
2287 3672 2646 3744 impeccabilem
2682 3687 2746 3723 ex
2785 3689 2954 3744 eorum
2985 3681 3231 3728 sententia
3266 3682 3539 3744 signiﬁcet;

1965 3748 2061 3805 nec
2083 3733 2190 3796 ipse
2212 3733 2442 3805 Pelagius
2466 3735 2706 3795 perfectos
2730 3739 2912 3805 peccati
2937 3740 3190 3805 incapaees
3206 3733 3364 3805 vell'ét
3390 3733 3539 3805 esse;

1963 3796 2052 3866 send
2077 3803 2275 3866 peccato
2297 3807 2632 3866 carere‘posse
2658 3809 2670 3842 :
2695 3796 2821 3866 quod
2847 3809 2954 3845 eum
2980 3796 3122 3866 liberi
3147 3803 3332 3866 arbitrii
3358 3796 3544 3866 viribus

1968 3855 2093 3904 elﬁci
2117 3869 2260 3916 posse
2281 3855 2619 3915 contenderet,
2646 3855 2969 3908 vehementer
2988 3861 3036 3907 in
3059 3859 3153 3909 ﬁde
3175 3865 3384 3911 errabat.
3403 3863 3542 3914 Idem

1965 3915 2132 3986 dicunt
2151 3915 2216 3986 de
2236 3928 2485 3978 ἀνιμρτησια
2499 3917 2790 3986 quiam_tdem
2808 3918 2949 3967 Hier.
2966 3919 3078 3986 lere
3097 3921 3542 3986 redditimpeccan-

1969 3976 2106 4047 ζῄιιη,
2133 3976 2595 4047 δίνᾳηοηήρεεεαη,
2623 3977 2690 4026 illi
2714 3990 2745 4026 e
2767 3981 3009 4047 contrario
3035 3986 3239 4047 vertunt
3251 3976 3540 4047 imp'eccabi-

1969 4038 2186 4108 litatem,
2210 4038 2314 4086 sive
2336 4049 2430 4108 non
2627 4051 2846 4108 peccare.
2871 4040 2970 4090 Nos
2991 4043 3117 4104 quod
3147 4043 3204 4108 _in
3229 4038 3361 4094 hisce
3386 4045 3543 4108 expli-

1971 4099 2136 4168 candis
2173 4099 2432 4168 immorari
2452 4099 2650 4168 diutius?
2671 4101 2862 4168 pigeat,
2888 4115 2985 4151 uno
3009 4099 3077 4152 'et
3116 4099 3544 4168 altero_exem'plo

1969 4159 2388 4223 Hieronymianam
2420 4159 2869 4223 interpretationem
2904 4175 2960 4212 ac
2981 4176 3176 4214 sensum
3207 4165 3401 4216 defendi
3425 4159 3543 4216 con-

1973 4220 2230 4269 tendimits.
2253 4220 2485 4269 Nimirum
2509 4220 2617 4269 eum
2649 4222 2882 4272 adulterae
2913 4223 3134 4274 mulieris
3170 4239 3386 4277 morosos
3403 4241 3545 4278 accu-

1970 4288 2158 4331 satores
2180 4279 2400 4332 Christus
2421 4281 2657 4352 Dominus
2681 4282 2832 4352 vellet
2851 4283 3116 4352 repellere,
3139 4298 3159 4336 ό
3181 4287 3354 4352 inquit,
3377 4302 3545 4352 ἀναμάρ-

1970 4369 2078 4403 me;
2100 4357 2196 4403 nisi
2211 4360 2366 4405 πρῶτος,
2388 4351 2504 4401 etc.,
2526 4357 2623 4410 quo
2642 4344 2809 4410 inloco
2825 4343 2967 4410 plane
2987 4355 3173 4397 constat
3187 4343 3547 4410 impeccabi'lent

1973 4417 2141 4454 vocem
2165 4417 2416 4475 ᾲημεᾳιητον
2440 4405 2860 4475 non'signiﬁcare’,
2883 4409 2970 4457 sed
2997 4405 3303 4475 tantum
3333 4419 3544 4475 peccato,

1971 4465 2374 4531 quemadmodum
2420 4473 2474 4515 et
2513 4465 3047 4531 Vul'gattts‘intcrpres
3088 4470 3274 4531 reddit,
3323 4465 3374 4522 ét
3417 4465 3548 4522 verti

1971 4528 2166 4576 omnino
2190 4540 2399 4577 necesse
2428 4533 2522 4577 est.
2545 4528 2626 4576 Ad
2645 4528 2868 4577 eumdem
2892 4528 3085 4578 modum
3109 4528 3550 4582 tradit'Herodotus

1973 4588 2060 4638 lib.
2086 4590 2133 4638 5.
2159 4602 2213 4655 θ..
2227 4588 2303 4637 59.
2323 4588 2388 4638 de
2409 4589 2767 4642 Anaxaudride.
2791 4592 2877 4652 qui
2899 4606 3046 4655 τυναζῃ
3063 4604 3191 4655 ιρῡσαν
3211 4604 3476 4655 eum»,
3499 4595 3548 4644 id

1974 4659 2070 4708 est,
2094 4647 2373 4715 mulierem.
2399 4662 2509 4715 qua:
2529 4647 2951 4715 nonpeccatiera't.
2974 4651 3222 4700 dimittere
3246 4647 3429 4715 uoluti;
3457 4647 3550 4704 nec

1973 4725 2090 4779 sane
2128 4708 2374 4779 intellexit
2410 4708 2803 4772 impeccaliilem,
2843 4725 2936 4761 seu
2971 4725 3318 4774 quaepeccare
3340 4708 3438 4765 non
3461 4729 3548 4779 po-

1975 4774 2161 4821 tuisset.

2044 4831 2105 4895 (e)
2145 4830 2330 4881 Vitiose
2361 4832 2412 4879 in
2436 4831 2699 4901 Martiangi
2725 4833 2938 4901 editione
2962 4842 3098 4901 erat,
3128 4835 3317 4901 daran
3334 4839 3554 4901 eos,qui

1975 4899 2020 4943 te
2037 4891 2286 4962 ἐνάμρρτῃτον
2305 4891 2592 4962 pradicant.
2619 4893 2848 4962 V’oeulam
2869 4903 2932 4955 te,
2955 4897 3016 4945 ab
3037 4891 3252 4962 antiquis
3274 4897 3391 4948 Mss.
3416 4891 3549 4950 aliis-

1975 4967 2075 5022 que
2099 4955 2244 5022 editis
2260 4955 2507 5014 admoniti,
2531 4957 2807 5018 amovimus,
2833 4971 2929 5008 non
2952 4967 3006 5008 ut
3024 4955 3317 5021 superﬂuant
3345 4969 3551 5022 tantum,

1975 5013 2064 5065 sed
2087 5013 2221 5076 ququ
2234 5027 2433 5065 sensum
2457 5024 2784 5076 perverteret.

2040 5073 2118 5137 (ά)
2151 5073 2278 5144 Olim
2303 5083 2409 5126 erat
2429 5073 2552 5144 inter
2574 5075 2759 5144 animas
2781 5076 3018 5137 Platonis.
3051 5081 3133 5131 vel
3157 5081 3286 5132 inter»
3304 5082 3472 5144 ideas,
3499 5089 3554 5133 et

1977 5136 2174 5203 formas.
2199 5136 2497 5203 impressam
2512 5137 2796 5198 lectionem,
2818 5155 2961 5203 quam
2981 5136 3291 5195 Benedictini
3314 5136 3550 5194 restitue-

1979 5197 2109 5267 runt,
2133 5197 2327 5267 codices
2350 5200 2513 5267 nostri
2523 5214 2699 5267 magno
2721 5197 2923 5267 numen)
2945 5205 3254 5263 conﬁrmant,
3278 5207 3364 5267 qui
3388 5211 3551 5267 meo

1979 5259 2286 5329 frequentius
2305 5258 2470 5329 latinis
2501 5258 2680 5329 litteris
2701 5262 2920 5329 absidas,
2953 5258 3445 5329 lleIDblfQShlillﬁS.
3466 5266 3548 5329 42.

1980 5318 2580 5391 vcl'apsidasprteferunt.
2612 5318 2836 5391 Espljcat
2857 5318 2974 5376 vero
3009 5325 3336 5391 Tertullinus
3373 5324 3460 5391 lib.
3483 5327 3550 5375 de

1980 5382 2135 5452 anima
2157 5393 2264 5452 cap.
2286 5382 2365 5431 54.
2382 5384 2476 5452 _ubi
2505 5402 2527 5429 ι
2547 5385 2672 5452 apud
2691 5382 2967 5452 Plutonem,
2987 5403 3021 5452 s_
3041 5387 3213 5452 inquit,
3244 5402 3268 5430 α
3289 5388 3338 5433 in
3360 5385 3552 5452 tethere

1978 5443 2296 5510 sublimantur
2315 5444 2490 5510 animai
2505 5443 2770 5508 sapientes,
2792 5443 3179 5510 apud1A_r_ium'in
3201 5457 3396 5510 aerem,
3423 5446 3552 5510 apud

1979 5505 2168 5553 Stoicos
2199 5505 2308 5568 sub
2344 5503 2604 5568 Lunam;'s
2648 5514 2703 5557 ut
2737 5503 2861 5568 scias
2896 5521 2924 5568 ξι
2965 5508 3170 5555 Platone
3209 5507 3429 5568 apsitlas.
3455 5503 3553 5555 'vel

1979 5573 2112 5628 estsq
2134 5565 2370 5628 aetherem
2386 5565 2604 5628 voluisse
2628 5567 2857 5627 intelligi.
2883 5567 3059 5628 Confer
3076 5565 3291 5628 nostrum
3315 5567 3553 5628 Hierony-

1981 5626 2110 5690 mum
2126 5628 2172 5690 in
2189 5641 2294 5689 cap.
2313 5627 2360 5676 4.
2379 5627 2528 5690 Epist.
2544 5630 2602 5678 ad
2613 5626 2864 5690 preSiOS.
2880 5626 3067 5690 Plinius
3091 5627 3172 5675 lib.
3191 5628 3238 5690 ξ.
3258 5641 3301 5676 c.
3318 5629 3392 5682 l5.
3412 5626 3555 5689 Apst-

1979 5689 2064 5737 das
2084 5700 2112 5736 a
2137 5685 2317 5750 Graecis
2338 5685 2605 5750 appellatos
2626 5685 2872 5738 stellarum
2896 5688 3100 5750 circulos
3118 5685 3282 5750 tradit.

2046 5750 2114 5812 (e)
2149 5750 2199 5812 Δί
2212 5747 2420 5799 Maximo
2443 5749 2743 5812 imperatore
2763 5755 2870 5808 post
2889 5747 3092 5800 duorum
3108 5747 3428 5799 Conciliorum
3448 5763 3558 5801 ana-

1982 5807 2199 5862 themata
2218 5818 2274 5860 ait
2299 5825 2376 5859 an.
2403 5807 2694 5872 δὸὅξοηιιὶιῖξ
2716 5807 2967 5859 damnatus
2991 5817 3084 5859 est.
3545 5849 3550 5854 .
