4080 6340
257 466 266 470 -
327 407 465 465 NB

320 531 625 592 peratnram
657 538 674 579 :
703 521 814 593 qui,
837 521 988 592 juxta
1017 515 1378 585 Ezecluelem,
1407 516 1601 574 liniunt
1627 517 1884 586 parietem

319 612 526 680 absque
586 619 1030 682 temperamento,
1087 619 1143 666 et
1190 608 1600 680 superveniente
1649 606 1894 662 veritatis

318 702 522 768 pluvia,
553 702 919 772 dissipantur?
952 703 1136 758 Simon
1158 701 1340 770 Magus
1361 699 1606 754 limresim
1634 698 1890 761 condidit,

318 789 540 847 Helena:
581 794 878 849 meretricis
909 792 1123 862 adjutus
1167 792 1389 846 auxilio.
1433 790 1681 845 Nicolans
1711 788 1895 843 Antio-

317 881 525 938 chenus
549 887 787 940 omnium
811 886 1271 942 immunditiarum
1298 893 1561 955 repertor,
1587 882 1781 937 choros
1803 881 1896 936 du-

319 976 395 1028 xit
432 977 714 1031 femineos.
751 977 984 1033 Marcion
1025 978 1248 1032 Romam
1293 977 1552 1047 praemisit
1589 975 1890 1040 mulierem,

318 1081 440 1134 qua:
497 1065 845 1135 decipiendos
893 1068 992 1122 sibi
1043 1069 1250 1122 animos
1290 1074 1633 1136 praepararet.
1679 1063 1891 1134 Apelles

320 1154 692 1212 Philumenem
733 1155 828 1228 (al.
863 1155 1234 1230 Pliilomenem]
1263 1171 1478 1212 suarum
1507 1157 1755 1212 comitem
1795 1155 1895 1210 ha-

319 1243 437 1299 buit
457 1245 844 1301 doctrinarum.
871 1247 1149 1302 Montanus
1179 1245 1438 1300 immundi
1465 1245 1680 1316 Spiritus
1705 1243 1894 1313 prtedi-

319 1346 494 1406 cator,
548 1337 743 1394 multas
795 1339 1062 1394 Ecclesias
1109 1354 1206 1408 per
1282 1338 1490 1410 1032
1561 1337 1792 1392 Prisram
1842 1343 1895 1388 et

321 1425 670 1482 Maximillam
703 1429 909 1484 nobiles
954 1439 1010 1484 et
1052 1430 1335 1498 opulentas
1376 1430 1616 1491 feminas,
1667 1431 1892 1497 primum

320 1530 457 1570 auro
480 1519 754 1586 corrupit;
785 1519 980 1574 deinde
1025 1519 1215 1574 haeresi
1258 1521 1462 1588 polluit.
1506 1519 1774 1574 Ditnittatn
1801 1533 1894 1571 ve-

321 1611 459 1667 tera,
487 1605 556 1660 ad
591 1608 849 1661 viciniora
879 1608 1273 1663 transcendam.
1297 1609 1475 1673 Arius,
1503 1617 1562 1662 ut
1589 1608 1773 1662 orbem
1797 1607 1895 1663 de-

320 1694 546 1761 ciperet,
579 1709 818 1751 sororem
848 1697 1102 1767 principis
1128 1707 1254 1752 ante
1279 1697 1509 1766 decepit.
1538 1697 1775 1751 Donatus
1801 1712 1896 1766 per

321 1782 579 1848 Africam,
613 1794 671 1839 ut
712 1786 952 1840 infelices
977 1801 1216 1856 quosque
1239 1785 1334 1857 [al.
1360 1785 1636 1859 quousque]
1666 1785 1898 1841 fmtenti-

325 1874 428 1928 bus
475 1875 736 1943 pollueret
781 1880 956 1946 aquis,
1005 1879 1224 1933 Lucilhe
1256 1878 1445 1947 Opibus
1471 1878 1684 1947 adjutus
1709 1888 1808 1931 est.
1840 1879 1895 1932 In

323 1961 577 2034 Hispania
601 1970 780 2037 Agape
808 1968 1096 2036 Elpidium,
1115 1969 1304 2022 mulier
1325 1969 1514 2030 virum,
1539 1982 1737 2022 ctecum
1759 1982 1898 2022 circa

323 2055 476 2110 duxit
507 2057 558 2111 in
599 2057 805 2112 foveam
829 2100 845 2127 ,
873 2073 1348 2129 successoremque
1394 2060 1483 2126 qui
1511 2058 1898 2113 Priscillianum

329 2144 532 2203 habuit.
566 2145 868 2203 Zoroastris
900 2150 1036 2220 magi
1064 2149 1536 2212 studiosissimum,
1567 2159 1621 2202 et
1645 2164 1709 2202 ex
1743 2163 1899 2218 mago

326 2234 677 2306 EpiscOpum,
705 2243 788 2292 cui
809 2240 993 2309 juncta
1022 2239 1170 2295 Galla
1197 2255 1302 2294 non
1331 2251 1510 2310 gente,
1542 2240 1638 2296 sed
1665 2243 1897 2306 nomine,

323 2341 631 2396 germanam
663 2329 765 2382 huc
811 2331 1040 2400 illucque
1064 2341 1365 2385 currentem
1395 2331 1613 2386 alterius
1637 2342 1694 2385 et
1715 2333 1901 2386 vicina:

327 2414 598 2471 hrcreseos
625 2419 841 2487 reliquit
871 2419 1160 2474 haeredem.
1184 2419 1335 2475 Nunc
1356 2436 1568 2490 quoque
1590 2423 1899 2493 mysterium

329 2505 622 2575 iniquitatis
643 2519 914 2576 operatur.
941 2509 1141 2577 Duplex
1167 2525 1330 2564 sexus
1351 2521 1633 2582 utrumque
1653 2513 1903 2581 supplan-

329 2602 423 2658 tat,
455 2605 509 2650 ut
538 2596 664 2650 illud
697 2597 1067 2668 Proplieticum
1094 2614 1347 2669 cogamur
1367 2615 1641 2655 assumere
1665 2620 1678 2655 :
1702 2600 1904 2656 Clama-

329 2685 397 2737 vit
425 2686 623 2754 perdix,
655 2691 972 2759 congregavit
999 2697 1112 2760 quc
1135 2707 1237 2744 non
1257 2692 1470 2760 peperit,
1493 2694 1685 2761 faciens
1705 2694 1903 2748 divitias

327 2790 470 2836 suas,
504 2793 605 2828 non
633 2794 749 2830 cum
769 2781 990 2847 judicio.
1018 2779 1086 2832 In
1117 2780 1330 2833 dimidio
1355 2782 1552 2836 dierum
1578 2782 1654 2853 (α)
1685 2782 1903 2836 ἀει-ειὶηο

328 2876 448 2932 quet
478 2883 583 2932 eas,
612 2878 658 2920 et
685 2869 1009 2922 novissimum
1039 2871 1148 2939 ejus
1173 2870 1265 2923 erit
1289 2871 1530 2941 insipiens
1573 2871 1784 2942 (Jerem.
1814 2873 1902 2927 17.

332 2955 445 3022 ΙΙ).

402 3045 456 3100 5.
487 3045 616 3099 lllud
639 3063 765 3102 vero
784 3049 924 3119 quod
946 3051 1010 3104 ad
1033 3050 1380 3121 decipiendos
1403 3050 1648 3106 homines
1667 3065 1906 3122 quosque

333 3145 514 3205 postea
564 3139 686 3192 huic
727 3143 1002 3195 sententiae
1047 3151 1359 3210 cooptarunt
1400 3139 1546 3211 (Non
1591 3142 1774 3211 absque
1811 3141 1908 3195 Dei

332 3227 521 3298 gratia)
565 3245 682 3282 ciun
725 3233 896 3299 prima
937 3233 1176 3302 legentes
1219 3232 1396 3286 fronte
1443 3232 1692 3302 decipiat,
1739 3233 1906 3288 intro-

332 3327 570 3387 spectutn
616 3329 670 3374 ct
709 3320 1117 3391 diligentissime
1159 3323 1491 3388 ventilatum,
1532 3324 1778 3394 decipere
1800 3338 1906 3380 non

336 3420 528 3477 potest.
564 3412 636 3464 Ita
665 3413 806 3466 enim
839 3414 928 3467 Dei
960 3417 1182 3483 gratiam
1211 3425 1436 3485 ponunt,
1467 3425 1525 3470 ut
1549 3431 1653 3469 non
1677 3431 1772 3485 per
1799 3417 1909 3470 siti-

334 3502 458 3570 gula
484 3518 644 3571 opera
673 3505 789 3571 t-jus
831 3507 1064 3559 nitamur
1094 3517 1147 3560 et
1177 3523 1428 3576 regamur
1462 3507 1662 3561 auxilio
1685 3525 1698 3559 :
1721 3507 1816 3562 sed
1843 3507 1909 3561 ad

339 3595 566 3648 liberum
605 3596 838 3648 referunt
863 3597 1164 3657 arbitrium,
1196 3609 1250 3651 et
1274 3599 1342 3651 ad
1369 3608 1629 3668 praecepta
1658 3598 1787 3667 legis
1813 3614 1911 3666 po-

339 3697 534 3740 nentes
580 3687 704 3738 illud
748 3687 892 3740 Isaizc
935 3704 950 3742 :
995 3687 1176 3756 Legem
1205 3682 1335 3740 enim
1365 3687 1504 3742 Deus
1529 3690 1580 3742 in
1605 3690 1913 3759 adjutorium

340 3779 509 3848 posuit
539 3776 688 3848 (Isai.
718 3779 771 3832 8.
803 3794 902 3830 sec.
943 3776 1142 3847 LXX),
1176 3788 1233 3830 ut.
1279 3778 1331 3831 in
1371 3793 1436 3832 co
1487 3779 1593 3833 Deo
1618 3777 1914 3832 referenda:

341 3871 448 3924 sint
487 3871 694 3938 gratim,
736 3869 877 3938 quod
908 3873 1041 3924 tales
1087 3885 1186 3923 nos
1230 3871 1552 3934 condiderit,
1595 3871 1685 3940 qui
1733 3882 1915 3925 nostro

341 3962 562 4017 arbitrio
589 3963 853 4032 possimus
891 3970 946 4016 et
970 3961 1170 4031 eligere
1202 3961 1363 4026 bona,
1393 3970 1449 4016 et
1473 3963 1640 4016 vitare
1663 3961 1821 4016 mala.
1853 3961 1918 4015 Et

345 4069 452 4107 non
481 4053 781 4123 intelligunt
807 4053 907 4106 ista
936 4052 1194 4118 dicentes,
1227 4050 1368 4122 quod
1396 4067 1490 4120 per
1518 4066 1580 4106 os
1603 4065 1810 4114 eorum,
1840 4052 1918 4104 in-

345 4144 684 4198 tolerabilem
727 4142 1110 4214 blasphemiam
1162 4143 1412 4198 diabolus
1457 4141 1654 4197 sibilet.
1689 4143 1745 4198 Si
1775 4143 1916 4197 enim

345 4235 401 4291 in
430 4251 496 4289 eo
524 4245 725 4289 tantum
768 4235 858 4288 Dei
888 4243 972 4289 est
995 4235 1186 4306 gratia,
1217 4233 1358 4304 quod
1389 4235 1623 4304 propria:
1651 4248 1749 4289 nos
1791 4249 1920 4288 con-

345 4327 482 4383 didit
527 4327 832 4389 voluntatis,
884 4337 941 4383 et
985 4328 1154 4382 libero
1180 4327 1403 4381 arbitrio
1433 4327 1668 4382 contenti
1699 4341 1916 4394 sumus;

348 4433 450 4473 nec
480 4418 613 4471 ultra
655 4418 771 4488 ejus
801 4418 1101 4488 indigemus
1127 4418 1347 4480 auxilio,
1372 4435 1439 4474 tte
1463 4419 1540 4490 (ὁ)
1564 4419 1606 4473 si
1636 4418 1923 4489 indigneri—

350 4523 468 4562 mns
510 4509 734 4563 liberum
779 4507 1051 4579 frangatur
1077 4507 1353 4563 arbitrium
1381 4525 1396 4564 :
1423 4523 1552 4579 ergo
1583 4525 1918 4580 nequaquam

349 4597 487 4652 ultra
522 4613 678 4651 orare
723 4599 981 4652 debemus
1011 4617 1027 4652 :
1059 4614 1160 4653 nec
1200 4599 1342 4653 illius
1383 4599 1724 4654 clementiam
1753 4601 1924 4670 preci-

351 4689 452 4744 bus
475 4687 712 4751 flectere,
745 4699 801 4740 ut
825 4689 1146 4757 accipiamus
1188 4691 1444 4759 quotidie,
1473 4691 1612 4760 quod
1639 4694 1805 4746 semel
1834 4707 1921 4746 ac-

349 4791 562 4850 ceptum
609 4780 660 4834 in
693 4793 873 4834 nostra
900 4791 982 4835 est
1027 4791 1312 4849 potestate.
1351 4781 1652 4836 Istiusmodi
1683 4783 1925 4838 homines

353 4874 547 4928 tollunt
570 4873 891 4933 orationem,
920 4879 973 4925 et
999 4886 1095 4940 per
1124 4871 1349 4924 liberum
1375 4872 1672 4937 arbitrium,
1700 4888 1804 4926 non
1829 4873 1927 4926 ho-

345 4961 525 5020 mines
553 4963 780 5032 proprite
807 4963 1114 5028 voluntatis,
1143 4961 1235 5017 sed
1265 4961 1358 5015 Dei
1393 4962 1642 5030 potentiae
1671 4962 1841 5018 factos
1867 4979 1927 5018 se

353 5073 475 5113 esse
491 5058 716 5127 jactant,
740 5057 828 5126 qui
852 5056 1046 5110 nullitts
1071 5068 1174 5125 ope
1195 5055 1450 5125 indigent.
1535 5054 1740 5127 1033
1811 5053 1929 5110 Tol.

355 5150 532 5205 lantur
561 5157 618 5204 et
653 5147 875 5217 jejunia,
917 5149 1195 5217 omnisque
1235 5146 1586 5203 continentia.
1619 5147 1754 5215 Quid
1783 5149 1926 5201 enim

421 5326 492 5390 (α)
525 5325 564 5375 'l'
568 5335 650 5373 res
671 5322 786 5372 Mss.
811 5320 1136 5383 derelinqurnt
1159 5336 1264 5373 eum
1280 5364 1295 5384 ,
1315 5327 1452 5390 juxta
1477 5325 1696 5376 ercum
1723 5341 1919 5390 ιτιιτιλιιθ

407 5413 483 5437 υσιν
499 5399 625 5436 iurav-

357 5399 783 5510 M‘l’gﬁg‘selagiani
808 5449 1046 5510 perpetuo
1069 5442 1337 5510 clamabant
1360 5449 1531 5510 gratia:
1554 5450 1730 5498 divina:
1753 5463 1927 5499 neces-

358 5506 552 5560 -.itatcm
577 5509 635 5555 ad
672 5506 943 5578 opera_pia_
968 5520 1156 5578 pocere
1180 5506 1334 5578 libero
1355 5506 1574 5567 arbitrio,
1612 5526 1775 5578 neque
1801 5514 1927 5578 enim

359 5586 473 5621 eum
498 5582 616 5630 vere
642 5580 781 5630 posse
804 5565 979 5630 aliquid
1013 5569 1201 5625 facere,
1227 5575 1311 5617 aut
1342 5582 1453 5618 esse
1479 5565 1597 5620 vere
1627 5565 1834 5620 liberum
1870 5573 1927 5620 ad

357 5634 536 5693 aliquid
560 5629 847 5693 faciendum,
871 5629 953 5693 qui
978 5640 1152 5693 pense,
1179 5636 1229 5676 et
1252 5631 1436 5693 absque
1460 5630 1552 5680 Dei
1575 5634 1812 5693 adjutorio
1832 5647 1928 5682 non

355 5687 538 5755 posset.
552 5697 718 5755 Quam
739 5687 1022 5755 calumniam
1048 5688 1217 5755 iisdem
1240 5704 1296 5738 ac
1317 5687 1453 5755 Hier.
1481 5687 1778 5755 argumentis
1797 5707 1928 5755 saepe

357 5749 661 5814 Augustinus
679 5749 879 5812 refellit,
905 5756 958 5801 et
979 5751 1224 5814 praecipue
1246 5753 1374 5814 quod
1399 5752 1468 5804 illi
1492 5749 1669 5805 nostris
1691 5749 1928 5806 Orationi-

356 5812 456 5862 bus
469 5812 872 5862 contradicereut.

1615 403 1942 460 EPISTULA
1979 401 2276 471 CXXXIﬂ.

2208 286 2225 327 1

3426 413 3568 476 ιιείι

1999 515 2130 570 mihi
2170 528 2393 573 necesse
2419 524 2503 572 est
2524 515 2790 585 laborare,
2823 529 2881 576 ut
2902 522 3164 594 accipiam
3189 538 3289 597 per
3312 525 3570 584 industri-

1993 617 2103 669 am,
2147 603 2288 674 quod
2329 605 2495 661 semel
2539 621 2675 662 mea:
2720 608 2918 666 factum
2969 622 3054 669 est
3097 617 3411 684 potestatis?
3454 619 3570 674 Hoc

1995 694 2137 763 quod
2165 695 2306 759 dico,
2338 712 2515 752 meum
2543 713 2650 753 non
2693 709 2776 756 est
2814 715 3189 774 argumentum
3233 724 3248 763 :
3289 708 3368 780 (ε)
3419 709 3571 766 Unus

1994 784 2376 854 discipulorum
2403 787 2520 857 ejus
2543 827 2560 853 ,
2595 788 2706 844 imo
2755 790 2868 858 jam
2909 797 3244 865 magisteret
3277 801 3440 856 totius
3463 801 3571 856 duo

1994 881 2112 930 ctor
2137 877 2424 940 exercitus,
2449 885 2506 932 et
2533 886 2718 932 contra
2748 880 3063 949 Apostolum
3092 899 3187 941 vas
3231 889 3570 956 perditionis,

1993 983 2091 1037 per
2119 968 2566 1034 solcecismorum,
2592 981 2647 1026 et
2673 986 2779 1026 non
2809 971 2908 1044 (uti
2933 975 3202 1047 jaetitant)
3219 979 3575 1051 Syllogismu-

1995 1072 2112 1113 rum
2134 1060 2343 1128 spineta
2369 1059 2686 1127 decurrens,
2715 1063 2795 1118 sic
2822 1063 3222 1135 philosophatur
3240 1079 3293 1124 et
3313 1072 3570 1142 disputat.

2003 1167 2023 1201 ι
2058 1147 2112 1205 Si
2141 1149 2273 1204 nihil
2324 1165 2425 1220 ago
2468 1151 2670 1221 absque
2713 1153 2806 1208 Dei
2848 1155 3045 1210 auxilio
3065 1188 3098 1223 ,-
3127 1167 3184 1213 et
3228 1175 3324 1229 per
3361 1163 3572 1233 singula

1995 1253 2181 1308 opera,
2228 1239 2346 1308 ejus
2392 1249 2477 1296 est
2514 1257 2675 1298 omne
2711 1244 2855 1314 quod
2898 1259 3142 1315 gessero,
3171 1263 3303 1319 ergo
3327 1265 3435 1307 non
3464 1268 3570 1324 ego

1996 1329 2087 1399 qui
2135 1329 2344 1395 laboro,
2389 1329 2486 1385 sed
2532 1331 2628 1386 Dei
2673 1333 2726 1387 in
2772 1348 2859 1388 me
2901 1335 3246 1392 coronabitur
3293 1341 3572 1402 auxilium.

1996 1416 2297 1489 frustraque
2323 1419 2474 1476 dedit
2512 1421 2716 1478 arbitrii
2771 1434 3108 1493 potestatem,
3151 1442 3313 1498 quam
3351 1430 3578 1500 implere

1997 1523 2104 1564 non
2126 1523 2367 1579 possum,
2393 1511 2495 1565 nisi
2527 1511 2641 1582 ipse
2667 1527 2755 1568 me
2782 1528 2996 1584 semper
3019 1517 3304 1586 adjuverit.
3346 1519 3578 1576 Destrui-

1999 1609 2086 1654 tur
2108 1600 2251 1655 enim
2292 1601 2564 1668 voluntas,
2595 1617 2716 1672 quas
2758 1604 2980 1660 alterius
3005 1621 3108 1675 ope
3135 1607 3354 1678 indiget.
3381 1610 3486 1664 Sed
3510 1611 3578 1665 li-

1998 1690 2185 1747 berum
2229 1691 2377 1746 dedit
2429 1692 2706 1747 arbitrium
2757 1693 2917 1760 Deus,
2965 1697 3108 1765 quod
3149 1698 3311 1754 aliter
3347 1700 3574 1755 liberum

1999 1795 2106 1836 non
2135 1781 2267 1845 erit,
2301 1782 2400 1836 nisi
2439 1781 2617 1837 fecero
2645 1783 2786 1852 quod
2813 1785 3057 1841 voluero.
3086 1787 3164 1842 Ae
3191 1802 3286 1858 per
3313 1787 3416 1846 hoc
3441 1791 3518 1846 ait
3553 1809 3570 1847 :

1999 1873 2108 1927 Aut
2127 1883 2247 1928 utor
2269 1873 2438 1929 semel
2466 1883 2748 1944 potestate,
2777 1893 2896 1946 quae
2922 1878 3053 1932 mihi
3081 1879 3205 1934 data
3224 1890 3333 1949 est,
3358 1891 3415 1937 ut
3441 1881 3574 1939 liba.

1999 1979 2118 2018 rum
2149 1973 2390 2018 servetur
2418 1965 2695 2019 arbitrium
2722 1982 2739 2020 :
2771 1976 2862 2022 aut
2889 1967 2934 2021 si
2957 1969 3176 2025 alterius
3201 1985 3304 2040 ope
3326 1971 3572 2042 indigeo,

2001 2052 2222 2110 libertas
2239 2053 2443 2108 arbitrii
2474 2055 2526 2109 in
2556 2071 2642 2110 me
2661 2055 3020 2114 destruetur.»

2074 2145 2128 2198 6.
2153 2145 2252 2212 Qui
2281 2146 2394 2200 hac
2419 2134 2570 2210 dicit,
2597 2163 2756 2216 qttam
2787 2163 2892 2202 non
2916 2148 3130 2204 excedit
3156 2151 3576 2223 blasphemiam?

2002 2250 2120 2304 qua:
2156 2235 2524 2291 haereticorum
2554 2251 2756 2293 venena
2792 2255 2896 2292 non
2936 2243 3190 2309 superat?
3228 2245 3488 2298 Asserunt
3516 2259 3577 2301 se

2004 2342 2099 2397 per
2122 2328 2326 2381 arbitrii
2363 2328 2658 2384 libertatem
2688 2345 3020 2400 nequaquam
3049 2333 3180 2387 ultra
3217 2337 3576 2391 necessarium

2004 2416 2200 2472 habere
2227 2418 2423 2481 Deum;
2452 2429 2505 2472 et
2534 2418 2778 2488 ignorant
2797 2421 3048 2488 scriptum
3075 2441 3089 2476 ;
3116 2423 3252 2486 Quid
3269 2424 3420 2478 habes
3440 2428 3578 2495 quod

2004 2523 2106 2560 non
2127 2508 2401 2576 accepisti?
2423 2508 2465 2560 si
2490 2519 2658 2562 autem
2684 2511 2920 2577 accepisti
2939 2550 2955 2574 ,
2985 2513 3106 2580 quid
3133 2513 3370 2582 gloriaris
3388 2553 3404 2578 ,
3433 2515 3578 2580 quasi

2006 2612 2104 2648 non
2129 2597 2379 2667 acceperis
2393 2597 2421 2650 .9
2443 2598 2520 2669 (1.
2546 2598 2665 2652 Cor.
2686 2599 2741 2653 4.
2767 2599 2842 2670 7).
2873 2599 3087 2668 Magnas
3106 2603 3217 2671 agit
3238 2603 3344 2658 Deo
3357 2607 3576 2674 gratias,

2005 2689 2094 2758 qui
2148 2704 2241 2755 per
2288 2689 2588 2744 libertatem
2635 2690 2841 2744 arbitrii
2891 2693 3106 2745 rebellis
3151 2694 3206 2746 in
3248 2693 3412 2747 Deum
3447 2704 3578 2750 est:

2006 2794 2163 2847 quam
2192 2795 2289 2832 nos
2318 2780 2394 2850 (ὁ)
2423 2779 3065 2870 Ιίδειιιετδιιιριθειίιιιιιι,
3096 2785 3163 2836 ita
3194 2784 3490 2850 duntaxat,
3524 2796 3584 2840 ut

2007 2890 2224 2944 agamus
2246 2889 2458 2942 semper
2483 2877 2678 2945 gratias
2706 2875 2941 2945 largitori
2965 2893 2980 2939 ;
3011 2878 3344 2946 sciamusque
3369 2893 3469 2934 nos
3493 2879 3582 2934 ni-

2010 2967 2084 3020 hil
2109 2983 2247 3030 esse,
2282 2968 2382 3021 nisi
2407 2967 2548 3036 quod
2575 2967 2811 3032 donavit,
2845 2969 2894 3021 in
2924 2968 3078 3021 nobis
3106 2972 3218 3038 ipse
3251 2971 3580 3037 servaverit,

2009 3057 2219 3112 dicente
2237 3058 2490 3126 Apostolo
2515 3075 2529 3110 ε
2556 3057 2678 3111 Νοη
2702 3067 2774 3112 est
2793 3059 3004 3111 uolentis
3027 3075 3183 3126 neque
3205 3061 3474 3123 currentis,
3493 3061 3584 3115 sed

2009 3148 2291 3203 miserantis
2323 3147 2414 3202 Dei
2443 3147 2631 3218 (Rom.
2663 3147 2717 3204 9.
2748 3148 2874 3220 16).
2908 3149 3055 3204 Velle
3083 3161 3137 3205 et
3162 3166 3379 3208 currere
3401 3167 3582 3212 meum

2009 3248 2093 3294 est
2123 3257 2137 3293 :
2166 3238 2259 3294 sed
2291 3238 2460 3308 ipsum
2489 3254 2665 3296 meum
2689 3279 2706 3306 ,
2739 3240 2856 3296 sine
2882 3242 2977 3297 Dei
3004 3256 3218 3311 semper
3250 3243 3450 3298 auxilio
3476 3259 3584 3299 non

2011 3332 2114 3386 erit
2139 3345 2337 3385 meum.
2371 3330 2508 3386 Dicit
2527 3331 2670 3386 enim
2701 3331 2842 3387 idem
2865 3333 3154 3402 Apostolus
3187 3353 3201 3388 :
3236 3335 3372 3390 Deus
3398 3344 3469 3390 est
3496 3335 3587 3403 qui

2012 3431 2250 3490 operatur
2273 3423 2328 3476 in
2351 3423 2494 3477 nobis
2522 3431 2570 3476 et
2607 3423 2731 3478 uelle
2749 3432 2797 3478 et
2834 3425 3071 3494 perﬁcere
3098 3423 3118 3496 (
3139 3423 3337 3494 Philip.
3367 3426 3422 3480 2.
3449 3427 3520 3482 15
3543 3427 3585 3494 ).

2012 3513 2083 3567 Ει
2121 3513 2365 3567 Salvator
2399 3516 2453 3567 in
2493 3513 2826 3582 Evangelio:
2860 3513 3019 3567 Pater
3059 3532 3198 3569 meus
3240 3533 3397 3584 usque
3435 3517 3588 3571 modo

2013 3612 2269 3670 aperatur,
2291 3611 2338 3656 et
2357 3619 2447 3672 ego
2473 3618 2654 3670 operor
2683 3601 2860 3670 (Joan.
2885 3603 3070 3674 5.17).
3099 3603 3320 3674 Semper
3343 3607 3586 3675 largitor,

2014 3707 2329 3762 semperque
2349 3693 2572 3746 donator
2593 3700 2696 3746 est.
2727 3692 2838 3746 Non
2863 3693 2992 3747 mihi
3018 3695 3234 3760 sufﬁcit,
3254 3696 3394 3765 quod
3419 3699 3588 3753 semel

2015 3781 2252 3844 donavit,
2285 3781 2387 3834 nisi
2427 3794 2640 3850 semper
2670 3780 2973 3835 donaverit.
3002 3783 3153 3850 Peto,
3184 3795 3239 3837 ut
3277 3785 3536 3854 accipiam
3570 3805 3586 3844 :

2016 3880 2215 3926 etcum
2241 3884 2498 3938 accepero
2522 3911 2538 3934 ,
2579 3885 2762 3926 rursus
2804 3882 2946 3941 pcto.
2978 3875 3182 3927 Avarus
3210 3889 3328 3928 sum
3353 3875 3419 3929 ad
3447 3878 3591 3932 acci-

2019 3958 2208 4030 pienda
2240 3959 2492 4013 beneficia
2523 3959 2617 4015 Dei
2637 4000 2654 4025 ,
2696 3975 2794 4015 nec
2829 3960 2920 4014 illo
2949 3960 3129 4016 deficit
3168 3964 3220 4016 in
3249 3963 3460 4030 dando,
3491 3980 3592 4021 nec

2019 4066 2119 4121 ego
2153 4052 2315 4106 satior
2341 4049 2395 4104 in
2427 4049 2757 4120 accipiendo.
2838 4049 3046 4122 1035
3114 4053 3322 4118 Quanto
3361 4054 3483 4125 plus
3511 4055 3592 4110 bi-

2019 4142 2170 4208 Lero,
2197 4151 2341 4195 tanto
2363 4140 2481 4210 plus
2510 4141 2653 4195 sitio.
2685 4141 2814 4212 Legi
2838 4143 2980 4196 enim
3003 4160 3031 4196 a
3055 4144 3335 4199 Psalmista
3363 4148 3590 4201 cantari.

2023 4231 2229 4286 Gustata
2265 4241 2312 4285 et
2347 4231 2526 4298 videte,
2552 4233 2792 4303 quoniam
2817 4235 2985 4288 suavis
3022 4245 3093 4289 est
3131 4235 3376 4292 Dominus
3399 4236 3417 4308 (
3440 4235 3592 4296 Psal.

2023 4325 2112 4380 53.
2143 4323 2233 4396 9).
2263 4323 2431 4380 Omne
2456 4325 2598 4394 quod
2623 4325 2880 4381 habemus
2910 4325 3134 4394 bonum,
3163 4338 3350 4398 gustus
3373 4340 3457 4386 est
3487 4330 3596 4384 Do-

2025 4416 2173 4470 mini.
2211 4414 2343 4469 Cum
2371 4430 2458 4470 me
2484 4425 2740 4485 putavero
2771 4416 2838 4471 ad
2862 4417 3059 4472 calcem
3093 4419 3404 4486 pervenisse
3430 4421 3596 4474 virtu-

2025 4514 2158 4568 tum,
2201 4515 2326 4560 tunc
2372 4505 2578 4560 habebo
2616 4505 2956 4575 principium.
3005 4505 3321 4574 Principium
3351 4508 3486 4560 enim
3512 4525 3596 4564 sa-

2026 4598 2230 4668 pientia:
2267 4597 2416 4650 timor
2452 4593 2662 4650 Domini
2701 4594 2835 4667 (Ps.
2870 4595 3152 4664 “0.10),
3189 4597 3279 4665 qui
3314 4597 3600 4667 expellitur

2027 4699 2188 4758 atque
2215 4687 2508 4742 destruitur
2531 4687 2775 4742 caritate.
2817 4685 2944 4740 Hec
2973 4701 3253 4742 DOIINIBDS
3279 4689 3394 4742 sola
3419 4689 3600 4757 perfe-

2025 4784 2153 4845 ctio,
2183 4779 2228 4832 si
2260 4776 2598 4848 imperfectos
2621 4791 2741 4832 esse
2764 4786 2824 4832 se
2851 4778 3118 4831 noverint.
3151 4778 3215 4832 Et
3243 4795 3360 4843 uos,
3395 4781 3598 4852 inquit,
3674 4811 3681 4817 -

2029 4885 2142 4924 cum
2163 4869 2332 4922 omnia
2357 4867 2593 4936 feceritis,
2613 4866 2765 4920 dicite
2784 4881 2804 4921 .'
2829 4865 2976 4922 Servi
2997 4867 3202 4920 inutiles
3218 4885 3394 4924 sumus
3421 4886 3441 4925 .'
3465 4873 3601 4942 quod

2029 4961 2289 5015 debuimus
2315 4963 2497 5031 facere,
2526 4958 2736 5028 fecimus
2761 4956 2910 5029 (Luc.
2937 4960 3021 5014 Π.
3047 4960 3114 5015 10
3131 4964 3170 5029 ).
3199 4960 3254 5016 Si
3286 4961 3485 5018 inutilis
3517 4973 3603 5018 est

2029 5052 2121 5126 qui
2141 5050 2267 5106 fecit
2283 5051 2480 5115 omnia,
2502 5047 2627 5119 quid
2647 5048 2714 5105 de
2732 5049 2826 5106 illo
2849 5048 3132 5106 dicendum
3153 5059 3253 5117 est,
3272 5054 3361 5123 qui
3382 5054 3602 5122 explere

2030 5159 2138 5198 non
2165 5142 2371 5213 potuit?
2398 5139 2550 5198 Unde
2571 5149 2627 5197 et
2647 5140 2953 5231 Apostolus,
2976 5156 3043 5198 ex
3063 5152 3214 5212 parte
3233 5146 3520 5211 accepisse,
3547 5153 3600 5198 et

2033 5250 2098 5290 ex
2139 5242 2289 5304 parte
2330 5231 2798 5302 comprehendisse
2843 5246 2903 5286 se
2945 5233 3092 5300 dicit,
3131 5241 3185 5290 et
3219 5232 3452 5296 necdum
3482 5247 3600 5290 esse

2100 5385 2159 5451 (ε)
2181 5386 2462 5451 βωιθειῐιιιιι
2488 5391 2617 5439 innui
2643 5388 2975 5450 intelligimus,
2998 5385 3606 5451 cnjns‘suutDeﬂuitiones

2032 5458 2083 5518 et
2106 5449 2404 5518 syllogismi,
2436 5453 2695 5518 adversum
2718 5449 2853 5518 quas
2883 5452 3078 5518 scripsit
3103 5449 3172 5518 .S.
3219 5449 3604 5518 Augustinus_li-

2035 5509 2171 5580 hrum
2195 5509 2269 5560 de'
2284 5511 2592 5580 Perlectione
2613 5509 2818 5580 justit'ige
2841 5524 2855 5570 ;
2882 5509 3010 5580 in_iis
3035 5509 3162 5554 enim
3188 5521 3462 5580 quanquam
3496 5509 3606 5580 aliis

2032 5575 2199 5637 verbis
2209 5585 2432 5637 raque
2465 5569 2890 5637 reciuitltoc‘loco
2908 5569 3246 5637 Hieronymus,
3268 5569 3604 5637 continentur.

2100 5632 2168 5698 (tl)
2194 5628 2362 5698 _Yatic'.
2387 5643 2532 5683 alter.
2571 5635 2729 5698 49th.
2750 5631 2946 5682 libenter
2980 5628 3251 5698 accepimus
3285 5628 3607 5698 et‘atnplects-

2032 5691 2166 5744 mur:
2193 5695 2298 5744 Hoc
2320 5708 2464 5756 porro
2487 5700 2579 5750 est,
2605 5693 2730 5756 quod
2756 5691 3223 5756 commuuedogrna,
3249 5691 3404 5756 addita
3441 5698 3606 5744 tamen

2033 5758 2200 5807 auxilii
2231 5750 2524 5807 necessitate
2543 5789 2558 5814 ,
2583 5750 2641 5804 ad
2665 5764 2812 5815 opera
2835 5750 3086 5812 salutaria,
3105 5750 3431 5813 Augustinus,
3458 5760 3607 5817 atque

2041 5820 2159 5867 infra
2179 5819 2316 5869 Hier.
2344 5824 2529 5866 vocant.
