4080 6340
565 405 710 469 illi!

559 524 876 597 perfectum,
905 522 1400 592 praeteritoruqu
1423 514 1700 581 oblivisci,
1727 523 1783 571 et
1809 514 1863 570 in
1891 515 2118 570 futurum

560 633 624 673 se
650 613 939 672 extendere
958 613 1034 684 (1.
1063 611 1182 666 Cor.
1209 611 1290 666 l3.
1319 609 1419 675 l0;
1447 617 1494 662 et
1516 607 1748 679 Philipp.
1775 607 1830 662 5.
1859 607 1928 661 15
1949 605 1985 676 ).
2029 605 2132 671 Qui

559 720 773 774 semper
789 703 1178 775 praeteritorum
1201 699 1548 764 obliviscitur,
1569 707 1624 752 et
1651 699 1823 750 futura
1843 694 2127 759 desiderat,

554 796 795 853 ostendit
831 808 891 850 se
935 791 1288 864 praesentibus
1324 805 1430 843 non
1458 803 1577 844 esse
1606 796 1936 842 contentum.
1977 783 2129 850 Quod

554 897 734 943 autem
763 901 976 942 sursum
998 883 1246 940 deorsum
1270 882 1531 951 iactitant,
1554 880 1776 932 liberum
1803 891 1833 930 a
1862 876 2014 930 nobis
2044 889 2130 929 ar-

553 979 776 1032 bitrium
815 976 1018 1030 destrui
1044 1013 1058 1037 ,
1090 973 1303 1027 audiant
1330 986 1360 1025 e
1382 969 1657 1024 contrario
1677 982 1770 1021 eos
1793 965 1999 1020 arbitrii
2033 965 2129 1020 de-

552 1076 763 1123 struere
790 1067 1117 1128 libertatem,
1145 1063 1238 1133 qui
1267 1062 1403 1116 male
1425 1075 1490 1115 eo
1514 1059 1809 1112 abutuntur
1845 1056 2126 1109 adversum

553 1158 872 1214 beneficium
914 1154 1197 1225 largitoris.
1243 1153 1374 1219 Quis
1402 1150 1627 1207 destruit
1655 1148 1971 1202 arbitrium?
2012 1147 2123 1212 ille,

552 1249 644 1318 qui
673 1263 883 1317 semper
912 1247 1022 1300 Deo
1046 1247 1152 1314 agit
1179 1245 1378 1314 gratias
1399 1284 1414 1306 ,
1441 1251 1494 1296 et
1519 1239 1895 1311 quodcumque
1937 1238 1990 1292 in
2027 1251 2127 1291 suo

553 1341 725 1395 rivulo
753 1339 896 1403 fluit,
926 1337 992 1392 ad
1023 1339 1220 1393 fontem
1249 1336 1444 1391 refert?
1473 1351 1539 1388 an
1563 1335 1650 1404 qui
1679 1334 1806 1386 dicit
1831 1351 1845 1386 :
1875 1331 2072 1386 Recede
2095 1349 2127 1384 a

551 1447 632 1484 tne
657 1431 777 1500 quia
803 1430 1025 1483 mundus
1046 1445 1158 1483 sum
1187 1427 1342 1496 (fsai.
1371 1427 1459 1482 65.
1491 1426 1550 1495 5)
1581 1442 1596 1478 :
1631 1441 1734 1478 nou
1767 1423 1940 1478 habeo
1967 1434 2017 1476 te
2040 1436 2129 1477 nc-

550 1519 878 1575 cessarium?
917 1519 1115 1573 Dedisti
1144 1519 1284 1571 enim
1312 1517 1440 1570 mihi
1468 1515 1635 1570 semel
1659 1515 1866 1568 arbitrii
1909 1512 2125 1566 liberta-

547 1619 684 1673 tem,
710 1618 771 1662 ut
792 1609 979 1662 faciam
999 1608 1138 1678 quod
1159 1607 1379 1662 voluero
1403 1623 1416 1658 :
1437 1604 1568 1675 quid
1591 1617 1800 1658 rursum
1831 1613 1882 1658 te
1903 1602 2119 1672 ingeris,

553 1709 612 1751 ut
642 1698 770 1752 nihil
801 1697 997 1767 possim
1027 1697 1200 1752 facere
1219 1734 1236 1760 ,
1269 1697 1368 1750 nisi
1403 1704 1458 1750 tu
1487 1696 1540 1749 in
1578 1709 1663 1750 me
1694 1704 1782 1748 tua
1803 1694 1943 1748 dona
1972 1707 2123 1747 com-

552 1789 812 1860 pleveris?
840 1788 1226 1844 Fraudulenter
1256 1787 1543 1858 prasteudis
1571 1789 1661 1842 Dei
1685 1787 1930 1856 gratiam,
1965 1786 2038 1856 (a)
2069 1794 2126 1840 ut

551 1879 618 1934 ad
653 1880 1012 1936 conditionem
1052 1879 1284 1933 hominis
1325 1878 1526 1934 referas
1547 1919 1560 1942 ,
1593 1888 1648 1932 et
1675 1891 1783 1931 non
1815 1877 1867 1930 in
1903 1876 2125 1946 singulis

552 1969 804 2039 operibus
826 1967 1082 2041 auxilium
1126 1969 1215 2024 Dei
1243 1969 1510 2039 requiras;
1552 1982 1620 2023 ne
1657 1967 1860 2022 scilicet
1899 1967 2123 2021 liberum

551 2060 828 2114 arbitrium
860 2053 1088 2124 videaris
1114 2059 1393 2124 amittere;
1435 2068 1491 2114 et
1527 2074 1646 2112 cum
1692 2059 1783 2114 Dei
1809 2065 2124 2113 contemnas

550 2150 952 2216 adminiculum,
986 2147 1256 2220 hominum
1283 2165 1490 2221 quieras
1515 2149 1728 2203 auxilia.

622 2246 677 2300 7.
707 2244 917 2308 Audite,
945 2243 1156 2313 quaeso}
1176 2242 1354 2314 audite
1381 2241 1718 2312 sacrilegum.
1754 2258 1774 2292 ι
1804 2240 1884 2308 Si,
1915 2241 2120 2312 inquit,

549 2338 772 2392 voluero
794 2351 1017 2391 curvare
1046 2317 1266 2405 digitum
1290 2376 1306 2401 ,
1348 2349 1563 2389 movere
1603 2348 1816 2387 manum
1838 2375 1854 2400 ,
1894 2335 2081 2389 sedere
2103 2373 2119 2401 ,

549 2437 714 2494 stare,
761 2427 1052 2491 ambulare,
1099 2425 1424 2489 discurrere,
1469 2433 1622 2492 Sputa
1668 2424 1868 2492 jacere,
1914 2423 2122 2478 duobus

547 2518 790 2590 digitulis
818 2519 1022 2580 narium
1054 2523 1400 2586 purgamenta
1441 2515 1692 2571 decutere
1715 2556 1731 2582 ,
1766 2515 2000 2571 relevare
2037 2516 2122 2570 al-

547 2627 696 2678 vum,
739 2611 948 2665 urinam
995 2609 1260 2679 digerere,
1300 2625 1511 2678 semper
1557 2608 1683 2662 mihi
1729 2608 1984 2662 auxilium
2029 2609 2121 2665 Dei

549 2701 909 2757 necessarium
933 2701 1102 2754 erit?»
1145 2700 1279 2753 Audi
1310 2700 1532 2769 ingrate.
1554 2701 1660 2753 imo
1684 2699 1964 2767 sacrilege,
1990 2704 2122 2769 Apo-

546 2793 740 2848 stolum
760 2790 1134 2861 prmdicantem
1162 2809 1176 2845 :
1201 2790 1319 2844 Sive
1339 2793 1672 2856 magducatis,
1697 2793 1798 2845 sive
1817 2793 2000 2858 bibitis,
2021 2794 2122 2846 sive

545 2885 692 2940 aliud
723 2885 844 2955 quid
868 2884 1016 2953 agitis
1036 2925 1050 2949 ,
1080 2884 1249 2937 omnia
1284 2884 1338 2936 in
1367 2883 1570 2936 nomine
1595 2882 1686 2936 Dei
1711 2885 1842 2954 agite
1880 2885 1969 2954 (1.
1994 2881 2116 2940 Cor.

548 2978 638 3035 10.
668 2976 795 3046 51).
843 2976 910 3032 Et
953 2975 1077 3030 illud
1121 2975 1348 3037 Jacobi,
1428 2974 1635 3046 1035
1710 2974 1842 3028 Ecce
1880 2993 2010 3029 nunc
2035 2976 2121 3044 qui

545 3073 740 3134 dicitis,
776 3069 925 3124 hodie
951 3078 1038 3122 aut
1066 3085 1178 3121 cras
1208 3068 1586 3140 proﬁciscemur
1605 3070 1656 3120 in
1677 3067 1819 3120 illam
1847 3069 2116 3132 civitatem,

543 3172 595 3217 et
615 3163 863 3234 faciemus
887 3159 993 3213 illic
1013 3175 1203 3212 annum
1228 3174 1414 3223 unum,
1451 3168 1505 3210 ut
1539 3158 1846 3226 negotiemur
1878 3167 1923 3211 et
1957 3157 2120 3210 lucre-

545 3269 683 3319 ntur,
711 3251 796 3322 qui
815 3251 1016 3304 nescitis
1036 3252 1098 3302 de
1121 3250 1362 3302 crastino.
1394 3248 1520 3314 Qua:
1546 3249 1676 3301 enint
1697 3257 1769 3301 est
1796 3249 1896 3300 vita
1924 3250 2120 3303 vestra?

546 3343 689 3396 Astra
719 3351 792 3395 est
830 3341 962 3394 enim
994 3341 1097 3393 sive
1124 3355 1281 3406 vapor
1315 3338 1579 3407 paululum
1617 3355 1866 3408 apparens
1890 3355 1909 3393 :
1938 3341 2121 3394 deinde

544 3433 835 3500 dissipatur,
869 3447 960 3500 pro
987 3446 1045 3483 eo
1066 3431 1200 3499 quod
1226 3430 1441 3483 debeatis
1465 3429 1627 3483 dicere
1649 3446 1666 3482 :
1691 3431 1734 3482 si
1759 3429 2004 3483 Dominus
2031 3447 2118 3484 ro-

545 3524 694 3578 fuerit
713 3565 727 3588 ,
758 3533 806 3577 et
833 3524 1101 3578 vixerimus
1127 3563 1140 3585 ,
1178 3524 1416 3593 faciemus
1443 3532 1527 3574 aut
1557 3522 1650 3574 hoc
1671 3533 1757 3574 aut
1783 3523 1930 3575 illud.
1964 3521 2119 3577 Nunc

541 3624 711 3668 autem
742 3615 1002 3669 multatis
1043 3615 1094 3666 in
1137 3612 1382 3680 superbiis
1421 3615 1614 3679 vestris,
1648 3616 1808 3668 omnis
1836 3615 2120 3666 istiusmodi

543 3705 779 3778 gloriatio
807 3705 1021 3773 pessima
1040 3715 1112 3758 est
1142 3703 1359 3770 (Jacob.
1401 3705 1452 3758 4.
1479 3705 1564 3758 15.
1595 3715 1638 3757 et
1663 3721 1769 3774 sqq.
1791 3707 1832 3773 ).
1865 3705 2115 3772 lnjuriam

545 3797 638 3851 tibi
685 3796 799 3851 fieri
843 3804 996 3866 putas
1035 3805 1090 3849 et
1129 3797 1330 3851 destrui
1370 3794 1573 3849 arbitrii
1614 3795 1944 3858 libertatem,
1977 3795 2020 3848 si
2051 3795 2116 3847 ad

547 3887 716 3943 Deum
743 3903 957 3958 semper
983 3900 1254 3942 auctorem
1277 3902 1543 3952 recurras,
1567 3889 1611 3940 si
1633 3903 1697 3942 ex
1723 3887 1860 3941 illius
1887 3887 2117 3957 pendeas

543 3979 839 4043 voluntate,
866 3988 922 4033 et
951 3979 1100 4032 dicas
1129 3995 1143 4031 :
1181 3977 1328 4032 Oculi
1359 3979 1456 4031 mei
1483 3995 1678 4048 semper
1705 3981 1773 4032 ad
1794 3977 2072 4034 Dominum
2097 4021 2112 4046 ,

541 4069 778 4132 quoniam
803 4070 911 4139 ipse
933 4070 1105 4122 evellet
1137 4069 1201 4122 de
1235 4069 1414 4134 laqueo
1443 4070 1592 4138 pedes
1617 4071 1792 4124 meos!
1819 4070 1992 4142 (Psal.
2023 4073 2113 4128 21.

543 4159 672 4230 15).
725 4157 876 4214 Unde
918 4166 975 4214 et
1011 4157 1176 4213 audes
1218 4159 1397 4230 lingua
1427 4160 1669 4231 proferre
1700 4163 2002 4229 temeraria,
2041 4163 2115 4236 (ὁ)

543 4265 976 4318 unumquemque
996 4252 1216 4306 arbitrio
1241 4269 1339 4307 suo
1365 4255 1511 4324 regi?
1536 4254 1591 4309 Si
1613 4270 1710 4309 suo
1730 4257 1951 4310 arbitrio
1982 4257 2119 4328 regi~

542 4350 650 4406 tur,
677 4341 764 4395 ubi
789 4351 871 4394 est
895 4342 1148 4395 auxilium
1183 4343 1274 4396 Dei
1293 4343 1314 4393 1’
1340 4343 1394 4396 Si
1422 4343 1639 4398 Christo
1665 4355 1872 4400 rectore
1901 4363 2006 4400 non
2037 4347 2120 4401 in”-

544 4433 688 4503 diget
707 4473 722 4499 ,
751 4431 1019 4502 quomodo
1051 4434 1236 4486 scribit
1261 4433 1519 4488 Jeremias
1552 4452 1564 4488 :
1601 4433 1719 4487 Non
1747 4448 1818 4489 est
1841 4438 1892 4489 in
1919 4440 2120 4492 homine

541 4524 624 4577 via
677 4525 806 4592 ejus.
862 4522 930 4577 Et
960 4542 972 4576 :
1005 4541 1038 4575 α
1068 4523 1280 4576 Domino
1308 4541 1508 4595 gressus
1546 4525 1761 4579 hominis
1795 4528 2120 4597 diriguntur?

545 4613 771 4681 (Jerem.
801 4613 888 4668 10.
921 4613 1054 4682 25).
1100 4612 1296 4668 Facilia
1325 4615 1457 4670 dicis
1484 4615 1576 4669 Dei
1603 4631 1725 4671 esse
1753 4618 1996 4671 mandatu
2019 4659 2032 4678 ,
2065 4629 2120 4674 et

539 4718 729 4758 tamen
759 4703 962 4757 nullum
991 4702 1233 4772 proferre
1274 4715 1457 4774 potes,
1491 4707 1578 4777 qui
1614 4709 1856 4762 universa
1885 4709 2121 4777 comple—

547 4797 704 4848 t'erit.
741 4794 1021 4864 Responde
1051 4794 1210 4863 mihi,
1241 4795 1414 4851 facilia
1455 4808 1616 4865 sunt,
1655 4815 1720 4852 an
1763 4799 2031 4856 difficilia?
2063 4803 2118 4856 Si

547 4885 744 4949 facilia,
774 4888 951 4955 profer
987 4886 1106 4956 quis
1150 4902 1211 4941 ea
1255 4888 1579 4958 impleverit,
1617 4901 1669 4945 et
1711 4908 1808 4946 cur
1859 4893 2019 4947 David
2065 4895 2117 4946 in

547 4975 757 5030 Psalmo
784 4986 940 5031 canat
968 4997 981 5030 :
1015 4978 1114 5044 Qui
1143 4981 1295 5050 fingis
1324 4980 1544 5035 laborem
1570 4983 1622 5035 in
1654 4995 1904 5053 pracepto
1932 4986 1950 5054 (
1971 4985 2118 5040 Psal.

544 5065 633 5120 95.
663 5063 790 5131 20).
823 5064 892 5118 Et
918 5066 1110 5120 iterum
1143 5086 1157 5120 :
1189 5066 1408 5139 Propter
1448 5073 1594 5125 verba
1635 5072 1882 5126 labiorum
1919 5084 2119 5129 tuorum

544 5171 636 5226 ego
663 5155 907 5209 custodiri
933 5160 1040 5209 vias
1064 5156 1423 5226 duraHPsal.
1459 5163 1546 5216 16.
1578 5162 1655 5230 4).
1689 5163 1755 5215 Ει
1786 5165 2040 5219 Dominus
2067 5168 2120 5222 in

548 5247 836 5318 Evangelia
866 5265 879 5300 :
913 5245 1113 5301 Intrate
1142 5265 1232 5320 per
1255 5263 1522 5321 angustam
1564 5264 1762 5318 portant
1804 5254 2030 5320 (Matth.
2061 5259 2115 5312 7.

547 5337 660 5408 15).
689 5337 792 5393 Et:
825 5338 1290 5410 Diligiteininticos
1319 5349 1505 5395 vestros
1543 5342 1709 5411 (Luc.
1740 5345 1793 5400 6.
1821 5345 1889 5401 35
1914 5348 1956 5415 ).
2005 5349 2071 5402 Et
2103 5367 2117 5404 :

550 5431 706 5484 Orate
735 5447 826 5500 pro
851 5431 911 5485 iis
931 5432 1018 5502 qui
1046 5440 1407 5500 persequuntur
1423 5433 1546 5487 vos?
1567 5434 1778 5503 (Matth.
1801 5436 1856 5491 5.
1881 5437 1993 5509 44).
2026 5439 2119 5494 Sin

615 5559 678 5624 ta)
712 5561 879 5628 _Antea_
898 5575 991 5610 non
1015 5564 1132 5628 satis
1150 5571 1288 5628 recte
1311 5565 1682 5628 pmwnebatur
1698 5571 1748 5614 ut
1771 5566 2004 5628 particula
2029 5571 2116 5628 sic,

547 5627 598 5686 ut
621 5621 722 5686 'D'ei
737 5623 960 5686 gratiam
989 5623 1055 5686 ad
1079 5621 1429 5686 conditionem,
1468 5634 1566 5677 etc.
1599 5627 1707 5676 Alia
1742 5621 1818 5676 his
1852 5629 2028 5678 similia
2055 5621 2118 5679 ei

544 5681 661 5733 Mss.
680 5681 800 5732 iulia
824 5685 1158 5735 emendamns.

545 5744 890 5856 “Algal‘fllpnfer
913 5748 1236 5810 Augustinum
1255 5748 1322 5800 de
1352 5748 1516 5802 Gcstis
1538 5750 1726 5817 Pelagii
1764 5753 1812 5802 in
1846 5753 1969 5802 hanc
2002 5767 2118 5803 scn-

1723 5989 1786 6005 -Jo‘

1861 397 2099 459 SANCTI
2139 392 2510 456 lllERONYMl

3663 407 3804 474 "50

2227 520 2404 568 autem
2434 512 2692 581 difficilia,
2723 527 2820 570 cur
2845 528 3004 571 ausus
3029 529 3087 573 es
3112 515 3292 576 dicere
3311 560 3326 582 ,
3356 517 3527 579 facilia
3557 536 3678 582 esse
3709 525 3804 584 Dei

2238 603 2484 657 mandata
2508 645 2524 666 ,
2555 619 2674 673 qua:
2700 605 2876 660 nullus
2903 607 3230 677 impleverit?
3268 609 3384 664 Non
3411 612 3659 684 intelligis
3689 627 3807 672 tuas

2235 691 2376 746 inter
2402 707 2460 747 se
2489 707 2787 763 repugnare
2813 697 3139 751 sententias?
3165 699 3266 751 Aut
3295 700 3435 754 enim
3458 700 3632 757 facilia
3655 714 3802 770 sunt,

2235 790 2290 836 et
2327 783 2528 837 infinita
2565 792 2650 840 est
2689 785 2974 841 multitudo
3014 786 3308 853 hominum,
3339 792 3426 861 qui
3457 807 3518 846 ea
3546 793 3804 864 impleve-

2234 874 2342 928 rint
2366 891 2382 929 :
2411 883 2503 930 aut
2525 875 2787 944 difficilia,
2809 887 2865 933 et
2893 886 3092 934 temere
3120 879 3298 935 dixisti
3320 897 3440 938 esse
3464 882 3640 952 facile,
3664 887 3804 956 quod

2232 963 2451 1021 difficile
2475 976 2579 1022 est.

2299 1056 2356 1111 8.
2385 1055 2578 1112 Soletis
2618 1065 2672 1112 et
2710 1056 2814 1113 hoc
2850 1057 3062 1126 dicere,
3099 1069 3190 1116 aut
3215 1062 3482 1131 possibilia
3511 1079 3632 1122 esse
3658 1083 3807 1123 mau-

2229 1141 2390 1210 data,
2420 1153 2474 1199 et
2500 1155 2645 1201 recte
2669 1161 2698 1200 a
2727 1147 2836 1203 Deo
2859 1149 2982 1205 data
3017 1168 3031 1204 :
3062 1160 3154 1206 aut
3184 1153 3528 1222 impossibilia
3553 1195 3569 1220 ,
3602 1167 3657 1212 et
3699 1175 3803 1214 non

2233 1233 2284 1285 in
2313 1232 2394 1287 his
2418 1249 2540 1290 esse
2567 1237 2776 1306 culpam
2816 1241 2903 1307 qui
2941 1241 3185 1309 accipere
3215 1242 3458 1296 mandata
3481 1286 3496 1310 ,
3531 1247 3624 1300 sed
3654 1247 3708 1302 in
3737 1266 3802 1306 eo

2230 1325 2320 1393 qui
2343 1325 2490 1380 dedit
2511 1327 2878 1395 impossibilia.
2910 1329 3170 1399 Numquid
3197 1333 3451 1402 prtecepit
3483 1335 3612 1389 mibi
3641 1337 3801 1402 Deus,

2231 1421 2291 1467 ut
2327 1428 2500 1469 essem
2544 1416 2683 1486 quod
2725 1417 2868 1472 Deus
2909 1428 2991 1472 est
3019 1436 3032 1472 :
3064 1429 3125 1473 ut
3155 1421 3282 1474 nihil
3310 1421 3454 1476 inter
3481 1439 3568 1479 me
3589 1438 3732 1482 esset
3753 1440 3806 1484 et

2231 1505 2514 1562 Dominum
2555 1505 2864 1564 Creatorem
2897 1521 2999 1565 :ut
3039 1513 3208 1582 major
3252 1529 3427 1568 essem
3472 1517 3802 1587 Angelorum

2231 1594 2458 1665 fastigio,
2482 1605 2538 1651 ut
2563 1597 2814 1654 haberem
2843 1601 2982 1670 quod
3014 1603 3199 1672 Augeli
3227 1618 3332 1658 non
3356 1604 3590 1660 habent?
3615 1607 3688 1662 De
3713 1610 3803 1665 illo

2227 1687 2486 1755 scriptum
2513 1696 2596 1742 est
2620 1690 2771 1756 quasi
2802 1691 3072 1758 proprium
3098 1709 3111 1743 :
3141 1691 3241 1758 Qui
3261 1706 3516 1764 peccatum
3597 1698 3804 1772 1036

2228 1797 2332 1834 non
2383 1781 2519 1851 fecit,
2559 1798 2650 1835 nec
2679 1783 2830 1836 dolus
2877 1785 3108 1840 iuventus
3136 1787 3190 1839 in
3237 1803 3325 1842 ore
3373 1794 3484 1856 ejus
3512 1790 3668 1862 (lsui.
3710 1795 3798 1850 55.

2227 1873 2321 1945 0).
2353 1874 2408 1929 Si
2439 1874 2512 1948 (c)
2541 1874 2642 1931 hoc
2680 1889 2734 1931 et
2778 1877 2905 1932 mihi
2942 1893 3063 1934 cum
3102 1879 3318 1937 Christo
3357 1900 3643 1941 commune
3685 1899 3798 1957 est,

2227 1966 2353 2036 quid
2396 1968 2486 2022 ille
2523 1968 2704 2022 habuit
2736 1974 3046 2040 proprium?
3088 1975 3286 2046 alioqui
3323 1994 3417 2048 per
3450 1994 3509 2035 se
3551 1990 3639 2035 tua
3679 1996 3800 2037 scn-

2229 2057 2391 2112 tentia
2417 2058 2739 2114 destruetur.
2767 2062 2978 2117 Asseris
3020 2079 3178 2134 posse
3217 2068 3482 2126 hominem
3521 2087 3642 2128 esse
3680 2075 3793 2130 sine

2226 2159 2480 2218 peccato,
2526 2151 2571 2204 si
2614 2152 2738 2206 velit
2769 2170 2782 2204 :
2814 2162 2867 2207 et
2897 2165 3016 2223 post
3039 2157 3409 2225 gravissimum
3445 2177 3689 2218 somnum
3728 2165 3790 2221 ad

2226 2239 2566 2309 decipiendas
2589 2241 2748 2296 rudes
2775 2244 2981 2298 animas
3021 2244 3214 2301 frustra
3255 2253 3462 2304 conaris
3489 2254 3793 2324 adjungere.

2227 2328 2350 2384 Non
2376 2331 2561 2400 absque
2590 2329 2683 2384 Dei
2706 2333 2888 2402 gratia.
2923 2333 2980 2389 Si
3016 2338 3160 2390 enim
3201 2341 3365 2393 semel
3407 2341 3566 2396 homo
3609 2362 3702 2414 per
3739 2361 3796 2402 se

2225 2428 2402 2489 potest
2427 2435 2547 2476 esse
2571 2421 2686 2476 sine
2714 2432 2955 2491 peccato,
2985 2427 3108 2496 quid
3134 2430 3434 2484 necessaria
3457 2443 3541 2486 est
3568 2434 3657 2489 Dei
3678 2451 3796 2505 gra.

2228 2510 2334 2564 tia?
2378 2509 2470 2565 Sin
2510 2521 2684 2566 autem
2719 2517 2837 2568 sine
2879 2515 3019 2570 illius
3049 2519 3216 2587 gratia
3245 2520 3374 2574 nihil
3399 2532 3574 2592 potest
3599 2524 3787 2594 facere,

2223 2603 2349 2672 quid
2383 2618 2600 2658 necesse
2630 2605 2725 2658 fuit
2747 2605 2950 2672 dicere,
2981 2624 3135 2676 posse
3156 2611 3297 2679 quod
3325 2628 3429 2666 non
3460 2619 3669 2683 potest?
3698 2619 3796 2674 Po-

2226 2698 2346 2755 test,
2372 2693 2559 2761 inquit,
2590 2708 2710 2749 esse
2733 2694 2848 2750 sine
2879 2708 3116 2766 peccato,
3145 2710 3316 2768 potest.
3346 2717 3464 2759 esse
3490 2707 3791 2776 perfectus,

2223 2783 2267 2837 si
2295 2783 2541 2840 voluerit.
2587 2787 2719 2852 Quis
2758 2789 2903 2843 enim
2943 2788 3366 2849 Christianorum
3401 2811 3506 2852 non
3537 2801 3651 2854 vult
3675 2819 3794 2860 esse

2223 2875 2339 2930 sine
2365 2888 2604 2946 peccato,
2631 2890 2722 2934 aut
2749 2883 2868 2951 quis
2899 2884 3275 2952 perfectionem
3306 2902 3536 2957 recusat,
3570 2896 3613 2949 si
3645 2899 3792 2952 sulti—

2222 2969 2295 3021 cit
2318 2970 2364 3023 vi
2391 2970 2527 3026 velle
2551 2989 2564 3032 ;
2599 2983 2650 3027 et
2676 2977 2853 3028 statim
2877 2976 3118 3044 sequitur
3139 2994 3313 3048 posse,
3338 2982 3382 3036 si
3414 2983 3551 3039 velle
3578 3001 3796 3055 praeces-

2223 3060 2391 3114 serit?
2431 3060 2622 3118 Nullus
2661 3062 3083 3120 Christianorum
3111 3079 3225 3134 est,
3258 3071 3344 3139 qui
3375 3072 3506 3128 nolit
3535 3090 3658 3130 esse
3683 3080 3795 3134 sine

2223 3164 2444 3222 peccato
2467 3172 2480 3207 :
2509 3171 2695 3210 onmes
2722 3172 2850 3226 ergo
2879 3158 2993 3212 sine
3017 3172 3236 3228 peccato
3266 3174 3444 3229 erunt,
3470 3169 3591 3236 quia
3617 3172 3795 3240 utique

2223 3260 2410 3302 omnes
2430 3250 2649 3316 cupiunt
2667 3263 2788 3304 esse
2810 3251 2926 3304 sine
2953 3261 3191 3319 peccato.
3219 3254 3284 3307 Et
3313 3256 3364 3310 in
3397 3257 3498 3313 hoe
3520 3261 3601 3333 (d)
3632 3263 3796 3333 ingra.

2225 3339 2292 3391 tis
2321 3341 2588 3394 lenebcris
2610 3381 2625 3405 ,
2653 3350 2707 3394 ut
2733 3341 2857 3410 quia
2884 3342 3084 3396 nullum
3107 3385 3122 3410 ,
3151 3358 3236 3398 aut
3269 3362 3445 3401 rarum
3469 3366 3790 3426 quemquam

2223 3433 2338 3486 sine
2371 3442 2584 3498 peccato
2609 3429 2849 3500 proferre
2879 3443 3046 3500 potes,
3080 3450 3265 3492 omnes
3292 3438 3406 3494 sine
3434 3455 3658 3512 peccato
3682 3463 3793 3504 esse

2223 3538 2379 3591 posse
2397 3523 2629 3578 falcatis.
2655 3525 2953 3590 Possibilia,
2977 3528 3166 3597 inquit,
3192 3531 3436 3588 mandata
3461 3534 3609 3592 dedit
3641 3541 3792 3597 Deus.

2223 3615 2287 3666 Et
2317 3615 2437 3682 quis
2462 3613 2563 3668 hoc
2590 3618 2786 3684 negat?
2815 3617 2918 3673 Sed
2941 3621 3206 3689 quomodo
3231 3622 3343 3678 haec
3366 3625 3709 3700 intelligenda
3732 3639 3796 3690 sit

2221 3705 2505 3770 sententia,
2527 3721 2617 3759 vas
2639 3707 2912 3762 electionis
2933 3713 3267 3780 apertissime
3293 3715 3482 3783 docet;
3514 3721 3585 3775 ait
3612 3727 3754 3779 enim
3780 3743 3792 3779 :

2224 3795 2370 3858 Quod
2392 3806 2500 3848 erat
2525 3797 2829 3866 impossibile
2851 3801 2975 3869 legis
3003 3800 3096 3873 [aL
3125 3803 3266 3876 legi],
3291 3807 3344 3860 in
3371 3825 3468 3878 quo
3498 3811 3795 3878 iit/innaba-

2222 3894 2303 3938 tur
2337 3901 2425 3953 per
2463 3902 2666 3940 carnem
2685 3929 2698 3953 ,
2736 3887 2870 3943 Deus
2898 3892 3060 3959 ﬁlium
3083 3911 3228 3948 suum
3253 3899 3452 3955 mittens
3477 3903 3532 3954 in
3557 3904 3795 3958 similitu-

2222 3975 2390 4029 dinem
2414 3978 2580 4031 carnis
2607 3981 2816 4048 peccati,
2843 3991 2889 4034 et
2917 3983 2979 4036 de
3005 3994 3207 4052 peccato
3237 3989 3587 4045 condemnavit
3614 4012 3794 4062 pecca-

2221 4075 2330 4120 tum
2364 4068 2418 4120 in
2452 4083 2605 4122 carne
2631 4069 2648 4137 (
2674 4067 2824 4124 Rom.
2851 4071 2902 4125 8.
2937 4073 2970 4127 5
2998 4075 3034 4135 ).
3081 4075 3145 4129 Ει
3189 4077 3382 4132 iterum
3415 4080 3539 4136 :Ea:
3563 4088 3794 4154 operibus

2221 4156 2347 4226 legis
2368 4173 2468 4210 non
2491 4159 2856 4227 justi/imbitur
2880 4163 3042 4216 omnis
3069 4180 3187 4218 caro
3216 4165 3380 4236 (Ibid.
3410 4170 3464 4226 5.
3490 4171 3613 4244 30).
3645 4175 3793 4243 Quod

2221 4264 2292 4304 ne
2314 4249 2384 4306 de
2407 4249 2524 4319 lege
2550 4249 2711 4320 Moysi
2738 4259 2942 4305 tantum
2968 4254 3165 4308 dictum
3200 4267 3371 4326 putes,
3395 4269 3449 4316 et
3469 4277 3575 4316 nou
3597 4265 3663 4318 de
3685 4283 3797 4320 om-

2223 4339 2380 4394 nibus
2404 4340 2698 4406 mandatis,
2729 4357 2848 4411 qum
2877 4358 2982 4396 uno
3010 4346 3140 4412 legis
3169 4349 3387 4403 nomine
3416 4355 3787 4426 continentur,

2223 4427 2365 4481 idem
2411 4429 2698 4496 Apostolus
2737 4430 2958 4495 scribit,
3003 4433 3223 4488 dicens:
3250 4436 3518 4494 Consentio
3541 4445 3673 4497 enim
3701 4447 3795 4517 legi

2224 4517 2320 4571 Dei
2353 4520 2511 4588 juxta
2549 4519 2834 4572 interiorem
2860 4520 3110 4576 hominem
3133 4541 3151 4578 :
3178 4527 3320 4581 video
3345 4541 3512 4586 autem
3542 4535 3697 4588 aliam
3722 4538 3794 4590 le-

2223 4625 2333 4678 gem
2362 4610 2412 4662 in
2435 4611 2668 4664 membris
2695 4613 2836 4677 meis,
2866 4629 3228 4686 repugnantem
3256 4620 3355 4691 legi
3381 4627 3560 4680 mentis
3591 4645 3728 4694 mete,
3750 4639 3793 4682 et

2223 4702 2557 4770 captivantent
2601 4719 2679 4757 me
2718 4705 2774 4758 in
2818 4705 2926 4776 lege
2968 4713 3178 4778 peccati,
3208 4728 3321 4782 qua:
3357 4725 3432 4770 est
3473 4716 3527 4771 in
3563 4722 3792 4775 membris

2283 4837 2346 4905 lc)
2379 4837 2487 4905 Non
2507 4840 2676 4905 probat
2685 4841 3085 4905 Augustinuslib.
3102 4845 3166 4893 de
3180 4845 3360 4896 Natura
3378 4857 3430 4899 et
3453 4848 3614 4902 Gratia
3633 4862 3795 4905 contra

2283 4854 2326 4902 1c
2333 4854 2346 4904 ι
2381 4854 2487 4911 non
2507 4854 2673 4900 pl‘ODal
2687 4854 3085 4950 augusttnusnn.
3102 4854 3166 4893 ue
3182 4854 3360 4896 Natura
3378 4857 3430 4899 et
3453 4854 3614 4902 Gratia
3633 4862 3793 4905 contra

2226 4899 2489 4977 Pelagium.
2507 4904 2731 4977 capsas
2803 4917 2861 4974 oc
2899 4906 2978 4977 uti
2999 4906 3319 4977 conti-allium
3343 4909 3618 4977 hereticnm
3652 4929 3793 4977 argu-

2223 4971 2412 5038 mento.
2428 4962 2601 5038 ξ
2622 4970 2804 5038 autem,
2827 4963 2998 5026 inquit:
3023 4968 3140 5038 ιιι.ᾳὶ
3159 4967 3376 5038 dicamus
3389 4973 3524 5038 quod
3547 4962 3793 5038 αγαιέὶὦέ-

2223 5025 2332 5072 dam
2363 5024 2720 5100 contrate‘dici
2746 5027 2852 5100 ais,
2876 5024 3086 5098 eouipari
3119 5029 3365 5100 hominem
3389 5024 3525 5094 Deo,
3549 5037 3592 5085 si
3613 5024 3794 5100 absque

2224 5093 2427 5162 peccato
2446 5097 2558 5162 esse
2580 5095 2823 5162 asseratur
2847 5101 2860 5135 :
2884 5088 3027 5162 quasi
3038 5101 3171 5162 gero
3205 5091 3453 5162 Angelus,
3479 5088 3592 5158 quia
3606 5088 3793 5162 absque

2225 5149 3020 5224 92999.}??‘29953'13‘3‘2".pf“:
3037 5149 3143 5224 Εβο
3155 5149 3353 5224 Ψάέω
3376 5149 3470 5224 ¹¹9δ
3489 5149 3665 5224 ἐρρηθη
3685 5149 3794 5221 (illi:l

2226 5209 2371 5274 etiam
2393 5221 2501 5274 cum
2525 5207 2671 5256 fuerit
2691 5210 2740 5257 in
2763 5211 2910 5274 nobis
2925 5216 3057 5259 tanta
3076 5207 3278 5274 iustitia,
3302 5223 3358 5264 ut
3382 5217 3430 5265 ei
3462 5219 3569 5267 addi
3607 5207 3795 5269 minimo

2226 5267 2560 5332 nihilgpossit,
2595 5282 2691 5318 non
2729 5272 2998 5332 squabitur
3021 5267 3242 5322 creatura
3266 5267 3502 5327 creatori.
3541 5281 3593 5328 Si
3633 5267 3794 5330 autem

2225 5329 2562 5400 aliqui-putant
2586 5337 2770 5400 tantum
2790 5329 3018 5381 nostrum
3050 5334 3260 5400 futurum
3293 5350 3408 5400 esse
3433 5339 3719 5400 profectum,
3736 5329 3795 5392 ut

2227 5390 2274 5437 in
2299 5390 2731 5463 Deisubstantiam
2742 5403 3104 5463 convertamur,
3123 5403 3175 5463 et
3191 5397 3277 5445 hoc
3294 5390 3558 5463 efficiamur
3582 5390 3791 5463 pronius,

2225 5451 2351 5510 quod
2379 5451 2580 5517 illeest,
2604 5454 2810 5517 viderint
2829 5451 3230 5517 quemadmodum
3263 5457 3480 5509 adstruat
3500 5451 3793 5514 sententiain

2225 5522 2361 5580 suain
2378 5513 2538 5580 :_r_nihi
2558 5514 2650 5562 hoc
2672 5513 2825 5580 fateor
2848 5513 2944 5580 non
2969 5530 3081 5565 esse
3105 5530 3407 5580 peisuastnn.

2394 5572 2628 5623 Meudose
2651 5578 2783 5637 prius
2801 5583 2907 5626 erat
2926 5569 3158 5642 ingratiis.
3189 5579 3395 5642 Ingratis
3416 5593 3596 5642 autem,
3620 5583 3698 5632 vel
3723 5583 3792 5633 in-

2225 5638 2415 5701 gratiis,
2438 5641 2684 5701 ιῃρηιῃυξ
2708 5645 2907 5701 norunt,
2933 5638 3064 5689 idem
3085 5648 3159 5689 est
3181 5638 3432 5689 ac’iuvitn.
3459 5644 3541 5693 Sic
3562 5638 3678 5694 vero
3699 5648 3792 5695 uti-

2227 5694 2305 5767 tur
2327 5694 2463 5767 Hier.
2484 5695 2567 5767 lib.
2593 5698 2635 5767 1.
2653 5697 2842 5767 Dialog.
2868 5694 3159 5767 Ingratisml.
3183 5701 3430 5767 ingratiis)
3451 5704 3535 5755 tibi
3556 5694 3795 5766 fatendum

2226 5761 2302 5866 es;
2364 5765 2412 5867 c’t
2437 5757 2580 5867 paululo
2602 5759 2723 5809 iui‘ra
2745 5755 3142 5813 inbitus'tenebris
3165 5755 3343 5813 cultum
3376 5755 3516 5828 pbsse
3538 5755 3666 5831 quod

2228 5831 2269 5867 st
2303 5831 2367 5867 te
2408 5831 2467 5867 ac
2524 5833 2594 5867 as.

2228 5827 2367 5868 stone
2377 5827 2594 5879 jacttfas.
