4080 6340
178 398 368 493 ,1157

224 516 376 568 meis.
412 509 574 566 Miser
610 526 700 582 ego
739 512 889 564 homo
913 547 937 592 ι
967 504 1092 575 quis
1115 520 1197 560 me
1234 501 1462 559 liberabit
1505 500 1567 554 de
1602 511 1809 592 corpore

226 604 412 659 mortis
440 601 639 672 hujus?
671 601 850 656 Gratia
887 588 985 652 Dei
1013 613 1100 666 per
1126 595 1304 651 Jesum
1339 592 1600 651 Christum
1631 588 1816 643 Domi-

228 711 360 750 num
388 703 619 748 nostrum
655 692 851 762 (Rom.
879 690 934 745 'l.
970 689 1061 744 22.
1096 697 1141 743 et
1167 685 1326 759 sqq.).
1352 684 1460 742 Cur
1501 693 1678 737 autem
1715 679 1821 734 hoc

231 785 479 853 dixerit,
507 783 613 838 alio
639 795 888 839 sermone
914 780 1269 836 demonstrat.
1296 776 1500 832 Scimus
1526 773 1660 828 enim
1685 769 1819 843 quod

233 878 322 933 lea:
348 874 630 946 spiritualis
655 882 747 939 est,
775 889 867 936 ego
891 880 1057 926 autem
1084 869 1306 924 carnalis
1329 884 1459 933 sum,
1512 865 1824 920 venundatus

233 971 333 1025 sub
381 977 610 1041 peccato.
660 967 809 1033 Quod
848 965 980 1019 enim
1025 979 1228 1031 operor,
1257 977 1358 1015 non
1385 972 1656 1030 cognosco.
1703 954 1826 1009 Non

235 1064 375 1119 enim
401 1061 538 1132 quod
564 1059 697 1124 volo,
780 1055 990 1129 1037
1065 1053 1196 1108 illud
1221 1067 1420 1122 operor,
1439 1049 1527 1104 sed
1553 1045 1690 1118 quod
1718 1045 1824 1111 odi,

239 1155 379 1209 illud
405 1152 561 1224 facio.
597 1150 694 1205 Sin
718 1158 885 1202 autem
909 1146 1044 1217 quod
1073 1145 1225 1210 nolo,
1253 1143 1347 1197 hoc
1373 1142 1509 1215 facio
1529 1181 1544 1206 ,
1572 1137 1828 1193 consentio

241 1248 367 1317 legi,
392 1245 635 1316 quoniam
655 1242 787 1296 bona
806 1250 900 1297 est.
931 1238 1087 1293 Nunc
1114 1245 1282 1291 autem
1309 1249 1628 1305 nequaquam
1649 1245 1830 1303 operor

241 1339 401 1404 illud,
449 1337 540 1392 sed
587 1335 720 1406 quod
766 1335 819 1387 in
861 1348 941 1386 me
985 1331 1196 1394 habitat,
1233 1336 1511 1398 peccatum.
1547 1324 1669 1379 Scio
1698 1322 1831 1376 enim

243 1433 387 1504 quod
415 1448 518 1486 non
549 1430 741 1484 habitat
768 1429 822 1481 in
843 1442 940 1492 me,
961 1426 1056 1480 hoc
1085 1433 1176 1490 est,
1203 1423 1255 1476 in
1283 1437 1436 1476 carne
1460 1434 1598 1482 mea,
1627 1423 1831 1470 bonum.

253 1525 404 1581 Velle
441 1525 578 1579 enim
618 1522 816 1585 adiacet
857 1519 1020 1584 mihi,
1059 1517 1300 1588 perficere
1325 1523 1492 1568 autem
1519 1512 1704 1566 bonum
1732 1523 1835 1562 non

246 1617 474 1672 invenio.
505 1613 630 1669 Non
671 1613 806 1668 enim
844 1611 978 1682 quod
1013 1609 1128 1663 volo
1165 1609 1348 1662 bonum
1370 1648 1386 1672 ,
1422 1604 1516 1658 hoc
1555 1603 1688 1674 facio
1711 1599 1838 1654 :sed

249 1709 392 1779 quod
418 1709 536 1763 nolo
557 1747 573 1772 ,
603 1706 817 1770 malum,
843 1705 938 1758 hoc
966 1719 1084 1774 ago.
1111 1701 1173 1757 Si
1201 1709 1372 1754 autem
1394 1696 1528 1768 quod
1561 1698 1680 1749 nolo
1703 1733 1720 1760 ,
1748 1693 1842 1746 hoc

255 1803 416 1874 facio,
440 1815 757 1869 nequaquam
783 1811 875 1868 ego
905 1811 1087 1865 operor
1112 1792 1266 1858 illud,
1297 1789 1385 1844 sed
1405 1787 1540 1858 quod
1569 1785 1760 1840 habitat
1788 1783 1844 1838 in

253 1913 359 1964 me,
391 1904 651 1966 peccatum
679 1889 858 1962 (Rom.
882 1889 934 1941 7.
962 1888 1050 1952 M,
1072 1895 1122 1941 et
1152 1882 1310 1955 sqq.).
1569 1933 1588 1952 ,

332 1985 388 2041 9.
422 1981 788 2045 Reclamabis,
813 1986 867 2034 et
893 1976 1040 2033 dices
1061 2016 1075 2041 ,
1111 1975 1190 2046 (a)
1217 1971 1629 2027 Manichaeorum
1655 1965 1848 2036 dogma

259 2093 366 2135 nos
396 2075 569 2146 sequi,
598 2082 654 2130 et
678 2087 864 2129 eorum
891 2069 982 2140 qui
1012 2068 1080 2124 de
1109 2064 1338 2122 diversis
1366 2062 1570 2117 naturis
1593 2057 1852 2114 Ecclesiae

263 2171 409 2227 bella
449 2167 772 2224 concinnant
794 2204 810 2230 ,
852 2160 1207 2218 asserentium
1235 2156 1432 2211 malam
1459 2166 1580 2209 esse
1606 2158 1853 2205 naturam

265 2277 391 2334 quae
422 2257 697 2314 immutari
725 2254 872 2310 nullo
898 2249 1057 2306 modo
1099 2247 1288 2318 possit.
1326 2245 1390 2300 Et
1420 2244 1521 2298 hoc
1550 2237 1813 2334 non_mihi
1836 2278 1852 2304 ,

269 2331 368 2408 sed
408 2347 667 2419 Apostolo
711 2344 950 2412 imputa,
989 2339 1080 2410 qui
1124 2337 1273 2392 novit
1307 2334 1448 2390 aliud
1491 2347 1614 2388 esse
1651 2331 1856 2395 Deum,

271 2443 421 2500 aliud
445 2456 568 2497 esse
595 2439 890 2503 hominem,
919 2435 1075 2488 aliam
1104 2430 1280 2486 carnis
1325 2427 1680 2498 fragilitatem,
1703 2422 1860 2478 aliam

277 2535 504 2606 spiritus
536 2529 920 2586 fortitudinem.
953 2524 1084 2580 Caro
1115 2524 1244 2578 enim
1275 2519 1525 2575 desiderat
1555 2525 1733 2571 contra
1757 2514 1864 2584 spi-

276 2629 457 2692 ritum,
483 2634 530 2678 et
553 2623 763 2695 spiritus
783 2628 957 2676 contra
981 2633 1207 2682 carnem,
1233 2625 1279 2670 et
1301 2615 1407 2669 hau:
1427 2613 1637 2666 invicem
1657 2610 1752 2666 sibi
1771 2609 1867 2664 ad-

279 2727 568 2781 versantur,
589 2723 646 2768 ut
668 2729 770 2767 non
793 2727 908 2782 qua:
931 2709 1182 2773 uolumus,
1215 2707 1329 2776 ipsa
1359 2705 1606 2774 faciamus
1631 2700 1782 2773 (Gal.
1808 2700 1864 2756 5.

282 2812 403 2882 i7).
449 2811 494 2865 A
539 2823 626 2864 me
665 2819 940 2875 nunquam
983 2801 1168 2857 audies
1208 2800 1404 2855 malam
1442 2811 1563 2852 esse
1599 2803 1866 2851 naturam.

281 2902 391 2960 Sed
419 2897 690 2972 quomodo
716 2897 787 2952 sit
809 2894 989 2954 carnis,
1013 2891 1268 2964 fragilitas
1289 2887 1624 2952 disserenda,
1641 2887 1757 2956 ipso
1779 2884 1869 2955 qui

286 2993 505 3064 scripsit
552 2991 814 3053 docente,
863 2987 1157 3043 discamus.
1206 2981 1483 3052 Interroga
1535 2994 1657 3034 eum
1705 2992 1872 3048 quare

287 3085 487 3141 dixerit
515 3100 527 3136 :
558 3099 660 3136 non
679 3082 813 3136 enim
839 3079 974 3151 quod
996 3077 1126 3144 volo,
1153 3077 1247 3131 hoc
1269 3089 1452 3146 operor
1481 3089 1500 3128 :
1521 3072 1610 3127 sed
1633 3069 1768 3141 quod
1787 3069 1872 3124 odi

290 3179 520 3241 malum,
560 3173 691 3228 illud
734 3173 889 3244 facio.
935 3169 1064 3236 Quae
1108 3167 1398 3223 necessitas
1440 3164 1582 3220 illius
1621 3161 1877 3232 impediat

289 3265 642 3330 voluntatem,
667 3277 784 3333 qua:
811 3268 956 3316 tanta
977 3260 1076 3326 vis,
1100 3257 1225 3314 odio
1249 3256 1405 3328 digna
1429 3256 1655 3325 imperet
1674 3253 1872 3319 facere,

293 3364 354 3411 ut
381 3371 489 3410 non
517 3353 660 3425 quod
688 3352 836 3419 vult,
866 3350 959 3407 sed
989 3349 1129 3421 quod
1154 3348 1288 3416 odit,
1313 3357 1369 3404 et
1394 3363 1500 3402 non
1527 3346 1673 3412 vult,
1700 3344 1877 3401 facere

294 3445 684 3517 compellatur?
730 3441 1092 3512 Respondebit
1140 3441 1234 3495 tibi
1265 3457 1280 3494 :
1313 3439 1358 3493 0
1386 3439 1556 3502 homo,
1585 3448 1639 3491 tu
1673 3437 1784 3507 quis
1824 3451 1878 3492 es

295 3540 382 3610 qui
411 3537 718 3606 respondeas
746 3534 890 3588 Deo?
923 3532 1196 3610 Numquid
1216 3531 1338 3584 dicit
1369 3531 1666 3600 figmentum
1692 3528 1876 3597 figulo,

298 3646 456 3702 quare
484 3644 562 3682 me
589 3625 750 3696 fecisti
775 3625 882 3678 sic?
927 3623 1008 3677 An
1045 3639 1146 3676 non
1190 3622 1336 3674 habet
1377 3628 1672 3690 potestatem
1692 3617 1882 3688 figulus

303 3723 421 3788 luti,
449 3719 514 3774 de
539 3719 714 3773 eadem
735 3731 922 3782 massa,
946 3715 1089 3768 aliud
1113 3713 1316 3782 quidem
1339 3728 1425 3765 uas
1446 3713 1615 3780 facere
1638 3712 1692 3763 in
1718 3711 1882 3764 hono-

302 3829 429 3879 rem,
458 3810 601 3866 aliud
630 3818 799 3863 autem
836 3809 890 3860 in
943 3804 1298 3860 contumeliam
1329 3802 1518 3873 (Rom.
1553 3801 1606 3856 9.
1636 3801 1727 3856 20.
1753 3799 1885 3873 21)?

303 3906 485 3977 Objice
514 3907 622 3960 Deo
645 3903 918 3959 fortiorem
944 3900 1285 3966 calumniam,
1305 3913 1470 3969 quare
1495 3898 1670 3954 adhuc
1689 3914 1810 3954 cum
1833 3900 1886 3953 in

305 4006 457 4053 utero
475 4003 656 4052 essent
677 3995 838 4057 Esau,
853 4001 906 4049 et
926 3991 1091 4048 Jaeob
1110 3989 1306 4046 dixerit
1329 3988 1526 4045 :Jacob
1547 3989 1727 4057 dilexi,
1749 3988 1889 4043 Esau

307 4098 475 4144 autem
500 4089 618 4143 odio
644 4087 799 4141 habui
830 4083 1082 4157 (Malach.
1113 4084 1164 4136 1.
1195 4083 1228 4137 5
1248 4081 1288 4152 ).
1317 4083 1520 4136 Accusa
1546 4095 1668 4136 eum
1697 4079 1891 4150 iniqui-

310 4185 459 4250 tatis,
478 4197 576 4238 cur
598 4179 786 4236 Achan
817 4177 956 4233 filius
982 4174 1196 4230 Charmi
1228 4173 1297 4229 de
1322 4172 1688 4228 .lerichuntina
1717 4171 1894 4242 praeda

309 4275 484 4345 aliqua
514 4273 716 4328 furatus
745 4271 834 4337 sit,
857 4279 911 4326 et
935 4275 1078 4323 tanta
1103 4265 1267 4321 millia
1294 4265 1568 4321 hominum
1599 4265 1738 4320 illius
1767 4265 1897 4322 vitio

313 4368 572 4422 trucidata
607 4367 714 4423 sint
749 4366 882 4439 (Jos.
912 4365 991 4436 7).
1025 4363 1381 4433 Quamobrem
1410 4361 1502 4416 filii
1529 4361 1609 4416 Eli
1642 4375 1898 4431 peccave-

313 4462 438 4528 rint,
483 4472 536 4519 et
574 4462 748 4518 omnis
791 4477 931 4533 pene
970 4460 1196 4531 populus
1233 4459 1549 4525 exstinctus,
1577 4473 1806 4530 arcaque
1831 4460 1902 4516 sit

313 4562 485 4623 capta.
519 4553 682 4608 David
716 4553 974 4624 peccavit,
995 4558 1409 4608 utenumeraret
1431 4549 1706 4622 populum,
1729 4559 1784 4607 et
1806 4565 1902 4607 cur

315 4643 367 4697 iu
389 4652 500 4699 toto
519 4642 716 4699 lsraele
742 4653 886 4698 tanta
907 4643 1182 4697 hominum
1206 4657 1342 4697 causa
1365 4642 1471 4695 sint
1489 4641 1652 4695 millia
1674 4641 1748 4713 (i.
1773 4643 1899 4714 Reg.

315 4733 370 4786 2.
390 4743 438 4785 et
453 4733 638 4801 seqq.).
664 4733 730 4786 Et
753 4734 818 4787 ad
839 4741 1136 4788 extremum
1158 4732 1320 4801 (quod
1342 4732 1478 4786 solet
1497 4732 1649 4786 nobis
1670 4732 1904 4802 obiicere

320 4823 722 4880 contubernalis
747 4834 926 4879 vester
951 4822 1023 4893 (b)
1053 4822 1404 4892 Porphyrius)
1435 4836 1535 4890 qna
1567 4821 1772 4878 ratione
1797 4823 1905 4879 cle-

320 4930 496 4979 mens,
530 4923 582 4970 et
612 4915 920 4969 misericors
999 4912 1210 4985 1038
1285 4913 1424 4966 Deus
1450 4912 1517 4966 ab
1547 4912 1713 4966 Adam
1741 4929 1906 4983 usque

321 5011 388 5064 ad
433 5008 650 5078 Moysen
672 5049 687 5072 ,
714 5015 767 5062 et
794 5023 826 5063 a
853 5006 1036 5079 Moyse
1061 5021 1233 5076 usque
1276 5004 1344 5059 ad
1384 5003 1667 5058 adventum
1709 5005 1908 5062 Christi

324 5114 514 5170 passus
543 5099 612 5152 sit
635 5086 911 5152 universas
935 5107 1121 5167 gentes
1147 5097 1323 5166 perire
1355 5095 1654 5166 ignorantia
1681 5095 1836 5168 Legis
1855 5105 1911 5152 et

326 5191 697 5246 mandatorum
723 5189 840 5243 Dei.
880 5189 1066 5259 Neque
1091 5189 1235 5244 enim
1262 5189 1536 5243 Britannia
1563 5186 1756 5244 fertilis
1785 5205 1912 5261 pro-

327 5285 502 5342 vincia
534 5293 902 5356 tyrannorum,
931 5282 1004 5352 (c)
1033 5291 1089 5338 et
1113 5281 1339 5338 Seotica:
1371 5291 1554 5354 gentes
1574 5323 1591 5350 ,
1618 5296 1912 5354 omnesque

398 5399 462 5471 (a)
485 5395 735 5471 Solemus
753 5395 934 5471 quippe
953 5393 1372 5471 eratl’elagianis
1389 5395 1659 5471 Catholieos
1680 5409 1913 5471 accusare

329 5456 668 5511 Μάιὶῖοῂςεὶεωὶ
695 5471 710 5518 ;
736 5456 880 5520 quam
903 5457 1203 5518 Augustinus
1219 5456 1455 5518 pluribus
1482 5457 1600 5508 locis
1628 5459 1915 5510 calumniam

333 5529 843 5654 ἷυῖιξῖιῇᾱθυάυε-ξ.
868 5579 1169 5654 Augustinus
1201 5578 1354 5642 Epist.
1387 5581 1492 5630 102.
1531 5583 1590 5654 ad
1626 5583 1916 5645 Deogratias

332 5640 710 5708 Presbyterum,
737 5644 822 5690 ubi
857 5643 914 5689 ad
947 5640 1035 5708 sex
1070 5640 1370 5708 Paganortrm
1393 5645 1689 5708 quaestiones
1712 5640 1914 5708 ι-ῐιςροη-

332 5707 457 5755 dens
471 5702 794 5768 [quaestione
829 5703 1048 5768 secunda
1070 5702 1193 5751 hanc
1215 5716 1278 5751 ex
1302 5702 1570 5768 Porphyrio
1589 5702 1916 5766 objectiohem

336 5768 514 5829 validis,
525 5763 1052 5829 argulnentisrefellit.

421 5827 467 5892 ε)
503 5823 646 5876 Haud
668 5827 1086 5892 panei_Mss:_cum
1119 5823 1264 5874 editis
1287 5829 1640 5892 antiquioribus
1675 5828 1916 5891 Scyticw;

335 5887 424 5938 sed
448 5887 653 5951 apparet.
680 5890 913 5940 maluisse
935 5887 1282 5949 Hieronymum
1303 5887 1524 5955 Pelagio,
1551 5895 1634 5956 qui
1652 5892 1716 5942 de
1735 5887 1916 5942 Albion

817 5975 881 6036 S.
926 5973 1296 6036 HIEBONYMI
1338 5977 1388 6039 Ι.

1537 377 1863 440 EPISTULA
1902 377 2188 436 CXXXIII.

3356 383 3495 440 H58

1921 508 2090 564 usque
2117 494 2184 549 ad
2207 494 2475 550 Oceanum
2511 509 2609 566 per
2659 484 2935 553 circuitum
2981 496 3222 552 barbara:
3255 497 3498 551 nationes

1921 583 2139 656 Moysen
2167 584 2567 656 Prophetasque
2587 596 2964 658 cognoverant.
2993 587 3130 656 Quid
3155 601 3376 644 necesse
3403 587 3501 641 fuit

1923 691 2046 733 eum
2069 678 2121 732 in
2143 678 2330 733 ultimo
2353 679 2534 734 venire
2564 689 2821 749 tempore,
2854 691 2906 736 et
2939 696 3044 736 non
3077 680 3384 751 priusquam
3417 678 3500 732 in-

1925 771 2277 827 numerabilis
2301 772 2500 842 periret
2525 773 2798 828 hominum
2820 773 3137 829 multitudo?
3170 773 3341 841 Quam
3365 787 3509 843 qua.»

1927 863 2155 918 stionem
2181 863 2369 919 beatus
2395 863 2683 935 Apostolus
2709 863 2778 917 ad
2803 864 3071 921 Romanos
3095 865 3357 932 scribens,
3384 881 3509 934 pru-

1929 956 2242 1014 dentissime
2268 958 2512 1024 ventilat,
2543 959 2792 1028 ignorans
2816 956 2933 1012 haec
2955 998 2971 1025 ,
3003 966 3060 1014 et
3085 959 3178 1014 Dei
3208 957 3511 1014 concedens

1932 1051 2190 1106 scientias.
2219 1051 2447 1122 Dignare
2469 1050 2626 1122 igitur
2644 1059 2698 1106 et
2718 1059 2772 1104 tu
2792 1050 2889 1105 ista
2913 1051 3270 1122 nescire,qua:
3293 1051 3511 1122 quaeris.

1932 1138 2182 1196 Concede
2227 1140 2338 1196 Deo
2377 1141 2666 1210 potentiam
2709 1141 2818 1205 sui,
2864 1154 3198 1210 nequaquam
3228 1149 3281 1195 te
3312 1141 3516 1211 indiget

1934 1230 2232 1286 defensore.
2267 1231 2380 1300 Ego
2406 1230 2726 1286 miserabilis
2745 1272 2760 1296 ,
2790 1231 2880 1300 qui
2907 1239 3025 1284 tuas
3049 1241 3304 1300 exspecto
3328 1241 3518 1285 contu-

1936 1324 2142 1389 melias,
2173 1325 2264 1394 qui
2294 1323 2422 1378 illud
2454 1337 2667 1393 semper
2693 1323 2814 1394 lego
2848 1342 2860 1377 :
2888 1322 3065 1376 Gratia
3094 1322 3220 1377 salvi
3249 1325 3372 1394 facti
3401 1324 3520 1378 estis

1942 1416 2158 1488 (Ephes.
2180 1417 2235 1470 2.
2263 1416 2351 1487 8).
2383 1417 2450 1472 Et
2479 1435 2492 1471 :
2521 1415 2666 1472 Beati
2693 1434 2906 1488 quorum
2932 1418 3155 1472 remissa:
3182 1426 3299 1471 sunt
3328 1418 3521 1487 iniqui-

1941 1518 2087 1573 tates,
2116 1518 2162 1562 et
2187 1525 2400 1578 quorum
2424 1518 2554 1564 tecta
2583 1519 2700 1564 sunt
2725 1520 2930 1580 peccata
2958 1510 2977 1574 (
2989 1509 3133 1564 Psal.
3158 1509 3248 1564 51.
3273 1509 3353 1580 1),
3379 1517 3436 1562 ιιι
3455 1507 3524 1563 de

1942 1617 2060 1658 mea
2087 1602 2373 1673 fragilitate
2397 1603 2602 1673 loquar,
2637 1604 2760 1658 novi
2783 1619 2870 1659 me
2899 1604 3063 1659 multa
3091 1603 3265 1670 velle,
3299 1618 3418 1674 quae
3445 1603 3528 1656 fa-

1944 1696 2128 1752 cienda
2159 1693 2253 1768 [aL
2274 1695 2472 1768 sancta]
2502 1705 2645 1759 sunt,
2664 1705 2720 1752 et
2747 1705 2922 1751 tamen
2953 1697 3176 1766 implere
3203 1709 3310 1750 non
3342 1702 3527 1766 posset

1947 1789 2190 1846 Srnn'rus
2227 1805 2355 1845 εΝιι
2394 1788 2649 1845 fortitudo
2688 1788 2834 1844 ducit
2877 1788 2944 1843 ad
2972 1790 3135 1843 vitam
3161 1828 3176 1854 ,
3219 1787 3313 1843 sed
3351 1787 3530 1842 carnis

1951 1882 2211 1953 fragilitas
2241 1881 2471 1937 ducitad
2504 1890 2752 1937 mortem.
2786 1880 2854 1934 Et
2881 1881 3040 1936 audio
3071 1881 3353 1936 Dominum
3384 1895 3534 1935 com-

1951 1983 2261 2030 monentem
2293 1990 2308 2028 :
2347 1972 2564 2044 Vigilate
2590 1984 2636 2028 et
2667 1983 2841 2039 orate,
2880 1989 2942 2028 ne
2969 1975 3166 2028 intretis
3205 1974 3259 2028 in
3301 1975 3536 2028 tentatioo

1953 2082 2087 2120 nem.
2122 2065 2348 2134 Spiritus
2368 2074 2634 2136 promptus
2649 2075 2741 2132 est,
2759 2081 2878 2121 caro
2897 2075 3062 2120 autem
3083 2065 3290 2135 infirma
3316 2064 3533 2138 (Matth.

1954 2155 2047 2212 26.
2077 2157 2179 2222 LI;
2210 2165 2256 2210 et
2286 2155 2453 2210 Marc.
2478 2157 2566 2212 M.
2598 2157 2711 2229 38).

2031 2250 2120 2306 i0.
2151 2249 2373 2305 Frustra
2403 2250 2740 2321 blasphemas
2759 2259 2814 2306 et
2839 2252 3192 2322 ignorantium
3214 2250 3432 2306 auribus
3459 2250 3540 2303 in-

1960 2345 2120 2414 geris,
2145 2357 2244 2398 nos
2272 2343 2500 2400 liberum
2522 2343 2801 2399 arbitrium
2831 2345 3211 2401 condemnare.
3247 2344 3542 2400 Damnetur

1962 2434 2053 2490 ille
2072 2435 2162 2505 qui
2183 2435 2419 2490 damnat.
2448 2434 2714 2490 Caaterum
2743 2452 2848 2491 non
2880 2451 2944 2492 ex
2967 2452 3032 2491 eo
3053 2435 3348 2491 differimus
3368 2451 3399 2490 a
3421 2436 3546 2489 brn«

1967 2525 2034 2583 tis
2062 2525 2378 2580 animalibus
2401 2567 2418 2592 ,
2457 2526 2600 2596 quod
2641 2527 2794 2582 liberi
2839 2527 3043 2582 arbitrii
3088 2526 3285 2582 conditi
3324 2540 3543 2590 sumus;

1966 2617 2063 2673 sed
2090 2618 2264 2688 ipsum
2285 2617 2536 2684 liberum,
2559 2627 2617 2673 ut
2647 2618 2902 2685 diximus,
2934 2618 3208 2672 arbitrium
3237 2617 3333 2672 Dei
3363 2616 3550 2671 nititur

1968 2710 2166 2766 auxilio
2185 2751 2200 2776 ,
2230 2709 2480 2781 illiusque
2509 2725 2607 2782 per
2634 2711 2838 2782 singula
2874 2725 2976 2781 ope
3015 2711 3248 2781 indiget,
3281 2709 3425 2780 quod
3452 2723 3551 2764 vos

1971 2817 2078 2858 non
2103 2802 2302 2869 vultis;
2332 2803 2428 2858 sed
2459 2802 2511 2857 id
2537 2802 2715 2868 vultis,
2751 2811 2809 2857 ut
2836 2803 2926 2872 qui
2952 2802 3116 2858 semel
3141 2801 3301 2857 habet
3325 2801 3552 2856 liberum

1972 2895 2273 2960 arbitrium,
2291 2895 2398 2949 Deo
2419 2894 2665 2964 adjutore
2686 2909 2792 2949 non
2813 2903 2981 2964 egeat.
3008 2893 3256 2950 Liberum
3277 2893 3554 2948 arbitrium

1973 2986 2064 3042 dat
2091 2987 2310 3042 liberam
2339 2986 2666 3041 voluntatem
2687 3026 2701 3050 ,
2745 2995 2797 3039 et
2835 3000 2940 3039 non
2969 2985 3146 3040 Statim
3175 3000 3244 3040 ex
3273 2984 3445 3039 libero
3469 2998 3558 3038 ar-

1975 3075 2136 3130 bitrio
2157 3076 2319 3131 homo
2339 3074 2498 3142 facit;
2529 3075 2622 3131 sed
2657 3075 2861 3130 Domini
2888 3075 3104 3138 auxilio,
3127 3075 3216 3145 qui
3239 3073 3434 3129 nullius
3455 3089 3560 3144 ope

1978 3166 2198 3237 indiget.
2239 3167 2320 3221 Tu
2357 3167 2471 3237 ipse
2509 3167 2601 3237 qui
2641 3166 2932 3238 perfectam
2961 3207 2975 3230 ,
3003 3178 3059 3220 et
3084 3166 3196 3222 Deo
3220 3166 3478 3235 aequalem
3506 3166 3561 3221 in

1978 3256 2282 3313 hominibus
2305 3256 2560 3328 justitiam
2584 3259 2829 3328 jactitas,
2869 3267 2923 3312 et
2975 3265 3309 3326 peccatorem
3353 3266 3406 3313 te
3443 3271 3564 3314 esse

1977 3347 2274 3415 conﬁteris,
2297 3349 2563 3420 responde
2590 3348 2740 3415 mihi,
2769 3349 2936 3414 velis,
2967 3364 3032 3404 an
3065 3349 3201 3404 nolis
3228 3365 3413 3406 carere
3440 3365 3565 3421 pec-

1979 3440 2137 3496 cato?
2180 3441 2235 3496 Si
2264 3441 2374 3508 vis,
2413 3455 2578 3512 quare
2611 3441 2760 3512 juxta
2801 3443 3118 3498 sententiam
3151 3451 3294 3497 tuam
3322 3455 3430 3498 non
3467 3442 3570 3497 im-

1980 3533 2096 3601 ples
2123 3531 2266 3602 quod
2295 3531 2608 3588 desideras?
2639 3532 2730 3587 Sin
2761 3543 2938 3587 autem
2970 3548 3075 3586 non
3101 3533 3201 3600 vis,
3232 3541 3568 3602 contempto-

1984 3638 2098 3678 rem
2127 3633 2178 3679 te
2201 3632 2590 3694 prmeeptorum
2622 3625 2715 3679 Dei
2736 3639 2856 3680 esse
2876 3625 3232 3681 demonstras.
3254 3627 3309 3682 Si
3330 3636 3571 3682 contem-

1987 3722 2107 3782 ptor
2143 3727 2201 3769 es
2221 3755 2237 3780 ,
2270 3713 2454 3784 utique
2486 3723 2541 3769 et
2583 3723 2851 3784 peccator.
2893 3715 2949 3769 Si
2991 3725 3240 3784 peccator
3266 3758 3280 3782 ,
3323 3717 3446 3772 audi
3475 3718 3573 3774 tibi

1988 3804 2320 3874 Scripturam
2401 3805 2613 3876 1039
2687 3806 2996 3875 loquentem
3046 3823 3060 3860 :
3112 3805 3381 3861 Peccatori
3445 3809 3575 3863 dixit

1990 3893 2132 3950 Deus
2161 3911 2180 3949 :
2213 3895 2382 3962 Quare
2403 3907 2456 3949 tu
2482 3913 2693 3950 enarras
2715 3898 2948 3968 justitias
2978 3914 3115 3954 meas
3135 3941 3150 3966 ,
3179 3910 3224 3954 et
3251 3901 3468 3956 assumis
3495 3913 3572 3957 te-

1993 3996 2296 4042 stamentum
2325 4004 2491 4042 meum
2518 4004 2608 4060 per
2635 4004 2692 4044 os
2720 3991 2897 4044 tuum?
2921 3988 3000 4043 Tu
3019 4007 3134 4045 vero
3164 3993 3318 4046 odisti
3343 3993 3576 4065 discipli-

1995 4095 2134 4146 nam,
2165 4088 2214 4133 et
2240 4079 2500 4149 projecisti
2534 4079 2684 4133 verba
2711 4096 2824 4134 mea
2852 4090 3128 4136 retrorsum
3163 4081 3296 4153 (Ps.
3324 4084 3416 4140 49.
3448 4087 3514 4141 16
3537 4087 3578 4156 ).

2000 4170 2174 4226 Verba
2199 4169 2295 4225 Dei
2321 4169 2446 4225 dum
2473 4185 2579 4227 non
2600 4173 2680 4227 vis
2700 4170 2896 4241 facere,
2927 4183 3045 4244 post
3074 4183 3277 4246 tergum
3299 4186 3441 4232 tuum
3466 4195 3584 4250 pro-

1995 4263 2140 4334 jicis.
2169 4263 2236 4318 Et
2260 4276 2432 4318 novus
2470 4263 2778 4334 Apostolus,
2803 4265 2919 4320 orbi
2945 4269 3204 4321 terraru'm
3236 4267 3500 4338 facienda,
3529 4280 3584 4326 et

2002 4370 2110 4410 non
2138 4353 2378 4411 facienda
2408 4354 2672 4411 decernis.
2705 4355 2811 4411 Sed
2840 4371 2945 4412 non
2974 4368 3056 4412 est
3081 4359 3172 4424 ita,
3201 4369 3259 4413 ut
3298 4360 3534 4430 loqueris
3567 4383 3580 4416 :

2004 4446 2146 4501 aliud
2190 4448 2241 4501 in
2287 4455 2377 4501 tua
2420 4459 2600 4503 mente
2626 4457 2891 4503 versatur.
2924 4449 3148 4517 Quando
3185 4451 3327 4504 enim
3372 4461 3422 4506 te
3453 4453 3586 4508 dicis

2004 4547 2366 4608 peccatorem,
2394 4545 2450 4592 et
2479 4552 2635 4606 posse
2674 4537 2944 4592 hominem
2967 4539 3083 4594 sine
3106 4549 3326 4608 peccato
3351 4557 3472 4597 esse
3492 4584 3506 4609 ,
3541 4545 3588 4598 si

2005 4629 2167 4695 velit;
2199 4627 2329 4683 illud
2351 4629 2432 4683 vis
2461 4628 2684 4697 intelligi
2709 4669 2725 4694 ,
2765 4636 2816 4682 te
2856 4629 3068 4698 quidem
3096 4639 3336 4686 sanctum
3369 4612 3508 4702 esse,
3537 4643 3594 4690 et

2009 4721 2154 4776 omni
2183 4734 2371 4774 carere
2400 4727 2622 4790 peccato
2655 4735 2669 4774 :
2710 4718 2808 4773 sed
2845 4734 2940 4787 per
2978 4721 3354 4792 humilitatem,
3387 4728 3592 4796 peccati

2011 4808 2088 4882 [Γ.
2117 4807 2421 4880 peccatoris]
2452 4823 2646 4862 nomen
2677 4823 2952 4865 assumere
2982 4828 2994 4864 :
3024 4821 3081 4866 ut
3105 4811 3242 4867 alios
3268 4816 3446 4884 potius
3475 4818 3593 4873 lau-

2011 4900 2128 4966 des,
2154 4909 2208 4954 et
2237 4899 2328 4953 tibi
2356 4899 2622 4953 detrahas.

2086 4993 2177 5046 il.
2218 4990 2351 5045 lllud
2395 5005 2607 5061 quoque
2646 5003 3016 5062 argumentum
3041 5007 3277 5053 vestrum
3311 4999 3453 5058 ferre
3477 5003 3598 5073 quis

2015 5083 2222 5156 possit?
2253 5083 2435 5140 Dicitis
2460 5083 2542 5140 his
2567 5085 2766 5140 verbis.
2801 5087 2990 5143 «Aliud
3019 5101 3102 5145 est
3129 5106 3278 5158 esse,
3305 5095 3448 5148 aliud
3479 5108 3599 5149 esse

2017 5191 2194 5247 posse.
2224 5175 2354 5231 Esse
2376 5191 2480 5230 non
2505 5185 2589 5231 est
2617 5178 2669 5231 in
2703 5186 2883 5232 nostra
2915 5182 3146 5250 positum
3175 5193 3455 5252 potestate,
3480 5199 3600 5239 esse

2017 5279 2195 5325 autem
2231 5283 2410 5339 posse,
2438 5269 2760 5340 generaliter
2788 5269 2891 5326 dici
2926 5291 2940 5328 :
2973 5275 3116 5345 quod
3145 5275 3270 5329 licet
3297 5275 3376 5345 (d)
3405 5276 3599 5345 aliquis

2018 5375 2124 5417 non
2149 5360 2329 5427 fuerit,
2353 5367 2530 5418 tamen
2552 5361 2717 5433 possit
2745 5377 2864 5420 esse
2890 5367 2977 5435 qui
3005 5381 3123 5422 esse
3148 5365 3428 5432 voluerit,»
3449 5366 3601 5438 Rogo

2022 5523 2070 5631 in
2094 5521 2403 5631 Seogigrgrat
2417 5555 2433 5582 ,
2459 5523 2661 5584 patriam
2683 5535 2740 5596 ap
2759 5523 2992 5572 barbaros
3014 5522 3278 5584 provinciae
3313 5525 3421 5587 ejus
3439 5535 3604 5574 mores

2058 5598 2178 5631 Χῖ)Γο
2325 5619 2338 5631 .

2023 5597 2052 5634 θ
2058 5599 2085 5634 Χ
2092 5595 2320 5634 oroorare
2325 5619 2338 5632 .

2109 5645 2161 5711 d)
2201 5645 2347 5708 Editi,
2362 5645 2472 5696 licet
2509 5645 2631 5697 alias
2652 5644 3060 5711 non_fuerit,_nos
3082 5659 3169 5711 pro
3189 5644 3312 5696 alias
3335 5645 3605 5709 legendum

2023 5707 2556 5771 alius'conjeceramus,
2582 5721 2691 5756 cum
2724 5707 2878 5755 Vatic.
2919 5708 3035 5771 Mss.
3075 5707 3320 5771 admonuit
3357 5707 3606 5771 reponen-

2025 5769 2140 5818 dum
2176 5769 2369 5826 aliquis.
2395 5771 2549 5818 Porro
2566 5804 2580 5826 ,
2619 5781 2893 5830 quanquam
2926 5769 3070 5819 aliter
3093 5769 3472 5820 Dialectieorum
3497 5769 3608 5821 filiis

2025 5832 2182 5894 videri
2204 5834 2371 5894 possit,
2395 5833 2666 5894 rectissime
2689 5829 3014 5893 Hieronymus
3035 5841 3432 5893 argumentatur;
3451 5833 3610 5882 increo

2031 5892 2182 5942 dibile
2204 5891 2353 5943 'euim
2389 5900 2465 5942 est
2491 5891 2674 5942 nullum
2712 5891 2922 5955 unquam
2956 5891 3202 5942 hominem
3239 5891 3433 5955 fecisse,
3458 5894 3611 5945 factu-

2855 5981 3324 6063 (Tremo—sem.)
