4080 6340
551 324 696 382 “50

547 455 667 511 qua:
686 447 771 496 est
795 437 894 494 ista
913 435 1325 509 argumentatio,
1345 446 1501 505 posse
1521 445 1664 495 esse.
1686 427 1827 502 quod
1855 439 2131 498 nunquam

547 533 740 591 fuerit?
763 546 921 604 posse
943 531 1085 600 ﬁeri,
1105 530 1247 602 quod
1268 529 1361 603 [al.
1383 526 1492 601 qui]
1524 525 1730 583 nullum
1752 523 1946 581 fecisse
1970 529 2135 578 teste-

545 627 660 682 ris?
686 625 744 682 id
767 623 987 683 cuilibet
1012 624 1252 682 tribuere
1269 661 1290 692 ,
1314 622 1408 695 qui
1437 636 1504 677 an
1532 619 1748 676 iuturus
1772 619 1840 674 sit
1868 617 2086 688 ignores
2111 630 2130 671 t

544 729 598 776 et
626 718 756 776 dare
783 718 970 775 nescio
1008 717 1118 783 cui.
1151 715 1298 790 quod
1340 716 1395 772 in
1450 711 1796 778 Patriarchis,
1824 709 2132 780 Prophetis,

546 810 820 882 Apostolis
856 808 1023 867 fuisse
1061 823 1302 882 nequeas
1330 806 1668 879 approbare!
1703 803 1844 860 Audi
1869 802 2132 859 Ecclesia-

545 902 734 958 Sticam
762 901 1195 973 simplicitatem,
1215 901 1334 959 dvo
1359 899 1714 956 rusticitatem
1733 931 1750 963 ,
1777 904 1874 951 aut
1916 895 2136 966 imperi-

547 995 698 1056 tiam,
725 1003 785 1050 ut
802 994 955 1051 vobis
971 992 1200 1050 videtur.
1231 993 1502 1062 Loquere,
1522 989 1666 1061 (ιιωό
1685 987 1859 1046 credis
1885 1005 1896 1042 :
1923 989 2136 1059 publica

546 1087 776 1158 przcdica
799 1127 817 1154 ,
845 1086 987 1158 quod
1012 1093 1222 1143 secreto
1261 1083 1538 1154 discipulis
1577 1082 1836 1153 loqueris.
1862 1079 1968 1148 Qui
1993 1080 2132 1137 dicis

543 1190 596 1235 te
629 1179 829 1236 habere
868 1178 1076 1236 arbitrii
1115 1178 1442 1243 libertatem,
1467 1189 1634 1246 quare
1663 1189 1771 1229 non
1799 1173 1972 1228 libere
1986 1172 2130 1242 quod

540 1273 712 1330 sentis
739 1272 1006 1346 loqueris?
1046 1271 1205 1328 Aliud
1241 1270 1469 1342 audiunt
1507 1268 1872 1325 cubitatloruns
1918 1277 2132 1322 tuorum

541 1374 771 1430 secreta,
814 1363 960 1421 aliud
993 1364 1068 1435 (c)
1112 1371 1413 1419 rostrorum
1456 1362 1654 1433 populi.
1703 1360 1917 1415 Etenim
1942 1359 2131 1428 vulgm

540 1457 814 1514 indoctum
838 1471 944 1512 non
965 1464 1142 1527 potest
1160 1469 1476 1512 arcanorum
1499 1462 1716 1509 tuorum
1731 1465 1896 1508 onera
1917 1459 2131 1508 susten-

541 1558 657 1606 tare
681 1591 696 1617 ,
729 1564 830 1606 nec
854 1564 1048 1620 capere
1077 1547 1305 1604 solidum
1334 1547 1536 1612 cibum,
1565 1545 1708 1616 quod
1735 1543 1970 1600 infantiae
1991 1545 2131 1601 lacte

539 1651 854 1698 contentum
879 1650 980 1697 est.
1011 1639 1250 1696 Necdum
1276 1639 1510 1710 scripsi,
1537 1647 1593 1694 et
1626 1637 1971 1694 comminaris
1995 1635 2130 1692 milii

537 1735 919 1806 rescripton
942 1743 1155 1790 tuorum
1183 1733 1405 1790 ltilruina
1424 1772 1442 1799 ,
1468 1743 1527 1788 ut
1553 1731 1760 1788 scilicet
1795 1731 1901 1788 hoc
1936 1733 2131 1788 timore

539 1826 875 1896 perterritus,
899 1840 1008 1882 non
1028 1824 1254 1882 audeam
1276 1838 1373 1880 ora
1392 1837 1660 1889 reserare,
1681 1830 1737 1878 et
1761 1836 1867 1878 non
1888 1821 2129 1878 animad-

536 1916 704 1974 vertis
730 1917 933 1974 idcirco
959 1932 1059 1973 nos
1084 1915 1357 1985 scribere,
1393 1925 1450 1970 ut
1473 1929 1572 1971 vos
1609 1913 1945 1984 respondere
1967 1929 2128 1986 coga-

535 2012 705 2080 mini,
731 2021 786 2068 et
812 2019 1000 2084 aperte
1022 2010 1312 2082 aliquando
1335 2009 1518 2066 dicere
1536 2047 1553 2077 ,
1579 2008 1725 2080 quod
1755 2023 1854 2078 pro
1882 2017 2130 2079 tempore

534 2105 783 2173 personis
811 2112 866 2159 et
892 2103 1026 2159 locis
1074 2102 1159 2158 vel
1191 2101 1491 2172 loquimini,
1523 2100 1608 2156 vel
1637 2100 1843 2156 tacetis.
1872 2097 2010 2156 Nolo
2034 2115 2126 2154 vo-

535 2196 618 2250 bis
645 2195 872 2251 liberum
893 2209 1036 2265 esse,
1063 2209 1259 2267 negare
1281 2194 1425 2266 quod
1453 2194 1618 2250 semel
1647 2193 1992 2262 scripseritis.
2022 2194 2125 2249 Ec-

533 2289 714 2345 clesiae
739 2289 967 2344 victoria
995 2296 1080 2344 est
1099 2327 1118 2355 ,
1147 2301 1242 2343 vos
1270 2296 1458 2356 aperte
1486 2285 1666 2343 dicere
1700 2285 1846 2356 quod
1888 2286 2121 2342 sentitis.

532 2383 639 2436 Aut
663 2381 806 2437 enim
849 2380 988 2436 idem
1031 2379 1348 2450 responsuri
1372 2379 1537 2446 estis,
1567 2379 1711 2450 quod
1735 2387 1792 2434 et
1819 2389 1918 2433 nos
1948 2379 2125 2448 loqui-

532 2490 674 2543 mur,
705 2483 764 2532 et
789 2488 1128 2545 nequaquam
1167 2472 1322 2529 eritis
1361 2470 1696 2535 adversarii,
1737 2471 1832 2527 sed
1914 2469 2126 2542 ι,οω

532 2567 728 2632 amici;
768 2574 862 2622 aut
889 2566 936 2620 si
963 2565 1231 2622 contraria
1273 2572 1460 2620 nostro
1486 2563 1726 2634 dogmati
1748 2561 1997 2618 dixeritis
2019 2603 2036 2629 ,
2068 2563 2125 2618 in

530 2676 596 2716 eo
622 2660 918 2725 vincemus,
948 2658 1090 2728 quod
1121 2671 1308 2713 omnes
1333 2666 1662 2727 cognoscent
1689 2656 1964 2719 Ecclesiae,
1993 2654 2123 2726 quid

529 2752 795 2808 sentiatis.
822 2749 1131 2806 Sententias
1147 2757 1354 2804 vestras
1371 2747 1692 2818 prodidisse.
1711 2759 1994 2816 superans
2015 2755 2119 2802 est.

532 2845 688 2900 Patet
724 2843 895 2914 prima
936 2841 1112 2897 fronte
1153 2839 1506 2910 blasphemia.
1547 2838 1664 2894 Non
1705 2850 1932 2894 necesse
1960 2837 2125 2895 habet

529 2936 814 3001 convinci,
839 2933 982 3006 quod
1011 2948 1107 2988 sua
1135 2932 1317 2987 statim
1361 2929 1699 3001 professione
1741 2929 2118 3000 blasphemum

528 3038 632 3084 est.
667 3027 940 3084 Minamini
968 3025 1125 3082 nobis
1151 3023 1580 3094 responsionem,
1609 3033 1768 3094 quam
1795 3023 1970 3078 vitare
1995 3023 2119 3077 nul-

531 3123 614 3177 lus
644 3131 852 3192 potest,
885 3119 988 3175 nisi
1033 3119 1125 3190 qui
1165 3117 1386 3174 omnino
1426 3127 1538 3172 non
1579 3115 1786 3172 scribit.
1827 3115 1979 3172 Unde
2023 3130 2121 3171 no-

529 3216 628 3268 stis
673 3213 802 3282 quid
842 3211 1039 3266 dicturi
1085 3211 1274 3274 simus,
1315 3217 1374 3265 ut
1421 3209 1831 3278 responsionem
1878 3209 2120 3278 paretis?

529 3303 782 3359 Forsitan
827 3312 1007 3356 vestra
1050 3299 1326 3366 dicemus,
1367 3307 1426 3354 et
1471 3298 1668 3354 frustm
1709 3298 1907 3369 ingenii
1951 3302 2119 3355 vestri

529 3393 735 3451 acuetis
753 3393 958 3450 stilum.
991 3391 1331 3459 Eunomiani,
1358 3390 1565 3458 Ariani,
1593 3390 1988 3455 Hacedoniani,
2021 3407 2120 3446 no-

530 3487 762 3543 minibus
788 3485 1043 3556 separati,
1072 3483 1347 3555 impietate
1371 3484 1691 3552 concordes,
1724 3484 1928 3540 nullum
1959 3487 2118 3542 nobis

529 3579 767 3635 laborem
789 3577 1010 3634 faciunt.
1031 3576 1348 3648 Loqnuntur
1367 3576 1511 3632 enim
1531 3575 1676 3647 quod
1701 3577 1960 3632 sentiunt.
1989 3577 2117 3634 Sola

528 3671 644 3726 lianc
670 3667 894 3726 limosis
917 3675 1002 3725 est
1025 3703 1040 3734 ,
1070 3681 1192 3738 quae
1217 3665 1431 3737 publice
1453 3667 1726 3723 erubescit
1764 3667 1907 3738 loqui
1926 3708 1944 3734 ,
1973 3668 2118 3739 quod

525 3771 736 3819 secreto
755 3762 951 3818 docere
976 3774 1084 3816 non
1110 3758 1318 3815 metuit.
1349 3758 1726 3828 llagistrorum
1753 3758 1968 3816 silentia
1991 3775 2118 3830 pros

525 3854 631 3911 fert
654 3854 832 3912 rabies
851 3851 1262 3923 discipulorum.
1283 3849 1440 3918 Quod
1453 3849 1740 3906 audierunt
1759 3849 1812 3904 in
1831 3850 2114 3918 cubiculis,

526 3946 579 4000 in
609 3945 764 4002 tectis
790 3943 1128 4016 pradicant:
1155 3949 1215 3996 ut
1242 3940 1288 3996 si
1317 3939 1578 4012 placuerit
1605 3939 1938 3996 auditoribus
1973 3941 2117 4012 quod

527 4037 794 4103 dixerint,
825 4034 1092 4092 referatur
1118 4032 1189 4090 ad
1215 4031 1446 4103 gloriam
1472 4031 1887 4104 magistrorum;
1925 4032 1971 4088 si
2000 4031 2116 4088 disd-

528 4131 799 4201 plicuerit,
828 4129 989 4200 culpa
1013 4127 1086 4185 sit
1106 4126 1382 4197 discipuli,
1407 4141 1517 4182 non
1548 4126 1812 4197 magistri.
1842 4125 1974 4182 ideo
1995 4135 2116 4182 cre-

525 4224 603 4279 vit
632 4231 811 4280 vestra
836 4219 1081 4288 haeresis,
1111 4230 1172 4278 et
1195 4218 1484 4290 decepistls
1518 4219 1780 4289 plurimos
1809 4237 1824 4276 :
1855 4220 2117 4277 mnino-

525 4333 628 4390 que
652 4332 766 4384 eos,
797 4316 888 4388 qui
916 4315 1197 4372 adhaerent
1219 4313 1556 4381 mulieribus,
1587 4321 1646 4370 et
1677 4315 1858 4370 sciunt
1887 4328 1949 4370 se
1979 4328 2114 4386 pec-

524 4427 651 4470 care
679 4427 783 4467 non
811 4423 972 4482 posse
991 4427 1005 4463 :
1023 4409 1150 4481 quia
1176 4421 1391 4479 semper
1408 4407 1632 4474 docetis,
1654 4417 1869 4479 semper
1884 4411 2110 4481 negatis,

521 4513 580 4560 et
615 4503 802 4560 audire
844 4501 1128 4558 moremini
1169 4499 1300 4555 illud
1338 4499 1716 4570 Propbeticum
1746 4519 1760 4554 :
1790 4499 2020 4556 Gloriam
2057 4503 2116 4557 in

525 4597 790 4664 partubus,
819 4605 870 4651 st
893 4593 1318 4666 partaritionibtts
1339 4593 1410 4647 da
1430 4590 1558 4661 illis,
1580 4591 1817 4648 Domine.
1847 4592 1986 4658 Quid
2014 4587 2112 4647 da-

524 4690 602 4746 bis
628 4691 768 4746 illis?
796 4687 1014 4744 Vm
1028 4687 1335 4756 nauem,“
1352 4686 1507 4742 ubera
1530 4687 1728 4742 mea
1754 4683 1930 4757 (Osee,
1954 4686 2044 4742 ll.
2066 4695 2116 4742 et

525 4784 616 4839 l4.
633 4785 792 4853 facta
814 4780 968 4838 LIX
991 4782 1033 4853 ).
1059 4781 1258 4838 Fervet
1280 4782 1494 4836 animus
1513 4823 1530 4848 ,
1562 4789 1662 4837 nec
1702 4791 1920 4851 possum
1947 4779 2116 4837 verba

523 4873 803 4930 cohibere.
832 4873 1155 4944 Epistolaris
1175 4873 1422 4943 angustia
1449 4887 1555 4928 non
1588 4873 1788 4943 patitur
1812 4872 1958 4945 longi
1982 4887 2113 4944 ope-

523 4965 598 5020 ris
639 4964 1078 5036 magnitudinem.
1121 4963 1332 5020 Nullius
1373 4963 1429 5020 in
1467 4963 1572 5020 hoc
1613 4964 1870 5034 cpusculo
1911 4979 2110 5022 nomen

521 5056 744 5128 proprie
780 5055 1036 5128 tangitur.
1083 5055 1360 5112 Adversus
1399 5056 1714 5127 magistrum
1743 5057 1980 5127 perversi
2009 5057 2108 5115 do-

475 5128 483 5162 ί
520 5151 718 5224 gmatis
735 5149 902 5207 locuti
923 5159 1130 5204 sumus.
1158 5146 1262 5216 Qui
1287 5149 1334 5203 si
1353 5148 1518 5204 iratus
1538 5146 1700 5204 fuerit
1727 5159 1887 5220 atque
1916 5152 2110 5207 rescri-

521 5244 694 5315 pserit
711 5284 730 5311 ,
758 5256 860 5300 suo
883 5237 1040 5314 quasi
1063 5252 1184 5294 mus
1204 5238 1464 5310 prodetur
1491 5239 1692 5296 indicio
1707 5282 1724 5308 ,
1763 5241 2022 5312 ampliora
2053 5243 2107 5299 in

443 5327 454 5345 '
520 5351 653 5395 vero
676 5335 972 5396 certamine
996 5331 1219 5390 vulnera
1247 5337 1612 5400 suscepturus.

519 5567 693 5617 rumve
716 5565 855 5614 esse,
880 5553 1009 5617 quod
1030 5551 1208 5617 singuli
1232 5548 1455 5617 homines
1475 5546 1660 5612 possint
1682 5559 1772 5613 per
1798 5559 1856 5600 se
1873 5584 1889 5611 ,
1920 5562 1978 5600 ac
1997 5554 2107 5604 sine

526 5616 735 5687 alterius
750 5612 933 5687 aquilio
955 5612 1138 5676 facere}
1163 5612 1401 5687 si_vellnt.
1582 5677 1590 5686 .

524 5813 697 5862 popuu.

1662 5688 1719 5724 ro
1756 5674 1928 5724 rostris
1971 5682 2025 5726 et
2055 5678 2106 5729 in

1834 309 2074 369 SANOTI
2117 309 2494 366 lllthONYMl

3683 311 3817 372 nos

2309 425 2401 482 is.
2427 423 2576 482 Multi
2605 427 2732 484 anni
2757 437 2906 495 uti.
2929 429 3074 500 quod
3095 429 3164 487 ab
3184 427 3542 488 adolescentia
3562 437 3734 504 usque
3753 437 3818 492 ad

2237 519 2378 578 banc
2389 529 2624 590 etatem,
2653 522 2868 580 diversa
2879 524 3072 596 scripsi
3088 507 3368 596 opuscula,
3385 535 3708 598 semperque
3723 527 3819 582 ba-

2236 613 2329 672 bui
2345 615 2529 673 studio
2551 615 2898 674 audientibus
2920 617 3089 689 loqui,
3106 617 3250 689 quod
3274 617 3490 689 publice
3507 619 3562 675 in
3583 617 3820 678 Ecclesia

2236 705 2568 764 didiceram:
2597 717 2698 765 nec
2743 707 3198 780 Philosophorum
3238 710 3557 781 argumenta-
3595 709 3817 781 sectari,

2235 799 2333 856 sed
2356 801 2734 874 Apostolorum
2755 802 3084 873 simplicitati
3103 803 3468 874 acquiescere,
3492 803 3673 861 scietis
3694 804 3821 862 illud

2235 893 2496 964 scriptum
2527 911 2542 947 t
2572 893 2800 950 Perdant
2825 895 3126 967 sapientiam
3153 896 3496 966 sapientum,
3527 906 3575 952 st
3601 898 3819 968 prada.

2234 987 2358 1040 tiam
2387 987 2712 1056 prudentium
2734 986 3013 1060 rrprotobo
3043 985 3199 1058 (1σαί.
3223 987 3312 1045 ευ.
3344 989 3440 1051 ης
3469 997 3515 1042 et
3541 990 3592 1044 i.
3625 987 3745 1043 Cor.
3769 992 3816 1045 l.

2236 1076 2350 1148 is).
2380 1078 2483 1132 Et:
2509 1078 2737 1133 Furnius
2762 1080 2880 1148 Dei,
2899 1080 3177 1151 quia.
3197 1089 3271 1135 est
3293 1080 3580 1135 hominibus
3601 1081 3678 1150 (1.
3704 1081 3814 1136 Cor.

2236 1171 2290 1225 i.
2310 1168 2426 1242 εδ).
2454 1170 2592 1227 Cum
2620 1171 2736 1228 lites
2755 1188 2816 1228 se
2836 1173 2910 1228 ita
2931 1173 3182 1239 habeant,
3204 1187 3442 1245 provoco
3463 1173 3816 1242 dversarios,

2233 1271 2294 1318 ut
2318 1275 2512 1319 omnes
2537 1273 2688 1319 retro
2709 1264 2987 1320 chartulas
3066 1263 3274 1339 1M1
3349 1271 3416 1321 ex
3459 1265 3671 1337 integro
3712 1267 3814 1322 dis~
3853 1317 3858 1338 ,

2232 1355 2440 1410 cutiavtt
2458 1395 2473 1420 ,
2501 1365 2556 1410 et
2583 1356 2628 1411 si
2656 1356 2786 1428 quid
2817 1356 2872 1412 in
2900 1370 3020 1412 meo
3047 1357 3315 1428 ingeniolo
3343 1357 3458 1413 vitii
3488 1359 3814 1428 repererint,
3854 1351 3856 1356 ’

2233 1448 2508 1520 proferant
2532 1449 2586 1504 in
2611 1451 2866 1506 medium.
2914 1452 3020 1507 Aut
3047 1451 3192 1508 enim
3218 1451 3357 1507 bona
3387 1453 3576 1518 erunt,
3607 1463 3663 1508 et
3691 1459 3814 1508 eon-

2232 1541 2490 1597 badicam
2535 1557 2723 1599 eorum
2763 1543 3048 1600 calumnia
3078 1561 3091 1598 :
3120 1551 3218 1599 aut
3253 1543 3732 1614 reprehensibilia,
3769 1554 3816 1601 et

2231 1633 2530 1691 conﬁtebor
2557 1649 2800 1692 errorem
2829 1653 2843 1690 :
2874 1635 3084 1692 malens
3109 1635 3402 1692 emendare
3437 1649 3598 1706 quam
3642 1650 3817 1706 perse-

2231 1739 2426 1782 verare
2467 1727 2521 1782 in
2571 1728 2832 1798 pravitate
2877 1728 3184 1784 sententiis.
3216 1727 3298 1783 Et
3336 1735 3394 1783 tu
3430 1741 3597 1797 ergo,
3637 1727 3818 1784 doctor

2231 1819 2465 1889 egregie,
2488 1828 2582 1875 aut
2608 1819 2837 1876 defende
2867 1821 3012 1892 quod
3031 1822 3242 1878 locutus
3263 1836 3346 1890 es,
3361 1829 3416 1878 et
3434 1821 3815 1878 sententiarum

2231 1913 2444 1966 tuarum
2496 1911 2740 1966 acumina
2804 1921 2986 1969 astruo
3051 1913 3272 1984 eloquio
3317 1913 3666 1983 subsequentl
3689 1956 3704 1982 ,
3757 1931 3818 1970 ne

2229 2001 2445 2074 quando
2470 2002 2567 2059 tibi
2595 2003 2892 2074 placuerit,
2925 2011 3086 2076 neges
3109 2004 3256 2076 quod
3286 2005 3493 2062 luemus
3517 2021 3577 2062 es
3607 2022 3625 2062 :
3657 2015 3749 2063 aut
3774 2007 3815 2063 sl

2229 2103 2378 2152 certe
2401 2095 2618 2164 errasti,
2643 2097 2792 2168 quasi
2822 2096 3006 2165 homo,
3037 2097 3207 2153 libere
3232 2097 3511 2166 conﬁtere,
3538 2106 3593 2155 et
3619 2097 3816 2153 discor-

2228 2187 2471 2245 dantium
2499 2189 2640 2245 inter
2677 2201 2738 2244 se
2773 2187 2938 2245 redde
2971 2189 3330 2246 concordiam.
3374 2189 3438 2247 In
3463 2199 3701 2248 mentem
3728 2191 3816 2247 tibi

2227 2283 2432 2349 veniat,
2457 2283 2692 2338 tunicam
2719 2275 3012 2340 Salvaton's
3038 2291 3137 2339 nec
3162 2298 3194 2337 a
3217 2283 3476 2340 militibus
3503 2285 3669 2340 luisse
3694 2295 3817 2340 com

2229 2377 2474 2431 scissam.
2520 2375 2770 2432 Fratrum
2799 2378 2939 2432 inter
2962 2389 3021 2433 se
3049 2377 3228 2432 cernis
3252 2377 3424 2448 iurgia
3446 2419 3460 2444 ,
3490 2387 3546 2434 et
3571 2378 3717 2434 rides
3744 2387 3817 2433 at-

2229 2481 2335 2537 que
2365 2468 2584 2534 laetans,
2616 2469 2760 2540 quod
2787 2469 2880 2524 alii
2905 2478 2997 2524 tuo
3025 2470 3265 2537 nomine,
3295 2467 3390 2525 alii
3407 2469 3611 2526 Christi
3638 2470 3815 2541 appele

2228 2560 2424 2616 lantur.
2473 2562 2688 2618 Imitare
2727 2562 2920 2618 Ionam
2942 2604 2956 2630 ,
2987 2571 3042 2619 et
3070 2561 3237 2618 dicito
3270 2579 3285 2617 ε
3317 2563 3378 2618 8t
3407 2573 3616 2634 propter
3645 2577 3728 2618 nte
3750 2571 3816 2619 est

2226 2651 2326 2707 ista
2354 2661 2654 2724 iuniperus,
2699 2655 2860 2709 tollito
2897 2667 2996 2722 me,
3025 2663 3072 2709 et
3099 2655 3275 2709 mittite
3299 2655 3352 2709 in
3382 2665 3521 2708 mare
3550 2654 3744 2725 (Jortin,
3768 2656 3814 2710 l.

2228 2745 2342 2816 i9).
2373 2747 2468 2802 lile
2497 2747 2798 2803 humilitate
2823 2747 3065 2818 dejectus
3091 2756 3174 2804 est
3203 2748 3266 2802 llr
3284 2747 3606 2817 mummium
3633 2788 3648 2813 ,
3681 2757 3740 2802 ut
3766 2747 3814 2801 in

2227 2848 2410 2912 typum
2456 2842 2669 2897 Domini
2711 2843 2978 2913 glericsus
3016 2847 3345 2913 resurgeret.
3389 2843 3467 2898 Tu
3507 2853 3605 2914 per
3629 2853 3812 2912 supcr-

2227 2934 2369 2988 biam
2394 2933 2460 2989 ad
2486 2945 2629 2990 astra
2659 2934 2984 3000 sustolle'ris,
3028 2942 3088 2990 tit
3127 2935 3196 2992 de
3240 2945 3297 2992 te
3333 2936 3587 3007 loquatur
3613 2935 3769 2992 Jesus
3798 2953 3810 2990 :

2233 3019 2480 3080 Videbam
2505 3025 2760 3082 Satanam
2783 3027 2914 3082 δεταί
2934 3027 3108 3098 fulgur
3131 3028 3392 3082 Martem
3422 3028 3485 3083 de
3513 3029 3640 3084 creto
3664 3027 3807 3100 (Luc.

2226 3115 2316 3175 to.
2349 3119 2462 3189 is).

2297 3213 2386 3268 l5.
2415 3212 2566 3278 Quod
2596 3221 2776 3268 autem
2813 3211 2865 3266 in
2907 3210 3198 3282 Scripturis
3237 3213 3438 3267 sanctis
3481 3213 3638 3268 multi
3678 3211 3801 3285 iusti

2222 3303 2578 3376 appellentur,
2606 3303 2751 3376 ιηυή
2774 3297 3079 3369 Zacharias,
3105 3311 3159 3358 et
3187 3302 3490 3371 Eliza'bctli,
3510 3303 3640 3369 Job,
3661 3303 3808 3361 Jcsa-

2221 3397 2387 3467 piiat,
2425 3402 2484 3450 et
2514 3394 2723 3462 Josias,
2754 3404 2809 3450 et
2837 3395 2992 3451 multi
3031 3405 3262 3468 quorum
3307 3397 3626 3454 nominibus
3665 3411 3808 3455 sacra

2222 3487 2496 3558 Scriptura
2523 3494 2776 3543 contexta
2801 3497 2884 3543 est
2903 3530 2920 3554 ,
2950 3501 3252 3559 quanquam
3279 3487 3332 3542 in
3362 3489 3632 3558 promisso
3653 3502 3808 3562 opere

2222 3579 2436 3652 plenius
2478 3580 2548 3653 (si
2593 3579 2817 3652 gratiam
2857 3579 3118 3637 Dominus
3164 3581 3396 3651 dederit)
3433 3581 3676 3639 dicturus
3716 3585 3807 3638 sim

2221 3671 2314 3746 [aL
2353 3671 2490 3747 tum]
2518 3690 2531 3727 :
2559 3682 2739 3729 tamen
2770 3676 2828 3729 in
2855 3671 3108 3746 praesenti
3149 3674 3386 3745 Epistula
3432 3673 3535 3731 hoc
3579 3675 3808 3732 breviter

2219 3764 2604 3836 perstrinxisse
2641 3765 2874 3822 suliiciat
2897 3808 2912 3834 ,
2943 3765 3090 3837 quod
3128 3765 3256 3836 justi
3296 3763 3676 3838 appellentur,
3705 3777 3807 3824 non

2219 3856 2362 3928 quod
2407 3856 2554 3912 omni
2582 3857 2714 3913 vitio
2744 3865 2998 3922 careant;
3044 3853 3116 3930 (c)
3143 3857 3236 3914 sed
3267 3859 3411 3928 quod
3440 3862 3630 3933 majori
3662 3874 3807 3934 parte

2218 3947 2476 4003 virtutum
2493 3949 2959 4006 comendellhtt‘.
2979 3949 3216 4022 Denique
3229 3961 3282 4008 et
3295 3949 3579 4009 Zacharias
3597 3953 3807 4011 silentio

2219 4039 2610 4096 condemniatur
2631 4039 2782 4111 (Lac.
2810 4041 2886 4112 l),
2910 4051 2962 4097 et
2989 4039 3091 4098 Job
3117 4042 3214 4100 sub
3244 4059 3494 4100 sermone
3519 4046 3808 4116 reprehen-

2219 4125 2368 4186 ditur
2386 4169 2402 4198 ,
2431 4137 2490 4187 et
2511 4129 2772 4203 Josapli'at
2791 4175 2805 4200 ,
2834 4141 2891 4189 et
2915 4131 3091 4190 Josias
3111 4177 3126 4202 ,
3153 4135 3243 4206 qui
3264 4135 3395 4207 justi
3420 4137 3625 4208 absque
3647 4138 3804 4193 dubio

2218 4221 2348 4280 dicti
2363 4233 2509 4292 sunt,
2535 4223 2732 4282 fecisse
2745 4229 3031 4282 narrantur
3050 4239 3168 4298 quae
3191 4227 3417 4284 Domino
3438 4229 3800 4301 displicerent.

2217 4313 2460 4384 (laurum
2501 4315 2638 4372 alter
2677 4317 2846 4389 impio
2885 4319 3150 4374 auxilium
3179 4318 3296 4374 tullt
3333 4319 3408 4390 (ὃ.
3439 4318 3568 4393 Reg.
3600 4323 3690 4389 2‘2)
3711 4364 3726 4388 ,
3751 4331 3804 4379 et

2218 4417 2504 4478 correptus
2535 4416 2620 4463 est
2656 4417 2690 4464 a
2729 4409 2998 4480 Propheta
3033 4426 3046 4464 :
3078 4409 3217 4466 alter
3255 4417 3441 4467 cmtra
3482 4425 3802 4484 prmccptum

2217 4496 2430 4553 Osuini
2457 4511 2524 4554 ea
2553 4511 2654 4556 ore
2675 4499 2928 4557 Ieremia:
2948 4543 2962 4570 ,
2990 4502 3222 4559 occurrit
3251 4502 3471 4559 Necnon
3491 4505 3603 4575 regi
3634 4503 3797 4576 Aigy-

2219 4589 2352 4659 ptio,
2383 4598 2438 4646 et
2469 4591 2786 4650 interfectus
2807 4603 2893 4650 est
2925 4594 2999 4668 (4.
3030 4594 3160 4670 Reg.
3191 4596 3284 4665 2‘5;
3314 4606 3364 4652 et
3386 4598 3443 4652 2.
3471 4594 3655 4653 Paral.
3687 4595 3800 4669 35),

2216 4691 2272 4738 et
2286 4691 2465 4740 tamen
2486 4687 2902 4757 uterquejustus
2916 4689 3238 4760 appellatur.
3265 4690 3340 4744 De
3361 4692 3574 4747 caeteris
3595 4701 3702 4746 non
3725 4697 3798 4747 est

2216 4773 2374 4846 huius
2390 4779 2649 4848 temporis
2669 4781 2937 4836 scribere:
2955 4793 3127 4851 neque
3148 4781 3289 4837 enim
3313 4798 3344 4837 a
3365 4785 3452 4838 me
3471 4782 3690 4852 librum,
3710 4782 3794 4840 set'

2223 4867 2430 4942 ιω
2502 4872 2782 4942 epistolam
2832 4871 3108 4942 ﬂagitasti,
3133 4874 3226 4943 qui
3266 4871 3550 4931 dictandus
3600 4885 3686 4932 est
3739 4889 3786 4931 ei

2215 4961 2348 5028 otio,
2379 4969 2430 5018 et
2457 4975 2649 5019 omnes
2674 4964 3058 5020 oblatrationes
3098 4963 3190 5037 [al.
3224 4967 3592 5041 oppositiones]
3614 4982 3798 5024 eorum

2214 5053 2412 5111 Christi
2455 5057 2660 5111 auxilio
2701 5055 3045 5112 destruenda:
3082 5071 3095 5112 :
3126 5051 3268 5127 quod
3309 5051 3466 5116 nobis
3493 5071 3798 5116 sanctarum

2214 5143 2613 5218 Scripturarum'
2640 5147 2962 5203 testimoniis
2985 5149 3337 5203 asserendum
3365 5159 3447 5206 est
3468 5193 3482 5216 ,
3521 5155 3574 5206 in
3607 5153 3800 5223 quibus

2213 5239 2449 5310 quotidie
2486 5238 2830 5297 credentibus
2866 5239 3100 5312 loquitur
3132 5239 3291 5297 Deus.
3317 5241 3398 5313 (ά)
3432 5235 3676 5316 illudque
3710 5260 3802 5316 per

2280 5369 2565 5441 (b)_liecole
2605 5374 2857 5441 epistolam
2895 5375 3006 5441 121.
3043 5376 3103 5426 ad
3144 5376 3395 5441 Algasiam
3431 5382 3708 5441 quaestione
3751 5383 3800 5433 8.

2211 5445 2268 5497 pa
2284 5433 2295 5437 ⁷
2311 5433 2490 5483 ,⁷1028.
2528 5443 2580 5486 et
2601 5433 2709 5499 qua:
2733 5438 2782 5488 in
2807 5452 2920 5489 eum
2954 5438 3108 5487 locum
3131 5433 3466 5490 adu'ouivimus"
3490 5450 3602 5492 nota
3627 5443 3674 5491 ὁ.

2222 5555 2243 5556 7
2271 5447 2342 5556 ᾗ)
2379 5495 2538 5546 Aliter
2569 5499 2721 5548 Vatic.
2768 5502 2855 5552 sed
2900 5499 3073 5556 majori
3115 5501 3324 5556 polleant
3365 5510 3503 5556 parte
3548 5504 3695 5553 virtut

2279 5514 2342 5558 (ci
2379 5514 2538 5546 Aliter
2576 5514 2721 5548 vane.
2768 5514 2853 5552 sea
2900 5514 3073 5561 major:
3114 5514 3324 5563 paucam
3365 5514 3503 5565 parte
3548 5514 3794 5555 mutuum.

2210 5555 2385 5630 Conler
2408 5559 2449 5630 si
2475 5559 2612 5610 lubet
2634 5563 2958 5630 Augustinum
2997 5563 3070 5610 bis
3091 5577 3212 5630 t|UiB_
3226 5564 3532 5615 adducuntur
3557 5569 3801 5630 exemplis

2212 5619 2402 5686 eodem
2410 5619 2534 5686 fere,
2561 5637 2656 5686 quo
2680 5619 2818 5673 Hier.
2846 5625 2984 5673 modo
3006 5619 3405 5686 respondentem.

2276 5677 2655 5752 (d)_l’_ritls:erat,
2683 5687 2903 5750 [limique
2928 5694 2972 5735 te
2985 5701 3076 5752 per
3091 5677 3292 5752 iunctm,
3308 5698 3425 5746 etc.,
3451 5703 3598 5752 quam
3625 5692 3798 5743 lectio-

1691 5737 1808 5788 bent
1829 5743 2098 5791 nostrorum
2206 5737 2597 5816 gem'Yictorius
2636 5737 2915 5816 improbat:
2953 5737 3032 5799 alii
3071 5750 3187 5798 editi
3223 5737 3431 5811 quor-nul
3469 5737 3796 5816 b’t’";;ctT.I.§ﬁ.-.

2211 5804 2336 5858 forte
2361 5806 2505 5858 lectio
2529 5818 2616 5860 est.
2665 5804 2887 5875 [limique
2926 5821 2997 5874 te,
3037 5820 3082 5862 et
3105 5825 3192 5873 per
3215 5804 3258 5863 ιὲ
3295 5821 3480 5866 smtcta'
3503 5855 3515 5875 ,
3557 5804 3652 5868 éic.
3686 5804 3802 5870 lianc
