4080 6340
276 437 420 495 1165

273 557 508 626 bellare,
527 558 582 614 e't
599 558 702 614 tuis
721 556 936 627 litteris,
954 565 1007 613 et
1024 557 1314 616 multorum
1335 549 1596 618 relatione
1613 563 1860 634 cognovi,

272 661 577 723 ventosque
597 667 719 708 esse
737 652 1062 718 contrarios,
1086 660 1140 708 et
1163 653 1217 708 in
1243 654 1599 724 perditionem
1624 665 1864 712 mutuam

272 745 518 802 fautores
545 761 666 802 esse
695 745 1031 818 perditionis,
1074 748 1164 816 qui
1187 745 1510 804 defensores
1537 748 1719 804 saeculi
1744 763 1866 804 esse

271 840 539 896 deberent
563 861 578 898 :
604 849 781 896 tamen
807 840 944 895 scias
965 838 1019 895 in
1042 837 1144 894 hac
1163 840 1434 910 provincia
1453 840 1612 896 nullis
1656 837 1865 913 1047
1897 911 1917 928 α.

271 931 533 988 humanis
605 929 858 996 auxiliis,
917 929 1014 986 sed
1080 929 1298 1000 proprie
1347 929 1547 986 Christi
1602 928 1864 986 sententia

271 1024 490 1094 pulsum
518 1038 660 1090 esse,
689 1037 796 1078 non
825 1022 1000 1078 solum
1027 1022 1096 1078 de
1131 1022 1292 1091 urbe,
1337 1023 1430 1080 sed
1469 1023 1538 1080 de
1563 1023 1864 1080 Palmstinze

271 1129 492 1186 quoque
528 1115 724 1171 ﬁnibus
751 1113 827 1186 (a)
855 1112 1138 1170 Catilinam
1177 1133 1191 1169 :
1223 1129 1430 1186 nosque
1460 1115 1647 1172 dolere
1689 1115 1863 1186 pluri-

271 1221 464 1270 mum,
493 1205 636 1276 quod
680 1221 802 1261 cum
845 1204 1076 1261 Lentulo
1119 1205 1275 1260 multi
1321 1205 1703 1276 conjurationis
1731 1204 1863 1261 socii

271 1306 672 1366 remanserunt,
702 1298 794 1368 qui
824 1297 879 1353 in
909 1297 1080 1368 Joppe
1103 1305 1464 1354 remorantur.
1499 1297 1664 1353 Nobis
1683 1305 1862 1353 autem

269 1393 468 1448 melius
499 1391 672 1446 visum
700 1399 783 1446 est
826 1390 1002 1446 locum
1033 1400 1263 1459 mutare,
1297 1405 1458 1462 quam
1503 1389 1628 1444 ﬁdei
1671 1389 1865 1444 verita-

268 1491 380 1538 tem
407 1500 424 1550 ;
457 1481 914 1553 aediﬁciorumque
934 1491 989 1537 et
1009 1481 1305 1538 mansionis
1324 1482 1688 1537 amoenitatem
1707 1479 1864 1533 amit-

269 1586 416 1642 tere,
467 1592 628 1648 quam
674 1591 860 1632 eorum
909 1575 1286 1631 communione
1328 1574 1615 1639 maculari,
1668 1571 1863 1643 quibus

267 1671 780 1742 impraesentiarum,
806 1678 901 1725 aut
940 1669 1241 1726 cedendum
1271 1677 1406 1736 erat,
1435 1678 1526 1723 aut
1553 1676 1698 1724 certe
1727 1683 1862 1740 quo-

270 1765 401 1820 tidie
430 1780 538 1821 non
562 1765 767 1835 lingua,
793 1763 888 1820 sed
917 1763 1111 1835 gladiis
1140 1761 1521 1819 dimicandum.
1554 1761 1630 1832 (ὁ)
1655 1761 1863 1829 Quanta

266 1867 453 1914 autem
484 1858 627 1928 passi
653 1857 843 1922 simus,
872 1866 928 1912 et
951 1855 1222 1927 quomodo
1246 1855 1460 1911 excelsa
1485 1870 1680 1910 manus
1707 1854 1864 1910 Chri-

266 1951 338 2005 sti
365 1964 464 2019 pro
490 1949 647 2005 nobis
676 1949 728 2004 in
758 1948 969 2005 hostem
990 1947 1245 2015 smvierit,
1264 1955 1394 2017 puto
1418 1955 1474 2002 te
1500 1945 1699 2002 celebri
1719 1961 1862 2000 nun-

269 2045 346 2100 tio
376 2046 450 2117 (c)
479 2043 719 2100 omnium
758 2043 1098 2115 cognovisse.
1149 2041 1344 2110 Qumso
1371 2055 1500 2110 ergo
1527 2048 1603 2107 te,
1634 2048 1692 2094 ut
1715 2053 1864 2096 arre-

267 2145 422 2206 ptum
468 2151 604 2206 opus
637 2135 906 2206 impleas;
941 2150 1044 2191 nec
1072 2132 1313 2204 patiaris,
1343 2141 1397 2187 te
1441 2139 1725 2201 prasente,
1752 2147 1862 2188 non

267 2226 476 2284 habere
528 2226 731 2284 Christi
787 2226 1086 2283 Ecclesiam
1141 2223 1498 2279 defensorem.
1553 2222 1713 2279 Certe
1761 2223 1864 2279 scit

267 2319 668 2389 unusquisque,
699 2315 844 2386 quod
877 2315 961 2371 vel
994 2315 1088 2370 tibi
1116 2313 1345 2370 suﬂiciat
1374 2329 1469 2384 pro
1493 2313 1632 2369 virili
1661 2322 1814 2384 parte
1844 2331 1859 2370 :

267 2412 396 2482 quia
441 2424 550 2465 non
586 2408 793 2464 viribus
837 2407 1101 2477 corporis,
1130 2405 1226 2462 sed
1252 2406 1475 2462 caritate
1513 2404 1678 2461 animi
1704 2404 1863 2461 dimi-

267 2501 528 2567 candum,
541 2516 660 2570 qua:
678 2498 921 2570 superari
940 2514 1210 2570 nunquam
1227 2506 1422 2570 potest.
1442 2497 1625 2554 Sancti
1638 2496 1858 2567 fratres,

267 2593 365 2664 qui
391 2609 514 2648 cum
536 2601 719 2648 nostra
746 2601 872 2647 sunt
900 2592 1180 2663 parvitate,
1205 2592 1494 2662 plurimum
1521 2601 1574 2648 te
1600 2591 1854 2647 salutant.

268 2687 411 2744 Puto
435 2695 613 2743 autem
642 2696 696 2742 et
718 2696 962 2742 sanetum
999 2685 1219 2741 fratrem
1267 2685 1540 2740 Alentium
1568 2685 1858 2741 Diaconum

269 2787 381 2834 tua:
406 2778 698 2850 dignationi
746 2787 936 2835 cuncta
983 2791 1202 2832 narrare
1247 2775 1497 2833 ﬁdeliter.
1536 2776 1861 2833 Incolumem

268 2878 324 2925 te
364 2879 421 2926 et
468 2884 760 2925 memorem
789 2869 912 2934 mei,
941 2868 1188 2924 Christus
1227 2867 1476 2924 dominus
1501 2878 1683 2924 noster
1713 2877 1862 2924 tuea-

269 2971 358 3018 tur
389 2965 726 3035 omnipotens
749 3003 765 3033 ,
792 2961 1008 3018 domine
1055 2974 1182 3018 vere
1226 2970 1412 3018 sancte
1445 2970 1501 3018 et
1525 2960 1862 3033 suscipiende

265 3053 451 3112 frater.

660 3207 992 3268 EPISTULA
1030 3207 1298 3266 cxxxrx
1323 3209 1428 3282 (ά).

800 3368 869 3441 (e)
900 3384 969 3425 AD
1009 3383 1294 3426 APRONIUII.

269 3529 554 3586 Amanum
575 3565 591 3592 ,
635 3525 769 3594 quod
805 3524 861 3578 in
889 3525 992 3593 [ide
1027 3533 1204 3578 contra
1244 3523 1554 3595 Pelagianos
1577 3524 1860 3591 manserit,

343 3618 544 3685 laudat,
591 3625 660 3684 et,
705 3623 762 3669 ut
804 3624 981 3670 sancta
1018 3613 1352 3684 Jerosolymae
1395 3613 1508 3668 loca
1550 3622 1707 3684 petat,
1740 3613 1862 3667 hor-

351 3719 507 3764 tatur.

349 3845 404 3900 1.
434 3839 630 3897 Nescio
671 3851 775 3910 qua
802 3835 1098 3893 tentatione
1121 3834 1318 3891 diaboli
1361 3833 1556 3890 factum
1598 3835 1688 3902 sit,
1722 3842 1784 3890 ut
1809 3842 1864 3892 et

265 3947 396 3994 tuus
435 3934 607 4000 labor,
644 3941 698 3988 et
725 3930 896 3987 sancti
923 3929 994 4000 (f)
1031 3927 1330 3984 Innocentii
1366 3927 1672 3999 Presbyteri
1701 3925 1864 3982 indu-

265 4030 426 4096 stria,
454 4036 511 4084 et
537 4033 781 4082 nostrum
807 4021 1132 4079 desiderium
1165 4021 1230 4076 ad
1259 4033 1496 4090 praesens
1525 4034 1859 4090 nequaquam

266 4124 524 4182 videatur
553 4121 752 4176 habere
773 4117 1046 4174 effectum.
1078 4115 1190 4170 Deo
1212 4115 1398 4186 gratia,
1432 4113 1574 4184 quod
1603 4123 1654 4168 te
1684 4113 1858 4184 sospi-

266 4226 400 4283 tem,
432 4223 488 4270 et
541 4211 665 4268 ﬁdei
717 4211 898 4266 calore
922 4206 1401 4276 ferventem,inter
1422 4207 1537 4277 ipsa
1561 4213 1859 4263 tentamen-

339 4393 402 4462 (a)
442 4391 667 4462 Catilina,
694 4396 751 4462 ut
763 4395 939 4462 potum
975 4397 1058 4462 est_
1080 4385 1437 4462 e§_Sallustio‘,
1467 4385 1616 4462 Roma
1640 4385 1858 4462 evadens

268 4447 436 4516 noctu,
461 4455 520 4505 P.
544 4447 739 4507 Cornel.
763 4452 1022 4516 Lentulum
1045 4453 1097 4500 in
1115 4450 1319 4516 civitate
1342 4447 1671 4516 reliqttit,_qui
1693 4449 1857 4511 conju-

268 4510 471 4579 ration'is
494 4517 754 4579 participes
771 4517 819 4565 in
837 4514 1035 4579 perﬁdia
1045 4511 1380 4579 conﬁrmaret,
1399 4510 1856 4579 quaillieronymus

268 4577 459 4630 alludit.
482 4570 691 4627 Difﬁcile
715 4585 792 4626 est
808 4570 972 4624 autem
995 4575 1138 4624 alium
1172 4573 1286 4623 heic
1307 4574 1401 4622 sub
1417 4570 1634 4623 Catilinae
1655 4570 1854 4622 nomine

268 4639 516 4700 intelligi,
543 4651 696 4700 quam,
722 4637 978 4700 Pelagium
996 4670 1022 4700 ,Α
1055 4637 1262 4700 ejusque
1300 4641 1586 4700 sectatores.
1634 4633 1853 4684 Bullinus

271 4693 598 4762 enim,'qtiem
619 4693 926 4762 vul_gO__i_ttiiui
948 4693 1116 4746 volunt
1136 4693 1500 4762 Hieronymiani
1524 4693 1850 4762 Interpretes,

266 4762 368 4826 jam
391 4754 452 4810 ab
466 4754 610 4808 'anno
768 4758 946 4826 libens,
971 4770 1023 4807 et
1051 4769 1162 4805 cum
1183 4754 1482 4817 Hieronymo
1502 4754 1852 4806 reconciliatus

265 4819 567 4873 discesserat
590 4833 620 4869 e
642 4819 916 4868 Palaestina.
1623 4834 1627 4835 ν

341 4883 409 4959 (bi
441 4883 672 4959 Νηοιρψξξι
689 4880 926 4959 ΞΡΡᾹ’Ξ¹,³⁶
948 4877 1329 4959 ξνὶξτιξέετῖδῇξί
1341 4875 1850 4959 Αιέξξιδέἓρέἐέὲνρέθ

271 4938 440 4997 (ἰέδιῖε
463 4943 650 5005 Pelagii
689 4947 738 4991 in
755 4938 893 5001 'ﬁne,
925 4959 948 4988 tt
970 4938 1195 5005 a’guescio
1217 4951 1314 5000 quo
1322 4950 1496 5005 _cu_neo
1530 4938 1846 5005 perditorum,

269 5009 356 5071 qui
373 5006 516 5058 valde
539 4997 900 5071 invperversum
924 4997 1304 5071 perhiberetttttr
1319 4998 1521 5071 Pelagio
1529 4997 1806 5071 (suta-agam,
1819 4997 1843 5046 ό

269 5059 402 5119 inter
437 5059 756 5128 caetera-quae
791 5059 1061 5132 incredibili
1094 5060 1304 5132 audacia
1338 5069 1504 5132 contra
1529 5059 1580 5129 ἓ.
1608 5059 1848 5132 Hierony-

269 5144 400 5193 mum
433 5124 760 5193 patratasunt
777 5164 791 5188 ,
840 5129 985 5193 etiam
1039 5124 1251 5193 tradi/icio
1307 5124 1709 5192 monasteriorum
1743 5124 1851 5183 ejus

269 5186 466 5252 incensa
484 5229 496 5252 ,
514 5196 573 5252 ut
596 5187 680 5252 uia:
703 5186 862 5252 ipsum
895 5188 952 5252 ab
976 5200 1031 5238 eo
1055 5186 1263 5252 intpetu,
1298 5193 1344 5234 et
1366 5195 1571 5234 occursu
1592 5186 1849 5246 impiorum

270 5251 323 5302 in
345 5253 433 5303 Dei
455 5247 790 5301 misericordia
810 5249 959 5299 turris
979 5247 1204 5299 munitior
1219 5253 1451 5298 tueretur.

340 5312 400 5380 (c)
442 5313 616 5380 Malim
647 5311 824 5362 munia.
858 5310 1010 5380 Paulo
1042 5317 1150 5373 post
1183 5310 1234 5358 in
1255 5310 1415 5360 veteri
1439 5307 1684 5369 editione,
1717 5311 1848 5360 certe

269 5372 747 5444 sdut"unusqttisque,
777 5372 921 5444 quod,
944 5380 1042 5442 etc.

358 5437 408 5503 ά)
438 5432 568 5503 alios
591 5432 669 5486 56'.
695 5432 881 5503 scripta
909 5432 1165 5503 signauit.
1187 5432 1296 5503 417.

355 5493 407 5561 ε)
437 5493 620 5548 Rerum
642 5509 752 5559 quae
771 5493 932 5561 iubae
952 5494 1167 5557 Epistula
1189 5501 1542 5561 pertractantur
1566 5495 1744 5561 series,
1768 5501 1844 5546 t0-

269 5557 448 5623 tustjue
487 5557 747 5623 contegi—tus
775 5557 1275 5623 Hieronymumejus
1299 5562 1548 5623 auctorem
1585 5558 1837 5623 evincunt,

267 5617 434 5671 contra
455 5634 598 5685 quam
621 5620 860 5685 Victorius
880 5617 1050 5685 sentit.
1069 5618 1148 5685 cui
1162 5617 1219 5685 S_._
1228 5617 1396 5685 _Pa_tris
1416 5617 1592 5685 stylum
1612 5617 1844 5667 redolere

267 5697 365 5732 non
385 5678 599 5742 videtur,
627 5690 680 5732 et
700 5683 762 5731 ab
781 5680 942 5743 aliquo
967 5681 1073 5743 ejus
1097 5678 1550 5743 familiaricreditur
1577 5687 1794 5743 exarata.

331 5745 407 5806 (ί)
436 5746 527 5794 Hie
559 5739 644 5794 ille
671 5739 1224 5806 videtur'lnndcentiu_s,
1259 5741 1334 5791 cui
1366 5739 1566 5806 litteras
1587 5739 1648 5787 de
1680 5745 1847 5806 sancta

269 5800 514 5855 Bethleem
535 5809 583 5856 in
609 5805 924 5856 Occidentem
947 5804 1010 5854 ad
1038 5802 1276 5867 Alypium,
1301 5800 1684 5867 atq/mqustinum
1710 5800 1844 5867 dedit

267 5867 588 5978 Egrferendas
602 5869 814 5942 .Hieron.
839 5867 966 5929 quod
976 5865 1105 5944 ipse
1119 5868 1326 5916 testatur
1348 5866 1487 5918 initio
1511 5871 1563 5917 et
1583 5874 1775 5915 rursum
1793 5865 1845 5913 in

338 5939 368 5978 e
389 5938 641 5978 sequentis
662 5928 893 5978 Epistula:
919 5930 1023 5978 llo.

338 5939 368 5978 e
389 5933 641 5992 sequentis
662 5928 893 6001 Epistulae
919 5928 1023 5981 145.

1652 438 1982 500 EPISTOLA
2021 437 2174 495 CXL.

3417 453 3555 510 1166

1971 570 2022 616 ta
2105 560 2313 636 105.8
2384 563 2581 620 diaboli
2632 571 2876 640 cognovi.
2929 571 3042 629 [loc
3083 585 3265 629 meum
3301 571 3557 642 gaudium

1969 665 2070 723 est,
2099 657 2312 726 quando
2336 658 2391 713 in
2421 657 2637 716 Christo
2681 664 2840 720 audio
2877 665 3018 723 ﬁlios
3065 681 3220 723 meos
3246 664 3502 722 dimicare
3529 679 3549 734 ;

1970 753 2026 802 et
2051 746 2216 802 istum
2244 747 2416 805 zelum
2446 750 2501 805 in
2529 765 2628 808 nos
2650 752 2768 822 ipse
2797 757 3102 827 conﬁrmet,
3133 758 3218 814 cui
3245 756 3551 814 credimus:

1969 847 2028 893 ut
2054 853 2154 909 pro
2191 837 2297 897 ﬁde
2321 842 2438 912 ejus
2465 844 2778 915 sanguinem
2805 847 3106 906 voluntarie
3135 848 3441 905 fundamus.
3474 844 3554 919 (g)

1969 929 2226 989 Eversam
2256 934 2492 992 nobilem
2539 935 2756 992 domum
2784 937 3018 996 funditus
3045 941 3200 997 doleo
3221 982 3237 1008 ,
3277 951 3333 997 ct
3373 947 3557 995 tamen

1967 1024 2096 1096 quid
2125 1025 2181 1082 in
2209 1041 2367 1082 causa
2393 1029 2493 1097 sit,
2513 1029 2653 1085 scire
2674 1045 2780 1086 non
2811 1033 2982 1102 potui.
3013 1033 3195 1104 Neque
3215 1034 3359 1089 enim
3388 1031 3559 1104 porti-

1968 1124 2055 1172 tor
2080 1117 2381 1174 litterarum
2411 1135 2572 1176 nosse
2596 1137 2656 1177 se
2682 1121 2834 1178 dixit.
2867 1122 3020 1179 Unde
3062 1125 3244 1180 dolere
3271 1138 3556 1194 possumus

1968 1223 2067 1280 pro
2095 1211 2284 1266 amicis
2310 1213 2707 1279 communibus,
2737 1223 2789 1269 et
2819 1212 3043 1282 Christi,
3073 1216 3163 1285 qui
3194 1215 3344 1271 solus
3364 1224 3556 1286 potens

1967 1308 2023 1355 et
2067 1301 2322 1356 Dominus
2367 1311 2470 1369 est,
2503 1304 2581 1375 (It)
2611 1305 2952 1360 clementiam
2982 1305 3260 1376 deprecari
3294 1324 3308 1360 :
3337 1306 3462 1361 licet
3489 1321 3554 1360 ex

1967 1399 2120 1460 parte
2161 1391 2256 1446 Dei
2284 1407 2586 1448 mereamur
2614 1394 2895 1462 offensam,
2926 1396 3013 1466 qui
3059 1396 3306 1451 inimicos
3342 1396 3554 1452 Domini

1969 1481 2280 1539 foverimus.
2329 1482 2599 1554 Optimutn
2645 1495 2824 1542 autem
2869 1485 3056 1554 facies,
3085 1487 3130 1542 si
3159 1488 3368 1543 cunctis
3397 1487 3557 1542 rebus

1966 1573 2201 1640 omissis,
2224 1572 2500 1630 Orientem
2530 1585 2583 1632 et
2607 1579 2880 1648 praecipue
2901 1587 3086 1632 sancta
3115 1578 3230 1633 loca
3254 1587 3405 1648 petas
3431 1596 3446 1632 ;
3470 1578 3558 1633 hic

1967 1666 2108 1720 enim
2138 1666 2318 1737 quieta
2343 1677 2472 1722 sunt
2501 1671 2704 1723 omnia.
2729 1669 2797 1724 Et
2822 1670 2948 1725 licet
2968 1685 3170 1725 venena
3193 1672 3424 1741 pectoris
3447 1687 3553 1726 non

1965 1761 2263 1831 amiserint,
2296 1769 2474 1818 tamen
2509 1777 2571 1817 os
2597 1763 2893 1834 impietatis
2923 1779 3028 1819 non
3075 1763 3274 1818 audent
3299 1765 3508 1836 aperire
3538 1784 3551 1819 :

1965 1855 2062 1912 sed
2098 1865 2222 1911 sunt
2267 1857 2405 1911 sicut
2446 1856 2661 1926 aspides
2711 1856 2910 1925 surdae,
2941 1867 2996 1912 et
3043 1856 3353 1912 obturantes
3397 1873 3554 1914 aures

1964 1962 2090 2004 suas
2120 1946 2294 2019 (Psal.
2319 1948 2409 2003 57.
2439 1948 2516 2017 5).
2551 1947 2782 2004 Sanctos
2808 1948 3004 2004 fratres
3029 1948 3220 2004 saluta.
3245 1947 3437 2003 Nostra
3463 1965 3556 2004 au-

1965 2049 2072 2096 tem
2121 2041 2314 2096 domus
2359 2041 2654 2097 secundum
2703 2042 2950 2098 carnales
2995 2057 3146 2113 opes,
3179 2042 3553 2098 haereticorum

1965 2135 2430 2205 perseeutionibus
2460 2137 2672 2206 penitus
2697 2152 2904 2205 eversa,
2932 2137 3148 2194 Christo
3176 2138 3408 2208 propitio
3437 2138 3553 2207 spi-

1965 2226 2246 2282 ritualibus
2288 2226 2492 2284 divitiis
2521 2229 2679 2298 plena
2725 2237 2827 2284 est.
2860 2229 3048 2285 Melius
3077 2238 3160 2286 est
3186 2229 3331 2286 enim
3362 2241 3553 2299 panem

1965 2321 2311 2391 manducare,
2335 2338 2497 2394 quam
2529 2321 2686 2380 ﬁdem
2717 2322 2964 2394 perdere.

2427 2521 2759 2580 EPISTOLA
2797 2522 2933 2580 CXL
2962 2521 3048 2596 (ἱ).

2336 2698 2406 2738 ΔΙ)
2443 2697 2736 2738 CYPNANUI
2773 2692 2874 2738 PRE
2881 2695 3172 2737 SBYTERUII.

1964 2841 2235 2901 Psalmum
2259 2847 2621 2917 octogesimum
2658 2863 2870 2914 nonum,
2902 2848 3049 2917 cujus
3089 2843 3289 2899 initiunt
3327 2851 3416 2911 est,
3447 2839 3556 2898 Do-

2036 2937 2200 3004 mine,
2222 2937 2484 3008 refugium
2505 2939 2674 2994 factus
2694 2952 2752 2994 es
2779 2936 2955 3004 nobis,
2974 2935 3228 3007 Cypriane
3255 2935 3555 3006 Presbytero

2035 3032 2104 3085 ad
2131 3031 2282 3100 ﬁdem
2307 3029 2577 3086 Hebraica:
2601 3030 2846 3099 veritatis,
2881 3039 2992 3101 post
3020 3044 3173 3096 Lxx.,
3201 3037 3249 3084 et
3281 3026 3554 3098 Vulgatam

2036 3121 2330 3190 editionem,
2363 3122 2445 3195 pie
2469 3123 2856 3194 eloquenterque
2880 3121 3108 3192 exponit.

2037 3283 2090 3337 1.
2117 3281 2272 3338 Prius
2291 3289 2360 3348 te,
2381 3280 2648 3354 Cypriane
2673 3281 3118 3353 Presbyterorum
3139 3277 3552 3346 studiosissime,

1963 3373 2032 3429 de
2074 3372 2288 3428 illorum
2332 3387 2577 3439 numero,
2608 3388 2771 3443 super
2817 3373 3011 3444 quibus
3054 3371 3256 3427 audivit
3301 3370 3554 3442 Moyses:

1964 3465 2114 3537 Elige
2142 3464 2476 3536 Presbyteros
2495 3507 2512 3534 ,
2539 3482 2665 3536 quos
2693 3475 2747 3520 tu
2788 3466 2899 3536 ipse
2937 3468 3036 3521 scis
3080 3482 3188 3521 esse
3230 3463 3557 3536 Presbytero:

1966 3557 2164 3628 (Exod.
2197 3557 2308 3628 12),
2340 3567 2544 3612 tantum
2575 3558 2832 3627 Epistolis
2880 3573 3161 3624 noveram,
3206 3565 3262 3612 et
3288 3556 3428 3612 beati
3454 3557 3556 3612 viri

1963 3649 2285 3704 vocabulum
2305 3657 2676 3716 consecutum,
2699 3650 2789 3720 qui
2821 3651 2875 3703 in
2898 3648 3042 3719 Lege
3067 3648 3161 3703 Dei
3189 3648 3277 3704 die
3301 3663 3364 3702 ac
3395 3655 3553 3702 noete

1963 3740 2251 3796 meditatur
2273 3739 2445 3812 (Psal.
2474 3740 2551 3810 l).
2580 3739 2733 3795 Nunc
2756 3750 2936 3795 autem
2959 3741 3083 3810 quia
3111 3740 3395 3795 exterioris
3421 3753 3558 3809 quo-

1963 3850 2070 3905 que
2095 3833 2328 3889 hominis
2357 3832 2512 3888 nobis
2533 3833 2762 3888 invicem
2795 3832 2933 3887 facta
2961 3842 3045 3888 est
3072 3832 3329 3904 cognitio,
3353 3841 3409 3888 et
3432 3841 3556 3902 post

1962 3925 2338 3982 salutationem
2361 3922 2656 3994 dulcesque
2727 3922 2938 3996 1049
3010 3921 3553 3993 complexus,quibtts

1962 4016 2065 4074 sibi
2093 4015 2326 4071 amicitia
2372 4014 2674 4085 copulatur,
2704 4024 2763 4070 ut
2810 4015 3004 4085 probes
3030 4031 3217 4070 verum
3245 4029 3366 4070 esse
3407 4013 3549 4084 quod

1962 4108 2230 4173 audieras,
2260 4095 2441 4162 statim
2467 4122 2498 4162 a
2526 4121 2614 4162 me
2637 4105 2899 4177 postulas,
2931 4117 2988 4162 ut
3007 4105 3380 4162 difﬁcillimum
3399 4105 3554 4159 Psal-

1960 4216 2128 4266 mum,
2148 4199 2237 4271 qui
2265 4199 2403 4270 apud
2427 4197 2646 4255 Graecos
2666 4209 2723 4256 et
2749 4199 2968 4256 Latinos
2986 4200 3345 4271 octogesimus
3373 4213 3553 4254 nonus

1959 4291 2295 4359 inscribitur,
2331 4292 2428 4347 tibi
2455 4291 2772 4361 edisseram,
2801 4307 2908 4348 non
2936 4294 3231 4362 composita
3260 4293 3552 4347 verborum

1959 4387 2204 4444 oratione
2234 4386 2527 4458 plausuque
2574 4386 2840 4457 populari,
2885 4388 2974 4457 qui
3001 4387 3139 4442 solet
3177 4386 3550 4456 imperitorum

1957 4497 2116 4538 aures
2139 4480 2388 4551 decipere
2413 4489 2574 4550 atque
2604 4480 2822 4550 palpare
2848 4496 2864 4546 ;
2894 4479 2988 4536 sed
3019 4479 3263 4535 oratione
3292 4475 3549 4547 simplici,

1955 4581 2011 4629 et
2037 4571 2398 4627 Ecclesiastici
2427 4570 2624 4640 eloquii
2653 4570 2879 4625 veritate
2909 4588 2924 4624 :
2955 4578 3013 4624 ut
3041 4568 3248 4624 scilicet
3275 4568 3550 4637 interpre-

1957 4665 2088 4721 tatio
2114 4673 2296 4720 nostra
2319 4677 2424 4718 non
2450 4663 2557 4716 alio
2578 4661 2872 4731 interprete
2898 4662 3153 4733 indigeat,
3181 4660 3322 4732 quod
3350 4661 3548 4732 pleris-

1953 4772 2061 4827 que
2091 4755 2312 4810 nimium
2339 4751 2554 4808 disertis
2601 4751 2848 4807 accidere
2891 4752 3053 4818 solet,
3081 4757 3138 4807 ut
3163 4751 3334 4820 major
3360 4751 3430 4806 sit
3457 4751 3510 4805 in
3529 4781 3547 4793 ο

1953 4845 2259 4914 telligentiae
2283 4842 2572 4898 difﬁcultas
2590 4842 2644 4896 in
2667 4858 2852 4897 eorum
2878 4842 3361 4913 explanationibus,
3381 4857 3544 4912 quam

1955 4936 2010 4992 in
2038 4935 2125 4990 his
2153 4949 2272 5004 quae
2301 4934 2593 5005 explanare
2621 4945 2905 4990 conantur.
2948 4934 3239 5006 Aggrediar
3279 4950 3414 5004 opus
3442 4933 3549 4990 dif-
3601 4955 3612 5006 ι

1953 5026 2273 5093 ﬁcillimum,
2304 5035 2359 5082 et
2387 5036 2690 5081 sanctarum
2715 5042 2932 5096 precum
2961 5036 3168 5082 tuarum
3195 5027 3357 5082 fultus
3386 5027 3543 5081 auxi-
3601 5014 3606 5051 ῖ

1953 5118 2046 5185 lio,
2076 5118 2217 5173 illius
2241 5119 2494 5173 versiculi
2516 5117 2844 5174 recordabor
2865 5136 2877 5172 :
2902 5117 3153 5174 Dominus
3175 5119 3314 5174 dabit
3339 5119 3542 5172 verbum

1949 5210 2407 5282 euangelizantibus
2433 5212 2614 5265 virtute
2642 5213 2803 5265 multa
2829 5211 2944 5284 (Ps.
2975 5213 3066 5268 6'7.
3095 5213 3207 5282 12).

2021 5301 2078 5357 2.
2107 5303 2189 5357 Ac
2233 5301 2463 5372 primum
2495 5302 2770 5358 sciendum
2801 5305 2942 5374 quod
2971 5303 3167 5359 Psalmi
3207 5301 3361 5355 istius
3385 5299 3539 5368 juxta

1949 5391 2269 5450 llebraieum
2302 5393 2481 5450 titulus
2525 5395 2616 5463 sit,
2651 5395 2830 5450 Oratio
2859 5396 3031 5465 Moysi
3073 5393 3167 5445 viri
3210 5391 3309 5444 Dei
3341 5407 3359 5446 :
3386 5390 3536 5461 juxta

2013 5615 2081 5682 (g)
2111 5614 2247 5682 gVide
2271 5613 2319 5662 in
2343 5611 2709 5682 ealce_epist_ol.
2735 5612 2841 5682 15}.
2867 5609 2927 5682 ad
2951 5606 3338 5682 Ctesiphontem,
3361 5605 3446 5682 ubi
3471 5605 3539 5682 de

1945 5666 2121 5727 illustri
2148 5677 2292 5726 domo
2309 5710 2324 5735 ,
2350 5690 2458 5738 quae
2493 5666 2758 5738 haereticos
2779 5671 2978 5738 fovebat
2995 5706 3008 5728 ,
3035 5666 3248 5730 quaeque
3285 5666 3459 5716 eadem
3485 5680 3542 5716 ac

1944 5752 2163 5800 praesens
2181 5751 2357 5800 eversa
2368 5734 2533 5786 'videri
2558 5735 2726 5800 possit,
2748 5734 3084 5800 conqueritur.

2007 5801 2081 5863 (It)
2118 5799 2258 5863 Haud
2296 5799 2429 5863 bene
2453 5789 2749 5863 vetustiores
2787 5789 2903 5840 editi
2943 5795 3035 5863 sub
3069 5789 3162 5863 alia
3189 5790 3543 5863 distinctione,

1944 5867 1992 5912 et
2009 5851 2113 5922 ejus
2138 5858 2456 5922 clementiam,
2483 5861 2537 5905 ut
2558 5853 2737 5922 Christi
2756 5868 2934 5922 nomen
2953 5853 3013 5903 ad
3035 5853 3218 5904 amicos
3239 5851 3513 5904 referatur.

2012 5916 2072 5986 li)
2097 5921 2178 5974 At.
2209 5920 2315 5972 139.
2339 5917 2514 5982 script.
2531 5916 2653 5970 circ.
2672 5929 2754 5981 an.
2777 5916 2891 5968 418.
