4080 6340
548 463 683 520 1171

548 573 834 644 signiﬁcat,
860 551 1002 642 quod
1050 582 1263 639 semper
1302 565 1469 623 Filius
1505 565 1559 621 in
1599 565 1758 621 Patre
1795 571 1849 619 et
1882 562 2039 618 Pater
2076 561 2132 616 in

549 665 689 719 Filio
719 663 896 718 luerit.
924 661 1135 717 Creatio
1161 669 1338 714 autem
1368 658 1484 729 ejus
1522 657 1612 728 qui
1656 656 1805 726 prius
1846 668 1953 708 non
1991 660 2130 719 erat,

548 755 868 812 conditionis
897 751 1194 810 exordium.
1230 751 1411 806 Potest
1433 750 1584 820 juxta
1612 747 1690 821 (a)
1717 747 1864 816 leges
1890 742 2130 814 tropolo-

548 850 649 919 gia:
689 849 791 903 hoc
831 845 975 918 quod
1013 845 1207 900 dicitur
1236 862 1248 899 :
1280 843 1565 914 Antequam
1590 849 1782 894 montes
1808 837 2133 907 ﬁrmarentur

548 949 596 994 et
626 940 899 1011 fingeretur
927 947 1059 991 terra
1091 946 1137 990 et
1166 935 1299 991 orbis
1325 943 1600 999 terrarum,
1629 929 1962 1001 signiﬁcare,
1991 925 2133 998 quod

551 1040 834 1100 antequam
861 1029 913 1084 in
933 1029 1109 1083 anima
1135 1037 1311 1083 nostra
1337 1025 1430 1100 [aL
1453 1025 1638 1078 animi:
1655 1020 1862 1093 nostra]
1884 1019 2132 1078 sublimia

551 1122 798 1193 dogmata
827 1121 1188 1187 ﬁrmarentur,
1219 1129 1275 1176 et
1313 1129 1455 1175 terra
1493 1118 1735 1188 corporis
1763 1115 1933 1172 nostri
1961 1114 2132 1184 ﬁnge-

553 1225 704 1272 retur
747 1217 860 1272 sive
904 1215 1231 1271 stabilirctur
1258 1229 1288 1268 a
1320 1214 1447 1278 Deo,
1478 1222 1530 1268 et
1555 1210 1702 1266 orbis
1742 1221 2004 1265 terrarum
2039 1207 2134 1278 qui

550 1307 813 1363 Hebraice
833 1308 1028 1363 dicitur
1053 1323 1258 1362 rasam.
1281 1323 1295 1371 ;
1324 1305 1510 1361 Grzcce
1531 1303 1920 1374 signiﬁcantius
1940 1300 2136 1355 dicitur

551 1411 820 1468 οἰκουμένη,
847 1417 1005 1473 quam
1039 1417 1156 1467 nos,
1182 1400 1478 1465 habitatum,
1508 1397 1801 1452 transferre
1827 1408 2132 1465 possumus,

552 1493 889 1560 ﬁrmaretur,
923 1496 1036 1550 sive
1075 1495 1433 1557 stabiliretur,
1467 1492 1605 1546 Deus
1633 1490 1787 1544 nobis
1811 1503 2023 1558 semper
2051 1501 2138 1543 re-

552 1585 752 1656 fugium
775 1585 952 1642 fuerit.
988 1586 1229 1640 ilabitata
1252 1595 1332 1639 est
1357 1592 1532 1637 autem
1555 1581 1752 1644 anima,
1771 1595 1877 1635 non
1900 1579 2133 1645 deserta,

551 1691 672 1746 qua:
700 1677 964 1744 hospitem
997 1686 1232 1731 meretur
1261 1675 1458 1730 habere
1495 1675 1684 1740 Deum,
1708 1672 1922 1727 dicente
1945 1670 2134 1726 Salva-

552 1775 668 1821 tore
701 1785 714 1820 :
745 1766 855 1838 Ego
881 1777 928 1821 et
960 1766 1113 1820 Pater
1137 1768 1409 1832 veniemus,
1441 1775 1487 1820 et
1522 1765 1831 1819 mansionem
1853 1761 1994 1832 apud
2024 1777 2137 1816 eum

551 1858 795 1927 faciemus
828 1858 1007 1929 (Joan.
1040 1859 1125 1914 14.
1150 1859 1268 1927 25).
1302 1858 1431 1912 Illud
1463 1867 1640 1913 autem
1663 1856 1805 1926 quod
1835 1863 1891 1911 et
1919 1853 2138 1910 Hebrai-

549 1964 673 2004 cum
724 1949 920 2015 habet,
969 1961 1024 2005 et
1067 1965 1254 2005 omnes
1295 1950 1382 2004 alii
1430 1949 1752 2019 lnterpretes
1797 1965 1811 2002 :
1857 1948 2138 2016 Antequam

549 2053 743 2097 montes
769 2053 1114 2104 nascerentur,
1143 2054 1190 2097 et
1215 2044 1554 2114 parturiretur
1581 2051 1738 2107 terra,
1764 2038 2043 2095 manifeste
2069 2037 2136 2092 ad

553 2135 904 2205 trepologiam
946 2149 1044 2189 nos
1084 2133 1264 2189 trahit.
1298 2133 1480 2203 Neque
1507 2132 1653 2188 enim
1683 2139 1892 2186 montes
1915 2139 1970 2184 et
1995 2138 2137 2184 terra

550 2226 887 2283 nativitatem
910 2227 1428 2298 parturitionemque
1448 2226 1734 2296 recipiunt,
1759 2223 1853 2280 sed
1875 2221 2140 2280 conditio-

551 2331 696 2372 nem.
732 2317 807 2372 Ex
839 2332 945 2386 quo
972 2317 1172 2388 liquido
1199 2319 1602 2373 demonstratur
1624 2358 1639 2383 ,
1669 2323 1883 2371 sanctos
1922 2328 2136 2385 quoque

550 2408 903 2480 excelsasque
932 2411 1178 2475 virtutes,
1213 2409 1306 2464 Dei
1347 2422 1556 2478 semper
1600 2405 1969 2462 misericordia
2016 2420 2140 2476 pro-

549 2500 742 2556 creari.

622 2592 675 2645 7.
729 2591 996 2647 Convertes
1066 2593 1318 2648 hominem
1393 2609 1549 2663 usque
1617 2592 1686 2646 ad
1760 2592 2135 2659 contritionem,

555 2685 764 2757 1055
804 2697 850 2740 et
865 2687 1020 2753 dices,
1039 2687 1344 2741 revertimini
1362 2687 1457 2755 ﬁlii
1475 2685 2007 2756 Adam.Septuaginta
2024 2704 2037 2739 :
2055 2683 2140 2740 Ne

549 2786 746 2830 avertas
769 2778 1022 2831 hominem
1047 2779 1100 2832 in
1122 2777 1478 2844 humilitatem,
1493 2789 1540 2831 et
1556 2777 1728 2831 dixisti
1753 2793 1773 2831 :
1791 2778 2140 2832 convertimini

550 2868 646 2936 ﬁlii
673 2868 957 2922 hominum.
987 2867 1144 2923 Juxta
1177 2866 1675 2937 Hebraicum,quod
1705 2867 2011 2939 dicitur,(b)
2037 2868 2140 2924 hoc

549 2961 721 3016 est:0
751 2961 908 3026 Deus,
937 2962 1027 3032 qui
1061 2961 1332 3016 hominem
1362 2959 1667 3025 condidisti,
1691 2970 1744 3015 et
1767 2959 1836 3014 ab
1857 2959 2006 3015 initio
2023 2960 2139 3029 ejus

550 3068 610 3110 es
631 3053 890 3125 refugium
907 3064 959 3110 et
980 3053 1253 3120 habitatio,
1275 3063 1557 3109 convertes
1587 3067 1708 3108 eum
1732 3067 1900 3124 usque
1920 3052 1987 3108 ad
2011 3067 2140 3110 con-

549 3145 820 3200 tritionem
843 3163 857 3198 :
882 3144 1052 3199 iecisti
1073 3160 1194 3200 eum
1212 3153 1371 3214 atque
1387 3144 1681 3214 plasmasti,
1697 3154 1752 3199 ut
1768 3153 2140 3201 contereretur

550 3235 604 3290 in
623 3246 868 3300 mortem,
883 3246 936 3291 ct
947 3250 1039 3289 vas
1057 3246 1206 3290 tuum
1226 3244 1470 3292 extremo
1485 3237 1605 3291 vita:
1618 3252 1728 3292 sua:
1751 3246 1990 3306 tempore
2003 3235 2140 3292 fran-

550 3338 799 3397 geretur;
825 3325 909 3380 cui
925 3341 1046 3380 cum
1066 3327 1341 3380 immineat
1357 3326 1454 3380 ista
1475 3326 1729 3391 conditio,
1746 3336 1965 3382 utortus
1981 3328 2140 3383 inter-

549 3428 726 3484 eat,et
746 3417 988 3487 quamvis
1014 3417 1172 3488 longo
1196 3419 1389 3472 vixerit
1416 3426 1675 3486 tempore,
1697 3427 1873 3471 tamen
1892 3417 1995 3473 line
2023 3417 2134 3473 dis-

550 3512 789 3566 solvatur
803 3521 1074 3576 extremo;
1104 3511 1342 3582 quotidie
1361 3511 1410 3566 ei
1432 3511 1667 3582 loqueris
1684 3526 1778 3581 per
1797 3511 2089 3581 Prophetas
2118 3530 2133 3567 :

553 3604 884 3659 Revertimini
910 3605 1006 3674 lilii
1033 3605 1219 3669 Adam,
1268 3602 1358 3674 qui
1406 3614 1581 3659 vestra
1627 3605 1782 3675 culpa
1836 3604 2135 3661 oli'endistis

549 3700 741 3768 Deum,
776 3709 831 3754 et
870 3699 936 3756 de
977 3700 1053 3770 (ε)
1093 3697 1484 3754 immortalibus
1523 3699 1641 3753 lacti
1681 3698 1813 3753 estis
1856 3699 2132 3753 mortales.

548 3793 914 3866 Praccipientis
934 3794 1080 3850 enim
1107 3792 1322 3848 noluisti
1337 3793 1524 3848 audire
1554 3792 1833 3862 imperium
1861 3810 1872 3844 :
1900 3789 1978 3844 De
1997 3791 2134 3844 onmi

547 3888 686 3957 ligno
726 3887 865 3958 quod
899 3896 971 3941 est
1006 3885 1060 3939 in
1107 3885 1348 3956 paradiso
1386 3883 1613 3940 comedes
1636 3899 1656 3937 :
1681 3882 1743 3936 de
1784 3883 1924 3954 ligno
1967 3891 2136 3936 autem

545 3980 770 4033 scientia:
799 3978 916 4032 boni
936 3987 982 4032 et
1011 3976 1134 4030 mali
1165 3993 1265 4031 non
1291 3975 1540 4030 comedes.
1570 3972 1636 4028 In
1661 3989 1974 4046 quocumque
1999 3973 2134 4028 enim

545 4072 627 4126 die
645 4072 922 4144 gustaveris
946 4071 1009 4124 de
1031 4085 1112 4136 eo,
1135 4077 1296 4124 morte
1317 4067 1546 4122 morieris
1577 4063 1730 4138 (Gen.
1749 4065 1804 4120 2.
1827 4064 1938 4138 17).
1968 4065 2134 4120 Porro

546 4164 676 4218 illud
705 4162 848 4234 quod
872 4161 1218 4232 Septuaginta
1248 4158 1639 4213 transtulerunt
1668 4173 1682 4210 :
1710 4155 1795 4210 Ne
1819 4165 2014 4210 avertas
2039 4155 2135 4209 ho-

545 4257 730 4309 minem
773 4257 828 4308 in
874 4255 1247 4329 humilitatem,
1295 4261 1341 4306 et
1381 4251 1605 4306 dixisti:
1633 4249 1993 4305 Convertimini
2035 4248 2134 4318 lilii

548 4348 830 4412 hominum,
859 4344 1002 4400 hunc
1027 4344 1188 4400 habet
1209 4357 1425 4399 sensum
1454 4359 1466 4396 :
1493 4340 1752 4406 Obsecro,
1778 4350 1836 4396 ut
1858 4340 2130 4395 hominem

545 4457 704 4512 quem
734 4439 799 4494 ad
833 4449 974 4494 tuam
1006 4437 1292 4507 imaginem
1314 4443 1368 4490 et
1393 4432 1798 4488 similitudinem
1821 4431 2128 4498 condidisti,

546 4542 602 4588 et
633 4539 837 4586 tantum
866 4545 989 4584 eum
1017 4529 1284 4584 honorare
1313 4526 1561 4596 dignatus
1586 4539 1646 4580 es
1665 4565 1680 4592 ,
1709 4532 1768 4578 ut
1789 4523 1858 4580 de
1885 4538 2042 4580 servo
2072 4523 2134 4578 li-

547 4625 676 4680 lium
705 4636 1072 4694 nuncupares;
1101 4636 1171 4676 ne
1191 4635 1314 4675 eum
1336 4617 1584 4674 humilies
1606 4625 1823 4687 peccato
1849 4624 2131 4686 perpetuo,

551 4734 621 4773 ne
674 4731 840 4785 super
865 4715 1016 4768 illum
1047 4713 1223 4784 vigeat
1247 4710 1461 4780 antiqua
1491 4708 1755 4764 sententia
1786 4726 1800 4762 :
1831 4706 1989 4761 Terra
2014 4723 2067 4761 es
2086 4715 2134 4762 et

545 4812 600 4865 in
629 4821 816 4864 terram
840 4808 934 4862 ibis
956 4805 1108 4879 (Gen.
1138 4808 1190 4862 ὅ.
1223 4803 1337 4874 19).
1369 4803 1448 4858 Tu
1478 4803 1622 4858 enim
1654 4801 1811 4857 nobis
1841 4799 2133 4872 promisisti

548 4931 602 4973 et
622 4923 794 4985 Syrum
818 4933 1012 4985 quoque
1037 4927 1090 4968 et
1120 4915 1530 4985 Arabem,_nibilo
1568 4914 1732 4985 secius
1754 4913 1799 4962 id
1822 4927 2024 4985 movere
2049 4915 2135 4985 ali-

543 4977 696 5048 quem
716 4977 869 5030 debet
893 4977 975 5048 ei:
994 4983 1094 5043 ipsa
1126 4982 1233 5043 ejus
1272 4977 1410 5048 verbi
1447 4978 1734 5048 acceptione
1775 4989 1829 5048 ac
1864 4977 2134 5048 signiﬁcatu

547 5037 672 5108 apud
936 5037 1054 5108 Nae!
1079 5037 1406 5108 «asserentis»
1426 5037 1648 5108 quaedam
1671 5038 1854 5084 αεειίο
1874 5037 2005 5108 diem
2028 5044 2128 5108 est.

547 5097 816 5167 notumque
840 5102 955 5150 illud
995 5097 1186 5167 Virgilii
1211 5101 1413 5167 dinem,
1441 5097 1518 5167 l_0.
1545 5097 1974 5167 ξηιιηοηεβνεαιοξ
2001 5097 2134 5167 ,Οτιαῆ

546 5176 656 5219 tuor
679 5157 759 5230 hic
773 5165 974 5227 juvenes
1002 5175 1019 5212 :
1045 5157 1111 5211 ef
1131 5164 1378 5230 Ciceronis
1401 5160 1441 5230 Ι.
1464 5161 1513 5227 1..
1533 5159 1598 5230 de
1622 5157 1815 5220 Repub.
1837 5158 2134 5230 ;_I’atria.est

545 5220 791 5292 antiquior
802 5237 996 5289 parens,
1022 5236 1165 5285 quam
1205 5222 1247 5272 is
1269 5221 1368 5284 qui,
1394 5227 1444 5292 ut
1465 5220 1618 5292 aiunt,
1638 5220 1870 5292 amaverit
1898 5231 1910 5265 :
1935 5226 1990 5268 ut
2012 5220 2132 5292 nihil

543 5279 702 5341 dicat'n
725 5279 887 5347 κτῶως,
904 5295 955 5336 et
976 5279 1442 5347 utricun;_\_'0ceb:_apl1d
1465 5280 1662 5330 Graecos
1680 5279 1822 5347 facile
1843 5283 2130 5342 permutari.

546 5354 665 5412 Quae
723 5344 1086 5413 subsequuntur
1135 5344 1380 5395 Hebraice
1430 5349 1578 5399 sunt,
1619 5345 1969 5430 nrwmaunp
1996 5350 2132 5402 mm

543 5449 681 5500 ἰδ-Π.
711 5441 820 5491 Vid.
841 5439 1112 5492 Comment.
1133 5440 1182 5488 in
1201 5435 1292 5487 Isa.
1320 5447 1363 5485 c.
1388 5433 1468 5482 26.
1491 5435 1540 5482 in
1563 5431 1812 5482 Micbzeam
1835 5431 1882 5480 4.
1905 5431 1961 5481 In
1980 5435 2128 5495 epist.

543 5515 604 5562 ad
628 5513 810 5573 Ephes.
832 5511 880 5560 2.
904 5511 1084 5573 quibus
1105 5509 1226 5559 locis
1247 5504 1456 5572 possedit
1479 5505 1650 5567 probat
1672 5509 1884 5566 ipsemet
1905 5502 1959 5555 S.
1983 5505 2131 5557 Pater

545 5589 608 5626 ex
634 5573 848 5624 Hebraeo
870 5573 1065 5623 creavit.

603 5623 678 5700 (a)
711 5636 896 5700 Yitiose
917 5634 1178 5700 metathesi
1203 5637 1310 5700 erat
1331 5639 1474 5700 antea
1499 5626 1616 5691 legis
1638 5623 1949 5700 tropologiam
1982 5663 1996 5676 .

605 5689 676 5760 (ὁ)
710 5698 859 5749 Vacat
886 5697 985 5760 hoc
1011 5695 1114 5760 loco
1136 5693 1394 5760 i_n_aliquot
1431 5689 1627 5760 Mssiac
1649 5689 1999 5760 vetustioribus
2021 5689 2128 5738 vul-

541 5749 674 5828 gatis:
691 5760 829 5828 libris
847 5758 991 5828 spatii
1023 5755 1226 5828 aliquid,
1252 5749 1487 5828 quantum
1521 5749 2128 5828 Hyeliraicp-ungalterove

539 5813 776 5870 vocabqu
797 5813 1082 5869 suﬂ‘iciendo
1098 5813 1242 5865 inane
1258 5813 1445 5880 putavit
1469 5827 1581 5865 esse
1601 5813 1792 5862 debere
1813 5813 2015 5862 criticus
2031 5825 2126 5862 non

539 5894 686 5930 nemo
707 5881 989 5944 Hieronymi
1010 5887 1226 5944 mentem
1250 5891 1345 5944 non
1363 5885 1630 5944 assecutus.
1788 5941 1795 5944 Α
1834 5935 1846 5944 _
1873 5941 1881 5944 _
1921 5935 1950 5944 __

605 5944 675 6007 (ε)
711 5934 947 5994 Μθιιύοὲθ
970 5953 1126 6005 penes
1159 5939 1494 5993 Martianwum
1517 5940 1578 5992 de
1602 5934 2061 5993 inmtortalttatibus.

1839 445 2081 507 SANCTI
2122 441 2498 503 lIIERONYMl

3683 439 3828 499 1172

2234 558 2605 630 paenitentiam
2626 598 2641 626 ,
2669 557 2854 616 dicens
2879 576 2893 614 :
2922 558 3060 614 Nolo
3092 567 3306 614 mortem
3343 558 3625 614 veccatoris
3654 574 3674 614 :
3704 568 3823 615 tan-

2235 662 2339 707 tum
2361 661 2413 708 ut
2432 661 2750 708 convertatur
2769 660 2818 706 et
2835 653 2967 706 vivat
2992 651 3206 722 (Ezeeh.
3232 651 3323 708 18.
3349 653 3447 722 2⁸5)
3474 670 3489 707 :
3514 652 3596 708 Tu
3617 652 3824 724 dixisti,

2235 745 2473 800 omnium
2517 744 2836 800 Sanctorum
2868 754 3078 800 tuorum
3109 745 3321 816 eloquio
3353 763 3365 799 :
3393 745 3783 802 Convertimini
3803 789 3822 815 ,

2235 839 2349 893 sive
2379 837 2706 892 revertimini
2732 879 2748 904 ,
2783 836 2878 892 ﬁlii
2907 836 3181 892 hominum
3200 878 3216 905 ,
3245 837 3309 892 ad
3335 837 3824 894 clementissimum

2236 929 2469 997 Patrem,
2501 930 2592 1000 qui
2619 929 2856 986 occurrit
2878 929 3229 996 venientibus,
3249 939 3305 985 et
3323 931 3537 1001 signum
3559 930 3705 1001 quod
3727 945 3826 986 suo

2235 1023 2366 1079 vitio
2404 1023 2790 1095 perdiderunt,
2834 1024 3012 1092 oll'ert,
3063 1031 3118 1080 et
3166 1023 3361 1080 stolam
3407 1024 3827 1096 incorruptionis

2236 1116 2457 1187 largitur
2479 1117 2772 1188 antiquam.

2308 1211 2361 1265 8.
2398 1209 2531 1277 Quia
2561 1212 2698 1266 mille
2721 1212 2844 1265 anni
2882 1211 2936 1266 in
2979 1212 3140 1266 oculis
3177 1211 3301 1280 tuis,
3335 1220 3393 1266 ut
3431 1212 3542 1266 dies
3568 1212 3822 1279 hesterna,

2235 1320 2350 1374 quw
2377 1306 2634 1374 prwteriit,
2665 1305 2744 1375 (ά)
2771 1305 2853 1360 vel
2883 1307 3122 1372 transiit,
3159 1314 3207 1360 et
3246 1314 3302 1360 ut
3341 1305 3515 1378 vigilia
3552 1316 3821 1373 nocturna,

2237 1397 2349 1453 sive
2385 1398 2440 1452 in
2481 1407 2645 1452 nocte.
2677 1399 2776 1465 Qui
2804 1415 2900 1470 per
2928 1399 3225 1470 Prophetas
3252 1415 3468 1471 semper
3490 1415 3590 1456 nos
3617 1400 3686 1456 ad
3718 1416 3824 1470 pte-

2239 1489 2513 1544 nitentiam
2557 1504 2850 1559 provocas,
2879 1491 3105 1546 dicens:
3137 1489 3467 1546 Revertimini
3510 1492 3610 1560 ﬁlii
3660 1492 3824 1546 homi-

2240 1597 2397 1646 num,
2431 1581 2660 1650 petimus
2694 1580 2772 1654 (ut
2801 1591 2926 1636 ante
2945 1581 3057 1651 jam
3085 1581 3220 1654 dixi)
3255 1598 3323 1638 ne
3350 1582 3518 1637 facias
3553 1582 3824 1639 hominem

2239 1674 2294 1728 in
2332 1674 2629 1730 humilitate
2665 1676 2994 1744 sempiterna
3037 1676 3283 1730 retineri.
3326 1675 3437 1732 Nec
3481 1677 3630 1731 enim
3672 1686 3823 1747 puta-

2240 1779 2360 1818 mus
2411 1763 2625 1834 longum
2681 1779 2802 1819 esse
2848 1764 2991 1834 quod
3034 1765 3340 1836 promittis,
3387 1765 3618 1823 salutem
3673 1767 3824 1824 nobis

2246 1856 2456 1928 1056
2527 1866 2648 1927 post
2686 1865 2924 1926 tempora
2980 1859 3143 1914 multa
3188 1858 3551 1914 tribuendam.
3581 1858 3822 1915 Alterni-

2242 1948 2335 2002 tati
2381 1949 2522 2003 enim
2569 1957 2897 2018 comparata.
2931 1949 3114 2006 brevis
3142 1961 3225 2006 est
3253 1952 3491 2007 omnium
3523 1960 3821 2023 temporum

2241 2039 2530 2110 longitudo.
2565 2040 2621 2094 ln
2646 2051 2936 2111 conSpectu
2959 2043 3103 2097 enim
3123 2053 3214 2097 tuo
3231 2043 3378 2099 mille
3402 2046 3526 2098 anni
3548 2046 3702 2113 quasi
3727 2060 3821 2100 una

2240 2134 2359 2190 dies
2384 2144 2714 2204 reputantur.
2747 2136 3047 2206 Statimque
3073 2151 3133 2192 se
3154 2137 3270 2207 ipse
3289 2137 3662 2209 reprehendit.
3691 2138 3820 2193 Male

2239 2223 2370 2290 dixi,
2401 2241 2560 2280 unam
2591 2225 2752 2291 diem,
2787 2236 2841 2282 et
2868 2227 3024 2282 unius
3051 2227 3156 2283 diei
3187 2229 3360 2298 Spatio
3387 2229 3537 2285 mille
3563 2245 3819 2285 annorum

2239 2315 2380 2386 apud
2423 2327 2474 2372 te
2519 2316 2905 2386 longitudinem
2936 2319 3255 2388 computari,
3281 2333 3401 2374 cum
3430 2321 3600 2390 magis
3626 2319 3820 2376 debue-

2241 2407 2342 2461 rim
2366 2406 2566 2474 dicere,
2591 2410 2748 2462 unius
2771 2409 2964 2478 vigiliae
2985 2409 3238 2478 spatium,
3262 2409 3430 2465 instar
3449 2411 3653 2467 habere
3676 2412 3820 2468 mille

2239 2517 2503 2558 annorum
2535 2503 2917 2572 prolixitatem.
2966 2505 3082 2560 Nox
3122 2505 3175 2559 in
3206 2515 3433 2576 quatuor
3461 2509 3671 2579 vigilias
3694 2508 3820 2564 divi-

2239 2593 2384 2650 ditur
2403 2636 2418 2659 ,
2444 2609 2563 2665 qua:
2588 2596 2811 2666 singula:
2842 2597 2999 2652 trium
3040 2597 3293 2654 horarum
3323 2601 3499 2670 spatio
3527 2612 3818 2672 supputan-

2241 2696 2344 2744 tur.
2394 2689 2544 2744 Unde
2591 2699 2647 2745 et
2693 2689 2949 2750 Dominus
2979 2684 3177 2761 'quarta
3204 2693 3382 2763 vigilia
3409 2693 3478 2749 ad
3510 2697 3816 2766 navigantes

2241 2781 2386 2836 venit
2413 2781 2702 2852 Apostolos
2729 2781 2946 2851 (Matth.
2971 2784 3068 2850 H;
3100 2795 3145 2839 et
3174 2785 3337 2840 Marc.
3370 2785 3450 2854 ϐ).
3478 2787 3630 2842 Sicut
3667 2787 3818 2858 igitur

2240 2889 2345 2929 una
2373 2876 2544 2929 noctis
2573 2877 2749 2946 vigilia
2772 2879 2879 2932 cito
2903 2879 3231 2948 pertransiit,
3263 2881 3494 2937 maxime
3521 2883 3814 2954 vigiliarum

2241 2968 2423 3024 labore
2447 2968 2676 3026 defessis
2699 2972 2811 3027 :sic
2834 2980 2889 3027 et
2917 2973 3065 3028 mille
3085 2988 3346 3029 annorum
3377 2975 3550 3044 spatia
3580 2976 3722 3046 apud
3747 2986 3813 3043 te,

2239 3063 2330 3133 qui
2358 3078 2573 3136 semper
2597 3079 2677 3134 es,
2702 3074 2757 3121 et
2783 3065 2990 3123 futurus
3009 3084 3088 3132 es,
3111 3077 3165 3124 et
3191 3067 3358 3134 fuisti,
3383 3085 3480 3140 pro
3506 3071 3816 3128 brevissimo

2240 3168 2482 3232 tempore
2533 3173 2930 3236 computantur.
2980 3165 3240 3236 Quodque
3287 3166 3488 3222 infert:
3523 3166 3673 3223 Sicut
3717 3172 3817 3223 dies

2241 3255 2494 3321 hesterna,
2513 3272 2625 3325 quae
2646 3257 3074 3326 preteriit,juxta
3103 3258 3229 3312 illud
3257 3258 3498 3328 Apostoli
3528 3261 3816 3315 sentiamus

2239 3346 2382 3416 quod
2409 3347 2592 3402 scribit
2616 3348 2684 3402 ad
2712 3347 2966 3404 llebrteos
2992 3366 3005 3403 :
3033 3349 3066 3403 .I
3074 3367 3182 3405 esus
3205 3350 3432 3404 Christus
3453 3351 3566 3405 heri
3586 3362 3634 3405 et
3657 3353 3812 3416 hodie,

2239 3440 2349 3506 ipse
2374 3450 2421 3495 et
2446 3441 2499 3495 in
2531 3442 2892 3512 sempiternum
2919 3441 3104 3513 (Hebr.
3125 3444 3216 3500 15.
3243 3442 3320 3513 8).
3342 3443 3484 3514 Ergo
3503 3444 3736 3499 arbitror
3755 3460 3815 3500 ex

2240 3533 2341 3587 hoc
2367 3533 2520 3601 loco,
2552 3543 2606 3588 et
2629 3549 2692 3588 ex
2723 3535 2957 3604 Epistula
2989 3550 3106 3606 qua:
3141 3534 3212 3607 (e)
3244 3535 3458 3590 nomine
3501 3536 3647 3591 Petri
3680 3539 3814 3606 Apo-

2237 3624 2364 3679 stoli
2387 3624 2695 3680 inscribitur
2715 3666 2731 3692 ,
2766 3626 2915 3681 mille
2944 3641 3114 3681 annos
3144 3643 3240 3696 pro
3265 3642 3367 3682 una
3397 3626 3486 3682 die
3514 3627 3703 3682 solitos
3731 3644 3817 3696 ap-

2239 3718 2424 3788 pellari
2459 3736 2472 3772 :
2504 3727 2560 3772 ut
2588 3719 2791 3775 scilicet
2816 3720 2938 3790 quia
2972 3719 3203 3775 mundus
3233 3721 3283 3774 in
3316 3735 3408 3775 sex
3437 3719 3632 3776 diebus
3661 3720 3815 3774 labri-

2237 3818 2390 3864 catus
2429 3818 2544 3874 est,
2595 3825 2689 3865 sex
2735 3811 2968 3866 millibus
3013 3825 3276 3866 annorum
3321 3819 3528 3866 tantum
3576 3811 3817 3867 credatur

2237 3902 2528 3958 subsistere
2555 3919 2569 3958 :
2601 3913 2654 3958 et
2678 3912 2860 3973 postea
2887 3904 3068 3960 venire
3099 3906 3460 3974 septenarium
3501 3921 3813 3971 numerum,

2237 4005 2291 4052 et
2313 4001 2678 4064 octonarium,
2731 3997 2782 4052 in
2807 4013 2914 4069 quo
2937 4014 3095 4054 verus
3126 4008 3405 4054 exercetur
3432 4001 3813 4066 sabbatismus,

2236 4097 2290 4142 et
2303 4088 2724 4145 circumcisionis
2745 4091 2946 4160 paritas
2966 4090 3228 4146 redditur.
3259 4090 3410 4147 Unde
3431 4100 3487 4146 et
3508 4102 3632 4147 octo
3653 4093 3815 4149 beati-

2237 4179 2503 4236 tudinibus
2520 4182 2780 4237 bonorum
2793 4199 3013 4254 operum
3030 4184 3246 4254 praemia
3263 4184 3666 4254 promittuntur.
3688 4185 3818 4241 Scri-

2236 4270 2314 4326 bit
2331 4279 2508 4326 autem
2532 4271 2722 4328 Petrus
2752 4273 2851 4328 hoc
2875 4274 3036 4331 modo
3061 4291 3074 4329 :
3101 4273 3270 4329 Unum
3303 4274 3397 4329 hoc
3422 4291 3508 4330 vos
3529 4292 3593 4330 ne
3619 4286 3817 4346 praeter-

2236 4374 2334 4430 eat,
2363 4365 2693 4432 dilectissimi,
2721 4367 2839 4435 quia
2868 4383 2970 4421 una
2997 4367 3103 4422 dies
3126 4368 3264 4437 apud
3291 4366 3456 4422 Deum
3499 4370 3648 4439 quasi
3686 4369 3816 4423 mille

2235 4449 2386 4516 anni,
2413 4459 2461 4504 et
2486 4451 2625 4504 mille
2647 4451 2770 4504 anni
2792 4452 2937 4522 quasi
2964 4467 3096 4506 unus
3131 4452 3258 4507 dies.
3308 4451 3429 4506 Non
3457 4463 3685 4507 moratur
3711 4452 3812 4506 Do-

2235 4545 2400 4597 minus
2442 4546 2493 4597 in
2537 4545 2802 4615 promisso,
2848 4552 2902 4598 ut
2945 4545 3152 4614 quidam
3198 4545 3386 4601 morari
3426 4546 3714 4602 existimant
3738 4544 3810 4616 (‘2.

2237 4634 2381 4690 Petr.
2411 4637 2464 4692 5.
2497 4637 2549 4692 8.
2581 4647 2628 4692 et
2657 4637 2734 4706 9).

2299 4826 2377 4890 (d)
2408 4827 2728 4878 Restituimus
2744 4840 2807 4876 ex
2826 4827 3044 4890 Victorio
3063 4834 3115 4878 et
3137 4826 3252 4890 Mss.
3272 4825 3520 4890 codicibus
3540 4840 3814 4890 germanam

2236 4888 2516 4960 lectionem,
2558 4903 2700 4960 quam
2742 4898 2851 4960 post
2887 4888 3332 4960 Era-sutumcdi‘tor
3364 4888 3719 4960 Deumﬁctinns
3753 4893 3816 4939 sic

2239 4953 2401 5016 eﬁ‘ert,
2427 4964 2537 5016 qua:
2558 4949 3025 5016 prwtcriitLtrrmtsiit
3048 4958 3098 5001 ut
3121 4949 3284 5016 vigilia
3298 4955 3814 5016 noctttrna,ireuitcnte

2236 5015 2412 5064 Psalmi
2441 5013 2605 5075 ipsius
2629 5019 2769 5061 textu
2793 5013 3006 5062 Hebraeo
3041 5021 3093 5062 et
3115 5013 3285 5062 Grtneo
3303 5051 3318 5074 ,
3344 5013 3428 5060 ubi
3461 5015 3677 5075 verbum
3702 5023 3817 5072 atqst

2237 5090 2332 5124 non
2355 5074 2614 5138 repetitur,
2642 5081 2789 5137 atque
2823 5075 2946 5123 adeo
2984 5082 3293 5138 non‘textus,
3318 5075 3406 5138 seti
3430 5074 3816 5138 Hieronymiauae

2236 5135 2651 5199 interpretationis
2675 5135 2873 5199 cunstatg
2895 5149 3006 5184 esse
3043 5135 3160 5185 illud
3183 5136 3398 5194 transiit,
3421 5139 3497 5185 cui
3532 5135 3730 5186 omnino
3753 5135 3818 5187 vel

2234 5197 2468 5263 particula
2491 5206 2567 5246 est
2585 5197 2924 5263 praeponenda.

2300 5261 2368 5322 (ε)
2405 5258 2622 5322 Alteram
2640 5258 2776 5306 Petri
2801 5259 3055 5322 epistolam
3076 5260 3252 5322 innuit,
3270 5271 3380 5322 quae
3401 5261 3570 5321 primis
3588 5260 3818 5311 Ecclesiae

2233 5319 2429 5387 smculis
2451 5333 2547 5387 non
2579 5321 2642 5387 aﬂb
2673 5320 2898 5387 omnibus
2935 5320 3170 5387 Ecclesiis
3190 5319 3572 5387 Διδιηλῐλίίειὺοῃὶεξι
3599 5324 3816 5387 excipie-

2234 5384 2376 5432 batur
2401 5397 2413 5432 :
2441 5388 2494 5430 ut
2516 5383 2566 5430 in
2589 5381 2833 5444 Catalogo,
2861 5399 2885 5428 ι
2914 5383 3145 5446 secunda,
3188 5383 3361 5446 inquit,
3385 5395 3412 5430 a
3435 5382 3695 5446 plerisque
3718 5381 3820 5444 ejus

2235 5457 2349 5508 esse
2385 5448 2593 5504 negatur
2615 5443 2824 5508 propter
2837 5443 2951 5508 styli
2974 5457 3082 5508 cum
3108 5443 3269 5508 priore
3295 5443 3673 5508 dissonantiani.
3701 5463 3721 5490 ι
3748 5443 3817 5495 Ex

2235 5507 2344 5565 ejus
2366 5512 2529 5554 autem
2554 5505 2772 5568 epistolae
2812 5505 2918 5555 loco
2941 5505 3148 5568 indicato
3182 5505 3308 5554 haud
3349 5508 3485 5568 pauci
3525 5521 3589 5556 ex
3615 5508 3820 5568 antiquis

2232 5578 2428 5616 omnem
2465 5567 2725 5628 prgsentis
2758 5568 2922 5616 seculi
2965 5567 3271 5616 durationem
3294 5567 3384 5616 sex
3419 5567 3557 5616 mille
3590 5567 3820 5616 annorum

2289 5631 2388 5677 atio
2411 5627 2774 5692 concluserunt.
2817 5629 3066 5692 videndus
3102 5629 3319 5692 [renisus
3344 5629 3425 5692 lib.
3463 5630 3510 5678 5.
3539 5643 3645 5692 cap.
3671 5631 3748 5692 28.
3774 5638 3818 5678 et

2279 5692 2478 5752 rigenes
2501 5687 2535 5737 ι.
2561 5689 2606 5752 2.
2633 5699 2798 5752 contra
2821 5690 3026 5752 *Celsum
3049 5725 3063 5748 ,
3103 5689 3381 5739 Lactantius
3406 5689 3438 5738 l.
3481 5692 3530 5739 7.
3557 5687 3610 5740 cf
3635 5691 3711 5741 14.
3736 5731 3748 5750 ,
3773 5699 3820 5740 et

2232 5750 2534 5814 Augustinus
2554 5751 2619 5800 de
2642 5750 2781 5814 Civit.
2820 5750 2935 5814 Dei,
2958 5751 2993 5800 Ι.
3017 5752 3096 5802 20.
3121 5765 3167 5801 c.
3192 5752 3257 5814 7.7
3277 5765 3553 5814 quanquam
3589 5753 3640 5801 in
3681 5765 3820 5802 enar-

2232 5811 2421 5876 ratione
2431 5813 2491 5876 _in
2510 5813 2643 5876 hunc
2656 5811 2834 5862 Psalmi
2859 5813 3033 5872 locum,
3054 5827 3161 5863 eam
3183 5811 3480 5876 opinionem,
3507 5828 3658 5876 quam
3682 5824 3820 5864 antea

2231 5873 2529 5940 probabilem
2544 5873 2763 5940 dixerat,
2791 5878 2984 5940 omnino
3007 5888 3102 5928 non
3127 5873 3321 5940 probet,
3347 5873 3562 5939 Gregor.
3585 5877 3822 5929 Nissenus

2237 5935 2445 6001 exposit.
2470 5937 2521 5986 in
2544 5935 2674 5987 Psal.
2698 5936 2782 5994 VI.
2810 5937 3005 6004 aliique.
