4080 6340
323 459 473 521 1175

392 577 451 633 9.
503 575 826 637 Percutiente
869 588 917 635 te
961 594 1065 649 eos,
1093 579 1343 636 somnium
1383 587 1552 649 erunt,
1589 597 1737 638 mane
1768 585 1916 655 quasi

313 672 481 729 herba
509 676 779 731 transiens.
804 674 959 730 Mane
983 677 1157 746 ﬂoruit
1179 685 1228 730 et
1254 676 1395 745 abiit,
1419 676 1490 731 ad
1507 692 1763 749 vesperam
1787 695 1913 734 con-

313 775 514 821 teretur
542 779 695 837 atque
718 767 1006 823 siccabitur.
1037 767 1377 839 Septuaginta
1408 786 1422 825 :
1454 769 1582 836 Qutc
1621 788 1715 840 pro
1752 772 1914 828 nihilo

315 840 595 926 habentur,
619 875 792 915 eorum
815 861 937 915 anni
959 870 1101 915 erunt
1125 877 1144 917 :
1166 861 1321 917 Mane
1338 863 1468 917 sicut
1491 863 1645 918 herba
1666 873 1909 934 transeat,

312 966 474 1006 inane
516 953 701 1022 ﬂoreat
743 961 791 1008 et
832 962 1081 1020 transeat,
1124 969 1322 1024 uespere
1359 955 1578 1024 decidat,
1608 957 1831 1022 indurat,
1862 966 1913 1011 et

313 1052 541 1098 arescat.
570 1043 731 1099 Juxta
761 1043 1077 1100 Hebraicum
1109 1045 1195 1101 hic
1218 1060 1408 1103 sensus
1428 1058 1510 1102 est
1537 1064 1550 1100 :
1582 1047 1802 1104 Multum
1835 1047 1911 1120 (a)

313 1135 666 1191 conversioni
701 1146 897 1191 nostra:
919 1137 1144 1192 contulit
1166 1147 1222 1194 et
1248 1138 1441 1206 saluti,
1506 1139 1712 1212 1057
1767 1140 1909 1211 quod

313 1226 503 1282 omnis
554 1228 658 1282 vita
702 1228 1005 1285 mortalium
1031 1271 1047 1297 ,
1092 1230 1246 1301 quasi
1297 1231 1584 1297 somnium,
1624 1233 1695 1287 ita
1735 1232 1906 1288 veloci
1964 1244 1971 1250 ‘

312 1326 499 1374 morte
539 1329 809 1375 contracta
852 1330 933 1377 est
966 1338 978 1375 :
1007 1337 1124 1392 qua:
1167 1323 1222 1376 in
1264 1322 1664 1405 similitudinem
1714 1322 1906 1379 ﬂorum

309 1418 482 1481 atque
511 1412 662 1479 freni,
698 1413 886 1469 eodem
917 1429 1055 1486 pene
1092 1423 1332 1486 tempore
1367 1417 1597 1472 siccatur
1623 1427 1785 1487 atque
1810 1417 1907 1474 de-

310 1503 483 1572 perit.
521 1502 842 1560 Percutiente
868 1515 934 1572 te,
964 1506 1153 1578 inquit,
1183 1522 1288 1575 eos,
1327 1506 1380 1563 id
1406 1517 1508 1574 est,
1537 1507 1820 1575 homines;
1852 1516 1908 1565 et

307 1595 411 1651 illo
457 1612 713 1654 sermone
756 1599 1065 1669 completo:
1100 1599 1302 1667 Stulte,
1349 1600 1445 1654 hac
1495 1610 1640 1655 nocte
1683 1610 1906 1671 repetent

307 1688 547 1742 animam
577 1698 716 1743 tuam
740 1706 771 1742 a
796 1699 843 1744 te
863 1707 882 1744 :
909 1707 1024 1762 qua:
1058 1701 1225 1746 autem
1257 1692 1559 1763 praeparasti
1584 1694 1730 1763 cujus
1758 1702 1906 1749 erunt

310 1776 472 1850 (Luc.
502 1778 593 1834 12.
623 1779 755 1852 20)?
783 1780 966 1838 Omnis
992 1781 1222 1837 humana
1253 1781 1489 1838 conditio
1514 1784 1722 1839 somnio
1751 1799 1904 1840 com-

308 1871 615 1941 parabitur.
644 1870 793 1928 Sicut
821 1872 964 1928 enim
991 1888 1149 1929 mane
1168 1874 1348 1930 virens
1376 1873 1563 1943 herba,
1586 1884 1641 1930 et
1668 1876 1779 1932 suis
1806 1876 1904 1932 llo-

305 1965 465 2020 ribus
490 1980 745 2030 vernans,
768 1964 999 2021 delectat
1025 1965 1210 2021 oculos
1231 1967 1706 2036 contemplantium
1724 2007 1740 2035 ,
1773 1983 1905 2039 pau-

305 2056 574 2128 latimque
601 2071 958 2125 marcescens,
1005 2058 1200 2113 amittit
1240 2058 1714 2128 pulchritudinem,
1753 2069 1808 2115 et
1845 2061 1901 2117 in

304 2146 520 2203 frenum
564 2148 707 2218 quod
753 2147 1137 2204 conterendum
1174 2156 1287 2215 est,
1331 2150 1597 2204 vertitur:
1627 2152 1699 2206 ita
1724 2152 1902 2209 omnis

303 2238 527 2309 species
553 2239 829 2294 hominum
854 2246 1043 2296 vernat
1068 2237 1124 2292 in
1154 2239 1409 2310 parvulis,
1433 2239 1591 2298 ﬂoret
1613 2243 1666 2298 in
1691 2244 1903 2314 juveni-

304 2330 412 2387 bus
434 2372 452 2398 ,
486 2331 632 2401 viget
673 2328 727 2385 in
764 2331 1017 2402 perfectae
1042 2332 1214 2388 aetatis
1248 2333 1377 2389 viris
1407 2344 1500 2390 :et
1520 2344 1743 2405 repente
1769 2336 1901 2394 dum

304 2423 521 2489 nescit,
562 2423 853 2479 incaneseit
895 2434 1072 2494 caput,
1103 2432 1324 2495 rugatur
1353 2423 1537 2494 facies,
1574 2429 1711 2483 cutis
1750 2431 1900 2499 prius

305 2522 533 2569 extenta
562 2512 930 2581 contrahitur;
963 2524 1018 2570 et
1045 2523 1289 2572 extremo
1326 2517 1451 2585 line,
1482 2518 1623 2589 quod
1652 2517 1739 2575 hic
1768 2519 1901 2576 dici-

306 2612 398 2659 tur
435 2618 681 2674 vespere,
722 2604 774 2659 id
824 2612 925 2672 est,
956 2617 1255 2675 senectute,
1296 2608 1383 2663 vix
1426 2610 1630 2666 moveri
1671 2620 1894 2683 potest:

304 2695 380 2753 ita
408 2706 472 2750 ut
495 2710 602 2750 non
630 2706 982 2767 cognoscatur
1008 2698 1127 2766 quis
1161 2699 1311 2769 prior
1336 2699 1491 2756 fuerit
1510 2742 1526 2768 ,
1555 2701 1649 2757 sed
1679 2717 1815 2772 pene
1842 2703 1896 2759 in

301 2788 476 2842 alium
506 2797 881 2843 commutetur.
921 2789 1059 2856 Quid
1101 2790 1368 2861 loquimur
1392 2791 1460 2847 de
1488 2791 1724 2850 infantia:
1756 2803 1895 2850 tem-

305 2881 534 2953 poribus
558 2895 730 2952 usque
751 2882 816 2935 ad
847 2890 1141 2937 extremam
1178 2893 1233 2938 et
1272 2883 1600 2954 decrepitam
1643 2895 1895 2942 senectu-

305 2985 445 3041 tem,
470 2988 593 3028 cum
622 2974 724 3029 hoc
750 2982 806 3030 et
832 2973 1056 3045 languor
1076 2974 1259 3043 faciat,
1291 2985 1346 3033 et
1373 2976 1563 3032 inediae
1586 2993 1807 3048 maeror,
1838 2988 1896 3037 ut

302 3063 490 3119 vultus
536 3065 680 3134 prius
724 3064 1119 3135 pulcherrimus
1160 3065 1481 3123 feminarum
1507 3108 1522 3136 ,
1574 3068 1643 3124 ad
1694 3078 1893 3126 tantam

302 3161 550 3210 transeat
591 3154 906 3223 fmditatem,
948 3165 1006 3212 ut
1042 3172 1195 3213 amor
1235 3158 1289 3214 in
1328 3158 1449 3215 odia
1491 3162 1893 3217 commutetur?

301 3244 483 3317 Super
519 3246 621 3302 hac
656 3247 963 3305 conditione
986 3249 1294 3305 mortalium
1334 3259 1388 3306 et
1428 3250 1592 3308 Isaias
1614 3254 1888 3324 loquitur:

304 3336 489 3394 Omnis
518 3355 637 3395 caro
662 3343 873 3412 frenum,
902 3351 949 3396 et
978 3343 1142 3398 omnis
1166 3342 1331 3414 gloria
1358 3345 1470 3416 ejus
1495 3349 1643 3416 quasi
1667 3349 1764 3418 ﬂos
1791 3351 1887 3421 fae-

300 3430 377 3485 ni.
410 3429 631 3486 Faenum
656 3433 827 3500 aruit,
854 3434 950 3502 ﬂos
978 3433 1164 3489 decidit
1192 3433 1345 3505 (Isai.
1370 3437 1459 3493 10.
1489 3437 1567 3508 6).
1603 3437 1761 3494 Juxta
1790 3439 1891 3496 Se-

298 3523 577 3593 ptuaginta
627 3539 837 3594 quoque
878 3525 1124 3580 similiter
1166 3528 1543 3597 explicandum
1583 3538 1686 3585 est.
1717 3531 1888 3588 Omne

298 3612 446 3683 quod
477 3613 528 3666 in
557 3614 753 3668 saeculo
784 3614 1000 3684 longum
1022 3616 1253 3683 videtur,
1276 3619 1415 3687 apud
1441 3627 1511 3685 te,
1536 3620 1698 3690 Deus,
1726 3622 1889 3679 breve

298 3713 405 3758 est.
441 3704 566 3759 Dies
596 3706 738 3759 enim
765 3714 821 3760 et
844 3706 968 3761 anni
992 3707 1185 3778 quibus
1218 3707 1450 3764 humana
1478 3710 1586 3767 vita
1611 3722 1888 3769 contracta

298 3805 421 3862 est,
472 3797 517 3850 si
561 3806 940 3866 comparentur
989 3800 1310 3867 aeternitati,
1363 3802 1748 3871 reputabuntur
1791 3819 1888 3873 pro

296 3891 492 3944 nihilo.
519 3890 668 3946 Sicut
688 3891 830 3945 enim
857 3889 1023 3947 herba
1050 3907 1206 3948 mane
1226 3894 1414 3963 crevit,
1436 3894 1616 3950 tloruit
1642 3905 1697 3952 et
1719 3896 1888 3952 sicca-

293 3991 401 4048 tur,
452 3981 519 4036 ad
555 3997 941 4054 vesperamque
980 3983 1272 4040 indurescit
1309 3994 1365 4040 et
1403 3984 1648 4056 deperit:
1682 3986 1753 4042 ita
1783 3988 1887 4044 erit

291 4076 478 4130 omnis
508 4075 781 4131 hominum
810 4075 1175 4146 pulchritudo.
1314 4136 1319 4140 _

367 4167 463 4223 10.
498 4166 798 4226 Consumuti
826 4169 960 4224 enim
984 4185 1157 4225 sumus
1181 4171 1236 4224 in
1261 4174 1434 4242 furore
1460 4180 1568 4239 tuo,
1596 4181 1641 4227 et
1667 4172 1721 4227 in
1744 4173 1885 4228 indi-

293 4261 542 4334 gnatione
570 4270 655 4316 tua
681 4261 965 4318 conturbati
982 4279 1178 4322 sumus.
1208 4265 1553 4336 Septuaginta
1583 4282 1596 4319 :
1628 4265 1763 4332 Quia
1789 4267 1883 4322 de-

294 4355 511 4424 fecimus
534 4354 586 4408 in
611 4355 690 4408 ira
718 4363 825 4420 tua,
850 4365 896 4409 et
921 4356 974 4410 in
1002 4355 1175 4425 furore
1201 4366 1286 4411 tuo
1323 4358 1509 4413 turbati
1541 4375 1734 4414 sumus.
1779 4360 1884 4417 Pro

295 4458 361 4499 eo
392 4443 537 4514 quod
563 4459 661 4499 nos
686 4444 916 4501 diximus
936 4486 952 4513 ,
986 4445 1171 4500 turbati
1194 4463 1388 4515 sumus,
1421 4448 1497 4520 (b)
1529 4447 1883 4521 Symmachus

296 4545 352 4590 et
399 4535 591 4605 Aquila
641 4537 1045 4604 transtulerunt,
1095 4540 1503 4595 acceleravimus.
1555 4540 1879 4599 Brevitatem

297 4638 479 4683 autem
510 4628 633 4682 vitm
674 4629 937 4698 signiﬁcat
980 4629 1246 4685 humanae.
1293 4630 1551 4702 Quodque
1581 4634 1756 4689 intulit
1785 4652 1798 4688 :
1826 4636 1881 4689 in

301 4719 379 4773 ira
407 4725 496 4771 tua
521 4726 567 4770 et
590 4718 645 4770 in
666 4717 839 4785 furore
861 4728 946 4772 tuo
965 4759 980 4784 ,
1004 4722 1282 4775 sententia:
1313 4722 1405 4776 Dei
1433 4725 1667 4779 ostendit
1696 4741 1879 4795 perse-

300 4808 618 4877 verantiam,
641 4811 724 4864 cui
754 4825 941 4865 omnes
966 4809 1212 4866 homines
1234 4804 1594 4883 subjaeemus,
1624 4817 1701 4872 illi
1730 4818 1882 4874 vide-

306 4908 470 4962 licet:
552 4901 762 4973 1058
838 4901 993 4957 Terra
1018 4918 1070 4957 es
1111 4912 1157 4957 et
1181 4903 1236 4958 in
1261 4912 1450 4959 terram
1496 4907 1612 4961 ibis.
1649 4908 1879 4966 Pulchre

300 5006 501 5063 autem,
529 5011 636 5052 non
661 5004 718 5051 ut
749 4997 801 5050 in
831 4995 1174 5067 Septuaginta
1202 4995 1449 5063 habetur,
1476 4999 1661 5055 turbati
1679 5017 1876 5070 sumus,

299 5088 394 5144 sed
417 5089 567 5159 juxta
594 5087 935 5157 Hebraicum,
958 5088 1344 5144 acceleraoimus
1366 5090 1593 5162 dicitur;
1621 5103 1678 5150 ut
1698 5110 1883 5165 quam-

297 5181 381 5235 vis
423 5191 554 5235 :etas
592 5178 868 5235 hominum
909 5184 1062 5251 longa
1088 5180 1354 5251 videatur,
1386 5192 1564 5241 tamen
1592 5201 1877 5258 compara-

300 5271 447 5328 tione
471 5272 785 5327 :eternitatis
808 5271 985 5330 brevis
1012 5274 1101 5331 sit.
1141 5273 1297 5342 Quod
1338 5286 1392 5334 et
1432 5278 1658 5338 illustris
1705 5273 1875 5337 Poeta

299 5371 545 5431 testatur,
573 5364 760 5419 dicens
790 5380 806 5416 :

302 5511 310 5524 ,
372 5455 479 5515 Sed
503 5456 631 5529 {agit
654 5457 864 5525 interea,
892 5458 1022 5531 fugit
1045 5449 1377 5531 irreparabile
1407 5473 1620 5537 tempus.

1216 5549 1471 5626 (Georgio.
1503 5557 1594 5613 lib.
1620 5557 1702 5630 5.)

383 5737 864 5816 g)_Apud._Mar_t.iau.
902 5746 1012 5790 erat
1043 5742 1402 5808 corwersationi,
1444 5745 1588 5797 editis
1625 5747 1879 5816 plerisque

427 5813 494 5849 ss.
525 5802 866 5851 renitentibus.

388 5859 436 5939 ρ)
468 5861 709 5939 Eusebius
733 5870 895 5939 tamen
931 5862 1202 5939 Symmachi
1234 5872 1511 5939 versionem
1531 5872 1710 5925 reeitat
1731 5871 1804 5924 illi
1825 5899 1879 5939 η.

298 5920 442 5972 LXX.
465 5924 672 5975 similem
693 5938 930 5990 imoque
950 5920 1059 5979 Vid.
1081 5926 1319 5995 Hexapla.

297 5808 356 5847 ac

364 5861 382 5915 (

1709 465 2040 530 EPISTOLA
2076 468 2231 529 CXL.

3451 496 3589 557 1171

2015 586 2082 645 Et
2109 590 2389 652 iterum....

2085 684 2277 782 Dltmbe
2293 689 2383 745 diu
2408 702 2507 763 (res
2532 694 2581 751 si
2598 709 2699 765 qua
2724 696 2814 754 diu
2840 703 3137 761 mortalibus
3162 707 3276 764 ulla
3303 720 3403 782 est;

2094 776 2344 838 Viximus.
2930 795 3167 869 (zEneid.
3191 800 3305 874 1ο.)

2084 871 2169 926 11.
2201 871 2428 932 Posuisti
2453 878 2740 950 iniquitates
2771 892 2970 941 nostras
3003 905 3175 946 coram
3205 901 3254 947 te
3284 871 3589 967 :negligen-

2012 963 2110 1019 tias
2143 975 2338 1024 nostras
2372 969 2427 1024 in
2460 971 2576 1045 luce
2613 973 2781 1029 uultus
2818 977 2910 1031 tui.
2946 978 3290 1055 Septuaginta
3318 1002 3334 1041 :
3358 963 3591 1043 Dosuisti

2010 1054 2300 1125 iniquitates
2336 1071 2533 1118 nostras
2571 1065 2625 1119 in
2662 1076 2930 1138 conspectu
2964 1079 3071 1141 tuo,
3095 1054 3337 1130 steculum
3358 1088 3588 1133 nostrum

2010 1148 2064 1202 in
2084 1149 2452 1209 illuminatione
2475 1155 2642 1212 vultus
2667 1159 2760 1213 tui.
2804 1158 2905 1216 Ubi
2944 1176 3044 1218 nos
3077 1165 3229 1234 juxta
3267 1169 3587 1227 Hebraicum

2009 1248 2063 1295 et
2105 1241 2482 1325 Symmachum
2528 1251 2825 1320 posuimus,
2857 1256 3186 1327 negligentia
3224 1270 3447 1331 nostras,
3483 1278 3586 1333 pro

2009 1349 2114 1405 quo
2147 1335 2517 1409 Septuaginta,
2548 1344 2796 1400 steculum
2823 1357 3052 1404 nostrum
3088 1353 3496 1420 transtulerunt,
3527 1356 3582 1411 in

2009 1425 2270 1484 llebraico
2296 1432 2552 1502 scriptum
2582 1444 2665 1492 est
2701 1452 2978 1509 manu,
3016 1442 3158 1513 quod
3193 1444 3375 1514 quinta
3406 1444 3585 1503 Editio

2007 1520 2408 1593 interpretatur,
2425 1528 2815 1586 adolescentiam
2826 1551 2848 1599 ,-
2870 1534 3063 1604 Aquila
3083 1543 3384 1608 παροράσιις,
3402 1548 3458 1594 et
3474 1528 3586 1597 nos

2006 1610 2060 1666 in
2104 1613 2338 1684 linguam
2375 1628 2614 1673 nostram
2644 1630 2857 1678 vertere
2893 1638 3198 1694 possumus,
3227 1645 3441 1698 errores,
3470 1631 3586 1688 sive

2003 1704 2336 1775 ignorantias.
2360 1707 2514 1768 Unde
2540 1711 2674 1768 dixit
2700 1713 2757 1769 in
2777 1715 2882 1770 alio
2905 1715 3025 1772 loco
3048 1735 3060 1770 :
3084 1716 3287 1774 Delicta
3296 1723 3581 1792 juventutis

2004 1811 2147 1865 mete,
2177 1808 2225 1853 et
2248 1799 2560 1871 ignorantias
2579 1820 2715 1860 meas
2733 1821 2798 1860 ne
2823 1807 3105 1863 memineris
3129 1808 3246 1880 (Ps.
3272 1809 3362 1865 21.
3391 1811 3485 1883 7).
3512 1812 3584 1869 Et

2003 1888 2196 1946 iterum
2231 1912 2245 1948 :
2272 1890 2471 1949 Delicta
2513 1897 2626 1967 quis
2664 1897 2942 1969 intelligit?
2980 1899 3048 1955 Et
3077 1918 3092 1955 :
3122 1900 3198 1956 Ab
3220 1903 3433 1959 occultis
3457 1905 3584 1960 meis

2002 1984 2195 2036 munda
2216 1998 2295 2036 me
2315 1981 2533 2040 Domine
2557 2001 2577 2040 :
2604 1995 2652 2040 et
2674 1988 2738 2042 ab
2757 1987 2936 2044 alienis
2963 2007 3114 2060 parce
3130 2007 3272 2048 servo
3293 2002 3379 2048 tuo
3405 1993 3580 2067 (Psal.

2006 2072 2092 2128 l8.
2122 2071 2235 2144 15).
2266 2076 2455 2133 Aliena
2486 2079 2629 2134 enim
2656 2080 2811 2136 nobis
2831 2090 2962 2138 sunt
2987 2080 3135 2149 vitia,
3161 2099 3281 2155 quae
3306 2099 3451 2157 saepe
3480 2102 3580 2143 vo-

2001 2164 2226 2234 luntate,
2254 2167 2521 2225 interdum
2551 2170 2848 2243 ignorantia
2868 2183 2922 2228 et
2941 2188 3127 2232 errore
3153 2176 3541 2235 committimus
3560 2197 3579 2235 :

2000 2268 2056 2314 et
2086 2269 2263 2316 tamen
2284 2277 2415 2316 cum-
2445 2278 2555 2318 non
2593 2265 2665 2319 sit
2687 2264 2932 2320 voluntas
2974 2266 3029 2321 in
3061 2266 3306 2334 crimine,
3337 2283 3492 2325 error
3522 2269 3579 2327 in

1999 2350 2153 2421 culpa
2178 2360 2279 2407 est.
2303 2352 2466 2410 Miror
2493 2364 2668 2411 autem
2689 2370 2787 2413 cur
2812 2357 3152 2429 Septuaginta
3172 2362 3442 2418 voluerint
3477 2378 3577 2433 pro

1998 2442 2354 2511 adolescentia,
2383 2446 2718 2518 negligentiis,
2740 2456 2789 2502 et
2809 2449 3085 2518 erroribus,
3107 2451 3222 2508 sive
3240 2453 3581 2524 ignorationi-

1998 2533 2107 2601 bus,
2135 2538 2378 2592 sceculum
2401 2537 2583 2595 dicere
2613 2557 2627 2593 :
2661 2538 2733 2615 (c)
2764 2541 2869 2598 nisi
2910 2543 3047 2600 forte
3068 2585 3084 2611 ,
3120 2545 3263 2616 quod
3294 2547 3346 2602 in
3372 2547 3574 2605 saeculo

1998 2634 2052 2680 et
2078 2627 2131 2681 in
2159 2628 2282 2683 vita:
2310 2628 2465 2700 hujus
2495 2640 2736 2702 tempore
2762 2634 2891 2689 vitia
2921 2637 3346 2695 committantur.
3387 2640 3573 2707 Quod-

1996 2734 2099 2789 que
2119 2719 2295 2777 intulit
2324 2739 2337 2776 :
2366 2721 2420 2777 in
2447 2722 2835 2796 illuminatione,
2873 2728 2986 2784 sive
3024 2729 3077 2783 in
3124 2730 3236 2785 luce
3270 2732 3437 2788 vultus
3477 2733 3573 2802 tui,

1996 2809 2138 2867 hunc
2162 2812 2325 2876 habet
2343 2828 2582 2872 sensum.
2612 2816 2754 2873 Nihil
2786 2828 2837 2874 te
2863 2830 3167 2877 nostrorum
3199 2821 3353 2878 latuit
3383 2838 3578 2893 pecca-

1996 2910 2169 2957 torum
2202 2920 2216 2957 :
2247 2914 2454 2960 secreta
2485 2921 2697 2977 quoque
2726 2919 2906 2964 nostra
2935 2920 3055 2967 tuus
3081 2913 3268 2968 oculus
3294 2912 3527 2983 inspexit
3554 2932 3570 2971 :

1989 2992 2148 3064 juxta
2175 2996 2303 3052 illud
2328 2997 2470 3067 quod
2497 3000 2755 3070 scriptum
2782 3011 2866 3056 est
2894 3020 2909 3057 :
2940 3000 3180 3058 Tenebrte
3216 3021 3319 3060 non
3357 3007 3573 3061 abscon-

1993 3086 2174 3142 dentur
2201 3084 2307 3160 [al.
2335 3090 2732 3146 obscurabuntur
2745 3083 2772 3164 ]’
2794 3109 2827 3147 a
2861 3101 2910 3148 te
2937 3092 3124 3167 (Psal.
3153 3095 3275 3151 158.
3305 3095 3373 3151 l2
3393 3094 3435 3170 ).
3472 3092 3569 3166 Et,

1993 3178 2241 3234 Scrutans
2265 3182 2421 3236 corda
2440 3192 2486 3237 et
2506 3200 2647 3238 renes
2666 3183 2801 3239 Deus
2829 3183 2997 3257 (Psal.
3021 3187 3073 3241 7.
3098 3185 3211 3259 10).
3241 3182 3313 3243 Ει
3338 3189 3566 3247 iterum:

1992 3269 2136 3324 Sicut
2172 3271 2385 3327 tenebrat
2414 3275 2544 3345 ejus,
2569 3275 2642 3329 ita
2666 3285 2713 3331 et
2738 3276 2907 3331 lumen
2931 3279 3041 3349 ejus
3067 3278 3086 3352 (
3108 3278 3254 3335 Psal.
3292 3281 3414 3337 158.
3441 3282 3568 3353 12).

1988 3360 2161 3418 Homo
2189 3365 2333 3421 enim
2357 3366 2503 3422 videt
2530 3368 2584 3423 in
2610 3369 2761 3437 facie,
2792 3369 2933 3426 Deus
2962 3381 3138 3428 autem
3164 3373 3217 3429 in
3244 3375 3430 3431 corde.

2061 3454 2149 3509 12.
2181 3455 2367 3513 Omnes
2391 3460 2535 3514 enim‘
2557 3460 2665 3515 dies
2691 3465 2848 3516 nostri
2885 3464 3213 3532 transierunt,
3242 3474 3291 3521 et
3310 3466 3364 3521 in
3393 3470 3569 3539 furore

1988 3554 2074 3600 tuo
2111 3550 2512 3618 consumpsimus
2546 3566 2706 3605 annos
2734 3563 2964 3620 nostros,
2991 3557 3138 3624 quasi
3170 3573 3451 3612 sermonem
3486 3560 3569 3615 lo-

1987 3654 2163 3707 quens.
2194 3637 2539 3709 Septuaginta
2570 3658 2584 3694 :
2616 3640 2868 3707 Quoniam
2904 3644 3012 3697 dies
3048 3646 3208 3700 nostri
3242 3648 3570 3719 defecerunt:

1987 3739 2034 3782 et
2057 3730 2112 3783 in
2138 3731 2219 3783 ira
2245 3740 2332 3784 tua
2360 3731 2655 3800 defecimus.
2686 3731 2823 3787 Anni
2850 3736 3012 3789 nostri
3036 3737 3167 3790 sicut
3191 3753 3381 3793 aranea
3408 3741 3563 3796 medi-

1988 3822 2081 3874 tati
2108 3829 2245 3875 sunt.
2276 3821 2598 3878 Brevitatem
2626 3822 2873 3880 humana:
2910 3825 3033 3882 vita:
3056 3867 3072 3894 ,
3113 3843 3235 3899 quae
3282 3834 3565 3890 sententia:

1987 3910 2086 3965 Dei
2119 3911 2393 3982 hucusque
2431 3913 2674 3982 subjecta
2700 3923 2816 3983 est;
2846 3925 2902 3971 et
2924 3932 3083 3988 quam
3111 3920 3164 3974 in
3196 3921 3361 3990 priori
3387 3908 3564 3982 versi-

1985 4002 2108 4056 culo
2134 4003 2345 4058 somnio
2424 4005 2633 4077 1059
2704 4009 3069 4078 comparavit,
3101 4010 3288 4067 dicens
3316 4029 3331 4067 :
3361 4013 3563 4069 Percu-

1987 4092 2138 4146 tiente
2166 4102 2214 4147 te
2238 4109 2342 4162 eos,
2370 4096 2622 4149 somnium
2662 4108 2831 4179 erunt,
2874 4114 3016 4155 nunc
3053 4106 3290 4158 sermoni
3331 4103 3561 4175 loquen-

1987 4185 2117 4240 tium
2141 4196 2412 4257 comparat
2438 4204 2451 4243 :
2481 4196 2536 4244 ut
2565 4186 2838 4261 quomodo
2863 4205 3042 4250 sermo
3066 4195 3156 4265 qui
3181 4195 3234 4250 in
3261 4210 3357 4252 ore
3381 4213 3567 4254 versa-

1986 4282 2072 4331 tur
2098 4274 2223 4331 dum
2251 4277 2538 4349 profertur,
2566 4280 2921 4352 intercipitur,
2951 4293 3006 4340 et
3045 4300 3166 4341 esse
3199 4286 3438 4355 desistit;
3478 4291 3564 4347 sic

1983 4377 2040 4424 et
2066 4370 2240 4425 omnis
2274 4370 2381 4426 vita
2420 4382 2600 4428 nostra
2646 4384 2979 4445 pertranseat
3019 4387 3178 4450 atque
3218 4379 3480 4438 desistat:
3508 4391 3567 4440 et

1984 4457 2085 4515 hoc
2105 4459 2157 4516 in
2182 4461 2257 4516 ira
2278 4470 2332 4518 et
2348 4464 2399 4517 in
2422 4463 2600 4520 lurore
2626 4464 2744 4534 Dei,
2768 4466 2856 4522 cui
2886 4468 3076 4524 merito
3099 4468 3459 4541 subjaeemus,
3478 4473 3562 4528 vi-

1984 4563 2141 4609 vente
2166 4555 2217 4609 in
2248 4555 2422 4623 nobis,
2446 4565 2504 4611 ut
2526 4572 2686 4627 supra
2708 4558 2961 4626 diximus,
2985 4563 3251 4618 sententia
3280 4563 3399 4620 Dei.
3428 4566 3561 4634 Quae

1983 4647 2052 4700 sit
2092 4656 2268 4702 autem
2310 4648 2388 4703 ira
2432 4659 2487 4704 et
2530 4648 2678 4704 furor
2718 4652 2839 4718 Dei,
2874 4653 3115 4711 crebrius
3155 4656 3404 4724 diximus,
3452 4675 3560 4718 non

1980 4736 2120 4804 quod
2165 4737 2301 4791 Deus
2347 4739 2633 4794 ulciscatur
2678 4741 2863 4808 iratus,
2909 4742 3003 4799 sed
3044 4746 3187 4816 quod
3233 4749 3561 4818 patientibus

1980 4840 2167 4895 poenas
2211 4827 2380 4883 iratus
2415 4844 2539 4885 esse
2576 4830 2838 4887 videatur.
2884 4833 3037 4903 Quod
3084 4838 3229 4894 enim
3271 4841 3324 4896 in
3365 4857 3466 4898 nos
3491 4859 3559 4900 ex

1981 4920 2382 4988 perturbatione
2416 4918 2712 4991 descendit,
2736 4924 2819 4995 (ά)
2847 4926 2900 4981 in
2929 4927 3021 4982 illo
3049 4937 3133 4985 est
3155 4945 3222 4987 ex
3245 4932 3433 5003 judicii
3461 4950 3559 4993 ve-

1980 5013 2153 5070 ritate.
2183 5013 2254 5085 (e)
2285 5014 2387 5070 Pro
2413 5032 2641 5074 sermone
2663 5019 2910 5093 loquentis
2931 5064 2948 5092 ,
2974 5022 3320 5101 Septuaginta
3345 5031 3560 5088 medita-

2045 5240 2312 5319 (c)_Sat_ius
2332 5249 2410 5296 est
2431 5251 2604 5308 putare
2622 5285 2636 5310 ,
2662 5249 2788 5312 quod
2813 5264 2900 5314 pro
2920 5228 3076 5314 Βίην,
3101 5256 3229 5319 quod
3253 5265 3305 5306 et.
3326 5233 3443 5315 ξὺν
3468 5254 3556 5305 alt-

1977 5314 2170 5379 quando
2204 5317 2312 5366 sine
2334 5329 2427 5366 vau
2448 5319 2594 5368 scribi
2628 5322 2767 5388 testis
2797 5328 2876 5372 est.
2913 5324 3022 5387 ipse
3044 5314 3384 5388 Hieronymus,
3410 5324 3551 5375 LXX.

1977 5399 2288 5462 acceperint;
2311 5406 2459 5464 atque
2492 5401 2615 5452 adeo
2633 5380 2800 5464 111:5)!
2826 5380 3057 5456 steculum
3085 5380 3303 5457 nostrum
3325 5380 3387 5457 eo
3408 5408 3556 5458 intel-

1977 5466 2108 5519 lectu
2144 5481 2235 5532 per
2256 5482 2398 5533 quam
2436 5471 2568 5522 bene
2603 5475 2909 5537 interpretati
2929 5475 3042 5523 sint.
3082 5474 3182 5525 Sed
3211 5488 3319 5537 non_
3343 5474 3475 5526 bene
3495 5477 3557 5528 ad

1976 5527 2545 5616 Hebraieum-exemplar
2573 5527 2836 5617 scripserat
2856 5554 3162 5605 Martianteus
3183 5527 3394 5609 πιών.

2040 5620 2113 5685 (d)
2151 5622 2366 5674 Veteres
2399 5623 2600 5685 editi”
2621 5625 2672 5672 in
2714 5622 2798 5673 illo
2838 5635 2904 5672 ex
2933 5623 3116 5685 judicio
3153 5633 3206 5676 et
3242 5639 3306 5676 ex
3346 5629 3555 5680 veritate

1979 5689 2121 5824 “iis;
2144 5745 2199 5795 In
2231 5745 2445 5824 Hebraeo
2481 5759 2577 5795 non
2615 5751 2693 5795 est
2725 5745 2839 5824 pisi,
2874 5750 2980 5801 rm
3003 5734 3262 5824 inn-quod
3303 5756 3381 5800 est
3414 5762 3555 5811 quas:

1977 5817 2244 5880 proferens,
2277 5816 2358 5867 vel
2379 5823 2604 5876 tanquam
2625 5814 2860 5867 meditans
2879 5829 2898 5867 :
2916 5828 3067 5880 quare
3089 5818 3226 5868 facile
3251 5832 3419 5868 eorum
3440 5833 3533 5872 seu

1980 5881 2148 5948 tentia;
2182 5878 2433 5935 accedam,
2459 5878 2541 5937 qui
2561 5889 2756 5948 aranea:
2779 5890 2956 5931 nomen
2979 5892 3041 5930 ex
3059 5879 3271 5934 Hebrteo
3290 5882 3555 5948 archetypo

1980 5885 2148 5928 tentice
2182 5885 2433 5935 accedam,
2459 5885 2541 5937 qui
2564 5889 2756 5926 araneae
2779 5890 2956 5931 nomen
2979 5892 3041 5930 ex
3059 5885 3271 5934 ﬂebrteo
3290 5885 3491 5947 archety

1986 5940 2227 5991 excidisse
2249 5951 2532 6002 persuasum
2561 5937 2759 5990 habent.
2964 5970 2967 5971 ν
