4080 6340
356 333 500 391 1177

351 445 622 516 corripit,
645 453 704 502 ut
733 445 1016 502 interficiat
1040 455 1200 517 atque
1226 447 1530 518 disperdat;
1562 446 1653 504 sed
1683 455 1740 504 ut
1763 448 1935 505 corri-

349 546 445 607 gat
466 547 520 593 et
539 540 807 595 emendet.
834 540 1191 606 Quamobrem
1213 549 1264 594 et
1291 541 1342 594 in
1367 540 1505 597 Osee
1533 541 1680 609 (Cap.
1712 542 1765 595 4.
1796 539 1886 610 14)
1912 581 1928 608 ,

350 630 552 698 pepnlo
585 629 890 686 Iudaeorum
911 673 928 699 ,
965 631 1053 686 cui
1087 631 1314 685 multum
1355 631 1520 686 iratus
1559 639 1674 697 est,
1712 629 1841 685 dicit
1871 644 1932 686 se

348 735 692 790 nequaquam
729 723 919 790 irasci,
958 737 1059 778 nec
1087 723 1308 778 visitare
1353 736 1522 777 nurus
1549 735 1735 777 eorum
1759 761 1775 788 ,
1808 736 1929 774 cum

346 811 792 869 adnlteravcrint.
823 813 895 870 Et
971 815 1182 886 1m
1258 829 1354 884 per
1381 812 1716 869 Ezechielcm
1751 811 1929 882 loqui-

347 913 441 960 tur
462 906 527 962 ad
549 907 844 962 Jerusalem
875 926 888 963 :
915 907 1037 962 lam
1061 924 1163 963 non
1191 908 1386 962 irascar
1412 908 1520 974 tibi,
1554 914 1599 961 et
1627 903 1765 960 zelus
1790 921 1928 960 meus

343 999 555 1053 recessit
576 1015 607 1051 a
633 999 914 1072 te(Eseeh.
947 999 1036 1056 16.
1064 999 1174 1072 42).
1208 999 1280 1054 Et
1305 999 1360 1055 in
1387 999 1567 1054 verbis
1599 998 1814 1053 Dierum
1841 1012 1927 1052 so-

347 1097 478 1156 nat,
516 1090 730 1160 quando
773 1091 950 1161 pergit
983 1091 1145 1146 Israel
1176 1090 1462 1148 adversum
1501 1089 1682 1145 hostes
1709 1090 1763 1144 in
1792 1104 1927 1160 prae-

343 1180 479 1234 tium
506 1180 582 1252 (α)
607 1183 773 1238 corde
797 1183 1038 1253 paciﬁca.

420 1273 509 1328 16.
543 1272 616 1329 Ut
639 1285 965 1330 numerentur
986 1276 1091 1331 dies
1113 1277 1301 1345 nostri,
1325 1277 1397 1332 sic
1423 1275 1646 1342 ostende,
1671 1284 1717 1328 et
1743 1273 1916 1327 venie-

339 1378 460 1417 mus
489 1366 640 1420 corde
665 1367 901 1436 sapienti.
925 1368 1279 1438 Septuaginta
1307 1386 1322 1421 :
1359 1366 1630 1422 Dexteram
1677 1375 1812 1418 tuam
1851 1365 1924 1416 ita

337 1465 520 1510 notam
540 1457 644 1526 fac,
667 1466 715 1513 et
739 1461 959 1515 eruditos
981 1462 1130 1514 corde
1151 1462 1203 1514 in
1226 1461 1498 1530 sapientia.
1525 1458 1678 1525 Quod
1705 1457 1919 1526 Aquila,

339 1545 702 1616 Symmachus
723 1550 990 1617 et'Quinta
1030 1550 1212 1606 'Editio
1235 1550 1315 1605 sic
1335 1559 1610 1605 verteram.
1633 1565 1647 1598 :
1675 1547 1792 1600 Dies
1830 1563 1922 1600 no-

332 1648 476 1694 stros
503 1642 576 1695 sic
603 1643 827 1709 ostende,
859 1654 911 1697 ut
935 1646 1193 1698 veniamus
1213 1645 1364 1699 corde
1391 1643 1626 1714 sapienti.
1645 1642 1919 1710 Errorque

335 1734 664 1803 perspicuus
690 1745 793 1804 est,
819 1752 914 1792 cur
932 1752 1032 1806 pro
1060 1737 1255 1804 diebus,
1279 1735 1628 1806 Septuaginta
1655 1735 1914 1789 dexteram

333 1823 582 1880 dixerint
611 1844 624 1880 :
652 1843 854 1884 nutum
895 1829 1092 1899 quippe
1135 1829 1355 1883 verbum
1400 1827 1754 1896 compositum
1799 1833 1914 1890 est,

333 1913 649 1984 signiﬁcans
679 1919 784 1971 dies
814 1927 1032 1972 nostros.
1063 1918 1215 1984 Quod
1245 1922 1299 1971 in
1329 1916 1584 1986 singulari
1618 1928 1843 1968 numero
1870 1914 1914 1967 si

334 2006 624 2072 scribatur,
659 2018 900 2064 extrema
932 2010 1109 2064 littera
1133 2053 1147 2076 ,
1176 2025 1294 2078 quae
1321 2008 1620 2078 appellatur
1645 2021 1746 2059 sua
1768 2045 1783 2070 ,
1818 2019 1912 2057 cx-

334 2100 522 2169 primit
549 2102 845 2166 dexteram;
875 2103 1011 2156 sicut
1035 2112 1116 2156 est
1142 2101 1272 2155 illud
1304 2101 1354 2154 in
1385 2099 1599 2152 nomine
1626 2111 1910 2162 annuum,

335 2193 432 2262 qui
463 2193 872 2263 interpretatur,
905 2195 1042 2262 ﬁlius
1067 2193 1310 2246 dexteras.
1343 2190 1437 2246 Sin
1457 2199 1638 2244 autem
1671 2204 1782 2241 neu
1812 2187 1911 2240 ha-

332 2287 483 2350 beat,
515 2285 648 2338 diem
669 2285 754 2339 vel
781 2286 888 2338 dies
919 2293 1094 2339 sonat.
1129 2284 1224 2338 Est
1252 2291 1429 2336 autem
1459 2294 1647 2336 sensus
1674 2298 1686 2332 :
1718 2278 1914 2333 Nume-

333 2392 458 2431 rum
490 2391 750 2430 annorum
787 2375 1100 2446 dierumque
1127 2385 1438 2430 nostrorum
1460 2416 1476 2442 ,
1507 2372 1697 2443 quibus
1726 2372 1778 2425 in
1812 2371 1913 2425 hoc

333 2469 536 2523 s;rculo
563 2483 660 2523 nos
687 2467 870 2522 vivere
895 2467 1206 2533 decrevisti,
1237 2465 1465 2521 ostende
1489 2463 1664 2527 nobis,
1693 2472 1750 2518 ut
1775 2477 1909 2532 prae—

333 2571 588 2626 paremus
612 2572 713 2612 nos
740 2557 990 2612 adventui
1015 2566 1135 2623 tuo;
1159 2567 1211 2613 et
1228 2564 1539 2626 contempto
1561 2570 1744 2610 errore
1765 2569 1910 2608 mor-

323 2650 521 2703 talium
543 2691 559 2716 ,
575 2650 647 2704 ad
671 2658 721 2705 te
742 2665 963 2721 pergere
979 2649 1296 2706 festinemus
1319 2692 1334 2717 ,
1364 2651 1744 2720 cupiamusque
1771 2663 1909 2718 prae-

331 2743 560 2797 sentiam
585 2751 746 2808 tuam,
763 2752 817 2798 et
837 2744 901 2797 ad
920 2750 972 2798 te
987 2741 1302 2798 festinemus
1322 2741 1484 2797 corde
1498 2742 1745 2811 sapienti.
1765 2739 1911 2794 'Nihil

332 2834 477 2888 cnim
511 2833 582 2887 ita
613 2833 814 2903 decipit
846 2833 1136 2888 humanum
1169 2848 1338 2903 genus
1361 2874 1375 2899 ,
1410 2849 1566 2902 quam
1599 2833 1724 2885 dum
1755 2831 1909 2900 igno-

325 2933 453 2978 rant
493 2925 664 2994 spatia
703 2925 828 2980 vitae
866 2940 977 2980 suae
997 2968 1011 2993 ,
1055 2926 1352 2996 longiorem
1393 2925 1493 2980 sibi
1529 2924 1716 2978 $100!!“
1748 2923 1910 2993 bnjns

335 3018 728 3085 possessionem
750 3018 1146 3088 repromittunt.
1168 3015 1320 3072 Unde
1341 3025 1394 3072 et
1413 3016 1543 3070 itiud
1577 3017 1789 3086 egregie
1832 3015 1910 3069 di-

333 3117 480 3160 ctum
505 3115 589 3162 est
620 3124 634 3162 :
664 3105 739 3180 (b)
768 3107 981 3161 Nullum
1013 3116 1118 3161 tam
1148 3121 1332 3162 senem
1373 3120 1495 3161 esse
1523 3115 1576 3161 et
1605 3107 1680 3160 sic
1717 3106 1908 3160 decre-

331 3198 459 3267 pita:
495 3199 688 3266 :etatis,
748 3209 805 3255 ut
837 3215 942 3254 non
975 3214 1033 3254 se
1059 3199 1234 3254 adhuc
1264 3214 1372 3254 uno
1400 3199 1522 3276 p'lus
1548 3213 1695 3254 anno
1721 3200 1909 3255 vivere

331 3294 653 3362 suspicetur.
697 3292 778 3348 Ad
823 3297 960 3348 hunc
997 3309 1215 3349 sensum
1261 3293 1493 3363 pertinet
1528 3304 1580 3347 et
1613 3293 1739 3347 illud
1766 3292 1906 3363 quod

331 3384 527 3440 dicitur
563 3405 577 3441 :
609 3385 862 3441 Memento
891 3389 1066 3441 mortis
1093 3396 1226 3452 tute,
1258 3394 1309 3440 et
1337 3403 1436 3440 non
1468 3385 1700 3457 peccabis
1731 3385 1903 3455 (Eccl.

319 3479 384 3534 Ἲ.
414 3478 530 3549 40).
561 3479 660 3546 Qui
697 3480 840 3534 enim
877 3495 936 3534 se
965 3479 1280 3534 recordatur
1309 3478 1546 3548 quotidie
1583 3493 1704 3532 esse
1731 3478 1906 3532 mori~
1943 3513 1956 3525 ι

327 3579 510 3624 turum
532 3611 547 3636 ,
586 3571 880 3624 contemnit
911 3571 1198 3637 praesentia
1221 3612 1234 3636 ,
1263 3581 1320 3624 et
1357 3569 1425 3623 ad
1453 3570 1627 3623 futura
1660 3570 1904 3624 festinat.

321 3660 446 3714 Hoc
472 3668 555 3715 est
583 3659 722 3730 quod
749 3659 917 3714 David
947 3660 1002 3713 in
1041 3661 1147 3714 alio
1191 3669 1445 3728 precatur
1472 3661 1595 3714 loco
1619 3701 1632 3724 ,
1677 3659 1861 3714 dicens
1887 3675 1903 3714 :

337 3750 419 3805 Ne
440 3753 644 3821 auferas
671 3767 751 3805 me
780 3750 830 3803 in
853 3750 1062 3803 dimidio
1086 3749 1281 3802 dierum
1310 3765 1555 3812 meorum,
1595 3750 1731 3817 prius
1757 3765 1906 3818 quam

321 3842 525 3907 abeam,
548 3851 597 3896 et
619 3857 721 3896 non
746 3842 1013 3894 subsistant
1033 3838 1154 3910 (Ps.
1179 3840 1302 3896 101,
1320 3839 1417 3894 Ξ5.
1442 3849 1485 3892 et
1507 3839 1652 3893 Psal.
1668 3839 1765 3894 ‘58.
1791 3840 1901 3909 14).

336 3937 490 4004 Quod
518 3937 593 3993 ita
618 3935 902 4006 exponitur
925 3933 1040 3989 :"Ne
1069 3949 1134 3989 eo
1161 3943 1406 4004 tempore
1433 3933 1598 3988 facias
1617 3949 1714 3989 me
1743 3934 1902 4001 mori,

329 4029 548 4098 quando
571 4027 746 4084 adhuc
773 4026 1020 4097 putabam
1047 4042 1134 4080 me
1160 4025 1444 4090 victurum,
1475 4035 1534 4079 ut
1556 4024 1762 4094 possim
1782 4039 1908 4095 pec-

327 4132 444 4178 cata
469 4121 737 4190 corrigere
775 4118 1106 4187 paenitentia.
1141 4116 1196 4171 Si
1232 4118 1373 4172 enim
1410 4117 1512 4172 hoc
1549 4116 1737 4172 feceris
1760 4159 1774 4182 ,
1809 4117 1895 4172 in—

328 4223 518 4272 ventus
541 4215 598 4269 in
613 4212 830 4270 delictis
855 4213 992 4268 meis
1011 4221 1143 4266 esse
1173 4210 1450 4266 desistam.
1480 4209 1603 4266 Non
1626 4251 1641 4277 ,
1671 4224 1779 4280 quo
1805 4208 1898 4282 [aL

322 4305 482 4379 quod]
509 4320 662 4377 spem
689 4305 1103 4360 resurrectionis
1137 4313 1298 4380 neget
1317 4320 1337 4370 -;
1369 4303 1463 4358 sed
1489 4317 1599 4373 quo
1627 4317 1809 4358 ceram
1834 4317 1905 4358 eo

321 4413 386 4462 se
418 4407 577 4469 neget
605 4411 765 4469 posse
795 4396 1118 4464 subsistere,
1149 4395 1292 4466 apud
1320 4411 1477 4467 quem
1511 4409 1698 4450 omnes
1728 4396 1818 4464 qui
1848 4393 1902 4451 in

325 4490 469 4544 vitiis
494 4497 875 4560 perseverant,
903 4503 1000 4558 pro
1025 4487 1200 4542 nihilo
1219 4495 1608 4558 computantur
1633 4485 1725 4560 [aL
1741 4504 1904 4557 repu-

325 4580 542 4654 lantur].
572 4581 674 4638 Ubi
711 4597 810 4637 nos
849 4581 1188 4651 interpretati
1222 4597 1445 4648 sumus,
1487 4582 1709 4636 eruditos
1739 4582 1902 4640 corde

324 4675 380 4725 in
411 4672 674 4740 sapientia
705 4672 904 4736 [verius
930 4672 1201 4741 sapienti],
1227 4673 1319 4726 alii
1348 4673 1735 4727 transtulerunt
1763 4689 1902 4729 com-

325 4785 732 4852 aeditos,verbi
761 4785 1106 4853 ambiguitate
1158 4786 1368 4856 ,ιω
1419 4786 1650 4855 decepti.
1677 4787 1735 4841 Si
1755 4788 1897 4843 enim

324 4881 472 4936 dicas
502 4881 862 4945 πιπεδημένους,
903 4875 1208 4945 compeditos
1239 4875 1306 4948 (c)
1335 4875 1616 4945 signiﬁcat.

397 4971 484 5027 l7.
516 4970 781 5024 Βηθανιαν
828 4966 1040 5022 Bestiae
1075 4969 1377 5036 aequeque?
1401 4976 1448 5022 et
1480 4968 1758 5022 exorabilis
1790 4980 1899 5026 esto

324 5081 473 5138 super
491 5079 656 5120 servos
683 5072 812 5119 tuas.
847 5061 1194 5132 Septuaginta
1239 5061 1506 5120 similiter.
1532 5061 1666 5130 Quia
1693 5063 1900 5133 agimus

389 5260 1192 5339 ςςιὶὲάβίῖεἱίέιὲἷιέἔῖψυκῇειςηνιξηῆτ
1353 5331 1392 5339 ,ν
1739 5329 1749 5339 .

384 5321 460 5386 .(b)
493 5325 618 5374 Puta
639 5336 667 5371 a
686 5321 920 5372 Cicerone
945 5321 1028 5370 lib.
1047 5321 1111 5373 de
1133 5324 1420 5385 Senectute,
1445 5343 1472 5374 ι
1495 5324 1651 5376 Nemo
1669 5329 1803 5378 enim
1822 5335 1900 5380 est

322 5392 418 5438 tam
442 5399 595 5435 senex
617 5420 631 5446 ,
655 5391 709 5434 ut
741 5397 838 5434 non
861 5391 1000 5447 putet
1037 5399 1094 5434 se
1132 5400 1282 5436 unum
1303 5387 1461 5439 adhuc
1495 5401 1671 5439 annum
1697 5403 1808 5441 esse
1832 5393 1900 5442 vi-

371 5462 525 5498 urum.
551 5464 573 5493 Ι

321 5456 686 5577 οῗὲἓΪς-ωᾸίῖά-υηι
703 5516 904 5558 veteres
921 5507 1058 5566 editi,
1083 5514 1135 5558 et
1159 5513 1336 5577 prtet'er
1352 5510 1568 5577 Florenti
1576 5526 1689 5577 num
1705 5516 1898 5577 quidam

426 5571 633 5638 MSS.
827 5579 1136 5638 πιςαιδωμινους.
1157 5571 1369 5638 εἴ
1668 5570 1898 5638 Imposuit

321 5649 441 5687 vero
463 5634 662 5700 antiquo
683 5631 960 5700 illo_LaLiuo
990 5631 1254 5700 interpreti
1271 5631 1466 5700 (iremus
1487 5631 1709 5700 libraijus
1733 5631 1812 5700 qui
1833 5666 1894 5691 πε.

325 5707 535 5758 ειδημένους
556 5693 748 5771 scripsit
761 5693 1193 5771 1ρςκξξιωδξιρμέϊδυς.
1215 5695 1385 5771 Falsus
1400 5697 1542 5768 Hier.
1563 5693 1896 5771 inllirev'iario,

325 5768 375 5809 ιιι
400 5755 683 5824 quitmsdwit
718 5755 961 5810 codicibus
995 5755 1177 5809 dieitur
1213 5761 1446 5824 eruditos,
1482 5759 1534 5812 in
1568 5757 1678 5810 aliis
1715 5755 1896 5816 dicitur

315 5822 629 5884 aenipedum.

1716 334 2042 392 EPISTOLA
2083 335 2239 393 CXL.

3480 351 3617 411 H78

2045 449 2432 519 pcenitcntiam,
2464 459 2518 508 et
2544 454 2775 512 scientes
2805 457 2927 512 vitae
2953 467 3154 516 nostrae
3180 459 3518 532 brevitatem,
3545 469 3615 522 ad

2041 549 2091 595 te
2118 541 2277 596 corde
2301 543 2530 611 sapienti
2554 547 2795 616 cupimus
2815 553 3102 623 pervenire
3128 571 3140 606 :
3168 563 3223 609 et
3249 563 3329 624 tu,
3359 557 3612 626 Domine,

2036 640 2308 688 revertere
2334 632 2400 688 ad
2431 649 2549 690 nos.
2583 636 2824 694 Peccatis
2849 644 2992 697 enim
3025 645 3225 701 nostris
3252 647 3408 720 longe
3431 664 3612 706 reces-

2041 735 2219 789 seras,
2255 733 2308 790 et
2336 724 2617 782 dimiseras
2647 744 2778 795 nos;
2812 741 2868 786 ut
2894 734 3291 794 ambularemus
3316 741 3613 798 secundum

2034 814 2358 872 voluntatem
2391 827 2444 873 et
2475 820 2828 890 cogitationes
2875 837 3108 884 nostras.
3136 831 3293 897 Quod
3319 842 3497 891 autem
3528 837 3613 892 in-

2034 903 2172 972 fert,
2205 923 2459 980 usquequo
2484 951 2498 976 ,
2527 911 2667 965 illam
2702 911 2859 968 habet
2890 917 3321 992 intelligentiam,
3352 939 3512 995 quam
3555 928 3611 984 in

2032 997 2346 1055 duodecimo
2386 1000 2596 1057 Psalmo
2636 1003 2713 1073 (ά)
2761 1005 2985 1075 legimus
3020 1026 3036 1066 :
3075 1009 3345 1084 Usquequ'o
3389 1015 3609 1073 Domine

2030 1090 2332 1145 Oblivisceris
2364 1095 2458 1148 mei
2498 1095 2549 1149 in
2591 1097 2744 1166 ﬁnem
2767 1098 2791 1150 ?
2817 1097 2916 1166 Qui
2947 1101 3088 1156 enim
3131 1105 3181 1158 in
3211 1111 3453 1177 angustia
3475 1125 3607 1165 con-

2031 1184 2246 1237 stitutus
2273 1194 2376 1249 est,
2411 1201 2589 1240 serum
2629 1190 2675 1242 ei
2718 1188 2928 1244 videtur
2967 1191 3061 1246 Dei
3085 1197 3336 1252 auxilium
3368 1218 3381 1254 :
3411 1210 3465 1255 ct
3488 1217 3610 1268 pro.-

2027 1282 2208 1342 pterea
2242 1276 2532 1344 impensius
2565 1278 2902 1349 deprecatur,
2939 1293 2994 1337 ut
3025 1284 3133 1338 cito
3161 1287 3460 1358 adjutorem
3497 1293 3605 1348 Do-

2026 1364 2230 1418 minum
2260 1364 2375 1437 [al.
2422 1366 2618 1441 Deum]
2665 1373 2895 1440 sentiat;
2939 1386 2992 1431 et
3027 1393 3364 1450 nequaquam
3411 1383 3606 1446 iratum

2020 1453 2255 1524 judicem
2275 1497 2288 1521 ,
2321 1457 2416 1513 sed
2445 1459 2731 1531 placatum.

2088 1551 2174 1605 18.
2192 1551 2359 1622 Imple
2372 1570 2463 1607 nos
2479 1558 2724 1610 matutina
2739 1560 3084 1616 misericordia
3103 1572 3207 1632 tua,
3225 1574 3271 1623 et
3285 1567 3606 1628 laudabimus

2022 1653 2068 1696 et
2085 1643 2366 1699 [tutabimur
2386 1648 2437 1700 in
2459 1650 2647 1703 cunctis
2669 1651 2840 1705 diebus
2858 1656 3061 1708 nostris.
3090 1655 3434 1729 Septuaginta
3461 1680 3474 1716 :
3501 1661 3605 1721 Re-

2021 1735 2326 1803 pletisumus
2348 1755 2494 1792 mane
2516 1741 2860 1802 misericordia
2886 1754 3056 1811 tua,et
3083 1749 3418 1806 exultavimus
3442 1763 3489 1808 et
3515 1755 3606 1809 de-

2021 1824 2186 1878 lectati
2209 1843 2382 1881 sumus
2404 1829 2455 1882 in
2481 1831 2708 1884 omnibus
2733 1832 2907 1887 diebus
2934 1838 3136 1893 nostris.
3154 1838 3209 1898 In
3228 1843 3436 1898 cunctis
3464 1858 3602 1914 pene

2020 1914 2150 1970 locis
2204 1917 2337 1972 hanc
2383 1919 2582 1976 habent
2625 1922 2969 1996 Septuaginta
3019 1933 3499 2002 consuetudinem,
3545 1945 3602 1991 ut

2017 2007 2155 2076 quod
2187 2011 2322 2078 apud
2357 2010 2609 2068 Hebraeos
2650 2015 2698 2068 in
2732 2015 2961 2072 futurum
2985 2022 3284 2078 ostenditur
3320 2023 3416 2095 [aL
3443 2028 3594 2096 poni-

2017 2097 2140 2169 tur].
2163 2098 2262 2154 hoc
2295 2101 2363 2154 illi
2385 2104 2660 2174 quasijam
2682 2105 2875 2162 factum
2901 2119 2953 2164 et
2979 2113 3309 2180 praeteritum
3337 2117 3594 2177 referant.

2016 2188 2113 2242 Hic
2145 2207 2268 2260 ergo
2291 2234 2303 2255 ,
2339 2209 2443 2248 non
2467 2236 2480 2258 ,
2514 2205 2570 2250 ut
2602 2197 2679 2251 illi
2705 2199 3024 2268 voluerunt,
3055 2204 3239 2260 dicunt
3262 2223 3320 2262 se
3348 2209 3597 2280 impletos

2017 2299 2136 2339 esse
2169 2288 2426 2344 matutina
2457 2291 2824 2348 misericordia
2854 2297 2968 2364 Dei,
2995 2309 3154 2368 atque
3177 2301 3384 2359 laetatos
3416 2318 3431 2358 :
3464 2305 3596 2361 alio-

2015 2379 2103 2448 qui
2135 2380 2180 2434 si
2214 2380 2311 2433 hoc
2347 2382 2544 2438 factum
2577 2396 2726 2454 erat,
2770 2391 3037 2459 quomodo
3067 2402 3254 2462 postea
3282 2395 3594 2467 .deprccau-

2015 2479 2120 2534 tur,
2144 2482 2196 2526 et
2224 2472 2445 2538 dicunt;
2470 2475 2688 2546 Respice
2712 2479 2766 2532 in
2791 2497 2959 2535 servos
2991 2491 3103 2536 tuos
3133 2493 3180 2538 et
3205 2486 3258 2538 in
3286 2503 3440 2556 opera
3463 2499 3547 2543 tua
3569 2492 3595 2545 .9

2014 2560 2108 2616 sed
2148 2571 2314 2618 totum
2346 2566 2485 2635 quod
2518 2569 2808 2638 postulant,
2841 2571 2961 2626 idco
2989 2572 3365 2652 deprecantur,
3398 2588 3454 2634 ut
3481 2595 3597 2637 mc-

2015 2666 2234 2712 reantnr
2273 2663 2587 2718 matutinam
2628 2665 3052 2728 miscricordiam
3087 2670 3240 2740 ejus,
3272 2688 3428 2742 quam
3463 2689 3582 2732 cum

2011 2745 2211 2802 fuerint
2240 2752 2547 2820 consecuti,
2588 2753 2804 2810 laudent
2841 2759 3008 2812 Deum
3053 2768 3212 2830 atque
3255 2763 3502 2822 lzetcntur
3527 2764 3582 2820 in

2011 2843 2215 2897 cunctis
2245 2843 2429 2900 diebus
2454 2847 2577 2902 vitae
2625 2862 2755 2903 suae.
2786 2847 2855 2921 (e)
2885 2850 3142 2907 Videntur
3166 2863 3344 2911 autem
3376 2857 3505 2910 mihi
3536 2859 3588 2920 in

2013 2936 2428 2992 resurrectionis
2456 2952 2605 3008 spem
2635 2949 2851 2996 aeterna
2886 2943 3004 2998 vitae
3025 2947 3250 3015 praemia
3280 2946 3580 3018 deprecari,

2013 3023 2253 3080 dicentes
2287 3043 2299 3080 :
2330 3025 2498 3096 Imple
2522 3045 2613 3084 nos
2638 3032 2890 3085 matutina
2917 3035 3267 3090 misericordia
3297 3047 3401 3092 tua.
3431 3037 3588 3106 Quod

2012 3115 2226 3186 quidem
2259 3126 2312 3172 et
2339 3119 2576 3174 vicesimi
2605 3123 2764 3192 primi
2804 3116 3002 3178 Psalmi
3047 3125 3231 3182 titulus
3269 3139 3457 3197 sonat,
3496 3131 3587 3200 qui

2012 3209 2226 3278 proprie
2263 3209 2329 3264 ad
2368 3212 2678 3282 mysterium
2719 3215 2928 3270 Domini
2955 3226 3009 3272 et
3041 3218 3106 3280 ad
3132 3222 3587 3286 resurrectionem

2011 3301 2126 3370 ejus
2145 3303 2437 3372 pertinens,
2462 3305 2801 3362 inscribitur:
2827 3307 2934 3362 Pro
2955 3313 3299 3383 assumptione
3318 3317 3589 3374 matutina.

2080 3393 2168 3446 19.
2205 3393 2433 3465 Lwti/ica
2482 3415 2573 3453 nos
2629 3416 2723 3468 pro
2763 3400 2956 3466 diebus,
3002 3404 3178 3473 quibus
3227 3424 3318 3460 nos
3383 3407 3593 3486 1064

2009 3487 2246 3558 aﬂlixisti,
2306 3499 2352 3542 et
2415 3491 2563 3544 annis
2591 3531 2609 3560 ,
2650 3493 2835 3560 quibus
2891 3495 3113 3557 uidimus
3157 3498 3312 3553 mala.
3359 3499 3586 3568 Septua-

2009 3578 2150 3646 ginta
2177 3595 2189 3632 :
2219 3577 2396 3632 Lwtati
2423 3598 2595 3634 sumus
2618 3600 2708 3651 pro
2731 3583 2926 3650 diebus,
2955 3587 3135 3655 quibus
3164 3604 3256 3641 nos
3285 3589 3584 3657 humiliasti,

2002 3671 2177 3732 vannis,
2201 3672 2379 3736 quibus
2399 3672 2614 3725 vidimus
2639 3674 2792 3726 utala.
2823 3676 2885 3728 Et
2905 3675 3165 3744 Lazarus,
3193 3680 3281 3748 qui
3313 3691 3593 3749 receperat

2009 3759 2148 3812 mala
2181 3759 2231 3813 in
2272 3761 2374 3813 vita
2417 3775 2552 3828 sua,
2583 3762 2637 3814 in
2665 3763 2785 3817 sinu
2811 3764 3080 3819 Abraham
3127 3777 3332 3823 aeterno
3366 3771 3592 3840 quiescit

2008 3851 2200 3920 gaudio
2231 3850 2385 3921 (Luc.
2411 3852 2524 3922 16).
2551 3851 2682 3906 Mala
2723 3863 2900 3908 autem
2943 3871 3048 3911 non
3083 3872 3144 3912 ea
3189 3860 3424 3928 appellat
3462 3877 3585 3931 qua:

2009 3943 2272 3996 contraria
2305 3943 2458 3998 bonis
2489 3954 2635 4013 sunt,
2657 3945 2758 4001 sed
2791 3962 2888 4016 pro
2912 3948 3204 4007 afflictione
3232 3955 3385 4022 ponit
3412 3963 3467 4009 et
3495 3970 3590 4010 an-

2008 4033 2217 4104 gustiis.
2248 4033 2452 4102 Quibus
2481 4036 2634 4090 malis
2672 4047 2727 4092 et
2767 4037 2898 4093 Sara
2941 4039 3132 4094 afﬂixit
3172 4043 3315 4113 Agar
3338 4045 3586 4099 ancillam

2009 4139 2161 4182 suam
2187 4141 2202 4189 ;
2231 4133 2292 4178 et
2313 4125 2386 4180 de
2416 4127 2613 4196 quibus
2645 4129 2706 4184 in
2735 4130 3031 4200 Evangelia
3058 4128 3316 4192 scribitur
3347 4151 3362 4189 :
3391 4133 3592 4204 Supini!

2009 4217 2108 4270 dici
2137 4217 2341 4272 malitia
2366 4220 2496 4293 ενα(
2521 4221 2768 4278 Motum}.
2801 4225 2911 4295 δὴ.
2931 4225 3147 4292 Quanto
3163 4229 3326 4299 igitur
3343 4230 3513 4299 magis
3538 4230 3590 4285 in

2011 4308 2111 4364 hoc
2133 4311 2352 4378 saeculo,
2374 4313 2853 4382 persecutionibus,
2890 4318 3586 4387 paupertatepinimieorum

2010 4401 2268 4471 potentia,
2292 4403 2377 4458 vel
2406 4405 2714 4461 morborum
2737 4409 3062 4464 cruciatibus
3087 4408 3347 4465 fuerimus
3369 4408 3582 4475 afflicti;

2009 4503 2158 4548 tanto
2179 4504 2311 4565 post
2337 4499 2790 4554 resurrectionem
2823 4500 2879 4554 in
2908 4500 3094 4554 futuro
3117 4503 3327 4570 majora
3363 4505 3586 4573 praemia

2007 4601 2422 4656 consequemur.
2458 4589 2689 4644 Pulchre
2717 4600 2893 4646 autem
2929 4607 3033 4645 non
3063 4593 3229 4657 dixit,
3253 4595 3588 4648 sustinuimus

2006 4673 2180 4737 mala;
2202 4672 2294 4726 sed
2323 4673 2559 4726 vidimus.
2591 4673 2723 4740 Quis
2751 4677 2893 4729 cutim
2923 4685 3006 4730 est
3035 4678 3195 4733 homo
3224 4679 3313 4748 qui
3337 4680 3502 4744 vivat,
3533 4691 3589 4736 et

2006 4781 2112 4820 non
2137 4766 2310 4818 videat
2340 4775 2564 4820 mortem
2583 4766 2610 4838 -(
2635 4766 2875 4822 Psal.88.
2904 4769 2972 4824 £9
3001 4768 3062 4841 )‘l
3091 4771 3219 4839 Qum
3241 4787 3350 4826 non
3380 4780 3488 4826 tam
3521 4773 3587 4827 ad

2007 4857 2407 4913 dissolutionem
2439 4859 2680 4927 corporis
2712 4860 2992 4916 referenda
3019 4875 3124 4930 est,
3161 4879 3320 4935 quam
3349 4865 3415 4920 ad
3447 4867 3590 4920 mul-

2009 4946 2284 5004 titudinem
2327 4955 2700 5020 peccatorum,
2735 4950 2888 5020 juxta
2927 4967 3086 5021 quam
3127 4954 3580 5016 dicitur;,Aniina

2004 5057 2117 5114 quia
2141 5042 2416 5113 pwcwerit
2436 5084 2450 5110 ,
2479 5042 2592 5112 ipsa
2615 5045 2860 5099 morietur
2875 5044 3080 5115 (Eucti
3134 5047 3249 5122 18).

2067 5269 2144 5340 (ᾳ)
2179 5266 2275 5340 Alii
2315 5281 2376 5340 ex
2403 5270 2550 5340 editis
2585 5285 2641 5324 ac
2673 5272 2791 5324 Mss.
2823 5276 3065 5340 eligimus,
3085 5277 3216 5340 quod
3247 5274 3432 5340 referri
3457 5287 3586 5325 coni-

2003 5331 2148 5407 mode
2171 5337 2352 5407 .pptes‘t
2395 5332 2476 5407 ad.
2499 5347 2632 5394 eam,
2663 5350 2813 5407 quam
2853 5331 3177 5407 Hieroningi'us
3215 5336 3586 5407 eiuwliraserat

2003 5393 2190 5464 Psalmi
2207 5393 2877 5468 duodecimiexposit'iouem,
2907 5393 3184 5468 ilitcr'illos,
3206 5399 3272 5468 de
3303 5398 3584 5468 quibus‘te-

2003 5463 2157 5531 statur
2183 5458 2283 5514 ipse
2299 5457 2355 5531 in
2377 5457 2603 5531 catalogo
2625 5474 2655 5509 a
2679 5457 3030 5531 decituo'usgue
3047 5460 3113 5509 ad
3129 5457 3584 5531 decunuin‘sezetum

2002 5516 2248 5565 Psalmum
2299 5516 2568 5571 Tractatus'
2589 5529 2769 5586 septem
2817 5516 3130 5572 concinnasse
3150 5560 3164 5580 ,
3199 5522 3286 5583 qui
3325 5520 3587 5571 intercide-

2001 5586 2130 5627 runt.

2065 5639 2130 5716 ge)
2167 5641 2324 5716 Antea
2347 5650 2461 5716 erat
2483 5644 2715 5716 singulari
2740 5654 2970 5716 numero,
2993 5655 3090 5712 nec
3110 5643 3447 5716 superiori-hys
3467 5645 3587 5716 satis

2004 5703 2312 5777 colimreiiter
2334 5704 2523 5754 videtur
2640 5705 2802 5754 dicens
2828 5710 2971 5777 :_tum
2998 5703 3050 5754 iu
3075 5703 3542 5777 praeposiﬁe‘deerat
3564 5727 3582 5777 -,

2001 5765 2450 5877 amballilprsensu
2487 5776 2594 5829 post
2630 5765 2992 5818 resurrectionis
3025 5765 3190 5832 spent,
3232 5765 3506 5833 copulativa
3523 5765 3585 5823 et

2001 5840 2028 5877 ε
2191 5842 2217 5876 a
2304 5861 2316 5875 .

2001 5828 2316 5881 subdebatur.
