4080 6340
554 455 694 514 1179

619 570 710 627 20.
743 568 1003 641 Appareat
1027 565 1168 638 apud
1197 578 1364 622 servos
1392 572 1506 620 tuos
1536 577 1664 634 Opus
1692 570 1855 626 tuum,
1886 567 1932 612 et
1957 557 2126 628 gloria

550 674 638 718 tua
653 677 804 732 super
823 659 958 728 ﬁlios
982 675 1173 714 eorum.
1195 656 1539 727 Septuaginta
1563 670 1580 713 ι
1604 653 1680 724 (a)
1711 650 1928 721 Respice
1949 648 2001 702 in
2025 663 2125 702 ser-

547 769 635 808 vos
663 763 774 806 tuos
793 793 808 820 ,
841 761 888 806 et
913 751 969 805 in
999 766 1156 821 opera
1181 758 1290 816 tua,
1327 756 1373 802 et
1397 746 1562 816 dirige
1587 743 1722 814 ﬁlios
1752 756 1949 796 eorum.
1980 737 2125 809 Ergo

552 845 606 900 in
633 844 805 900 servis
827 843 938 899 suis
964 842 1080 914 ipse
1105 842 1359 897 Dominus
1381 847 1635 910 Operatur
1654 850 1788 906 opus
1814 847 1994 889 suum.
2016 829 2128 887 Nec

547 954 762 1010 propria
792 937 881 1009 qui
907 937 1144 1008 postulat
1169 935 1340 991 salute
1365 939 1649 989 contentus
1678 937 1783 994 est,
1811 925 1908 983 sed
1935 923 2126 996 qumrit

545 1032 772 1103 gloriam
800 1031 1052 1098 ﬁliorum,
1084 1029 1136 1084 id
1161 1036 1265 1095 est,
1299 1039 1579 1083 servorum
1609 1022 1725 1077 Dei.
1757 1019 1924 1075 Filios
1945 1025 2123 1072 autem

547 1139 652 1178 non
697 1131 802 1178 tam
847 1122 967 1178 illos
1009 1122 1098 1192 qui
1141 1120 1210 1175 de
1255 1134 1439 1174 eorum
1483 1115 1654 1185 stirpe
1692 1109 1936 1184 generati
1976 1115 2122 1174 sunt,

543 1233 702 1288 quam
741 1217 1033 1287 discipulos
1079 1215 1334 1270 debemus
1380 1211 1662 1280 accipere;
1709 1206 1776 1260 dc
1823 1204 2014 1274 quibus
2069 1208 2126 1256 et

544 1309 742 1364 Paulus
765 1308 1120 1378 loquebatur:
1153 1305 1332 1359 Filioli
1361 1302 1490 1368 mei,
1528 1316 1654 1371 quos
1678 1300 1861 1352 iterum
1896 1292 2122 1364 parturio

552 1398 697 1471 (Gal.
728 1401 783 1454 1.
814 1398 930 1470 19).
961 1397 1114 1454 Unde
1142 1406 1195 1452 et
1241 1395 1477 1451 Joannes
1509 1390 1799 1461 Apostolus
1828 1383 2121 1442 secundum

546 1490 739 1545 merita
769 1489 998 1543 ﬁliorum
1028 1503 1266 1551 suorum,
1297 1485 1670 1555 profectusque
1691 1494 1914 1549 operum
1939 1477 2126 1546 singu-

478 1613 480 1616 ν
545 1580 739 1646 lorum,
768 1579 955 1634 scribit
979 1579 1044 1632 ad
1069 1577 1338 1648 parvulos,
1365 1574 1552 1630 scribit
1577 1571 1643 1627 ad
1666 1575 1912 1642 juvenes,
1939 1567 2122 1624 scribit

543 1673 610 1728 ad
637 1681 834 1742 patres.

612 1765 704 1820 21.
735 1764 799 1818 Et
817 1764 880 1819 sit
907 1763 1060 1818 decor
1081 1761 1290 1817 Domini
1312 1759 1408 1815 Dei
1435 1758 1593 1815 nostri
1614 1773 1767 1826 super
1787 1770 1900 1820 nos,
1926 1762 1974 1806 et
1994 1765 2122 1821 Opus

546 1873 787 1910 manuum
817 1865 1102 1910 nostrarum
1124 1859 1208 1926 fac
1239 1854 1418 1908 stabile
1444 1869 1598 1922 super
1618 1867 1709 1905 nos
1737 1865 1756 1903 :
1785 1857 1832 1903 et
1855 1863 1984 1917 opus
2012 1859 2124 1897 ma-

544 1967 703 2004 nuum
731 1961 1017 2003 nostrarum
1045 1950 1310 2018 conﬁrma.
1341 1946 1688 2018 Septuaginta
1717 1961 1731 2001 :
1758 1942 1825 1997 Et
1852 1943 1915 1996 sit
1945 1939 2119 2010 splen-

541 2041 637 2094 dor
677 2040 884 2094 Domini
922 2040 1017 2094 Dei
1057 2041 1215 2094 nostri
1251 2056 1402 2108 super
1439 2055 1567 2104 nos;
1606 2045 1654 2091 et
1694 2051 1848 2106 apera
1877 2046 2120 2086 manuum

543 2143 833 2188 nostrarum
861 2133 1024 2204 dirige
1069 2149 1222 2203 super
1262 2149 1353 2186 nos
1375 2147 1394 2185 :
1416 2131 1492 2201 (b)
1519 2139 1564 2183 et
1597 2145 1725 2198 opus
1754 2109 1997 2180 manuum
2025 2139 2120 2178 no-

543 2208 767 2280 strarum
796 2225 977 2296 dirige.
1010 2223 1112 2280 Ubi
1138 2232 1262 2278 sunt
1290 2223 1379 2293 qui
1406 2220 1560 2276 liberi
1587 2218 1795 2275 arbitrii
1824 2217 1925 2272 sibi
1957 2224 2117 2286 pote-

544 2327 684 2376 state
715 2318 1050 2390 plaudentes,
1082 2319 1136 2372 in
1164 2332 1230 2372 eo
1258 2325 1442 2386 putant
1461 2330 1520 2370 se
1551 2313 1644 2369 Dei
1673 2312 1899 2384 gratiam
1929 2324 2118 2372 conse-

540 2422 714 2478 cutos,
797 2410 1007 2483 1065
1089 2410 1134 2464 si
1160 2407 1394 2463 habeant
1420 2415 1734 2478 potestatem
1759 2401 2117 2469 faciendi,vel

539 2519 647 2560 non
668 2502 894 2559 faciendi
921 2505 1080 2568 bona,
1103 2503 1214 2557 sive
1235 2501 1412 2556 mala?
1433 2500 1572 2555 Ecce
1594 2497 1679 2553 hic
1700 2497 1886 2552 beatus
1907 2494 2118 2564 Moyses

542 2604 665 2665 post
689 2594 1136 2650 resurrectionem
1167 2607 1326 2662 quam
1355 2591 1740 2661 postulaverat,
1765 2587 1988 2642 dicens:
2015 2581 2119 2638 lm-

539 2686 625 2753 ple
663 2701 756 2739 nos
793 2684 1041 2737 matutina
1075 2682 1424 2736 misericordia
1457 2691 1580 2748 tua,
1620 2689 1667 2735 et
1712 2677 2037 2734 laudabimus
2069 2683 2116 2729 et

536 2776 822 2830 [tutabimur
848 2776 901 2829 in
926 2776 1117 2829 cunctis
1143 2774 1315 2828 diebus
1341 2775 1524 2828 nostris
1547 2814 1562 2838 ,
1603 2785 1936 2843 nequaquam
1966 2783 2028 2823 su
2048 2783 2117 2822 r—

537 2868 745 2924 rexisse
773 2877 1060 2924 contentus
1089 2875 1206 2932 est,
1249 2875 1304 2922 et
1337 2876 1552 2920 :ctcrna:
1581 2865 1708 2920 vitae
1740 2862 1957 2934 prannia
1987 2875 2117 2915 con-

541 2966 826 3028 secutum;
856 2959 950 3014 sed
981 2959 1251 3029 postulat,
1281 2965 1339 3011 ut
1364 2955 1528 3011 decor
1555 2955 1765 3010 Domini
1805 2954 1898 3009 Dei
1933 2953 2012 3008 sui
2047 2954 2118 3010 sit

539 3065 704 3122 super
729 3067 823 3108 eos
845 3053 934 3124 qui
959 3052 1326 3118 surrexerint,
1357 3059 1412 3106 et
1437 3049 1715 3120 splendeat
1751 3049 1803 3104 in
1833 3050 2116 3108 animabus

541 3145 898 3217 eordibusque
937 3155 1242 3201 sanctorum
1273 3153 1289 3199 ε
1318 3153 1374 3201 et
1416 3159 1580 3215 opera
1625 3159 1879 3199 manuum
1926 3159 2112 3200 eorum

541 3234 659 3304 ipse
680 3236 893 3307 dirigat,
925 3235 1189 3306 faciatque
1208 3251 1330 3291 esse
1350 3243 1603 3306 perpetua
1628 3252 1643 3292 ε
1667 3235 1888 3305 ipseque
1914 3235 2114 3290 conﬁr-

537 3333 651 3381 met
694 3326 948 3396 quidquid
991 3328 1043 3381 in
1087 3327 1287 3382 sanctis
1324 3325 1535 3381 videtur
1577 3325 1722 3380 boni.
1766 3324 1916 3381 Sicut
1962 3325 2112 3381 enim

535 3418 814 3474 humilitas
839 3418 1179 3488 deprecantis
1209 3429 1445 3473 meretur
1475 3418 1692 3487 prmmia
1721 3433 1736 3473 :
1765 3418 1835 3472 ita
1861 3417 2112 3489 superbia

531 3510 944 3568 comtemnentis
979 3508 1050 3583 [al
1093 3506 1415 3581 conﬁdentis]
1453 3509 1547 3565 Dei
1583 3509 1780 3565 auxilio
1806 3509 2109 3565 deseretur.

941 3727 1274 3787 EPISTOLA
1314 3729 1384 3802 (c)
1421 3727 1582 3785 cxu
1620 3729 1726 3801 (ά).

1086 3925 1155 3965 ΔΙ)
1190 3923 1542 3966 ΔυΕυΒΤΙΝιῙΙ.

533 4100 830 4162 Gratulatur
856 4109 964 4180 ejus
1007 4109 1288 4176 industria,
1320 4125 1410 4180 per
1446 4123 1598 4178 quam
1641 4107 1988 4162 Iiwreticorum
2025 4110 2112 4178 fa-

606 4201 852 4258 ctionibus
871 4202 1134 4271 obstiterit,
1160 4219 1316 4275 eaque
1342 4206 1396 4259 in
1421 4220 1476 4259 re
1500 4220 1646 4258 suum
1669 4220 1864 4275 quoque
1885 4203 2112 4259 studium

601 4292 914 4362 testiﬁcatur.

605 4472 833 4529 Domino
859 4483 1046 4531 sancto
1069 4489 1134 4531 ac
1162 4472 1469 4530 beatissimo
1507 4473 1664 4545 Papa
1717 4474 2109 4534 AUGUSTINO

533 4561 1002 4624 HIERONYMUS.

604 4737 762 4793 Omni
791 4739 1007 4808 quidem
1035 4748 1277 4811 tempore
1304 4740 1689 4799 beatitudinem
1724 4752 1892 4814 tuam,
1919 4759 1987 4802 eo
2006 4759 2112 4817 quo

591 4959 665 5022 (a)
700 4957 841 5024 Hunc
870 4962 1008 5024 juxta
1046 4960 1188 5011 LXX.
1213 4963 1536 5023 versiculum,
1562 4965 1717 5015 inscio
1739 4962 1946 5024 lectoro,
1983 4966 2112 5016 Mar-

530 5021 745 5098 tiapagsns.
771 5021 1019 5098 Erasmum
1056 5032 1254 5074 secutus
1293 5021 1548 5098 expunxit,
1585 5040 1732 5098 quem
1768 5021 2008 5098 Victorius
2047 5041 2111 5077 ex

529 5082 774 5150 B_rixianis
810 5084 1056 5150 codicibus
1086 5082 1388 5150 reposuerat.
1413 5082 1574 5150 Atque
1599 5082 1692 5150 ille
1717 5088 1912 5150 quidem
1935 5091 2111 5139 abesse

528 5145 714 5207 absque
752 5146 1012 5210 subnexze
1037 5145 1447 5210 interpretationis
1491 5145 1749 5210 diSpendid
1789 5156 1982 5210 potest;
2022 5151 2111 5200 sed

528 5215 705 5268 praeter
720 5207 922 5272 aliorum
947 5207 1093 5272 etiam
1117 5207 1228 5255 Mss.
1248 5207 1409 5272 ﬁdem,
1431 5212 1477 5272 in
1493 5207 1668 5272 quibus
1689 5207 1822 5272 saepe
1843 5207 2109 5271 invenitur,

524 5266 649 5334 Stata
673 5281 728 5316 ac
748 5268 884 5334 ﬁrma
906 5266 1301 5334 _est_l-liero_nymi
1324 5266 1571 5334 regula'et
1608 5266 1906 5334 miisuetudo
1927 5308 1939 5330 ,
1966 5266 2110 5334 quani

525 5329 742 5379 studiose
765 5333 812 5380 in
838 5331 980 5394 hujus
999 5329 1510 5394 Psalmi,'atgt_i_e‘alibi
1545 5335 1592 5380 in
1616 5331 1816 5380 aliarum
1841 5329 2110 5394 Scriptura-

525 5403 640 5457 rum_
657 5389 964 5457 expositione
987 5402 1168 5457 servat,
1192 5401 1248 5441 ut
1269 5389 1409 5457 LXX.
1442 5395 1717 5457 versionem
1740 5389 2071 5457 simulju'ngat
2091 5433 2106 5457 ,

527 5411 630 5437 rum
657 5411 964 5454 υιρυδιιιυιιε
987 5411 1168 5452 servat,
1193 5411 1248 5441 ιιι.
1269 5411 1409 5440 LAA.
1443 5411 1717 5441 νει-81011611]
1740 5411 1881 5442 81111111
1923 5411 2071 5456 ungat.
2091 5433 2106 5457 ,

527 5453 642 5518 et_si
668 5453 860 5518 quando
893 5455 1038 5518 etiam
1068 5453 1212 5506 aliter
1235 5453 1362 5517 apud
1393 5465 1480 5502 eos
1501 5466 1597 5502 non
1623 5453 1856 5516 habetur,
1880 5411 1927 5504 id
1952 5455 2109 5518 ipsum

523 5512 698 5560 salleni
722 5514 958 5564 lectorem
981 5516 1169 5566 doceat.

589 5573 658 5644 (b)
692 5575 981 5644 alterahzec
997 5578 1196 5644 auditio,
1208 5583 1254 5644 et
1263 5591 1381 5644 opus
1397 5589 1624 5644 manuum
1639 5582 1919 5644 nostrarum
1927 5577 2103 5644 dirige,

523 5649 588 5701 in
613 5635 797 5701 Latinis
834 5637 1026 5701 aliquot
1052 5635 1306 5689 Psalteriis
1344 5638 1692 5688 vetustioribus
1731 5646 1783 5701 et
1825 5635 2106 5701 quibusdam

525 5699 670 5762 etiam
697 5697 881 5748 Graecis
913 5697 1050 5748 codd.
1075 5715 1170 5750 non
1206 5703 1434 5758 habetur,
1460 5713 1625 5762 neque
1664 5701 1712 5747 in
1752 5697 1960 5749 Romana
2001 5703 2106 5750 edi-

525 5757 693 5822 tione;
737 5767 1000 5822 monetque
1045 5763 1346 5822 Augustinus
1384 5757 1434 5811 in
1484 5757 1890 5812 enicndatissimis
1929 5763 2106 5813 codici-

651 5817 880 5871 aSterisco
915 5817 1089 5882 notari,
1114 5817 1168 5874 ut
1209 5838 1274 5874 ex
1304 5825 1520 5876 Hebraeo
1561 5821 1832 5890 supplenda
1866 5825 2105 5876 indicare-

547 5892 619 5926 Ul‘.

592 5939 654 6004 (ε)
693 5941 764 5991 at.
790 5943 868 5994 80.
891 5944 1078 6008 Scripta
1097 5948 1220 6008 forte
1241 5961 1322 6000 an.
1346 5947 1460 5999 418,

1657 6093 1673 6104 δ
1739 6093 1768 6105 ο

1818 444 2058 501 SANCTI
2098 443 2478 502 HIERONYMI

3682 445 3821 505 1180

2235 580 2394 637 decet
2419 580 2625 638 honore
2648 621 2666 651 ,
2708 590 2997 640 veneratus
3020 595 3176 652 sum;
3215 589 3274 640 et
3311 582 3654 641 habitantem
3683 582 3738 638 in
3770 593 3823 638 to

2233 671 2397 728 dilexi
2439 673 2713 731 dominum
2757 675 3090 732 Salvatorem
3132 694 3148 732 :
3189 675 3286 733 sed
3324 672 3420 749 [al.
3465 673 3536 750 et]
3576 689 3743 742 nunc,
3775 675 3818 730 si

2239 763 2354 820 ﬁeri
2383 775 2597 835 potest,
2625 768 2840 824 cumulo
2869 767 3067 839 aliquid
3097 767 3365 835 addimus,
3405 776 3462 824 et
3486 768 3650 838 plene
3671 781 3818 822 com-

2234 855 2469 927 plemus,
2501 866 2559 913 ut
2597 859 2798 930 absque
2837 860 2916 915 tui
2964 859 3198 916 nominis
3237 857 3532 924 mentione,
3562 874 3632 914 ne
3659 873 3817 913 unam

2234 947 2450 1018 quidem
2473 949 2658 1006 horam
2675 952 2953 1022 prmterire
2980 953 3264 1022 patiamur,
3290 952 3380 1022 qui
3407 961 3598 1008 contra
3625 951 3816 1008 ﬂantes

2237 1051 2427 1098 ventos
2453 1043 2646 1100 ardore
2686 1044 2811 1100 ﬁdei
2855 1045 3154 1116 perstitisti.
3188 1044 3437 1113 Maluisti,
3469 1053 3734 1115 quantum
3763 1045 3814 1100 in

2237 1141 2289 1190 te
2313 1133 2430 1203 fuit,
2462 1137 2610 1193 solus
2632 1136 2852 1194 liberari
2880 1138 2950 1194 de
2971 1138 3240 1204 Sodomis,
3267 1153 3425 1208 quam
3446 1153 3571 1193 cum
3592 1154 3816 1209 pereun-

2235 1228 2375 1282 tibus
2421 1231 2761 1286 commorari.
2819 1230 2930 1286 Scit
2972 1230 3101 1300 quid
3147 1230 3320 1286 dicam
3371 1229 3652 1300 prudentia
3703 1240 3813 1287 tua.

2233 1317 2402 1374 Macte
2429 1319 2644 1386 virtute,
2676 1321 2730 1376 in
2761 1321 2891 1377 orbe
2913 1319 3006 1392 ιρι.
3031 1319 3190 1393 urbe]
3217 1321 3524 1378 celebraris.
3557 1321 3815 1378 Catholici

2237 1419 2287 1465 te
2312 1411 2646 1467 conditorem
2667 1415 2902 1484 antiquae
2928 1429 3137 1468 rursum
3161 1412 3282 1468 ﬁdei
3308 1425 3640 1470 venerantur
3659 1424 3814 1486 atque

2242 1505 2574 1572 suspiciunt;
2621 1515 2696 1572 et,
2742 1505 2885 1577 quod
2937 1507 3147 1577 signum
3188 1507 3409 1577 majoris
3461 1507 3649 1578 gloria:
3693 1517 3811 1576 est,

2235 1612 2424 1652 omnes
2453 1597 2693 1653 haeretici
2720 1597 3059 1654 detestantur
3085 1614 3100 1652 :
3131 1605 3186 1654 et
3218 1614 3306 1654 me
3335 1600 3450 1669 pari
3481 1615 3810 1669 persequun-

2237 1695 2324 1742 tur
2345 1688 2503 1754 odio;
2535 1697 2590 1742 ut
2610 1704 2746 1759 quos
2772 1689 2966 1760 gladiis
2994 1700 3290 1760 nequeunt,
3312 1699 3438 1746 voto
3464 1691 3806 1746 interﬁciant.

2232 1777 2559 1836 incolumem
2587 1789 2642 1835 et
2668 1781 2771 1836 mei
2798 1796 3094 1836 memorem
3129 1791 3180 1836 te
3216 1781 3416 1837 Christi
3453 1783 3669 1838 Domini
3707 1784 3810 1839 cle-

2232 1872 2428 1927 mentia
2483 1880 2693 1928 tueatur
2720 1911 2738 1941 ,
2785 1871 3006 1929 domine
3052 1872 3358 1930 venerande
3405 1881 3460 1930 et
3506 1873 3808 1930 beatissime

2229 1963 2390 2035 Papa.

2540 2159 2749 2232 meo
2820 2158 3155 2216 EPISTOLA
3177 2159 3249 2234 (ε)
3289 2159 3496 2218 CXLII.

2786 2349 2854 2388 AD
2891 2349 3244 2392 Αυαυετωωί.

2225 2513 2496 2584 Signiﬁcat
2524 2512 2790 2567 damnatas
2817 2512 3029 2568 hwreses
3057 2515 3190 2569 clam
3211 2526 3259 2571 et
3283 2516 3479 2588 oblique
3498 2518 3669 2573 adhuc
3699 2535 3804 2574 meo

2296 2607 2380 2662 liri
2401 2648 2417 2676 ,
2448 2615 2495 2662 et
2522 2623 2623 2661 non
2651 2606 2898 2662 neminem
2927 2617 3177 2680 potentem
3203 2626 3330 2678 esse,
3360 2613 3448 2682 qui
3482 2611 3804 2668 dissimulan-

2294 2713 2368 2758 ter
2393 2701 2464 2758 eis
2490 2700 2672 2771 faveat.

2294 2883 2522 2940 Domino
2548 2894 2738 2945 sancto
2760 2901 2826 2944 ac
2861 2887 3175 2946 beatissimo
3213 2885 3373 2960 Papa:
3413 2883 3801 2944 AUGUSTINO

2223 2975 2690 3037 lilERONYMUS.

2297 3149 2446 3206 Multi
2515 3161 2741 3225 utroque
2802 3155 3111 3212 claudicant
3179 3155 3349 3228 pede;
3395 3164 3450 3213 et
3496 3171 3566 3212 ne
3625 3154 3798 3211 fractis

2219 3243 2435 3314 quidem
2503 3247 2805 3303 cervicibus
2883 3248 3254 3318 inclinantur,
3333 3248 3596 3306 habentes
3666 3248 3798 3305 affe-

2219 3346 2363 3392 ctum
2428 3339 2631 3394 erroris
2675 3340 2927 3410 pristini,
2977 3356 3100 3397 cum
3167 3340 3492 3411 praedicandi
3559 3341 3797 3398 eamdem

2220 3444 2326 3485 non
2352 3429 2586 3486 habeant
2613 3431 2940 3488 libertatem.
2965 3433 3148 3489 Sancti
3184 3433 3401 3502 fratres,
3438 3433 3528 3504 qui
3559 3449 3679 3488 cum
3705 3448 3799 3489 no-

2218 3532 2330 3578 stra
2359 3532 2483 3580 sunt
2509 3523 2771 3594 parvitate
2791 3566 2808 3593 ,
2844 3525 3115 3595 praecipue
3141 3534 3340 3582 sancta
3373 3541 3440 3582 ac
3464 3525 3800 3582 venerabiles

2220 3616 2344 3671 ﬁliae
2389 3625 2513 3684 tuas,
2546 3617 2862 3689 suppliciter
2906 3627 2961 3674 te
2989 3618 3244 3674 salutant.
3285 3619 3503 3676 Fratres
3533 3629 3674 3685 tuos,
3703 3619 3798 3674 do-

2218 3708 2420 3763 minum
2445 3723 2626 3764 meum
2655 3709 2928 3780 Alypium,
2955 3719 3010 3766 et
3039 3710 3315 3766 dominum
3344 3727 3523 3768 meum
3550 3711 3626 3784 (b)
3658 3711 3797 3767 Evo-

2219 3799 2366 3856 dium
2387 3839 2403 3868 ,
2436 3811 2494 3857 ut
2523 3817 2645 3858 meo
2677 3802 2892 3858 nomine
2931 3803 3135 3858 salutes
3159 3845 3174 3870 ,
3201 3818 3394 3875 precor
3440 3805 3516 3875 (Ῑ)
3547 3818 3796 3860 coronam

2219 3900 2384 3947 tuam.
2414 3893 2578 3964 Capta
2613 3892 2688 3965 (g)
2717 3893 3015 3950 Jerusalem
3058 3902 3274 3950 tenetur
3307 3910 3338 3949 a
3367 3893 3797 3951 Nabuchodono-

2218 3997 2331 4052 sor,
2365 3999 2467 4041 nec
2505 3983 2753 4041 Jeremia:
2789 3985 2904 4041 vult
2945 3984 3134 4042 audire
3162 3986 3386 4043 consilia
3417 4003 3431 4042 :
3463 3987 3589 4057 quin
3621 3986 3796 4059 potius

2281 4227 2359 4290 (ά)
2389 4225 2573 4290 Alsthaac
2585 4224 2800 4290 Epistola
2824 4227 2875 4290 in
2892 4225 3006 4276 Mss.
3029 4225 3220 4276 duobus
3239 4227 3451 4290 Monast.
3468 4225 3794 4278 Vindocinen-

2216 4287 2302 4352 sis,
2323 4287 2658 4352 referentibus
2676 4289 3028 4352 Benedietinis,
3048 4289 3270 4351 proxime
3292 4289 3532 4352 superiori
3555 4290 3792 4352 subditur,

2218 4351 2699 4414 interiectistantum
2723 4351 2800 4414 his
2831 4351 2989 4414 tribus
3019 4350 3202 4410 verbis,
3226 4350 3476 4414 Jam‘post
3514 4350 3794 4414 meriptio—

2215 4409 2502 4461 nem.'uulti
2525 4417 2724 4475 utroque
2749 4409 3041 4472 claudicant,
3069 4409 3316 4474 etc.,quaa
3349 4409 3490 4475 nobis
3522 4409 3794 4475 coniunctio

2217 4476 2265 4521 in
2286 4486 2446 4536 _tmam
2471 4485 2580 4536 cum
2613 4473 2779 4536 primis
2800 4475 3057 4535 probatur,
3083 4473 3482 4536 quibusminime
3508 4482 3585 4522 est
3611 4473 3792 4523 verosi-

2216 4533 2332 4597 mile
2349 4570 2363 4591 ,
2390 4541 2486 4582 tam
2524 4533 2678 4597 breve
2700 4533 2928 4597 dictatum
2948 4571 2962 4592 ,
2986 4548 3084 4597 quo
3100 4533 3201 4583 'non
3227 4535 3318 4583 nisi
3344 4536 3548 4595 aenigma
3570 4547 3720 4583 unum
3743 4540 3794 4597 et

2217 4593 2425 4658 alterum
2449 4596 2756 4658 renuntiatur
2775 4634 2788 4654 ,
2823 4596 2897 4658 sic
2917 4593 3316 4658 abs'Hieronymo
3337 4593 3544 4645 seor'sim
3565 4597 3714 4646 scribi
3734 4595 3792 4646 ad

2216 4657 2544 4717 Augustinum
2583 4657 2819 4718 potuisse.
2859 4656 2931 4706 Ad
2965 4656 3374 4718 haecsa'iptionis
3414 4659 3698 4718 ingenium,
3739 4669 3792 4708 ac

2217 4721 2375 4780 series
2410 4718 2531 4766 hanc
2563 4717 2834 4780 Superioris
2864 4731 2977 4768 esse
3014 4717 3167 4767 veluti
3200 4717 3523 4780 appendicem
3571 4720 3788 4780 probant.

2217 4779 2314 4829 Sed
2352 4793 2460 4829 cum
2497 4781 2548 4828 in
2589 4777 2796 4842 vulgatis
2817 4780 2909 4828 huc
2931 4777 3338 4842 usqueomni‘bus
3377 4781 3423 4828 iu
3460 4777 3586 4828 duas
3603 4780 3790 4842 disper-

2217 4844 2422 4903 tiantur,
2449 4847 2600 4903 atque
2622 4840 2714 4903 ipSi
2753 4841 2805 4890 S.
2847 4840 3106 4903 Augustini
3141 4840 3383 4903 editores,
3409 4842 3588 4903 quibus
3624 4840 3788 4903 eorum

2217 4903 2330 4953 Mss.
2358 4901 2479 4952 ﬁdes
2504 4900 2760 4964 perspecta
2784 4911 2907 4964 erat,
2928 4900 3054 4952 hanc
3077 4903 3138 4951 ab
3162 4900 3241 4950 illa
3264 4915 3360 4952 non
3383 4900 3648 4962 utcumque
3666 4939 3679 4960 ,
3705 4900 3790 4951 sed

2217 4972 2328 5014 octo
2351 4977 2583 5026 annorum
2609 4965 2871 5026 interstitio
2886 4972 3134 5026 separent,
3155 4966 3365 5026 antiquze
3386 4965 3656 5012 auctoritati
3679 4976 3790 5012 con-

2217 5027 2368 5076 traire
2392 5039 2487 5088 non
2512 5024 2856 5088 placuittlieic
2886 5024 3046 5088 tamen
3071 5038 3158 5074 suo
3181 5024 3287 5088 loco:
3325 5025 3608 5086 subdinius,
3634 5038 3688 5074 ut
3709 5037 3790 5074 na-

2217 5087 2316 5138 tivo
2337 5087 2498 5149 ordini
2514 5085 2798 5149 quoadﬂeri
2829 5087 3102 5149 praestabat,
3127 5086 3510 5137 consuleremus.

2301 5149 2347 5210 e)
2379 5147 2454 5211 ._4(.
2479 5147 2554 5211 δι’.
2581 5147 3210 5211 scriptdeodemtempore.

2301 5207 2717 5282 QEvpdius'iste
2755 5207 3013 5259 Uxalensis
3048 5207 3153 5273 est,
3186 5223 3274 5274 per
3310 5209 3356 5260 id
3396 5211 3631 5274 temporis
3668 5210 3788 5260 fam

2214 5273 2486 5322 sanctitatis
2516 5273 2804 5320 notissimus.

2283 5331 2346 5396 lg)
2384 5332 2453 5396 Ex
2482 5345 2544 5380 co
2563 5331 2699 5390 dicit,
2723 5332 2850 5396 quod
2878 5332 3102 5396 Episcopi
3142 5333 3317 5384 Africae
3348 5333 3545 5396 capillos
3569 5336 3617 5382 in
3653 5346 3790 5382 coro-

2214 5394 2530 5456 nass'peciem
2553 5399 2720 5458 tonsas
2739 5395 3010 5458 deferrent.
3051 5394 3194 5458 Idem,
3210 5397 3372 5458 itaque
3495 5431 3509 5452 ,
3537 5408 3600 5458 ac
3617 5407 3790 5458 precor

2213 5455 2356 5518 caput
2377 5462 2530 5518 tuum,
2553 5462 2637 5503 aut
2655 5455 2947 5518 dignitatem
2969 5465 3117 5506 tuam.
3143 5455 3385 5518 Pleraque
3424 5456 3517 5505 alia
3555 5455 3636 5505 bis
3657 5456 3788 5505 simi-

2213 5515 2283 5566 lia'
2301 5515 2525 5578 exempla
2549 5515 2774 5565 invenire
2799 5526 2894 5566 est.

2275 5577 2657 5640 (h)_r.lerusalem
2681 5586 2732 5640 et
2754 5578 3188 5630 Nabuchodonosor
3206 5579 3477 5629 nominibus
3501 5584 3671 5640 putant
3685 5579 3791 5640 quie

2212 5639 2320 5688 dam
2344 5638 2560 5712 i‘ipmam,
2587 5646 2640 5712 et
2660 5639 2922 5712 Alaricum,
2947 5641 3182 5712 qui_illa_m
3215 5643 3360 5702 cepit,
3383 5638 3666 5712 significari.
3692 5638 3791 5689 Alii

2212 5715 2321 5750 cum
2352 5700 2564 5765 Victorio
2586 5700 2821 5765 Joannem
2854 5700 3306 5765 Jerosolymitanum
3324 5737 3338 5760 ,
3361 5700 3446 5764 qui
3467 5701 3630 5765 adhuc
3652 5714 3790 5751 erm-

2210 5775 2295 5826 res
2316 5774 2447 5819 suos,
2472 5764 2576 5826 sive
2595 5763 2693 5823 jam
2715 5763 2959 5814 damnatas
2981 5762 3197 5826 haereses
3215 5805 3228 5822 ,
3256 5772 3366 5826 puta
3380 5762 3790 5826 Pelagianorum,

2212 5824 2332 5873 clam
2374 5830 2424 5872 et
2471 5822 2670 5886 oblique
2705 5833 2965 5887 conaretur
3009 5822 3296 5884 defendere,
3343 5832 3395 5873 et
3435 5822 3797 5887 Jerosolymam

2210 5884 2626 5997 ἑὲἓῗὲιὴὲἓέἓῗωίθ
2644 5920 2659 5949 ,
2699 5899 2756 5937 ac
2785 5884 2994 5939 factione
3026 5900 3112 5940 sua
3143 5899 3416 5952 oppressam
3449 5884 3689 5952 teneret,
3726 5904 3794 5944 ne

2210 5959 2540 6012 resipisceret.
