4080 6340
560 421 702 483 ωδ

554 534 1506 605 ωωναιοιιιιίωιὶιιιῆιοηιωιιψιι
1585 526 1798 607 1m
1870 529 2131 585 became

554 644 757 704 me
796 628 977 686 studio
1012 627 1155 699 quod
1191 625 1429 683 nondum
1470 625 1645 682 habeo
1688 619 1997 694 ιιισιιαηιιι.
2024 616 2132 678 Sed

548 737 653 781 cur
682 725 789 780 hoc
812 721 1254 779 Missam
1275 718 1407 774 mihi
1428 713 1883 787 Wmood
1928 711 2133 768 seiiieet

553 814 751 871 mas
773 814 845 869 de
873 814 974 867 bne
998 824 1062 867 re
1099 810 1237 866 mihi
1251 809 1555 864 consulenti
1576 807 1687 877 iam
1716 805 1881 860 finisse
1907 814 2131 872 respon-

552 918 695 963 sum.
726 902 1245 964 semen-mi
1274 900 1428 955 Absit
1451 908 1512 954 ut
1536 906 1587 953 te
1609 932 1632 965 τ
1664 896 1818 966 cuius
1853 903 2129 964 exspecta-

554 998 757 1054 tionem
1204 993 1449 1048 noverim
1473 1032 1487 1055 ,
1517 990 1681 1060 huius
1718 987 1955 1044 muneris
1979 1000 2129 1041 eam»

552 1088 975 1145 manicdiouem
995 1085 1329 1149 fraudarem;
1377 1082 1471 1138 sed
1510 1083 1561 1137 si
1584 1080 1711 1153 quid
1740 1079 1935 1145 eosdm,
1966 1077 2131 1147 frater

472 1218 479 1225 α
550 1181 848 1249 carissime,
876 1181 1119 1252 quisque
1153 1176 1327 1233 ferme
1351 1176 1477 1230 anni
1508 1188 1639 1231 ceso
1664 1174 1860 1230 evoluti
1887 1181 2032 1239 sinit,
2065 1182 2131 1225 ex

551 1287 659 1344 ιμιο
685 1274 743 1327 in
763 1272 1037 1328 Orientem
1064 1270 1189 1325 nisi
1212 1268 1299 1340 (ι)
1309 1266 1537 1323 Librum
1553 1280 1659 1323 non
1677 1266 2127 1337 prasumptionis,

548 1367 647 1423 sed
674 1364 1084 1423 consultationi
1113 1378 1270 1429 mese,
1302 1370 1357 1417 et
1385 1361 1565 1417 adhuc
1585 1360 1848 1431 rescripta
1876 1374 1982 1414 non
2012 1372 2130 1413 me-

555 1461 665 1527 rui,
688 1459 885 1531 qnibue
911 1458 1048 1514 milii
1074 1456 1399 1531 caederetur
1424 1456 1537 1509 hac
1563 1454 1808 1525 quiescis,
1841 1454 1893 1506 in
1920 1466 2023 1522 qua
2042 1465 2129 1507 me

552 1555 709 1624 cupis
730 1553 797 1608 ad
836 1560 895 1609 to
926 1558 1133 1606 eorum
1160 1547 1301 1604 ferre
1327 1545 1673 1602 seruandam.
1706 1544 2002 1614 Utrunque
2030 1554 2131 1613 ego

551 1646 865 1711 misissem,
901 1644 948 1699 sl
982 1650 1275 1712 utramque
1320 1639 1593 1694 haberem;
1624 1638 1739 1693 Hoc
1781 1645 1963 1692 autem
1989 1636 2129 1708 quod

548 1735 753 1802 habent,
786 1737 908 1791 sim
942 1735 1139 1802 altero,
1176 1731 1320 1803 quod
1370 1729 1605 1785 nondum
1648 1730 1840 1798 habeo,
1882 1729 2129 1800 cuiquam

550 1827 748 1883 debere
790 1840 879 1882 me
914 1825 1031 1895 jans
1070 1825 1319 1887 mittere,
1350 1819 1639 1877 vei-edere
1664 1836 1770 1877 non
1799 1821 2029 1887 videtur,
2062 1836 2130 1877 ne

557 1919 672 1985 illc,
704 1918 794 1988 qui
824 1917 953 1971 mihi
982 1914 1213 1971 fortasse
1240 1955 1253 1980 ,
1278 1923 1337 1969 ut
1366 1913 1615 1969 desidero
1645 1928 1998 1984 responsurus
2023 1922 2126 1980 est,

552 2010 1030 2081 interrogationem
1099 2016 1279 2062 meam
1334 2004 1698 2077 disputatione
1753 2006 2128 2073 operosissima

547 2104 905 2168 elationis»,
923 2101 1049 2157 sine
1068 2115 1171 2155 sua
1189 2099 1578 2171 responsione,
1607 2111 1726 2168 qua!
1744 2098 1920 2153 adhuc
1938 2098 2130 2167 despe-

549 2194 716 2250 randa
746 2210 848 2248 non
875 2202 985 2259 est,
1013 2206 1111 2261 per
1132 2206 1320 2245 manus
1349 2190 1625 2245 hominum
1650 2189 1996 2259 notitiamque
2025 2187 2129 2242 dif-

550 2286 701 2344 fundi
725 2285 853 2356 jure
873 2291 1206 2349 succenseat,
1236 2281 1398 2351 idque
1416 2280 1733 2351 iactantius,
1763 2296 1923 2349 quam
1953 2280 2128 2335 utilius

552 2378 747 2433 fecisse
786 2390 875 2431 nte
908 2373 1142 2445 iudicet,
1189 2372 1347 2444 quasi
1389 2386 1495 2443 ego
1540 2370 1802 2441 potuerim
1849 2385 2088 2440 moerere
2112 2411 2126 2437 ,

548 2468 691 2539 quod
719 2468 810 2522 ille
839 2481 945 2521 non
976 2463 1211 2536 pomerii.
1233 2462 1493 2528 enodare,
1516 2477 1638 2517 cum
1667 2460 1893 2517 forsitan
1939 2462 2128 2531 possit,

552 2562 712 2631 idque
735 2558 861 2614 dum
890 2557 1069 2623 faciat,
1092 2555 1509 2627 exspectandum
1536 2554 1624 2609 sit.
1657 2553 1820 2623 Magis
1851 2555 1993 2609 enim
2021 2554 2131 2608 scio

553 2648 697 2721 quod
727 2648 846 2704 aliis
883 2654 1175 2718 occupatur
1200 2689 1214 2712 ,
1246 2664 1365 2717 quae
1395 2645 1613 2701 minime
1655 2645 1948 2701 dill‘erenda
1980 2656 2127 2713 sunt,

553 2741 829 2812 plurisque
858 2736 1159 2809 pendenda.
1199 2736 1348 2805 Quod
1379 2746 1435 2793 ut
1482 2748 1568 2805 tua
1609 2752 1824 2808 quoque
1868 2738 2131 2793 Sanctitas

554 2831 782 2896 noverit,
826 2829 1041 2884 attende
1084 2824 1378 2899 paulisper,
1406 2826 1547 2898 quod
1586 2827 1713 2881 mihi
1760 2827 1867 2882 alio
1894 2843 2034 2883 anno
2062 2826 2132 2899 (ὁ)

549 2939 646 2995 per
672 2922 898 2978 laurum
943 2932 1227 2992 perquam
1253 2920 1579 2988 scripseram
1628 2925 1961 2973 remeantem
2002 2919 2134 2973 scri-

552 3017 740 3086 pserit.
769 3015 903 3071 Nam
932 3013 1034 3070 hoc
1055 3028 1120 3069 ex
1149 3012 1266 3084 ejus
1291 3011 1519 3082 epistola
1546 3012 1598 3066 in
1632 3011 1787 3066 istam
1817 3010 2080 3065 transtuli.
2107 3029 2126 3063 ι

552 3106 763 3174 incidit,
812 3105 996 3176 inquit,
1045 3112 1263 3175 temp“
1306 3102 1703 3165 Minium,
1751 3100 1965 3171 quando
2005 3100 2133 3154 mihi

556 3204 735 3254 umore
775 3194 967 3252 melius
991 3194 1089 3250 fuit
1119 3208 1281 3265 quam
1327 3190 1471 3262 loqui
1494 3192 1616 3256 ﬁta
1650 3197 1705 3245 ιιι
1751 3200 1933 3244 nostra
1962 3189 2135 3246 studia

551 3300 831 3364 usque!»
853 3290 1018 3358 ωηο
1042 3327 1059 3355 ,
1098 3287 1251 3357 juxta
1289 3284 1541 3355 Appium,
1570 3283 1764 3338 enim
1790 3290 2137 3337 exerceretur

446 3398 453 3403 '
552 3380 825 3440 facundia.
856 3379 1042 3450 Itaque
1086 3377 1299 3434 duobus
1331 3375 1526 3432 libellis
1570 3374 1695 3441 tuis,
1728 3387 1862 3445 quos
1894 3389 2015 3429 meo
2042 3389 2138 3430 no-

552 3476 684 3532 mini
733 3473 995 3531 dedicastl
1020 3508 1063 3540 ,-
1097 3468 1485 3527 eruditissimis
1529 3477 1584 3524 et
1624 3468 1775 3525 omni
1821 3468 2138 3539 eloquentiae

556 3566 850 3640 splendore
894 3562 1223 3637 fulgentibus
1246 3604 1263 3631 ,
1291 3562 1359 3619 ad
1400 3572 1610 3634 tempus
1658 3561 1989 3633 respondere
2033 3578 2137 3617 non

553 3660 720 3732 potui.
749 3657 867 3715 Non
912 3670 1025 3729 quo
1044 3656 1339 3727 quidquam
1381 3654 1435 3709 in
1484 3652 1593 3708 illis
1632 3651 2138 3725 reprehendendum

554 3756 734 3822 putem
762 3766 781 3805 :
824 3748 923 3807 sed
963 3749 1091 3821 quia
1136 3747 1286 3819 juxta
1321 3744 1637 3817 Apostolus:
1665 3787 1683 3813 ,
1720 3748 2061 3819 unusquisque
2087 3746 2142 3801 in

552 3859 819 3899 manu
844 3842 926 3915 (ι)
949 3842 1164 3897 Mt
1202 3857 1222 3895 :
1249 3840 1382 3895 alios
1404 3841 1611 3910 quidem
1656 3841 1749 3905 sic,
1800 3840 1933 3894 alius
1977 3848 2142 3893 autem

553 3937 626 3995 sic
655 3934 831 4009 (Rom.
859 3935 950 3990 M.
978 3932 1017 3991 Β
1036 3934 1081 4005 ).
1113 3930 1274 3989 Certe
1303 3930 1567 4003 quidquid
1585 3929 1707 3988 dici
1731 3931 1945 4001 potuit,
1966 3939 2022 3987 et
2050 3945 2141 3986 su-

561 4031 713 4087 blimi
765 4032 981 4102 urgente
1021 4029 1090 4084 de
1132 4027 1537 4097 Scriptursrum
1591 4032 1897 4081 sanctarum
1944 4024 2143 4079 hauriri

558 4122 795 4178 fontibus
823 4161 839 4187 ,
897 4133 927 4176 a
975 4129 1029 4175 te
1059 4119 1291 4189 positum
1339 4128 1501 4188 atque
1550 4114 1841 4174 dissertum
1893 4122 1997 4173 est’.
2037 4115 2144 4173 Sed

560 4222 749 4285 quase
793 4213 1154 4268 reverentiam
1206 4221 1351 4265 tuam
1376 4250 1392 4278 ,
1446 4222 1732 4280 parumper
1788 4208 2007 4279 patiaris
2057 4218 2146 4264 me

560 4316 716 4364 tuum
758 4300 977 4359 laudare
1011 4300 1303 4374 ingenium.
1340 4298 1449 4356 Nos
1496 4300 1640 4355 enim
1669 4299 1812 4354 inter
1838 4314 1937 4357 nos
1963 4298 2144 4355 erudi-

559 4397 725 4455 tionis
748 4406 915 4451 causa
966 4392 1303 4448 disserimus.
1332 4390 1598 4446 Ceterum
1619 4390 1820 4456 tumuli,
1842 4398 1895 4445 et
1917 4390 2147 4444 maxime

563 4485 831 4555 haeretici,
858 4485 904 4540 si
925 4480 1166 4540 diversas
1195 4480 1335 4538 inter
1356 4494 1455 4537 nos
1485 4480 1779 4537 sententias
1805 4476 2058 4547 viderint,
2080 4479 2148 4537 de

558 4579 735 4636 animi
782 4574 1257 4633 «humabantur
1317 4586 1551 4628 sanare
1625 4573 1839 4645 1m
1906 4572 2151 4628 descen-

561 4670 714 4728 dere.
757 4664 886 4725 ιιίιιι
916 4675 1095 4723 autem
1136 4665 1416 4722 decretum
1456 4670 1543 4719 εει
1571 4669 1621 4718 te
1648 4674 1851 4730 amare,
1877 4670 1930 4718 te
1950 4658 2027 4736 (2)
2057 4677 2147 4719 su-

564 4761 803 4832 spicere,
826 4758 1030 4826 coisre,
1067 4756 1251 4812 nimi
1276 4797 1291 4821 ,
1317 4764 1517 4825 tuaque
1541 4754 1687 4811 dicta
1718 4754 1875 4824 Quasi
1911 4768 2037 4808 mea
2056 4753 2153 4810 de-

564 4851 810 4910 fendere.
838 4846 1000 4909 Certe
1041 4858 1098 4906 et
1127 4849 1181 4905 in
1213 4844 1438 4919 Dialogo
1464 4860 1625 4919 quem
1652 4856 1825 4917 nuper
1849 4844 2014 4913 edim,
2046 4853 2153 4901 tua:

564 4941 909 5002 beatitudinis
959 4951 1021 4998 nt
1058 4942 1281 5013 dignum
1309 4941 1481 4996 fuerat
1504 4940 1821 4996 recordatus
1840 4954 1959 4994 sum
1989 4956 2003 4991 :
2035 4954 2152 4994 ma-

566 5037 756 5109 gisque
780 5035 972 5091 demus
1010 5046 1249 5105 cperam,
1281 5042 1340 5089 ut
1370 5030 1821 5104 perniciosissima
1846 5031 2068 5087 haeresis
2086 5029 2155 5087 de

569 5129 832 5188 Ecelesiie
856 5126 1134 5183 auferatur
1163 5168 1178 5193 ,
1207 5143 1327 5198 quae
1374 5140 1592 5196 semper
1620 5125 1838 5180 simulat
1885 5124 2154 5196 poenitet]-

572 5226 735 5292 tiam;
767 5231 825 5280 ut
845 5216 1072 5279 docendi
1102 5220 1153 5275 in
1183 5218 1263 5292 (ά)
1289 5218 1555 5274 Ecclesiis
1586 5217 1779 5273 habeat
1806 5217 2111 5273 facultatem
2138 5236 2152 5274 :

636 5334 717 5398 (is)
742 5332 959 5399 Epistula
994 5333 1047 5382 in
1076 5331 1170 5382 hac
1190 5338 1358 5381 nostra
1393 5330 1685 5381 recensione
1701 5330 1806 5380 151.
1831 5330 2010 5394 scripta
2028 5341 2156 5381 anno

726 5456 967 5526 _0rssium
986 5455 1193 5526 ξςιᾙοει.
1217 5452 1308 5526 Εεὲ
1329 5457 1493 5526 εειιεω
1511 5452 1599 5526 ίὶιδ
1614 5452 1673 5526 .S'
1696 5422 1986 5526 me‘gonymi
2010 5455 2155 5526 ΨΜ

611 5454 709 5570 Ac}
743 5456 967 5508 Orosinm
986 5455 1193 5506 scilicet.
1217 5454 1308 5506 Est
1329 5457 1493 5503 autem
1511 5454 1599 5502 illa
1619 5454 1673 5501 S.
1696 5454 1986 5526 Hieronymi
2010 5455 2130 5516 epist

580 5520 605 5570 ί
639 5514 2130 5653 (adissem.“seaussmwsaa'sa

1924 5590 2002 5625 nts
2041 5590 2156 5638 per-

584 5651 830 5776 νθῖιῖἱᾚι
864 5701 1359 5776 laudatanHieronymi
1383 5703 1526 5776 epist.
1553 5701 1610 5748 ad
1623 5762 1639 5776 _
1644 5700 1968 5776 IAugustinnm
1986 5733 1998 5755 ,
2026 5698 2159 5776 prin—

581 5762 857 5828 ceps'hujns
874 5766 1030 5828 editor
1048 5764 1240 5814 Gottivv
1256 5762 1360 5812 [nec
1380 5762 1597 5828 ejusdem
1610 5762 1901 5828 _Hieronyni
1924 5762 2160 5819 annectit,

652 5820 700 5949 $1
757 5820 905 5875 quta
929 5825 1084 5874 Gneo.
1105 5820 1497 5889 ιληρηοριισιωῘΜ.
1526 5823 1640 5873 Cod.
1666 5820 1894 5869 abundat.

674 5831 726 5952 ἓξ
760 5886 847 5938 Ms.
874 5885 989 5937 00d.
1015 5886 1258 5949 suscipere
1276 5920 1289 5943 ,
1308 5887 1436 5951 quod
1461 5896 1562 5937 non
1582 5883 1818 5944 iutprobo.

1145 5899 1258 5949 pere
1276 5920 1289 5943 ,
1308 5896 1436 5951 quod
1461 5896 1562 5937 non
1582 5896 1680 5944 nnp

1859 407 2105 469 SAM“
2141 406 2516 467 HIERONYMI

3632 410 3821 471 ’1184

2239 543 2308 583 ne
2351 528 2397 582 si
2442 534 2627 600 aperta
2652 542 2712 584 se
2763 528 2885 586 luce
2912 529 3240 602 prodiderit,
3278 516 3427 588 foras
3452 530 3817 603 expassm

2238 620 2422 677 riatur.
2454 641 2474 675 ι
3210 662 3215 665 .

2307 714 2360 769 2.
2407 715 2638 771 «Cernis
2688 726 2913 786 nempe,
2945 712 3245 774 venerande
3293 717 3495 788 frater,
3551 719 3667 777 haec
3716 722 3819 779 mei

2237 807 2523 863 carrissimi
2547 806 2709 864 verba
2731 849 2757 878 ,
2778 808 3109 881 inquisitioni
3134 826 3268 867 mete
3294 811 3503 867 reddita
3524 854 3540 879 ,
3568 828 3676 868 non
3703 829 3816 870 eam

2236 914 2459 968 negasse
2503 899 2902 969 responsionem
2930 941 2946 966 ,
2992 900 3087 956 sed
3130 917 3414 959 excusasse
3452 903 3522 959 de
3561 912 3812 974 tempore,

2236 988 2377 1062 quod
2408 991 2459 1045 in
2485 990 2585 1045 alia
2624 992 2794 1063 magis
2819 990 3059 1063 umentia
3083 1006 3269 1048 curam
3305 1004 3589 1065 cogeretur
3619 996 3818 1065 ithpenb

2235 1081 2381 1138 dere.
2458 1082 2620 1139 Vides
2665 1083 2825 1140 etiam
2856 1088 3024 1155 quam
3060 1085 3375 1142 benevolum
3414 1087 3659 1142 animum
3700 1102 3815 1158 erga

2237 1186 2323 1229 me
2357 1182 2542 1245 gerat,
2575 1174 2767 1247 quidve
2789 1184 3164 1243 communest,
3194 1191 3260 1233 ne
3286 1178 3489 1233 sciﬁcet
3515 1177 3661 1248 ιτπού
3688 1177 3817 1234 inter

2237 1282 2369 1333 nos,
2414 1267 2557 1323 salva
2605 1269 2788 1338 utique
2836 1269 3056 1324 caritate
3097 1283 3160 1324 ac
3204 1269 3511 1325 sinceritate
3548 1271 3811 1336 amicitiae,

2235 1357 2550 1415 eruditionis
2589 1372 2747 1414 causa
2790 1359 3059 1426 faciens,
3092 1360 3480 1415 edn-ieeur
3521 1362 3701 1417 amuli
3724 1402 3742 1429 ,
3767 1372 3817 1418 et

2236 1451 2466 1507 maxime
2486 1452 2717 1507 haeretici
2740 1452 2809 1508 de
2827 1451 2993 1507 animi
3013 1463 3243 1507 rancoru
3254 1450 3606 1509 dmceudere.
3638 1454 3814 1509 Proin.

2235 1544 2303 1599 de
2332 1545 2374 1598 si
2401 1552 2684 1615 utrumque
2710 1559 2847 1614 0pm
2870 1554 3111 1600 “imm
3133 1584 3155 1608 ν
3192 1549 3247 1600 οι
3290 1545 3387 1600 ,η
3407 1554 3511 1614 ῳ
3550 1545 3601 1600 ιι
3682 1546 3696 1558 .
3728 1546 3742 1559 .
3778 1547 3799 1560 ..

2235 1643 2289 1691 et
2315 1634 2402 1690 ubi
2430 1635 2541 1707 ipse
2568 1635 2633 1690 ad
2655 1636 2902 1707 inquisita
2932 1635 3286 1706 responderit,
3310 1635 3553 1691 homines
3576 1636 3809 1706 legerint,

2235 1730 2355 1800 quia
2398 1726 2556 1782 etiam
2593 1734 2841 1798 Oportet,
2885 1738 2942 1781 ut
2979 1727 3027 1782 si
3066 1718 3250 1782 eadem
3280 1724 3504 1799 quaestio
3528 1727 3812 1783 secundum

2235 1822 2350 1891 ejus
2405 1817 2722 1874 sententiam
2783 1818 3109 1874 sufficienter
3172 1816 3328 1873 fuerit
3380 1816 3681 1889 explicata,
3733 1832 3813 1874 me

2238 1906 2550 1968 instructum
2595 1926 2713 1967 esse
2754 1904 2950 1983 gratias
2982 1925 3133 1980 agam
3159 1950 3175 1977 ,
3210 1924 3315 1965 non
3353 1923 3552 1981 parvus
3579 1910 3685 1964 erit
3708 1909 3811 1965 fru-

2234 2015 2373 2070 ctus,
2419 2018 2538 2061 cum
2582 2002 2681 2057 hoc
2728 2002 2922 2058 exierit
2969 2004 3021 2056 in
3063 2001 3303 2057 notitiam
3343 2000 3715 2073 plurimorum,
3761 2009 3814 2058 ut

2235 2096 2471 2151 minores
2498 2092 2663 2148 nostri
2689 2108 2793 2147 non
2821 2093 2991 2147 solum
3019 2092 3207 2159 sciant,
3240 2091 3365 2164 quid
3390 2090 3458 2149 de
3486 2088 3590 2147 hac
3618 2107 3675 2146 re
3699 2107 3813 2148 sen-

2238 2187 2338 2241 tire
2365 2182 2632 2254 debeant,
2679 2200 2796 2256 quae
2840 2180 2978 2239 inter
3021 2199 3117 2238 nos
3159 2178 3401 2254 diligenti
3436 2182 3814 2255 disceptatione

2234 2274 2471 2335 discussa
2510 2287 2592 2334 cst
2616 2320 2631 2344 ,
2678 2282 2861 2333 verum
2906 2278 3063 2331 etiam
3107 2274 3312 2331 discant
3340 2274 3589 2347 exemplo
3614 2287 3811 2348 nostro,

2236 2371 2347 2427 Deo
2378 2371 2661 2426 miserante
2680 2411 2692 2434 ,
2723 2379 2881 2440 atque
2908 2369 3165 2439 propitio,
3194 2368 3643 2439 quemadmodum
3686 2370 3812 2427 inter

2236 2463 2539 2519 carissimos
2569 2456 2762 2517 fratres
2784 2504 2801 2530 ,
2843 2462 2911 2516 ita
2943 2477 3047 2516 non
3073 2456 3212 2515 desit
3233 2460 3435 2517 alterna
3466 2461 3812 2535 inquisitionis

2236 2556 2400 2630 gratia
2426 2555 2732 2625 disputatio,
2760 2565 2818 2609 ut
2845 2563 3017 2610 tamen
3036 2564 3247 2609 maneat
3275 2554 3523 2609 inviolata
3549 2555 3810 2611 dilectio.»

2306 2649 2360 2705 5.
2408 2667 2425 2699 ι
2450 2647 2507 2703 Si
2540 2659 2716 2703 autem
2746 2647 3001 2717 scriptum
3030 2662 3242 2712 meum,
3284 2645 3373 2700 ubi
3413 2660 3501 2701 res
3549 2646 3812 2700 obscuris-

2237 2740 2369 2796 sima
2388 2738 2749 2794 tantummodo
2768 2737 2956 2809 legitur
2970 2736 3240 2808 inquisita,
3256 2735 3369 2792 sine
3384 2734 3527 2792 illius
3538 2737 3812 2808 rescripto,

2239 2832 2329 2887 ubi
2356 2830 2573 2885 forsitan
2603 2829 2877 2901 apparebit
2908 2829 3499 2899 iuventum,cmanarit,
3524 2828 3682 2885 latius
3705 2844 3815 2899 per-

2237 2933 2359 2997 gat,
2410 2922 2680 2995 perveniat
2712 2923 2869 2978 etiam
2913 2921 2979 2977 ad
3025 2920 3144 2977 illos
3166 2963 3180 2987 ,
3214 2922 3300 2994 qui
3338 2929 3727 2989 comparantes,
3762 2931 3815 2977 ut

2238 3015 2311 3070 ait
2332 3013 2641 3085 Apostolus,
2670 3014 2963 3084 semetipsos
2991 3012 3328 3083 sibimetipsis,
3363 3027 3469 3067 non
3502 3011 3812 3085 intelligunt,

2238 3123 2344 3180 quo
2387 3109 2567 3163 animo
2609 3122 2641 3163 a
2688 3106 2839 3163 nobis
2882 3106 3013 3174 ﬁat,
3055 3123 3160 3179 quo
3209 3106 3305 3178 ipsi
3344 3121 3411 3163 eo
3442 3107 3626 3162 animo
3649 3108 3816 3163 facere

2240 3203 2485 3256 nesciunt
2513 3242 2528 3268 ,
2578 3208 2633 3256 et
2677 3194 3001 3256 voluntatem
3058 3215 3229 3255 meam
3275 3213 3399 3269 erga
3454 3196 3816 3255 honorandum

2241 3308 2339 3365 pro
2388 3293 2499 3348 suis
2542 3292 2843 3364 ingentibus
2880 3291 3081 3347 meritis
3131 3290 3532 3345 dilectissimum
3572 3286 3815 3355 amicum,

2241 3400 2346 3440 non
2389 3384 2530 3440 sicut
2574 3400 2690 3440 eam
2736 3383 2957 3453 vident,
3005 3383 3269 3456 quomodo
3317 3396 3419 3439 nec
3473 3381 3691 3450 vident,
3728 3380 3817 3439 sed

2242 3478 2380 3535 sicut
2422 3477 2501 3533 eis
2540 3476 2742 3532 libitum
2769 3482 2854 3532 est
2875 3519 2890 3545 ,
2935 3485 2990 3533 et
3014 3474 3149 3532 sicut
3173 3475 3296 3531 odio
3321 3489 3420 3529 suo
3444 3473 3678 3530 dictante
3706 3488 3817 3528 sus-

2243 3575 2486 3647 picantur
2516 3614 2533 3642 ,
2580 3581 2891 3642 exponent:
2951 3569 3089 3643 quod
3136 3567 3369 3641 profecto
3396 3609 3412 3635 ,
3466 3578 3722 3640 quantum
3769 3567 3818 3622 in

2245 3666 2397 3723 nobis
2423 3675 2526 3732 est,
2557 3680 2744 3719 cavere
2775 3663 3048 3718 debemus.
3088 3661 3157 3716 At
3180 3662 3223 3716 si
3252 3659 3413 3727 forte,
3443 3660 3584 3730 quod
3613 3676 3708 3731 per
3730 3673 3820 3714 nos

2246 3763 2577 3819 innotescere
2608 3758 2855 3813 nolumus
2874 3797 2889 3823 ,
2916 3758 3073 3811 etiam
3111 3754 3286 3810 invitis
3316 3752 3468 3808 nobis
3491 3796 3506 3821 ,
3536 3753 3615 3808 eis
3639 3751 3822 3824 quibus

2246 3852 2495 3908 nolumus
2525 3850 2816 3905 innotuerit
2842 3891 2856 3915 ,
2885 3846 3008 3918 quid
3037 3846 3292 3909 restabit,
3326 3844 3429 3899 nisi
3468 3860 3623 3917 mquo
3652 3844 3823 3898 animo

2247 3944 2447 4000 habere
2475 3942 2684 3997 Domini
2713 3938 3075 3997 voluntatem?
3096 3936 3274 4007 Neque
3309 3936 3515 4013 107]
3560 3935 3702 3989 enim
3730 3934 3826 3991 hoc

2249 4035 2488 4092 scribere
2513 4033 2576 4090 ad
2602 4048 2920 4105 quemquam
2950 4030 3198 4087 deberem
3224 4069 3238 4093 ,
3268 4027 3412 4101 quod
3439 4044 3647 4101 semper
3668 4028 3827 4084 latere

2249 4126 2558 4182 voluissem.
2608 4118 2738 4178 Nam
2768 4122 2810 4177 si
2846 4118 3009 4195 (quod
3038 4117 3192 4189 absit)
3230 4110 3408 4189 aliquo
3442 4119 3529 4174 vel
3555 4134 3684 4175 casu
3704 4159 3720 4185 ,
3750 4116 3827 4173 vel

2252 4215 2567 4272 necessitate
2609 4228 2876 4282 nunquam
2917 4210 3007 4267 ille
3045 4209 3420 4279 rescripserit,
3452 4211 3635 4280 procul
3674 4209 3828 4265 dubio

2253 4318 2438 4365 nostra
2458 4304 2797 4366 consultatio,
2816 4317 2974 4373 quam
2996 4301 3064 4357 ad
3083 4316 3203 4357 eum
3234 4300 3499 4368 misimus,
3521 4299 3829 4371 quandoque

2253 4395 2695 4453 manifestabitur.
2771 4392 2880 4449 Nec
2936 4392 3138 4448 inutilis
3183 4389 3482 4463 legentibus
3525 4391 3666 4458 erit,
3716 4390 3829 4461 quia

2254 4490 2355 4547 etsi
2397 4503 2504 4543 non
2544 4485 2634 4541 illa
2679 4487 2991 4554 invenient,
3035 4499 3155 4557 quae
3200 4484 3519 4555 requirnnt,
3568 4483 3835 4540 invenient

2254 4593 2400 4638 certe
2423 4621 2439 4647 ,
2478 4578 2925 4651 quemadmodum
2968 4578 3077 4635 sint
3108 4577 3423 4649 inquirenda
3446 4618 3463 4643 ,
3514 4588 3616 4632 nec
3641 4585 3833 4632 temere

2256 4670 2570 4728 afﬁrmanda
2594 4711 2609 4738 ,
2638 4685 2757 4739 quas
2781 4669 3064 4738 nesciunt,
3094 4677 3148 4725 et
3171 4667 3298 4724 dum
3328 4682 3390 4724 ea
3414 4708 3430 4731 ,
3477 4681 3600 4739 quae
3640 4667 3713 4722 ibi
3760 4667 3832 4721 le-

2256 4768 2452 4839 geriot,
2483 4764 2765 4821 consolere
2801 4765 2962 4820 etiam
2987 4762 3109 4834 ipsi,
3136 4775 3271 4833 quos
3296 4759 3587 4830 potuerint,
3607 4758 3835 4814 etudbsa

2258 4861 2501 4927 caritate,
2532 4874 2641 4916 non
2660 4856 2985 4915 discordiosa
3001 4855 3342 4912 contentione
3359 4852 3652 4919 curabunt;
3676 4850 3838 4906 donec

2259 4961 2352 5009 aut
2374 4953 2424 5007 id
2448 4992 2465 5019 ,
2497 4951 2640 5021 quod
2667 4951 2851 5006 volunt
2889 4948 3158 5019 reperiant
3183 4987 3199 5012 ,
3229 4953 3321 5000 aut
3361 4946 3477 5016 ipsa
3503 4944 3840 5015 inquisitione

2260 5045 2427 5101 aciem
2450 5043 2643 5098 mentis
2668 5046 2982 5104 exerceant,
3011 5047 3069 5093 ut
3093 5036 3314 5092 ulterius
3336 5036 3714 5106 inquirendum
3741 5048 3840 5089 non

2262 5152 2381 5194 esse
2408 5141 2750 5206 cognoscant.
2793 5130 2945 5185 Nuuc
2970 5138 3145 5185 tuneo
3166 5169 3182 5194 ,
3208 5126 3460 5198 quamdiu
3479 5126 3597 5197 jam
3616 5124 3841 5184 consulti

2261 5230 2419 5287 amici
2465 5226 2699 5283 nondum
2745 5231 2829 5280 est
2864 5222 3194 5293 desperanda
3223 5220 3536 5290 responsio,
3585 5216 3842 5274 edendam

2264 5336 2371 5378 non
2401 5334 2519 5376 esse
2541 5316 2985 5372 consultationem
3020 5322 3257 5369 nostram
3280 5352 3297 5380 ,
3338 5320 3599 5382 quantum
3630 5309 3843 5381 quidem

2264 5418 2320 5472 in
2348 5410 2501 5467 nobis
2530 5420 2613 5467 est
2637 5450 2653 5479 ,
2694 5418 2820 5481 puto
2845 5407 2988 5479 quod
3027 5404 3379 5477 persuaserim
3407 5402 3688 5458 dilectioni
3711 5411 3844 5464 tuae;

2264 5517 2567 5574 quanquam
2613 5509 2669 5557 et
2712 5501 2829 5571 ipse
2868 5514 2974 5554 non
3013 5511 3132 5553 eam
3163 5492 3337 5551 solam
3363 5495 3715 5564 poposceris,
3759 5490 3847 5548 sed

2265 5595 2567 5664 adiunctam
2612 5593 2773 5649 etiam
2803 5592 2919 5662 ejus
2947 5605 3100 5662 quem
3126 5586 3400 5656 consului,
3444 5587 3847 5658 responsionem

2268 5692 2489 5755 apposite
2511 5690 2570 5739 ad
2614 5704 2721 5740 rem
2746 5704 2759 5738 :
2793 5708 2815 5735 ι
2835 5689 2952 5740 Cum
2990 5692 3245 5755 superatos
3267 5685 3629 5755 damnatosque
3653 5698 3769 5735 esse
3800 5696 3853 5755 se

2268 5744 2483 5803 sentiant
2502 5788 2515 5811 ,
2540 5761 2705 5801 tanien
2731 5764 2919 5800 venena
2941 5744 3178 5799 men-tium
3201 5760 3295 5795 non
3333 5744 3567 5811 omittunt
3587 5786 3604 5804 ,
3647 5756 3706 5811 et
3733 5744 3851 5809 quod

2271 5814 2425 5863 solum
2449 5808 2665 5874 possunt,
2693 5826 2779 5860 nos
2798 5812 3008 5870 mlerint,
3034 5823 3121 5872 per
3137 5822 3258 5870 quos
3281 5821 3339 5860 se
3361 5808 3657 5861 libertatem
3678 5808 3853 5861 (itm-

2271 5877 2347 5925 (ιω
2372 5875 2621 5925 haereseos
2640 5874 2929 5938 perdidisse,
2953 5889 2973 5920 ι
3006 5881 3101 5921 etc.
