4080 6340
295 387 455 461 1185

293 517 402 574 tibi
459 519 848 579 deside'r'areris
891 523 1029 580 mitti
1052 565 1068 594 ,
1116 521 1266 596 quod
1302 523 1486 597 utique
1530 523 1763 626 faecrem
1786 569 1809 626 ,7
1852 529 1898 626 si

291 610 584 668 haberem.
661 615 716 670 Si
746 625 927 673 autem
963 621 1021 672 ut
1056 617 1237 674 Verbis
1271 627 1375 674 tua:
1423 618 1719 675 sanctitatis
1757 622 1897 683 utar,

287 717 426 773 qua:
453 704 507 760 in
540 710 626 761 tua
652 707 874 776 epistola
906 704 1167 806 posuisti,
1189 683 1472 806 sapientiae
1511 707 1900 806 nteredtucidam

287 795 811 867 demonstrationem,
839 807 992 871 quam
1011 789 1142 855 mihi
1159 802 1432 872 promerito
1451 791 1531 874 (ut
1549 795 1762 872 scribis)
1785 799 1900 856 vitae

287 899 430 945 ntere
469 897 646 945 auctor
684 892 811 947 lucis
836 892 1099 962 attribuit,
1127 901 1234 950 non
1260 893 1432 965 ipsam
1466 892 1600 950 dieis
1629 893 1899 950 consulta-

287 978 540 1051 tionem',
569 987 623 1039 et
663 984 1062 1054 inquisitionem
1103 994 1274 1042 meam
1302 1029 1316 1052 ,
1355 985 1449 1042 sed
1490 985 1624 1041 mihi
1642 987 1758 1056 jam
1783 985 1898 1053 ejus

284 1070 421 1137 rei,
471 1089 630 1144 quam
656 1076 910 1146 quaesivi,
962 1077 1272 1149 provenisse
1319 1075 1678 1135 inventionem
1720 1083 1894 1149 putas,

284 1173 346 1218 et
370 1164 547 1236 ipsam
564 1169 741 1238 potius
764 1172 936 1241 poscis
958 1179 1016 1227 ut
1035 1171 1240 1228 mittam
1261 1189 1276 1240 ;
1300 1169 1530 1229 facerem
1558 1171 1604 1228 si
1635 1169 1708 1260 ita
1731 1179 1894 1236 esset,

232 1281 237 1285 -
283 1265 350 1311 ut
411 1267 584 1330 putas.
661 1261 776 1333 Ego
833 1264 972 1319 enim
1034 1265 1244 1335 adhuc,
1303 1263 1509 1333 fateor,
1556 1281 1660 1321 non
1696 1263 1894 1330 inveni,

284 1350 750 1417 quemadmodum
774 1355 992 1423 Anima,
1025 1365 1079 1412 et
1103 1366 1376 1428 peceatum
1409 1371 1476 1414 ex
1505 1351 1670 1413 Adam
1701 1357 1894 1422 trahat,

287 1437 471 1508 (unde
517 1441 761 1500 dubitare
804 1445 883 1501 tas
928 1459 1036 1502 non
1078 1447 1183 1518 est)
1231 1457 1286 1505 et
1328 1447 1441 1520 ipsa
1481 1465 1547 1505 cx
1588 1447 1760 1503 Adam
1789 1461 1894 1501 non

287 1532 583 1602 trahatur,
635 1537 776 1606 quod
800 1537 932 1593 mihi
957 1538 1262 1611 diligentius
1290 1538 1658 1612 inquirendum
1678 1580 1692 1606 ,
1735 1547 1894 1609 quam

281 1621 661 1689 inconsultius
684 1629 1029 1685 asserendum
1056 1639 1156 1687 est.
1195 1639 1216 1684 ς

363 1715 425 1770 4.
475 1729 495 1768 t
527 1717 735 1775 Habent
757 1720 948 1777 littera:
970 1730 1096 1790 tuae,
1126 1725 1292 1779 nescio
1310 1729 1430 1795 quot
1457 1731 1596 1778 senes
1617 1731 1664 1776 et
1683 1739 1714 1776 a
1734 1722 1894 1776 doctis

285 1808 650 1864 sacerdotibus
685 1810 942 1868 institutos
983 1813 1116 1870 viros
1139 1857 1152 1879 ,
1193 1829 1320 1886 quos
1349 1813 1419 1868 ad
1452 1826 1551 1869 tum
1581 1813 1891 1868 modicitatis

281 1901 688 1973 intelligentiam
713 1945 728 1970 ,
780 1906 1206 1979 assertionemque
1281 1907 1490 1962 veritate
1545 1905 1893 1986 plenissimam

278 2007 535 2048 revocare
577 2009 680 2048 non
725 2001 972 2064 poteras;
1009 2011 1109 2053 nec
1149 2006 1324 2054 tamen
1368 1995 1620 2068 exprimis
1645 2009 1889 2067 qumnam

277 2083 358 2138 sit
399 2086 625 2141 assertio
657 2094 744 2142 tua
787 2089 1009 2146 veritate
1033 2089 1338 2161 plenissima
1364 2130 1380 2156 ,
1411 2089 1478 2143 ad
1509 2099 1665 2159 quam
1692 2101 1850 2144 senes
1873 2129 1888 2155 ,

277 2182 338 2229 et
389 2190 421 2230 a
473 2175 647 2233 doctis
701 2179 1068 2235 sacerdotibus
1119 2179 1389 2234 institutos
1436 2178 1578 2234 viros
1630 2185 1889 2235 revocare

275 2282 402 2322 non
447 2275 680 2339 pateras.
737 2270 794 2327 Si
834 2272 977 2326 enim
1019 2269 1123 2327 huc
1160 2269 1454 2339 tenebant,
1495 2270 1579 2328 vel
1621 2280 1800 2328 tenent
1833 2269 1887 2327 hi

276 2371 450 2415 senes
473 2401 488 2424 ,
519 2361 662 2431 quod
689 2375 717 2414 a
748 2361 919 2417 doctis
953 2362 1324 2419 sacerdotibus
1346 2369 1667 2434 acceperunt
1690 2405 1704 2429 ,
1748 2379 1884 2434 quu-

276 2452 452 2507 modo
509 2451 602 2507 tibi
647 2450 877 2520 rustica,
929 2463 983 2510 et
1031 2455 1209 2510 minus
1249 2456 1505 2510 instructa
1563 2455 1882 2511 clericorum

278 2544 442 2598 turba
469 2543 746 2600 molestias
787 2547 1134 2616 generaverat
1161 2549 1212 2602 in
1243 2548 1325 2602 his
1349 2547 1510 2603 rebus
1534 2589 1548 2614 ,
1600 2547 1655 2601 in
1695 2547 1884 2618 quibus

274 2647 312 2688 α
346 2635 514 2689 doctis
534 2635 876 2691 sacerdotibus
899 2642 1066 2708 fuerat
1087 2638 1364 2692 instituta?
1427 2637 1490 2693 Si
1514 2644 1692 2693 autem
1723 2649 1882 2692 senes

277 2729 370 2785 isti
397 2772 412 2798 ,
457 2731 543 2786 vel
571 2731 724 2786 turba
750 2730 1066 2788 clericorum
1098 2732 1166 2787 ab
1195 2745 1260 2787 eo
1287 2731 1426 2803 quod
1451 2747 1482 2785 a
1511 2729 1682 2786 doctis
1707 2745 1880 2786 sacer-

273 2819 498 2877 dotibus
541 2823 863 2892 acceperat,
915 2811 1010 2878 Sua
1052 2823 1312 2894 pravitate
1359 2821 1638 2887 deviabat,
1670 2821 1878 2876 illorum

172 2950 182 2960 ι
273 2917 459 2986 potius
483 2918 798 2974 auctoritate
825 2917 997 2975 fuerat
1021 2917 1352 2991 corrigenda,
1379 2926 1435 2974 et
1454 2934 1480 2972 a
1503 2916 1730 2973 tumultu
1749 2929 1880 2972 eon-

273 3009 668 3063 tentibsissimo
710 3003 1131 3082 comprimenda.
1169 3007 1378 3084 1072
1408 3009 1514 3067 Sed
1541 3023 1728 3065 rursus
1755 3021 1876 3063 cum

267 3095 414 3152 dicis
457 3092 530 3153 Te
554 3101 807 3155 novellum
860 3102 1137 3172 rudemque
1181 3104 1435 3157 doctorem
1462 3144 1474 3168 ,
1512 3110 1769 3155 tantorum
1817 3115 1877 3155 ac

273 3193 463 3246 talium
505 3187 882 3262 Episcopatu»:
931 3198 1230 3250 traditiones
1266 3197 1490 3250 timuisse
1532 3209 1872 3267 corrumpere,

268 3294 318 3336 et
356 3294 644 3339 convertere
688 3287 918 3341 homines
958 3289 1010 3342 in
1049 3287 1308 3342 meliorem
1361 3295 1556 3358 partem
1601 3287 1660 3342 ob
1693 3283 1874 3358 defun~

270 3384 479 3428 ctorum
515 3376 760 3446 injur‘iam
807 3377 1129 3450 formidasse,
1177 3379 1302 3452 quid
1353 3381 1448 3435 das
1478 3379 1738 3452 intelligi,
1771 3381 1873 3435 nisi

266 3465 417 3536 quod
447 3467 520 3520 illi
548 3509 562 3534 ,
591 3482 723 3537 quos
749 3470 1021 3540 corrigere
1045 3471 1297 3541 cupiebas
1323 3514 1338 3538 ,
1365 3472 1644 3526 doctorum
1665 3513 1681 3539 ,
1708 3481 1871 3541 atque

269 3573 592 3630 magnorum
612 3562 723 3628 jam
750 3559 1122 3617 defunctorum
1154 3565 1525 3648 episcoporum
1559 3563 1872 3619 traditiones

268 3652 510 3708 nolendo
526 3652 796 3721 deserere,
829 3653 1046 3720 novello,
1075 3655 1290 3726 rudique
1315 3655 1509 3708 doctori
1528 3657 1872 3726 acquiescere

265 3743 639 3800 recusabant?
711 3743 826 3811 Qua
850 3738 901 3798 in
933 3757 991 3798 re
1016 3743 1082 3799 de
1109 3743 1214 3797 illis
1249 3745 1462 3798 interim
1491 3751 1640 3798 taceo
1664 3784 1679 3810 ,
1726 3751 1869 3797 tuam

268 3850 406 3890 vero
446 3835 810 3901 assertionem,
857 3847 1016 3905 quam
1048 3832 1183 3890 dicis
1211 3843 1331 3890 esse
1379 3836 1587 3890 ueritate
1636 3835 1871 3905 plenissi-

268 3941 450 3995 mam,
490 3927 835 3983 vehementer
872 3928 1012 3984 scire
1064 3927 1349 3995 desidero;
1404 3943 1509 3984 non
1535 3929 1703 3999 ipsam
1749 3927 1871 3986 dico

268 4021 594 4076 sententiam
621 4064 635 4088 ,
665 4020 758 4076 sed
787 4020 901 4092 ejus
927 4021 1300 4078 assertionem.
1335 4041 1354 4076 ι

346 4111 400 4166 5.
451 4111 800 4181 «improbari
853 4112 998 4168 enim
1045 4113 1142 4168 abs
1190 4120 1242 4168 te
1277 4123 1407 4180 eos,
1440 4114 1531 4184 qui
1579 4113 1865 4185 afﬁrmant,
1935 4118 1944 4121 “

269 4217 463 4258 omnes
509 4203 716 4258 animas
762 4197 1038 4258 hominum
1087 4217 1154 4259 ex
1191 4201 1278 4257 illa
1326 4219 1470 4274 una,
1521 4219 1638 4275 qua:
1679 4215 1866 4278 proto-

270 4295 446 4366 plasto
492 4294 614 4350 data
668 4303 790 4364 est,
856 4305 953 4366 per
1002 4296 1406 4368 generationum
1471 4299 1867 4355 successionem

272 4387 606 4458 propagari,
659 4393 818 4458 atque
863 4388 1112 4460 traduci,
1168 4387 1496 4444 sufﬁcienter
1542 4390 1756 4460 quidem
1813 4392 1867 4447 in

273 4490 512 4535 nostram
559 4473 802 4537 notitiam
851 4473 1154 4553 protulisti;
1197 4482 1291 4538 sed
1327 4497 1429 4553 qua
1459 4484 1704 4554 ratione,
1751 4487 1867 4556 qui-

275 4571 443 4626 busve
469 4570 766 4626 divinarum
797 4572 1190 4643 Scripturarum
1235 4573 1556 4631 testimoniis
1595 4575 1647 4632 id
1675 4575 1867 4633 [simul

272 4675 398 4718 esse
436 4661 822 4717 monstraveris
846 4705 861 4729 ,
898 4665 1022 4734 quia
1057 4674 1160 4719 tua:
1200 4657 1389 4720 litterae
1416 4678 1524 4722 non
1570 4669 1865 4738 continent,

274 4752 604 4823 ignoramus.
654 4751 852 4806 Deinde
879 4753 1004 4822 quid
1043 4755 1156 4822 ipse
1191 4763 1291 4823 pro
1327 4755 1430 4809 isto
1451 4797 1466 4822 ,
1501 4757 1642 4826 quod
1669 4757 1867 4829 impro-

277 4844 407 4910 bas,
442 4850 657 4907 teneas,
690 4842 884 4913 legenti
918 4845 1049 4900 mihi
1089 4845 1367 4915 epistolam
1403 4855 1580 4914 tuam,
1622 4859 1676 4906 et
1707 4866 1864 4921 quam

277 4933 528 4988 fratribus
554 4941 711 4988 antea
739 4933 813 5007 (a)
845 4934 1304 5003 Caesariensibus,
1333 4945 1388 4991 et
1415 4951 1574 5008 quam
1612 4940 1744 4996 mihi
1769 4958 1867 4998 nu-

275 5028 509 5094 perrime
535 5025 775 5083 direxisti
800 5069 818 5093 ,
866 5045 973 5084 non
1001 5029 1276 5085 evidenter
1301 5042 1554 5098 apparet,
1594 5032 1696 5088 nisi
1726 5037 1867 5104 quod

277 5131 330 5176 te
349 5117 503 5172 video
525 5117 768 5185 credere,
794 5119 932 5174 sicut
961 5120 1150 5175 scribis
1175 5155 1190 5187 ,
1225 5118 1384 5173 Deum
1413 5122 1588 5191 fecisse
1618 5123 1864 5192 hantines,

273 5221 320 5265 et
351 5213 538 5282 facere,
569 5218 616 5264 et
644 5212 898 5280 facturum
927 5228 1032 5266 esse
1051 5253 1068 5279 ,
1094 5228 1250 5282 neque
1276 5211 1470 5282 aliquid
1496 5230 1603 5269 esse
1627 5215 1679 5268 in
1706 5216 1860 5284 cretis,

276 5312 364 5357 aut
416 5304 471 5356 in
511 5311 685 5369 terra,
735 5303 870 5372 quod
921 5319 1023 5357 non
1063 5305 1174 5373 ipso
1222 5305 1540 5374 constiterit,
1587 5315 1634 5361 et
1675 5319 1868 5364 constet

276 5400 501 5449 auctore.
546 5389 662 5448 Hoc
691 5407 821 5449 sane
853 5393 925 5449 ita
967 5409 1153 5450 verum
1202 5405 1284 5452 est
1308 5441 1324 5466 ,
1370 5407 1426 5454 ut
1462 5397 1706 5457 dubitare
1742 5401 1868 5459 hinc

342 5645 416 5716 (a)
452 5643 530 5694 De
556 5643 632 5716 bis
653 5641 830 5716 litteris
850 5641 1111 5716 alinOpt‘ato
1128 5643 1255 5716 datis
1278 5645 1335 5694 ad
1361 5643 1690 5716 Ciesarienses
1714 5649 1867 5716 loqui-

185 5737 196 5742 -
279 5714 357 5760 tur
382 5705 643 5768 Augustin.
670 5708 814 5766 epist.
847 5706 951 5755 190.
979 5705 1034 5754 ad
1062 5707 1308 5768 Optatum,
1341 5727 1363 5754 ει
1388 5712 1620 5768 Quamvis
1645 5720 1738 5764 tute
1759 5705 1867 5766 san-

279 5771 460 5819 ctitatis
477 5768 636 5818 nullas
653 5769 710 5818 ad
737 5769 990 5849 p‘ie'ipsum
1013 5768 1368 5849 datas‘acwpet
1382 5776 1453 5849 im!
1472 5771 1672 5849 litteras,
1703 5785 1866 5849 tamen

414 5831 506 5849 ,ει-μ
562 5845 734 5849 κ---,--,
838 5838 1114 5849 μημμηημ

278 5833 391 5894 quia
414 5831 528 5890 illae,
556 5845 676 5894 quas
697 5830 754 5879 ad
787 5831 1121 5881 Mauritaniam
1157 5830 1510 5885 Caesariensem
1547 5838 1719 5886 misiszi
1745 5876 1758 5898 ,
1786 5855 1865 5890 me

280 5892 405 5954 apud
431 5892 699 5958 Cmsaream
737 5898 983 5958 praesente
1006 5902 1351 5958 venerunt...”
1381 5898 1556 5950 factum
1583 5905 1683 5958 est,
1730 5909 1781 5951 ut
1808 5918 1865 5952 ea

282 5969 391 6018 qua:
415 5955 665 6017 scripsisti,
697 5957 840 6007 etiam
861 5958 965 6020 ipse
988 5954 1320 6024 perlegercm,
1347 5977 1370 6008 ιι
1403 5969 1498 6015 etc.

1678 401 2009 469 EPISTULA
2051 403 2274 470 CXLIV.
2352 448 2357 454 -

3457 439 3597 500 “86

2007 525 2182 584 nullus
2227 527 2438 588 debeat.
2509 527 2623 591 Sed
2667 538 2841 598 adhuc
2887 547 2941 600 te
2990 553 3200 618 oportet
3252 554 3594 629 exprimere,

2012 623 2152 679 unde
2190 623 2348 682 faciat
2392 625 2598 687 animas
2628 631 2802 704 Deus,
2850 655 2982 719 quas
3022 658 3185 716 negas
3213 662 3278 703 ex
3307 623 3599 724 propagine

2007 713 2121 769 ﬁeri
2146 757 2161 782 ,
2211 725 2387 774 atrum
2430 720 2644 779 aliunde
2663 719 2693 810 ?_
2732 720 2796 782 Et
2831 715 2884 785 si
2918 733 2992 788 ita
3019 713 3138 806 est,
3175 713 3426 810 quidnam
3470 713 3598 804 illud

2006 803 2112 869 sit,
2152 821 2218 861 an
2263 809 2482 866 omnino
2515 813 2582 869 de
2618 807 2836 906 nihilo?
2880 818 3010 881 Nam
3050 803 3463 906 illud-Origenis
3488 881 3503 906 ,
3545 803 3599 897 et

2004 891 2354 968 Prisciliiani,
2381 899 2466 960 vel
2489 906 2533 961 si
2558 899 2652 978 qui
2671 909 2759 965 alii
2793 911 2897 969 tale
2922 917 3118 988 aliquid
3147 891 3385 984 scntiubt

2008 1001 2104 1060 pro
2158 995 2363 1052 meritis
2420 997 2541 1054 vitae
2597 1004 2788 1071 prioris
2842 1009 3090 1081 terrena,
3137 1024 3296 1088 atque
3351 1026 3594 1081 mortalia

2006 1082 2396 1142 eon'trudantur
2424 1090 2502 1162 (b)
2534 1093 2596 1148 in‘
2615 1101 2874 1168 corpora,
2913 1099 3086 1171 absit,
3118 1120 3173 1162 ut
3194 1082 3429 1183 sentias;
3475 1116 3597 1174 huic

2005 1175 2200 1245 quippe
2221 1179 2457 1246 opinioni
2499 1189 2716 1252 prersus
2741 1191 3042 1261 Apostolica
3069 1206 3382 1262 contradicit
3415 1221 3596 1266 aucto-

2003 1267 2152 1334 ritas,
2185 1267 2388 1337 dicens,
2413 1273 2578 1346 Esau,
2609 1279 2666 1335 et
2686 1279 2873 1353 Iacob,
2897 1297 3178 1361 antequam
3205 1299 3313 1352 nati
3340 1299 3592 1373 fuissent;

2001 1357 2132 1413 nihil
2175 1371 2423 1432 operatos
2464 1367 2587 1425 boni
2615 1412 2628 1439 ,
2678 1369 2760 1431 vel
2805 1380 2951 1435 mali.
2997 1357 3159 1453 Igitur
3202 1405 3308 1446 non
3345 1407 3410 1448 ex
3457 1405 3590 1462 toto,

2003 1445 2100 1506 sed
2128 1469 2192 1509 ex
2218 1465 2365 1524 parte
2391 1502 2404 1527 ,
2441 1461 2594 1519 nobis
2620 1476 2702 1523 est
2729 1478 2814 1524 tua
2840 1471 2907 1529 de
2928 1473 3027 1531 hac
3053 1493 3112 1534 re
3135 1490 3260 1538 nota
3289 1494 3548 1544 sententia
3576 1509 3590 1558 ;
3669 1487 3673 1494 λ

1999 1547 2223 1602 assertio
2249 1565 2378 1607 vero
2407 1547 2524 1624 ejus
2542 1597 2557 1624 ,
2589 1558 2641 1614 id
2683 1573 2763 1617 est
2792 1565 2930 1623 unde
2959 1568 3213 1630 doceatur
3235 1593 3418 1636 verum
3447 1599 3588 1654 esse,

2000 1635 2139 1706 Quod
2168 1642 2333 1697 sentis
2358 1685 2372 1710 ,
2402 1661 2499 1701 nos
2521 1651 2734 1719 penitus
2772 1653 2918 1711 latet.
2971 1659 3261 1733 Propterea
3297 1635 3588 1740 pctiveraui

2003 1729 2268 1805 prioribus
2294 1729 2484 1794 litteris
2522 1745 2656 1799 meis
2679 1787 2694 1813 ,
2749 1757 2805 1802 ιιι
2834 1729 3253 1814 libellum-Fidei
3274 1729 3318 1827 ,-
3333 1729 3591 1834 quem

1999 1823 2278 1893 scripsisse
2304 1842 2692 1891 commemoras
2711 1879 2726 1905 ,
2755 1839 2910 1912 eique
2935 1847 3116 1902 nescio
3145 1865 3304 1920 quem
3331 1858 3588 1930 presbyte-

1998 1930 2111 1967 rum
2141 1918 2395 1986 fallaciter
2427 1924 2785 1999 subscripsisse
2811 1942 3158 2007 conquereris
3177 1983 3194 2013 ,
3220 1935 3348 2002 mihi
3375 1951 3589 2011 mittere

1996 2003 2330 2075 dignm-eris:
2370 2015 2515 2084 quod
2556 2015 2719 2078 etiam
2745 2039 2892 2111 nunc
2918 2003 3042 2100 peto
3065 2075 3080 2101 ,
3110 2003 3263 2111 et-(c)
3287 2003 3588 2110 quid

1997 2099 2296 2158 moniurum
2364 2105 2662 2167 divinorum
2742 2107 2863 2174 huic
2935 2099 3585 2195 qums‘tiOni'r-eseranda:

1995 2189 2254 2250 adbibere
2291 2200 2529 2267 potuisti.
2584 2203 2728 2261 Dicis
2766 2202 2923 2265 enim-
2953 2189 3005 2268 in
3048 2213 3272 2286 epistola
3305 2225 3371 2278 atl
3398 2189 3580 2284 (τῷέλ-

1994 2281 2203 2339 rlenses
2227 2329 2241 2354 ,
2286 2286 2554 2348 Placuisse
2575 2297 2738 2364 vobis,
2781 2311 2838 2355 ut
2858 2317 3054 2360 omnem
3085 2313 3305 2369 veritatis
3329 2315 3586 2390 approba"

1993 2375 2178 2430 tionem
2222 2380 2371 2435 etiam
2417 2384 2628 2442 Judices
2657 2405 3015 2463 cognoscerent
3283 2412 3578 2483 chulare‘s,

1990 2465 2170 2531 quibus
2208 2485 2274 2523 ea:
2308 2478 2559 2530 communi
2598 2479 2952 2551 deprecatione
2997 2491 3370 2565 residentibus,
3423 2514 3468 2557 et
3515 2507 3583 2559 ad

1990 2557 2144 2625 fidem
2183 2563 2418 2619 universa
2458 2569 2758 2628 rimantibus
2782 2619 2797 2642 ,
2844 2579 2901 2632 id
2937 2573 3191 2642 Divtnttas
3215 2630 3230 2655 ,
3281 2595 3337 2646 ut
3366 2596 3579 2667 scribis,

1989 2649 2355 2710 misericordias
2395 2673 2504 2714 sum
2540 2662 2796 2733 infnsione
2842 2667 3027 2743 largita
3067 2686 3143 2732 est
3167 2721 3182 2746 ,
3236 2687 3292 2735 ut
3336 2688 3582 2757 majorem

1986 2743 2372 2812 affirmationem
2417 2767 2514 2822 pro
2558 2759 2666 2812 suis
2711 2762 2938 2819 sensibus
2995 2773 3420 2846 assertionemque
3461 2798 3580 2853 pro-

1985 2837 2215 2905 ferrent,
2256 2847 2411 2911 quam
2441 2856 2603 2901 vestra
2630 2850 2768 2906 circa
2795 2869 2879 2910 eos
2911 2852 3232 2919 mediocritas
3258 2875 3374 2923 cum
3398 2871 3578 2944 ingen-

1984 2927 2110 2982 tium
2138 2932 2536 2992 testimoniorum
2563 2945 2950 3004 auctoritatibus
2975 2955 3267 3012 retentabat.
3310 2957 3418 3018 llas
3451 2927 3578 3039 ergo

1984 3020 2384 3080 testimoniorum
2439 3028 2720 3101 ingentium
2767 3043 3094 3099 auctoritates
3144 3047 3346 3120 ingenti
3397 3020 3578 3116 studio

1981 3112 2122 3166 Scire
2152 3113 2420 3173 desidero.
2483 3121 2661 3178 Solam
2712 3131 2910 3201 quippe
2940 3141 3099 3192 unam
3129 3112 3348 3199 causam
3375 3147 3578 3205 videris

1981 3207 2238 3274 Secutus,
2289 3223 2390 3278 qua
2439 3216 2865 3278 contradictores
2910 3235 3030 3282 tuos
3070 3227 3380 3303 refelleres,
3431 3244 3576 3311 quod

1979 3293 2186 3350 Scilicet
2235 3303 2492 3370 negarent
2536 3321 2659 3363 esse
2706 3323 2842 3382 opus
2910 3316 3004 3373 Dei
3057 3323 3266 3381 animas
3340 3293 3572 3390 nosiras.

1979 3387 2134 3454 Quod
2165 3390 2212 3446 si
2241 3396 2483 3452 sentiunt
2507 3441 2522 3466 ,
2571 3403 2769 3461 merito
2795 3423 2987 3467 eorum
3014 3419 3280 3476 Sententia
3305 3423 3577 3493 judicatur

1977 3483 2100 3537 esse
2149 3484 2475 3546 damnanda.
2547 3490 2678 3551 Nam
2725 3499 2828 3558 hoc
2867 3504 2913 3559 si
2958 3501 3027 3562 de
3074 3511 3204 3581 ipsis
3255 3522 3574 3587 corporibus

1976 3571 2218 3632 dicerent
2242 3619 2256 3644 ,
2283 3583 2472 3650 procul
2526 3581 2690 3643 dubio
2738 3592 2950 3650 fuerant
2981 3571 3301 3661 emendandi
3324 3571 3454 3672 ,‘vel
3480 3614 3575 3669 de-

1977 3669 2232 3723 testandi.
2273 3672 2403 3739 Quis
2432 3677 2574 3730 enim
2601 3679 2936 3740 Christianus
2965 3703 3121 3762 neget
3143 3709 3307 3765 Opera
3333 3699 3424 3756 Dei
3448 3719 3570 3762 esse

1975 3767 2201 3828 corpora
2260 3763 2591 3834 singulorum
2650 3783 2984 3849 quorumque
3043 3763 3416 3847 nascentium?
3461 3796 3570 3855 Nec

1979 3853 2156 3905 tamen
2181 3857 2242 3907 ea
2263 3864 2550 3926 propterea
2580 3873 2837 3934 negamus
2863 3883 2891 3923 a
2923 3875 3230 3940 parentibus
3258 3882 3422 3953 gigni,
3449 3889 3570 3957 quia

1975 3938 2208 3998 fatemur
2255 3941 2509 4004 divinitus
2557 3945 2702 4024 fingi.
2769 3938 2994 4026 Quando
3036 3980 3164 4038 ergo
3209 3938 3570 4041 di‘cilur,lsie

1975 4032 2137 4088 etiam
2191 4037 2488 4096 animarum
2520 4048 2822 4103 ucstra-rum
2874 4045 2952 4124 (tl)
2981 4032 3292 4127 incorporea
3321 4065 3566 4134 quaedam

1974 4117 2055 4180 sui
2086 4129 2300 4196 generis
2328 4131 2534 4189 semina
2561 4177 2575 4202 ,
2619 4147 2671 4193 et
2694 4153 2723 4193 a
2756 4117 3066 4211 parentibus
3096 4147 3230 4207 trahi
3256 4196 3271 4220 ,
3305 4117 3359 4211 ei
3385 4166 3564 4217 tamen

1973 4221 2041 4272 ex
2087 4219 2164 4275 eis
2189 4220 2392 4278 animas
2425 4225 2516 4281 Dei
2558 4239 2721 4299 Opere
2766 4232 2904 4303 ﬁeri,
2957 4238 3026 4294 ad
3073 4240 3175 4300 hoc
3223 4219 3566 4308 refutandum

1973 4323 2079 4367 non
2109 4314 2339 4372 humana
2365 4321 2675 4392 conjectura
2702 4369 2718 4396 ,
2759 4329 2854 4384 sed
2897 4329 3073 4390 divina
3103 4335 3376 4409 Scriptura
3419 4345 3570 4402 testis

1973 4399 2275 4463 adhibenda
2298 4421 2400 4466 ρει.
2442 4411 2574 4470 Nam
2617 4419 2686 4474 de
2720 4421 2922 4480 sanctis
2964 4421 3116 4484 libris
3159 4399 3429 4490 canonicre
3469 4453 3567 4493 au-

1973 4498 2236 4556 ctoritatis
2255 4504 2424 4572 potuit
2454 4508 2606 4564 nobis
2632 4514 3063 4574 testimoniorum
3092 4528 3378 4591 suppetere
3392 4527 3566 4598 capia,

1972 4599 2074 4658 qua
2125 4591 2382 4660 probatur
2427 4597 2568 4654 Deus
2606 4602 2812 4659 animas
2845 4605 3058 4676 facere;
3108 4611 3204 4667 Sed
3249 4591 3567 4677 tesumoniis

1976 4680 2168 4738 talibus
2192 4684 2227 4738 ii
2259 4684 2709 4760 redargutmtur,_
2727 4695 2818 4765 qui
2855 4703 3017 4769 opera
3059 4699 3154 4760 Dei
3189 4719 3308 4764 esse
3331 4711 3568 4782 singulas

1973 4784 2211 4844 quasque
2256 4777 2464 4835 animas
2503 4783 2556 4837 in
2605 4783 2906 4872 hominibus
2947 4796 3291 4853 nascentibus
3328 4777 3564 4873 negant;

1974 4875 2080 4919 non
2112 4867 2146 4920 ii
2172 4869 2264 4938 qui
2295 4867 2396 4927 hoc
2421 4873 2652 4932 fatentur
2674 4922 2688 4945 ,
2720 4863 2774 4936 et
2803 4888 2978 4940 tamen
3004 4897 3125 4956 eas,
3160 4889 3296 4948 sicut
3317 4907 3562 4968 corpora,

1974 4957 2084 5011 Deo
2129 4960 2342 5030 quidem
2389 4973 2680 5037 operante,
2727 4971 2980 5046 formari,
3031 4979 3126 5037 Sed
3169 4997 3233 5039 ex
3285 4957 3564 5057 parentum

1975 5053 2381 5124 propagatione,
2430 5059 2779 5120 contendunt.
2822 5066 2906 5122 Ad
2948 5069 3048 5128 hos
3095 5053 3420 5137 refellendos
3471 5084 3564 5138 tibi

1973 5140 2156 5198 divina
2205 5147 2506 5206 testimonia
2551 5163 2700 5211 certa
2743 5161 3028 5228 quaerenda
3058 5176 3181 5223 sunt
3206 5212 3221 5236 ,
3265 5168 3357 5226 aut
3381 5173 3426 5227 si
3451 5174 3563 5243 jam

1974 5234 2262 5305 invenisti,
2295 5229 2485 5310 nobis,
2532 5247 2620 5316 qui
2655 5252 2888 5308 nondum
2925 5255 3261 5326 invenimus,
3305 5275 3426 5316 cum
3459 5264 3564 5316 im-

1974 5332 2312 5401 pensissime,
2345 5347 2601 5406 quantum
2634 5355 2954 5415 possumus,
2985 5349 3316 5420 inquiramos
3336 5393 3351 5417 ,
3378 5364 3563 5411 mutua

2039 5458 2105 5545 (Lb)
2142 5461 2300 5513 Antea
2340 5471 2448 5545 erat
2484 5471 2862 5542 contradantur,
2886 5473 3033 5532 male,
3060 5481 3186 5545 utet
3211 5475 3258 5525 in
3283 5478 3564 5545 Archetypo

1972 5525 2288 5612 δυὲδέίιεορξ
2308 5527 2563 5612 meiat!"
2589 5547 2676 5612 ws
2699 5525 3241 5612 ἐξειιξιάῖεῑηςὲιάοωιιεξ-
3298 5600 3309 5612 .

2038 5588 2109 5650 (c)
2146 5588 2372 5639 Notatum
2397 5588 2601 5644 Gottiw.‘
2638 5588 2825 5643 Editoii
2862 5596 3068 5647 fortasse
3103 5598 3344 5664 quidquid
3383 5603 3560 5668 legen-

2041 5664 2104 5698 In.

1972 5649 2110 5778 dull?)
2150 5713 2327 5789 Confer
2357 5715 2595 5789 laudatam
2638 5717 2895 5789 Augustini
2935 5717 3223 5789 Epistalﬂo.
3251 5725 3306 5774 ad
3332 5725 3561 5789 Optatum

1973 5774 2106 5827 hunc
2129 5778 2354 5827 eumdem
2379 5792 2509 5827 num.
2539 5779 2614 5850 14ε
2655 5779 2700 5850 in
2719 5774 2830 5828 ‘ﬁne
2869 5789 2920 5850 et
2946 5774 3218 5850 i5._initio;
3244 5774 3560 5850 ιιιιίιιίιὸιίιῆ

1974 5847 2073 5890 tota
2099 5840 2392 5890 conferenda
2419 5847 2493 5888 est.
2517 5854 2580 5888 ex
2605 5842 2798 5907 integro
2821 5879 2832 5900 ,
2853 5843 2917 5907 de
2943 5846 3115 5894 eadem
3141 5840 3274 5898 enini
3293 5840 3560 5907 Milo-vitam

1974 5902 2194 5964 Episc0pi
2220 5900 2589 5974 consultatione,
2620 5900 2785 5974 libello
2810 5906 2940 5967 lidei,
2971 5915 3021 5958 et
3046 5907 3330 5974 Hieronymi
3366 5900 3559 5968 hac—sti:

1978 5981 2068 6031 per
2091 5969 2363 6032 quaestione
2386 5967 2575 6029 scriptis
2605 5967 2725 6029 agit.
