4080 6340
565 373 704 433 “87

563 488 852 546 dilectione
895 485 1172 543 mittenda.
1213 484 1327 540 Tua
1371 482 1566 554 quippe
1603 478 1922 536 consultatio
1949 475 2151 544 brevis,

563 591 724 651 atque
749 589 1014 650 postrema
1036 577 1087 632 in
1114 575 1329 642 litteris,
1351 588 1483 646 quas
1508 573 1574 628 ad
1589 572 1780 626 fratres
1796 567 2154 624 Cwsarienses

564 671 798 738 misisti,
844 671 914 726 ita
959 683 1018 723 se
1063 667 1259 722 habet:
1301 664 1515 732 Exora,
1563 662 1768 733 inquis,
1811 669 1865 713 ut
1885 675 1963 712 me
1989 658 2155 727 ﬁlium

566 774 787 820 uestrum
813 803 828 830 ,
855 771 1004 832 atque
1028 759 1369 830 discipulum,
1400 766 1449 812 et
1475 756 1543 810 ad
1573 755 1678 808 hac
1705 752 1945 824 mysteria
1971 767 2151 820 nuper,

565 857 892 928 proximeque
913 893 930 920 ,
977 851 1087 907 Deo
1103 853 1315 922 juvante
1343 890 1358 916 ,
1382 849 1657 902 venientem
1682 888 1698 914 ,
1727 861 1826 916 qua
1852 844 2038 898 debetis
2064 884 2078 908 ,
2107 851 2155 898 et

567 951 780 1020 dignum
819 955 930 1012 est,
973 956 1018 1000 et
1044 962 1146 1014 qua
1166 943 1436 1015 prudentes
1475 938 1780 1011 respondere
1806 935 2157 991 convenitSa-

566 1040 790 1096 cet-dotes
809 1079 824 1103 ,
873 1037 1235 1108 informatione
1277 1033 1499 1087 doceatis
1530 1046 1550 1085 :
1589 1039 1760 1084 utrum
1788 1027 1948 1098 magis
1974 1026 2064 1080 illa
2093 1027 2157 1080 sit

567 1132 784 1187 tenenda
804 1129 1052 1184 sententia
1076 1168 1092 1194 ,
1137 1141 1252 1194 qua:
1289 1125 1514 1178 animam
1541 1121 1664 1175 dicit
1703 1134 1808 1173 esse
1833 1118 1896 1172 de
1925 1116 2154 1182 traduce,

567 1233 612 1279 et
640 1239 730 1294 per
755 1221 1007 1276 occultam
1029 1221 1302 1290 quamdam
1327 1215 1574 1287 originem
1596 1253 1612 1279 ,
1645 1211 1972 1280 ordinemque
1997 1223 2158 1264 secre-

568 1321 675 1367 tum
698 1313 751 1366 in
776 1327 924 1365 onme
948 1309 1211 1363 hominum
1239 1323 1396 1378 genus
1419 1346 1436 1372 ,
1473 1313 1681 1359 σιτίου-αδ
1710 1301 1908 1355 animas
1932 1315 1994 1354 ex
2034 1298 2160 1353 Adce

568 1403 874 1476 protopiasti
903 1402 1248 1472 transfusione
1277 1399 1499 1469 deﬂuere
1520 1435 1537 1462 ,
1583 1411 1650 1449 an
1677 1393 1841 1464 potius
1866 1408 1924 1446 ea
1947 1431 1964 1457 ,
2007 1406 2160 1459 quam

568 1513 743 1552 omnes
782 1496 966 1566 fratres
990 1495 1141 1548 vestri
1166 1534 1180 1558 ,
1231 1501 1278 1547 et
1308 1490 1594 1544 sacerdotes
1621 1488 1701 1541 hic
1738 1485 1888 1556 positi
1925 1485 2156 1550 retinent,

571 1601 616 1644 et
640 1589 892 1658 afﬁrmant
911 1627 927 1654 ,
958 1584 1189 1655 eligenda
1209 1583 1460 1652 deﬁnitio,
1491 1579 1860 1644 credulitasque
1878 1575 2158 1642 retinenda,

569 1696 688 1752 qua:
706 1678 874 1734 Deum
903 1687 1161 1731 auctorem
1181 1675 1532 1728 universarum
1559 1687 1730 1726 rerum
1759 1711 1774 1736 ,
1806 1669 2163 1737 hominumque

570 1782 866 1828 cunctorum
904 1779 949 1826 et
976 1770 1132 1842 fuisse
1157 1809 1174 1837 ,
1212 1777 1258 1822 et
1278 1782 1385 1822 esse
1414 1805 1428 1832 ,
1455 1774 1503 1820 et
1532 1767 1759 1836 futurum
1786 1777 1893 1818 esse
1913 1770 2121 1816 testatur
2143 1801 2160 1829 ,

568 1878 617 1924 et
645 1867 824 1923 credit.
853 1885 873 1920 ι

648 1977 861 2055 10⁵14
912 1977 964 2035 6.
999 1995 1018 2031 ι
1046 1976 1247 2032 Horum
1274 1973 1431 2044 igitur
1456 1971 1709 2038 duorum,
1738 1983 1857 2039 qua:
1879 1966 2164 2023 consulens

571 2071 897 2146 proposuisti
922 2111 938 2137 ,
966 2070 1047 2125 vis
1073 2076 1132 2124 ut
1160 2068 1388 2138 eligatur
1409 2105 1425 2132 ,
1459 2064 1554 2121 tibi
1579 2059 1967 2131 respondeatur
1995 2059 2162 2114 alter-

570 2179 749 2223 utrum
774 2207 789 2232 ,
834 2164 979 2236 quod
1028 2162 1144 2218 fieri
1190 2159 1410 2216 deberet
1451 2156 1520 2212 ab
1548 2154 1842 2211 scientibus
1865 2193 1882 2220 ,
1921 2152 1964 2207 si
1985 2157 2166 2206 essent

569 2260 710 2317 inter
752 2274 812 2315 se
834 2257 941 2312 duo
969 2257 1066 2311 ista
1091 2251 1359 2308 contraria
1379 2291 1394 2316 ,
1441 2257 1499 2303 ut
1524 2247 1690 2302 altero
1717 2247 1888 2299 electo
1910 2283 1927 2310 ,
1975 2256 2168 2298 conse-

568 2360 794 2423 quenter
829 2356 976 2405 esset
1017 2347 1242 2401 alterum
1271 2339 1653 2412 respuendmn.
1706 2337 1859 2392 Nune
1879 2344 2076 2399 autem,
2119 2332 2167 2388 si

568 2443 834 2514 quispiam
862 2454 970 2495 non
995 2437 1224 2492 alterum
1246 2449 1276 2489 e
1301 2433 1509 2488 duobus
1537 2430 1620 2485 his
1639 2428 1820 2499 eligat,
1847 2426 1941 2482 sed
1964 2436 2166 2480 utrum-

567 2551 673 2608 que
699 2548 884 2590 verum
904 2546 1026 2588 esse
1052 2527 1394 2599 respondeat,
1425 2525 1476 2579 id
1500 2532 1605 2590 est,
1634 2524 1686 2576 in
1713 2536 1872 2576 omne
1891 2519 2166 2575 hominum

567 2643 739 2700 genus
754 2636 976 2684 ureteras
993 2625 1200 2678 animas
1223 2637 1293 2677 cx
1328 2619 1459 2675 Adae
1480 2616 1792 2689 protoplasti
1810 2612 2167 2669 transfusione

571 2721 832 2787 deﬂuere,
863 2728 918 2773 et
941 2716 1288 2772 nihilominus
1313 2713 1477 2767 Deum
1499 2717 1772 2764 auctorem
1799 2707 2164 2762 universarum

569 2829 786 2880 rerum,
835 2811 1218 2878 hominumque
1261 2813 1574 2860 cunctorum
1602 2812 1658 2858 et
1697 2800 1860 2856 fuisse
1883 2840 1900 2866 ,
1947 2807 2002 2855 et
2024 2813 2164 2864 esse,

571 2917 628 2965 et
649 2905 884 2962 futurum
913 2917 1034 2958 esse
1059 2899 1282 2964 credat,
1335 2905 1391 2952 et
1417 2895 1597 2961 dicat,
1641 2891 1768 2964 quid
1798 2891 1920 2946 huic
1947 2899 2166 2946 contra-

568 2998 852 3055 dicendum
877 3011 996 3052 esse
1023 2991 1252 3051 censes?
1282 2987 1550 3060 Numquid
1589 3002 1712 3042 nam
1733 2984 1927 3040 dicturi
1948 2996 2163 3038 sumus:

571 3090 632 3147 Si
675 3107 738 3146 ea:
784 3087 1075 3160 parentibus
1109 3085 1296 3139 anima:
1339 3088 1690 3152 prapagantur
1713 3119 1728 3146 ,
1751 3067 1875 3131 'non
1920 3084 1991 3130 est
2027 3075 2168 3129 Deus

569 3193 747 3237 auctor
769 3181 996 3237 omnium
1021 3194 1191 3234 rerum
1215 3177 1336 3244 quia
1355 3190 1458 3228 non
1493 3173 1618 3244 facit
1653 3171 1852 3224 animas
1872 3169 1898 3223 7
1933 3167 2169 3237 Respon-

571 3277 782 3332 debitur
808 3274 948 3346 enim
972 3315 988 3339 ,
1040 3273 1086 3328 si
1131 3273 1231 3325 hoc
1273 3267 1600 3323 dixerimus:
1648 3278 1779 3335 ergo
1807 3263 1928 3332 quia
1953 3279 2169 3332 corpora

573 3385 635 3422 ea:
660 3365 954 3438 parentibus
974 3369 1342 3433 propagentur,
1372 3374 1474 3412 non
1494 3365 1565 3412 est
1593 3355 1726 3409 Deus
1749 3363 1922 3408 auctor
1943 3354 2169 3407 omnium

574 3475 748 3514 rerum
770 3499 784 3524 ,
815 3457 860 3511 si
883 3464 1092 3526 prapter
1118 3454 1212 3507 hoc
1243 3449 1487 3504 dicendus
1517 3456 1590 3502 est
1622 3463 1722 3500 non
1744 3449 1911 3517 facere
1931 3459 2164 3514 corpora.

574 3552 705 3620 Quis
750 3559 928 3606 autem
969 3556 1163 3618 neget,
1216 3553 1490 3600 auctorem
1535 3541 1887 3595 humanorum
1930 3538 2167 3592 omnium

573 3658 856 3715 corporum
905 3641 1112 3704 Deum,
1156 3638 1248 3692 sed
1297 3636 1438 3691 illius
1479 3635 1620 3689 dicat
1657 3632 1866 3697 solius,
1913 3629 2056 3701 quod
2102 3629 2170 3685 de

577 3746 716 3791 terra
747 3734 992 3806 primitus
1015 3731 1169 3786 finxit
1190 3771 1205 3796 ,
1233 3737 1325 3784 aut
1349 3738 1496 3784 certe
1517 3726 1678 3782 etiam
1706 3723 1949 3794 conjugis
1981 3723 2166 3793 ipsius,

575 3828 697 3898 quia
727 3836 780 3882 et
806 3828 973 3896 ipsam
995 3824 1064 3879 de
1088 3824 1256 3879 latere
1283 3821 1399 3891 ejus
1428 3820 1541 3889 ipse
1569 3816 1834 3882 formavit,
1863 3830 1971 3870 non
1991 3823 2170 3869 autem

577 3921 736 3976 etiam
757 3927 1061 3974 exterarum
1085 3957 1102 3983 ,
1146 3914 1270 3985 quia
1297 3927 1366 3969 ex
1401 3911 1510 3966 illis
1537 3917 1728 3964 czetcra
1752 3908 2026 3964 hominum
2052 3922 2173 3962 cor-

579 4029 707 4086 pora
735 4011 1027 4068 deﬂuxisse
1054 4023 1252 4080 negare
1279 4021 1386 4062 non
1415 4004 1740 4076 possumus?
1772 4021 1792 4055 ι

653 4105 706 4161 7.
745 4123 765 4157 ι
799 4105 877 4160 Ac
904 4118 998 4175 per
1024 4101 1125 4157 hoc
1144 4141 1159 4166 ,
1188 4101 1270 4167 si,
1309 4098 1565 4153 adversus
1586 4110 1721 4166 quos
1749 4093 1846 4150 tibi
1873 4101 1958 4149 est
1985 4094 2038 4148 in
2069 4093 2172 4148 hac

577 4196 873 4268 quastione
920 4193 1238 4257 conﬂictus,
1285 4191 1365 4246 sic
1403 4196 1715 4244 asseverant
1760 4186 2059 4240 animarum
2106 4199 2173 4240 ex

580 4290 725 4346 illius
751 4288 907 4344 unius
925 4285 1258 4341 derivatione
1285 4280 1650 4352 prOpaginem,
1683 4285 1742 4332 ut
1761 4276 1978 4346 easjam
2008 4277 2174 4331 Deum

582 4394 778 4459 negent
803 4384 997 4449 facere,
1027 4391 1189 4452 atque
1213 4380 1466 4444 formare,
1498 4376 1636 4430 insta
1660 4374 1740 4429 eis
1769 4371 2173 4442 redarguendis,

581 4477 998 4544 convincendis,
1045 4470 1407 4543 corrigendis,
1453 4474 1708 4539 quantum
1757 4464 1981 4520 Domino
2025 4463 2177 4534 adju-

582 4583 742 4631 vante
783 4571 1040 4643 potueris.
1087 4568 1147 4624 Si
1175 4575 1356 4622 autem
1387 4561 1535 4617 initia
1565 4558 1809 4630 quaedam
1833 4573 1898 4612 ex
1925 4556 2017 4612 illo
2048 4570 2172 4623 uno,

581 4676 637 4722 et
673 4664 924 4733 deinceps
955 4676 985 4716 a
1015 4658 1327 4731 parentibus
1372 4651 1605 4717 attrahi,
1649 4658 1704 4706 et
1735 4657 1913 4704 tamen
1943 4647 2176 4718 singulas

583 4759 637 4814 in
666 4755 972 4812 hominibus
1009 4752 1234 4822 singulis
1275 4747 1548 4804 afﬁrmant
1585 4743 1655 4799 ab
1693 4751 1912 4797 auctore
1937 4741 2174 4796 omnium

584 4866 765 4906 rerum
792 4849 903 4904 Deo
923 4847 1116 4912 creari,
1145 4853 1305 4913 atque
1331 4839 1572 4907 formari,
1595 4836 1725 4908 quid
1747 4837 1828 4891 eis
1853 4833 2173 4904 respondea-

585 4951 692 5007 tur,
722 4941 930 5010 inquire
958 4940 1026 4994 de
1054 4935 1348 5008 St-ripturis
1377 4931 1612 4988 maxime
1641 4929 1839 4984 sanctis
1858 4969 1874 4996 ,
1902 4925 2040 4998 quod
2071 4941 2176 4980 non

586 5034 656 5088 sit
678 5030 1006 5100 ambiguum,
1036 5045 1137 5085 nec
1179 5028 1335 5082 aliter
1359 5023 1531 5095 possit
1567 5020 1793 5090 intelligi
1823 5037 1838 5074 :
1879 5025 1970 5072 aut
1998 5019 2042 5071 si
2067 5016 2177 5086 jam

585 5123 857 5187 invenisti,
885 5129 946 5176 ut
963 5120 1212 5189 superius
1236 5115 1525 5187 postulavi,
1549 5113 1720 5182 dirige
1749 5120 1804 5165 et
1831 5109 2007 5167 nobis.
2026 5108 2180 5176 Quod

586 5219 633 5274 si
666 5225 718 5272 te
759 5213 965 5279 adhuc,
998 5211 1138 5265 sicut
1177 5223 1264 5263 me
1288 5208 1452 5272 latet;
1500 5206 1638 5260 insta
1675 5201 1890 5273 quidem
1934 5200 2180 5257 omnibus

585 5307 789 5365 viribus
813 5317 906 5362 eos
929 5299 1228 5363 confutare,
1247 5299 1334 5367 qui
1360 5297 1545 5352 dicunt
1569 5295 1768 5350 animas
1796 5309 1899 5347 non
1927 5307 1989 5346 ea:
2032 5309 2182 5348 onere

587 5401 776 5457 Diuina
802 5439 819 5466 ,
844 5396 989 5468 quod
1030 5409 1127 5452 eos
1165 5391 1344 5448 dixisti
1375 5390 1426 5444 in
1457 5389 1683 5459 epistola
1722 5396 1810 5442 tua
1838 5388 2007 5457 prima
2051 5387 2182 5442 inter

587 5493 876 5548 secretiores
920 5489 1120 5560 fabulas
1156 5497 1540 5548 murmurasse,
1587 5480 1767 5535 deinde
1807 5489 2009 5551 pr0pter
2052 5481 2182 5536 hanc

588 5583 887 5639 sententiam
912 5579 1142 5645 stultam,
1191 5585 1342 5647 atque
1386 5574 1596 5642 impiam
1621 5588 1655 5625 a
1697 5581 1782 5624 tuo
1828 5581 2099 5636 consortio,
2136 5580 2182 5626 et

595 5674 834 5730 Ecclesia:
858 5671 1060 5728 servitio
1082 5669 1349 5726 recessisse
1366 5707 1382 5735 ,
1411 5675 1569 5736 atque
1597 5663 1856 5719 adversus
1881 5676 1976 5718 eos
2003 5665 2181 5718 omni-

589 5765 689 5821 bus
718 5763 890 5819 modis
917 5762 1179 5828 defende,
1211 5768 1266 5816 et
1287 5769 1456 5826 tuere,
1486 5755 1628 5828 (μιοά
1658 5755 1711 5810 in
1737 5753 1925 5809 eadem
1957 5753 2178 5822 epistola

593 5857 836 5926 posuisti,
869 5856 1034 5911 Deum
1062 5855 1235 5928 fecisse
1286 5852 1502 5923 animas,
1553 5857 1600 5907 et
1645 5854 1825 5926 facere,
1857 5857 1900 5902 et
1931 5847 2184 5918 {acturum

1773 425 1782 432 _
1835 357 2079 418 SANCTI
2119 355 2508 415 HIERONYMI

3715 361 3849 420 1188

2252 493 2378 543 esse,
2401 493 2560 546 neque
2583 476 2778 548 aliquid
2805 493 2910 533 esse
2929 480 2982 534 in
3013 479 3172 547 caelis,
3201 488 3290 534 aut
3310 479 3364 534 in
3392 487 3552 547 terra,
3580 481 3720 550 quod
3747 501 3850 539 non

2255 569 2368 638 ipso
2393 570 2690 637 constiterit,
2718 579 2808 623 aut
2829 580 3018 624 constet
3044 581 3271 626 auctore.
3296 570 3410 626 Hoc
3433 571 3581 626 enim
3611 571 3683 627 dc
3706 575 3848 630 omni

2258 660 2476 715 omnino
2500 675 2700 730 genere
2721 668 2980 717 creaturze
3003 662 3284 717 verissime
3304 702 3320 728 ,
3357 671 3519 733 atque
3544 663 3852 721 rectissime

2258 753 2514 819 creditur,
2549 753 2765 818 dicitur,
2805 753 3126 823 defenditur,
3157 756 3558 826 comprobatur.
3643 757 3850 832 1075

2262 847 2402 903 Deus
2423 847 2566 902 enim
2606 856 2792 903 auctor
2821 848 3188 904 universarum
3214 863 3391 903 rerum
3414 890 3428 914 ,
3464 848 3851 919 hominumque

2260 946 2574 992 cunctorum
2604 946 2658 992 et
2682 936 2802 1004 fuit,
2842 923 2898 992 et
2922 947 3022 1001 est,
3048 946 3103 994 et
3127 937 3333 993 futurus
3357 947 3474 1005 est,
3513 937 3657 1008 quod
3684 939 3736 992 in
3765 955 3854 994 exc

2265 1039 2433 1085 trema
2467 1038 2553 1084 tua
2593 1029 2660 1084 ad
2704 1028 3062 1100 Coepisc0pos
3105 1040 3317 1087 nostros
3347 1031 3650 1086 Provinciae
3677 1031 3850 1087 (Stesa-

2263 1122 2460 1176 riensis
2483 1121 2883 1177 Consultatioue
2932 1123 3193 1192 posuisti,
3247 1133 3406 1192 atque
3458 1132 3516 1177 ut
3575 1122 3631 1177 id
3684 1127 3851 1192 potius

2263 1214 2544 1285 eligerent,
2573 1215 2823 1284 exemplo
2851 1216 3089 1270 omnium
3119 1215 3372 1283 fratrum,
3407 1226 3464 1271 et
3497 1217 3850 1272 consacerdo-

2265 1308 2493 1379 tum,qui
2510 1317 2634 1364 sunt
2652 1308 2791 1378 apud
2805 1323 2922 1376 vos,
2935 1319 3096 1380 atque
3112 1309 3162 1363 id
3186 1310 3438 1378 retinent,
3456 1309 3848 1381 quodammodo

2262 1398 2506 1455 hortatus
2530 1414 2610 1454 es.
2637 1399 2742 1455 Sed
2769 1400 2871 1455 alia
2897 1401 3123 1471 quaestio
3147 1409 3229 1455 est
3249 1400 3336 1455 ubi
3359 1401 3649 1470 quaeritur,
3679 1410 3846 1457 utrum

2264 1495 2501 1550 omnium
2531 1497 2828 1550 animarum
2851 1537 2865 1560 ,
2901 1503 2956 1551 et
2980 1511 3263 1566 corporum
3288 1505 3494 1561 auctor,
3523 1495 3848 1567 effectorque

2265 1587 2405 1641 Deus
2448 1588 2542 1655 sit,
2573 1587 2716 1659 quod
2742 1588 2940 1643 veritas
2969 1587 3161 1653 habet,
3204 1602 3270 1642 an
3303 1587 3504 1658 aliquid
3545 1599 3845 1643 naturarum

2264 1677 2573 1743 exoriatur,
2605 1677 2746 1748 quod
2777 1679 2892 1748 ipse
2917 1692 3024 1732 non
3051 1677 3240 1742 faciat,
3271 1692 3390 1748 qua:
3416 1677 3602 1747 opinio
3640 1692 3846 1747 prorsus

2264 1769 2464 1824 erroris
2485 1778 2605 1835 est;
2633 1770 2738 1824 alia
2764 1783 2895 1824 vero
2925 1769 3013 1824 ubi
3042 1769 3320 1839 quaeritur,
3351 1779 3530 1824 utrum
3570 1769 3714 1824 Deus
3743 1771 3847 1824 ani-

2265 1875 2382 1916 mas
2424 1861 2685 1916 humanas
2714 1876 2781 1917 ex
2811 1861 3100 1932 propagine
3124 1902 3139 1926 ,
3170 1876 3236 1914 an
3281 1861 3398 1916 sine
3439 1862 3732 1932 pr0pagine
3773 1862 3844 1917 fa-

2265 1952 2392 2018 ciat,
2417 1963 2550 2023 quas
2581 1963 2754 2008 tamen
2777 1952 2956 2007 abillo
2987 1951 3125 2020 fieri,
3148 1951 3393 2008 dubitare
3419 1951 3499 2007 fas
3520 1970 3628 2008 non
3657 1965 3759 2009 est.
3791 1955 3840 2010 ln

2266 2059 2368 2116 qua
2389 2047 2687 2118 quastione
2706 2045 2940 2102 sobrium
2963 2055 3014 2101 te
3033 2060 3173 2112 esse,
3191 2038 3580 2116 ac’vigilantem
3599 2047 3721 2102 volo
3741 2048 3812 2118 (Ι)
3831 2066 3843 2114 ;

2267 2152 2336 2192 ne
2371 2139 2450 2193 sic
2476 2139 2773 2192 animarum
2805 2136 3146 2208 propaginem
3195 2135 3473 2203 destruas,
3523 2146 3582 2191 ut
3611 2137 3843 2193 haeresim

2267 2230 2610 2300 Pelagianam.
2645 2230 2888 2284 incautus
2929 2229 3192 2284 iucurras.
3239 2227 3372 2283 Nam
3411 2228 3457 2282 si
3503 2228 3843 2284 humanorum

2267 2338 2576 2394 corporum,
2607 2339 2835 2394 quorum
2867 2321 3175 2393 propagatio
3215 2329 3299 2377 est
3326 2322 3582 2377 omnibus
3610 2332 3752 2386 nota,
3778 2323 3845 2376 di-

2267 2417 2439 2471 cimus
2462 2425 2639 2470 tamen
2667 2415 2857 2481 Deum,
2885 2429 3118 2484 vereque
3145 2413 3374 2468 dicimus
3395 2454 3409 2480 ,
3439 2429 3547 2469 non
3574 2414 3718 2468 illius
3744 2424 3846 2468 tan-

2270 2516 2379 2563 tum
2433 2507 2589 2576 primi
2636 2506 2909 2572 hominis,
2965 2504 3321 2576 conjugumve
3381 2505 3718 2576 primorum,
3763 2505 3846 2561 sed

2268 2598 2508 2655 omnium
2536 2614 2602 2654 ex
2633 2598 2739 2653 illis
2781 2606 3191 2668 propagatorum
3221 2610 3340 2652 esse
3365 2605 3666 2652 creatorem
3689 2638 3706 2662 ,
3734 2608 3847 2668 puto

2269 2691 2426 2747 facile
2454 2691 2714 2762 intelligi,
2747 2704 2842 2745 eos
2869 2689 2958 2758 qui
2988 2689 3287 2743 animarum
3325 2687 3624 2743 defendunt
3669 2703 3849 2758 propa-

2266 2783 2468 2856 ginem,
2497 2798 2604 2838 non
2630 2798 2697 2839 ex
2741 2783 2842 2838 hoc
2878 2797 2977 2837 nos
3006 2780 3082 2853 (2)
3126 2780 3322 2838 habere
3363 2782 3506 2836 velle
3545 2782 3845 2848 destruere,

2269 2876 2482 2948 quando
2511 2876 2649 2931 Deus
2686 2875 2895 2930 animas
2922 2873 3069 2941 facit,
3097 2888 3220 2930 cum
3240 2883 3294 2929 et
3312 2889 3535 2944 corpora
3570 2875 3714 2942 facit,
3743 2890 3848 2946 qua:

2268 2967 2337 3023 de
2380 2968 2669 3037 propagine
2715 2965 2832 3021 fieri
2873 2979 3070 3036 negare
3099 2980 3206 3021 non
3252 2980 3578 3036 possumus;
3620 2965 3715 3022 sed
3756 2967 3847 3022 alia

2267 3058 2590 3115 documenta
2633 3073 2754 3114 esse
2795 3057 3120 3130 quaerenda,
3165 3058 3357 3129 quibus
3395 3059 3448 3112 hi
3488 3060 3580 3128 qui
3626 3059 3849 3114 sentiunt

2269 3151 2550 3221 propagari
2580 3150 2811 3215 animas,
2864 3150 3192 3220 repellantur
3215 3189 3229 3214 ,
3257 3149 3300 3203 si
3331 3162 3425 3203 eos
3453 3163 3641 3204 errare
3667 3151 3848 3204 veritas

2269 3243 2535 3313 loquitur;
2563 3241 2630 3298 de
2651 3257 2755 3312 qua
2782 3257 2840 3297 re
2867 3242 2945 3297 illi
2975 3242 3144 3312 magis
3167 3239 3400 3307 fuerant,
3435 3241 3480 3294 si
3509 3241 3626 3296 fieri
3654 3251 3845 3312 posset,

2270 3334 2654 3405 interrogandi,
2690 3342 2910 3405 propter
2935 3349 3162 3404 quorum
3187 3332 3430 3402 injuriam
3468 3333 3547 3404 (3)
3590 3333 3849 3388 defuncto-

2271 3441 2412 3491 rum,
2441 3426 2580 3480 sicut
2607 3424 2801 3480 scribis
2832 3425 2884 3480 in
2917 3424 2996 3496 (a)
3030 3423 3267 3495 Epistola
3291 3465 3306 3489 ,
3335 3437 3495 3493 quam
3521 3423 3655 3478 mihi
3681 3433 3846 3495 poste-

2270 3518 2464 3572 riorem
2497 3517 2710 3584 misisti,
2739 3517 2793 3571 in
2815 3518 3074 3572 meliorem
3104 3525 3299 3586 partem
3319 3527 3610 3572 convertere
3635 3518 3847 3573 homines

2271 3607 2604 3678 formidabas.
2625 3609 2731 3664 Hos
2753 3610 2894 3664 enim
2919 3609 3205 3680 defunctos,
3230 3610 3354 3663 tales
3377 3618 3664 3681 tantosque,
3691 3622 3734 3665 et
3756 3621 3847 3665 tam

2271 3703 2444 3757 doctos
2471 3703 2756 3773 Episcopos
2794 3705 2950 3775 fuisse
2975 3705 3193 3771 dixisti,
3243 3713 3298 3758 ut
3342 3721 3522 3759 earum
3563 3708 3847 3761 traditiones

2273 3795 2471 3848 timeres
2521 3795 2698 3850 doctor
2745 3797 3010 3865 novellus,
3049 3798 3288 3868 rudisque
3339 3814 3668 3869 corrumpere
3716 3801 3846 3856 velle.

2270 3885 2450 3958 Itaque
2473 3890 2516 3943 si
2542 3891 2681 3945 scire
2719 3904 2954 3959 possem,
2980 3889 3126 3954 tales
3151 3906 3210 3943 ac
3237 3889 3364 3942 tanti
3403 3899 3450 3943 et
3479 3900 3583 3944 tam
3613 3892 3747 3946 docti
3767 3893 3856 3946 uiri

2273 3980 2426 4034 istam
2473 3980 2540 4034 de
2583 3981 2882 4037 animarum
2922 3982 3305 4054 propagatione
3347 3983 3706 4049 sententiam,
3747 3985 3851 4054 qui-

2272 4069 2372 4125 bus
2411 4070 2486 4142 (b)
2515 4072 2600 4128 vel
2641 4071 2957 4128 testimoniis
2995 4071 3350 4128 asserebant:
3391 4087 3551 4143 quam
3593 4083 3769 4129 tamen
3805 4076 3851 4128 in

2273 4161 2464 4216 litteris
2509 4162 2576 4217 ad
2607 4163 2965 4219 Cresarienses
3005 4163 3182 4230 datis,
3231 4162 3444 4217 illorum
3491 4165 3849 4220 auctoritatem

2275 4268 2614 4322 nequaquam
2639 4255 2954 4323 respiciens,
2986 4254 3349 4309 inventionem
3379 4269 3596 4320 novam,
3629 4267 3682 4311 et
3711 4257 3851 4310 inau-

2275 4345 2446 4401 ditum
2476 4345 2669 4417 dogma
2699 4359 2821 4401 esse
2845 4346 3049 4413 dixisti,
3076 4361 3198 4401 cum
3230 4344 3471 4415 profecto
3490 4388 3506 4413 ,
3548 4353 3605 4401 et
3644 4346 3688 4402 si
3715 4362 3852 4402 error

2275 4446 2380 4506 est,
2407 4453 2604 4494 novum
2632 4445 2810 4493 tamen
2840 4452 2962 4492 eum
2993 4452 3102 4492 nou
3127 4451 3248 4494 esse
3289 4437 3622 4505 noverimus,
3656 4439 3750 4494 sed
3776 4453 3851 4495 ve-

2277 4539 2500 4599 tustum,
2531 4538 2586 4586 et
2609 4529 2908 4602 antiquum.

2349 4627 2404 4682 8.
2475 4644 2494 4678 ι
2550 4625 2775 4692 Quando
2835 4633 3014 4682 autem
3071 4640 3170 4681 nos
3208 4625 3401 4697 aliqua:
3444 4639 3624 4680 causae
3670 4625 3725 4681 in
3765 4624 3848 4680 ali-

2277 4735 2382 4791 qua
2425 4721 2722 4792 quaestione
2763 4735 2870 4777 non
2911 4720 3179 4776 immerito
3217 4718 3463 4774 dubitare
3503 4720 3849 4790 compellunt,

2348 4853 2410 4924 (a)
2450 4857 2646 4924 Excidit
2667 4859 2774 4910 haec
2789 4857 3212 4924 quoque‘epistola
3237 4861 3514 4907 austerum
3539 4854 3710 4906 confer
3727 4854 3854 4905 modo

2278 4916 2518 4985 laudatam
2542 4916 2956 4985 Augustini-num.
2981 4916 3057 4970 22'.

2344 4980 2417 5044 (ὁ)
2437 4982 2488 5031 Id
2515 4991 2590 5032 est
2613 4977 2807 5042 s'altem,
2849 4997 2942 5033 nec
2967 4985 3095 5033 enim
3119 4981 3263 5031 video
3285 4994 3371 5029 cur
3395 4980 3570 5044 isthmc
3597 4978 3679 5044 rel
3714 4977 3855 5040 parti-

2279 5042 2406 5108 cula,
2431 5047 2615 5108 quazgign
2639 5047 2898 5108 archetypo
2923 5053 3029 5094 erat
3047 5081 3060 5105 ,
3085 5044 3147 5108 ad
3178 5045 3448 5108 marginem
3471 5042 3523 5089 in
3549 5042 3766 5108 editione
3788 5051 3858 5108 re-

2275 5100 2409 5169 iecta
2432 5100 2514 5156 sit.
2541 5107 2728 5156 Medica
2749 5100 2946 5169 quidem
2968 5100 3114 5169 manu
3137 5106 3228 5169 hoc
3257 5100 3361 5165 ipso
3394 5105 3441 5151 in
3467 5117 3618 5169 versu
3643 5100 3859 5169 periodus

2282 5163 2502 5230 indiget,
2537 5163 2836 5231 qummanra
2860 5177 2936 5218 est
2974 5176 3026 5218 et
3049 5165 3208 5216 hiulca
3233 5179 3249 5231 ξ
3273 5163 3384 5231 puta
3416 5163 3764 5231 supplendum
3783 5175 3859 5211 e1-

2280 5224 2568 5296 penderem,
2594 5230 2674 5296 vel
2703 5229 3027 5296 j_udicarem,_
3049 5239 3153 5296 aut_
3171 5224 3287 5290 quid
3313 5224 3497 5296 simile
3522 5226 3860 5296 postiverbum.

2281 5286 2572 5345 assereme
2598 5286 2826 5342 Proxime
2862 5286 3107 5354 superiori
3130 5286 3245 5354 loco
3279 5286 3363 5335 ubi
3387 5286 3603 5354 dicitur“;
3635 5293 3796 5354 Itaque
3822 5286 3861 5334 si

2281 5355 2408 5419 scire
2430 5366 2616 5419 possem
2633 5393 2646 5411 ,
2671 5354 2853 5403 Editori
2877 5345 3088 5404 Gottivv.
3105 5353 3294 5419 deesse
3325 5354 3464 5419 putat
3499 5345 3690 5419 uellem,
3719 5345 3775 5419 :id
3793 5353 3861 5395 est

2282 5410 2451 5468 vellent
2473 5415 2514 5463 si
2544 5410 2672 5467 scire
2695 5429 2896 5480 possem,
2925 5424 3018 5480 etc.
3045 5410 3396 5480 subsequentia
3419 5422 3541 5480 vero
3563 5410 3861 5480 sic_refigen-

2283 5481 2342 5528 da
2367 5482 2598 5542 autumat,
2624 5471 3117 5542 qualibus','quilmsve
3141 5471 3419 5524 testimoniis
3444 5478 3530 5521 aut
3553 5471 3859 5534 potius,’qua

2283 5541 2473 5604 ratione,
2489 5541 2714 5604 quibusve
2736 5540 3028 5598 testimOniis,
3055 5545 3150 5604 etc.

2349 5606 2421 5667 (1)
2459 5593 2515 5652 Ini
2538 5605 2800 5667 archetypo
2823 5616 2925 5661 nec,
2952 5593 3078 5667 quod
3103 5600 3144 5650 si
3167 5598 3387 5667 retinere
3409 5593 3558 5667 velis,
3579 5595 3740 5667 inquit
3756 5593 3862 5664 Edi-

2285 5657 2364 5716 tor
2385 5657 2579 5719 Gottiw.
2607 5657 3130 5726 alia'interpunclione
3153 5672 3274 5720 opus
3297 5666 3374 5726 est
3389 5693 3403 5718 ,
3439 5657 3534 5708 hoc
3557 5657 3704 5708 modo
3720 5697 3735 5718 ,
3757 5657 3864 5720 rigi-

2288 5731 2460 5781 lantem
2486 5728 2604 5788 colo,
2628 5739 2716 5776 nec
2738 5726 2816 5786 sit,
2844 5722 2937 5775 e‘tc.
2965 5733 3014 5774 at
3031 5725 3189 5789 minus
3205 5722 3378 5789 p_robe.
3408 5779 3419 5789 .

2349 5778 2673 5856 (nunquid,
2690 5778 2854 5856 inquit
2888 5789 3036 5856 idem,
3055 5778 3373 5856 deest-forte,
3391 5778 3513 5856 illas
3537 5791 3716 5856 a_1)eo.

2348 5843 2416 5921 (3]
2458 5843 2634 5905 Denuo
2657 5843 2802 5912 idem,
2831 5851 2997 5908 verba,
3023 5843 3110 5906 ait,
3133 5851 3354 5906 corrupta
3379 5855 3441 5892 ac
3463 5857 3556 5895 suo
3575 5843 3684 5895 loco
3706 5850 3850 5895 mota:
