4080 6340
361 463 502 523 1189

363 577 574 650 1076
645 591 750 630 non
793 575 953 631 etiam
998 573 1124 629 hinc
1165 573 1412 631 dubitare
1452 575 1731 646 debemus,
1761 591 1936 636 utrum

356 673 602 725 dubitare
627 669 937 724 debeamus.
971 668 1045 723 De
1090 668 1262 723 dubiis
1289 669 1483 741 quippe
1505 671 1666 726 rebus
1695 673 1812 728 sine
1840 674 1948 744 du-l

354 759 612 816 bitatione
664 759 1012 815 dubitandum
1073 769 1172 814 est.
1229 759 1431 827 Vides,
1488 761 1936 840 quemadmodum

351 851 641 922 Apostolus
668 850 735 906 de
760 866 820 906 se
856 850 975 920 ipso
1004 849 1244 906 dubitare
1287 865 1393 905 non
1417 850 1658 925 dubitet,
1689 864 1859 907 utrum
1883 854 1937 909 in

351 959 582 1014 corpore,
605 961 673 998 an
697 953 840 1018 extra
859 960 1044 1014 corpus
1070 953 1251 1014 raptus
1280 948 1349 998 sit
1375 945 1427 999 in
1449 947 1668 1021 tertium
1695 947 1889 1002 coelum
1918 965 1932 1001 :

346 1037 462 1092 sive
505 1037 639 1104 hoc,
668 1037 781 1092 sive
827 1037 957 1111 illud
980 1078 997 1104 ,
1040 1038 1206 1092 nescio
1231 1077 1246 1104 ,
1286 1035 1423 1092 Deus
1448 1037 1563 1092 scit.
1593 1036 1668 1109 (1.
1696 1037 1814 1093 Cor.
1845 1037 1933 1093 12.

345 1127 400 1182 ει.
430 1128 510 1196 5).
541 1129 651 1185 Cur
677 1143 804 1200 ergo
832 1128 984 1192 mihi,
1013 1128 1265 1200 quamdiu
1292 1129 1508 1195 nescio,
1538 1128 1785 1184 dubitare
1824 1144 1934 1183 non

344 1219 534 1286 liceat,
565 1228 744 1274 utrum
776 1221 966 1276 Anima
1009 1236 1124 1276 mea
1154 1221 1207 1275 in
1253 1221 1408 1276 istam
1436 1220 1600 1274 vitam
1629 1235 1694 1276 ex
1739 1235 1934 1290 propa-

341 1311 463 1382 gine
484 1351 498 1375 ,
533 1325 602 1365 an
628 1311 744 1366 sine
788 1312 1078 1382 propagine
1103 1311 1342 1377 venerit,
1371 1325 1492 1365 cum
1533 1325 1651 1366 eam
1680 1310 1934 1364 utrolibet

340 1401 502 1456 modo
519 1417 548 1455 a
575 1417 806 1469 summo,
827 1411 881 1457 et
905 1417 1030 1456 vero
1051 1403 1160 1457 Deo
1175 1402 1365 1457 factam
1382 1417 1503 1458 esse
1525 1417 1630 1456 non
1652 1401 1932 1456 dubitem?

339 1493 451 1549 Cur
477 1496 606 1550 mihi
639 1495 716 1550 fas
743 1511 850 1549 non
877 1496 947 1550 sit
981 1495 1165 1551 dicere
1196 1511 1210 1549 :
1242 1495 1366 1551 Scio
1396 1496 1635 1549 Animam
1677 1509 1842 1548 meam
1867 1509 1933 1548 ea:

339 1603 491 1657 opere
531 1586 627 1641 Dei
651 1588 937 1653 subsistere,
970 1597 1017 1641 et
1047 1604 1257 1657 prorsus
1287 1603 1412 1658 Opus
1439 1585 1534 1640 Dei
1556 1602 1662 1640 esse
1681 1627 1696 1652 ,
1739 1586 1843 1639 sive
1867 1601 1933 1639 ea:

339 1682 652 1752 prapagine,
684 1683 812 1735 sicut
839 1697 1051 1751 corpus,
1083 1670 1356 1735 sive‘extra
1404 1679 1754 1751 propaginem,
1799 1679 1931 1732 sicut
1985 1747 1988 1750 .

335 1772 450 1838 illa,
481 1789 596 1842 qua:
619 1777 782 1842 primo
804 1775 996 1828 homini
1020 1774 1142 1826 data
1168 1781 1260 1837 est,
1292 1767 1480 1838 nescio,
1519 1771 1658 1826 Deus
1681 1771 1774 1826 scit
1801 1771 1882 1844 (1)
1905 1771 1932 1826 .9

338 1863 514 1920 Unum
543 1865 734 1920 horum
761 1867 842 1920 vis
869 1877 923 1920 ut
952 1865 1311 1920 conﬁrmem?
1339 1867 1576 1931 Possem,
1613 1866 1658 1919 si
1687 1879 1926 1920 nossem.

334 1954 486 2033 Quod
523 1955 566 2009 si
599 1957 912 2026 ipsenosti,
944 1972 1011 2010 en
1055 1956 1219 2011 habes
1241 1955 1676 2025 mecupidiorem
1698 1955 1927 2022 discere,

333 2047 478 2117 quod
507 2047 690 2104 nescio
709 2089 722 2112 ,
749 2064 908 2118 quam
935 2047 1132 2103 docere
1153 2090 1168 2113 ,
1200 2047 1344 2118 quod
1369 2049 1503 2102 scio.
1530 2047 1587 2102 Si
1627 2056 1803 2100 autem
1833 2061 1930 2101 ne-

332 2137 470 2202 scis,
506 2139 643 2192 sicut
681 2137 816 2208 ego,
851 2153 945 2194 ora
970 2139 1110 2192 sicut
1135 2135 1255 2208 ego,
1286 2146 1344 2190 ut
1372 2138 1486 2190 sive
1516 2151 1611 2206 per
1635 2136 1931 2206 quemlibet

332 2241 548 2282 servum
580 2244 769 2291 suum,
816 2228 930 2283 sive
961 2244 1057 2296 per
1099 2228 1378 2302 seeipsum
1410 2227 1662 2296 Magister
1701 2227 1790 2280 ille
1830 2241 1930 2282 nos

332 2311 557 2384 doceat,
605 2320 695 2388 qui
743 2318 880 2372 dixit
921 2318 1199 2387 discipulis
1229 2318 1342 2371 suis
1375 2335 1388 2371 :
1433 2316 1516 2370 Ne
1554 2317 1715 2372 velitis
1741 2317 1841 2371 dici
1866 2317 1928 2371 ab

332 2407 622 2462 hominibus
651 2408 815 2463 Robbi
834 2451 848 2475 ,
887 2426 1016 2485 unus
1056 2419 1127 2463 est
1165 2409 1298 2463 enim
1326 2407 1574 2478 Magister
1593 2420 1753 2464 vester
1775 2409 1928 2464 Chri-

331 2511 441 2555 stus
460 2501 677 2572 (Matth.
702 2501 794 2555 25.
823 2501 902 2572 8).
944 2502 1000 2557 Si
1031 2512 1209 2557 tamen
1235 2509 1335 2558 scit
1365 2503 1620 2573 expedire
1639 2504 1842 2568 nobis,
1871 2513 1929 2560 ut

331 2591 494 2646 etiam
530 2591 654 2646 talia
695 2593 1025 2661 noverimus,
1053 2594 1142 2663 qui
1172 2595 1320 2649 novit
1349 2609 1455 2648 non
1477 2595 1648 2648 solum
1676 2593 1806 2664 quid
1833 2594 1929 2650 do-

332 2694 473 2751 ceat,
506 2701 691 2741 verum
717 2687 879 2741 etiam
909 2687 1035 2757 quid
1064 2688 1220 2742 nobis
1249 2688 1460 2744 discere
1487 2688 1774 2759 expediat;
1804 2705 1929 2745 nam

331 2777 594 2833 conﬁteor
631 2778 906 2834 dilectioni
953 2789 1058 2834 tuae
1116 2780 1462 2850 cupiditatem
1511 2796 1721 2846 meam;
1771 2782 1930 2850 cupio

332 2869 549 2938 quidem
591 2879 643 2925 et
674 2870 775 2925 hoc
803 2871 941 2926 scire
960 2912 976 2937 ,
1009 2872 1150 2942 quod
1175 2874 1409 2943 quzeris;
1442 2873 1538 2927 sed
1565 2873 1734 2927 multo
1758 2874 1930 2944 magis

331 2973 585 3031 cuperem
613 2962 775 3029 scire,
799 2962 845 3016 si
869 2962 981 3017 ﬁeri
1007 2971 1208 3031 posset,
1236 2963 1448 3033 quando
1473 2963 1556 3034 (2)
1579 2973 1930 3033 praesentetur

333 3045 672 3108 desideratus
701 3047 952 3109 omnibus
980 3056 1248 3125 gentibus,
1273 3065 1327 3110 et
1356 3050 1575 3126 quando
1597 3071 1819 3126 regnum
1848 3057 1930 3112 fu-

333 3133 510 3215 turum
537 3145 606 3200 sit
628 3131 969 3212 Sanctorum,
1002 3133 1161 3216 quam
1189 3130 1329 3202 unde
1354 3147 1406 3201 in
1435 3148 1572 3202 hanc
1599 3157 1799 3203 terram
1837 3164 1929 3204 ve-

332 3236 450 3291 nire
475 3229 739 3306 ceperim.
763 3239 834 3293 Et
876 3249 1056 3294 tamen
1103 3239 1233 3294 illud
1255 3282 1270 3308 ,
1310 3255 1430 3295 cum
1458 3241 1526 3295 ab
1553 3241 1682 3307 illo,
1713 3243 1802 3312 qui
1829 3243 1930 3299 scit

332 3332 552 3400 omnia,
602 3331 848 3403 discipuli
895 3333 1017 3400 sui,
1049 3333 1544 3404 nostriApostoli,
1585 3343 1926 3404 quaererent,

333 3439 652 3495 responsum
689 3433 1015 3496 acceperunt
1057 3447 1070 3483 :
1105 3426 1230 3481 Non
1267 3436 1340 3481 est
1369 3436 1590 3481 vestrum
1629 3443 1778 3482 nosse
1803 3437 1930 3482 tem-

335 3533 450 3585 pus,
493 3528 581 3570 aut
613 3529 875 3588 tempora,
908 3534 1022 3588 qua:
1051 3517 1191 3572 Deus
1235 3521 1401 3589 posuit
1446 3520 1501 3573 in
1546 3535 1640 3572 sua
1685 3529 1930 3590 potestate

337 3607 472 3680 (Act.
507 3609 560 3664 1.
589 3607 670 3679 7).
708 3591 843 3674 Quid
891 3610 936 3663 si
985 3619 1040 3663 ct
1080 3598 1326 3664 hoc—scit
1368 3625 1476 3664 non
1521 3624 1640 3665 esse
1685 3621 1928 3666 nostrum

335 3699 497 3776 scire,
527 3700 617 3768 qui
647 3698 890 3769 profecto
918 3700 1040 3764 scit,
1068 3699 1194 3770 quid
1226 3700 1381 3754 nobis
1410 3701 1481 3754 sit
1510 3702 1638 3756 utile
1664 3703 1802 3757 scire
1821 3702 1845 3754 ἲ
1865 3702 1932 3757 Ει

332 3790 466 3868 illud
495 3789 713 3860 quidem
747 3805 843 3859 per
881 3789 1030 3843 illum
1071 3789 1220 3857 scio,
1261 3805 1368 3845 non
1415 3804 1536 3845 esse
1577 3792 1746 3846 nostri
1792 3791 1931 3847 scire

339 3893 608 3952 tempora,
639 3896 759 3952 quae
790 3881 946 3935 Pater
975 3883 1153 3950 posuit
1189 3881 1243 3935 in
1285 3896 1380 3936 sua
1421 3891 1720 3952 potestate;
1749 3891 1929 3938 utrum

336 3984 514 4030 autem
539 3975 798 4044 originem
829 3974 1166 4040 Animarum,
1197 3989 1356 4044 quam
1402 3975 1639 4030 nondum
1669 3976 1803 4042 scio,
1832 3991 1932 4031 no-

335 4074 513 4122 strum
538 4066 608 4120 sit
632 4065 804 4130 scire,
833 4065 885 4119 id
921 4074 1003 4119 est
1031 4066 1295 4134 pertineat
1332 4065 1398 4119 ad
1426 4079 1526 4120 nos
1564 4065 1618 4120 id
1645 4065 1784 4121 scire
1804 4109 1818 4134 ,
1860 4081 1930 4123 ne

337 4157 440 4213 hoc
481 4156 696 4228 quidem
735 4157 867 4212 scio.
912 4156 1043 4211 Nam
1073 4156 1119 4210 si
1144 4157 1331 4211 saltem
1376 4155 1478 4210 hoc
1523 4156 1754 4222 scirem,
1785 4156 1929 4228 quod

336 4237 578 4303 nostrum
631 4263 739 4304 non
791 4249 861 4302 sit
906 4247 958 4302 id
1018 4247 1196 4315 scire,
1245 4260 1350 4302 non
1406 4245 1578 4301 solum
1622 4246 1924 4317 afﬁrmare,

334 4339 588 4410 quamdiu
629 4339 812 4396 nescio
831 4379 846 4405 ,
874 4353 1062 4394 vemm
1101 4339 1260 4393 etiam
1291 4353 1532 4407 quaerere
1557 4337 1666 4408 jam
1696 4337 1927 4395 desiste-

334 4446 469 4486 rem.
493 4431 646 4488 Nunc
673 4441 851 4486 autem
873 4431 1116 4503 quamvis
1141 4439 1247 4484 tam
1271 4430 1340 4485 sit
1364 4429 1649 4486 obscurum
1675 4471 1690 4496 ,
1717 4445 1779 4486 ac
1805 4447 1928 4502 pro-

334 4520 582 4591 fundum,
665 4522 890 4596 1077‘
944 4533 1006 4578 ut
1036 4524 1155 4593 plus
1192 4523 1299 4578 illic
1326 4522 1552 4578 docendi
1596 4537 1814 4579 caveam
1842 4534 1924 4581 te-

334 4615 678 4680 meritatem,
737 4631 897 4683 quam
955 4613 1194 4670 discendi
1247 4614 1472 4670 habeam
1539 4615 1921 4687 cupiditatem,

335 4711 515 4759 tamen
537 4705 699 4760 etiam
721 4704 825 4758 hoc
850 4704 971 4758 volo
998 4705 1156 4768 scire,
1179 4705 1224 4759 si
1245 4720 1485 4774 possum.
1515 4707 1582 4760 Et
1611 4707 1735 4761 licet
1756 4709 1926 4763 multo

335 4797 568 4866 amplius
608 4797 678 4851 sit
707 4795 1096 4868 necessarium,
1125 4795 1268 4864 quod
1298 4796 1372 4848 ait
1399 4795 1490 4851 ille
1517 4795 1745 4852 Sanctus
1775 4815 1788 4850 :
1819 4797 1926 4852 No-

336 4895 444 4941 tum
465 4887 590 4941 mihi
610 4887 694 4959 [ac
714 4886 928 4941 Domine
947 4886 1099 4954 ﬁnem
1119 4901 1284 4938 meum
1310 4884 1481 4955 (Psal.
1505 4886 1594 4941 ss.
1616 4887 1671 4956 5)
1694 4872 1825 4953 (non
1849 4889 1923 4960 (a)

336 4980 480 5035 enim
519 4981 595 5034 ait
621 4997 640 5034 :
669 4981 870 5033 initium
896 4978 1086 5050 meum)
1113 4977 1256 5049 quod
1285 4977 1353 5032 ad
1390 4966 1547 5033 istam
1572 4981 1923 5049 questionem

337 5070 550 5138 attinet,
580 5085 668 5126 me
698 5070 908 5125 lateret.

407 5163 463 5218 9.
499 5181 518 5216 ‹
567 5161 765 5237 verum
812 5161 880 5236 de
927 5163 1042 5232 ipso
1070 5176 1281 5233 quoque
1323 5161 1474 5216 initio
1515 5176 1638 5218 meo
1684 5162 1922 5234 ingratus

336 5253 545 5310 doctori
571 5270 694 5310 meo
719 5269 827 5310 non
869 5269 1010 5320 sum,
1044 5256 1185 5325 quod
1217 5257 1461 5311 Animam
1493 5256 1780 5312 humanam
1809 5260 1921 5330 spi-

338 5346 500 5400 ritum
530 5361 651 5403 esse
670 5385 688 5413 ,
730 5360 838 5400 non
861 5360 1058 5417 corpus
1076 5385 1090 5412 ,
1126 5362 1356 5418 eumque
1384 5348 1756 5404 rationabilem
1777 5390 1792 5417 ,
1834 5350 1924 5406 vel

409 5493 477 5562 (al
512 5497 720 5547 Videtur
741 5498 873 5569 hunc
908 5497 1066 5570 locum
1087 5497 1373 5569 describere
1403 5499 1670 5571 Eugypius,
1695 5502 1778 5551 ubi
1803 5500 1928 5565 legit

337 5559 523 5610 utinam
544 5567 702 5609 tamen
723 5573 817 5609 non
853 5566 1058 5609 mitium.
1084 5559 1221 5608 Sum.
1256 5560 1382 5609 Edit.
1406 5561 1620 5610 Gotttvv.
1644 5576 1734 5614 pro
1754 5565 1926 5614 subse-

339 5577 523 5610 uanam
544 5577 702 5609 tamen
723 5577 817 5609 non
853 5577 1058 5609 tranant.
1085 5577 1221 5608 Sum.
1256 5577 1382 5609 non.
1406 5577 1620 5610 uotuvv.
1644 5577 1734 5625 pro
1754 5577 1926 5614 subse-

339 5623 513 5684 quenti
532 5628 771 5685 contextu
795 5623 922 5684 quod
948 5624 1086 5685 istam
1111 5621 1278 5673 mallet
1302 5621 1522 5682 pluribus
1544 5621 1663 5685 legi,
1697 5643 1719 5671 ι
1745 5623 1926 5674 vellem

339 5683 395 5732 tit
414 5683 543 5746 quod
567 5684 625 5732 ad
650 5684 788 5731 istam
812 5683 1134 5746 quaestionem
1158 5685 1347 5738 attinet,
1368 5696 1448 5732 me
1472 5697 1566 5731 non
1595 5683 1788 5736 lateret.
1813 5703 1835 5732 ι

451 5699 543 5732 nou
567 5699 625 5732 au
650 5699 788 5731 tsram
812 5699 1134 5746 quazsuunem
1158 5699 1347 5738 attinet,
1368 5699 1448 5732 me
1472 5699 1566 5731 non
1595 5699 1788 5736 lateret.
1813 5703 1835 5732 ι

409 5699 634 5810 aLCum
670 5746 932 5810 archetypo
972 5755 1060 5810 suo
1086 5744 1280 5810 AEditor.
1319 5746 1531 5794 Gottivv.
1576 5752 1744 5810 Utrum
1773 5761 1928 5798 :mox

342 5806 528 5868 consuli
549 5809 690 5868 jubet
717 5808 799 5856 lib.
826 5806 992 5868 contra
1017 5806 1407 5868 Priscillianistas
1436 5820 1568 5853 num.
1595 5807 1750 5855 ultim.

406 5864 483 5933 (2)
515 5864 670 5933 Lege,
708 5870 873 5933 inquit
885 5867 1035 5933 λίσῃ.
1055 5867 1268 5933 G_otti_vv.
1295 5868 1630 5932 prwsentietur
1659 5880 1676 5919 :
1701 5870 1753 5918 in
1783 5883 1931 5933 quam

344 5938 454 5978 rem
466 5929 750 5980 testimonia
773 5929 836 5980 ex
861 5930 946 5980 lib.
972 5929 1054 5979 XI.
1077 5929 1304 5983 mereas.
1323 5933 1537 5984 adducit.

745 6017 810 6081 S.
853 6017 1224 6082 HJBRONYMI
1261 6019 1314 6082 1.

1675 467 2020 533 .EPISTOLA
2037 486 2041 530 ;
2057 465 2286 536 cxuv.
2319 501 2323 506 ι

3492 461 3633 523 1190

2047 574 2462 635 intellectualem
2509 574 2644 642 scio,
2675 589 2776 632 nec
2798 590 2916 633 eam
2942 575 3036 632 Dei
3079 589 3198 632 esse
3226 582 3476 630 naturam
3493 615 3510 642 ,
3533 576 3631 630 sed

2044 672 2223 741 potius
2257 678 2554 724 creaturam
2585 667 2917 738 aliquatenus
2947 668 3227 723 mortalem
3250 710 3266 735 ,
3290 668 3343 722 in
3369 676 3628 738 quantum

2042 760 2097 816 in
2122 761 2357 817 deterius
2377 759 2716 837 commutari,
2749 769 2803 815 et
2821 776 2852 815 a
2878 761 2985 816 vita
3015 761 3130 829 Dei,
3167 761 3320 831 cujus
3345 761 3631 831 participa-

2040 852 2188 909 tione
2226 853 2380 908 beata
2408 853 2515 917 sit,
2563 851 2783 906 alienari
2814 861 3028 922 potest;
3055 862 3110 908 et
3139 853 3478 924 aliquatenus
3525 855 3631 909 im-

2039 945 2340 1012 mortalem,
2372 945 2622 1015 quoniam
2653 957 2892 1010 sensum,
2913 961 3019 1014 quo
3045 947 3093 1000 ei
3136 943 3208 1018 (ὁ)
3238 956 3357 1016 post
3385 944 3524 1002 hanc
3549 945 3632 1002 vi-

2039 1041 2146 1090 tam
2187 1036 2274 1092 vel
2319 1036 2494 1103 bene,
2534 1036 2622 1092 vel
2650 1037 2790 1092 male
2819 1030 2942 1101 Vsit,
2975 1036 3220 1093 amittere
3271 1054 3378 1093 non
3429 1044 3627 1108 potest.

2036 1127 2163 1190 Scio
2189 1129 2349 1183 etiam
2369 1171 2386 1196 ,
2415 1143 2519 1183 non
2549 1145 2674 1184 eam
2697 1145 2793 1200 pro
2829 1128 3035 1184 actibus
3060 1140 3183 1186 ante
3224 1145 3440 1188 carnem
3465 1131 3630 1202 gestis

2038 1217 2241 1273 includi
2285 1219 2340 1274 in
2383 1235 2545 1276 carne
2575 1223 2856 1288 meruisse,
2889 1222 2983 1277 sed
3015 1237 3114 1276 nec
3149 1222 3268 1277 ideo
3292 1239 3414 1280 esse
3441 1224 3493 1278 in
3525 1223 3628 1280 ho-

2037 1309 2184 1363 mine
2209 1309 2328 1364 sine
2360 1310 2520 1365 sorde
2563 1312 2808 1381 peccati,
2839 1312 2941 1366 etsi
2968 1315 3118 1366 unius
3157 1312 3258 1366 diei
3281 1355 3295 1379 ,
3337 1315 3474 1369 sicut
3498 1317 3632 1369 scri-

2035 1406 2184 1468 ptum
2219 1409 2303 1456 est
2334 1443 2350 1467 ,
2395 1401 2549 1472 fuerit
2585 1403 2685 1456 vita
2723 1405 2836 1473 ejus
2877 1419 3032 1473 super
3060 1412 3248 1457 terram
3288 1403 3414 1475 (Job
3457 1406 3542 1460 H.
3572 1406 3628 1461 5.

2025 1490 2183 1562 juxta
2222 1490 2420 1566 LXX).
2447 1496 2527 1550 Ac
2566 1509 2660 1565 per
2690 1495 2793 1552 hoc
2835 1498 2946 1552 scio
2974 1513 3039 1552 ex
3086 1497 3255 1551 Adam
3305 1513 3401 1568 per
3436 1499 3633 1554 seriem

2033 1584 2397 1654 generationis
2439 1587 2560 1664 sine
2605 1597 2829 1656 peccato
2868 1587 3136 1664 neminem
3183 1589 3364 1656 nasci,
3394 1589 3536 1645 unde
3577 1597 3636 1646 et

2001 1673 2006 1677 ’
2034 1676 2270 1745 parvulis
2298 1661 2656 1732 necessarium
2699 1687 2782 1732 est
2820 1692 2916 1748 per
2942 1662 3166 1748 gratiam
3206 1681 3631 1750 regenerationis

2035 1765 2090 1820 in
2120 1766 2335 1823 Christo
2363 1768 2591 1822 renasci.
2641 1767 2766 1823 Haec
2797 1777 2904 1823 tam
2951 1769 3119 1824 multa
3141 1811 3155 1834 ,
3186 1785 3286 1825 nec
3331 1785 3492 1840 parva
3513 1811 3529 1838 ,
3561 1773 3633 1826 de

2034 1858 2218 1926 initio,
2251 1861 2338 1916 vel
2369 1861 2576 1932 origine
2607 1861 2919 1916 Animarum
2966 1873 3268 1918 nostrarum
3291 1905 3308 1932 ,
3340 1864 3393 1918 in
3434 1865 3631 1936 quibus

2033 1954 2185 2024 plura
2233 1965 2360 2011 sunt
2400 1955 2467 2010 ad
2499 1971 2617 2011 eam
2655 1955 2932 2023 scientiam
2973 1957 3328 2026 pertinentia,
3359 1973 3479 2030 quae
3524 1958 3630 2014 ﬁde

2032 2055 2298 2110 constant,
2325 2055 2380 2101 et
2405 2045 2656 2102 didicisse
2677 2063 2763 2102 me
2789 2048 3046 2117 gratulor,
3074 2057 3129 2103 et
3157 2063 3319 2105 nosse
3339 2049 3626 2121 conﬁrmo.

2031 2133 2402 2206 Quapropter,
2435 2141 2479 2192 si
2510 2139 2691 2194 nescio
2724 2138 2779 2193 in
2821 2139 3028 2208 origine
3057 2140 3372 2196 Animarum
3397 2183 3412 2208 ,
3446 2153 3628 2199 utrum

2031 2225 2152 2282 illas
2183 2227 2318 2283 Deus
2343 2227 2648 2284 hominibus
2669 2246 2732 2285 ex
2757 2233 3072 2300 prOpagine,
3100 2248 3174 2285 an
3188 2233 3306 2288 sine
3334 2233 3628 2305 propagine

2030 2316 2215 2385 faciat,
2267 2334 2398 2390 quas
2431 2331 2607 2376 tamen
2652 2321 2720 2375 ab
2747 2322 2865 2390 ipso
2893 2322 3008 2377 ﬁeri
3055 2337 3160 2378 non
3191 2323 3438 2394 ambigo,
3484 2325 3627 2381 scire

2030 2406 2246 2479 quidem
2277 2418 2331 2464 et
2354 2409 2456 2466 hoc
2486 2413 2658 2482 magis
2683 2413 2846 2484 eligo,
2873 2429 3030 2482 quam
3055 2415 3293 2482 nescire;
3325 2417 3419 2471 sed
3440 2434 3629 2488 quam-

2028 2500 2122 2569 diu
2167 2518 2276 2558 non
2317 2518 2535 2572 possum
2561 2546 2576 2571 ,
2610 2505 2802 2560 melius
2850 2505 2973 2560 hinc
3011 2505 3196 2561 dubito
3222 2549 3237 2574 ,
3283 2524 3442 2578 quam
3478 2509 3630 2565 velut

2029 2601 2234 2648 certum
2276 2596 2599 2652 conﬁrmare
2647 2596 2848 2667 aliquid
2896 2598 3104 2665 audeo,
3151 2599 3291 2669 quod
3338 2600 3411 2654 illi
3452 2601 3531 2657 rei
3558 2602 3630 2658 sit

2029 2682 2167 2739 forte
2196 2687 2549 2754 contrarium,
2579 2686 2648 2742 de
2673 2704 2776 2758 qua
2803 2688 3046 2744 dubitare
3078 2705 3182 2744 non
3217 2691 3410 2747 debeo.

2101 2776 2190 2832 10.
2238 2795 2258 2828 ‹
2290 2778 2370 2832 Tu
2398 2779 2597 2848 itaque,
2625 2779 2698 2832 mi
2729 2779 2894 2834 frater
2915 2780 3074 2844 bono,
3107 2782 3358 2852 quoniam
3389 2784 3626 2838 consulis

2028 2883 2116 2924 me
2141 2909 2155 2935 ,
2207 2880 2261 2924 et
2302 2870 2383 2923 vis
2427 2886 2591 2925 unum
2641 2871 2833 2926 horum
2875 2873 3124 2927 deliniam
3160 2893 3172 2928 :
3208 2884 3381 2931 utrum
3418 2877 3626 2933 Anima:

2027 2971 2239 3016 caetera:
2265 2979 2330 3016 ex
2358 2963 2450 3017 illo
2479 2979 2586 3018 uno
2625 2963 2865 3029 homine,
2949 2967 3162 3038 1078
3235 2969 3373 3022 sicut
3397 2984 3624 3038 corpora

2028 3070 2128 3126 per
2149 3057 2515 3126 propaginem,
2546 3070 2611 3108 an
2639 3055 2756 3110 sine
2795 3059 3108 3125 propagine,
3142 3058 3279 3112 sicut
3301 3057 3444 3112 illius
3470 3060 3628 3115 unius

2030 3161 2060 3200 a
2089 3145 2368 3211 Creatore,
2396 3146 2620 3216 singulis
2645 3147 2868 3216 singulae
2900 3147 3028 3202 [iant
3054 3149 3142 3219 (ab
3176 3151 3291 3220 ipso
3318 3148 3458 3205 enim
3477 3151 3620 3218 ﬁeri,

2029 3238 2144 3292 sive
2172 3238 2268 3297 sic.
2303 3253 2400 3292 seu
2430 3239 2506 3291 sic
2533 3253 2641 3292 non
2675 3240 2952 3310 negamus)
2995 3251 3198 3308 patere,
3231 3250 3288 3294 ut
3315 3243 3476 3296 etiam
3505 3242 3624 3311 ipse

2029 3331 2329 3392 c0u5nlam,
2359 3329 2628 3399 quomodo
2656 3330 2777 3384 inde
2812 3331 3003 3384 Anima
3044 3342 3318 3400 peccatum
3351 3334 3626 3404 originali-

2029 3431 2112 3477 ter
2134 3423 2328 3489 trahat,
2351 3423 2490 3476 unde
2507 3423 2839 3492 originaliter
2865 3424 2977 3492 ipsa
3004 3439 3110 3478 non
3137 3424 3403 3480 trahitur?
3423 3425 3626 3480 Omnes

2030 3517 2173 3571 enim
2218 3517 2436 3570 Animas
2471 3531 2537 3570 ex
2586 3515 2757 3568 Adam
2788 3516 2999 3571 trahere
3048 3519 3306 3586 originale
3349 3527 3624 3585 peccatum

2030 3607 2276 3660 similiter
2306 3620 2413 3658 nou
2456 3620 2714 3674 negamus
2739 3645 2754 3670 ,
2792 3621 2861 3659 ne
2891 3607 2943 3658 in
2990 3605 3331 3676 Pelagianam
3373 3608 3624 3664 hazrcsim

2029 3694 2402 3773 detestabilem
2446 3695 2733 3748 irruamus.
2765 3693 2821 3749 Si
2849 3695 2980 3761 hoc,
3020 3697 3162 3764 quod
3193 3714 3291 3766 ego
3323 3697 3618 3769 interrogo,

2029 3805 2132 3847 nec
2159 3799 2211 3842 tu
2242 3789 2380 3852 scis,
2423 3788 2540 3842 sine
2578 3805 2663 3842 me
2692 3789 2956 3858 patienter
2995 3801 3276 3860 utrumque
3303 3795 3535 3860 nescire,
3567 3804 3625 3851 et

2029 3880 2172 3951 quod
2200 3889 2256 3934 tu
2302 3879 2631 3949 interrogas,
2664 3888 2718 3934 et
2744 3880 2883 3950 quod
2923 3895 3043 3951 ego.
3075 3882 3130 3936 Si
3160 3892 3337 3936 autem
3373 3885 3484 3953 jam
3516 3886 3623 3941 scis

2029 3971 2173 4041 quod
2200 3957 2490 4040 interrogo,
2519 3985 2638 4026 cum
2671 3970 2773 4025 hoc
2801 3971 2965 4026 etiam
2995 3987 3082 4026 me
3106 3973 3378 4039 docueris,
3412 3985 3535 4028 tunc
3565 3984 3622 4031 et

2029 4064 2186 4131 illud,
2210 4063 2350 4134 quod
2369 4064 2449 4140 vis
2476 4073 2535 4118 ut
2561 4063 2936 4133 restiondeam,
2962 4065 3092 4119 nihil
3119 4065 3186 4119 ibi
3210 4065 3320 4135 jam
3351 4077 3618 4138 metuens,

2028 4154 2370 4226 reSpondebo
2399 4156 2504 4226 (5).
2539 4156 2670 4211 Peto
2696 4170 2822 4225 ergo
2841 4196 2853 4219 ,
2887 4172 2955 4211 ne
2984 4171 3324 4220 succenseas,
3358 4159 3482 4228 quia
3512 4173 3620 4213 non

2029 4249 2177 4324 potui
2195 4248 2516 4304 conﬁrmare
2541 4248 2682 4318 quod
2710 4248 2927 4318 quaeris,
2957 4249 3050 4302 sed
3078 4250 3222 4318 potui
3246 4248 3618 4306 demonstrare

2027 4340 2154 4414 quid
2184 4355 2394 4410 quaeras
2419 4383 2434 4408 ,
2480 4340 2621 4411 quod
2653 4355 2776 4394 cum
2823 4343 3089 4395 inveneris
3112 4383 3128 4406 ,
3160 4345 3480 4396 c0nlirmare
3510 4359 3618 4396 non

2028 4433 2243 4490 dubites
2273 4417 2415 4503 quod
2437 4435 2733 4504 qua'rebas.
2762 4434 2828 4487 Et
2857 4434 2958 4489 hoc
2979 4435 3192 4504 quidem
3218 4437 3482 4490 sanctitati
3513 4445 3618 4492 tuae

2027 4526 2366 4582 scribendum
2397 4525 2730 4587 existimavi,
2777 4526 2866 4594 qui
2912 4526 3256 4595 propaginem
3300 4527 3614 4581 Animarum

2021 4619 2134 4688 jam
2162 4617 2314 4688 quasi
2358 4625 2538 4671 certus
2584 4614 2984 4684 improbandam
3031 4626 3203 4684 putas.
3252 4616 3519 4672 Caeterum
3571 4618 3619 4674 si

2028 4709 2134 4764 illis
2153 4749 2169 4774 ,
2199 4709 2288 4778 qui
2317 4707 2453 4762 hanc
2491 4713 2776 4772 asserunt,
2806 4708 3210 4762 rescribendum
3255 4709 3472 4775 fuisset,
3503 4709 3615 4767 for-

2027 4807 2186 4860 tassis
2209 4807 2547 4862 ostenderem
2571 4846 2589 4872 ,
2618 4804 3064 4874 quemadmodum
3111 4805 3162 4860 id
3195 4807 3336 4876 quod
3366 4821 3426 4862 se
3460 4821 3622 4864 nosse

2027 4897 2354 4953 arbitrantur
2375 4940 2391 4960 ,
2421 4899 2670 4968 ignorent
2689 4937 2704 4960 ,
2749 4905 2803 4950 et
2829 4912 2896 4950 ne
2926 4896 3027 4950 hoc
3050 4911 3293 4952 asserere
3332 4898 3616 4966 auderent,

2025 4999 2284 5058 quantum
2313 4987 2603 5042 formidare
2627 4985 2906 5041 deberent.
2932 4986 3074 5042 Sane
3097 4987 3148 5040 in
3173 4990 3436 5058 rescripto
3461 4988 3623 5044 amici

2025 5080 2170 5152 quod
2197 5081 2318 5134 huic
2345 5079 2600 5150 Epistola:
2628 5079 2851 5141 inserui,
2885 5094 2952 5134 ne
2980 5090 3031 5135 te
3058 5080 3195 5134 forte
3222 5091 3454 5144 moveat,
3480 5077 3625 5148 quod

2025 5174 2162 5228 duos
2206 5173 2370 5228 libros
2400 5188 2428 5226 a
2461 5187 2547 5227 me
2575 5171 2770 5225 missos
2798 5171 3270 5236 commemoravit,
3320 5169 3513 5240 quibus
3539 5183 3626 5222 re-

2027 5267 2296 5337 spondere
2328 5281 2550 5320 vacuum
2582 5263 2684 5320 sibi
2719 5273 2927 5334 tempus
2965 5281 3072 5322 non
3117 5263 3282 5317 fuisse
3322 5259 3620 5329 respondit.

2029 5359 2183 5416 Unus
2206 5367 2292 5414 est
2320 5358 2386 5412 de
2413 5357 2513 5412 hac
2543 5355 2840 5428 quaestione
2860 5395 2878 5424 ,
2919 5371 3026 5409 non
3051 5352 3244 5416 ambo;
3293 5352 3347 5405 in
3391 5350 3497 5404 alio
3523 5363 3623 5404 au-

2028 5460 2136 5508 tem
2189 5449 2263 5522 (c)
2312 5449 2454 5505 aliud
2494 5449 2686 5526 abillo
2727 5445 3096 5509 consulendo,
3142 5454 3196 5498 et
3238 5439 3622 5511 pertractando

2096 5580 2163 5695 ﬁt!)
2200 5581 2428 5642 Consule,
2455 5585 2523 5632 ait
2545 5581 2674 5632 Edit.
2708 5576 2924 5649 Gottivv.
2967 5574 3053 5624 lib.
3080 5580 3249 5623 contra
3285 5570 3494 5622 Priscill.
3521 5583 3568 5622 c.
3595 5571 3624 5622 1

2027 5645 2068 5694 1.
2128 5682 2142 5695 .
2167 5654 2218 5694 et
2241 5643 2326 5694 lib.
2351 5644 2396 5692 ‘3.
2424 5652 2577 5692 contr.
2604 5641 2827 5689 Maxime.
2852 5652 2896 5685 c.
2935 5637 3007 5686 12.
3032 5637 3080 5686 2.
3105 5636 3152 5683 2.

2128 5636 2218 5695 .'et
2241 5643 2326 5694 lib.
2351 5644 2396 5692 ‘3.
2417 5636 2577 5692 contr.
2604 5640 2827 5689 Maxinic.
2852 5652 2896 5685 c.
2935 5637 3007 5686 12.
3032 5637 3080 5686 2.
3105 5636 3152 5683 2.

2092 5708 2162 5771 (ε)
2196 5707 2279 5756 Sic
2303 5708 2482 5757 iterum
2503 5701 2804 5752 restituimus
2828 5711 2891 5746 ex
2919 5698 3232 5760 conjecturis,
3251 5710 3359 5745 cum
3380 5697 3429 5744 in
3449 5707 3626 5769 exem-

2094 5813 2166 5873 (⁸5)
2203 5809 2493 5873 Restituitur
2519 5819 2578 5873 ex
2607 5803 2824 5873 Eugypio
2854 5801 3020 5873 Ilocus,
3047 5817 3156 5873 cum
3193 5801 3629 5873 anteuvitiosecsf

2031 5861 2111 5924 set
2130 5861 2333 5921 intuens.
2363 5867 2488 5916 Edit.
2516 5861 2730 5916 Gottiva
2748 5861 2944 5914 ‘mallet
2965 5865 3191 5926 restitui;
3225 5861 3347 5912 nihil
3377 5861 3494 5912 mali
3517 5861 3632 5923 jam

2033 5946 2222 5991 intuens
2243 5927 2557 5993 respondebo.

2866 6008 3111 6099 (Trente
3148 6006 3342 6087 ltuit.)
3615 6059 3630 6085 ,
