4080 6340
443 358 605 448 τ·ἰὶῠὲ

1769 366 2010 426 SANCTl
2049 368 2430 428 HIERONYMI

3593 374 3729 432 1196

458 443 675 563 gnitatis
699 443 1221 557 est7nomen.._Unde
1247 491 1301 539 et
1336 480 1402 536 ad
1429 480 1609 537 Titum
1632 520 1651 546 ,
1673 483 1728 536 et
1764 481 1830 536 ad
1858 481 2138 562 Timo-.._
2157 487 2308 550 teris,
2339 492 2393 540 et
2419 481 2494 555 (g)
2533 480 2795 540 diﬂ’ereris
2824 483 2892 538 ad
2933 498 3146 555 pinnam
3226 483 3436 557 1035
3512 483 3638 540 diu?
3669 488 3732 542 Et

462 582 646 638 theum
695 579 764 636 de
808 577 1144 634 ordinatione
1191 572 1442 644 Episcopi
1490 581 1546 627 et
1592 570 1807 639 Diaconi
1852 571 2049 628 dicitur

461 671 593 744 (Tit.
634 672 698 738 ir;
739 671 793 726 l.
833 668 972 739 Tim.
999 666 1058 740 3)
1093 685 1108 723 :
1137 666 1205 722 de
1235 649 1569 735 Presbyteris
1605 663 1823 730 omnino
1849 666 2046 729 retices

461 772 593 820 tur:
634 761 758 833 quia
805 751 1164 832 in'Episcopo
1188 768 1244 815 et
1268 757 1563 829 Presbyter.
1589 757 1914 813 continetur.
1945 757 2047 824 Qui

457 854 789 925 provehitur,
819 853 887 914 de
928 853 1121 908 minori
1148 851 1216 907 ad
1248 850 1416 922 majus
1447 849 1772 920 provehitur.
1805 851 1912 906 Aut
1938 851 2044 921 igi-

459 935 549 1011 tur
572 962 644 1009 ex
675 947 996 1018 Presbytero
1021 944 1299 1000 ordinetur
1327 942 1593 997 Diaconos
1611 983 1626 1008 ,
1658 951 1729 996 ,ut
1759 941 2047 1014 Presbyter

457 1040 635 1098 minor
681 1038 916 1095 Diacono
963 1036 1376 1108 comprobetur,
1426 1035 1477 1088 in
1528 1049 1687 1104 quem
1735 1035 1929 1096 crescit
1979 1050 2046 1090 ex

455 1148 646 1204 parvo,
670 1140 764 1198 aut
788 1133 831 1189 si
851 1147 917 1188 es
947 1131 1179 1187 Diacono
1202 1128 1480 1185 ordinatur
1499 1127 1807 1199 Presbyter,
1836 1129 2048 1183 noverit

455 1241 517 1284 se
556 1227 722 1282 lucris
761 1227 1056 1289 minorem,
1091 1222 1404 1280 Sacerdotio
1429 1236 1549 1277 esse
1585 1220 1866 1291 majorem.
1896 1221 1963 1275 Et
1986 1228 2046 1276 ut

371 1352 379 1358 -
435 1317 687 1374 sciamus
743 1317 1059 1373 traditiones
1103 1309 1721 1384 Apostolicas-sump’tas
1762 1311 2045 1367 de‘veteri

371 1469 375 1474 ,
453 1391 821 1475 Testamento,
861 1406 999 1478 quod
1022 1409 1198 1461 Aaron
1218 1414 1273 1460 et
1298 1404 1390 1460 filii
1428 1404 1543 1474 ejus
1571 1413 1729 1472 atque
1751 1403 1950 1458 Levita:
1990 1405 2054 1463 in

367 1531 370 1536 -
433 1485 680 1571 ‘Templo
723 1501 967 1563 fuerunt,
1015 1499 1117 1553 hoc
1156 1497 1256 1552 sibi
1280 1496 1631 1566 Episcopiet
1660 1496 1961 1569 Presbyteri
1990 1505 2047 1554 et

451 1577 672 1648 Diaconi
712 1590 982 1644 vindicent
1009 1588 1063 1644 in
1093 1587 1352 1650 Ecclesia.
1409 1625 1414 1630 ς
1475 1626 1479 1630 .
1554 1625 1603 1631 ..

473 1687 510 1708 ‹.
626 1705 630 1712 .
740 1678 968 1752 ιοειι
1025 1677 1356 1734 EPISTOLA
1397 1676 1632 1734 CXLVII
1655 1679 1754 1750 (a).

721 1792 727 1800 ’
804 1803 808 1808 -
859 1786 935 1828 "sn
961 1787 1274 1827 summust
1303 1771 1379 1842 (b)
1407 1787 1632 1828 ursmt.

449 1865 793 1935 Sabinianum
817 1862 1126 1928 Diaconum,
1150 1865 1235 1932 qui
1256 1863 1837 1934 perpetratoadulterio,
1867 1865 1921 1918 in
1946 1863 2045 1919 Be-

465 1965 469 1970 “
522 1958 704 2012 thleem
729 1945 961 2026 fugerat,
985 1971 1075 2025 per
1101 1955 1294 2008 litteras
1336 1952 1580 2022 Episcopi
1604 1955 1685 2007 sui
1725 1952 2042 2025 Hieronymo

463 2067 466 2070 ’
518 2048 923 2112 commendatus,
950 2062 1254 2118 monensque
1278 2046 1332 2098 in
1355 2045 1723 2117 sanctislocis,
1755 2044 2044 2118 etDiaconi

464 2149 487 2171 1'
519 2125 701 2212 ὀπίαςίὸ
722 2126 971 2212 fungens,
1004 2139 1250 2208 uirginem
1273 2137 1548 2208 quamdam
1593 2154 1790 2192 sacram
1829 2139 1897 2192 ad
1934 2148 2044 2193 stu-

465 2248 472 2254 '
518 2227 689 2304 prum,
725 2225 1400 2311 fugamque'sollicitaverat
1422 2246 1441 2283 :
1469 2230 1836 2309 deprehensum
1865 2230 2041 2296 obiur-

517 2311 620 2397 gat,
650 2315 879 2396 atquein
903 2322 1217 2379 Monasterio
1243 2323 1500 2392 paeniteat,
1532 2323 1785 2380 hortatur.
1833 2326 1836 2328 ⁷

461 2419 469 2440 ³
519 2427 572 2494 1.
615 2439 834 2495 Samuel
869 2435 1142 2508 quondam
1170 2435 1384 2506 lugebat
1418 2435 1630 2491 Saulem
1654 2476 1668 2499 ,
1701 2437 1823 2506 quia
1864 2436 2040 2506 paeni-

445 2529 620 2586 tuerat
662 2521 983 2593 Dominum,
1024 2527 1164 2598 quod
1211 2527 1452 2582 tinxisset
1491 2543 1613 2581 eum
1653 2541 1834 2597 regem
1879 2543 2042 2597 super

412 2602 612 2698 'lsrael
639 2621 712 2688 (1.
744 2619 996 2693 Βεφισ),
1026 2635 1040 2671 :
1069 2627 1126 2674 et
1150 2618 1366 2698 Paulus.
1391 2616 1700 2673 Corinthios
1721 2659 1734 2680 ,
1766 2619 1818 2672 in
1846 2619 2040 2688 quibus

441 2712 759 2789 audiebatur
786 2712 1066 2767 fornicatio
1088 2752 1102 2777 ,
1126 2720 1193 2766 'et
1223 2711 1341 2765 talis
1381 2710 1665 2765 fornicatio
1698 2712 1792 2781 (c),
1826 2729 1945 2782 quae
1972 2728 2040 2768 ne

441 2797 582 2862 inter
619 2812 808 2876 gentes
835 2802 1094 2880 quidem,
1126 2817 1277 2857 voce.
1299 2801 1463 2856 ﬂebili
1491 2804 1902 2874 commonebat,
1953 2804 2037 2859 di-

441 2883 612 2953 cens:
649 2895 736 2967 Ne
771 2911 888 2970 cum
926 2911 1108 2972 rursus
1142 2910 1322 2948 venero
1343 2934 1356 2957 ,
1385 2893 1615 2948 humiliet
1639 2911 1717 2948 me
1738 2893 1878 2950 Deus
1897 2897 2039 2966 apud

441 2989 549 3051 tios,
581 2998 626 3062 et
672 2989 875 3060 lugeam
903 2985 1089 3041 multos
1132 3002 1194 3040 ea:
1218 2986 1297 3040 his
1324 2987 1412 3057 qui
1448 2980 1566 3040 ante
1605 2984 1962 3057 peccaverunt,
1993 2997 2040 3044 et

441 3070 543 3133 non
571 3088 777 3151 egerunt
806 3078 1155 3152 ptenitentiam
1197 3093 1352 3147 super
1377 3078 1744 3145 immunditiis,
1775 3096 1900 3148 quas
1926 3097 2040 3149 ges-

440 3176 617 3244 serunt
640 3173 694 3224 in
715 3169 1034 3245 impudicitia
1055 3177 1103 3222 et
1127 3169 1462 3237 fornicatione
1479 3155 1562 3233 .(l.
1586 3167 1706 3224 Cor.
1731 3169 2035 3241 l2..ultim).

441 3251 500 3334 Si
531 3246 634 3334 hoc
660 3250 928 3328 Propheta
971 3253 1353 3326 et‘Apostolus
1397 3246 1541 3312 nulla
1584 3259 1684 3327 ipsi
1711 3261 1830 3315 labe
1859 3275 2039 3316 macu-

441 3335 569 3415 lati,
613 3349 868 3425 clementi
916 3348 971 3426 in
1011 3356 1235 3429 cunctos
1271 3357 1459 3429 mente
1511 3346 1802 3429 faciebant,
1837 3362 2037 3428 quanto

439 3431 611 3512 magis
635 3455 735 3511 ego
761 3439 876 3519 ipse
903 3425 1150 3510 peccator
1169 3479 1184 3504 ,
1213 3425 1359 3510 inte
1385 3428 1560 3496 debeo
1599 3439 1776 3498 facere
1803 3442 1882 3516 (ά)
1911 3425 2038 3515 pec-

439 3525 710 3608 catore‘m,
729 3533 831 3604 qui
868 3547 974 3587 non
1004 3533 1085 3588 vis
1111 3532 1248 3603 erigi
1293 3543 1418 3602 post
1444 3535 1653 3590 ruinam
1680 3577 1696 3604 ,
1727 3552 1827 3593 nec
1851 3540 2035 3595 oculos

437 3627 507 3681 ad
530 3625 726 3700 coelum
755 3624 942 3690 levas;
969 3624 1064 3679 sed
1101 3622 1172 3695 (e)
1205 3625 1458 3694 prodacta
1489 3626 1663 3682 Patris
1700 3629 1995 3686 substantia
2015 3673 2032 3701 ,

438 3706 730 3792 porcorum
773 3715 982 3785 siliquis
1011 3715 1294 3771 delectaris
1331 3707 1486 3785 (Luc.
1534 3708 1658 3790 15),
1690 3728 1745 3775 et
1771 3721 2035 3791 superbia

437 3817 708 3880 praerupta
752 3805 1154 3872 conscendens,
1201 3823 1439 3878 praeceps
1473 3809 1670 3865 laberis
1716 3812 1769 3866 in
1815 3813 2036 3882 profun-

438 3903 600 3974 dum?
634 3903 798 3958 Deum
833 3911 1072 3978 ventrem
1101 3901 1183 3956 vis
1205 3901 1405 3966 habere
1435 3917 1533 3971 pro
1568 3903 1784 3963 Christo
1818 3923 1831 3960 :
1864 3908 2034 3964 servis

438 3994 684 4061 libidini,
724 3992 969 4064 gloriaris
1008 3994 1075 4065 (ί)
1115 3994 1167 4048 in
1197 4008 1359 4048 carne
1397 4001 1454 4049 et
1481 3994 1794 4053 conlusione
1829 4007 1951 4066 tua,
1980 4009 2036 4056 et

442 4080 596 4157 quasi
624 4078 834 4157 pinguis
879 4069 1054 4140 hostia
1096 4084 1151 4139 in
1181 4090 1409 4140 mortem
1439 4087 1709 4158 propriam
1736 4090 2031 4160 saginaris,

440 4161 780 4246 imitarisqne
831 4191 1017 4232 eorum
1064 4169 1274 4242 ‘vitam,
1326 4193 1553 4253 quorum
1605 4188 1872 4239 tormenta
1926 4198 2033 4238 non

442 4269 639 4324 metuis
667 4288 682 4324 :
710 4267 961 4337 ignorans
980 4307 996 4334 ,
1022 4267 1278 4337 quoniam
1305 4266 1602 4338 benignitas
1631 4270 1724 4324 Dei
1764 4272 1829 4326 ad
1862 4273 2035 4342 pceni-

440 4362 661 4429 tentiam
693 4367 745 4413 te
775 4358 1035 4413 hortetur.
1062 4355 1368 4413 Secundum
1399 4367 1578 4414 autem
1610 4358 1861 4414 duritiam
1886 4369 2032 4417 tuam

437 4461 494 4508 et
522 4448 618 4507 cor
656 4449 1030 4519 itnpmnitens,
1061 4447 1387 4504 thesaurizas
1417 4448 1510 4505 tibi
1551 4450 1685 4505 iram
1727 4451 1779 4505 in
1810 4452 1898 4508 die
1936 4455 2033 4511 irae

445 4543 621 4615 (Rom.
649 4541 706 4596 2.
743 4543 821 4614 ὅ).
849 4545 931 4596 An
971 4541 1172 4596 idcirco
1199 4541 1478 4609 induratur
1506 4535 1665 4613 juxta
1695 4543 2031 4603 Pharaonem

446 4634 641 4704 (Exod.
672 4633 708 4689 ι
735 4642 783 4687 et
818 4632 985 4704 seqq.)
1019 4647 1115 4690 cor
1143 4643 1312 4700 tuum,
1342 4635 1466 4703 quia
1491 4649 1596 4690 non
1627 4635 1810 4691 statim
1837 4651 2030 4707 percu-

525 4787 573 4854 _a)
598 4786 686 4854 gl.
709 4788 770 4837 48
791 4788 972 4854 scripta
991 4789 1174 4854 incerto
1196 4795 1424 4854 tempore.

526 4847 570 4913 bi
607 4847 674 4919 In_
689 4863 788 4919 uno
807 4847 1082 4919 γεεί-σπιθηεὶ
1104 4847 1394 4919 admiranda
1416 4853 1717 4919 antiquitatis
1741 4854 1830 4919 his.
1858 4859 2030 4907 inscri-

439 4909 576 4960 bitur
609 4909 674 4958 ad
712 4909 1372 4982 sabinianumrcohortatoria
1417 4915 1482 4982 de
1523 4909 1818 4977 paenitentia,
1866 4919 2032 4982 incipit

440 4986 566 5040 vero
584 4973 845 5040 ppasposita
867 4973 1190 5040 et__particttla,
1216 4980 1270 5023 Et
1293 4972 1500 5034 Samuel,
1524 4972 1644 5035 ’etc.,
1673 4972 1883 5040 ιμφατιξιεις.

503 5031 730 5106 (arma
760 5031 966 5104 aqualis
983 5047 1076 5083 nec
1097 5031 1229 5106 inter
1250 5042 1457 5106 gentes;
1485 5031 1538 5085 et
1568 5031 1764 5098 quidem
1799 5031 1918 5088 voce
1942 5041 2031 5090 ﬂe-

434 5093 748 5162 bili,'s_etc.,
785 5093 1069 5162 inconcinno
1091 5093 1468 5162 atque'obscuro
1491 5093 1659 5159 senSu,
1681 5113 1829 5162 quem
1854 5113 1918 5150 ex
1944 5115 2029 5151 eo-

438 5157 554 5205 dem
579 5154 854 5206 Veronensi
875 5154 1138 5217 archetypo
1161 5154 1502 5206 'ret‘ormamus.

503 5218 601 5327 (άῷ
615 5217 776 5265 Antea
801 5224 907 5266 erat
929 5223 1192 5280 peccatore,
1221 5226 1276 5267 et
1296 5232 1410 5267 mox
1449 5219 1607 5270 levare
1641 5234 1727 5282 pro
1750 5221 1894 5284 levas,
1918 5237 2028 5288 quae

435 5277 536 5329 duo
606 5290 837 5327 eronens.
865 5281 1109 5328 emendat.

471 5292 536 5328 υο

506 5340 812 5409 (ελΑΙίειιςοι
1018 5354 1108 5409 pro
1138 5339 1410 5409 dissipata;
1449 5355 1515 5404 ex
1558 5343 1700 5409 editis
1738 5353 1907 5409 autem,
1944 5347 2027 5397 alii

435 5401 653 5464 perdita,
678 5401 760 5465 alii
798 5401 994 5463 prodita
1015 5401 1224 5465 legunt.
1255 5401 1542 5465 lmprressam
1580 5405 1839 5456 lectionem
1867 5408 2025 5459 Vero-

438 5463 584 5510 nens.
611 5464 802 5521 probat,
830 5472 882 5512 et
902 5463 1172 5513 Simillimus
1203 5463 1487 5514 Tertulliani
1513 5465 1648 5517 locus
1686 5469 1747 5517 de
1781 5469 1951 5518 Pudic.
1978 5485 2023 5520 c.

437 5523 492 5572 ὃ.
537 5523 738 5592 «Minor
780 5523 907 5592 illius
949 5527 1183 5592 prodacta
1193 5527 1480 5592 substantia
1525 5530 1574 5578 in
1620 5529 1777 5592 aliena
1821 5533 2027 5592 regione

439 5585 708 5653 mendicat.
731 5602 753 5630 ι
791 5586 919 5653 Quin
951 5585 1106 5636 etiam
1141 5587 1342 5638 Hieron.
1383 5590 1433 5638 in
1466 5603 1572 5653 cap.
1614 5591 1755 5639 Jonas
1785 5593 1834 5640 3.
1868 5585 2026 5643 (Post

439 5647 758 5707 substantiam
781 5647 1068 5707 prodactam,
1093 5666 1116 5694 ι
1147 5658 1242 5698 etc.

503 5705 580 5768 (Γ)
615 5705 892 5773 Yeronens.
927 5705 1156 5773 gloriaris
1189 5709 1241 5759 in
1269 5710 1562 5770 confusione,
1585 5711 1772 5773 absque
1795 5717 2024 5773 etcarne,

444 5772 500 5814 et
521 5766 665 5840 paulo
685 5766 1116 5840 post‘eoruntt'itia
1136 5785 1226 5837 pro
1247 5766 1394 5823 vitam
1415 5785 1434 5833 ;
1453 5766 1672 5836 denique
1692 5766 1821 5836 quod
1846 5766 2026 5825 bonitas

440 5840 533 5890 pro
548 5832 774 5892 mnam

606 5290 837 5327 eronens.
865 5281 1109 5328 emendat.

2153 577 2245 633 ille
2273 577 2467 633 dilatus
2496 585 2598 648 est,
2631 585 2686 631 et
2713 575 2899 632 decem
2947 578 3128 648 plagas
3169 592 3276 631 non
3316 577 3466 646 quasi
3507 577 3572 630 ab
3603 577 3732 634 irato

2155 669 2288 736 Deo,
2319 667 2413 724 sed
2445 638 2595 739 quasi
2621 683 2652 722 a
2694 677 2844 738 patre
2865 678 3239 724 commonente
3259 668 3550 736 sustinuit,
3569 668 3733 725 donec

2153 760 2207 816 in
2231 775 2545 832 perversum
2571 771 2688 816 acta
2718 762 3029 831 paenitentia
3051 804 3066 830 ,
3094 761 3353 834 populum
3396 777 3552 832 quem
3583 761 3736 816 dimi-

2152 864 2326 922 serat,
2359 870 2455 926 per
2499 854 2714 928 deserta
2759 865 3112 926 sequeretur,
3161 865 3215 910 et
3262 853 3469 926 ingredi
3517 855 3736 911 auderet

2153 950 2353 1014 maria;
2397 964 2497 1020 per
2541 965 2660 1020 qua:
2702 951 2785 1005 vel
2817 951 2895 1021 (It)
2944 950 3058 1005 sola
3095 949 3277 1004 doceri
3326 948 3533 1019 potuit,
3562 948 3736 1003 timori

2137 1039 2460 1096 habendum
2482 1056 2628 1106 eum,
2657 1041 2742 1098 cui
2773 1043 2934 1097 etiam
2960 1042 3226 1106 elementa
3255 1041 3536 1096 servirent.
3572 1041 3733 1097 Dixe-

2152 1141 2238 1187 rat
2263 1140 2319 1187 et
2348 1132 2458 1199 ille,
2503 1131 2624 1186 Non
2650 1134 2766 1187 novi
2796 1132 3092 1197 Dominum,
3112 1149 3288 1203 (nsque
3326 1133 3526 1202 dimitto
3553 1130 3734 1188 Israel.

2152 1221 2322 1291 Quem
2350 1233 2406 1294 tu
2434 1223 2652 1280 imitans
2692 1225 2927 1295 loqueris
2955 1243 2969 1279 :
3009 1223 3150 1279 Visia
3174 1241 3327 1293 quam
3363 1225 3446 1279 hic
3491 1225 3624 1278 uidet
3645 1268 3660 1290 ,
3686 1225 3736 1279 in

2152 1319 2261 1382 dies
2306 1319 2485 1392 longos
2527 1328 2634 1384 est,
2679 1329 2725 1374 et
2768 1321 2823 1374 in
2873 1329 3100 1389 tempora
3147 1319 3300 1389 longa
3343 1319 3436 1372 iste
3478 1319 3737 1389 praphctat

2151 1408 2364 1480 (Ezech.
2397 1409 2488 1466 l2.
2525 1408 2640 1482 27).
2684 1409 2911 1478 Propter
2937 1409 3112 1480 quod
3147 1409 3277 1464 dicit
3323 1409 3383 1478 (i)
3428 1408 3567 1463 idem
3614 1409 3735 1462 Pro-

2152 1499 2309 1571 pheta
2345 1518 2358 1556 :
2391 1499 2520 1554 thc
2563 1501 2685 1555 dicit
2726 1501 2928 1554 Adonai
2956 1499 3209 1554 Dominus
3238 1516 3259 1554 :
3304 1498 3428 1554 Non
3468 1501 3735 1571 prolonga-

2152 1591 2342 1665 buntur
2367 1591 2805 1663 ampliusomnes
2819 1608 3074 1646 sermones
3120 1591 3217 1644 mei
3237 1632 3254 1658 ,
3294 1607 3633 1666 quoscumque
3661 1592 3735 1644 lo-

2149 1699 2312 1754 quor;
2354 1683 2476 1752 quia
2516 1683 2698 1754 loquar
2721 1684 2944 1747 perbum
2968 1725 2983 1750 ,
3025 1692 3072 1738 et
3101 1685 3290 1755 faciant
3336 1682 3501 1756 (Ibid.
3547 1698 3596 1736 υ.
3623 1683 3732 1755 28).

2149 1773 2377 1829 Sanctus
2403 1773 2567 1829 David
2594 1774 2660 1828 de
2687 1774 2866 1845 impiis
2887 1784 2941 1830 et
2965 1774 3031 1830 de
3069 1774 3312 1830 scelestis
3337 1773 3468 1829 dicit
3489 1776 3733 1845 (quorum

2151 1873 2209 1919 tu
2236 1881 2360 1935 pars
2386 1880 2494 1920 non
2520 1865 2753 1933 modica,
2783 1866 2878 1934 sed
2902 1867 3151 1936 princeps
3178 1865 3261 1937 es)
3291 1865 3438 1943 quod.
3459 1866 3638 1920 saeculi
3665 1866 3736 1920 ie-

2150 1956 2348 2012 licitate
2397 1956 2714 2018 fruerentur.
2739 1968 2794 2013 et
2837 1958 3142 2026 dicerent:
3194 1957 3463 2027 Quomodo
3527 1959 3736 2028 cognovi

2147 2047 2309 2116 Deus,
2337 2058 2384 2103 et
2409 2050 2456 2104 si
2479 2059 2552 2103 est
2575 2051 2786 2104 scientia
2812 2051 2866 2104 in
2889 2051 3133 2104 excelso?
3163 2049 3295 2105 Ecce
3322 2052 3423 2120 ipsi
3449 2061 3736 2122 peccatores

2147 2151 2194 2194 et
2219 2141 2531 2196 abundantes
2561 2143 2834 2207 insteculo
2865 2144 3188 2210 obtinuerunt
3215 2143 3415 2198 divitias
3446 2143 3618 2212 (Psal.
3650 2144 3731 2198 72.

2148 2234 2236 2288 ll.
2282 2243 2327 2286 et
2359 2233 2451 2303 l2)
2497 2251 2509 2286 :
2563 2249 2700 2304 pene
2746 2235 2898 2304 lapso
2935 2233 3070 2304 pede
3096 2243 3152 2289 et
3198 2233 3472 2289 ﬂuctuanti
3518 2236 3736 2305 vestigio

2147 2323 2468 2379 causabatur
2495 2365 2511 2390 ,
2544 2323 2731 2380 dicens
2760 2341 2775 2379 :
2824 2324 2966 2396 Ergo
3007 2326 3118 2379 sine
3162 2341 3315 2380 causa
3345 2315 3627 2397 justiﬁcani
3654 2343 3737 2380 cor

2145 2432 2331 2481 meum,
2357 2425 2400 2471 et
2423 2416 2522 2470 lavi
2540 2418 2672 2471 inter
2691 2419 2983 2492 innocentes
3003 2435 3186 2472 manus
3206 2430 3344 2472 meas
3365 2417 3413 2486 (I
3423 2401 3539 2472 bid.
3553 2435 3598 2472 υ.
3622 2417 3732 2488 l5).

2146 2507 2488 2563 Prtemiserat
2531 2510 2721 2575 enim,
2761 2509 2898 2576 Quia
2937 2493 3206 2564 emulattts
3249 2526 3362 2564 sum
3387 2525 3541 2580 super
3569 2510 3736 2576 iniqua

2145 2610 2368 2669 agentes,
2399 2615 2574 2668 pacent
2621 2609 2944 2670 peccatorum
2973 2601 3145 2655 videns
3175 2617 3194 2654 :
3235 2602 3357 2672 quia
3402 2617 3503 2654 non
3549 2611 3620 2655 est
3660 2618 3736 2655 re-

2144 2700 2342 2760 spectus
2371 2692 2520 2745 morti
2561 2688 2657 2762 [aL
2684 2692 2739 2745 in
2765 2690 2945 2764 morte]
2975 2708 3148 2746 eorum
3167 2733 3184 2758 ,
3225 2701 3271 2745 et
3314 2691 3478 2745 solida
3509 2677 3661 2763 plaga
3685 2693 3735 2746 in

2143 2781 2354 2854 ﬂagella
2380 2781 2471 2856 [aL
2503 2782 2733 2856 ﬂagello]
2765 2800 2958 2838 eorum.
2983 2783 3050 2837 In
3075 2784 3330 2837 laboribus
3351 2784 3612 2838 hominum
3637 2801 3734 2838 non

2143 2883 2282 2948 sunt,
2314 2883 2371 2944 et
2413 2890 2530 2928 cum
2554 2874 2843 2928 hominibus
2870 2890 2972 2928 non
3012 2875 3426 2946 ﬂagellabantur.
3457 2874 3734 2946 Propterea

2145 2967 2306 3046 tenuit
2332 2982 2415 3021 eos
2457 2966 2736 3035 superbia,
2769 2966 3072 3046 circumdati
3102 2956 3226 3020 sunt.
3264 2966 3529 3036 iniquitate
3570 2977 3616 3020 et
3643 2968 3734 3021 im-

2145 3060 2332 3131 pietate
2359 3075 2474 3112 sua.
2503 3058 2810 3130 Egredietur
2831 3061 2964 3114 sicut
2988 3075 3054 3114 ea:
3078 3060 3232 3135 adipe
3253 3059 3496 3128 iniquitas
3519 3076 3693 3114 eorum
3713 3076 3734 3115 :

2144 3150 2452 3204 transierunt
2478 3151 2530 3203 in
2569 3149 2810 3217 affectum
2837 3152 3027 3205 cordis.
3072 3149 3460 3222 Cogitaverunt,
3505 3163 3552 3206 et
3581 3154 3733 3207 locuti

2143 3253 2259 3298 sunt
2286 3243 2443 3308 mala,
2484 3243 2801 3314 iniquitatem
2829 3245 2883 3298 in
2918 3245 3114 3299 excelso
3155 3244 3249 3318 [al.
3275 3245 3550 3319 excelsum]
3582 3249 3732 3302 locuti

2143 3343 2281 3390 sunt.
2331 3333 2624 3388 Posuerunt
2670 3336 2724 3388 in
2759 3337 2941 3390 ccelum
2981 3353 3037 3391 os
3077 3353 3244 3403 suum,
3288 3349 3335 3392 et
3360 3323 3537 3410 lingua
3563 3357 3731 3395 eorum

2146 3426 2613 3498 pertransiit’super
2633 3435 2820 3481 terram
2849 3425 3012 3498 (Ibid.
3055 3444 3102 3483 υ.
3133 3430 3168 3484 '5
3191 3438 3238 3483 et
3267 3431 3447 3502 seqq.).

2217 3519 2274 3572 2.
2313 3517 2504 3574 Nonne
2556 3519 2670 3586 tibi,
2697 3519 2912 3575 videtur
2950 3520 3017 3575 de
3046 3529 3096 3575 te
3123 3523 3300 3576 omnis
3341 3523 3442 3578 iste
3481 3523 3726 3580 Psalmns

2140 3626 2262 3688 esse
2288 3611 2654 3680 compositus?
2673 3611 2886 3686 .Vegeto
2913 3613 3110 3683 quippe
3130 3628 3189 3668 es
3213 3629 3466 3684 corpore,
3493 3625 3548 3671 et
3564 3632 3731 3673 novus

2141 3687 2456 3759 Antichristi
2485 3703 3036 3780 Aposto_lus,.cumlin
3069 3687 3173 3760 una
3202 3690 3364 3760 natus
3392 3706 3725 3782 fuerisjcivi-

2141 3803 2271 3861 tate,
2304 3793 2694 3864 transgrederis
2713 3794 2780 3849 ad
2793 3794 2975 3850 aliam.
3005 3794 3120 3850 Non
3155 3783 3362 3868 indiges
3389 3798 3726 3868 sumptibus;

2138 3903 2246 3944 non
2294 3888 2449 3957 plaga
2499 3888 2623 3952 forti
2672 3889 3005 3958 perculeris;
3039 3898 3095 3962 et
3123 3904 3244 3952 cum
3277 3891 3609 3960 hominibus,
3640 3893 3729 3963 qui

2141 3996 2249 4035 non
2275 3988 2419 4044 sunt,
2453 3988 2510 4033 ut
2535 3989 2610 4046 tu,
2643 3981 2787 4054 velut
2809 3981 3200 4060 irrationabilia
3232 3983 3499 4052 jumenta,
3531 3986 3728 4055 corripi

2139 4089 2246 4128 non
2278 4075 2524 4130 mereris.
2558 4074 2848 4144 Propterea
2889 4077 3064 4130 elatus
3114 4091 3175 4131 es
3222 4077 3274 4131 in
3316 4081 3647 4149 superbiam,
3678 4091 3729 4135 et

2137 4167 2515 4222 vestimentum
2548 4176 2695 4239 tuum
2728 4170 2797 4239 (j)
2825 4178 2908 4224 est
2936 4167 3075 4223 facta
3129 4168 3363 4236 luxuria,
3395 4180 3449 4225 et
3479 4172 3629 4240 quasi
3658 4186 3726 4226 ex

2138 4259 2323 4315 arvina
2347 4260 2527 4330 pingui
2555 4269 2612 4315 et
2639 4261 2872 4330 quodam
2895 4260 3054 4338 adipe
3083 4254 3337 4315 eructans
3359 4259 3528 4316 verba"
3546 4263 3729 4316 morti-

2138 4352 2273 4417 fera,
2303 4367 2410 4407 non
2437 4360 2491 4407 te
2519 4353 2747 4422 respicis
2827 4354 3041 4425 ιωθ
3115 4369 3238 4410 esse
3264 4355 3606 4422 moriturum,
3631 4371 3729 4411 nec

2139 4458 2394 4513 umquam
2418 4451 2535 4512 post
2559 4446 2826 4514 expletam
2846 4445 3145 4512 libidinem,
3180 4448 3494 4516 paenitentia
3517 4463 3726 4503 remor-

2138 4533 2306 4589 deris.
2339 4532 2602 4610 Transisti
2632 4534 2686 4588 in
2714 4534 2964 4589 allectum
3009 4536 3211 4602 cordis,
3245 4545 3300 4591 et
3329 4527 3416 4593 ~ne
3449 4539 3542 4592 tibi
3582 4529 3727 4594 solus

2139 4625 2369 4680 videaris
2402 4639 2637 4692 errasse,
2667 4626 2886 4682 simulas
2916 4627 3145 4703 nefanda
3185 4627 3254 4683 de
3285 4629 3458 4683 servis
3489 4629 3603 4694 Dei,
3633 4645 3726 4684 ne-

2137 4716 2316 4772 sciens
2346 4715 2488 4786 quod
2514 4717 2846 4787 iniquitatem
2881 4718 2934 4772 in
2965 4720 3129 4774 altum
3163 4717 3430 4790 loquaris,
3469 4730 3525 4774 et
3565 4735 3728 4790 ponas

2137 4809 2191 4864 in
2222 4809 2421 4865 caelum
2451 4824 2512 4863 os
2549 4819 2718 4864 tuum.
2747 4809 2858 4865 Nec
2882 4811 3079 4865 mirum
3104 4809 3201 4864 sia
3230 4819 3284 4866 te
3309 4811 3729 4880 qualescumque

2137 4900 2277 4954 servi
2307 4899 2399 4954 Dei
2424 4899 2893 4969 blasphementur,
2923 4915 3046 4956 cum
3090 4901 3536 4970 patremfamilias
3569 4902 3727 4958 Beel-

2137 4991 2310 5046 zebub
2334 4987 2647 5046 voeaverint
2677 5002 2859 5061 patres
2902 4991 3000 5045 tui.
3053 4989 3170 5044 Non
3199 5001 3280 5045 est
3307 4990 3607 5060 discipulus
3634 5007 3728 5045 su-

2139 5098 2233 5151 pra
2283 5083 2622 5152 magistrum,
2673 5098 2774 5138 nec
2805 5097 2996 5138 servus
3039 5097 3201 5151 supra
3233 5081 3511 5137 dominum
3546 5100 3722 5138 suum.

2135 5175 2192 5229 Si
2221 5175 2295 5229 illi
2325 5175 2377 5229 in
2408 5173 2561 5228 viridi
2590 5175 2736 5244 ligno
2766 5183 2913 5228 tanta
2952 5172 3218 5241 fecerunt,
3265 5174 3404 5254 tuin
3435 5189 3545 5240 me,
3573 5176 3726 5230 arido

2201 5320 2270 5413 (ά)
2306 5347 2496 5397 Iterum
2535 5359 2602 5396 ex
2633 5347 2886 5399 Veronen.
2931 5350 3040 5399 cum
3081 5351 3217 5399 esset
3245 5364 3268 5396 α
3289 5345 3505 5398 diﬁ'erris
3540 5349 3625 5398 diu
3670 5348 3730 5399 ad

2135 5423 2342 5474 ραξιξξιιιξ
2366 5424 2388 5452 κ

2199 5470 2274 5532 (It)
2312 5471 2495 5541 Deerat
2535 5468 2609 5541 vel
2630 5472 2882 5541 particula,
2907 5486 3048 5541 quam
3075 5485 3105 5522 e
3129 5471 3242 5521 Mss.
3267 5471 3587 5534 suffecimus;
3617 5486 3727 5522 mox

2133 5539 2462 5595 quoque_erat
2483 5533 2692 5595 serviunt
2716 5547 2804 5595 pro
2831 5533 3082 5585 seruirent.

2202 5592 2254 5658 (i)
2304 5592 2422 5641 Haec
2461 5593 2641 5658 ﬁdem
2678 5592 2942 5658 PrOpheta,
2987 5596 3105 5645 Haec
3145 5595 3323 5658 dicit»
3362 5596 3412 5658 in
3447 5594 3731 5658 veronensi

2131 5655 2442 5717 omittuntur.
2465 5655 2552 5704 Est
2573 5665 2736 5705 autem
2760 5655 2818 5705 ad
2844 5658 3063 5706 Graecum
3090 5655 3465 5717 exemplariste
3491 5657 3730 5709 Ezechie-

2131 5713 2370 5786 lis'loct-t‘s,
2393 5729 2433 5786 ε
2439 5731 2541 5786 quo
2565 5713 3312 5786 nonnihil.Vulgatusinterpres
3327 5716 3524 5786 didert.

2197 5776 2268 5843 (j)
2300 5777 2374 5827 Ex
2399 5776 2713 5843 (liéterciensi
2748 5776 3004 5843 alteroque
3027 5776 3304 5843 Veronensi
3326 5778 3442 5830 Mss.
3475 5794 3588 5831 cum
3611 5781 3732 5832 alias

2137 5838 2303 5902 γωάαε,
2329 5846 2382 5891 et
2403 5841 2454 5890 in
2477 5846 2722 5902 postrema
2749 5838 2962 5893 editione
2984 5843 3114 5905 faetet
3136 5838 3352 5891 luxuria.
