4080 6340
463 369 603 460 ηότ

1801 364 2130 452 EPISTOLA
2165 393 2418 451 CXLVII.

3597 405 3737 465 1198

457 517 623 587 ligno,
649 494 782 588 quid
809 484 1045 570 facturus
1071 525 1132 570 es
1174 511 1328 585 (Luc.
1373 473 1463 568 23.
1496 510 1632 581 51)?
1663 509 1797 567 Tale
1829 510 1957 582 quid
1985 517 2041 565 et
2149 509 2340 579 inquit,
2369 517 2418 564 et
2445 475 2559 566 ecce
2580 527 2761 569 manus
2779 475 2979 570 extenta
3003 514 3074 570 ad
3097 499 3210 581 me;
3227 522 3274 571 et
3297 515 3350 572 in
3367 515 3483 588 ipsa
3502 519 3737 582 uolumen

406 610 417 618 ‘
455 608 510 663 in
551 607 806 664 Malacbia
850 607 1002 677 plebs
1053 605 1410 662 scandalizata
1455 604 1810 668 credentium,
1859 603 1935 675 (a)
1968 601 2036 658 de

452 698 618 754 corde
649 708 738 754 tuo
762 700 1036 769 loquitur:
1061 688 1332 766 Dixerunt,
1354 713 1515 752 vanus
1530 709 1599 752 est
1617 698 1704 769 qui
1725 697 1875 751 servit
1903 696 2032 750 Deo.

399 829 402 832 .
451 788 521 842 Et
547 789 672 860 quid
692 790 845 860 plus?
872 789 1005 858 Quia
1028 790 1385 846 custodivimus
1405 789 1648 844 mandata
1677 791 1806 858 ejus,
1833 798 1880 843 et
1903 805 2033 860 quo-

450 882 587 934 niam
606 883 785 936 ivimus
811 879 1150 951 supplicantes
1187 884 1306 938 ante
1345 883 1523 954 faciem
1550 881 1757 936 Domini
1795 887 2031 952 omnipo-

448 975 614 1027 tentis.
648 973 712 1026 Et
728 990 874 1050 nunc
899 971 996 1028 nos
1020 963 1188 1029 beatos
1211 974 1424 1028 dicimus
1449 975 1659 1029 alienos.
1694 973 2033 1042 Retediﬁcan-

447 1075 528 1119 tur
552 1082 723 1119 omnes
751 1067 837 1136 qui
883 1068 1076 1136 faciunt
1118 1067 1312 1136 iniqua.
1357 1065 1619 1121 Adversati
1668 1074 1782 1119 sunt
1813 1064 1942 1128 Deo,
1981 1072 2033 1118 et

444 1156 571 1212 salvi
596 1161 720 1228 facti
743 1168 878 1213 sunt.
905 1157 1158 1229 (Malach.
1183 1161 1236 1215 5.
1261 1160 1590 1230 5.1Ljuxta
1611 1158 1806 1229 LXX).
1827 1159 2030 1228 Quibus

442 1247 628 1320 postea
655 1251 795 1306 diem
819 1251 1006 1321 judicii
1040 1252 1297 1308 Dominus
1317 1254 1697 1317 comminatur,
1726 1251 1924 1322 etquid
1947 1252 2028 1305 in-

444 1353 526 1400 ter
547 1347 751 1416 justum
779 1357 832 1403 et
862 1348 1120 1418 injustum
1149 1347 1389 1403 futurum
1421 1347 1512 1411 sit,
1541 1348 1711 1402 multo
1743 1357 1870 1401 ante
1892 1361 2028 1415 prte-

442 1441 722 1506 nuntians,
748 1441 854 1496 ait:
884 1439 953 1495 Et
974 1442 1356 1496 convertimini:
1381 1428 1674 1495 etvidebitis
1699 1439 1820 1509 quid
1857 1439 1920 1492 sit
1947 1438 2027 1492 in-

441 1541 514 1584 ter
532 1532 747 1600 justum,
777 1541 822 1586 et
846 1524 1124 1604 injustam:
1148 1521 1276 1588 inter
1293 1522 1580 1589 servientem
1600 1530 1840 1598 Domino,
1859 1539 1906 1584 et
1925 1525 2026 1585 non

438 1622 732 1675 servientem
760 1622 919 1695 (Ibid.
953 1624 1167 1695 ultim.).
1660 1657 1662 1660 ν
1712 1667 1715 1670 -

510 1713 564 1765 ‘5.
609 1712 733 1768 Haec
764 1715 856 1769 tibi
885 1715 1106 1769 ridicula
1134 1710 1274 1770 forte
1301 1714 1600 1780 videantur,
1629 1713 1720 1784 qui
1742 1713 2024 1783 comtedis,

435 1814 490 1860 et
515 1805 696 1876 lyricis
713 1809 1086 1879 scriptoribus,
1105 1818 1159 1863 et
1179 1808 1356 1863 mimis
1380 1807 1588 1863 Lentuli
1605 1809 1684 1878 (1)
1703 1807 2022 1863 delectaris:

435 1913 758 1970 quamquam
793 1918 858 1956 ne
891 1903 987 1956 ista
1023 1902 1114 1956 tibi
1143 1903 1356 1982 quidem
1385 1917 1496 1972 pra:
1525 1901 1686 1977 nimia
1705 1899 2023 1979 cordishe-

435 1994 689 2048 betudinc
713 1995 1056 2066 intelligenda
1084 1996 1466 2051 concesserim.
1488 1992 1876 2062 Prophetarum
1896 2007 2021 2047 ver-

433 2083 841 2143 ba'contemnes
872 2083 989 2161 [tt].~
1013 2081 1358 2158 contemnas];
1392 2073 1496 2140 sed.
1529 2083 1880 2154 respondebit
1924 2083 2018 2138 tibi

433 2179 635 2233 Amos:
667 2178 731 2232 Et
751 2180 803 2232 in
831 2169 998 2233 tribus,
1025 2189 1070 2232 et
1110 2179 1164 2231 in
1216 2186 1433 2252 quatuor
1460 2176 1820 2245 impietatibus,
1853 2192 2020 2230 nonne

432 2271 700 2324 aversabor
722 2287 860 2333 eum,
880 2271 1002 2323 dicit
1025 2268 1278 2323 Dominus
1299 2269 1478 2340 (Amos
1497 2270 1548 2323 1.
1577 2269 1628 2324 ὅ.
1640 2269 1796 2338 juxta
1816 2265 2019 2338 LXX)?

429 2361 694 2428 Quoniam
712 2361 855 2415 enim
877 2355 1189 2425 Damascus,
1208 2359 1371 2426 Gaza,
1388 2359 1584 2432 Tyrus,
1612 2358 1868 2426 Idumaaa,
1887 2362 2020 2434 Ant-

429 2452 670 2518 monitae,
701 2461 754 2505 et
783 2451 1050 2517 Moabitae,
1094 2450 1268 2507 Judaei
1315 2467 1531 2523 quoque
1559 2461 1614 2508 et
1655 2452 1840 2519 Israel,
1870 2467 2016 2523 saepe

427 2541 494 2594 ad
524 2556 582 2595 se
615 2542 705 2597 Dei
735 2542 987 2619 vaticinio
1029 2540 1316 2609 destinato,
1353 2535 1410 2598 ut
1457 2552 1679 2614 agerent
1724 2543 2015 2614 aliquando

429 2633 820 2701 paenitentiam,
852 2635 1038 2689 audire
1067 2644 1537 2708 contempserunt,
1573 2638 1668 2692 ira:
1695 2652 1829 2704 suae,
1852 2652 2012 2707 quam

426 2725 676 2781 illaturus
723 2735 839 2794 est,
870 2725 1128 2784 Dominus
1175 2745 1366 2785 causas
1403 2729 1735 2802 justissimas
1785 2731 2010 2801 profert,

425 2819 611 2875 dicens
635 2839 648 2873 :
678 2819 746 2876 In
775 2822 933 2876 tribus
961 2832 1008 2876 et
1032 2815 1248 2892 quatuor
1274 2823 1616 2894 impietatibus
1658 2841 1825 2880 nonne
1870 2842 2013 2880 aver-

424 2923 574 2972 sabor
603 2908 721 2974 eos?
749 2919 824 2994 (ὁ)
853 2908 1187 2978 Sceleratum
1217 2909 1320 2990 est,
1353 2926 1548 2996 inquit,
1579 2927 1720 2982 mala
1747 2928 2010 2998 cogitare:

423 3013 692 3066 concessi.
717 3012 957 3082 Nequius
987 3024 1070 3070 est
1096 3017 1236 3072 male
1284 3018 1514 3088 cogitata
1548 3019 1704 3094 velle
1725 3018 2007 3091 perlicere,

422 3123 474 3166 et
502 3111 603 3167 hoc
634 3128 730 3183 pro
753 3128 872 3170 mea
900 3101 1272 3170 miseriCordia
1301 3115 1568 3186 benignus
1597 3116 1817 3172 indulsi.
1841 3117 2011 3174 Num-

422 3207 547 3274 quid
579 3215 633 3260 et
659 3195 820 3276 opere
862 3209 1189 3278 implendum
1219 3219 1499 3279 peccatum
1531 3198 1741 3266 luitiet
1766 3226 1886 3267 mea
1913 3226 2006 3267 su-

421 3297 584 3366 perbe
612 3297 865 3352 calcanda
945 3301 1154 3371 ιωῚ
1230 3301 1558 3356 clementia?
1590 3291 1793 3365 Tamen
1818 3313 1870 3359 et
1889 3312 2010 3375 post

421 3388 641 3454 factum,
696 3378 819 3460 quia
853 3392 1422 3461 malo‘pmnitentiam
1469 3397 1794 3464 peccatoris,
1846 3413 2007 3467 quam

421 3490 648 3535 mortem
671 3499 684 3535 :
718 3481 840 3536 Non
867 3474 1133 3537 enimsani
1148 3500 1291 3553 opus
1316 3485 1498 3539 habent
1523 3488 1738 3554 medico,
1762 3490 1852 3542 sed
1876 3489 2010 3545 male

422 3571 658 3624 habentes
688 3571 844 3641 (Luc.
863 3575 918 3627 5.
941 3575 1059 3644 51),
1083 3575 1286 3643 jacenti
1313 3572 1528 3631 manum
1547 3579 1782 3649 porrigo,
1804 3589 1858 3634 et
1871 3595 2005 3636 con-

423 3676 666 3732 spersum
698 3664 750 3716 in
783 3664 1042 3733 sanguine
1073 3681 1193 3730 suo,
1213 3675 1270 3720 ut
1293 3669 1522 3736 pr0priis
1542 3668 1758 3724 ﬂetibus
1774 3671 2004 3740 lavetur,

423 3753 696 3807 exhortor.
731 3747 886 3820 Qubd
915 3754 959 3808 si
991 3769 1090 3809 nec
1118 3755 1196 3810 sic
1245 3755 1614 3825 pmnitentiam
1665 3761 1780 3815 vult
1823 3777 2004 3832 agere,

422 3852 476 3898 et
505 3843 674 3897 fracto
704 3845 919 3914 navigio
949 3845 1204 3910 tabulam,
1235 3862 1329 3916 per
1356 3863 1517 3918 quam
1539 3848 1736 3905 salvari
1767 3861 1996 3922 poterat,

422 3950 528 3988 non
563 3933 812 4000 retentat,
860 3951 1024 4007 cogor
1052 3937 1266 3994 dicere:
1299 3939 1471 4009 Super
1517 3941 1677 3996 tribus
1717 3954 1765 3998 et
1791 3959 2008 4016 quatuor

421 4027 779 4095 impietatibus,
838 4020 1003 4083 nonne
1050 4019 1316 4084 aversabor
1363 4047 1499 4098 eum,
1554 4033 1676 4088 dicit
1721 4035 2008 4094 Dominus?

420 4105 772 4176 Aversionem
798 4121 1072 4177 aestimans
1101 4136 1220 4177 esse
1262 4121 1333 4195 (c)
1362 4112 1463 4193 pro
1518 4139 1702 4194 paena,
1735 4127 1863 4184 dum
1893 4145 2006 4188 sua

420 4211 674 4280 peccator
705 4213 1028 4283 relinquitur
1057 4214 1338 4269 voluntati.
1373 4213 1502 4270 Inde
1531 4224 1616 4271 est
1639 4218 1780 4287 quod
1813 4234 2006 4294 peccas-

407 4297 473 4356 ‘ta
497 4313 706 4372 patrum
737 4303 790 4357 in
813 4304 1024 4358 tertiam
1054 4313 1110 4360 et
1137 4314 1381 4376 quartam
1408 4309 1812 4378 generationem
1841 4316 2004 4369 restio

421 4397 519 4450 tuit
554 4395 758 4476 (Exod.
781 4396 895 4468 20),
931 4397 1058 4453 dum
1091 4413 1196 4453 non
1220 4389 1542 4455 vultstatim’
1559 4401 1751 4471 punire
1778 4419 2006 4474 peccan-

423 4498 523 4552 tes,
573 4489 668 4544 sed
723 4491 1007 4561 ignoscens
1057 4491 1278 4560 primis,
1332 4503 1604 4563 postrema
1653 4497 2000 4557 condemnat.

421 4580 631 4647 Alioqui
659 4581 703 4634 si
732 4583 974 4650 protinus
1004 4584 1268 4638 scelerum
1292 4585 1435 4639 ultor
1460 4586 1749 4642 existeret:
1775 4600 1830 4646 et
1859 4594 2002 4648 mul-

422 4680 501 4721 tos
529 4667 702 4738 alios,’
725 4683 778 4726 et
819 4685 966 4729 certe
995 4676 1218 4730 Paulum
1261 4679 1577 4747 Apostolum
1605 4681 1864 4739 Ecclesia:
1895 4700 2001 4740 non

421 4757 700 4816 haberent.
751 4763 1003 4819 Ezechiel
1046 4765 1334 4834 Propheta,
1378 4769 1532 4837 cujus
1574 4786 1734 4840 supra
1778 4775 2003 4831 fecimus

421 4856 770 4920 mentionem,
802 4855 894 4910 Dei
925 4857 1147 4910 verbum
1169 4857 1235 4910 ad
1262 4872 1321 4913 se
1352 4857 1550 4914 factum
1579 4863 1840 4930 referens,
1877 4869 1951 4921 ait
1986 4887 1999 4924 :

421 4947 573 5016 Aperi
599 4962 656 5001 os
681 4957 843 5016 tuum,
871 4956 920 5002 et
946 4949 1196 5002 manduca
1229 4965 1342 5018 qua:
1373 4966 1462 5020 ego
1489 4951 1618 5006 dabo
1648 4955 1756 5008 tibi.
1786 4954 1856 5010 Et
1876 4958 1999 5026 vidi,

489 5080 554 5148 (a)
584 5080 721 5148 .Editi
759 5079 940 5148 deore
964 5087 1052 5148 tuo
1079 5095 1097 5132 :
1124 5081 1247 5131 infra
1284 5081 1470 5148 leviora
1507 5083 1600 5148 alia
1640 5098 1703 5134 ex
1748 5087 1999 5139 Veronen.

420 5142 736 5211 εηήεῂάθιιηιδ
773 5142 968 5211 passim.
1001 5144 1243 5211 Czeterum
1282 5158 1347 5195 ex
1391 5145 1643 5209 Cypriano,
1692 5148 1898 5211 epistola
1941 5151 2002 5200 ad

418 5202 660 5254 Donatum
684 5202 789 5252 luce
816 5206 950 5253 Hier.
975 5207 1234 5256 transtulit.

487 5265 894 5336 (bLliecolendus
933 5267 1134 5328 insignis
1165 5268 1447 5336 Hieronymi
1480 5269 1613 5321 locus
1641 5271 1690 5336 in
1724 5273 1872 5321 Amos
1893 5286 1998 5336 cap.

419 5326 464 5376 l.
492 5326 758 5396 '«jPrinmm
799 5326 1049 5396 peccatum
1069 5337 1146 5378 est
1166 5326 1426 5396 cogitasse,
1453 5346 1576 5396 quae;
1593 5332 1718 5383 mala
1740 5340 1853 5384 sunt
1879 5348 1892 5382 :
1916 5326 1999 5384 se-

417 5391 626 5456 cundum
637 5390 1026 5459 cogitationibus
1042 5390 1342 5459 acquievisse
1357 5390 1606 5455 perversis
1627 5407 1639 5442 :
1660 5398 1858 5448 tertium
1872 5397 2000 5459 quod

417 5452 587 5499 mente
619 5451 924 5508 decreveris,
950 5451 1410 5522 opere‘complesse
1436 5469 1449 5502 :
1474 5467 1700 5522 quartum
1739 5465 1849 5522 post
1881 5451 1998 5519 pec-

417 5519 576 5582 catum
601 5514 1289 5582 ιιοιιλειεθςθ,ραέιιὶῑιξιηίελιιιζ
1303 5517 1426 5582 etin
1455 5514 1544 5566 suo
1573 5520 1667 5568 sibi
1691 5514 2000 5582 cumplacere

413 5571 612 5641 delicto.
638 5589 660 5617 ι
693 5571 944 5641 Quae-heia
965 5586 1052 5633 per
1076 5583 1238 5641 partes
1259 5571 1824 5641 Sabinianoiexprobrat'.

477 5635 548 5705 (c)
584 5634 656 5684 Ita
688 5648 752 5683 ex
790 5634 1130 5705 Veronen..et
1165 5634 1479 5705 (:isterciensi
1520 5634 1634 5689 Mss:
1672 5644 1996 5703 restituimus,

411 5696 592 5767 quibus
615 5710 678 5746 ex
718 5703 866 5767 parte.
893 5696 1186 5767 vetustiores
1225 5700 1345 5767 editi
1381 5700 1722 5767 suffragantur,
1748 5706 1796 5753 in
1819 5696 1998 5767 quibus

414 5756 521 5828 est,
535 5756 757 5828 angens;
780 5756 962 5827 reliqui
982 5758 1108 5828 enim
1132 5759 1255 5828 haud
1280 5767 1420 5828 recte
1444 5756 1615 5828 dicens
1633 5756 1721 5826 pro
1743 5756 1900 5828 plena.

431 5819 553 5888 J1)
577 5818 988 5888 Matianmumis
1005 5825 1050 5868 et
1076 5823 1295 5888 Lentulis,
1307 5824 1467 5888 addita
1483 5818 1646 5875 ηοωιὲ
1661 5842 1673 5875 :
1689 5818 1906 5888 urnulas
1923 5841 1998 5879 ce-

415 5873 564 5930 lebris
581 5887 688 5932 erat
701 5873 1077 5947 miniographus.
1090 5882 1226 5942 Quod
1250 5873 1398 5936 etiam
1418 5873 1562 5938 recte
1574 5873 1792 5949 quadrat.
1802 5873 1903 5950 illi
1915 5873 1997 5952 E'.)

2150 599 2285 654 libri.
2320 599 2387 654 Et
2411 601 2618 656 revolvit
2637 603 2769 658 illud
2793 606 2848 684 in
2875 617 3147 678 conspectu
3175 623 3308 678 meo,
3339 617 3386 664 et
3413 610 3468 684 in
3492 611 3605 682 ipso
3629 610 3728 684 [aL

2141 689 2245 763 eo.]
2272 692 2517 762 scriptum
2559 701 2688 760 erat,
2712 710 2746 747 α
2771 681 2901 766 facie
2933 705 2982 751 et
3007 706 3303 767 retrorsum,
3350 681 3650 767 lamentum,
3681 709 3730 758 et

2140 776 2363 850 carmen,
2389 793 2436 838 et
2464 798 2539 839 me
2569 783 2778 857 (Eucti.
2806 787 2863 842 2.
2890 788 2944 845 8.
2972 799 3026 866 et.
3052 791 3214 863 ηιμ).
3244 791 3421 847 Prima
3447 793 3730 864 Scriptura

2138 875 2208 931 ad
2238 885 2291 931 te
2317 877 2570 946 pertinet,
2597 877 2642 932 si
2665 885 2844 933 tamen
2871 880 3296 954 voluerisagere
3326 885 3723 954 pmnitentiam,

2141 977 2263 1037 post
2291 969 2566 1024 delictum.
2595 968 2844 1026 Secunda
2870 972 2938 1027 ad
2958 983 3194 1042 sanctos,
3219 975 3311 1046 qui
3334 977 3517 1032 ad‘Dei
3547 977 3724 1033 canti-

2108 1079 2257 1119 ‘cum
2290 1073 2667 1134 provocantur.
2694 1063 2811 1120 Non
2844 1075 2930 1121 est
2977 1069 3122 1122 enim
3155 1069 3644 1139 pulchra'laudntio
3669 1070 3752 1124 in'

2137 1173 2231 1213 ore
2257 1159 2578 1228 peccatoris.
2606 1158 2791 1216 Tertia
2815 1159 2882 1214 ad
2911 1161 2985 1214 tui
3001 1161 3224 1228 similes,
3254 1162 3342 1233 qui
3369 1162 3725 1232 desperantes

2135 1250 2454 1318 semetipsos
2485 1251 2823 1307 tradiderunt
2862 1251 3243 1320 immunditize,
3272 1261 3327 1308 et
3355 1253 3718 1322 fornicationi,

2134 1350 2192 1396 ct
2219 1342 2412 1408 ventri,
2438 1352 2492 1398 et
2519 1341 2604 1396 his
2625 1338 2746 1412 qua:
2772 1342 2910 1398 infra
2939 1328 3185 1398 ventrem
3215 1355 3372 1409 sunt;
3409 1347 3499 1415 qui
3529 1355 3721 1414 putant

2132 1435 2310 1490 omnia
2339 1443 2514 1491 morte
2543 1434 2709 1504 ﬁniri,
2743 1446 2800 1492 et
2825 1436 2956 1491 nihil
2983 1451 3106 1492 esse
3133 1444 3257 1507 post
3280 1447 3537 1500 mortem,
3553 1445 3610 1491 et
3631 1436 3719 1490 di-

2131 1530 2292 1584 cunt:
2327 1527 2617 1599 Tempestas
2665 1530 2710 1582 si
2759 1529 3035 1597 transierit,
3065 1546 3186 1584 non
3236 1529 3398 1585 veniet
3443 1545 3598 1598 super
3628 1544 3721 1583 nos

2132 1620 2286 1690 (lsai.
2318 1618 2412 1674 28.
2461 1618 2576 1690 15).
2607 1618 2771 1675 Liber
2817 1620 2928 1686 ille,
2971 1635 3133 1690 quem
3175 1619 3443 1690 Propheta
3471 1619 3717 1684 devorat,

2129 1697 2306 1767 omnis
2335 1712 2504 1766 series
2535 1698 2933 1777 scripturarum
2964 1720 3068 1768 est.
3111 1712 3168 1767 In
3215 1713 3409 1784 quibus
3451 1724 3505 1768 et
3537 1714 3717 1784 ρωπί-

2131 1812 2249 1858 tens
2278 1801 2570 1872 plangitur,
2599 1801 2853 1872 etjustus
2877 1802 3110 1868 canitur,
3136 1811 3214 1858 -et
3253 1803 3592 1859 maledicitur
3616 1805 3710 1860 de-

2128 1895 2365 1965 speranti
2389 1891 2485 1966 [al.
2511 1892 2855 1967 desperans.].
2876 1893 3016 1948 Nihil
3036 1895 3107 1950 ita
3123 1905 3384 1966 repugnat
3411 1896 3540 1963 Deo,
3559 1911 3719 1967 quam

2112 1999 2221 2060 cor
2247 1985 2612 2055 impmnitens.
2640 1984 2828 2040 Solum
2853 1986 3058 2041 crimen
3075 1993 3181 2054 est,
3203 1985 3344 2055 quod
3360 1987 3568 2042 veniam
3586 2003 3720 2044 con-

2127 2079 2282 2148 sequi
2313 2093 2418 2133 non
2448 2070 2644 2148 potest.
2676 2078 2733 2135 Si
2761 2079 2906 2134 enim
2947 2080 2998 2135 ei
3042 2079 3336 2160 ignoscitur
3370 2091 3492 2150 post
3520 2095 3717 2152 pecca-

2126 2179 2261 2234 tum,
2291 2171 2382 2242 qui
2415 2185 2645 2242 peccare
2693 2171 2923 2238 desistit,
2973 2179 3029 2227 et
3054 2172 3146 2228 ille
3171 2171 3338 2228 ﬂectit
3359 2173 3595 2242 judicem
3623 2175 3714 2246 qui

2124 2275 2275 2334 rogat
2301 2282 2314 2318 :
2346 2264 2690 2336 impaenitens
2716 2270 2898 2321 autem
2919 2265 3098 2320 omnis
3123 2266 3190 2321 ad
3220 2265 3552 2322 iracundiam
3581 2281 3711 2337 pro-

2122 2363 2279 2410 vocat
2321 2354 2648 2426 iudicantem
2685 2372 2698 2409 :
2743 2356 2922 2411 solum
3021 2357 3234 2430 1088
3319 2357 3714 2429 desperationis

2122 2448 2326 2503 crimen
2368 2457 2472 2516 est,
2506 2447 2652 2520 quod
2689 2449 2898 2506 mederi
2954 2460 3204 2520 nequeat.
3257 2451 3532 2510 Porrout
3573 2451 3714 2506 scias

2123 2538 2290 2594 Deum
2311 2538 2552 2608 quotidie
2571 2547 2884 2610 peccatores
2903 2539 2972 2594 ad
2994 2529 3368 2610 paenitentiam
3384 2555 3707 2612 provocare,

2119 2631 2211 2701 qui
2238 2631 2283 2686 si
2315 2631 2476 2702 rigidi
2521 2632 2878 2702 perstiterint,
2911 2632 2980 2686 de
3007 2634 3280 2688 clemente
3303 2649 3428 2689 eum
3456 2648 3708 2689 severum

2117 2732 2174 2778 et
2212 2731 2416 2779 trucem
2445 2723 2668 2790 faciunt,
2715 2724 2841 2779 audi
2870 2724 3020 2780 Isaiae
3046 2725 3210 2802 verba
3236 2725 3466 2781 dicentis
3487 2713 3510 2780 ε’
3529 2725 3597 2780 Et
3623 2741 3714 2780 vo-

2114 2806 2267 2878 cabit,
2298 2814 2490 2884 inquit,
2509 2803 2765 2869 Dominus
2783 2815 2995 2870 sabaoth
3019 2816 3072 2870 in
3101 2816 3184 2870 die
3205 2816 3297 2870 illa
3328 2815 3406 2888 (ά)
3425 2817 3493 2870 ad
3511 2817 3708 2888 ﬂetum,

2115 2915 2164 2960 et
2189 2907 2448 2978 planctum
2467 2923 2730 2978 magnum,
2753 2916 2799 2962 et
2824 2891 3244 2977 decalvationem,
3273 2917 3319 2963 et
3348 2907 3708 2962 accinctionem

2114 2993 2417 3054 ciliciorum.
2445 2999 2561 3071 Ipsi
2581 3001 2696 3055 vero
2719 3005 2945 3072 fecerunt
2972 2995 3204 3056 ltetitiam
3230 3011 3276 3056 et
3301 3001 3704 3071 exsultationem,

2114 3102 2389 3148 mactantes
2417 3095 2623 3161 vitulos,
2665 3103 2713 3149 et
2739 3095 3061 3150 immolantes
3104 3110 3242 3163 oves,
3290 3104 3345 3150 ut
3387 3095 3714 3151 comederent'

2113 3201 2314 3253 carnes,
2361 3180 2412 3242 et
2461 3186 2684 3241 biberent
2717 3175 2927 3256 ivinum,
2975 3177 3235 3245 dicentes:
3264 3189 3631 3266 Manducemus
3659 3199 3711 3246 et

2113 3279 2358 3345 bibamus,
2376 3270 2500 3335 cras
2533 3281 2667 3335 enim
2688 3269 2964 3336 moriemur
3009 3280 3162 3354 (Isai.
3206 3282 3414 3360 ειη.
3445 3292 3492 3338 et
3516 3282 3707 3354 seqq.).

2113 3369 2244 3426 Post
2271 3385 2406 3443 quas
2433 3387 2594 3428 voces
2634 3381 2690 3429 et
2737 3372 2965 3444 perditze
2993 3376 3192 3431 mentis
3222 3375 3526 3441 audaciam,
3559 3375 3708 3432 Scri-

2111 3459 2271 3533 ptura
2298 3473 2708 3529 commemorat,
2738 3463 2946 3521 dicens.
2978 3465 3048 3520 Et
3091 3459 3313 3522 revelata
3356 3477 3475 3522 sunt
3514 3467 3623 3522 lues
3650 3468 3704 3523 iu

2111 3551 2321 3608 auribus
2346 3553 2559 3608 Domini
2580 3555 2814 3619 sabaotlt,
2845 3572 2946 3610 non
2971 3557 3256 3610 remittetur
3284 3557 3424 3611 vobis
3453 3557 3548 3611 hoc
3588 3573 3711 3628 pec-

2111 3646 2301 3708 catum,
2332 3645 2491 3698 donec
2516 3646 2808 3699 moriamini
2836 3644 3060 3716 (Ibidem
3079 3649 3128 3701 ti.
3161 3647 3277 3719 14).
3306 3648 3364 3704 Si
3405 3649 3548 3704 enim
3581 3664 3707 3719 pet:

2111 3744 2233 3790 cato
2259 3735 2455 3790 mortui
2495 3733 2722 3803 fuerint,
2766 3744 2895 3791 tunc
2935 3737 3014 3792 eis
3043 3740 3349 3794 remittetur
3396 3751 3702 3810 peccatum.

2111 3825 2266 3892 Quod
2297 3825 2554 3894 quamdiu
2582 3826 2638 3881 in
2668 3835 2892 3896 peccato
2919 3827 3172 3896 vixerint,
3203 3844 3312 3886 non
3337 3831 3650 3889 dimittitur.

2181 3917 2237 3972 4.
2277 3915 2443 3971 Parce
2462 3931 2647 3987 quaeso
2672 3918 2864 3973 animae
2889 3926 3012 3974 tuae.
3039 3919 3110 3992 (ε)
3142 3919 3316 3977 Crede
3341 3923 3432 3977 Dei
3460 3922 3702 3982 futurum

2110 4007 2531 4078 essejudicium.
2555 4008 2867 4066 Recordare
2897 4024 2928 4065 a
2951 4011 3096 4082 quali
3134 4014 3399 4085 Episcopo
3430 4016 3701 4077 Diaconus

2109 4099 2386 4155 ordinatus
2407 4100 2501 4154 sis.
2523 4094 2635 4156 Nec
2662 4100 2859 4157 mirum
2876 4105 3122 4173 quamvis
3139 4113 3382 4161 sanctum
3401 4106 3701 4179 hominem,

2110 4200 2291 4248 tamen
2324 4191 2376 4246 in
2407 4192 2628 4250 homine
2677 4193 2964 4266 deligendo
3012 4199 3257 4267 potuisse
3293 4199 3429 4268 falli,
3483 4217 3605 4258 cum
3649 4213 3707 4262 et

2108 4284 2278 4341 Deum
2307 4285 2584 4357 poeniteat,
2610 4287 2750 4358 quod
2777 4289 2900 4344 Saul
2934 4289 2988 4345 in
3020 4306 3203 4362 regem
3231 4295 3444 4351 unxerit
3467 4294 3544 4366 (1.
3563 4295 3700 4369 Reg.

2109 4376 2224 4448 15).
2253 4385 2308 4432 et
2337 4378 2390 4432 in
2415 4376 2701 4436 duodecim
2731 4381 3005 4451 Apostolis
3031 4382 3198 4442 ludas
3234 4385 3303 4440 sit
3334 4385 3578 4455 proditor
3606 4403 3700 4444 re-

2107 4478 2321 4540 pertus;
2348 4478 2406 4526 et
2433 4469 2500 4525 de
2516 4472 2796 4556 .quondam
2825 4474 3035 4530 ordinis
3075 4476 3149 4530 tui
3180 4474 3489 4532 hominibus
3517 4477 3588 4550 (Ι)
3608 4477 3702 4534 Ni-

2170 4604 2250 4674 (d)
2265 4603 2499 4674 _Rect_ius,
2523 4603 2780 4674 saltemad
2794 4606 3026 4674 .Gragcum
3049 4608 3325 4674 exemplar,
3341 4609 3440 4661 duo
3462 4617 3698 4674 ιιι-αιδη-

2106 4666 2280 4734 tissimi
2304 4667 2455 4714 nostri
2470 4666 2675 4734 _codices
2696 4667 2747 4734 in
2770 4667 2850 4718 die
2872 4667 2972 4734 illa
2989 4668 3170 4734 ﬂetum,
3194 4666 3240 4721 et
3275 4666 3522 4734 planctum
3542 4680 3589 4724 et
3613 4677 3700 4726 de-

2439 4727 2628 4801 simulo
2745 4725 3131 4801 'prtepgsit'ione,
3161 4725 3227 4782 'et
3251 4725 3420 4784 v'ocula
3443 4725 3693 4801 magnum,

2175 4744 2419 4776 tvauonem
2439 4744 2628 4799 flosque
2665 4744 2730 4779 aa
2743 4744 3131 4839 1praem-sulcum
3177 4744 3227 4782 et
3251 4744 3420 4784 vocula
3443 4747 3693 4801 magnum.

2175 4786 2236 4852 (ε)
2273 4787 2472 4860 Excusr,
2504 4805 2527 4833 ι
2551 4789 2708 4860 crede
2793 4793 2838 4840 ei
2879 4791 3029 4840 filium
3045 4795 3281 4860 _l_'u_turuu_t
3315 4797 3694 4860 essejudicem.

2105 4847 2383 4918 ﬁe'cordare
2407 4863 2434 4896 a
2469 4849 2842 4918 _qu0_Episcopo,
2860 4869 2884 4918 ξ
2915 4861 3011 4918 etc.
3045 4854 3196 4904 Nobis
3226 4856 3408 4918 placuit
3437 4847 3692 4911 Veroneu.

2106 4909 2196 4959 Ms.
2223 4911 2384 4982 sequi,
2411 4909 2654 4982 .ad'cujus
2688 4909 2835 4964 mem
2863 4915 2992 4964 haud
3029 4928 3178 4978 pauca
3216 4909 3312 4968 alia
3355 4909 3561 4971 minoris
3576 4909 3692 4971 imo-7

2104 4977 2260 5019 menti
2290 4977 2550 5030 exigimus.

2167 5031 2240 5094 (Γ)
2271 5031 2468 5106 Νίορξᾷο
2492 5034 2902 5106 ᾼῃιὶοώθῃοκθξ
2939 5045 3130 5101 septem
3148 5041 3316 5106 primis
3330 5040 3559 5094 Diaconis
3575 5056 3691 5104 uno,

2103 5092 2349 5166 peresus.
2373 5093 2714 5166 Nicolaitarum
2754 5092 2921 5166 tribuit
2950 5092 3229 5166 constanier
3250 5092 3403 5166 iHier.
3435 5092 3551 5166 quo
3574 5092 3693 5166 cuni

2104 5153 2643 5224 faciunt_'l‘_ertullianus
2663 5157 2728 5208 de
2760 5159 3037 5224 Praescript.
3062 5157 3212 5214 c546.
3250 5153 3478 5213 Irenaeus'
3497 5163 3536 5212 Ι.
3563 5165 3607 5215 1.
3643 5153 3690 5216 c.

2101 5215 2518 5287 27.__1_§pipbattius
2550 5217 2727 5287 haeres.
2759 5220 2842 5287 25.
2878 5215 2984 5287 etcf
3013 5223 3126 5287 Sed,
3151 5224 3372 5287 Ignatius
3394 5223 3601 5287 epistola
3629 5227 3690 5276 ad

2103 5277 2879 5360 ΞῖἓμίὶδθῗθνηρῖδΨέ-Ἠὲῗδθβέτν
2899 5283 3147 5360 δίτοφάηί·
3164 5277 3213 5360 Ε
3224 5321 3235 5360 ε
3248 5277 3688 5360 ,ΕΨιμιιρεωθ

2101 5338 2235 5408 ῌὶει.
2255 5337 2288 5388 ι.
2313 5340 2360 5388 3.
2394 5339 2757 5408 Tbeodoretus,
2777 5343 2979 5408 aliique,
3007 5359 3119 5394 eum
3153 5345 3352 5408 quidem
3385 5357 3416 5393 ι
3437 5337 3690 5398 Niéolaitis

2103 5399 2326 5465 iactatum
2363 5411 2630 5465 auctorem,
2671 5399 2762 5455 sed
2799 5399 2936 5465 fals'o,
2967 5399 3148 5454 eorum
3171 5399 3437 5456 hereseos
3470 5408 3685 5460 tradunt.

2150 5462 2226 5528 eic
2264 5462 2506 5528 vero_l_oci
2544 5462 2744 5526 praestat
2779 5462 3170 5528 animadvertere
3209 5479 3297 5528 pro
3338 5467 3686 5522 Nicolauarum

2099 5524 2300 5592 nomine
2319 5526 2370 5574 in
2387 5524 2508 5592 Mss.
2534 5524 2710 5592 magno
2722 5539 2970 5592 consensu
2993 5525 3167 5592 bab_tj.rt
3202 5524 3574 5592 Neapltytorum,
3603 5534 3687 5582 cui

2100 5590 2262 5654 tamen
2288 5585 2485 5654 lectioni
2507 5585 2733 5637 subs‘titui
2757 5587 3060 5654 velimbanc
3080 5585 3386 5654 Veronensis
3406 5585 3659 5654 archetypi

2098 5629 3601 5717 eimﬁi'ﬁeaniariiiisin-16:23laeseras-rt:
3612 5629 3685 5704 Eii

2148 5708 2434 5778 eliqdorum,
2460 5708 2513 5757 S.
2539 5706 3057 5778 Ep_ipl_tanius,‘A_ttctor
3076 5706 3276 5778 Indiculi
3297 5706 3361 5778 de
3378 5710 3690 5778 Heresibus,‘

2134 5770 2183 5817 ui
2206 5769 2504 5830 Hieronymo
2540 5767 2786 5830 tribuitur,
2826 5774 2878 5816 et
2907 5767 3293 5830 S..Augustinus
3320 5768 3611 5824 haeresi”.
3650 5767 3682 5826 ἑ

2134 5783 2183 5817 ιιι
2206 5781 2393 5819 nteron
2425 5782 2504 5817 mo
2540 5781 2786 5824 trtnuuur,
2826 5781 2878 5816 et
2907 5781 3293 5830 3..Augusunus
3320 5781 3611 5824 narrest't'l.
3650 5789 3682 5826 α

2097 5781 2347 5880 gicolaitis
2379 5783 2582 5891 pritas
2616 5827 2878 5891 deducunt,
2910 5846 2934 5875 ι
2963 5833 3136 5891 etper
3171 5843 3342 5882 eorum
3374 5831 3691 5886 fabulosa‘ti-'

2097 5899 2298 5954 gmenta
2320 5891 2379 5941 ad
2402 5888 2653 5942 colubrum
2674 5888 2930 5941 colendum
2957 5888 3107 5940 fuis'st:
3132 5898 3444 5952 perventum.
3464 5911 3488 5944 ι
