4080 6340
421 324 554 382 1201

421 535 674 602 didicisti,
704 537 792 604 qui
821 535 876 590 in
907 531 1148 588 Ecclesia
1193 538 1246 587 te
1281 532 1543 590 nutritum
1572 544 1695 586 esse
1717 530 1998 600 jactabas?

419 633 532 689 Nisi
567 631 712 703 quod
732 632 788 686 in
821 628 1024 685 eisdem
1061 626 1303 696 epistolis
1325 627 1476 698 iuras
1520 635 1575 682 te
1598 641 1868 696 nunquam
1897 637 1997 695 pu-

420 727 624 793 dicum,
654 735 930 794 nunquam
961 720 1128 778 fuisse
1155 719 1472 776 Diaconut'n.
1503 718 1562 774 Si
1590 733 1787 789 negare
1811 716 1998 776 vo‘luo-

417 819 518 883 ris,
535 832 725 872 manus
750 826 838 870 tua
861 823 914 870 te
942 814 1223 884 redarguet
1247 814 1347 883 ipsi
1369 813 1548 884 apices
1571 812 1995 883 proclamabam,

416 909 625 967 Habeto
653 908 868 964 interitu
892 909 1101 963 lucrum
1131 905 1377 974 sceleris,
1406 922 1518 964 non
1547 920 1768 976 possunt
1789 905 1884 962 tibi
1911 907 1998 960 in-

417 1019 605 1076 gerere
625 1020 742 1074 quae
767 1002 1050 1072 scripsisti.

489 1099 540 1152 8.
583 1097 737 1152 Jaces
765 1098 940 1164 itaque
962 1093 1249 1150 advolutus
1279 1094 1506 1164 genibus
1536 1095 1690 1158 meis,
1716 1095 1791 1165 (18)
1826 1102 1879 1149 et
1907 1093 2001 1150 he-

418 1191 638 1256 minam,
673 1199 730 1242 ttt
759 1191 862 1243 tuis
891 1189 1068 1244 verbis
1099 1199 1237 1250 utar,
1263 1189 1538 1259 sanguinis
1555 1189 1882 1258 deprecaris,
1907 1189 1994 1256 Et,

418 1294 453 1334 0
482 1289 534 1334 te
559 1280 838 1340 miserum,
865 1279 1109 1355 neglecto
1135 1278 1339 1349 judicio
1364 1280 1481 1345 Dei,
1507 1295 1591 1334 me
1612 1289 1819 1333 tantum
1847 1279 1999 1349 quasi

416 1372 684 1425 vindicem
714 1372 898 1425 times!
931 1370 1114 1438 lgnovi
1149 1370 1348 1436 fateor;
1373 1371 1498 1440 quid
1524 1371 1667 1425 enim
1700 1369 1842 1424 aliud
1875 1384 1999 1439 pos-

418 1477 537 1517 sum
582 1446 673 1516 tibi
724 1460 919 1527 facere,
952 1461 1322 1516 Christianus?
1361 1461 1616 1516 Hortatus
1646 1477 1761 1516 sum
1787 1472 1843 1516 tit
1870 1475 1997 1532 age-

416 1573 505 1612 res
535 1557 922 1627 poenit'entiam,
969 1566 1022 1611 et
1069 1556 1121 1610 in
1153 1557 1332 1612 cilicio
1361 1566 1414 1611 et
1443 1556 1623 1611 cinere
1652 1554 1994 1619 volutareris,

416 1659 475 1705 ut
501 1649 840 1704 Solitudinem
868 1659 1101 1720 peteres,
1144 1657 1203 1704 ut
1230 1651 1437 1704 viveres
1477 1649 1528 1702 in
1561 1649 1907 1713 monasterio,
1940 1657 1999 1702 ut

417 1743 513 1798 Dei
546 1745 964 1798 misericordiam
1009 1727 1225 1814 j'ngibus
1265 1743 1516 1814 lacrymis
1545 1744 1883 1813 implorares.
1930 1742 1999 1796 At

416 1844 472 1890 tu
505 1835 655 1889 bonae
695 1837 806 1905 spei
851 1835 926 1907 (b)
957 1837 1227 1900 columen,
1266 1845 1497 1891 excetra:
1526 1836 1758 1890 stimulis
1789 1834 1998 1888 inﬂam-

417 1939 614 1994 matus,
647 1927 814 2002 factus
844 1944 902 1983 es
928 1929 1058 1983 mihi
1091 1931 1142 1982 in
1189 1944 1367 1984 arcum
1399 1944 1728 1997 perversum,
1775 1939 1829 1982 et
1869 1941 1999 1981 con-

416 2031 496 2077 tra
526 2039 610 2078 me
641 2025 1006 2078 conviciorum
1040 2023 1259 2092 sagittas
1285 2023 1438 2095 jacis.
1479 2021 1729 2075 Inimicus
1778 2020 1870 2074 tibi
1915 2018 1996 2072 fa-

415 2124 532 2170 ctus
563 2130 703 2182 sum,
733 2131 857 2169 vera
883 2116 1090 2170 dicens.
1122 2115 1237 2168 Non
1261 2115 1452 2169 dolebo
1481 2111 1574 2186 [aL
1609 2111 1862 2185 doleo].de
1887 2127 1999 2166 ma-

414 2206 654 2270 ledictis;
683 2206 806 2274 quis
837 2208 978 2260 enim
1011 2206 1232 2272 nesciat,
1269 2205 1400 2258 nihil
1430 2205 1530 2259 nisi
1565 2205 1883 2274 ﬂagitiosum
1909 2216 1997 2260 tuo

415 2313 510 2354 ore
535 2298 776 2353 laudari?
813 2295 922 2352 Hoc
960 2297 1176 2368 piango,
1219 2299 1360 2369 quod
1404 2306 1457 2353 te
1487 2300 1600 2368 ipse
1633 2315 1738 2352 non
1773 2299 1995 2368 plangis,

415 2389 555 2460 quod
590 2399 640 2444 te
673 2405 775 2443 non
805 2377 973 2444 sentis
1003 2398 1269 2443 mortuum
1294 2387 1383 2461 [aL
1412 2399 1517 2443 esse
1535 2387 1804 2460 mortuum]
1824 2405 1836 2452 ;
1857 2388 1997 2458 quod

416 2481 566 2549 quasi
596 2480 858 2550 gladiator
901 2483 1116 2549 paratus
1157 2478 1228 2549 (ε)
1277 2480 1572 2550 libithynte,
1628 2480 1678 2534 in
1724 2481 1995 2549 preprium

418 2572 574 2625 {unus
601 2572 828 2624 ornaris.
845 2570 1092 2624 Amiciris
1113 2571 1314 2638 linteis,
1339 2571 1534 2640 digitos
1553 2573 1760 2625 annalis
1783 2587 1994 2638 oneras,

417 2663 606 2718 dentes
634 2665 852 2734 pulvere
886 2665 1034 2730 teris,
1068 2679 1220 2719 raros
1253 2665 1303 2718 itt
1337 2666 1544 2719 rubenti
1580 2665 1808 2719 calvaria
1842 2665 1995 2734 dige-

420 2761 494 2813 ris
519 2760 779 2827 capillos:
804 2760 1010 2812 taurina
1040 2760 1218 2813 cervix
1243 2760 1373 2814 toris
1391 2759 1594 2829 adipeis
1615 2761 1995 2824 intumescens,

422 2867 520 2906 nec
542 2852 659 2920 quia
691 2850 770 2923 (Δ)
806 2861 1024 2920 preptcr
1053 2850 1327 2904 libidinem
1360 2851 1525 2904 fracta
1555 2860 1656 2917 est,
1689 2851 1994 2904 inclinatur.

427 2945 598 3014 Super
623 2945 755 3008 htec,
791 2954 1057 3013 unguenta
1088 2943 1311 3014 fragras,
1334 2943 1508 2998 mutas
1537 2945 1776 3010 balneas,
1807 2956 1857 2998 et.
1880 2962 2001 2999 ean-

420 3046 500 3092 tra
534 3035 875 3092 renascentes
904 3037 1039 3106 pilos
1067 3052 1298 3106 pugnas;
1344 3041 1437 3106 per
1480 3031 1651 3090 forum
1684 3052 1744 3089 ac
1775 3038 1995 3106 plateas,

419 3129 619 3185 nitidus
646 3143 707 3184 ac
740 3129 936 3197 politus
987 3127 1194 3182 am'ator
1232 3125 1458 3183 incedis.
1494 3125 1677 3182 Facies
1704 3127 1999 3182 meretricis

419 3225 556 3296 facta
587 3235 668 3278 est
697 3223 814 3290 tibi,
850 3222 1026 3278 nescis
1055 3222 1396 3277 erubescere.
1448 3222 1774 3276 Convertere
1822 3221 1986 3274 miser

420 3316 489 3370 ad
520 3314 820 3380 Dominum,
852 3322 909 3368 ut
930 3311 996 3367 ad
1015 3319 1066 3367 te
1091 3313 1346 3390 Dominus
1368 3321 1729 3367 convertatur.
1749 3313 1860 3380 Age
1888 3325 1998 3378 poe-

421 3409 720 3472 nitentiam,
746 3403 803 3460 ut
828 3413 880 3460 et
907 3403 995 3460 ifl’e
1019 3405 1140 3474 agat
1165 3399 1531 3474 paenitentiam
1549 3403 1711 3473 su'p‘er
1791 3395 1999 3476 1092

423 3499 668 3555 omnibus
700 3509 819 3566 qua:
850 3495 1062 3550 locutus
1086 3504 1165 3550 est
1195 3496 1345 3550 malis
1375 3505 1432 3550 ut
1457 3494 1659 3550 taceret
1681 3495 1794 3549 tibi.

494 3588 546 3643 9.
589 3587 726 3657 Quid
752 3588 990 3658 neglecto
1019 3587 1240 3640 vulnere
1265 3584 1480 3654 proprio
1508 3627 1522 3649 ,
1551 3585 1686 3639 alios
1713 3586 1900 3641 niteris
1922 3586 2002 3639 in-

425 3679 819 3747 fama‘re?Quid
865 3695 949 3733 me
980 3678 1116 3734 bene
1162 3677 1254 3730 tibi
1310 3686 1364 3731 et
1387 3677 1580 3732 sedulo
1608 3679 1998 3742 consulentem,

426 3772 576 3844 quasi
610 3771 954 3840 phreneticus
973 3783 1153 3822 morsu
1183 3769 1293 3822 lace
1314 3767 1439 3822 ras?
1461 3761 1610 3832 Esto,
1645 3779 1742 3837 ego
1771 3765 2001 3836 ﬂagitio-

426 3880 516 3918 sus
549 3865 674 3928 sim,
701 3872 762 3914 ut:
787 3861 950 3929 vulgo
982 3860 1213 3929 jactitas,
1245 3859 1440 3912 saltem
1468 3869 1677 3912 mecum
1702 3873 1798 3929 age
1830 3859 2003 3926 poeni-

428 3959 676 4022 tentiam;
703 3956 1042 4015 criminosus.
1066 3953 1142 4025 (e)'
1163 3962 1217 4006 ul
1243 3952 1484 4018 simulas,
1515 3952 1723 4006 imitare
1741 3953 2004 4023 lacrymas

426 4050 721 4105 criminosi.
764 4046 907 4102 Num,
940 4057 1064 4100 mea
1089 4049 1304 4114 peccata
1349 4045 1572 4097 virtutes
1605 4053 1704 4096 tu:e
1737 4047 1893 4098 sunt?
1927 4047 2004 4098 An

426 4145 690 4200 malorum
725 4151 935 4197 tuorum
968 4146 1124 4209 putas
1154 4139 1425 4204 solatium,
1457 4139 1500 4191 si
1533 4139 1727 4192 multos
1753 4139 1827 4193 ttti
1854 4139 2008 4192 simi-

429 4237 508 4292 les
534 4236 770 4290 habeas?
793 4235 988 4288 Fluant
1020 4231 1292 4303 paululum
1319 4230 1386 4286 de
1409 4231 1577 4286 oculis
1595 4231 1843 4301 iacrymm
1871 4232 2008 4286 inter

426 4329 655 4384 sericum
686 4338 741 4384 et
765 4328 1103 4390 linteamina,
1128 4325 1320 4395 quibus
1350 4323 1445 4378 tibi
1475 4324 1673 4378 videris
1705 4323 1934 4393 l'ulgidus
1955 4333 2010 4380 et

427 4420 728 4487 formosus;
761 4419 996 4486 intellige
1025 4427 1076 4472 te
1103 4415 1328 4477 nudum,
1378 4416 1734 4478 conscissam,
1767 4413 2008 4468 sordida-

430 4524 535 4569 tum
566 4512 658 4588 [aL
708 4510 1016 4584 sordidum],
1062 4510 1478 4566 medicantem.
1512 4507 1578 4580 (ι’)
1607 4507 1885 4578 Nunquam
1927 4517 2010 4564 est

495 4624 556 4689 (α)
595 4626 675 4689 Sic
712 4627 984 4689 legendum
1022 4625 1213 4689 videtur
1256 4624 1315 4689 ad
1365 4623 1666 4689 Veronensis
1713 4622 2010 4689 exemplaris

426 4684 569 4736 ﬁdem
604 4684 859 4743 Iientinam,
885 4701 981 4736 non
1021 4684 1075 4735 ut!
1110 4687 1253 4748 vulgo
1288 4685 1779 4748 bactenus_obtinuit,
1819 4684 2010 4748 miseri-

428 4749 660 4799 cordiam.
701 4748 789 4798 Est
825 4757 986 4796 autem
1025 4743 1222 4796 hemina
1257 4758 1485 4793 mensura
1522 4743 1627 4793 fere
1665 4749 1877 4793 omnium
1918 4747 2008 4794 mi-

429 4814 709 4873 nima,qugae
731 4811 938 4873 sextarii
956 4809 1150 4857 dimidia
1175 4821 1285 4869 pars
1311 4815 1403 4853 est.
1436 4805 1490 4854 Ei
1528 4805 1830 4873 Sabinianus,
1852 4809 1933 4873 qui
1961 4816 2012 4858 ct

428 4868 745 4934 nmrgi'dit‘hts,
785 4869 1029 4934 pallidus,
1057 4876 1102 4919 et
1127 4868 1372 4934 exanguis
1405 4879 1560 4934 ξιιμ-ιι
1594 4868 1782 4924 dicitur,
1823 4868 1879 4916 ad
1906 4882 2010 4918 mo-

429 4931 641 4983 vendam
657 4930 952 4994 HierOnymo
976 4931 1369 4994 misericordiam,
1395 4930 1682 4994 sanguinem
1707 4943 1861 4994 suurn
1879 4943 2010 4994 εφιιι-

447 5005 580 5052 iurat,
602 4987 946 5058 pretiumvitze
976 5006 1208 5058 perquam
1235 4987 1689 5058 exiguunt.'Simi_l_e
1716 4997 1792 5038 est
1815 4989 1929 5058 illud
1962 4993 2012 5042 in

431 5010 580 5098 parat,
602 5010 812 5058 pretium
836 5010 946 5043 Vlla:
976 5010 1208 5056 perquam
1235 5010 1484 5058 exiguum.
1519 5010 1689 5039 amitte
1716 5010 1792 5038 (τδι
1817 5010 1929 5038 utuu
1962 5010 2010 5042 ιιι

431 5059 712 5120 Scripturis,
747 5056 912 5120 folittm
947 5056 1072 5120 quod
1100 5059 1479 5120 contemnitur,
1504 5061 1598 5101 etc.
1632 5050 1814 5120 Yocem
1838 5053 2010 5102 obscu-

429 5113 622 5168 riorérn,
654 5113 917 5166 aut'mi'ntts
939 5113 1128 5178 obviam
1154 5129 1192 5163 c:
1209 5114 1310 5178 itici_
1329 5113 1668 5174 depravarunt.

496 5181 568 5242 (b)
604 5179 912 5230 Cisterciens.
949 5175 1163 5242 coluber,
1186 5175 1312 5238 quod
1347 5187 1523 5242 nomen
1564 5176 2013 5242 seqttenti‘contcx-

434 5237 514 5292 tui'
551 5237 704 5297 magis
739 5244 998 5289 concinere
1038 5237 1311 5297 videbatur,
1359 5239 1448 5286 nisi
1496 5237 1677 5285 ironice
1716 5237 1916 5296 dicitur,
1959 5244 2013 5287 ut

435 5297 742 5413 innPasc'hal.
778 5301 826 5350 2.
863 5313 995 5350 num.
1041 5299 1089 5362 Ἰ.
1136 5300 1382 5364 Origenes
1425 5297 1641 5348 columen
1675 5297 1884 5348 veritatis
1926 5312 2012 5360 ap-

435 5379 496 5413 ne
538 5374 658 5413 atur.

453 5366 658 5414 reﬂatur.

434 5380 874 5490 Ῠὶεῶᾞὲνρθῐειη
891 5422 1083 5488 quidam
1117 5421 1228 5490 Mss.
1266 5420 1478 5490 etiam.
1513 5421 1837 5490 Innuitenim
1871 5422 2012 5490 fune-

436 5483 561 5538 bres'
587 5483 741 5546 ludos,
778 5483 955 5548 quibus
992 5492 1183 5534 certare
1217 5485 1271 5548 in
1303 5483 1552 5548 funeribus
1591 5484 1880 5548 Optimatunt
1914 5485 2014 5546 gla-

435 5551 651 5613 diatores
681 5545 1055 5613 olim—solebant,
1084 5559 1204 5607 quos
1227 5545 1698 5613 Cicerp‘iiustuarios
1720 5545 1948 5613 appellat.

501 5611 577 5676 (ά)
615 5612 722 5676 Duo
746 5611 859 5676 hch
887 5609 1032 5658 verba
1069 5605 1260 5676 propter
1292 5605 1539 5676 libidinem
1577 5605 1805 5676 absunt'a
1837 5607 2014 5658 Cister—

439 5669 591 5724 ciensi
617 5673 756 5730 libro,
779 5672 861 5734 qui
887 5683 994 5734 mox
1022 5669 1269 5734 unguentis
1292 5669 1438 5734 habet
1463 5681 1547 5734 pro
1571 5675 1825 5731 unguenta.

524 5736 564 5787 el
609 5729 1053 5784 ltlem’r'riminosns
1076 5729 1196 5787 sum,
1225 5737 1278 5778 ut
1299 5729 1563 5780 insimulas.

524 5751 547 5785 ρ
609 5736 740 5784 Idem
766 5735 1053 5781 criminosus
1076 5743 1196 5787 sum,
1225 5737 1278 5778 ut
1299 5735 1563 5780 insimulas.
1657 5739 1660 5744 ‘

502 5735 583 5862 iri
610 5797 872 5862 Cyprianus
912 5798 1052 5862 epist.
1092 5792 1149 5862 ad
1186 5792 1566 5862 Demetrianum,
1600 5807 1622 5838 ι
1644 5791 1702 5846 In
1735 5795 1830 5846 isto
1860 5792 2014 5845 adhuc

443 5854 618 5911 mundo
640 5854 855 5911 manenti
878 5854 1162 5920 poenitentia
1183 5854 1312 5906 nulla
1333 5868 1446 5907 sera
1469 5862 1562 5916 est.
1582 5869 1606 5900 ι

1726 317 2054 382 EPISTULA
2091 323 2345 382 CXLVI}.

421 458 529 500 non
557 432 742 499 dicam‘
765 435 1054 513 loqui,'sed
1080 433 1222 498 scire
1259 439 1538 510 potuisset
1558 438 1664 499 Ubi
1693 439 1856 495 miser
1885 441 1984 495 ista
2048 436 2051 437 ⁷

3555 345 3582 401 1
3591 344 3698 404 202

2095 447 2214 496 sera
2243 441 2580 512 poenitentia;
2611 447 2866 517 quamvis
2891 449 2960 509 de
2989 451 3344 528 Jerosolymis'
3373 447 3690 518 descende-

2102 532 2199 600 ris,
2229 531 2283 589 et
2307 534 2384 590 sis
2411 536 2466 590 in
2493 537 2686 595 itinere
2707 541 3037 612 vulneratus,
3066 544 3193 602 inde
3223 555 3274 602 te
3306 546 3682 609 Samaritanus

2102 625 2412 696 impositum
2427 628 2690 698 jumento,
2721 637 3123 708 curandumque
3153 637 3219 694 ad
3243 633 3510 697 stabulum
3540 644 3681 700 refe-

2101 727 2206 773 ret.
2237 718 2344 774 Sed
2369 730 2425 776 et
2450 722 2495 776 si
2520 732 2762 779 mortuus
2783 727 2932 795 jaces
2963 726 3055 804 [aL
3088 729 3293 807 jaceat]
3322 728 3374 789 in
3405 727 3682 808 sepulcro,

2103 817 2281 866 tamen
2307 821 2360 867 et
2388 812 2664 870 faetentem
2701 817 2957 876 Dominus
2984 819 3285 881 suscitabit'.
3327 818 3548 885 im‘itare
3571 823 3684 885 sal-

2102 914 2210 962 tem
2235 921 2411 963 caecos
2437 910 2577 977 illos,
2609 919 2825 981 propter
2853 927 2986 982 quos
3009 913 3255 974 Salvator
3284 917 3558 979 dimittens
3584 923 3689 978 do-

2102 1008 2248 1054 mum
2273 1015 2422 1054 snam
2447 1001 2500 1057 et
2533 1003 2896 1058 haereditatem
2928 1021 3099 1076 suam,
3137 1007 3355 1066 Jericho
3387 1016 3551 1068 venit.
3583 1011 3688 1070 Se'-

2104 1091 2352 1146 dentibus
2375 1093 2428 1146 in
2453 1090 2690 1149 tenebris
2713 1103 2767 1149 et
2796 1088 2982 1150 umbra
3013 1099 3201 1154 mortis
3230 1102 3317 1156 lux
3346 1097 3459 1158 orta‘
3483 1101 3564 1161 esi
3583 1105 3684 1174 eis,

2103 1184 2206 1252 Qui
2237 1185 2519 1255 poSlquam'
2546 1185 2828 1256 praeterire
2857 1185 3139 1245 Dominum
3169 1194 3564 1265 co'gnoviSSen‘t,
3590 1207 3686 1254 ce-

2102 1285 2298 1346 perunt
2320 1279 2573 1347 clamare,
2597 1277 2872 1338 dicentes:
2904 1281 3013 1338 Fili
3037 1277 3224 1354 David,
3246 1289 3477 1345 miserere
3499 1269 3684 1347 nostri.

2101 1367 2308 1423 Poteris
2334 1375 2388 1423 et
2415 1378 2470 1424 tu
2498 1371 2700 1437 videre,
2723 1375 2766 1427 si
2796 1372 3034 1440 clames;
3067 1373 3113 1429 s'i
3139 1373 3340 1432 accitus
3365 1371 3430 1433 ab
3457 1387 3539 1445 eo,
3563 1395 3684 1436 sor-

2100 1459 2223 1514 dida
2248 1462 2566 1517 vestimenta
2586 1465 2856 1534 projicias.
2883 1463 2965 1538 (gi
2983 1465 3111 1522 Cum
3138 1484 3406 1523 conversus
3425 1471 3686 1542 ingemue-

2099 1553 2193 1618 ris,
2219 1561 2337 1607 tunc
2357 1555 2527 1608 salvas
2556 1557 2674 1621 en's,
2720 1565 2767 1610 et
2796 1567 2912 1612 tunc
2952 1560 3079 1614 scies
3105 1560 3191 1614 ubi
3219 1560 3378 1634 fueris
3405 1561 3560 1633 (Isai.
3593 1563 3685 1620 50.

2102 1643 2216 1715 15).
2249 1644 2452 1713 Tangat
2496 1646 2655 1702 modo
2685 1649 2961 1704 cicatrices
2995 1655 3132 1718 tuas,
3179 1661 3470 1722 pertractet
3520 1647 3684 1712 lumi-

2101 1739 2228 1791 num
2277 1739 2546 1809 quondam
2592 1746 2800 1794 tuorum
2835 1735 3077 1812 vestigia”.
3128 1742 3281 1800 Licet
3325 1745 3392 1800 ab
3423 1753 3579 1801 utero
3609 1748 3689 1804 sic

2101 1833 2310 1900 genitus
2346 1832 2441 1899 sis,
2481 1835 2536 1888 et
2578 1833 2629 1888 in
2661 1833 2872 1891 delictis
2899 1838 3208 1906 conceperit
3257 1839 3308 1893 te
3354 1847 3527 1894 mater
3571 1850 3685 1907 tua,

2102 1938 2346 1995 aspergat
2379 1937 2428 1981 te
2462 1928 2712 1998 hyssopo,
2764 1939 2816 1984 et
2865 1925 3210 1986 mu’ndaheris
3241 1950 3253 1986 :
3282 1931 3479 1988 lavabit
3525 1941 3595 2000 te,
3632 1931 3689 1989 et

2101 2036 2261 2090 super
2289 2020 2462 2076 nivem
2487 2022 2844 2078 dealbaberis.
2872 2025 3009 2091 Quid
3030 2023 3279 2080 incurvus
3305 2025 3459 2082 terrae
3488 2026 3684 2095 haeres,

2101 2122 2154 2166 et
2183 2117 2323 2168 totus
2359 2115 2410 2168 in
2439 2127 2594 2170 coeno
2633 2117 2817 2183 jaces?
2850 2117 2938 2170 Illa
2971 2133 3129 2187 quam
3158 2117 3342 2173 decem
3366 2126 3420 2173 et
3441 2125 3562 2174 octo
3583 2134 3683 2174 an-

2102 2206 2185 2260 nis
2213 2203 2436 2261 Satanas
2480 2208 2744 2272 vinxerat,
2794 2215 3074 2278 postquam
3121 2226 3150 2264 a
3181 2208 3456 2265 Salvatorc
3501 2209 3688 2266 curata

2101 2305 2199 2363 est,
2230 2299 2426 2352 caelum
2469 2306 2647 2352 erecta
2695 2299 2954 2368 suspexit.
2989 2297 3144 2366 Quod
3190 2293 3260 2354 ad
3306 2286 3433 2355 Cain
3484 2299 3687 2354 dictum‘

2101 2398 2203 2454 est,
2232 2390 2328 2444 tibi
2357 2389 2554 2444 dictum
2587 2399 2731 2460 puta,
2769 2389 2844 2462 (1)
2871 2391 3125 2460 Ρεεεαιιιί,
3158 2393 3354 2462 quiesce
3389 2381 3594 2462 (Cenes.
3627 2395 3683 2448 4.

2102 2481 2226 2548 15)ε
2255 2481 2389 2548 Quid
2420 2481 2631 2551 longius
2656 2482 2864 2537 recedis
2901 2497 2930 2536 a
2961 2483 3096 2538 lacie
3124 2483 3238 2548 Dei,
3285 2492 3338 2538 et
3382 2484 3587 2538 habitas
3633 2485 3687 2538 in

2104 2579 2240 2627 terra
2270 2574 2346 2644 (lt)
2375 2573 2545 2628 Naid?
2570 2574 2704 2642 Quid
2736 2583 2878 2630 totus
2901 2576 2952 2629 in
2979 2577 3092 2629 salo
3115 2575 3357 2653 fiuctuas,
3375 2591 3472 2632 nec
3494 2578 3686 2631 statuis

2101 2678 2260 2734 Supra
2310 2675 2515 2735 petram
2566 2669 2756 2736 pedem
2806 2669 2990 2722 tuum?
3071 2667 3278 2742 1093
3355 2669 3495 2724 Cave
3529 2685 3594 2724 ne
3637 2679 3689 2724 te

2101 2759 2331 2814 Phinees
2362 2775 2480 2814 cum
2515 2760 2854 2816 Madianiti‘de
2887 2762 3233 2816 fornicantem
3267 2763 3328 2833 (i)
3369 2764 3690 2817 seiromaste

2100 2852 2346 2921 conligat.
2381 2852 2518 2918 Quid
2553 2864 2832 2922 postquam
2861 2852 3094 2907 Thamar
3131 2853 3393 2923 virginem
3434 2852 3600 2908 frater
3632 2865 3690 2909 et

2101 2945 2529 3014 consanguineus
2553 2946 2815 3014 polluisti,
2840 2959 3028 2999 versus
3051 2946 3100 2999 itt
3129 2947 3403 3009 Absalom,
3438 2945 3687 3000 occidero

2101 3045 2224 3091 eum
2253 3038 2423 3106 cupis,
2456 3037 2547 3106 qui
2592 3047 2643 3092 te
2673 3038 3024 3092 rebellantem
3054 3038 3255 3107 plangit
3295 3045 3348 3092 et
3379 3038 3690 3091 mortuum?

2100 3126 2307 3182 Clamat
2337 3137 2520 3182 contra
2557 3136 2608 3183 te
2633 3129 2848 3199 sanguis
2871 3127 3165 3182 Nabuthae:
3201 3137 3254 3182 et
3274 3128 3428 3182 vinea
3458 3127 3686 3195 Jezrael,

2101 3219 2203 3273 hoc
2250 3226 2352 3285 est,
2395 3220 2599 3274 sentinis
2631 3216 2760 3283 Dei;
2791 3225 2949 3290 quam
3002 3221 3055 3273 in
3088 3219 3299 3274 hortum
3332 3221 3685 3289 voluptatum,

2101 3311 2333 3366 lascivia:
2360 3312 2502 3366 olera
2535 3309 2876 3376 convenisti,
2900 3312 3114 3381 dignam
3141 3309 3207 3365 de
3241 3321 3290 3367 te
3321 3311 3580 3367 ultionem
3603 3327 3692 3367 rc-

2103 3406 2295 3475 poscit.
2324 3404 2550 3458 Mittitur
2568 3403 2662 3460 tibi
2691 3405 2858 3469 Elias,
2890 3413 3158 3460 tormenta
3181 3413 3234 3460 et
3254 3403 3530 3461 interitum
3555 3419 3692 3461 nun-

2104 3498 2260 3551 tians.
2296 3496 2598 3562 Incurvare,
2628 3507 2682 3552 et
2707 3511 2862 3551 sacco
2901 3498 3101 3552 vestire
3130 3497 3422 3567 paulisper,
3453 3495 3508 3552 et'
3546 3495 3612 3552 de
3639 3492 3698 3551 te

2103 3590 2298 3657 poterit
2318 3590 2492 3643 dicere
2515 3589 2656 3641 Deus
2682 3606 2694 3641 :
2732 3585 2933 3650 Vidisti,
2953 3587 3072 3654 quia
3092 3588 3328 3639 reveritus
3350 3587 3503 3657 fuerit
3520 3585 3691 3640 Achab

2104 3695 2138 3732 α
2156 3680 2287 3748 facie
2310 3679 2455 3730 utea?
2476 3677 2598 3730 Non
2638 3677 2976 3747 superdncam
3015 3673 3265 3730 malitiam
3302 3677 3355 3730 in
3381 3676 3554 3730 diebus
3583 3677 3694 3748 ejus

2105 3769 2184 3837 (δ.
2211 3768 2337 3838 Reg.
2367 3767 2459 3820 ει.
2491 3767 2606 3836 29).

2179 3861 2265 3914 to.
2307 3859 2409 3914 Sed
2442 3859 2575 3915 forte
2613 3859 2868 3913 blandiris
2898 3859 3021 3925 tibi,
3053 3853 3196 3930 quod
3221 3871 3252 3914 a‘
3283 3851 3376 3915 tau
3413 3849 3688 3930 Episcopo-

2107 3952 2369 4006 Diaconos
2389 3949 2662 4004 ordinatus
2685 3965 2760 4003 es.
2785 3947 2901 4002 Jam
2929 3951 3172 4018 superius
3195 3951 3324 4013 dixi,
3351 3949 3450 4005 nec
3475 3957 3682 4020 patrem

2109 4043 2204 4112 pro
2232 4041 2359 4105 ﬁlio,
2385 4053 2483 4095 nec
2509 4038 2671 4092 ﬁlium
2699 4051 2794 4108 pro
2825 4049 2972 4108 patre
3001 4037 3191 4108 puniri.
3213 4041 3398 4094 Anima
3415 4041 3548 4094 enim
3569 4045 3684 4109 ante

2109 4132 2382 4202 peccaverit
2404 4172 2416 4194 ,
2443 4129 2558 4199 ipsa
2584 4130 2826 4182 morietur
2855 4127 3062 4198 (Ezeclr.
3098 4127 3185 4186 18.
3219 4131 3312 4200 4).
3367 4127 3433 4186 Et
3474 4127 3696 4187 Sa'muet

2110 4221 2289 4276 habuit
2316 4221 2451 4274 ﬁlios
2471 4221 2560 4290 qui
2582 4227 2926 4275 recesserunt
2951 4227 2982 4274 a
3007 4222 3198 4276 timore
3227 4222 3340 4288 Dei,
3365 4233 3418 4277 et
3444 4217 3691 4278 abierunt

2111 4321 2229 4382 post
2258 4311 2536 4365 avaritiam
2565 4320 2618 4365 ct
2646 4311 2998 4380 iniquitatem.
3035 4311 3101 4366 Et
3128 4311 3245 4368 Heli
3277 4312 3542 4369 Sacerdos
3565 4329 3689 4368 san-

2110 4412 2228 4458 ctus
2253 4400 2380 4467 fuit;
2413 4401 2505 4458 sed
2553 4401 2738 4455 habuit
2787 4401 2959 4467 ﬁlios,
2993 4404 3104 4472 qtti,
3139 4413 3196 4458 ut
3241 4403 3296 4456 in
3341 4403 3696 4458 Hebrteoruur

2111 4496 2180 4564 (b)
2209 4494 2480 4549 volumine
2510 4494 2735 4562 legimus
2756 4534 2771 4561 ,
2800 4491 3201 4548 fornicabant-ur
3225 4507 3358 4548 cum
3376 4493 3688 4550 mulieribus

2175 4611 2252 4689 (gi
2282 4623 2466 4674 Recole
2485 4636 2596 4687 qua:
2621 4623 2670 4672 in
2694 4625 2835 4685 epist.
2866 4623 2974 4672 122.
2997 4623 3056 4673 ad
3079 4623 3326 4675 Rusticum
3345 4625 3410 4676 de
3433 4625 3525 4676 hoc
3551 4626 3692 4680 Isaiae

2111 4687 2216 4737 l'oco
2238 4688 2466 4735 diximus.

2127 4697 2216 4737 loco
2238 4697 2466 4735 dtxmttts.

2176 4750 2248 4809 (It)
2285 4750 2366 4797 Sic
2388 4749 2437 4795 in
2467 4749 2636 4798 Graeco
2659 4744 2926 4812 appellatur
2951 4755 3098 4812 terra,
3125 4761 3268 4812 quau}
3291 4748 3405 4798 Cain
3437 4749 3698 4812 habitavit,

2115 4807 2364 4871 pOSIquatn
2399 4822 2630 4870 egressus
2655 4807 2742 4871 est
2766 4820 2793 4855 a
2833 4807 2952 4871 facie
2987 4807 3193 4857 Domitii.
3221 4810 3358 4859 Hier.
3383 4813 3435 4861 in
3463 4807 3695 4864 Ezechiei

2116 4868 2197 4937 t6.
2223 4868 2260 4937 ﬁt
2283 4868 2454 4937 Ejecti‘
2473 4871 2537 4918 de
2581 4870 2808 4937 Paradiso
2843 4868 3093 4937 ﬁrmitatis,
3141 4872 3358 4937 habitant
3399 4875 3452 4922 ur
3485 4876 3692 4937 regione

2113 4932 2252 5002 Naid,
2277 4946 2385 4994 quae
2410 4933 2757 4994 interpretatur
2780 4932 3046 4991 ﬂuctuatio,
3068 4951 3090 4977 ι)
3121 4941 3217 4982 etc.
3243 4934 3370 4985 Olim
3390 4932 3569 4987 vitiosé
3585 4941 3694 4988 erat

2114 5003 2268 5043 Narin.

2182 5054 2238 5118 (ἱ)
2279 5053 2510 5117 Plerique
2551 5055 2670 5118 editi
2709 5069 2796 5105 sua
2835 5055 3002 5117 Itasia,
3038 5055 3116 5104 alii
3151 5071 3258 5108 sero
3279 5059 3431 5109 hasta.
3492 5059 3696 5110 Scilicet

2114 5116 2348 5182 rat‘iyretn
2374 5116 2542 5165 vocem
2567 5116 2882 5182 Seirontasta,
2925 5116 3068 5182 quam
3091 5119 3291 5182 minime
3328 5119 3691 5182 intelligebant,

2117 5179 2271 5228 critici
2296 5187 2630 5239 corruperunt.
2688 5177 2788 5229 Nos
2823 5177 3182 5230 etiiendavimus
3205 5177 3270 5230 ex
3294 5195 3390 5229 uno
3412 5177 3692 5238 VeFonensi

2116 5239 2206 5288 Ms.
2247 5254 2356 5289 cum
2390 5247 2630 5302 prieterea
2649 5249 2855 5307 constet
2877 5255 3112 5307 0'ch
3146 5256 3173 5289 a
3203 5240 3344 5289 LXX.
3369 5240 3570 5303 apellari
3594 5240 3698 5307 lau-

2116 5313 2271 5364 ceam,
2298 5317 2388 5364 qua
2414 5308 2626 5351 scortum
2649 5303 3005 5353 Madiauitidem
3025 5303 3238 5350 Phincos
3259 5306 3694 5364 transverberavit.

2115 5363 2226 5411 Vid.
2256 5362 2334 5425 ep)
2368 5364 2468 5430 ιω.
2494 5379 2542 5412 n.
2568 5365 2614 5412 ὅ.
2664 5366 2776 5430 Legi
2801 5367 2935 5430 enim
2964 5364 3268 5430 scirovnasten
3296 5362 3512 5430 Phineas.
3580 5363 3696 5412 Mox

2117 5421 2313 5488 quoque
2340 5428 2508 5474 vitiose
2536 5435 2640 5477 erat
2662 5429 2709 5477 in
2724 5421 2941 5488 "vulgatis
2964 5423 3054 5484 Qui
3072 5421 3180 5484 plus
3204 5436 3348 5484 quam
3373 5424 3577 5473 Thamar
3602 5439 3692 5487 pro

2118 5485 2247 5548 Quid
2265 5494 2506 5548 postquam
2530 5497 2582 5537 ut
2605 5489 2723 5537 Ver.
2751 5485 3032 5549 em'endat.‘
3087 5535 3110 5549 Δ

2185 5544 2436 5611 (lentea
2472 5555 2575 5598 erat
2613 5549 2954 5611 voluminibus.
3002 5544 3110 5593 Sed
3140 5557 3203 5593 ne
3244 5546 3698 5611 putes__apocrypha

2119 5606 2338 5674 quidam
2361 5612 2656 5674 comminisci
2675 5646 2701 5674 ,_
2729 5611 2841 5674 ideo
2862 5606 3184 5674 _Hebl;tnoru_m
3210 5606 3466 5674 compellat
3489 5606 3701 5674 auctori,-

2120 5666 2272 5746 tatetn
2290 5709 2303 5730 ,
2325 5673 2452 5746 quod
2478 5671 2524 5718 in
2552 5669 2730 5746 g‘rmci‘s
2767 5669 2907 5746 libris
2925 5703 2970 5746 ,Δ
2983 5666 3268 5746 Latinisque
3303 5666 3417 5746 inde
3449 5670 3702 5730 expressis

2118 5734 2223 5784 hic:
2245 5724 2307 5781 de
2333 5724 2535 5781 filiorum
2556 5724 2669 5778 Heli
2694 5724 3007 5778 fornicatidtte
3028 5743 3124 5778 non
3148 5724 3467 5777 haberentur.

2183 5796 2253 5854 (t)
2288 5793 2395 5854 Via.
2423 5807 2529 5854 sup.
2558 5791 2709 5851 Epist.
2737 5794 2827 5842 sub
2850 5802 2982 5840 num.
3009 5788 3062 5842 C.
3087 5790 3237 5853 inque
3265 5790 3395 5842 hunc
3429 5789 3702 5852 Scriptura

2119 5853 2279 5907 locum
2299 5853 2510 5905 adnotat.
2535 5859 2764 5904 nostram.
