4080 6340
442 305 583 365 1203

439 424 495 478 in
520 420 871 478 tabernaculo
899 418 1028 485 Dei,
1056 425 1110 473 et
1153 418 1208 473 in
1253 415 1659 472 similitudinem
1706 414 1822 482 tui,
1851 415 2025 484 impu-

435 520 628 576 denter
653 515 756 572 sibi
785 515 878 570 Dei
910 511 1263 568 ministerium
1295 508 1635 565 vindicabant
1679 508 1754 578 (l.
1787 506 1916 579 Reg.
1946 508 2021 576 8).

434 609 591 668 Unde
619 618 672 664 et
699 609 850 663 locus
875 603 1202 660 tabernaculi
1239 604 1351 674 ipse
1381 602 1670 656 subversus
1697 608 1780 656 est
1807 610 1860 653 et
1892 614 2020 669 pro-

435 716 554 777 pter
595 703 718 757 vitia
746 700 1096 756 Sacerdotum
1124 697 1248 764 Dei,
1280 696 1636 750 sanctuarium
1658 733 1674 760 ,
1706 693 2023 748 destitutum

435 786 517 855 est
547 797 655 866 [aL
681 796 1044 858 destructum].
1074 791 1386 860 Quanquam
1416 797 1470 842 et
1499 788 1612 856 ipse
1642 786 1758 841 Heli
1786 785 1911 840 dum
1940 792 2025 840 est

434 889 659 944 nimium
703 887 840 940 lenis
885 885 936 938 in
984 883 1143 948 filios,
1187 879 1410 935 olIendit
1455 879 1660 944 Deum;
1707 885 2021 947 tantumque

433 982 622 1048 abest,
653 989 710 1034 ut
740 987 790 1033 te
815 976 991 1032 valeat
1031 973 1282 1044 Episcopi
1312 971 1388 1027 tui
1425 969 1636 1042 justitia
1667 969 1931 1035 liberare,
1962 976 2023 1023 ut

431 1073 731 1131 timendum
776 1073 882 1139 sit,
927 1085 994 1126 ne
1033 1076 1250 1139 propter
1278 1076 1330 1121 te
1367 1064 1438 1120 de
1465 1063 1604 1120 solio
1631 1077 1730 1118 suo
1759 1075 2022 1117 corruens

432 1168 503 1237 (a)
529 1173 812 1237 ὄπισθοτόνῳ
836 1171 1020 1234 pereat
1049 1158 1350 1216 insanabili.
1367 1156 1424 1213 Si
1446 1155 1556 1213 Oza
1584 1155 1801 1211 Levites
1825 1155 2020 1210 Arcam

433 1258 686 1325 Domini,
710 1272 871 1328 quam
903 1263 1117 1325 portare
1145 1253 1257 1322 ipse
1285 1250 1564 1317 debuerat,
1595 1247 1747 1319 quasi
1776 1256 2019 1301 ruentem

430 1359 736 1405 sustentare
766 1347 965 1414 voluit,
995 1356 1049 1402 et
1073 1357 1360 1415 percussus
1389 1349 1472 1398 est
1499 1357 1515 1394 :
1544 1340 1671 1411 quid
1702 1340 1768 1394 de
1800 1347 1855 1394 te
1882 1338 2021 1392 futu-

431 1455 608 1498 turum
642 1453 818 1512 putas,
843 1441 936 1512 qui
962 1448 1193 1494 stantem
1215 1439 1408 1492 Arcam
1440 1434 1650 1489 Domini
1685 1432 2020 1502 praecipitare

429 1547 654 1591 conatus
683 1537 780 1590 es?
807 1535 1016 1602 Quanto
1040 1531 1210 1601 magis
1239 1530 1539 1600 Episcopus
1565 1527 1655 1597 qui
1684 1535 1734 1580 te
1755 1523 2021 1579 ordinavit

431 1627 724 1699 probabilis
751 1635 835 1680 est
856 1667 870 1687 .
905 1633 1050 1677 tanto
1079 1633 1131 1676 tu
1158 1621 1386 1690 amplius
1413 1616 1791 1682 detestandus,
1819 1616 1906 1686 qui
1941 1623 2019 1668 ta-

430 1719 536 1773 lcm
571 1718 843 1772 hominem
874 1714 1129 1770 fefellisti.
1162 1711 1410 1768 Solemus
1437 1711 1574 1765 mala
1603 1708 1796 1764 domus
1818 1716 2017 1763 nostra:

428 1811 568 1866 scire
597 1809 894 1872 novissimi,
919 1824 982 1864 ac
1005 1807 1292 1862 liberorum
1321 1815 1373 1860 et
1398 1805 1686 1875 eonjugum
1713 1804 1863 1867 vitia,
1889 1801 2019 1856 vici-

425 1905 512 1958 nis
556 1902 906 1963 canentibus,
941 1901 1208 1970 ignorare.
1251 1897 1482 1952 Noverat
1527 1905 1578 1951 te
1624 1894 1801 1950 omnis
1845 1894 2013 1948 Italia.

423 1995 670 2052 Universi
705 2005 757 2050 te
785 1979 930 2050 stare
961 2001 1084 2047 ante
1111 1993 1279 2046 altare
1322 1990 1522 2045 Christi
1565 1984 2012 2058 ingemiscebant.

423 2085 537 2142 Nec
562 2098 616 2141 tu
641 2096 746 2141 tam
774 2085 1000 2140 callidus
1025 2099 1165 2148 eras,
1249 2080 1461 2155 1095
1533 2088 1590 2134 ut
1613 2078 1902 2150 prudenter
1929 2088 2017 2133 tua

423 2180 549 2234 vitia
578 2180 802 2234 eelares.
832 2177 921 2233 Sic
948 2177 1234 2240 acstuabas,
1267 2175 1346 2229 sic
1374 2174 1658 2227 subantem
1693 2180 1743 2226 te
1767 2180 1820 2226 et
1849 2170 2014 2225 lasci-

422 2273 658 2328 vientem
704 2270 809 2326 huc
837 2279 996 2339 atque
1027 2269 1151 2322 illuc
1181 2267 1425 2336 rapiebat
1456 2266 1703 2334 voluptas
1723 2303 1737 2326 ,
1771 2273 1829 2317 ut
1859 2263 2014 2334 quasi

423 2365 686 2435 quosdam
709 2364 1031 2432 triumphos,
1057 2361 1392 2431 palmamque
1418 2358 1668 2414 vitiorum
1696 2356 1765 2412 de
1789 2357 2016 2426 espletis

422 2458 733 2514 libidinibus
759 2457 1088 2511 sublevares.

501 2552 590 2604 Η.
637 2550 878 2620 Denique
924 2550 1061 2602 inter
1102 2544 1310 2616 gladios
1349 2543 1583 2606 barbari,
1617 2543 1687 2611 (b)
1718 2551 1772 2598 et
1801 2540 2016 2596 barbari

423 2643 628 2706 mariti,
650 2653 704 2696 et
731 2642 906 2695 mariti
934 2638 1166 2710 potentis
1191 2637 1466 2701 excubias,
1490 2635 1834 2706 impudicitia:
1863 2634 2015 2688 llam-

424 2750 510 2790 ma
559 2742 612 2787 te
653 2733 848 2802 rapuit.
893 2731 1006 2785 Non
1040 2731 1259 2784 timuisti
1293 2729 1344 2782 in
1377 2729 1462 2782 illa
1492 2727 1654 2782 domo
1682 2717 2009 2781 adulterium

423 2826 622 2887 facere,
643 2825 694 2878 in
723 2839 826 2893 qua
851 2823 966 2876 sine
992 2821 1173 2890 judice
1197 2821 1353 2873 laesus
1376 2821 1456 2873 vir
1477 2835 1534 2874 se
1561 2828 1773 2888 poterat
1799 2818 2010 2872 ulcisci.

427 2917 649 2973 Dueeris
674 2916 742 2970 ad
777 2915 1040 2980 hortulos,
1069 2913 1135 2967 ad
1164 2913 1472 2967 suburbana
1507 2911 1840 2982 pertraheris
1865 2928 1878 2964 :
1907 2920 2016 2965 tam

424 3011 594 3065 libere
623 3018 678 3063 et
703 3009 892 3063 insane
924 3016 975 3062 te
1005 3007 1117 3076 agis
1138 3047 1154 3071 ,
1182 3014 1240 3060 ut
1265 3005 1488 3059 absente
1527 3005 1719 3058 marito
1745 3045 1760 3069 ,
1794 3018 2016 3058 uxorem

385 3151 392 3158 .
427 3110 481 3158 te
507 3114 660 3172 putes
686 3102 914 3165 habere,
946 3114 1050 3154 non
1081 3097 1402 3153 adulteram.
1433 3096 1559 3152 Inde
1593 3097 1688 3162 [al.
1721 3095 1888 3163 Unde]
1922 3113 2019 3166 per

426 3196 688 3266 quosdam
728 3194 1008 3250 cuniculos
1038 3192 1165 3247 dum
1197 3193 1284 3246 illa
1316 3200 1561 3256 tenetur,
1602 3192 1859 3260 ernmpis.
1906 3191 2016 3243 Ro-

430 3302 576 3342 mam
605 3286 851 3341 occultus
877 3284 1195 3354 ingrederis,
1215 3285 1389 3336 Iatitas
1408 3283 1547 3336 inter
1571 3282 1838 3336 Samnitas
1864 3282 2018 3335 latro-

427 3394 527 3434 nes
549 3418 566 3444 ,
595 3386 650 3433 et
674 3377 742 3431 ad
770 3377 1001 3447 primum
1029 3376 1203 3429 mariti
1242 3375 1485 3428 nuntium
1506 3415 1522 3441 ,
1551 3374 1692 3444 quod
1723 3389 1892 3429 novus
1923 3376 2014 3430 tibi

430 3483 498 3524 ex
528 3466 754 3535 Alpibus
799 3465 1060 3520 Hannibal
1089 3464 1490 3531 descendisset,
1520 3466 1730 3536 navigio
1759 3475 1810 3520 te
1839 3467 2018 3522 credis

429 3560 488 3614 in
521 3568 655 3614 tuto.
684 3558 854 3614 Tanta
898 3557 1034 3628 fuga:
1079 3557 1327 3612 celeritas
1379 3556 1508 3624 fuit,
1541 3567 1598 3612 ut
1645 3567 2019 3629 tempestatem

430 3661 576 3708 terra
615 3650 840 3706 duceres
869 3651 1136 3704 tutiorem.
1166 3648 1325 3704 Venis
1358 3649 1448 3714 [al.
1485 3647 1696 3716 Venisti]
1731 3658 2021 3722 utcumque

431 3744 490 3800 in
515 3743 750 3815 Syriam,
778 3743 902 3798 inde
933 3753 985 3797 te
1007 3742 1151 3797 velle
1177 3741 1567 3814 Jerosolymam
1600 3746 2018 3810 transcendere,

430 3844 490 3891 et
508 3837 830 3891 serviturum
855 3834 1079 3888 Domino
1104 3833 1395 3903 polliceris.
1427 3834 1557 3902 Quis
1585 3847 1690 3887 non
1723 3835 2022 3904 susciperet

433 3941 578 3992 eum,
605 3925 695 3997 qui
720 3940 779 3980 se
807 3923 1124 3978 Monachum
1153 3925 1514 3993 promittebat,
1552 3926 1845 3993 praesertim
1877 3927 2022 3995 igno-

433 4033 562 4074 rans
590 4018 880 4088 tragmdias
912 4027 1050 4082 tuas,
1077 4026 1134 4071 et
1161 4015 1409 4086 Episcopi
1440 4016 1514 4068 tui
1539 4014 2021 4072 Commendatitias

433 4111 503 4167 ad
528 4123 755 4167 caeteros
782 4110 1098 4166 Sacerdotes
1126 4110 1383 4180 epistolas
1409 4109 1624 4178 legens?
1654 4111 1721 4162 At
1751 4117 1804 4162 tu
1834 4108 2020 4164 infelix

435 4203 856 4274 transligurabas
879 4213 930 4257 te
954 4204 1006 4257 in
1033 4203 1295 4272 Angelum
1329 4201 1482 4267 lueis,
1512 4208 1568 4255 et
1594 4201 1839 4256 minister
1861 4200 2019 4257 Sata-

434 4312 539 4361 nae,
574 4297 874 4352 ministrum
900 4295 1123 4365 iustitiae
1146 4294 1454 4349 simulabas.
1480 4293 1593 4349 Sub
1621 4296 1812 4349 vestitu
1842 4297 2018 4350 ovium

434 4388 643 4445 latebas
684 4389 861 4460 lupus,
890 4398 945 4444 et
990 4399 1114 4459 post
1159 4387 1480 4443 adulterium
1524 4386 1780 4455 hominis,
1811 4388 2023 4444 adulter

435 4480 636 4535 Christi
664 4495 784 4535 esse
812 4480 1087 4549 cupiebas.

512 4571 597 4626 12.
642 4571 766 4626 Haec
793 4572 992 4626 idcirco
1019 4570 1212 4636 retuli,
1241 4578 1298 4624 ut
1323 4577 1486 4625 totam
1515 4571 1611 4626 tibi
1639 4587 1856 4628 scenam
1888 4589 2022 4645 ope-

436 4677 558 4717 rum
604 4670 816 4718 tuorum
839 4703 854 4728 ,
892 4662 1042 4732 quasi
1073 4663 1126 4716 in
1153 4661 1302 4717 brevi
1331 4661 1674 4734 depingerem
1705 4666 1900 4721 tabella
1921 4710 1937 4735 ,
1971 4677 2024 4724 et

441 4759 594 4822 gesta
643 4762 730 4807 tua
773 4762 898 4807 ante
943 4752 1126 4807 oculos
1166 4762 1286 4806 tuos
1312 4769 1593 4823 ponerem,
1619 4772 1687 4812 ne
1716 4757 2020 4815 misericor-

437 4841 584 4898 diam
608 4843 818 4898 Domini
848 4843 1173 4914 nimiamque
1201 4844 1565 4915 clementiam,
1592 4849 1871 4905 materiam
1903 4851 2023 4906 exi-

446 4933 634 4989 stimes
680 4933 995 4990 delictorum
1021 4976 1039 5002 ,
1088 4949 1299 4991 rursum
1347 4939 1664 5010 cruciﬁgens
1712 4942 2024 5014 tibimetipsi

510 5136 583 5202 (α)
621 5137 837 5188 Grecam
876 5151 1084 5198 vocem,
1124 5140 1340 5202 ignotam
1376 5141 1614 5192 hactenus
1647 5143 1794 5192 editis
1825 5157 1881 5191 ac
1907 5143 2024 5192 Mss.

439 5198 580 5272 libris
599 5202 993 5272 eoptextuivero
1014 5198 1339 5272 necessariam
1373 5218 1440 5272 ex_
1462 5217 1558 5272 uno
1582 5204 1856 5253 Veronensi
1878 5205 2028 5254 suffe-

441 5263 619 5326 cimus,
657 5263 706 5312 in
727 5277 825 5326 quo
853 5269 1027 5326 tamen,
1040 5264 1370 5326 describentis
1397 5267 1514 5314 vitio
1551 5273 1657 5314 erat
1693 5282 1988 5318 snIcraroso
2010 5305 2024 5326 ,

440 5324 567 5384 quod
615 5324 944 5388 emendamus.
1013 5325 1197 5375 Monuit
1244 5334 1482 5388 przeterea
1527 5327 1837 5388 inserendam
1878 5324 2025 5388 Heli,

441 5396 588 5456 quam
611 5384 800 5456 alludit,
827 5387 1029 5456 historia
1044 5425 1058 5447 ,
1082 5389 1164 5450 qui
1189 5384 1373 5443 διιὶτοεως,
1397 5393 1662 5436 retrorsum
1686 5387 1888 5456 de_sella
1910 5384 2028 5456 seri;

439 5445 574 5495 bitur
609 5448 861 5498 cecidisse.
889 5448 972 5498 Est
1009 5445 1130 5498 vero
1166 5461 1420 5503 άπωθότονος,
1455 5460 1550 5508 qua
1587 5461 1708 5496 voce
1750 5449 1860 5499 heie
1895 5453 2024 5500 Hier.

441 5507 598 5557 utitur
616 5543 631 5565 ,
666 5509 768 5570 ipsa
797 5512 1003 5559 cervicis
1024 5509 1218 5558 affectio
1234 5507 1518 5570 ,_contracto
1542 5509 1600 5556 ad
1623 5508 1845 5570 scapulas
1860 5514 2028 5570 capite

440 5571 552 5618 vius
572 5581 654 5633 qui
679 5567 947 5638 retrorsum
967 5570 1168 5618 decidit.
1240 5568 1365 5638 Hinc
1383 5582 1587 5638 quoque
1611 5567 1866 5618 insanabili
1907 5567 2028 5638 feci-

443 5643 553 5693 [ειη
577 5631 662 5692 pro
686 5631 961 5681 msunabilis
981 5666 997 5693 ε
1035 5639 1088 5693 et
1123 5643 1236 5678 mox
1273 5631 1322 5678 si
1345 5631 1738 5693 praepositionem
1762 5643 1827 5678 ex
1853 5633 2029 5683 eodem

443 5687 720 5754 Veronens.
745 5693 835 5741 Ms.
861 5691 1212 5754 supplevimus.

515 5708 720 5740 Ironens.
747 5708 835 5741 MS.
861 5708 915 5741 SII
954 5708 1212 5754 pleVImUS.

515 5752 578 5816 (b)
606 5753 828 5817 _V0cIIlas
851 5708 1425 5817 etiiurbarirepctimus
1463 5767 1530 5817 ea;
1566 5752 1878 5813 Veronensi;
1919 5767 2031 5817 quae

444 5806 576 5862 forte
599 5813 805 5864 Gothum
828 5816 1040 5877 aliquem
1064 5806 1267 5865 milite'm
1290 5806 1566 5879 designaﬂt.

1760 296 2001 354 SANCTI
2043 299 2413 361 HIERONYMI

3585 319 3718 379 ίεοι

2133 417 2325 473 Filium
2373 420 2501 488 Dei,
2531 428 2586 478 et
2613 425 2844 480 ostentui
2873 425 3076 484 habens
3097 469 3112 497 ,
3141 440 3198 486 et
3227 443 3336 486 non
3368 430 3552 502 legens
3586 435 3714 492 illud

2133 509 2271 579 quod
2309 514 2567 580 sequitur.
2607 514 2761 570 Terra
2803 519 2935 572 enim
2979 521 3261 575 venientem
3307 538 3443 593 sape
3482 542 3637 595 super
3661 544 3714 583 se

2131 601 2299 657 bibens
2327 605 2535 660 imbrem
2553 649 2568 674 ,
2597 618 2644 662 et
2670 626 2914 680 generans
2945 613 3147 667 herbam
3178 626 3525 685 Opportunum
3549 618 3658 672 illis
3685 635 3716 672 a

2130 695 2310 765 quibus
2342 699 2549 766 colitur,
2581 703 2765 771 accipit
2793 703 3188 759 benedictionem
3218 723 3250 759 a
3282 705 3507 769 Domino
3534 723 3554 764 :
3580 708 3716 765 Pro-

2113 788 2300 857 ,[erens
2329 802 2498 844 autem
2526 794 2701 862 spinas
2723 803 2770 848 et
2795 795 3006 850 tribulos
3027 837 3042 860 ,
3070 798 3287 867 reprobo
3319 809 3393 853 est
3421 807 3468 853 et
3501 801 3714 854 maledi-

2130 889 2210 934 cto
2237 883 2502 951 proxima,
2535 886 2681 954 cujus
2723 885 3091 942 consummatio
3125 891 3183 959 ﬁt
3203 887 3206 890 ’
3227 891 3282 944 in
3319 891 3716 948 combustionem

2129 971 2284 1040 (Heb.
2315 973 2370 1031 6.
2395 976 2449 1029 ’7.
2478 985 2524 1029 et
2551 975 2627 1044 8).

2346 1089 2554 1180 1095
2616 1089 2948 1146 EPISTOLA
2989 1093 3053 1160 (c)
3090 1092 3346 1149 CXLVIII
3385 1080 3489 1168 (ἀ).

2556 1200 2625 1238 ΔΙ)
2654 1199 2957 1238 οειΑΝτιΑι
2985 1201 3295 1262 ΙΔΤΒΟΝΔΙ.

2586 1262 2666 1329 De
2689 1277 2886 1329 ratione
2924 1277 3005 1346 pie
3031 1278 3249 1332 vivendi.
3301 1272 3304 1276 ’

2128 1384 2414 1466 Celantiam'
2430 1386 2649 1441 nobilem
2676 1397 2961 1442 matronam
2988 1390 3150 1456 docet,
3178 1391 3427 1461 quomodo
3443 1392 3588 1459 inter
3615 1406 3709 1445 ste-

2195 1479 2302 1533 culi
2345 1480 2580 1544 honores,
2624 1482 2846 1542 divitias.
2892 1498 2952 1535 ac
2999 1481 3316 1538 Matrimonii
3361 1501 3520 1538 onera
3562 1486 3713 1538 vitam

2123 1589 2127 1592 ·
2198 1589 2343 1626 suam
2367 1583 2541 1626 sancte
2568 1589 2629 1626 ac
2655 1573 2892 1645 religiose
2913 1574 3086 1627 ducat.
3122 1575 3201 1629 Ad
3221 1576 3406 1630 divini:
3432 1577 3713 1645 Scriptum

2196 1665 2460 1720 lectionem
2512 1668 2733 1737 primum
2779 1667 3035 1733 hortatur,
3078 1668 3259 1721 deinde
3301 1685 3363 1722 ne
3409 1670 3474 1722 de
3519 1671 3712 1740 generis

2126 1743 2129 1748 ’
2196 1757 2457 1812 nobilitate
2495 1758 2770 1829 superbiat,
2801 1761 2852 1812 in
2896 1775 2996 1829 quo
3036 1760 3134 1813 sita
3183 1761 3247 1814 sit
3294 1778 3410 1814 vera
3454 1764 3711 1827 nobilitas,

2195 1850 2368 1914 docet;
2396 1851 2610 1921 denique
2631 1851 2767 1922 quod
2793 1852 2988 1920 aliquot
3020 1854 3137 1922 jam
3177 1863 3292 1906 ante
3326 1871 3489 1907 annos
3530 1855 3714 1924 absque

2124 1946 2127 1949 '
2195 1951 2372 2011 pacto,
2413 1952 2458 1995 et
2501 1959 2749 1997 consensu
2790 1944 2918 2010 viri,
2962 1945 3324 1998 continentiam
3373 1963 3574 2000 servare
3621 1949 3711 2000 sibi

2197 2035 2538 2105 proposuisset
2565 2036 2618 2089 in
2637 2037 2831 2103 animo,
2860 2038 3044 2090 acriter
3070 2038 3350 2108 redarguit,
3381 2048 3428 2092 et
3452 2039 3578 2110 quid
3603 2040 3710 2093 uiro

2195 2144 2287 2181 suo
2311 2129 2508 2193 debeat,
2536 2129 2774 2183 ostendit.

2196 2244 2247 2297 1.
2288 2242 2455 2297 Vetus
2484 2243 2773 2312 Scriptura:
2807 2243 3076 2299 celebrata
3122 2245 3383 2299 sententia
3438 2254 3542 2309 est,
3592 2259 3710 2301 esse

2123 2336 2410 2406 pudorem,
2441 2352 2546 2406 quo
2571 2337 2739 2406 gloria
2784 2335 3088 2390 inveniatur
3133 2345 3187 2391 et
3229 2337 3432 2406 gratia;
3486 2345 3540 2410 et
3593 2350 3709 2391 esse

2123 2444 2309 2484 rursus
2340 2428 2619 2498 pudorem,
2666 2429 2755 2498 qui
2807 2429 2977 2482 soleat
3031 2413 3222 2497 parere
3272 2437 3570 2499 peccatum.
3605 2429 3709 2482 CII-

2120 2520 2207 2591 jus
2245 2520 2372 2574 dicti
2418 2521 2649 2587 veritas,
2679 2537 2984 2591 quanquam
3038 2522 3168 2574 satis
3214 2519 3276 2575 ad
3333 2521 3572 2575 omnium
3629 2521 3708 2574 in-

2123 2612 2473 2682 telligentiam
2519 2612 2631 2682 ipsa
2673 2613 2753 2667 sui
2801 2614 2972 2668 luceat
3014 2614 3292 2677 claritate,
3327 2614 3458 2667 Inihi
3493 2626 3704 2678 tamen,

2123 2705 2307 2759 nescio
2333 2706 2603 2774 quomodo
2647 2705 2700 2760 in
2746 2706 2995 2774 praesenti
3022 2721 3180 2760 causa
3210 2707 3427 2776 propius
3459 2707 3705 2760 innotuit.

2123 2796 2452 2852 Provocatus
2495 2797 2636 2851 enim
2685 2797 2752 2850 ad
2798 2798 3139 2852 scribendum
3191 2798 3384 2852 litteris
3431 2798 3557 2863 tuis,
3590 2812 3708 2866 qua:

2123 2891 2274 2946 miris
2317 2892 2416 2946 hoc
2455 2907 2483 2945 a
2524 2907 2611 2946 me
2641 2891 3102 2947 obsecrationibus
3134 2893 3444 2962 flagitabant
3465 2933 3478 2954 ,
3509 2893 3599 2946 diu
3632 2892 3710 2948 fa-

2125 2993 2239 3038 teor
2267 2983 2334 3038 de
2363 2984 2712 3052 responsione
2739 2983 2976 3038 dubitavi
3004 3000 3018 3038 :
3046 2985 3323 3045 silentium
3356 2971 3486 3038 mihi
3531 2985 3706 3054 impe-

2123 3087 2276 3132 rante
2302 3075 2644 3131 verecundia.
2669 3074 2765 3129 Cui
2801 3066 2977 3130 tamen
3009 3076 3298 3130 fortissime
3323 3076 3632 3142 resistebat,
3654 3083 3708 3130 et

2125 3171 2228 3225 vim
2258 3169 2487 3225 faciebat
2514 3185 2731 3240 precum
2767 3154 2978 3225 tuarum
3011 3171 3185 3226 fidelis
3214 3170 3457 3224 ambitio.
3494 3171 3706 3240 Pugna-

2123 3265 2320 3335 batqne
2343 3265 2539 3320 acriter
2562 3281 2682 3319 cum
2715 3265 3047 3320 haesitatione
3077 3281 3193 3321 mea
3239 3249 3512 3319 humilitas
3549 3265 3704 3319 obse-

2124 3357 2356 3422 crantis,
2388 3364 2442 3411 et
2471 3371 2660 3426 magna
2690 3357 2917 3427 quadam
2947 3356 3069 3412 lidei
3104 3356 3355 3412 violentia
3374 3397 3387 3416 .
3415 3356 3526 3432 oris
3555 3356 3706 3410 clau-

2125 3461 2234 3502 SIra
2262 3447 2525 3517 pulsabat.
2547 3446 2790 3517 Cumque
2811 3448 2890 3502 sic
2917 3445 3152 3502 animum
3184 3448 3237 3502 in
3261 3456 3488 3516 utroque
3516 3456 3706 3501 nutan-

2127 3549 2232 3596 tem
2253 3581 2268 3606 ,
2299 3540 2550 3610 cogitatio
2579 3539 2790 3595 diversa
2821 3540 3071 3606 libraret,
3106 3555 3243 3611 pene
3283 3538 3453 3608 pudor
3480 3539 3708 3592 exclusit

2125 3633 2381 3688 ofﬁcium.
2409 3632 2520 3713 Sed.
2546 3649 2630 3688 me
2661 3633 2748 3688 illa
2772 3675 2788 3700 ,
2832 3649 2992 3704 quam
3021 3648 3179 3703 supra
3210 3631 3358 3702 posui
3384 3671 3400 3696 ,
3444 3631 3704 3699 sapientis

2126 3727 2410 3796 sententia,
2434 3727 2670 3805 armavit
2682 3727 2750 3782 ad
2773 3725 3142 3805 depellendam
3171 3725 3414 3780 inutilem
3437 3736 3700 3778 verecun-

2191 3842 2260 3904 (c)
2293 3841 2996 3907 Haneilieronyminonesse
3019 3839 3275 3907 epistolam
3297 3856 3392 3895 non
3425 3848 3568 3897 modo
3603 3853 3710 3907 post

2124 3902 2379 3954 Erasmum
2401 3902 2700 3953 Editores'et
2721 3903 2882 3954 Critici
2905 3915 3079 3952 omnes
3099 3902 3343 3963 fatentur;
3367 3909 3454 3958 sed
3481 3917 3534 3959 et
3557 3902 3709 3958 multo
3775 3904 3786 3911 “

2126 3975 2270 4030 antea
2289 4002 2302 4024 ,
2328 3968 2420 4015 sub
2440 3966 2686 4030 undecimi
2707 3963 3069 4030 nempegsaaculj
3107 3965 3250 4030 linem
3287 3965 3338 4015 S.
3367 3969 3524 4030 Guigo
3550 3973 3710 4017 Abhas

2125 4029 2184 4103 ad
2219 4027 2417 4103 Fratres
2439 4028 2790 4103 Durlxznenses
2824 4025 2972 4103 epist.
3098 4102 3104 4103 γ
3120 4029 3250 4100 inter
3272 4025 3606 4103 supposit'itias
3629 4045 3710 4103 re-

2127 4090 2336 4137 censuit.
2389 4090 2499 4150 «Ad
2525 4089 2789 4139 Celantiam
2813 4124 2828 4148 ,
2863 4088 3051 4150 inquit,
3091 4091 3161 4138 sic
3196 4088 3436 4150 incipiens
3457 4133 3470 4150 .
3513 4095 3712 4142 Veteris

2127 4151 2394 4218 Scriptura:
2419 4149 2668 4218 celebrata
2686 4149 3045 4218 sententiaest.
3085 4149 3202 4200 Haec
3218 4149 3343 4218 style
3365 4149 3564 4218 quidem
3581 4156 3711 4218 nobi-

2129 4204 2250 4261 liore
2277 4216 2550 4278 estscripta
2571 4247 2586 4269 ,
2609 4213 2697 4261 sed
2722 4226 2814 4261 nec
2836 4214 2906 4261 sic
2929 4213 3225 4278 Hieronymo
3247 4204 3410 4278 digna.
3431 4204 3470 4262 ἶ
3505 4216 3710 4265 Paulino

2127 4283 2289 4324 autem
2313 4277 2516 4324 adscribi
2550 4283 2813 4336 utcumque
2847 4287 2993 4337 posse
3040 4275 3592 4337 epinaIItur'Erasmus,
3635 4278 3713 4325 νὶ-

2127 4337 2340 4401 etorins,
2353 4337 2564 4401 aliique:
2582 4337 2899 4401 Martianaeus
2923 4348 3009 4396 pro
3033 4345 3171 4401 certo
3181 4341 3458 4401 constituit.
3481 4343 3541 4390 At
3561 4352 3713 4401 nupe-

2128 4412 2213 4464 rus_
2237 4399 2288 4447 S.
2304 4395 2507 4464 Paulini
2535 4397 2691 4464 editor
2702 4431 2726 4464 _,
2748 4411 2845 4464 quo
2861 4395 3022 4464 minus
3043 4395 3110 4464 illi
3135 4399 3410 4464 adjudicet,
3435 4402 3546 4464 styli
3570 4395 3712 4464 dissi-

2128 4460 2450 4509 militudinem
2480 4497 2492 4516 ,
2538 4460 2621 4520 qui
2666 4461 2864 4520 nimium
2911 4459 2974 4520 ab
3015 4458 3263 4509 alacritate
3313 4472 3364 4512 et
3398 4458 3713 4512 volubilitate

2129 4521 2400 4571 Pauliniani
2439 4528 2517 4570 est
2554 4519 2780 4578 alienus,
2825 4528 2926 4568 tum
2964 4519 3112 4581 longe
3148 4521 3391 4573 diversam
3420 4524 3636 4574 locorum
3660 4523 3711 4572 S.

2129 4585 2393 4647 Scriptura;
2429 4582 2801 4647 expressionem
2834 4590 3096 4647 causatur;
3153 4597 3246 4647 nec
3286 4594 3452 4636 tamen
3493 4589 3571 4635 cui
3603 4585 3716 4647 jure

2129 4642 2539 4711 sitadscribenda
2566 4642 2749 4705 judicat
2769 4679 2784 4700 ,
2830 4642 3351 4711 cum_reliQua'_omnia
3385 4661 3494 4711 quae
3531 4651 3588 4711 in
3603 4642 3716 4706 ipsa

2132 4707 2336 4780 epistola
2359 4707 2660 4780 indicantur,
2680 4712 2796 4777 puta
2834 4705 3290 4780 nppdunppenitus.
3313 4705 3532 4780 abrogati
3559 4705 3717 4780 Paga-

2130 4767 2271 4833 llisllli
2297 4775 2535 4833 tempora,
2555 4776 2614 4833 et
2636 4767 2875 4833 Juvjniani
2901 4769 3343 4833 bzereticimentio,
3371 4767 3472 4821 tum
3495 4767 3718 4833 quaedam

2129 4832 2179 4880 in
2203 4829 2412 4879 dicendo
2431 4832 2640 4880 suavitas
2663 4843 2689 4878 a
2714 4829 2915 4878 Paulino
2939 4843 3033 4878 non
3055 4831 3367 4884 abhorreant.
3416 4829 3568 4883 Nobis
3584 4868 3599 4888 ,
3625 4831 3717 4879 nisi

2131 4892 2360 4954 audacior
2383 4900 2455 4941 cst
2491 4893 2767 4953 conjectura
2789 4927 2803 4951 ,
2841 4903 2985 4954 quam
3025 4895 3311 4954 utveniam
3351 4902 3636 4951 mereatur,
3676 4893 3718 4940 si

2131 4953 2341 5003 fallimur
2359 4991 2372 5012 ,
2398 4954 2603 5015 Sulpitio
2625 4955 2814 5016 Severo
2829 4953 2998 5016 placet
3020 4953 3188 5002 addici.
3256 4956 3439 5005 Eadem
3465 4958 3542 5006 isti
3569 4962 3719 5016 atque

2131 5018 2315 5079 auctori
2339 5015 2770 5079 nostro_scribendi
2795 5015 3040 5076 elegantia
3060 5025 3111 5079 et
3130 5019 3343 5078 gravitas
3359 5020 3551 5079 videtur
3577 5015 3714 5065 esse:

2135 5077 2306 5127 eadem
2334 5081 2480 5140 etiam
2504 5077 2858 5138 Scripturarum
2885 5078 3138 5140 exlmessio
3155 5113 3168 5134 ,
3189 5087 3422 5140 quantum
3446 5093 3475 5128 e
3501 5078 3721 5140 locorum

2133 5140 2388 5189 collatione
2432 5139 2613 5201 aliquot
2637 5140 2879 5201 potuimus
2919 5138 3230 5201 intelligere:
3278 5141 3541 5201 ingenium
3575 5138 3719 5200 plane

2134 5202 2280 5250 idem.
2327 5200 2524 5250 Constat
2569 5200 2686 5264 vero
2733 5203 2798 5264 ex
2845 5200 3098 5264 Cennadio
3139 5213 3246 5263 cap.
3288 5200 3413 5252 XIX.
3460 5200 3721 5264 Sulpitium

2134 5264 2385 5326 scripsisse
2412 5262 2679 5326 «epistolas
2693 5262 2750 5309 ad
2766 5263 2981 5326 amorem
2999 5260 3115 5319 Dei,
3136 5270 3186 5310 et
3199 5260 3539 5326 contemptum
3547 5260 3720 5326 _inun_di

2134 5321 2421 5374 hortatorias
2445 5321 2622 5372 multas
2639 5341 2660 5365 ν
2691 5331 2871 5384 ρταξῐρι·
2897 5321 3034 5379 illas,
3059 5337 3179 5385 quas
3202 5327 3357 5373 sorori
3383 5321 3486 5374 sine
3507 5323 3723 5373 Claudiae

2133 5387 2286 5434 dedit.
2326 5385 2399 5432 Ad
2425 5385 2530 5432 haec
2555 5391 2774 5446 tempora
2797 5387 2915 5433 satis
2931 5388 3246 5446 conveniunt,
3272 5387 3444 5434 eadem
3470 5385 3603 5434 enim
3627 5396 3724 5445 qua

2133 5447 2461 5509 Hieronymus
2484 5457 2538 5494 ac
2572 5444 2809 5509 Sulpitius
2845 5454 2988 5509 aetate
3028 5448 3182 5509 vixit,
3229 5444 3517 5509 quibuscum
3544 5444 3722 5509 etiam

2134 5507 2340 5557 amicitia
2367 5515 2444 5555 cst
2461 5510 2703 5570 junctusx
2720 5507 2860 5570 Hanc
2886 5508 3049 5570 itaque
3076 5508 3182 5569 ejus
3205 5507 3557 5570 (δι’ἱδιοιειηιιδὶ
3582 5507 3726 5570 modo

2136 5572 2242 5634 ejus
2266 5579 2340 5617 est
2365 5604 2379 5627 ,
2407 5567 2546 5616 certe
2573 5585 2665 5634 non
2687 5567 3010 5634 Hieronymi,
3045 5567 3208 5634 neque
3233 5570 3418 5634 Paulini
3441 5603 3457 5627 ,
3493 5569 3608 5634 heie
3630 5567 3727 5616 alio

2135 5630 2432 5694 charactere
2455 5632 2631 5694 excudi
2668 5630 2939 5694 voluimus,
2985 5630 3278 5694 quod’inter
3310 5630 3727 5694 Hieronymianas

2133 5693 2374 5757 hactenus
2393 5692 2660 5757 obtinuerit
2692 5692 2847 5743 locum
2868 5727 2883 5752 ,
2917 5692 3084 5756 neque
3118 5694 3168 5742 in
3200 5692 3515 5757 postremum
3537 5692 3731 5743 mtuum

2133 5753 2399 5814 rejicienda
2433 5754 2700 5805 videretur.

2200 5815 2278 5876 (ά)
2311 5814 2443 5866 Alias
2468 5815 2564 5882 14η
