4080 6340
629 345 770 405 11111

627 476 785 532 aequo
819 457 1064 516 omnibus
1099 455 1220 526 jure
1241 450 1551 508 mandatam
1587 453 1690 506 est.
1722 447 1840 506 Non
1872 447 2022 518 virgo
2040 485 2056 513 ,
2088 459 2195 501 non

627 555 806 618 vidua,
833 566 943 608 non
967 557 1148 619 nupta,
1179 546 1248 601 ab‘
1275 545 1377 600 hoc
1406 543 1633 614 imperio
1650 543 1826 598 libera
1851 549 1952 597 est.
1983 539 2039 594 in
2067 553 2200 610 quo-

628 649 712 702 vis
741 645 1035 717 preposito,
1060 641 1110 696 111
1138 640 1326 710 quoivis
1353 636 1538 708 gradu,
1563 635 1768 706 mquale
1793 643 2071 704 peccatum
2093 643 2196 701 est,

625 741 709 797 vel
741 738 1002 810 prohibita
1029 735 1343 798 admittere,
1370 732 1450 787 vel
1472 731 1621 800 jussa
1648 743 1756 784 non
1785 728 1983 783 facere.
2013 726 2198 796 Neruae

627 848 760 889 vero
787 844 972 887 eorum
997 841 1049 884 te
1075 828 1292 882 seducat
1317 841 1488 890 error,
1514 824 1604 894 qui
1635 838 1698 878 ex
1729 823 1952 876 arbitrio
1976 835 2073 875 suo
2101 821 2199 875 eli-

621 934 770 995 gunt,
792 938 910 993 qua:
933 921 1264 991 potissimum
1293 918 1382 972 Dei
1407 917 1650 970 mandata
1671 915 1746 987 (a)
1769 914 1984 980 faciant,
2008 927 2196 982 quaeve

622 1019 768 1088 quasi
795 1017 917 1070 vilia
943 1030 1005 1070 ac
1037 1029 1194 1085 parva
1217 1011 1516 1082 despiciant
1540 1029 1552 1064 :
1578 1024 1678 1064 nec
1707 1019 1983 1072 metuunt,
2016 1024 2084 1064 ne
2113 1023 2198 1064 se-

626 1111 858 1168 cundum
887 1110 1122 1165 divinam
1153 1109 1471 1162 sententiam
1493 1148 1508 1172 ,
1541 1106 1762 1160 minima
1799 1101 2197 1159 contemnendo

619 1205 871 1274 paulatim
899 1201 1150 1257 decidant
1175 1199 1361 1274 (Ecclt'.
1387 1199 1474 1254 l9.
1500 1198 1574 1270 1).

696 1299 750 1352 6.
791 1295 864 1365 (b)
895 1294 1196 1351 Stoicorum
1229 1293 1442 1363 quidem
1483 1299 1599 1358 est,
1633 1299 1972 1361 peccatorum
2005 1290 2196 1346 tollere

616 1387 973 1442 diﬂ’erentiam
995 1426 1010 1452 ,
1041 1396 1096 1441 et
1132 1384 1320 1438 delicta
1362 1382 1539 1436 omnia
1581 1383 1726 1451 paria
1763 1381 2011 1450 judicare
2045 1399 2058 1434 :
2094 1393 2192 1436 nec

616 1480 779 1532 ullum
811 1480 948 1532 inter
975 1478 1150 1531 scelus
1177 1483 1229 1531 et
1259 1484 1493 1529 erratum
1525 1474 1811 1527 discrimen
1844 1473 2040 1528 facere.
2084 1473 2191 1529 Nos

614 1585 744 1624 vero
773 1571 873 1624 etsi
921 1574 1148 1622 multum
1199 1568 1336 1620 inter
1383 1573 1598 1634 peccata
1647 1566 1847 1620 distare
1891 1565 2192 1631 credimus,

615 1662 738 1730 quia
765 1669 818 1713 et
843 1660 1068 1730 legimus
1097 1679 1111 1713 :
1149 1667 1326 1711 tamen
1355 1656 1486 1710 satis
1517 1656 1771 1725 prodesse
1796 1656 1860 1711 ad
1891 1655 2193 1710 cautionem

612 1749 860 1814 dicimus,
891 1749 1050 1803 etiam
1097 1748 1316 1802 minima
1366 1763 1461 1816 pro
1505 1748 1749 1802 maximis
1777 1762 1988 1802 cavere.
2020 1748 2193 1802 Tanto

613 1843 754 1896 enim
777 1841 980 1896 facilius
1003 1840 1333 1895 abstinemus
1353 1856 1382 1894 a
1400 1856 1738 1910 quocumque
1757 1842 1973 1906 delicto,
1993 1851 2193 1911 quanto

610 1935 742 1990 illud
773 1936 936 2004 magis
964 1935 1271 1990 metuimus.
1311 1933 1423 1988 Nec
1449 1933 1556 1988 cito
1583 1935 1650 1988 ad
1683 1934 1881 2004 majora
1919 1934 2193 2004 progredi-

613 2035 716 2092 tur,
743 2029 1019 2098 quietiam
1051 2041 1212 2096 parva
1249 2025 1523 2080 formidat.
1571 2026 1636 2080 Et
1681 2040 1810 2080 sane
1861 2026 2083 2090 nescio,
2123 2040 2190 2078 an

611 2118 878 2186 possimus
919 2120 1036 2173 leve
1081 2117 1297 2186 aliquod
1331 2125 1608 2186 peccatum
1635 2116 1815 2171 dicere
1841 2117 1981 2187 quod
2011 2118 2060 2170 in
2097 2116 2188 2170 Dei

615 2211 826 2282 1099
925 2218 1287 2279 cantemptum
1335 2209 1653 2264 admittitur.
1702 2209 1903 2277 Estque
1941 2209 2028 2262 ille
2065 2223 2192 2277 pru-

609 2302 986 2368 dentissimus,
1019 2303 1108 2373 qui
1148 2318 1253 2357 non
1299 2313 1406 2356 tam
1441 2301 1755 2358 considerat
1798 2301 1940 2370 quod
1985 2301 2190 2367 jussum

607 2395 699 2460 sit,
733 2411 890 2464 quam
923 2395 1068 2449 illum
1097 2395 1186 2464 qui
1223 2394 1446 2461 jusserit
1474 2413 1486 2447 :
1513 2410 1612 2450 nec
1639 2396 1990 2464 quantitatem
2020 2395 2191 2463 impe-

606 2484 695 2548 rii,
728 2485 819 2539 sed
856 2487 1162 2554 imperantis
1189 2486 1392 2556 cogitat
1417 2486 1750 2555 dignitatem.

680 2579 732 2632 7.
772 2578 1075 2633 ﬂlilicanti
1117 2581 1294 2649 itaque
1338 2579 1434 2634 tibi
1465 2579 1797 2647 spiritualem
1825 2577 2042 2632 domum
2074 2592 2183 2632 non

606 2685 768 2740 super
797 2673 1067 2727 levitatem
1096 2687 1300 2738 arenae,
1326 2672 1422 2725 sed
1452 2685 1615 2740 super
1641 2671 1962 2726 soliditatem
1990 2679 2187 2740 petrae,

608 2763 931 2818 innocentiae
977 2765 1026 2816 in
1070 2765 1258 2832 primis
1304 2763 1709 2817 fundamentum
1753 2773 2000 2830 ponatur,
2031 2775 2193 2830 super

605 2855 747 2924 quod
779 2854 848 2926 (c)
879 2855 1082 2911 facilius
1128 2854 1303 2924 possis
1329 2857 1554 2908 arduum
1583 2855 1796 2908 culmen
1835 2855 2055 2922 justitia:
2082 2855 2191 2909 eri-

606 2962 752 3016 gere.
785 2947 1065 3002 Maximam
1091 2947 1238 3002 enim
1272 2955 1478 3016 partem
1511 2946 1778 3015 :t-quitatis
1808 2947 2068 3014 implevit.
2097 2945 2189 3014 qui

607 3040 737 3092 nulli
783 3041 963 3094 nocuit
989 3057 1002 3093 :
1027 3040 1322 3108 beatusque
1367 3046 1450 3092 est
1491 3038 1582 3108 qui
1629 3046 1801 3107 potest
1841 3053 1962 3092 cum
2003 3045 2191 3092 sancto

607 3127 708 3183 Job
737 3129 958 3184 dicere:
996 3129 1143 3184 Nulli
1189 3131 1340 3184 nocui
1387 3130 1648 3183 hominum
1688 3144 1707 3182 :
1737 3129 1885 3200 justo
1926 3129 2028 3182 vixi
2075 3145 2192 3183 cum

610 3217 840 3272 omnibus
868 3217 1002 3289 (Job
1049 3219 1138 3272 27.
1167 3219 1258 3289 6).
1287 3219 1440 3274 Unde
1482 3220 1743 3274 audenter
1785 3226 1840 3273 et
1877 3219 2191 3288 simpliciter

611 3310 929 3380 loquebatur
955 3312 1021 3366 ad
1053 3313 1354 3366 Dominum.
1389 3311 1519 3378 Quis
1557 3321 1632 3366 eat
1675 3311 1764 3366 ille
1805 3312 1892 3381 qui
1932 3312 2192 3381 judicent:

610 3419 806 3457 mecum
835 3403 955 3473 (Job
980 3406 1064 3458 15.
1091 3404 1218 3474 l9)?
1268 3404 1320 3460 id
1346 3413 1428 3460 est
1454 3405 1558 3476 td),
1587 3405 1708 3476 quis
1733 3415 1882 3460 tuum
1904 3406 2190 3462 adversum

609 3511 696 3552 me
741 3506 914 3565 potest
958 3498 1243 3566 implorare
1285 3497 1589 3567 judicium,
1633 3507 1690 3554 ut
1717 3513 1775 3554 se
1805 3499 1992 3554 la‘sum
2031 3515 2062 3554 a
2103 3513 2191 3557 me

607 3592 928 3645 comincat?
962 3591 1270 3645 Purissimae'
1292 3592 1639 3646 conseientiae
1659 3600 1762 3654 est,
1788 3607 1974 3648 secure
1995 3607 2191 3648 canere

608 3669 1031 3754 cunt'Propheta
1065 3701 1080 3738 :
1111 3683 1538 3739 Perambulabam
1582 3686 1636 3738 in
1683 3686 1972 3739 innocentia
2019 3685 2188 3740 cordia

607 3779 704 3833 mei
734 3793 753 3832 :
778 3779 830 3831 in
877 3779 1042 3832 medio
1083 3779 1156 3849 (e)
1197 3779 1378 3832 domus
1407 3791 1530 3832 mea:
1556 3777 1726 3848 (Paul.
1760 3779 1879 3834 100.
1905 3779 1940 3834 5
1965 3779 2002 3846 ).
2036 3777 2190 3834 Unde

608 3872 748 3927 idem
795 3873 916 3925 alibi
966 3871 1096 3926 dicit
1127 3890 1138 3925 :
1174 3870 1295 3924 Non
1340 3871 1412 3942 (ι’)
1441 3873 1699 3943 fraudavit
1729 3887 1814 3925 eos
1843 3871 1977 3924 Deus
2013 3871 2188 3935 bonis,-

605 3968 691 4035 qui
735 3964 998 4017 ambulant
1045 3965 1097 4017 in
1141 3964 1430 4017 innocentia
1476 3963 1494 4033 (
1535 3961 1682 4017 Psal.
1725 3964 1814 4018 85.
1849 3963 1976 4033 15).
2009 3963 2191 4031 Itaque

609 4055 884 4118 malitiam,
913 4054 1094 4108 odium
1121 4063 1281 4124 atque
1311 4053 1562 4107 invidiam
1583 4094 1597 4118 ,
1629 4069 1746 4123 qua:
1791 4053 1876 4107 vel
1922 4054 2152 4109 maxima
2175 4093 2189 4120 ,

607 4150 690 4201 vel
723 4148 834 4201 sola
864 4149 1069 4201 semina
1111 4157 1235 4202 sunt
1277 4147 1504 4201 nocendi
1525 4190 1539 4211 ,
1570 4146 1870 4201 Christiana
1901 4163 1929 4200 a
1962 4162 2023 4203 se
2068 4164 2194 4217 pro-

609 4241 772 4310 pellat
799 4240 970 4294 anima
999 4258 1012 4294 :
1039 4255 1213 4308 neque
1244 4255 1406 4293 manu
1440 4249 1682 4306 tantum,
1723 4249 1817 4293 aut
1849 4240 2062 4308 lingua,
2095 4240 2189 4296 sed

609 4330 773 4386 corde
799 4345 1011 4399 quoque
1031 4330 1300 4383 custodiat
1330 4330 1721 4383 innocentiam:
1749 4343 1851 4384 nec
1876 4345 2040 4398 opere
2071 4346 2191 4386 mo-

613 4421 718 4488 do,
751 4421 843 4475 sed
873 4429 994 4476 voto
1019 4422 1179 4475 etiam
1214 4431 1405 4474 nocere
1436 4419 1704 4474 formidet.
1753 4421 2018 4489 Quantum
2047 4424 2191 4477 enim

613 4513 683 4569 ad
727 4515 927 4586 peccati
977 4513 1238 4570 rationem
1286 4512 1550 4583 pertinet,
1587 4514 1770 4568 nocuit
1799 4523 1853 4569 et
1879 4514 1966 4584 qui
1994 4523 2194 4572 nocere

673 4729 748 4802 (ῃ)
781 4735 898 4789 Cum
941 4733 1140 4802 Erasmo
1183 4721 1488 4802 Martiauteu‘s
1533 4725 1706 4802 vitiose
1759 4739 2058 4802 cmitemnant
2110 4749 2196 4802 pro

609 4795 789 4863 faciant
809 4839 823 4860 ,
848 4797 976 4863 quod
1000 4811 1030 4849 e
1055 4799 1167 4848 Mss.
1193 4799 1417 4846 omnibus
1441 4804 1492 4846 et
1515 4795 1762 4861 plerisque
1798 4798 1942 4846 editis
1966 4795 2197 4848 emenda-

610 4876 784 4912 VlmllS.

569 4935 578 4961 -'
677 4921 747 4982 (ὑ)
783 4915 958 4973 Confer
983 4913 1155 4972 verum
1179 4920 1525 4982 Hieronymum
1550 4922 1598 4969 in
1636 4921 1851 4970 secundo
1876 4925 2038 4970 eontra
2064 4920 2196 4972 Jovi-

617 4981 962 5046 numquam
983 5023 994 5041 ,
1023 4986 1104 5032 ubi
1130 4985 1249 5046 hanc
1271 4981 1538 5046 Stltitxgrum
1561 4986 1854 5046 sententian't
1879 4983 2063 5046 refellit
2085 4985 2195 5046 plu-

617 5047 778 5109 ribus._
816 5045 936 5109 _\"idc
963 5049 1106 5109 etiam
1132 5047 1178 5092 in
1203 5042 1510 5109 1εζζυίξ11111111111
1528 5046 1705 5109 cap._9.
1735 5053 1784 5092 et
1801 5045 2018 5109 Cypriani.
2043 5042 2097 5106 Εί
2117 5048 2196 5096 ist.

614 5106 691 5157 55.
719 5107 778 5154 ad
801 5106 1123 5155 Antonianuit‘l
1146 5120 1159 5154 :
1193 5106 1499 5155 «Stoicorum
1521 5109 1604 5169 qui
1626 5106 1790 5155 dicunt
1813 5106 1972 5156 omnia
2000 5112 2200 5169 peccata

630 5170 743 5217 )aria
768 5183 878 5217 esse
897 5186 916 5211 ι)
951 5175 1044 5216 etc.

613 5183 743 5233 parta
768 5183 916 5217 esse»
951 5183 1044 5216 etc.
1090 5227 1092 5230 ι

684 5228 746 5295 (τ)
787 5227 988 5290 Quidam
1012 5229 1124 5278 Mss.
1166 5227 1358 5292 facilius
1378 5227 1533 5281 valeat
1555 5225 1765 5280 arduum
1781 5229 1988 5287 justititc
2011 5228 2200 5280 culmen

613 5306 830 5343 sumere.

699 5307 1103 5416 glfir‘éisterciens.
1129 5352 1236 5412 quis
1257 5365 1396 5402 suum
1420 5353 1672 5403 adversum
1696 5366 1770 5403 me
1795 5361 1888 5416 etc.

703 5410 751 5483 ε)
787 5419 928 5466 Prius
950 5410 1206 5483 legebatur
1231 5417 1397 5483 (tomus
1421 5419 1550 5473 tum,
1591 5416 1717 5483 quod
1755 5425 1818 5483 ex
1857 5415 2046 5483 duobus

618 5473 874 5528 imi'n'ntare
892 5493 983 5527 oon
1002 5473 1152 5541 piguit
1175 5481 1222 5526 in
1247 5473 1565 5541 damnantem,
1593 5473 1724 5525 iuxta
1749 5477 1903 5541 G_r:cc.
1935 5478 2198 5541 (-tV'ulgztt.

617 5553 726 5587 cum
765 5543 823 5588 ita
862 5544 906 5588 in
942 5535 1034 5588 ﬁuit
1053 5535 1211 5602 hujus
1243 5539 1461 5602 epistolae
1496 5539 1620 5584 hunc
1654 5539 1878 5602 eumdem
1907 5535 2201 5590 versiculum

617 5603 798 5650 recitet
821 5609 983 5664 auctor
1009 5604 1099 5650 iste
1123 5598 1146 5656 ,’
1165 5598 1312 5664 quem
1337 5601 1428 5664 sibi
1449 5605 1752 5664 constantem
1773 5598 1986 5664 facimus.

687 5664 756 5726 (f)
790 5663 1070 5726 Legi-udum
1097 5661 1292 5726 quidem
1326 5665 1370 5711 in
1411 5662 1571 5713 futuro
1608 5661 1853 5726 frttttdttbt'l
1877 5701 1888 5723 ,
1930 5663 2089 5726 nullus
2110 5662 2200 5711 (111-

619 5724 756 5782 bilo,
780 5724 1185 5784 st-d'peculiarem
1210 5726 1486 5792 versionem
1526 5733 1726 5792 usurpat
1765 5724 1853 5792 hoc
1885 5725 2057 5792 saltem
2100 5726 2202 5774 loco

621 5794 1004 5852 auctor-Anaster,
1031 5801 1122 5838 nec
1145 5793 1183 5839 si
1206 5791 1314 5852 quis
1338 5800 1545 5852 unquam
1570 5790 1632 5836 ita
1659 5787 1955 5852 legerit,attt
1978 5794 2199 5850 verterit,

621 5859 740 5902 ICIO.
786 5849 957 5904 Grace
979 5859 1074 5916 0811,
1100 5849 1237 5918 Meto;—
1252 5863 1318 5914 οὔχ
1337 5849 1524 5916 inuideat
1538 5863 1590 5903 ei
1608 5849 1736 5918 ἀγαθέ.

1929 324 2170 390 sum
2208 323 2591 386 ﬂlﬂﬂﬂﬂﬂl

3719 323 3892 401 ,ΜΟ

2310 441 2593 515 disposuit.
2619 442 2702 518 (9)
2723 443 2870 502 Multi
2895 447 3199 504 nostrorum
3219 442 3318 515 [aL
3339 453 3602 519 nostrum]
3625 449 3778 509 illum
3802 455 3892 512 ab-

2305 539 2480 595 solute
2508 548 2668 610 atque
2694 540 2899 610 integre
2922 541 3179 597 deﬁniunt
3206 542 3555 601 innocentem
3576 587 3593 615 ,
3623 548 3719 619 qui
3745 563 3813 606 ne
3839 552 3890 610 in

2304 647 2372 688 eo
2396 632 2615 704 quidem
2639 632 2731 687 ulli
2758 643 2944 689 noceat
2973 647 3078 703 quo
3105 635 3367 705 prodesse
3393 637 3646 696 desistat.
3672 641 3824 710 Quod
3846 647 3887 702 si

2302 734 2386 780 est
2431 740 2614 780 verum
2636 767 2652 791 ,
2697 734 2806 780 tum
2834 726 3046 781 demum
3076 727 3258 783 ltetare
3288 729 3357 784 de
3394 727 3728 788 innocentia:
3769 749 3890 792 con-

2303 818 2548 880 scientia,
2581 819 2626 871 si
2652 825 2770 871 enm
2801 826 2954 888 potes
2979 818 3258 888 adjuvare,
3288 828 3395 877 rion
3418 817 3640 880 desinas
3663 840 3678 891 ;
3702 827 3752 881 si
3773 843 3889 884 vero

2301 907 2469 964 divisa
2503 911 2642 965 inter
2670 926 2728 965 se
2757 913 2856 965 ista
2883 921 3042 980 atque
3069 913 3318 969 distincta
3347 924 3476 970 sunt
3498 934 3512 970 ε
3537 918 3796 989 aliudque
3812 929 3888 979 est

2303 1017 2409 1055 non
2438 1017 2634 1057 nocere
2667 1002 2810 1073 quod
2835 1016 3050 1071 semper
3077 1013 3227 1073 potes
3245 1043 3262 1073 ,
3290 1008 3435 1062 aliitd
3478 1009 3747 1077 prodesse
3775 1027 3884 1069 eum

2303 1094 2498 1164 possis,
2526 1094 2666 1148 aliud
2699 1093 2894 1150 malum
2937 1109 3042 1150 non
3084 1095 3296 1164 facere,
3342 1101 3492 1155 aliud
3540 1106 3760 1172 operari
3799 1106 3884 1161 bo-

2302 1201 2430 1241 num
2456 1205 2468 1240 :
2500 1187 2626 1242 illud
2652 1189 2744 1242 tibi
2767 1203 2976 1243 rursum
3005 1201 3254 1246 occurrat
3284 1209 3298 1245 :
3329 1207 3436 1247 non
3461 1195 3725 1251 sufficere
3745 1195 3882 1254 Chri-

2301 1281 2494 1348 stiano,
2523 1282 2568 1335 si
2601 1283 2808 1351 partem
2833 1293 2992 1338 unam
3013 1284 3234 1354 justitite
3259 1285 3499 1356 impleat,
3535 1290 3729 1362 cui(lt)
3755 1299 3881 1348 utra-

2301 1386 2406 1441 que
2439 1374 2761 1442 prtecipitar.

2371 1466 2422 1518 8.
2465 1464 2650 1534 Neque
2674 1467 2818 1520 enim
2842 1467 3100 1522 debemus
3137 1468 3205 1523 ad
3238 1470 3605 1526 multitudinis
3646 1477 3876 1546 exempla

2300 1557 2606 1619 respicere:
2631 1571 2750 1628 qua:
2780 1560 2977 1614 nullam
3010 1565 3217 1614 morum
3246 1561 3594 1630 disciplinam
3625 1576 3874 1637 Sequens,

2299 1652 2504 1706 nullum
2533 1653 2742 1706 vivendi
2774 1662 2964 1708 tenens
2988 1654 3250 1719 ordinem,
3283 1671 3390 1710 non
3416 1667 3530 1711 tam
3557 1660 3772 1716 ratione
3790 1661 3877 1716 du-

2297 1743 2458 1810 citur,
2541 1743 2754 1816 ιισο
2823 1759 2983 1815 quam
3019 1748 3252 1816 quodam
3293 1751 3494 1818 impetu
3537 1751 3730 1807 fertur.
3781 1753 3876 1809 Nec

2299 1834 2535 1888 imitandi
2568 1838 2721 1890 nobis
2748 1836 2820 1890 illi
2849 1849 3004 1900 sunt,
3034 1841 3122 1908 qui
3170 1837 3272 1894 sub
3308 1840 3632 1896 Christiano
3677 1846 3873 1901 Homine

2298 1928 2548 1995 gentilem
2579 1930 2742 1982 vitam
2769 1939 2952 1999 agunt,
2973 1939 3028 1984 et
3047 1931 3190 1984 aliud
3205 1932 3572 2001 professione,
3591 1936 3741 1990 aliud
3761 1949 3872 1993 con-

2298 2021 2598 2074 versatione
2626 2028 2923 2075 testantur:
2953 2031 3132 2091 atque‘,
3164 2034 3218 2075 ut
3247 2027 3282 2074 Α
3295 2024 3541 2092 postulas
3572 2026 3653 2080 ait
3672 2066 3688 2090 ,
3718 2025 3869 2081 Dm

2297 2112 2600 2179 conﬁtentur
2629 2130 2682 2166 se
2709 2125 2854 2167 nosse
2875 2157 2889 2179 ,
2922 2116 3073 2184 factis
3102 2124 3268 2167 autem
3295 2125 3486 2185 negant
3515 2116 3650 2188 (Tit.
3688 2117 3736 2172 Ι.
3771 2121 3865 2190 15).

2299 2201 2443 2256 Inter
2470 2204 2834 2258 Christianum
2865 2213 2920 2258 et
2956 2205 3210 2272 gentilem
3242 2217 3347 2260 nan
3394 2207 3532 2262 fides
3559 2217 3764 2263 tantum
3787 2210 3868 2264 de-

2297 2295 2409 2358 bet,
2441 2296 2533 2350 sed
2561 2296 2719 2350 etiam
2749 2298 2852 2351 vita
2879 2296 3210 2367 distinguere
3238 2317 3249 2352 :
3278 2311 3333 2353 et
3360 2300 3640 2355 diversam
3669 2303 3866 2371 religio-

2297 2403 2440 2452 nem,
2473 2404 2566 2458 per
2586 2388 2798 2443 diversa
2825 2404 2988 2458 opera
3021 2399 3343 2446 monstrare.
3378 2390 3595 2460 Nolite,
3631 2393 3706 2446 ait
3736 2396 3864 2463 Apo-

2296 2481 2487 2544 stolus,
2509 2485 2693 2554 jugum
2719 2484 2902 2537 ducere
2929 2501 3043 2537 cum
3069 2485 3383 2549 inﬁdelibus.
3414 2487 3546 2551 Qua:
3566 2488 3699 2539 enim
3727 2487 3868 2556 parti-

2295 2574 2481 2642 cipatio
2516 2575 2736 2643 justitite
2771 2592 2883 2630 cum
2917 2576 3215 2644 iniquitate?
3239 2577 3343 2630 Aut
3387 2593 3502 2644 qua!
3545 2579 3758 2632 societas
3809 2580 3864 2649 (i)

2297 2664 2400 2718 lttci
2426 2664 2494 2717 ad
2525 2665 2787 2720 tenebras?
2821 2666 2948 2732 Qua:
2973 2677 3141 2720 autem
3165 2669 3432 2720 conventio
3461 2668 3660 2724 Christi
3685 2670 3750 2720 ad
3777 2667 3863 2722 Be-

2297 2755 2424 2810 lial?
2448 2756 2546 2808 Aut
2575 2773 2689 2826 qute
2715 2775 2834 2826 pars
2866 2758 3007 2825 ﬁdeli
3032 2773 3147 2810 cum
3175 2757 3416 2826 infideli?
3445 2758 3546 2825 Qui
3573 2770 3741 2812 autem
3764 2775 3868 2814 eon-

2293 2862 2472 2902 aenstta
2501 2849 2688 2917 templo
2717 2848 2815 2903 Dei
2842 2866 2958 2903 cum
2984 2849 3131 2904 idolis
3160 2849 3237 2912 (2.
3270 2850 3388 2904 Cor.
3417 2851 3472 2906 6.
3499 2851 3588 2906 M.
3611 2863 3660 2906 et
3679 2853 3868 2922 seqq)?

2367 2939 2420 2994 9.
2463 2940 2544 2994 Sit
2581 2955 2710 3010 ergo
2749 2942 2889 2997 inter
2921 2955 3018 2996 nos
3049 2954 3095 2997 et
3144 2943 3266 2997 illos
3312 2945 3546 2998 maxima
3593 2946 3864 3013 separatio.

2296 3031 2627 3103 Disjungitur
2656 3034 2758 3099 [aL
2789 3033 3164 3103 Distinguitur]
3195 3043 3346 3090 certo
3387 3036 3706 3093 discrimine
3731 3053 3867 3093 error

2295 3134 2350 3181 et
2376 3127 2592 3181 veritas.
2624 3127 2702 3182 illi
2727 3137 2940 3183 terrena
2965 3129 3196 3197 sapiant,
3227 3131 3318 3200 qui
3345 3132 3591 3188 ctelestia
3623 3136 3866 3202 pronum

2296 3235 2401 3276 non
2433 3218 2648 3275 habent.
2699 3221 2777 3276 Illi
2819 3220 2966 3275 brevi
3013 3221 3137 3275 huic
3159 3223 3284 3276 vitae
3312 3238 3370 3278 se
3402 3233 3542 3278 totos
3573 3225 3863 3296 implicent,

2295 3313 2357 3382 (j)
2401 3313 2489 3382 qui
2529 3321 2728 3368 eterna
2776 3314 3038 3368 nesciunt.
3072 3313 3150 3369 illi
3200 3327 3422 3384 peccare
3463 3332 3572 3372 non
3622 3327 3861 3383 metuant,

2297 3404 2388 3472 qui
2416 3415 2758 3474 peccatorum
2788 3407 3161 3475 impunitatem
3189 3415 3400 3476 putant.-
3437 3409 3516 3464 1111
3542 3411 3778 3464 serviant
3799 3411 3868 3464 vi-

2297 3496 2412 3560 tiis,
2441 3499 2529 3567 qui
2574 3515 2678 3553 non
2725 3508 2943 3569 sperant
2987 3500 3160 3555 futura
3211 3503 3427 3572 praemia
3469 3504 3750 3559 virtutum.
3777 3505 3870 3561 Nos

2296 3599 2424 3640 vero
2449 3587 2539 3656 qui
2569 3589 2848 3657 purissima
2874 3591 3191 3646 conﬁtemur
3217 3592 3349 3657 ﬁde,
3375 3601 3592 3650 omnem
3620 3597 3870 3653 hominem

2297 3678 2742 3735 manifestandum
2771 3696 2892 3737 esse
2919 3691 3043 3737 ante
3075 3684 3306 3738 tribunal
3336 3683 3556 3751 Christi,
3589 3697 3646 3741 ut
3679 3691 3871 3756 recipiat

2297 3771 2640 3841 unusquisque
2688 3774 2898 3842 propria
2945 3776 3175 3843 corporis
3211 3777 3292 3830 sui
3317 3817 3332 3842 ,
3364 3787 3519 3847 prout
3561 3780 3760 3849 gessit;
3783 3781 3874 3835 sire

2298 3859 2502 3927 bonum,
2532 3863 2635 3917 sive
2660 3865 2852 3918 malum
2879 3864 2952 3932 (2.
2983 3864 3102 3920 Cor.
3131 3867 3186 3921 5.
3218 3867 3306 3936 10)
3335 3885 3348 3920 :
3373 3869 3558 3937 procul
3586 3885 3708 3925 esse
3729 3871 3874 3926 debe-

2298 3969 2418 4010 mus
2443 3970 2472 4009 a
2503 3957 2662 4022 vitiis,
2687 3958 2896 4014 dicente
2917 3960 3176 4029 Apostolo
3200 3978 3214 4015 :
3245 3961 3349 4028 Qui
3378 3963 3512 4016 enim
3538 3964 3736 4019 Clu-isti
3749 3975 3872 4030 attat,

2297 4062 2500 4100 carnem
2528 4065 2672 4102 suam
2703 4050 3074 4119 cruci/iurant
3093 4067 3209 4105 cum
3232 4054 3361 4106 vitiis
3391 4063 3438 4108 et
3461 4055 3875 4122 concupiscentiis

2299 4137 2488 4205 (Galat.
2513 4141 2566 4194 5.
2595 4141 2718 4210 2-1).
2763 4142 2871 4198 Nec
2902 4144 3110 4199 turbam
3140 4155 3430 4214 sequantur
3453 4159 3762 4216 errantem,
3795 4148 3876 4220 qui

2299 4245 2358 4287 se
2384 4234 2617 4289 veritatis
2647 4236 2934 4304 discipulos
2959 4238 3301 4292 confitentur.

2374 4325 2461 4380 10.
2506 4326 2648 4382 Duas
2676 4336 2824 4384 certe
2846 4329 3266 4384 conversationis
3293 4330 3406 4384 vias
3430 4370 3442 4393 ,
3473 4339 3528 4386 et
3555 4331 3800 4386 distincta
3827 4331 3875 4386 in

2299 4418 2569 4475 diversum
2635 4422 2822 4477 itinera
2887 4423 3140 4490 vivendi,
3190 4423 3434 4479 Salvator
3486 4425 3538 4478 in
3599 4425 3872 4495 Evangelio

2299 4510 2550 4566 ostendit.
2580 4511 2652 4581 (11)
2681 4513 2869 4579 Quam,
2903 4515 3096 4584 inquit,
3125 4515 3351 4584 spatiosa
3377 4516 3478 4580 aia,
3508 4532 3622 4584 quin
3642 4516 3781 4570 ducit
3805 4517 3866 4568 ad

2301 4614 2532 4669 mortem,
2551 4617 2596 4660 et
2620 4608 2764 4661 multi
2791 4617 2907 4663 sunt
2929 4610 3018 4679 qui
3043 4610 3234 4663 intrant
3265 4625 3356 4679 per
3375 4625 3511 4664 eam.
3547 4611 3615 4664 Et
3635 4624 3871 4664 rursum:

2305 4697 2471 4766 Quam
2497 4708 2634 4752 arcta
2665 4700 2744 4753 via
2769 4709 2815 4754 et
2841 4711 3054 4770 angusta
3077 4709 3150 4755 est
3173 4739 3188 4765 ,
3214 4716 3327 4770 qua:
3355 4701 3494 4754 ducit
3524 4702 3594 4754 ad
3624 4702 3800 4766 vitam,
3831 4709 3872 4754 et

2303 4791 2454 4860 pauci
2498 4801 2612 4845 sunt
2654 4791 2740 4862 qui
2780 4792 3034 4846 inveniunt
3077 4809 3187 4847 eam
3225 4792 3437 4860 (Matth.
3467 4793 3520 4847 7.
3553 4794 3643 4848 15.
3670 4803 3720 4848 et
3753 4793 3869 4862 14).

2368 4926 2441 4990 (q)
2475 4923 2707 4990 Legimus
2722 4932 2873 4990 atque
2893 4925 3286 4990 cmendamusex
3303 4925 3477 4976 Cister.
3497 4923 3592 4977 Ms.
3615 4939 3725 4976 cum
3749 4932 3877 4976 antea

2302 4985 2486 5050 mitigati
2519 4985 2688 5050 omnes
2719 4985 2831 5050 libri
2871 4989 3125 5050 non__sine_
3153 4987 3347 5050 solmcis
3385 4994 3439 5036 et
3475 4993 3708 5050 corrupto
3743 5001 3879 5039 sensu

2303 5049 2562 5113 habgrcnt,
2588 5047 2726 5113 Multi
2748 5062 2917 5113 norinen
2937 5047 3060 5113 illud
3079 5048 3318 5113 absoluteL
3329 5049 3532 5113 Sumpta
3553 5047 3634 5100 est
3645 5052 3880 5113 sententia

2306 5117 2368 5159 ex
2397 5104 2631 5160 Cicerone
2655 5111 2912 5160 'l‘usculan.
2941 5105 3122 5170 Quaerit.
3147 5112 3193 5159 5.
3244 5127 3265 5156 11
3284 5109 3370 5160 Est
3395 5104 3682 5161 innocentia
3706 5108 3880 5161 affectio

2303 5172 2416 5283 griis
2437 5172 2614 5233 animi,
2640 5185 2750 5236 quae
2771 5179 2943 5224 noceat
2965 5173 3182 5222 neminis
3215 5186 3227 5222 :
3254 5174 3336 5236 qui
3361 5180 3414 5224 et
3436 5177 3569 5235 paria
3590 5175 3740 5224 habet
3765 5177 3809 5223 in
3832 5173 3878 5221 L.

2348 5248 2547 5283 isonem.

2348 5248 2547 5283 tenuem.

2370 5296 2448 5358 (It),
2479 5295 2550 5358 Ex
2577 5296 2751 5344 eodem
2776 5295 2865 5344 Ms.
2893 5295 3133 5358 legimus:
3169 5303 3282 5344 ante
3309 5299 3416 5345 erat
3441 5289 3717 5358 atrumque.
3763 5289 3881 5358 ﬁlios

2364 5370 2394 5405 ο
2417 5357 2644 5420 debemus
2664 5359 2857 5420 quidam
2883 5356 3114 5407 ex'editis
3137 5365 3189 5407 et
3210 5358 3539 5420 Mss.ihabent
3561 5356 3720 5408 decet:
3761 5356 3884 5420 Unus

2333 5419 2399 5482 is.
2439 5418 2649 5481 «Neque
2682 5418 2825 5468 'cnim
2863 5420 3100 5482 debemus
3145 5421 3202 5475 ad
3243 5419 3606 5469 multitudinem
3646 5419 3883 5469 hominum

2309 5479 2755 5542 malamqrcépicere
2782 5479 2926 5530 vitam
2948 5485 3088 5542 qum»
3119 5485 3214 5542 etC.

2318 5607 2324 5612 _
2373 5541 2432 5650 (0
2466 5541 2537 5589 Ad
2565 5541 2691 5591 hunc
2723 5543 2915 5591 modum
2941 5541 3053 5591 Mss.
3093 5541 3314 5611 plerique
3347 5542 3534 5610 habent
3562 5545 3701 5608 juxta
3738 5541 3880 5589 Graec.

2310 5609 2362 5651 et
2429 5602 2526 5658 ulg.
2553 5601 2680 5653 Editi
2705 5612 2868 5653 autem
2893 5604 3001 5653 fere
3025 5613 3195 5652 omnes
3217 5603 3354 5652 laets.
3404 5597 3529 5652 Tum
3554 5617 3765 5658 crunma,
3787 5610 3884 5658 ante

2307 5669 2466 5729 utilem
2480 5639 2734 5714 3053mm;
2829 5639 2940 5716 1-1σῆ
2950 5666 3014 5715 ad
3043 5663 3191 5729 Belial
3211 5699 3226 5725 ,
3248 5664 3450 5715 Cisterc.
3479 5666 3736 5729 exemplar
3752 5639 3884 5714 1111111-

2308 5726 2369 5776 tit
2387 5741 2400 5786 ;
2417 5735 2591 5791 auctor
2616 5733 2780 5791 noster
2805 5727 2987 5791 legerit
3018 5728 3189 5791 Beliar.

2395 5789 2457 5854 ﬂ
2479 5790 2792 5854 hiinusjgene
2815 5789 2909 5838 duo
2933 5789 3046 5854 Mss.
3074 5789 3155 5851 qni
3175 5791 3407 5854 tulerunt]!
3429 5789 3647 5841 noscitat!
3670 5795 3830 5842 11111111.
3877 5817 3882 5820 -

2399 5845 2457 5916 Ξ)
2489 5847 2625 5903 Unus
2647 5845 2737 5904 Ms.
2763 5863 2908 5917 quam
2930 5850 3030 5905 lata
3049 5845 3316 5917 etspotiosa
3333 5847 3413 5906 ria
3435 5859 3506 5906 est
3531 5859 3614 5905 etc
