4080 6340
193 504 336 565 Vide
356 511 558 579 quanta
586 504 729 561 inter
748 503 847 560 has
870 503 984 561 vias
1002 500 1269 573 separatio
1291 498 1384 569 sit,
1413 501 1783 567 quantumque

189 598 514 657 discrimen.
543 596 635 659 Illa
659 596 726 654 ad
753 603 977 652 mortem
997 634 1014 663 ,
1046 594 1162 649 haec
1188 590 1358 648 tendit
1380 588 1448 647 ad
1474 587 1655 642 vitam.
1686 585 1780 640 llla

189 693 269 762 (α)
288 693 601 750 celebratur
623 699 678 747 et
704 690 889 744 teritur
917 703 945 742 a
976 687 1177 753 multis,
1211 686 1324 740 haec
1348 682 1434 737 vix
1463 679 1729 737 invenitur
1748 693 1778 731 a

188 791 401 858 paucis.
434 784 527 845 illa
553 785 695 847 enim
725 781 865 838 vitiis
894 797 988 853 per
1015 778 1473 841 consuetudinem,
1501 771 1655 844 quasi
1682 771 1777 826 de-

186 879 386 936 clivinr
415 893 479 932 ac
504 877 733 939 mollior,
752 885 805 931 et
822 875 967 931 velut
993 872 1306 945 quibusdam
1331 882 1542 926 ammna
1560 865 1778 921 ﬂoribus

184 970 529 1039 voluptatum
558 968 709 1035 facile
732 966 797 1023 ad
827 981 884 1021 se
912 965 1048 1035 rapit
1074 961 1488 1019 commeantium
1531 957 1775 1012 multitu-

181 1060 371 1116 dinem
408 1060 566 1115 tltat-c
609 1074 735 1114 vero
783 1059 989 1113 insueto
1067 1055 1274 1129 1101
1349 1051 1483 1107 calle
1523 1050 1775 1115 virtutum

184 1152 403 1209 tristior
427 1162 585 1223 atque
614 1150 878 1206 horridior
909 1170 921 1206 :
954 1148 1021 1203 ab
1046 1147 1129 1203 his
1161 1155 1364 1201 tantum
1396 1144 1628 1214 eligitur,
1656 1140 1775 1211 qui—

180 1246 289 1305 bus
320 1263 430 1301 nun
462 1255 568 1301 tam
595 1243 877 1300 delectatio
908 1242 1110 1315 itineris
1135 1239 1284 1296 cordi
1311 1246 1414 1305 est,
1443 1251 1601 1308 quam
1631 1233 1774 1289 utili-

183 1346 266 1394 tas
320 1338 635 1395 mansionis.
683 1341 940 1407 Aepcram
987 1335 1128 1390 enim
1175 1332 1366 1394 nobis,
1403 1338 1456 1386 et
1501 1330 1772 1385 insuavem

178 1430 449 1486 virtutum
477 1431 639 1496 viam,
663 1429 825 1484 nimia
855 1428 983 1483 facit
1009 1427 1255 1482 vitiorum
1280 1421 1631 1487 consuetudo,
1656 1433 1774 1490 qua:

180 1522 224 1577 si
259 1524 314 1577 in
349 1531 554 1593 partem
580 1523 802 1578 alteram
835 1519 1203 1585 transferatur,
1228 1518 1295 1588 (b)
1319 1516 1614 1580 invenietur,
1639 1513 1776 1567 sicut

181 1616 467 1683 Scriptura
495 1617 832 1684 dicit,semita
851 1617 1068 1688 justitia:
1089 1613 1223 1668 (cavis
1243 1612 1421 1682 (Prov.
1441 1609 1496 1665 2.
1514 1609 1602 1664 20.
1620 1609 1775 1679 juxta

143 1724 152 1779 ί
180 1707 386 1779 LXX).
431 1708 697 1765 Ponamus
725 1724 853 1777 ergo
875 1707 984 1778 1am
1015 1708 1275 1760 rationem
1307 1705 1429 1758 vita:
1457 1711 1652 1755 nostra:
1674 1741 1689 1765 ,
1722 1709 1777 1755 et

180 1817 281 1872 per
318 1816 482 1871 quam
529 1800 862 1866 potissimum
904 1798 1211 1869 gradiantur
1248 1795 1419 1859 viam,
1449 1791 1774 1847 conscientia

182 1905 325 1949 teste
353 1894 644 1948 discamus.
672 1890 843 1948 Omne
866 1891 1007 1945 enim
1036 1887 1177 1959 quod
1203 1887 1605 1956 agimus,omnc
1631 1881 1774 1952 quod

181 1985 480 2056 loquimur,
507 1991 599 2039 aut
618 1983 689 2038 de
718 1982 844 2048 lata,
880 1988 969 2035 aut
992 1979 1060 2035 de
1083 1986 1307 2049 angusta
1333 1978 1419 2031 via
1440 1984 1545 2030 est.
1570 1974 1623 2029 Si
1652 1988 1771 2027 cum

180 2078 375 2149 paucis
419 2085 703 2147 angustum
729 2075 829 2129 iter
853 2080 909 2129 et
935 2072 1181 2127 subtilem
1209 2067 1496 2139 quamdam
1524 2066 1771 2121 semitam

180 2170 530 2234 invenimus,
575 2166 643 2223 ad
685 2167 848 2221 vitam
893 2164 1179 2219 tendimus.
1223 2159 1279 2214 Si
1320 2174 1447 2213 vero
1487 2158 1771 2213 multorum

180 2262 509 2317 comitamur
528 2261 690 2327 viam,
717 2255 1010 2315 secundum
1036 2254 1245 2313 Domini
1272 2252 1607 2317 sententiam,
1633 2251 1773 2306 imus

180 2354 250 2410 ad
282 2362 537 2409 mortem.

214 2486 237 2497 -
257 2448 351 2503 lt.
385 2445 439 2499 Si
471 2458 599 2513 ergo
624 2442 749 2497 odio
766 2448 932 2507 atque
955 2438 1149 2494 invidia
1177 2435 1536 2509 possidemur,
1559 2435 1602 2489 si
1626 2434 1777 2503 cupi-

178 2538 342 2605 ditati
387 2544 444 2592 et
484 2534 719 2589 avaritia:
762 2532 1032 2600 cedimus,
1078 2531 1125 2585 si
1168 2527 1453 2600 praesentia
1494 2524 1773 2581 commoda

180 2628 387 2685 futuris
430 2625 761 2697 pra-ferimus
788 2641 804 2679 :
833 2638 929 2695 per
962 2606 1251 2693 spatiosum
1284 2619 1422 2672 viam
1455 2617 1770 2672 incedimus.

179 2719 461 2775 Habemus
485 2717 626 2772 enim
650 2715 717 2771 ad
742 2715 855 2769 haec
880 2713 1132 2769 comitum
1160 2709 1574 2775 multitudinem,
1593 2717 1648 2764 et
1667 2708 1772 2764 late

178 2812 439 2867 similium
485 2809 746 2882 stipamur
783 2805 1099 2878 agminibus.
1147 2802 1204 2859 Si
1237 2801 1563 2859 iracundiam
1592 2799 1772 2855 lihidi~

178 2919 421 2975 nemque
448 2903 666 2972 explere
692 2900 956 2961 volumus,
986 2898 1031 2952 si
1056 2895 1307 2966 iniuriam
1331 2894 1661 2949 vindicamus
1679 2892 1769 2959 [ιιι.

176 2996 482 3067 uindicare],
504 2994 554 3050 si
576 2991 911 3049 maledicenti
935 2989 1383 3055 remaledicimus,
1405 2997 1459 3042 et
1487 2986 1772 3041 adversum

175 3088 464 3161 inimicum
493 3087 708 3144 inimico
732 3086 912 3141 animo
936 3098 1121 3140 sumus
1138 3123 1157 3159 ,
1185 3097 1336 3153 teque
1363 3097 1484 3138 cum
1532 3080 1770 3151 pluribus

176 3179 424 3235 ferimur.
456 3178 514 3235 Si
544 3180 629 3254 vel
654 3178 934 3234 adulamur
955 3177 1074 3248 ipsi,
1097 3175 1184 3232 vel
1208 3173 1513 3230 adulantem
1543 3171 1769 3227 libenter

175 3272 450 3337 audimus,
480 3272 524 3326 si
571 3272 637 3342 (c)
683 3285 872 3327 verum
918 3270 1099 3325 dicere
1134 3268 1303 3339 gratia
1347 3266 1684 3336 impedimur,
1714 3272 1770 3320 et

175 3365 352 3439 magis
402 3362 672 3420 offendere
710 3363 916 3418 animos
963 3362 1238 3417 hominum
1291 3360 1573 3435 timemus,
1607 3372 1768 3430 quam

177 3458 290 3519 non
325 3439 399 3511 ex
441 3455 619 3510 animo
663 3454 839 3531 loqui;
869 3454 937 3509 de
975 3455 1264 3509 multorum
1293 3453 1421 3531 item
1442 3452 1532 3531 via
1561 3465 1765 3507 sumus.

176 3540 285 3607 To't
326 3545 493 3600 uestri
531 3552 655 3623 sunt
694 3528 859 3623 socii,
891 3554 1020 3615 quot
1062 3545 1303 3601 extranei
1346 3528 1607 3615 veritatis.
1640 3544 1711 3597 At
1737 3558 1769 3600 e

176 3636 473 3716 contrario,
501 3632 574 3707 (ά)
596 3636 642 3716 si
666 3635 732 3691 ab
757 3635 840 3691 his
866 3636 1112 3690 omnibus
1135 3636 1277 3690 vitiis
1299 3632 1481 3690 sumus
1506 3634 1767 3701 extranei,

178 3708 228 3787 si
257 3744 451 3802 purum
473 3743 535 3806 ac
557 3708 779 3803 liberum
805 3728 1041 3806 animum
1069 3736 1402 3798 praestamus,
1425 3736 1481 3783 et
1508 3728 1651 3783 omni
1678 3742 1771 3783 cu-

178 3822 407 3894 piditate
431 3802 633 3879 calcata
652 3861 669 3887 ,
699 3802 832 3875 solis
860 3802 1135 3874 studemus
1166 3820 1358 3874 divites
1398 3834 1517 3875 esse
1557 3819 1769 3874 virtuti-

180 3913 289 3989 bus
322 3930 338 3967 :
370 3928 467 3984 per
494 3920 773 3984 angustam
808 3911 945 3967 viam
975 3912 1216 3967 nitimur.
1247 3910 1598 3983 Conversatio
1624 3911 1770 3967 enim

179 4002 283 4080 ista
322 4018 609 4080 paucorum
640 4011 741 4058 est.
784 4001 983 4074 Estque
1024 4018 1299 4071 perrarum
1328 4012 1488 4074 atque
1518 4002 1767 4071 difﬁcile,

182 4076 410 4151 idoneos
460 4076 613 4164 hujus
659 4094 865 4150 itineris
899 4094 1123 4149 comites
1150 4095 1405 4163 reperire.
1443 4092 1580 4162 Quin
1610 4095 1770 4148 etiam

179 4180 336 4242 inulti
383 4166 483 4243 hac
526 4189 603 4244 ire
650 4203 710 4243 se
754 4187 1040 4253 simulant,
1071 4197 1125 4243 et
1164 4204 1257 4260 per
1285 4189 1501 4245 diversa
1527 4202 1770 4244 errorum

180 4272 520 4347 diverticula,
544 4279 608 4333 ad
630 4279 769 4334 viam
791 4278 1144 4335 multitudinis
1161 4290 1518 4337 revertuntur.
1542 4280 1773 4353 ideoque

181 4370 478 4425 timendum
509 4380 612 4437 est,
642 4385 710 4425 ne
740 4385 873 4442 quos
902 4371 1066 4427 duces
1093 4373 1222 4426 recti
1253 4370 1410 4441 hujus
1439 4354 1646 4426 itineris
1678 4356 1772 4428 Ita-

179 4458 314 4537 bere
340 4477 436 4516 nos
460 4458 730 4517 credimus
758 4479 770 4516 :
799 4476 893 4516 eos
922 4465 1147 4518 comites
1178 4461 1466 4518 habeamus
1495 4464 1717 4523 erroris.

255 4528 339 4607 i2.
384 4538 437 4608 Si
485 4538 644 4626 igitur
691 4554 1038 4610 inveniuntur
1076 4557 1355 4626 exempla,
1386 4572 1505 4628 qua:
1535 4572 1632 4613 nos
1677 4572 1772 4628 per

181 4634 322 4700 hanc
360 4636 555 4699 ducant
595 4646 774 4712 viam,
823 4655 877 4701 et
924 4657 1127 4703 rectum
1178 4648 1453 4720 Evangelii
1504 4651 1769 4706 tramitem

181 4743 423 4802 teneant,
449 4736 717 4804 sequenda
739 4744 880 4792 sunt.
908 4736 1000 4794 Sin
1031 4754 1160 4793 vero
1187 4755 1249 4794 ea
1277 4741 1363 4794 vel
1387 4739 1661 4807 deticiunt,
1685 4743 1770 4799 vel

183 4812 712 4911 deiicereputantur,
732 4830 1108 4901 Apostolorum
1127 4830 1296 4886 forma
1376 4834 1584 4909 1102
1658 4836 1767 4890 uni-

183 4924 355 4979 versis
382 4923 653 5009 proposita
682 4930 783 4978 est.
831 4922 1035 4979 Clamat
1071 4938 1168 4979 vas
1207 4924 1487 4980 electionis
1538 4924 1764 5010 Paulus,
1816 4986 1824 4994 ,

186 5029 389 5090 nosque
421 5013 570 5083 quasi
603 5014 667 5069 ad
693 5020 973 5090 angustum
1004 5015 1104 5070 hoc
1133 5015 1232 5070 iter
1257 5029 1585 5083 convocans,
1608 5015 1767 5074 dicit:

182 5088 476 5160 imitatores
504 5105 600 5159 mei
627 5088 814 5172 estote,
844 5108 975 5161 sicut
1005 5114 1051 5162 et
1081 5122 1173 5179 ego
1203 5094 1390 5162 Christi
1419 5096 1495 5177 (1.
1526 5105 1645 5161 Cor.
1678 5094 1764 5163 il.

185 5188 255 5267 Ι).
287 5190 441 5253 Certe
471 5184 611 5270 quod
655 5209 736 5252 est
771 5200 1000 5270 amplius
1026 5200 1311 5267 omnibus,
1340 5199 1506 5269 ipsius
1553 5199 1767 5273 Domini

184 5292 384 5346 relucet
413 5290 713 5362 exemplum
734 5331 748 5356 ,
777 5289 866 5362 qui
910 5292 961 5346 iu
1011 5290 1300 5363 Evangelio
1346 5293 1457 5347 ait:
1496 5290 1673 5347 Venite
1700 5292 1769 5348 ad

252 5464 315 5533 (in)
354 5464 588 5533 itﬁiﬂMss.
615 5465 882 5517 celebratur
905 5481 937 5517 a
968 5458 1186 5533 pluribus
1203 5503 1218 5526 ,
1258 5462 1304 5517 et
1326 5474 1511 5533 tenetur
1534 5483 1565 5519 a
1586 5469 1766 5533 multis.

248 5528 321 5593 (b)
355 5528 496 5594 LXX.
545 5541 707 5594 ιδῃσινν
736 5542 780 5581 δν
818 5528 1217 5594 suamsuam
1254 5542 1383 5588 tu“,
1408 5532 1770 5594 rcinvenissent

185 5591 355 5656 utique
378 5591 798 5654 semitas'justitiae
829 5591 1038 5656 licves.»
1104 5591 1231 5642 Olim
1265 5601 1372 5641 erat
1402 5593 1451 5640 in
1484 5593 1772 5656 quibusdam

188 5653 440 5721 impressis
466 5672 489 5699 ι
506 5653 735 5721 invenies
748 5655 969 5721 semitam
992 5654 1187 5721 iustitiae
1212 5655 1391 5721 levem.
1409 5669 1432 5698 tt

247 5710 328 5781 (c)“
354 5716 665 5767 Cistercieus.
688 5717 781 5781 Ms.
808 5710 1004 5779 duoque'
1042 5717 1161 5767 editi
1207 5717 1285 5766 «si
1308 5729 1427 5768 vero
1450 5716 1656 5781 gratiam
1678 5717 1769 5767 im-

150 5778 443 5842 ,pettditnus
461 5813 475 5836 ,
496 5788 551 5842 _et
572 5780 761 5842 magis»
794 5778 937 5842 etc.__’
1046 5820 1049 5823 λ

214 5836 328 5907 ,(ά)
360 5836 678 5901 Υοςυιιλιὲῐ
699 5844 857 5906 penes
891 5840 1115 5909 lanian.
1144 5842 1354 5909 deerat;
1392 5849 1494 5899 tum
1527 5852 1656 5895 unus
1677 5841 1767 5894 llis.

186 5903 328 5952 uacui
342 5911 505 5952 sumus
528 5916 614 5967 pro
633 5903 800 5958 suntm
820 5903 1062 5963 extranei.

1506 375 1836 439 EPISTOLA
1872 376 2147 439 CXLVIII.

2181 294 2342 314 “—¢t~dd

3325 393 3468 467 tuo

1897 510 2070 593 omnes
2083 495 2170 569 qui
2184 496 2426 593 (alt—oratis
2447 506 2495 557 et
2516 504 2710 560 onerati
2727 506 2863 574 estis,
2883 513 2933 563 et
2948 522 3043 579 ego
3069 506 3140 582 (c)
3158 507 3469 593 requiescere

1890 586 2076 657 faciam
2099 606 2207 646 vos.
2242 589 2425 648 Tollite
2441 594 2627 665 jugum
2651 614 2817 654 meum
2838 616 2993 671 super
3019 616 3125 667 vos,
3155 586 3202 655 et
3232 589 3410 677 discite
3430 620 3466 667 α
3538 634 3569 655 4-

1889 697 2000 748 me,
2023 685 2142 753 quia
2168 685 2301 740 mitis
2319 703 2431 741 sum
2449 727 2465 754 ,
2497 695 2542 741 et
2568 687 2774 744 humilis
2820 692 2972 749 corde
3014 691 3223 761 (Matth.
3240 688 3309 748 Ἠ
3328 730 3340 745 .
3370 679 3464 751 28.

1887 772 2001 847 29),
2035 775 2090 832 Si
2119 779 2473 846 periculosum
2502 790 2586 836 est
2616 782 2805 837 imitari
2834 784 2974 849 illos,
2998 784 3065 841 de
3091 787 3283 857 quibus
3306 786 3466 843 dubi-

1884 874 1967 922 tas
2011 883 2077 922 an
2125 867 2365 925 imitandi
2403 872 2508 926 sint
2535 889 2547 925 :
2578 874 2719 928 hunc
2747 886 2890 930 certe
2921 872 3110 932 imitari
3139 877 3460 935 tutissimum

1884 970 1999 1027 est,
2032 972 2190 1032 atque
2228 963 2343 1034 ejus
2387 965 2605 1036 vestigia
2642 967 2827 1036 sequi,
2860 969 2948 1039 qui
2998 969 3172 1025 dixit:
3202 969 3315 1043 Ego
3342 988 3456 1027 sunt

1884 1054 1983 1118 via,
2017 1056 2221 1120 veritas,
2250 1064 2295 1110 et
2324 1056 2426 1110 vita
2453 1055 2633 1128 (Joan.
2664 1059 2748 1113 14.
2780 1057 2860 1130 6).
2892 1058 3168 1129 Nunquam
3196 1063 3340 1118 enim
3368 1078 3459 1119 er—

1883 1155 1987 1213 rat,
2014 1149 2102 1219 qui
2131 1150 2369 1219 sequitur
2397 1151 2695 1206 veritatem.
2725 1150 2879 1207 Uude
2906 1159 2961 1206 et
2985 1152 3274 1224 Apostolus
3299 1155 3465 1211 Joan-

1883 1252 1979 1294 nes
2000 1240 2074 1293 ait
2101 1256 2114 1293 :
2146 1240 2246 1305 Qui
2275 1240 2395 1295 dicit
2424 1257 2476 1296 se
2504 1244 2555 1296 in
2586 1242 2784 1298 Christo
2808 1259 3028 1308 manere,
3054 1244 3195 1299 debet
3217 1236 3345 1301 sicut
3371 1246 3460 1302 ille

1883 1330 2176 1397 ambulavit,
2203 1343 2250 1386 et
2281 1334 2387 1403 ipse
2414 1335 2674 1390 ambulare
2707 1335 2783 1409 (l.
2806 1335 2966 1395 Joau.
2990 1336 3045 1392 2.
3074 1338 3150 1410 6).
3182 1338 3249 1394 Ει
3277 1341 3462 1395 beatus

1882 1420 2072 1476 Petrus
2100 1424 2172 1476 ait
2198 1440 2210 1476 :
2241 1422 2470 1480 Christus
2498 1442 2593 1496 pro
2624 1426 2766 1483 nobis
2795 1446 2973 1498 passus
2999 1438 3105 1493 est,
3138 1430 3275 1485 vobis
3304 1431 3461 1484 relin-

1881 1528 2036 1580 quens
2061 1514 2367 1581 exemplum,
2397 1525 2450 1569 ut
2474 1518 2754 1588 sequamini
2781 1520 2987 1584 vestigia
3007 1520 3116 1590 ejus
3140 1536 3158 1575 :
3178 1521 3265 1590 qui
3293 1537 3463 1592 pecca-

1882 1616 1988 1661 tum
2014 1625 2112 1662 uou
2143 1610 2255 1681 fecit
2275 1650 2290 1676 ,
2332 1626 2421 1664 nec
2451 1622 2521 1663 est
2552 1611 2781 1666 inventus
2807 1611 2956 1666 dolus
2996 1614 3047 1666 in
3082 1628 3168 1666 ore
3194 1615 3325 1681 ejus.
3359 1614 3458 1681 Qui

1880 1716 1994 1753 cum
2035 1700 2438 1762 malediceretur,
2482 1718 2583 1755 non
2622 1702 2991 1757 maledicebat:
3019 1720 3133 1757 cum
3175 1714 3452 1775 pateretur,

1881 1811 1982 1849 non
2003 1793 2423 1848 comminabatur.
2448 1793 2698 1849 Tradebat
2721 1806 2885 1849 autem
2898 1796 3159 1866 judicanti
3184 1813 3237 1850 se
3255 1798 3463 1867 injuste.

1885 1886 1984 1953 Qui
2013 1896 2219 1958 peccata
2244 1896 2416 1941 nostra
2435 1927 2450 1953 ,
2476 1887 2587 1957 ipse
2614 1887 2826 1957 pertulit
2864 1888 2918 1940 in
2945 1904 3158 1958 corpore
3183 1904 3275 1943 suo
3305 1904 3459 1955 super

1881 1978 2108 2047 lignum,
2135 1986 2187 2031 ut
2214 1979 2433 2048 peccatis
2461 1980 2682 2048 mortui,
2701 1980 2921 2050 justitite
2950 1980 3175 2036 vivamus
3208 1981 3285 2055 (l.
3312 1979 3462 2037 Betr.

1879 2068 1934 2125 2.
1962 2069 2057 2127 2i.
2081 2079 2127 2123 et
2155 2071 2340 2141 seqq.).

1954 2163 2040 2218 15.
2079 2161 2264 2218 Cesset
2308 2164 2481 2219 omnis
2522 2164 2796 2220 excusatio
2839 2178 3119 2233 errorum,
3149 2164 3463 2223 auferantur

1880 2254 2131 2325 peccandi
2165 2253 2303 2310 foeda
2330 2255 2539 2311 solatia.
2571 2254 2715 2310 Nihil
2748 2257 2969 2313 omnino
2995 2257 3224 2328 agimus.
3248 2260 3338 2326 qui
3363 2271 3464 2313 nos

1882 2361 1977 2414 per
2003 2346 2355 2400 multitudinis
2381 2348 2623 2417 exempla
2653 2346 3009 2416 defendimus,
3041 2357 3095 2405 et
3119 2350 3187 2405 ad
3214 2351 3462 2406 consola-

1882 2437 2081 2515 tionem
2101 2445 2354 2502 nostram,
2376 2436 2549 2492 aliena
2572 2454 2716 2509 saepe
2740 2450 3083 2499 numerantes
3106 2441 3249 2504 vitia,
3274 2441 3464 2496 deesse

1880 2527 2035 2584 nobis
2062 2529 2308 2598 dicimus,
2331 2544 2465 2600 quos
2487 2529 2777 2587 debeamus
2804 2533 2977 2603 sequi.
3009 2534 3089 2588 Ad
3113 2534 3254 2589 illius
3279 2548 3464 2590 exem-

1880 2622 2025 2692 plum
2073 2621 2351 2693 mittimur,
2394 2639 2553 2693 quem
2599 2638 2789 2681 omnes
2839 2625 3069 2682 fatemur
3117 2627 3461 2683 imitandum.

1878 2716 2050 2787 Atque
2080 2714 2199 2771 ideo
2232 2714 2496 2786 praecipua
2528 2716 2620 2773 tibi
2650 2733 2780 2774 cura
2809 2720 2899 2788 sit,
2931 2721 3099 2789 legem
3133 2736 3293 2777 nosse
3323 2721 3462 2776 divi-

1879 2824 2000 2864 nam
2026 2824 2043 2863 :
2072 2824 2165 2878 per
2191 2824 2351 2879 quam
2378 2811 2451 2881 (ί)
2485 2810 2660 2879 possis
2681 2852 2696 2875 ,
2726 2813 2879 2882 quasi
2921 2813 3205 2883 praesentia
3235 2828 3460 2870 cernere

1876 2902 2117 2973 exempla
2154 2910 2462 2957 sanctorum
2491 2918 2504 2956 :
2537 2903 2663 2974 quid
2694 2902 2992 2961 faciendum
3021 2906 3112 2971 sit,
3146 2906 3343 2975 quidve
3365 2905 3449 2961 vi-

1876 2994 2092 3050 tandum
2112 3034 2130 3060 ,
2160 2993 2302 3049 illius
2329 2993 2552 3050 consilio
2578 2994 2721 3051 disce
2755 2995 2848 3061 [aL
2873 2995 3117 3064 discere].
3166 2996 3455 3057 Maximum

1876 3087 2017 3144 enim
2057 3086 2124 3142 ad
2157 3086 2419 3158 justitiam
2443 3088 2697 3153 auxilium
2720 3129 2737 3156 ,
2765 3096 2848 3145 est
2874 3088 3099 3160 implere
3121 3091 3319 3151 divinis
3340 3092 3461 3148 elo-

1875 3182 2014 3253 quiis
2057 3182 2292 3237 animum
2313 3221 2330 3250 ,
2359 3190 2414 3236 et
2436 3180 2578 3251 quod
2604 3196 2766 3252 opere
2793 3183 2986 3252 exequi
3009 3183 3219 3253 cupias,
3248 3198 3464 3254 semper

1874 3274 2036 3330 corde
2060 3274 2330 3329 meditari.
2362 3274 2502 3330 Rudi
2527 3273 2702 3330 adhuc
2730 3275 2946 3345 populo,
2977 3284 3033 3331 et
3059 3276 3363 3333 hominibus
3392 3276 3463 3333 ad

1873 3365 2229 3424 obedientiam
2276 3365 2540 3431 insuetis,
2573 3380 2668 3435 per
2710 3365 2929 3438 Moysen
2970 3350 3264 3436 imperatur
3292 3382 3322 3422 a
3356 3368 3463 3424 Do-

1873 3459 2041 3524 mino,
2072 3468 2129 3515 ut
2156 3460 2209 3514 in
2238 3458 2452 3531 signum
2482 3459 2785 3526 memoria,
2814 3474 2916 3529 qua
2947 3469 3216 3531 praecepta
3249 3459 3462 3516 Domini

1873 3548 2223 3607 recordentur
2240 3565 2254 3605 :
2274 3549 2350 3620 (g)
2378 3561 2473 3618 per
2486 3548 2722 3617 singulas
2738 3548 3176 3605 vestimentorum
3201 3548 3460 3617 ﬁmbrias,

1876 3639 2105 3696 habeant
2147 3656 2268 3694 cum
2311 3654 2473 3695 cocco
2522 3639 2852 3710 hiacyuthini
2881 3639 3081 3694 coloris
3108 3640 3373 3711 insignia,
3405 3648 3465 3696 ut

1875 3731 2033 3788 etiam
2060 3745 2188 3786 casu
2226 3730 2330 3786 huc
2359 3730 2591 3800 illucque
2617 3730 3030 3800 respicientibus
3066 3733 3270 3798 oculis,
3303 3748 3462 3789 man-

1875 3823 2118 3877 datorum
2162 3821 2465 3876 cmlestium
2512 3820 2770 3876 memoria
2818 3832 3088 3879 nascatur.
3138 3822 3215 3879 De
3262 3823 3456 3893 quibus

1877 3911 2098 3969 ﬁmbriis
2126 3911 2380 3970 Pharisaei
2410 3912 2803 3990 redarguuntur
2823 3928 2855 3971 a
2878 3913 3103 3968 Domino
3124 3912 3339 3985 (Matth.
3365 3915 3461 3971 25.

1875 4005 1982 4077 5),
2065 4006 2273 4077 1103
2345 4004 2488 4076 quod
2517 4020 2610 4060 eas
2635 4020 3018 4075 perversotusu
3036 4048 3052 4075 ,
3082 4024 3187 4063 non
3216 4010 3283 4064 ad
3311 4018 3460 4065 com-

1876 4097 2220 4152 monitionem
2250 4104 2639 4166 praeceptorum
2665 4096 2787 4162 dei,
2824 4098 2918 4154 sed
2947 4100 3013 4154 ad
3039 4100 3457 4157 ostentationem

1876 4188 1956 4243 sui
1986 4187 2184 4245 habere
2211 4187 2494 4258 eruperint,
2529 4196 2586 4242 ttt
2608 4189 2813 4245 scilicet
2840 4191 2992 4260 quasi
3018 4190 3087 4246 de
3115 4192 3331 4261 majoris
3357 4193 3458 4249 ob-

1876 4281 2193 4337 servationis
2226 4281 2517 4352 diligentia,
2550 4283 2720 4337 sancti
2751 4298 2782 4338 a
2811 4284 3007 4354 populo
3033 4284 3424 4353 judicarentur.

1950 4374 2039 4430 M.
2080 4373 2198 4429 'l'ibi
2224 4389 2352 4429 vero
2378 4374 2611 4429 servanti
2642 4388 2748 4430 non
2791 4374 2901 4444 jam
2933 4374 3124 4431 litterae
3153 4388 3416 4451 pracepta
3438 4406 3458 4445 ,

1876 4464 1970 4543 sed
1999 4465 2217 4535 spiritus
2237 4504 2250 4528 .
2279 4464 2581 4520 divinorum
2609 4465 2981 4521 mandatorum
3008 4469 3268 4522 memoria
3299 4468 3461 4538 spiri-

1875 4557 2092 4627 tualiter
2113 4555 2407 4613 excolenda
2436 4565 2538 4613 est.
2561 4554 2660 4612 Cui
2682 4572 2788 4612 non
2811 4565 2917 4613 tam
2945 4555 3258 4627 frequenter
3278 4574 3462 4616 recor-

1875 4651 2046 4709 danda
2070 4658 2197 4706 sunt
2228 4657 2491 4721 praecepta
2521 4648 2768 4716 Domini,
2794 4664 2951 4719 quam
2980 4663 3192 4721 semper
3219 4652 3463 4723 cogitan-

1876 4744 1961 4800 da.
2007 4743 2125 4798 Sint
2168 4757 2297 4813 ergo
2339 4740 2533 4817 divinae
2572 4740 2864 4811 Scriptura;
2889 4756 3105 4813 semper
3133 4743 3186 4797 in
3216 4744 3463 4803 manibus

1877 4837 2014 4904 tuis,
2047 4845 2102 4890 et
2140 4832 2335 4905 jugiter
2374 4840 2554 4890 mente
2594 4833 2895 4891 volvantur.
2941 4832 3051 4893 Nec
3075 4820 3329 4893 sufﬁcere
3365 4836 3463 4892 tibi

1941 5035 2013 5098 (ε)
2045 5034 2142 5085 Alii
2167 5032 2528 5098 editireﬁciam
2548 5045 2644 5086 vos.
2846 5076 2857 5098 ,
2982 5074 2989 5087 .

1939 5094 2010 5161 (Γ)
2048 5098 2144 5161 l’ro
2165 5094 2317 5158 possis
2338 5094 2694 5161 Cistercienses
2714 5096 3009 5161 membranae
3029 5102 3183 5161 putes.
3248 5148 3269 5161 Δ
3312 5156 3321 5161 ι
3390 5150 3393 5157 _

1939 5154 2011 5231 (if)
2048 5160 2141 5207 Pro
2165 5154 2565 5231 'coccoACisterc.
2605 5158 2695 5231 his.
2724 5163 2850 5231 toto,
2891 5158 2973 5231 alii
3011 5154 3157 5231 tota,
3186 5154 3269 5231 vel
3303 5154 3462 5231 torta:

1875 5220 2056 5284 vitiosc
2079 5234 2250 5271 omnes
2268 5255 2284 5280 ,
2306 5229 2360 5271 ut
2381 5224 2528 5283 puto;
2552 5220 2671 5284 quid
2694 5222 2823 5273 enim
2846 5222 2906 5272 ad
2922 5235 3029 5284 rem
3052 5222 3387 5284 facitcocws,
3410 5224 3464 5284 ut:

1910 5297 1939 5333 e
1962 5284 2051 5349 hac
2075 5290 2260 5349 tantum
2291 5281 2408 5339 voce
2431 5281 2585 5349 dicam
2601 5320 2614 5344 ,
2649 5296 2793 5349 quam
2814 5283 3083 5349 praeferunt
3105 5282 3223 5347 editi
3248 5294 3422 5349 omnes
3439 5281 3463 5330 ?

1876 5333 1974 5394 Sed
2001 5353 2052 5393 ut
2077 5333 2323 5407 intelligas
2360 5333 2516 5407 totum
2546 5333 2682 5395 hunc
2711 5333 2868 5407 locu'm
2904 5357 3017 5395 esse
3049 5333 3326 5407 corruptum
3345 5380 3358 5400 ,
3383 5354 3463 5407 ne

1873 5406 1973 5471 duo
1992 5407 2191 5471 quidem
2223 5404 2480 5471 s‘uutAMss.
2520 5406 2863 5471 exemplaria,
2906 5418 3019 5468 quae
3055 5404 3229 5471 iisdem
3265 5405 3461 5454 omnino

1874 5464 2041 5519 verbis
2078 5468 2260 5530 legant.
2330 5468 2657 5521 Cisterciense
2678 5464 2827 5532 'quod
2850 5464 3018 5532 unum
3054 5464 3278 5527 profero:
3333 5478 3460 5527 «per

1877 5528 2223 5600 extremitates
2241 5533 2641 5600 vestitneqtoriun
2657 5528 2868 5600 ﬁmbrias
2889 5528 3118 5600 habeant,
3152 5538 3341 5589 ρεειιυυ,
3360 5534 3462 5600 toto

1874 5591 2137 5657 byaciutiui
2176 5594 2352 5657 cotoris
2393 5592 2659 5656 insignia.»
2725 5590 2872 5657 cuius
2916 5590 3140 5657 lectiouis
3177 5601 3288 5657 cqm
3328 5590 3465 5651 prius

1876 5643 2061 5721 comma
2086 5655 2399 5721 editislouge
2424 5643 2676 5721 [traherem
2697 5689 2720 5721 ι
2755 5643 2965 5721 alterum
3002 5646 3161 5721 malim
3189 5643 3461 5721 siccaneu-

1875 5708 1997 5772 dare
2008 5731 2069 5767 ex
2086 5708 2309 5789 ingenio:
2332 5708 2509 5825 Easque
2524 5708 2671 5785 ﬂoreo
2701 5708 2964 5776 hyacintiut'
3002 5708 3462 5786 colorisinsigniunt.

1875 5778 2052 5825 Notum
2074 5792 2259 5825 unione
2281 5786 2359 5825 est
2379 5790 2408 5825 a
2460 5778 2694 5825 mmmam
2709 5813 2723 5825 .
2747 5786 2857 5825 uuae
2881 5780 3152 5825 extremam
3177 5770 3305 5825 oallu
3328 5785 3462 5825 oram

1874 5770 2052 5844 Notum
2074 5770 2259 5844 quippe
2281 5786 2359 5828 est
2379 5770 2442 5826 ad
2460 5770 2694 5844 muluium
2709 5770 2857 5844 (quae
2881 5780 3152 5844 estreman‘t
3176 5770 3305 5844 paliii
3324 5785 3467 5844 oram

1875 5830 2239 5903 ambiebat,"e
2281 5848 2487 5903 quatuor
2532 5830 2877 5903 ejusqan‘gulis
2904 5835 3095 5896 ﬂoccos
3128 5830 3467 5901 hiacintbiuos

1878 5851 2123 5895 ambiebat
2141 5879 2156 5902 ,
2208 5853 2239 5891 e
2281 5851 2487 5903 quatuor
2532 5852 2561 5886 θ
2582 5851 2657 5891 us,
2681 5851 2741 5886 an
2780 5851 2876 5895 uiis
2904 5851 3095 5896 .upecos

1878 5899 2202 5972 pependisse,
2222 5902 2358 5968 quod
2375 5912 2536 5965 usque
2898 5904 3121 5953 servant.
