4080 6340
590 412 725 470 1211

590 534 745 597 putes
769 521 1017 580 mandata
1044 518 1142 576 Dei
1163 513 1419 573 memoria
1444 520 1650 579 tenere,
1677 519 1732 565 et
1757 506 2010 597 operibus
2029 502 2174 597 obli-

591 593 742 672 visci.
767 613 874 670 Sed
901 612 1024 667 ideo
1052 609 1140 665 illa
1165 619 1464 678 cognosce,
1493 613 1551 658 ut
1593 601 1754 656 facias
1796 593 2043 668 quicquid
2091 593 2176 646 fa-

591 707 837 763 ciendum
865 702 1136 759 didiceris.
1168 698 1290 754 Non
1315 698 1444 752 enim
1471 694 1728 750 auditores
1759 691 1886 768 legis
1900 689 2033 759 justi
2055 696 2176 741 sunt

592 799 732 868 apud
755 797 942 862 Deum,
965 796 1052 850 sed
1079 797 1295 866 factores
1316 789 1439 860 legis
1457 783 1882 858 justiﬁcabuntur
1909 781 2088 852 (Rom.
2108 777 2170 833 2.

592 890 709 960 51).
731 887 895 942 Latus
923 886 1139 958 quidem
1165 893 1219 938 et
1247 883 1540 956 immensus
1569 876 1764 952 divina:
1799 875 1930 945 legis
1954 885 2179 943 campus

594 979 917 1036 extenditur.
959 974 1324 1044 Qui'diversis
1369 969 1688 1027 testimoniis
1719 965 1990 1032 veritatis,
2034 964 2181 1018 velut

593 1071 903 1127 caelestibus
927 1067 1247 1140 quibusdam
1265 1065 1485 1119 ﬂoribus
1507 1077 1758 1128 vernans,
1779 1059 1911 1113 mira
1942 1055 2196 1112 oblecta-'

594 1165 739 1220 tione
771 1165 993 1235 legentis
1017 1161 1254 1216 animum
1284 1157 1452 1227 pascit
1478 1170 1542 1210 ac
1567 1153 1793 1209 refovet.
1831 1151 1962 1220 Quae
2001 1150 2179 1203 omnia

593 1270 806 1326 semper
833 1266 1157 1324 cognoscere
1177 1293 1192 1317 ,
1223 1262 1511 1329 secumque
1545 1246 1822 1327 revolvere
1844 1285 1858 1309 ,
1893 1244 2082 1311 ingens
2113 1239 2181 1294 ad

593 1346 1012 1405 conservandam
1039 1343 1298 1415 justitiam
1325 1340 1642 1419 beneﬁcium
1667 1347 1769 1392 est.
1800 1336 1904 1390 Sed
1931 1335 2082 1405 quasi
2114 1333 2198 1417 ad"

593 1439 1029 1510 compendiosum
1056 1436 1321 1507 quoddam
1353 1433 1432 1505 (a)
1458 1431 1946 1493 commonitorium,
1972 1432 2059 1485 illa
2083 1430 2180 1485 tibi

594 1533 864 1608 Evangelii
909 1530 1149 1604 eligenda
1193 1529 1463 1604 sententia
1511 1535 1624 1589 est,
1651 1537 1704 1580 et
1734 1522 2178 1602 superscribenda

593 1624 743 1680 cordi
776 1634 864 1678 tuo
885 1665 901 1690 ,
928 1638 1046 1693 qua:
1075 1621 1140 1676 ad
1168 1621 1330 1694 totius
1351 1618 1572 1688 justitize
1608 1617 1931 1672 breviarium
1955 1658 1970 1682 ,
2003 1616 2181 1671 domi-

592 1716 716 1771 nico
754 1730 848 1790 ore
882 1713 1185 1788 profertur:
1215 1711 1401 1765 Omnia
1441 1724 1766 1787 quaecumque
1792 1708 1944 1784 uultis
1992 1716 2046 1761 ut
2097 1710 2199 1780 [ιι-ί

594 1808 732 1860 ciant
776 1806 914 1861 vobis
951 1806 1178 1860 homines
1201 1845 1214 1868 ,
1243 1804 1350 1856 Ita’c
1376 1812 1421 1856 et
1447 1819 1532 1855 vos
1559 1801 1714 1872 facite
1735 1800 1858 1854 illis.
1895 1799 2020 1854 Iltec
2050 1800 2185 1854 enim

596 1894 704 1950 Lex
724 1905 769 1950 et
795 1895 1071 1966 PrOpIteta:
1089 1893 1304 1971 (Matth.
1332 1894 1383 1946 7.
1410 1892 1522 1971 12).
1552 1891 1776 1970 Infinita:
1805 1905 2034 1959 namque
2060 1897 2188 1945 sunt

595 1987 823 2056 species,
851 1969 1137 2056 partesque
1161 1969 1413 2054 iustitiae:
1434 1969 1568 2052 quas
1590 1995 1694 2036 non
1718 1981 1880 2035 modo
1901 1982 2039 2052 stylo
2069 1997 2189 2051 per-

595 2078 769 2147 sequi,
799 2077 893 2132 sed
915 2077 1236 2147 cogitatione
1262 2075 1420 2128 etiam
1451 2087 1645 2142 capere
1680 2072 2051 2126 difficillimqu
2080 2081 2184 2128 est.

595 2169 740 2235 Quas
766 2184 952 2223 omnes
981 2183 1084 2232 una
1112 2183 1174 2222 ac
1204 2151 1353 2222 brevi
1378 2165 1642 2220 sententia
1671 2153 2188 2244 comprehendit,et

596 2246 853 2316 latentem
882 2261 1158 2315 hominum
1190 2243 1598 2325 conscientiam,
1625 2247 1835 2313 secreto
1861 2258 2022 2313 animi
2044 2256 2190 2327 judi-

595 2354 700 2420 cio,
729 2363 820 2408 aut
843 2354 1090 2420 absolvit,
1123 2361 1214 2407 aut
1238 2355 1481 2406 damnat.
1734 2375 1736 2378 ν
2107 2398 2118 2405 .

574 2451 590 2464 ’
669 2447 758 2502 15.
782 2429 883 2500 ’Λᾶ
909 2460 1123 2501 omnem
1156 2444 1314 2514 igitur
1341 2453 1542 2510 actum,
1567 2450 1633 2496 ad
1664 2456 1823 2497 omne
1843 2440 2091 2522 verbum,
2119 2439 2186 2496 ad

596 2553 812 2592 onmem
840 2539 1000 2592 etiam
1027 2538 1318 2608 cogitatum
1344 2577 1360 2604 ,
1389 2536 1505 2590 hinc
1530 2534 1793 2589 sententia
1826 2542 2146 2614 retractetur
2171 2553 2186 2590 :

597 2646 716 2699 qua:
761 2631 853 2684 tibi
897 2631 1050 2700 quasi
1099 2614 1376 2700 speculum
1421 2625 1692 2700 quoddam
1731 2638 2010 2698 paratum,
2038 2637 2093 2683 et
2119 2629 2187 2685 ad

602 2711 816 2774 manum
861 2737 1075 2792 semper
1115 2725 1384 2793 positum,
1426 2723 1737 2793 qualitatem
1770 2730 1876 2776 tua:
1892 2713 2189 2778 voluntatis

599 2813 881 2880 ostendat,
915 2830 977 2870 ac
1013 2815 1173 2870 etiam
1199 2816 1282 2870 vel
1321 2815 1389 2869 de
1429 2815 1629 2882 injusto
1655 2829 1821 2883 opere
1851 2813 2138 2883 redarguat
2163 2855 2180 2883 ,

600 2906 684 2961 vel
715 2906 782 2961 de
806 2906 954 2976 justo
981 2907 1236 2962 Izetiﬁcet.
1281 2890 1735 2974 Quotiescumque
1761 2906 1905 2960 enim
1938 2906 2102 2962 talem
2133 2907 2200 2963 in'

599 2996 824 3052 alterum
854 2997 1104 3052 habueris
1132 2998 1408 3062 animum,
1452 2995 1666 3066 qualem
1713 2995 1767 3066 in
1815 3003 1867 3051 te
1910 2995 1979 3050 ab
2017 2997 2190 3053 altero

601 3091 803 3144 servari
851 3091 1043 3160 cupis,
1086 3079 1353 3160 aequitatis
1382 3075 1530 3144 viam
1577 3075 1764 3145 tenes.
1797 3077 2016 3157 Quoties
2059 3100 2204 3145 vero’

604 3180 726 3234 talis
751 3195 877 3250 erga
904 3182 1126 3257 alterum
1157 3182 1342 3246 fueris,
1366 3181 1578 3258 qualem
1608 3181 1663 3234 in
1691 3191 1743 3236 te
1771 3182 1852 3236 vis
1884 3182 2188 3236 neminem:

605 3273 706 3324 iter
744 3272 965 3340 justitiae
1047 3271 1257 3342 1104Ρ
1331 3262 1814 3340 ιιειιριίίιιιὶειί.ῗΕιι
1847 3280 2013 3327 totum
2058 3270 2190 3324 illud

603 3361 796 3414 divinae
825 3362 955 3430 legis
984 3361 1212 3414 arduum
1245 3370 1522 3431 totumque
1549 3351 1803 3415 difﬁcile.
1822 3360 1900 3414 En
1929 3361 1997 3416 ob
2021 3350 2204 3431 quam

603 3446 828 3504 causam
859 3452 989 3506 dura
1035 3451 1256 3528 imperia
1290 3451 1518 3506 Domino
1541 3452 1900 3507 reclamamus
1922 3494 1936 3519 ,
1969 3462 2022 3507 et
2049 3451 2186 3506 dici-

605 3533 725 3596 mus
755 3533 967 3599 nos‘vel
996 3533 1344 3610 difﬁcultate,
1374 3530 1460 3596 vel
1507 3533 1932 3614 impossibilitate
1962 3544 2190 3599 manda-

605 3644 779 3705 torum
812 3637 1000 3705 premi.
1045 3635 1152 3691 Nec
1185 3635 1416 3702 sufﬁcit,
1448 3636 1588 3704 quod
1615 3637 1763 3706 jussa‘
1793 3653 1899 3692 non
1927 3637 2151 3695 facimus
2173 3670 2199 3706 ,η

605 3726 707 3781 nisi
749 3728 909 3781 etiam
949 3728 1228 3798 jubentem
1289 3729 1547 3798 injustum
1593 3729 1996 3798 pronuntiemus
2024 3748 2037 3784 :
2065 3731 2190 3786 dum

605 3818 780 3888 ipsum
809 3811 1074 3890 aequitatis
1103 3829 1398 3886 auctorem,
1433 3821 1727 3875 non-modo
1752 3822 1878 3876 dura
1908 3833 1962 3878 et
1989 3824 2154 3879 ardua
2174 3865 2192 3891 ,

606 3911 700 3965 sed
730 3913 890 3965 etiam
925 3905 1272 3987 impassibilia
1305 3901 1624 3983 praecepisse
1644 3916 2040 3984 conquerimur.
2070 3915 2198 3970 0m-

607 4001 724 4067 nia,
757 4003 960 4072 inquit,
990 4019 1314 4075 quacumque
1344 4005 1494 4060 vultis
1515 4047 1529 4072 ,
1559 3995 1614 4059 ut
1639 3996 1836 4077 faciant
1858 3996 2198 4064 vobis/torni?

609 4109 696 4166 nes
714 4135 729 4159 ,
757 4094 864 4148 haec
892 4104 940 4148 et
968 4111 1053 4150 uos
1079 4095 1236 4165 facite
1260 4097 1385 4151 illis.
1441 4097 1703 4168 Conjungi
1732 4099 1846 4154 vult
1891 4101 2028 4155 inter
2059 4115 2160 4156 nos
2179 4125 2198 4166 ,*

609 4193 767 4254 atque
782 4181 1048 4250 Connecti,
1066 4182 1160 4256 per
1177 4198 1356 4242 mutua
1375 4188 1631 4243 beneﬁcia
1650 4192 1950 4246 caritatem.
1971 4192 2200 4248 Omnes-

609 4290 715 4345 que
755 4275 1000 4356 homines
1026 4279 1224 4332 vicario
1257 4281 1394 4334 inter
1424 4295 1484 4335 se
1513 4297 1696 4336 amore
1734 4273 2008 4354 copulari,
2043 4296 2102 4340 ut
2147 4285 2200 4340 id

611 4385 933 4441 unoquoque
973 4363 1654 4444 priestante'alteri,quod
1697 4377 1797 4432 sibi
1837 4380 1905 4433 ab
1946 4380 2198 4434 omnibus

613 4450 854 4532 praestari
887 4463 1013 4517 velit
1039 4481 1053 4518 :
1079 4471 1184 4518 tota
1212 4464 1469 4534 iustitia",
1491 4475 1546 4522 et
1576 4452 1903 4538 praeceptum
1935 4469 2037 4524 hoc
2067 4471 2159 4526 Dei
2180 4474 2204 4540 ,4

611 4556 911 4611 communis
931 4557 1001 4610 sit
1029 4557 1229 4612 utilitas
1256 4546 1552 4613 hominum.
1578 4559 1663 4624 Et,
1683 4546 1723 4614 ’ό
1747 4561 1932 4615 miram
1961 4561 2202 4618 clemené

612 4649 738 4702 tiam
769 4650 1010 4706 Domini!
1039 4666 1072 4707 o
1111 4650 1431 4706 ineffabilem
1480 4641 1572 4706 Dei
1603 4648 2020 4724 benignitatem!
2051 4655 2200 4711 Prie-

613 4733 776 4818 mium
805 4745 960 4799 nobis
987 4746 1292 4816 pollicetur,
1327 4747 1369 4801 si
1398 4732 1508 4800 nos
1526 4745 1755 4805 invicem
1779 4746 2104 4819 diligamus,
2144 4749 2195 4804 id

614 4847 715 4900 est,
743 4838 789 4892 si
813 4839 970 4910 nobis
996 4839 1060 4894 ea
1091 4840 1404 4910 prieStemus
1433 4840 1681 4907 invicem,
1701 4844 1936 4911 quorum
1961 4840 2194 4895 vicissim

614 4927 930 4997 indigemus.
980 4931 1046 4985 Et
1071 4945 1168 4985 nos
1198 4931 1429 5000 superbo
1459 4932 1618 4986 simul
1661 4943 1714 4986 et
1748 4931 1956 5002 ingrato
1983 4932 2162 4987 animo
2182 4973 2198 4998 ,

613 5020 731 5090 ejus
771 5023 1053 5077 renitimur
1079 5023 1344 5079 voluntati
1371 5042 1384 5079 :
1413 5025 1567 5093 cujus
1591 5025 1753 5079 etiam
1782 5024 2064 5096 imperium
2096 5023 2194 5080 be-

615 5115 860 5186 neficium
877 5125 993 5188 est.
1187 5099 1190 5102 ’
1525 5170 1544 5191 _,
1717 5179 1719 5183 ι

690 5210 778 5266 l6.
819 5208 960 5264 Nulli
1001 5224 1230 5279 unquam
1273 5211 1495 5264 omnino
1523 5208 1778 5266 detrahas
1799 5251 1812 5275 ,
1841 5224 1940 5264 nec
1968 5208 2198 5263 aliorum

616 5286 1006 5372 vituperatione
1051 5309 1118 5371 te,
1148 5299 1466 5371 laudabilem
1507 5301 1678 5377 videri
1718 5301 1857 5377 velis
1881 5293 2207 5374 :«magisque‘

618 5396 778 5448 vitam
814 5405 954 5447 tuam
989 5389 1062 5464 (b)
1092 5405 1286 5447 ornare
1315 5390 1482 5456 disce,
1516 5407 1676 5461 quam
1697 5393 1928 5448 alienam
1957 5405 2202 5461 carpere.

676 5531 749 5592 (a)
780 5529 1211 5581 Penes'Erasmum
1229 5544 1284 5580 ac
1293 5528 1534 5579 Martian.‘
1551 5527 1723 5589 «quasi
1734 5526 1792 5576 ad
1810 5527 2205 5589 compendiosum

612 5592 804 5653 locum,
825 5595 1063 5656 quoddam
1086 5593 1500 5643 commonitorium
1510 5596 1660 5656 rete:
1681 5615 1685 5619 ε
1706 5651 1715 5656 _
1736 5615 1741 5620 ι
1899 5609 1943 5656 '__
2026 5651 2035 5656 _
2199 5615 2207 5624 -

627 5671 630 5674 ·
677 5659 749 5716 (υ)
783 5649 863 5704 Sic
889 5655 1111 5718 uerique
1146 5657 1444 5718 Mssgatque
1485 5653 1601 5702 editi
1641 5651 1857 5718 habent;
1899 5649 2207 5718 Martianaaus

613 5710 1081 5778 vcro'postdirasm.
1107 5710 1381 5768 ordiaaref-
1411 5716 1718 5778 Sequentem
1757 5710 1913 5760 locum
1944 5726 2008 5778 ex
2038 5712 2206 5778 Grgeco

613 5779 739 5842 legit
756 5774 951 5829 Auctor
985 5789 1184 5842 noster,
1220 5774 1623 5842 Vulgatusuenim
1663 5775 2076 5837 interpresjuxta
2100 5774 2204 5823 He-

612 5838 824 5892 braieam
865 5838 1494 5909 veritatem_habet',_1voli
1526 5838 1732 5909 diligere
1771 5849 2014 5909 somnum,
2056 5850 2116 5909 ne
2160 5842 2207 5909 t_e

605 5909 796 5967 egestas
1122 5904 1292 5956 Tantae
1313 5899 1768 5954 diversitatisfratio
1803 5899 2030 5962 petenda.
2044 5908 2124 5954 est
2145 5900 2211 5957 ab

1899 385 2146 448 SANCTI
2185 382 2563 442 HIERONYMI

3724 372 3860 430 1212

2285 501 2361 555 Ac
2387 513 2600 570 semper
2638 497 2925 570 Scripturze
2953 512 3158 555 memor
3185 506 3302 554 esto
3329 496 3557 554 dicentis
3592 514 3607 550 :
3635 495 3765 551 Noti
3785 499 3863 552 dio

2285 593 2441 664 [igere
2477 593 2774 661 detrahere,
2807 610 2869 648 ne
2911 592 3178 649 eradiceris
3208 591 3407 666 (Prov.
3445 591 3538 646 20.
3578 591 3672 646 15.
3711 591 3868 662 juxta

2285 682 2482 754 LXX).
2533 685 2695 740 Pauci
2722 685 3006 753 admodum
3038 694 3191 752 sunt,
3226 686 3317 756 qui
3359 684 3485 740 huic
3509 685 3640 739 vitio
3666 698 3871 740 renun-

2287 777 2448 842 tient,
2481 793 2708 849 raroque
2732 780 3001 846 invenies,
3029 781 3120 850 qui
3147 781 3217 834 ita
3244 769 3411 835 vitam
3441 794 3596 834 suam
3627 773 3878 850 irrepre-'

2287 868 2606 924 hensibilem
2632 871 2887 928 exhibere
2911 873 3095 933 velint,
3119 880 3176 926 ut
3202 886 3307 926 non
3331 871 3559 926 libenter
3584 871 3874 941 reprehen-

2287 961 2414 1017 dant
2438 963 2687 1020 alieuam.
2717 965 2991 1037 Tantaque
3018 950 3173 1035 hujus
3193 967 3316 1020 mali
3346 966 3510 1044 libido
3537 976 3750 1020 mentes
3779 965 3876 1020 lto-

2287 1057 2488 1110 miuum
2519 1057 2729 1124 invasit,
2762 1069 2820 1113 ut
2847 1061 3007 1115 etiam
3032 1061 3123 1136 qui
3156 1059 3340 1128 procul
3367 1060 3436 1115 ab
3460 1059 3761 1114 aliiS'vitiis
3788 1073 3874 1114 re-

2288 1162 2584 1218 cesserunt,
2618 1153 2670 1206 in
2700 1152 2840 1207 istud
2875 1162 3052 1208 tamen
3082 1153 3232 1222 quasi
3265 1155 3317 1209 in
3343 1165 3646 1211 extremum
3673 1151 3884 1207 diaboli

2290 1241 2535 1310 laqueum
2567 1245 2820 1300 incidant.
2852 1245 2932 1300 Tu
2961 1261 3092 1301 vero
3119 1247 3222 1304 hoc
3250 1230 3444 1304 malum
3477 1250 3549 1304 ita
3579 1247 3788 1318 effuge,
3816 1257 3874 1303 ut

2290 1348 2395 1388 non
2424 1335 2583 1412 modo
2613 1337 2726 1406 ipsa
2754 1338 2870 1393 non
2886 1338 3137 1396 detrahas
3156 1382 3171 1407 ,
3202 1343 3294 1396 sed
3325 1357 3390 1397 ne
3415 1342 3752 1412 alii’quidem
3779 1340 3874 1398 de-

2291 1426 2544 1492 trahenti,
2562 1426 2849 1501 aliquando
2874 1434 3082 1489 credas.
3099 1434 3209 1491 Nec
3222 1419 3685 1492 'obtrectatoribu's
3699 1447 3879 1492 aucto-

2289 1518 2501 1574 ritatem
2532 1521 2600 1577 de
2624 1538 2894 1580 consensu
2925 1527 3123 1582 tribuas
3155 1546 3168 1583 :
3209 1544 3276 1584 ne
3315 1545 3500 1584 eorum
3535 1531 3728 1584 vitium
3776 1539 3885 1584 nu-‘

2293 1610 2441 1676 trias,
2466 1615 2769 1682 annuendo.
2807 1615 2953 1683 Noli,
2986 1619 3155 1690 inquit
3181 1620 3479 1690 Scriptura,
3509 1630 3878 1678 consentaneus

2291 1717 2397 1756 esse
2415 1718 2529 1756 cum
2549 1705 2907 1777 derogantibus
2933 1710 3495 1783 adversus/proximum
3511 1707 3678 1782 tuum,
3711 1725 3880 1770 etnon

2290 1795 2508 1864 accipies
2530 1797 2787 1868 (c).super
2812 1800 2962 1878 illum
2987 1815 3268 1873 peccatum.
3297 1807 3360 1862 Et
3383 1807 3509 1862 alibi
3536 1826 3550 1862 :
3576 1808 3705 1878 Sepi
3735 1825 3881 1863 aures

2294 1896 2407 1940 tuas
2431 1890 2613 1957 spinis,
2642 1900 2690 1944 et
2719 1893 2825 1947 noli
2848 1877 3028 1949 audire
3057 1897 3289 1968 linguam
3317 1885 3534 1968 nequam
3563 1877 3759 1968 (Eccli.
3791 1900 3876 1955 28.

2291 1975 2407 2045 28).
2433 1977 2585 2034 Unde
2612 1993 2666 2035 et
2685 1982 2876 2058 beatus
2906 1986 3093 2053 David,
3118 1988 3360 2046 diversas
3441 1991 3652 2062 1105
3731 1991 3878 2046 ἱιιηο-

2293 2073 2485 2127 ρθηιὶίιξ
2507 2075 2715 2143 species
2730 2077 3056 2150 justitizeque
3071 2081 3438 2149 dinumerans,
3460 2084 3527 2138 de
3549 2084 3651 2139 hac
3673 2100 3879 2155 quoque

2295 2163 2490 2218 virtute
2512 2181 2616 2221 non
2640 2171 2824 2237 tacuit,
2848 2170 3078 2246 dicendo
3104 2191 3118 2228 :
3146 2173 3216 2248 Et
3244 2174 3583 2248 approbrium
3609 2192 3714 2230 non
3741 2194 3877 2230 acce-

2293 2252 2368 2321 pit
2391 2255 2632 2310 adversus
2647 2260 2918 2329 proximos
2946 2249 3065 2318 suos
3098 2263 3408 2336 (Psal.“.
3426 2265 3467 2321 ’4
3496 2266 3515 2338 )
3544 2285 3557 2320 :
3582 2267 3874 2338 propterea

2294 2345 2437 2413 quod
2470 2345 2582 2416 ipse
2610 2365 2714 2404 non
2745 2355 2918 2408 solum
2939 2355 3279 2434 adversatur,
3298 2358 3390 2414 sed
3417 2360 3577 2414 etiam
3609 2361 3882 2431 persequi-

2295 2444 2382 2519 tur
2435 2437 2827 2521 detrahentem.
2880 2446 2968 2501 Ait
3021 2447 3166 2503 enim
3216 2467 3231 2504 :
3277 2449 3644 2505 Detrahentem
3691 2462 3882 2506 secreto

2294 2532 2526 2598 proximo
2556 2549 2649 2588 suo
2679 2535 2812 2590 hunc
2837 2523 3107 2610 persequar
3134 2523 3304 2610 (Psal.
3336 2541 3463 2596 100.
3490 2542 3570 2612 5).
3624 2542 3722 2597 Est
3759 2558 3882 2598 sane

2296 2622 2531 2702 tale'hoc
2553 2625 2738 2682 vitium
2758 2669 2775 2696 ,
2806 2630 2953 2704 quod
2979 2632 3143 2708 vel'in
3177 2633 3630 2709 primisexlingui
3657 2634 3881 2702 debeat,

2294 2724 2348 2769 et
2377 2715 2444 2772 ab
2471 2718 2552 2772 eis
2575 2720 2665 2789 qui
2690 2735 2750 2776 se
2777 2733 2963 2779 sancte
2990 2725 3268 2782 instituere
3297 2709 3763 2796 volunt,iprorsus
3784 2742 3875 2782 ex-

2295 2807 2459 2894 cludi.
2501 2807 2644 2866 Nihil
2684 2814 2830 2870 enim
2874 2824 2983 2887 tam
3019 2817 3293 2890 inquietat
3335 2819 3612 2886 animum,
3647 2820 3781 2874 nihil
3810 2828 3885 2875 est

2295 2901 2438 2973 quod
2473 2903 2545 2986 ita
2587 2907 2840 2964 mobilem
2887 2904 3123 2966 mentem
3167 2927 3231 2967 ac
3277 2912 3448 2987 levem
3489 2911 3685 2988 faciat,
3731 2929 3885 2983 quam

2295 2993 2452 3050 facile
2477 3006 2643 3053 totum
2669 3001 2915 3068 credere,
2948 3011 3002 3057 et
3031 3003 3449 3058 obtrectatorum
3481 2990 3686 3070 verba,
3720 3016 3882 3061 teme-

2296 3088 2440 3142 rario
2458 3091 2653 3146 mentis
2673 3087 2897 3148 assensu
2923 3088 3094 3164 sequi.
3122 3095 3257 3150 Hine
3279 3097 3423 3152 enim
3450 3098 3660 3154 crebrae
3685 3099 3886 3154 dissen-

2297 3169 2510 3247 siones,
2539 3181 2664 3254 hinc
2692 3185 2812 3261 odia
2861 3186 3059 3255 injusta
3103 3200 3413 3244 nascuntur.
3462 3172 3580 3246 Hoc
3621 3201 3708 3246 est
3752 3191 3882 3262 quod

2295 3288 2439 3342 saepe
2464 3275 2532 3330 de
2559 3271 2898 3332 amicissimis
2921 3275 3081 3333 etiam
3108 3282 3360 3354 inimicos
3391 3283 3554 3350 facit,
3585 3287 3722 3342 dum
3765 3301 3891 3342 con-'

2295 3364 2486 3419 cordes
2505 3367 2740 3436 quidem,
2761 3368 2856 3442 sed
2877 3370 3126 3425 credulas
3148 3371 3375 3439 animas,
3397 3354 3693 3446 inaliIOQua
3724 3381 3886 3450 lingua

2295 3458 2568 3547 dissociat.
2601 3452 2673 3516 At
2701 3454 2907 3529 contra,
2937 3479 3128 3544 magna
3162 3466 3314 3535 quies
3343 3467 3549 3535 animi,
3591 3486 3885 3544 magnaque

2297 3559 2381 3606 est
2410 3567 2619 3607 morum
2646 3553 2897 3623 gravitas,
2927 3569 3032 3609 non
3065 3564 3266 3612 temere
3290 3555 3358 3612 de
3375 3547 3660 3632 quoquam
3691 3563 3885 3618 sinistri

2298 3645 2501 3716 aliquid
2538 3646 2740 3702 audire.
2788 3639 3095 3720 Beatusque
3132 3659 3214 3704 est
3248 3641 3341 3720 qui
3375 3651 3448 3706 ita
3476 3666 3536 3706 se
3559 3665 3750 3709 contra
3795 3656 3886 3712 hoc

2300 3738 2487 3812 vitium
2511 3740 2756 3806 armavit,
2783 3747 2842 3793 ut
2863 3740 3004 3810 apud
3026 3756 3147 3796 cum
3171 3742 3456 3798 detrahere
3482 3760 3647 3801 nemo
3675 3748 3882 3804 audeat.

2299 3827 2452 3895 Quod
2479 3830 2525 3883 si
2558 3829 2673 3884 haec
2697 3829 2749 3884 in
2779 3830 2934 3905 nobis
2959 3841 3104 3888 esset
3123 3833 3433 3904 diligentia,
3466 3851 3536 3891 ne
3568 3840 3768 3906 passim
3795 3841 3889 3895 ob-

2301 3924 2680 3978 trectatoribus
2699 3924 3060 3994 crederemus,
3079 3925 3192 3995 jam
3214 3941 3401 3981 omnes
3422 3919 3712 3985 detrahere
3741 3921 3890 3988 timc-

2303 4026 2462 4072 rent:
2489 4034 2556 4073 ne
2602 4011 2712 4072 non
2760 4027 2866 4072 tam
2912 4019 3082 4086 alios,
3113 4035 3272 4089 quam
3304 4020 3512 4092 seipsos
3545 4023 3679 4079 viles
3717 4025 3891 4082 detra-

2303 4110 2482 4166 hendo
2524 4112 2780 4167 facerent.
2831 4099 2939 4167 Sed
2981 4095 3084 4167 hoc
3127 4113 3246 4184 ideo
3290 4104 3488 4169 malum
3529 4117 3750 4174 celebre
3779 4129 3888 4187 est,

2307 4204 2505 4258 idcirco
2533 4204 2599 4274 in
2645 4205 2825 4260 multis
2878 4204 3052 4272 fervet
3095 4205 3200 4262 hoc
3229 4207 3448 4272 vitium,
3483 4199 3614 4278 quia
3652 4226 3790 4282 pene
3828 4213 3892 4270 ab

2308 4299 2555 4354 omnibus
2588 4299 2816 4354 libenter
2839 4289 3072 4354 auditur.
3440 4302 3444 4307 ’
3481 4306 3490 4316 ’
3937 4363 3940 4366 .

2379 4393 2468 4446 17.
2513 4393 2865 4454 Adulatorum
2910 4408 3122 4463 quoque
3164 4394 3591 4462 assentationes,
3636 4405 3692 4451 et
3739 4400 3893 4453 noxia
3929 4379 3936 4403 ³

2305 4483 2665 4540 blandimenta
2727 4485 2980 4553 fallaciae,
3011 4471 3158 4540 velut
3197 4485 3456 4557 quasdam
3502 4497 3682 4557 pestes
3706 4489 3893 4546 anima

2306 4561 2466 4648 fuge."
2492 4577 2634 4656 Nihil
2669 4588 2751 4632 est
2791 4577 3090 4656 quodtatn
3140 4578 3294 4656 facile
3334 4560 3893 4656 corrumpatmentes

2308 4654 2604 4738 hominum,
2631 4670 2931 4750 nihilquod
2960 4653 3066 4726 tam
3097 4671 3236 4726 dulci
3267 4681 3317 4726 ct
3347 4655 3491 4727 molli
3527 4675 3752 4729 vulnere
3767 4652 3892 4730 ani;

2305 4779 2453 4819 mum
2485 4763 2658 4819 feriat.
2689 4755 2843 4818 Unde
2868 4771 2923 4818 et
2945 4763 3163 4833 quidam
3189 4764 3402 4833 sapiens
3434 4766 3508 4819 ait
3537 4783 3548 4818 :
3582 4764 3744 4820 Verba
3770 4767 3894 4820 adu-

2308 4842 2526 4912 latorum
2552 4853 2728 4909 mallia
2749 4895 2762 4918 ,
2795 4843 2993 4926 feriunt
3020 4866 3186 4909 autem
3214 4856 3456 4909 interiora
3483 4845 3676 4911 ventris
3709 4853 3889 4926 (Prov.

2261 4974 2268 4981 -
2306 4949 2404 5004 26.
2423 4948 2537 5019 22).
2567 4947 2635 5002 Ει
2664 4947 2920 5032 Dominus
2945 4946 3180 5032 loquitur
3205 4961 3300 5016 per
3331 4938 3653 5032 Prophetam
3683 4947 3892 5032 :‘Popué

2309 5043 2396 5112 lus
2417 5037 2553 5094 meus
2572 5081 2586 5106 ,
2610 5041 2698 5111 qui
2736 5027 3136 5118 beatiﬁcant‘uos
3157 5081 3172 5106 ,
3202 5040 3450 5093 seducunt
3484 5055 3587 5105 vos,
3619 5029 3665 5094 et
3695 5027 3892 5097 semitas

2311 5134 2498 5208 pedum.
2519 5123 2796 5186 vestrorum
2824 5133 3075 5203 dissipant
3114 5130 3162 5202 (1
3170 5131 3266 5185 sai.
3291 5132 3343 5188 ὅ.
3371 5130 3457 5185 12.
3480 5134 3582 5200 sec.
3609 5131 3811 5206 LXX).
3839 5133 3888 5188 lu

2311 5226 2526 5290 multis,
2576 5225 2680 5280 isto
2722 5227 2953 5279 maxime
3000 5235 3278 5295 tempore,
3307 5232 3516 5294 ‘regnat
3562 5226 3666 5280 hoc
3710 5229 3890 5281 vitium

2310 5315 2559 5386 quodque
2586 5295 3090 5385 est'gra'v'iSSimuin,
3121 5313 3439 5370 humilitatis
3467 5330 3530 5370 ac
3564 5316 3889 5372 benevolen-

2313 5408 2398 5461 the
2422 5406 2538 5478 loco
2564 5405 2795 5474 ducitur.
2825 5407 2908 5481 Eo,
2930 5405 3008 5482 fit,
3036 5407 3203 5480 utqui
3231 5406 3434 5461 adulari
3469 5409 3661 5474 nescit,
3690 5419 3782 5463 aut
3815 5409 3889 5463 in-

2310 5520 2612 5582 homonymia
2634 5533 2806 5570 vocum
2826 5519 3171 5570 Hebraicarum
3191 5553 3206 5578 ,
3242 5533 3364 5582 quas
3395 5520 3679 5582 edisserere
3704 5535 3797 5570 non
3822 5529 3892 5572 est

2310 5582 2452 5645 hujus
2474 5581 2585 5642 loci,
2633 5583 2842 5632 Tantum
2873 5596 3125 5645 monemus
3149 5595 3233 5644 pro
3262 5581 3892 5645 ’negeradicert'sjjetcres

2311 5642 2505 5694 Latinos
2526 5645 2824 5708 Scriptores,
2851 5648 2932 5708 qui
2954 5645 3087 5708 hunc
3107 5642 3500 5708 lo'cumgallea‘ant
3537 5657 3602 5708 e_x
3625 5642 3769 5708 LXX.
3796 5643 3892 5707 plc-

2312 5709 2518 5771 rumque
2540 5705 2717 5771 legere
2740 5720 2811 5756 ne.
2830 5705 3079 5771 manare.-
3101 5706 3284 5768 ,"gllOd
3320 5705 3744 5768 iutelligi‘debet',
3781 5705 3834 5755 ac
3853 5708 3893 5756 si

2311 5767 2558 5818 diceretur
2581 5767 2640 5820 lie
2663 5785 2688 5820 e
2711 5769 2868 5820 medio
2890 5767 3090 5818 telluris.
3176 5767 3183 5768 7
3486 5767 3508 5810 ἶ
3619 5808 3621 5811 .
3651 5810 3654 5811 ν
3885 5815 3888 5820 .
3910 5815 3914 5821 .

2322 5871 2354 5898 ._
2369 5832 2610 5898 ’(ς).1)ιις›-⁵
2632 5841 2834 5898 veteres
2861 5832 2986 5898 editi
2995 5835 3114 5898 5mm
3144 5827 3350 5893 accipies
3383 5842 3471 5893 per
3494 5830 3602 5884 illos
3629 5839 3890 5898 peccatum.

2316 5892 2538 5946 Totidem
2561 5895 2678 5945 Mss.
2698 5895 2928 5945 adversus
2948 5892 3082 5945 illos;
3114 5933 3117 5937 ι
3253 5892 3257 5893 “
3300 5935 3303 5938 .
3385 5892 3398 5935 ἰ
3629 5892 3641 5898 '
3880 5901 3886 5930 ι
