4080 6340
217 421 372 491 1215.

215 539 392 606 vidus,
417 545 511 595 aut
539 538 809 610 superbus
835 546 1071 611 putetur.
1101 537 1209 613 Est
1223 552 1353 596 sane
1375 538 1579 610 grande
1602 546 1659 594 et
1682 537 1808 593 sub-

215 629 310 684 tile
337 630 626 702 artificium
649 673 666 698 ,
695 631 918 689 laudare
935 623 1178 696 ,alterum
1203 633 1257 687 in
1289 631 1806 712 commendationem

211 722 332 788 sui,
362 731 420 777 et
449 722 803 792 decipiendo,
845 724 1084 779 animum
1128 725 1229 779 sibi
1275 723 1512 794 obligare
1553 721 1804 806 decepti:

214 814 473 885 quodque
515 819 615 872 hoc
653 818 883 872 maxime
909 817 1039 873 vitio
1065 818 1148 888 agi
1172 818 1310 873 solet
1334 856 1350 884 ,
1393 815 1546 871 ﬁctas
1583 815 1805 882 laudes,

215 918 370 963 certo
400 910 574 978 pretio
603 895 859 966 vendere.
893 911 1023 978 Quae
1055 910 1170 966 haec
1197 920 1339 965 tanta
1365 918 1448 964 est
1473 907 1666 963 levitas
1691 905 1809 961 ani-

214 999 313 1065 mi,
344 1017 467 1071 quae
496 1012 638 1057 tanta
667 1005 870 1059 vanitas
891 1044 907 1070 ,
944 1004 1131 1059 relicta
1180 992 1395 1074 propria
1438 1000 1768 1056 conscientia
1789 1039 1805 1066 ,

212 1089 451 1145 alienam
497 1093 804 1172 opinionem
849 1087 999 1165 sequi
1033 1112 1046 1148 :
1075 1085 1130 1150 et
1173 1092 1388 1165 quidem
1431 1094 1616 1174 fictam.
1647 1100 1808 1161 atque

211 1183 560 1239 simulatam?
641 1170 853 1259 1106
927 1188 1060 1256 Rapi
1092 1174 1254 1242 vento
1274 1174 1518 1257 falste(a)
1549 1170 1809 1238 laudatio-

212 1275 319 1338 nis,
352 1277 589 1347 gaudere
617 1280 685 1334 ad
705 1281 1214 1337 circumventionem
1237 1295 1410 1361 suam,
1429 1289 1483 1335 et
1504 1279 1805 1334 illusionem

212 1381 312 1436 pro
344 1362 611 1424 beneficio
636 1369 922 1452 accipere?
962 1371 1042 1426 Tu
1068 1361 1218 1442 ergo
1261 1372 1307 1426 si
1354 1360 1481 1452 vere
1525 1368 1806 1424 laudabilis

212 1471 334 1513 esse
379 1453 569 1528 cupis,
606 1447 816 1516 laudem
861 1451 1141 1518 hemiuum
1189 1463 1259 1518 ne
1303 1449 1568 1533 requiras.
1619 1461 1808 1529 Illique

211 1560 460 1616 praepara
483 1551 868 1606 conscientiam
891 1561 1058 1620 tuam,
1086 1553 1172 1624 qui
1197 1563 1241 1607 et
1262 1551 1568 1607 illuminabit
1591 1551 1807 1603 abscon-

211 1639 323 1694 dita
349 1640 704 1708 tenebrarum,
735 1653 780 1697 et
809 1644 1154 1715 manifestabit
1190 1643 1406 1698 consilia
1448 1641 1678 1696 cordium
1698 1680 1714 1707 ,
1758 1649 1807 1695 et

211 1740 334 1785 tunc
365 1727 480 1787 laus
503 1734 577 1804 (ὁ)
604 1735 698 1790 tibi
729 1737 824 1808 erit
853 1754 886 1791 a
914 1733 1021 1807 Deo
1053 1737 1128 1810 (1.
1154 1727 1273 1791 Cor.
1300 1733 1462 1818 4.5).
1539 1791 1542 1805 ἶ

286 1825 373 1880 18.
426 1825 512 1880 Sit
559 1829 720 1896 igitur
766 1829 1002 1884 intentus
1049 1845 1111 1884 ac
1159 1828 1416 1900 vigilans,
1449 1818 1507 1884 et
1547 1826 1806 1882 adversus

160 1893 171 1914 ’
212 1927 432 1985 peccata
463 1934 676 1988 semper
704 1914 940 1976 armatus
963 1921 1176 1974 animus
1201 1912 1343 1975 tuus.
1387 1919 1576 1974 Sermo
1602 1919 1654 1972 in
1685 1932 1806 1972 om-

211 2010 370 2064 nibus
401 2005 710 2068 moderatus
731 2023 784 2067 et
806 2003 1097 2082 parcus,'et
1117 2013 1207 2083 qui
1235 2007 1611 2067 necessitatem
1635 2006 1805 2079 magis

211 2099 467 2171 loquendi
493 2103 708 2167 indicet,
731 2118 891 2173 quam
916 2103 1265 2158 voluntatem.
1295 2100 1365 2171 (ε)
1384 2099 1551 2155 Ornet
1580 2098 1809 2169 pruden-

215 2192 343 2245 tiam
389 2194 754 2259 verecundia,
799 2193 1048 2264 quodque
1105 2193 1432 2261 praecipuum
1485 2190 1539 2244 in
1594 2190 1806 2244 feminis

211 2299 431 2355 semper
472 2287 604 2354 fuit,
637 2297 858 2342 cunctas
907 2289 958 2341 iu
1011 2297 1062 2343 te
1115 2281 1338 2342 virtutes
1371 2279 1542 2357 pudor
1567 2295 1803 2357 superet.

212 2374 314 2430 Diu
346 2387 472 2432 ante
497 2367 780 2432 causidera
805 2420 818 2444 ,
850 2367 976 2448 quid
1022 2373 1347 2449 loquendum
1381 2374 1494 2444 'sit,
1530 2389 1584 2432 et
1632 2378 1807 2432 adhuc

211 2475 402 2522 tacens
435 2469 674 2537 provide,
706 2485 774 2524 ne
803 2469 929 2539 quid
959 2469 1161 2525 dixisse
1192 2471 1469 2539 poeniteat.
1503 2468 1680 2524 Verba
1715 2479 1803 2534 tua

210 2560 481 2628 ponderet
521 2561 808 2630 cogitatio,
853 2571 908 2616 et
948 2549 1146 2633 lingua:
1186 2561 1422 2617 officium
1463 2563 1628 2617 animi
1671 2562 1806 2616 libra

209 2651 509 2721 dispenset.
551 2652 706 2708 Unde
735 2655 1165 2723 Scripturadicit
1191 2674 1204 2708 :
1233 2654 1516 2726 Argentum
1542 2667 1588 2710 et
1616 2647 1802 2711 aurum

211 2753 360 2799 tuum
385 2747 578 2816 conﬂa,
606 2756 653 2801 et
683 2748 842 2802 verbis
870 2750 967 2802 tuis
997 2750 1152 2819 facito
1172 2758 1436 2814 stateram,
1461 2759 1508 2804 et
1537 2754 1707 2821 frenos
1727 2751 1806 2804 ori

210 2846 298 2892 tuo
338 2824 504 2893 rectos
528 2854 547 2892 :
573 2849 618 2893 et
646 2829 849 2894 attende
878 2858 942 2895 ne
971 2842 1101 2910 forte
1145 2841 1354 2918 labaris
1376 2843 1554 2912 lingua
1593 2843 1611 2913 (
1637 2841 1801 2896 Eccli.

208 2929 345 3001 28).
374 2931 651 3001 Nunquam
690 2931 770 3005 (ά)
801 2923 1246 2988 malum-verbum
1279 2935 1346 2988 de
1372 2949 1465 2989 ore
1494 2945 1582 2990 tuo
1612 2949 1802 3004 proce-

118 3087 121 3090 _
209 3021 323 3086 dat,
356 3039 474 3092 quae
499 3025 564 3078 ad
592 3025 862 3079 cumulum
893 3025 1236 3104 benignitatis
1260 3025 1465 3104 juberis
1493 3027 1653 3080 etiam
1685 3042 1802 3080 ma-

211 3114 576 3170 ledicentibus
604 3103 1356 3183 benedicere.‘Misericordes,
1385 3103 1590 3184 inquit,
1623 3116 1803 3170 mode-

209 3206 274 3259 sti
295 3247 310 3272 ,
345 3204 598 3270 humiles,
625 3222 726 3260 non
765 3206 1030 3260 reddentes
1067 3208 1260 3261 malum
1301 3200 1395 3276 pro
1421 3199 1565 3261 malo
1587 3247 1602 3273 ,
1644 3199 1805 3274 neque

209 3296 540 3351 maledictum
571 3313 662 3366 pro
688 3297 976 3366 maledicto,
997 3299 1086 3354 sed
1113 3316 1140 3355 e
1165 3300 1426 3354 contrario
1456 3298 1801 3354 benedicentes

209 3391 288 3460 (l.
324 3391 467 3444 Petr.
493 3390 546 3472 5.
571 3389 652 3474 9).
1641 3382 1646 3388 ‘
1728 3472 1731 3474 _

287 3483 375 3539 19.
418 3468 631 3536 Mentiri
661 3496 789 3537 vero
818 3491 976 3552 atque
1001 3483 1183 3552 jurare
1203 3525 1218 3548 ,
1249 3483 1428 3565 lingua
1461 3492 1551 3538 tua
1581 3472 1802 3565 prorsus

210 3575 448 3646 ignoret,
469 3580 749 3642 tantusque
775 3575 829 3626 in
857 3581 907 3626 te
934 3575 1001 3626 sit
1029 3572 1099 3645 (e)
1127 3576 1240 3628 veri
1261 3563 1430 3638 amor,
1459 3565 1516 3627 ut
1545 3563 1803 3642 quidquid

209 3665 440 3729 dixeris,
468 3654 703 3734 juratum
731 3654 905 3732 putes.
932 3654 1007 3718 De
1027 3656 1134 3733 quo
1157 3663 1400 3719 Salvator
1418 3663 1484 3717 ad
1511 3663 1802 3732 discipulos

211 3761 317 3814 ait:
341 3758 453 3828 Ego
473 3767 644 3810 autem
665 3756 778 3809 dico
799 3755 958 3821 vobis,
983 3773 1084 3808 non
1103 3757 1284 3826 jurare
1308 3757 1534 3810 omnino.
1558 3757 1624 3810 Et
1645 3759 1803 3826 paulo

211 3859 337 3923 post
365 3869 377 3904 :
409 3850 493 3905 Sit
518 3858 689 3918 autem
711 3864 874 3902 sermo
899 3856 1075 3927 vester,
1107 3856 1199 3911 est,
1227 3855 1298 3901 est
1321 3864 1338 3934 ς
1361 3863 1598 3910 non,non
1619 3849 1801 3913 :Quod

213 3955 386 3999 autem
416 3943 494 3997 his
522 3930 865 3996 abundantius
888 3950 961 3995 est
980 3982 996 4006 ,
1026 3958 1058 3994 a
1087 3939 1221 3994 malo
1259 3930 1331 3994 est
1362 3939 1589 4011 (Matth.
1621 3941 1676 3996 5.
1709 3941 1798 3996 54.

211 4037 331 4108 ἒἹ).
362 4036 420 4091 In
451 4037 597 4090 omni
631 4035 790 4104 igitur
810 4043 930 4088 actu
957 4041 1116 4103 atque
1146 4033 1332 4099 verbo,
1363 4034 1542 4118 quieta
1569 4048 1722 4088 mens
1749 4041 1804 4089 et

213 4129 424 4201 placida
468 4139 713 4184 servetur
757 4145 770 4180 :
818 4142 1139 4204 semperque
1183 4127 1491 4209 cogitationi
1545 4136 1648 4182 tua:
1704 4127 1802 4182 Dei

213 4223 500 4292 praesentia
526 4227 770 4274 occurrat
803 4236 816 4273 :
845 4220 915 4274 sit
943 4217 1164 4274 humilis
1189 4219 1430 4285 animus,
1458 4233 1522 4274 ac
1553 4219 1716 4285 mitis,
1748 4227 1804 4273 et

213 4313 474 4368 adversus
504 4312 617 4366 sola
643 4309 772 4365 vitia
802 4318 1034 4366 erectus.
1077 4309 1362 4380 Nunquam
1409 4310 1558 4364 illum
1586 4320 1679 4396 aut
1706 4325 1802 4395 suf

216 4407 397 4477 perbia
424 4405 668 4473 extollat,
695 4413 788 4460 aut
813 4404 1032 4458 avaritia
1056 4403 1312 4469 inﬂectat,
1339 4412 1431 4458 aut
1458 4403 1534 4458 ira
1560 4404 1803 4474 praecipi-

217 4509 314 4556 tet.
347 4499 487 4554 Nihil
518 4499 660 4554 enim
693 4486 960 4569 quietius,
987 4497 1118 4552 nihil
1145 4497 1366 4568 purius,
1399 4499 1531 4553 nihil
1571 4499 1801 4570 denique

213 4591 490 4663 pulchrius
514 4606 577 4644 ea
609 4599 788 4644 mente
819 4605 940 4644 esse
968 4589 1146 4651 debet.
1174 4580 1293 4671 quae
1323 4590 1375 4643 in
1403 4590 1496 4646 Dei
1528 4579 1802 4647 habitacu-

210 4683 322 4738 lum
350 4679 694 4750 preparauda
713 4687 816 4740 est,
840 4692 999 4746 quem
1025 4695 1128 4740 non
1152 4694 1283 4733 auro
1301 4681 1499 4760 templa
1519 4680 1795 4752 fulgentia,

211 4789 320 4829 non
368 4770 598 4841 gemmis
645 4769 832 4822 altaria
869 4768 1119 4822 distincta
1149 4768 1453 4837 delectant,
1481 4771 1574 4824 sed
1619 4773 1798 4828 anima

164 4907 166 4909 .
218 4873 405 4920 ornata
450 4861 757 4915 virtutibus.
807 4857 933 4913 Ideo
963 4867 1018 4913 et
1045 4859 1298 4927 templum
1333 4859 1464 4924 Dei,
1494 4871 1798 4916 sanctorum

218 4956 378 5012 corda
401 4954 671 5017 dicuntur,
702 4951 1007 5004 affirmante
1036 4949 1312 5019 Apostolo,
1340 4950 1428 5018 qui
1460 4950 1534 5004 ait
1558 4968 1571 5005 :
1601 4952 1663 5006 Si
1686 4954 1799 5022 quis

217 5047 458 5120 templum
486 5044 582 5098 Dei
607 5043 888 5109 violaverit,
908 5035 1161 5112 disperdet
1185 5040 1332 5094 illum
1354 5039 1510 5094 Deus.
1527 5040 1798 5113 Templum

221 5126 354 5196 enim
386 5138 482 5193 Dei
511 5145 742 5192 sanctum
770 5145 864 5202 est,
894 5135 1031 5206 quod
1060 5125 1178 5188 estis
1201 5120 1286 5186 vos
1314 5133 1391 5202 (1.
1417 5133 1537 5188 Cor.
1563 5125 1614 5190 3.
1645 5136 1756 5209 I7).

283 5235 376 5289 20.
423 5232 563 5287 Nihil
591 5230 789 5286 habeas
814 5227 1114 5282 humilitate
1143 5227 1502 5297 praestantius,
1584 5230 1794 5301 1107

280 5409 346 5477 la)
381 5409 543 5480 Iidem
559 5389 770 5480 veteres
786 5402 946 5480 editi,
967 5401 1795 5480 fgl‘steladulationisLmi.lectioni

210 5463 374 5531 favet,
418 5470 546 5534 quod
588 5468 712 5517 infra
750 5463 1069 5515 numero—30.
1109 5463 1318 5514 habetur
1360 5465 1475 5528 ﬁcta
1517 5466 1795 5519 adulatione

209 5535 449 5598 decipere
681 5589 692 5598 .
761 5589 771 5598 .
1003 5587 1081 5598 .

422 5599 584 5642 isterc.
610 5589 864 5642 unicuique
887 5602 975 5642 pro
996 5587 1096 5637 tibi.

298 5598 325 5646 b
383 5597 584 5648 Cisterc.
610 5597 864 5651 unicuique
887 5602 975 5650 pro
996 5597 1096 5658 tibi.
1112 5648 1123 5658 .
1471 5649 1481 5660 ο

272 5597 343 5722 lc}
382 5660 515 5708 Idem
538 5655 736 5724 Cisterc:
762 5657 896 5724 ornet
919 5649 1530 5724 {iudicatam-verecundia.
1780 5714 1790 5724 .

274 5711 353 5783 (τί)
386 5721 504 5770 Cum
544 5716 683 5783 modo
721 5711 1406 5783 laudato;Cisterc._plerique
1431 5712 1545 5783 Mss.
1579 5711 1659 5760 alii
1681 5711 1793 5763 libri

210 5771 461 5844 Nunquam
483 5778 793 5844 maledictum
812 5773 923 5844 .(vel
947 5771 1240 5844 maledictio)
1269 5771 1340 5824 (ιε’
1350 5787 1434 5824 ore
1459 5779 1538 5824 tuo
1562 5783 1658 5844 etc.

280 5834 341 5907 (ej
379 5843 493 5892 Mss.
537 5840 676 5892 codd.
722 5834 934 5890 veritatis
957 5848 1126 5897 amor,
1171 5834 1227 5886 et
1267 5850 1382 5888 mox
1427 5849 1554 5888 unus
1585 5834 1789 5887 Cisterc.

197 5908 532 5973 jus-amentum
551 5911 700 5967 putes.

1461 367 1465 371 ἤ
1541 418 1884 478 EPISTOLA
1918 417 2198 478 CXLVIII.

3344 435 3504 493 1214

1921 535 2162 608 nihilque
2187 535 2488 621 amabilius.
2535 537 2662 614 Haec
2678 551 2774 619 est
2807 546 2950 602 enim
2981 549 3250 621 praecipua
3277 565 3503 609 conser-

1917 628 2094 683 vatrix
2120 670 2136 696 ,
2168 639 2222 685 et
2247 618 2397 701 quasi
2426 641 2608 709 custos
2641 637 2884 705 quaedam
2916 618 3171 698 virtutum
3215 633 3454 700 omnium
3484 662 3502 701 :

1921 719 2161 790 nihilque
2189 729 2272 776 est
2300 721 2440 792 quod
2467 737 2566 778 nos
2595 725 2666 778 ita
2692 735 2748 803 et
2778 728 3081 787 hominibus
3104 719 3285 804 gratos
3308 743 3364 790 et
3390 735 3501 790 Deo

1916 809 2099 876 faciat,
2126 810 2287 895 quam
2314 813 2506 892 sivita:
2533 817 2727 892 merito
2753 823 2964 895 magni,
2994 824 3294 882 humilitate
3331 826 3502 883 infimi

1915 904 2102 958 simus.
2131 892 2359 976 Propter
2389 907 2530 978 quod
2559 892 2836 980 Scriptura
2861 892 2992 969 dicit
3016 933 3030 970 :
3055 905 3259 982 Quanto
3281 909 3497 988 magnus

1915 1010 1991 1060 es,
2021 996 2235 1051 humilia
2263 1006 2310 1052 te
2333 1000 2389 1053 in
2416 1001 2669 1065 omnibus,
2693 1012 2742 1055 et
2765 1018 2938 1058 coram
2971 1005 3082 1061 Deo
3122 1010 3346 1064 invenies
3374 1027 3501 1082 gra-

1905 1086 2040 1159 tiam
2067 1086 2258 1157 (Eccli.
2281 1090 2335 1168 δ.
2357 1090 2472 1163 20).
2507 1093 2571 1147 Et
2599 1080 2856 1168 Dominus
2875 1081 3117 1166 loquitur
3139 1094 3232 1169 per
3258 1080 3503 1172 Prophe-

1915 1173 2023 1235 tam
2050 1199 2064 1236 :
2095 1181 2266 1253 Super
2293 1200 2439 1254 quem
2467 1187 2624 1240 alium
2649 1189 2993 1263 requiescam,
3029 1191 3127 1244 nisi
3151 1209 3303 1263 super
3328 1195 3504 1248 humi-

1913 1270 2035 1337 lem,
2066 1281 2114 1325 et
2143 1273 2387 1342 quietum,
2419 1287 2467 1360 et
2499 1281 3094 1360 trementemverbamea
3119 1281 3276 1353 (Isai.
3297 1284 3386 1342 66.
3406 1286 3503 1358 2)?

1913 1366 1989 1436 (ι’)
2019 1365 2218 1421 Verum
2263 1377 2318 1422 tu
2367 1351 2486 1424 eam
2533 1351 2899 1430 humilitatem
2939 1351 3168 1447 sequere
3196 1397 3210 1433 :
3243 1379 3351 1434 non
3380 1351 3501 1450 quae

1913 1459 2216 1532 ostenditur
2234 1501 2250 1527 ,
2279 1468 2440 1530 atque
2467 1462 2751 1520 simulatur
2774 1476 2930 1536 gestu
2959 1468 3206 1542 corporis
3225 1511 3242 1536 ,
3268 1479 3360 1526 aut
3387 1468 3494 1527 fra-

1910 1557 1997 1603 cla
2030 1544 2162 1604 voce
2193 1542 2504 1625 verberum,
2533 1554 2779 1630 sedquaa
2810 1571 2944 1630 puro
2972 1547 3166 1613 affectu
3194 1559 3379 1618 cordis
3401 1579 3499 1618 ex-
3530 1583 3539 1588 -

1913 1641 2181 1709 primitur.
2213 1641 2373 1697 Aliud
2399 1650 2486 1697 est
2512 1645 2656 1698 enim
2688 1629 2942 1701 virtutem
2974 1636 3194 1716 habere,
3225 1650 3370 1707 aliud
3395 1653 3504 1708 vir-

1913 1733 2051 1809 tutis.
2078 1732 2482 1790 similitudinem
2517 1736 2702 1814 :aliud
2729 1749 2812 1792 est
2837 1728 3290 1815 rerumgumbram
3322 1747 3495 1816 sequi,

1911 1823 2055 1878 aliud
2086 1825 2391 1898 veritatem.
2420 1826 2592 1908 Multo.
2627 1828 2922 1885 deformior
2961 1832 3048 1886 illa
3090 1844 3174 1889 est
3202 1838 3455 1906 superbia
3479 1877 3497 1905 ,

1909 1929 2030 1984 qua:
2056 1913 2501 1995 sub'quibusdam
2532 1908 2865 1978 humilitatis
2894 1907 3062 1994 signis
3105 1915 3254 1982 latet.
3306 1917 3499 1984 Nescio

1911 2008 2054 2061 enim
2099 2009 2368 2078 quomodo
2414 2012 2654 2083 turpiora
2695 2023 2821 2070 sunt
2846 2015 3010 2084 vitia,
3062 2032 3184 2088 quae
3232 2019 3493 2075 virtutum

1911 2099 2089 2169 specie
2118 2101 2386 2158 celantur.
3324 2111 3330 2116 ’

1908 2264 1911 2267 η
1982 2191 2072 2246 21.
2114 2191 2256 2248 Nulli
2288 2194 2596 2266 te'unquam
2624 2196 2691 2275 de
2715 2197 2928 2268 generis
2943 2201 3242 2275 mobilitate
3286 2219 3499 2275 praepo-

1909 2264 2029 2349 nas,
2059 2280 2232 2354 neque
2275 2274 2636 2344 obscuriores~
2669 2261 3004 2360 quasque‘et
3047 2293 3335 2352 humiliore
3379 2299 3497 2356 loco

1911 2382 2064 2429 natas
2083 2414 2098 2440 ,
2133 2384 2185 2430 te
2210 2375 2495 2434 inferiores
2523 2391 2700 2460 putes.
2729 2381 2914 2437 Nescit
2933 2373 3122 2456 religio
3147 2399 3328 2442 nostra
3371 2405 3491 2460 per-

1905 2465 2074 2540 sonas
2102 2459 2347 2537 accipere
2369 2457 2508 2526 {nec
2534 2455 2877 2530 conditiones
2906 2475 3182 2532 hominum
3205 2521 3221 2545 ,
3253 2481 3347 2535 sed
3373 2483 3495 2536 ani-

1909 2573 2030 2612 mos
2078 2559 2296 2630 inspicit
2349 2562 2705 2632 singulorum.
2755 2566 2987 2622 Servum
3039 2579 3095 2624 et
3147 2560 3384 2628 nobilem
3430 2575 3498 2629 de

1909 2648 2151 2705 moribus
2189 2655 2537 2731 pronuntiat.“
2567 2655 2694 2711 Sola
2733 2644 2888 2727 apud
2922 2659 3090 2715 Deum
3122 2663 3344 2719 libertas
3376 2674 3494 2731 est,

1909 2756 2016 2796 non
2042 2744 2246 2798 servire
2279 2746 2535 2814 peccatis.
2566 2747 2786 2803 Summa
2813 2733 2954 2820 apud
2986 2753 3155 2808 Deum
3185 2753 3273 2809 est
3298 2751 3494 2812 nobili-

1912 2841 2014 2899 tas,
2039 2834 2250 2912 clarum
2283 2850 2403 2892 esse
2427 2837 2734 2894 virtutibus.
2759 2840 2895 2907 Quid
2921 2844 3061 2914 apud
3090 2845 3257 2900 Deum
3285 2847 3336 2900 iu
3364 2847 3492 2901 viris

1909 2925 2140 2980 nobilius
2173 2919 2356 2994 Petro,
2394 2930 2475 2999 (g)
2501 2926 2588 3000 qui
2617 2932 2851 3006 piscator
2879 2943 2935 2988 et
2963 2951 3167 3006 pauper
3196 2937 3329 2991 fuit?
3359 2926 3496 3005 Quid

1904 3017 1965 3084 in
1995 3019 2206 3074 feminis
2236 3022 2389 3096 beata
2417 3023 2582 3078 Maria
2608 3025 2870 3082 illustrius
2891 3068 2906 3094 ,
2951 3044 3070 3098 qua:
3117 3015 3314 3100 sponsa
3359 3031 3497 3087 fabri

1909 3109 2269 3168 describitur?
2315 3114 2422 3170 Sed
2469 3116 2543 3171 illi
2591 3119 2838 3186 piscatori
2883 3129 2938 3174 et
2991 3122 3212 3191 pauperi
3261 3124 3496 3179 caelestis

1910 3205 2064 3273 regni
2093 3218 2123 3258 a
2147 3205 2365 3261 Christo
2392 3207 2687 3286 creduntur
2717 3211 2915 3266 claves.
2949 3212 3076 3267 Haec
3101 3228 3300 3283 sponsa
3333 3216 3492 3286 fabri,

1908 3296 2107 3350 meruit
2148 3293 2280 3352 esse
2315 3286 2488 3354 mater
2536 3285 2713 3363 illius,
2742 3317 2772 3356 a
2812 3286 2926 3373 quo
2963 3305 3093 3374 ipsa:
3133 3295 3333 3362 claves.
3357 3308 3496 3363 data:

1906 3397 2050 3440 sunt.
2095 3384 2258 3457 Eligit
2298 3389 2440 3444 enim
2486 3390 2630 3445 Deus
2675 3391 2928 3461 ignobilia
2978 3403 3033 3450 et
3073 3399 3495 3468 contem’ptibilia

1908 3475 2069 3546 hujus
2096 3479 2277 3533 mundi
2307 3479 2392 3553 (1.
2423 3479 2541 3535 Cor.
2573 3484 2623 3537 1.
2647 3482 2792 3552 27),
2827 3493 2884 3539 ut
2923 3471 3170 3555 potentes
3195 3504 3257 3543 ac
3287 3479 3496 3544 nebiles

1908 3566 1975 3620 ad
2005 3566 2358 3624 humilitatem
2389 3570 2596 3626 facilius
2621 3566 2932 3628 adduceret.
2981 3575 3115 3630 Nam
3144 3588 3197 3633 et
3224 3579 3358 3632 alias
3383 3579 3497 3634 fru-

1908 3665 2019 3711 stra
2046 3659 2147 3712 sibi
2170 3659 2362 3728 aliquis
2389 3659 2456 3714 de
2484 3660 2764 3717 nobilitate
2788 3657 3000 3732 generis
3025 3665 3332 3736 ap'platidit,
3367 3674 3490 3728 cum

1909 3750 2146 3806 universi
2177 3751 2324 3820 paris
2353 3751 2593 3818 honoris,
2619 3747 2676 3807 et
2698 3755 2938 3824 ejusdem
2966 3759 3104 3828 apud
3133 3761 3300 3816 Deum
3335 3767 3493 3833 pretii

1907 3842 2047 3908 sint,
2080 3843 2170 3912 qui
2209 3858 2317 3922 uno
2362 3831 2561 3899 Christi
2603 3848 2861 3916 sanguine
2892 3859 3016 3904 sunt
3047 3851 3312 3922 redempti
3337 3831 3359 3908 ξ
3387 3871 3493 3912 nec

1907 3932 2133 3988 interest
2156 3919 2258 4004 qua
2285 3935 2404 4004 quis
2429 3935 2743 3992 conditione
2771 3947 2926 3994 natus
2955 3940 3046 4008 sit,
3075 3957 3198 3998 cum
3224 3959 3413 4002 omnes
3439 3947 3494 4004 in

1905 4026 2119 4083 Christo
2159 4031 2439 4100 aequaliter
2481 4017 2848 4088 renasCamur.
2897 4033 3029 4090 Nam
3062 4047 3114 4091 et
3145 4039 3190 4092 si
3217 4039 3496 4098 Oblivisci-

1907 4137 2049 4188 mur,
2077 4122 2199 4190 quia
2227 4137 2296 4177 ex
2326 4107 2435 4177 uno
2459 4109 2651 4179 omnes
2675 4115 2923 4196 generati
2963 4117 3151 4184 sumus
3179 4147 3192 4184 :
3220 4126 3406 4186 saltem
3439 4129 3492 4188 id

1907 4229 2122 4285 semper
2146 4209 2457 4272 meminisse
2486 4217 2779 4286 debemus,
2809 4220 2932 4292 quia
2970 4237 3067 4292 per
3107 4211 3272 4280 unum
3303 4242 3492 4285 omnes

1906 4321 2304 4378 regeneramur.

1983 4399 2076 4454 22.
2116 4401 2259 4456 Cave
2285 4415 2354 4457 ne
2381 4403 2427 4457 si
2453 4394 2699 4474 jejunare
2726 4414 2817 4462 aut
2843 4406 3112 4465 abstinere
3141 4413 3370 4480 cteperis
3391 4455 3404 4479 ,
3439 4421 3491 4469 te

1907 4501 2062 4566 putes
2082 4493 2192 4563 jam
2226 4489 2347 4550 esse
2368 4492 2659 4565 sanctam.
2691 4498 2818 4552 Haec
2846 4500 2987 4554 enim
3015 4501 3182 4556 virtus
3208 4492 3489 4572 adjumenl

1908 4595 2021 4643 tum
2052 4595 2156 4654 est,
2189 4603 2296 4642 non
2328 4586 2584 4658 perfectio
2665 4591 2877 4661 1108
2923 4593 3266 4649 sanctitatis.
3295 4595 3489 4666 Magis-

1909 4697 2014 4752 que
2045 4680 2099 4735 id
2126 4680 2512 4758 providendum
2539 4689 2642 4747 est,
2667 4697 2735 4736 ne
2768 4683 2862 4737 tibi
2892 4682 3011 4750 hoc,
3043 4699 3162 4740 cum
3196 4673 3336 4741 licita
3365 4676 3493 4768 con}

1904 4781 2139 4841 tcmnas,
2158 4773 2500 4827 securitatem
2522 4772 2806 4841 quamdam
2825 4765 3132 4829 illicitoru'm
3152 4765 3494 4846 faciat.Quicé-

1909 4864 2038 4936 quid
2059 4879 2220 4934 supra
2239 4863 2496 4934 justitiam
2517 4863 2738 4944 offertur
2760 4865 2888 4932 Deo,
2913 4858 3019 4920 non
3047 4866 3208 4924 debet
3232 4869 3490 4938 impedire

1908 4957 2194 5029 justitiam,
2226 4956 2319 5032 sed
2347 4956 2623 5026 adjuvare.
2656 4957 2793 5024 Quid
2823 4968 3000 5013 autem
3032 4959 3251 5030 prodest
3281 4966 3488 5044 teuuari

1904 5051 2228 5121 abstinentia
2271 5064 2466 5118 corpus
2487 5090 2503 5117 ,
2534 5049 2576 5103 si
2607 5051 2817 5104 animus
2844 5051 3162 5107 intumescat
3190 5054 3484 5124 superbia?

1907 5146 2078 5214 Quam
2107 5144 2317 5198 laudem
2348 5142 2672 5198 merebimur
2701 5142 2769 5198 de
2799 5143 3001 5213 pallore
3026 5144 3241 5215 jejunii,
3273 5149 3316 5200 si
3348 5146 3488 5200 invi-

1903 5236 1989 5291 dia
2037 5236 2179 5290 lividi
2224 5234 2434 5290 simus?
2477 5232 2613 5301 Quid
2661 5235 2869 5290 virtutis
2919 5233 3081 5292 habet
3125 5237 3308 5290 vinum
3373 5250 3484 5290 non

1903 5329 2086 5401 bibere
2107 5369 2120 5392 ,
2153 5335 2209 5402 et
2240 5327 2316 5381 ira
2342 5335 2502 5398 atque
2533 5324 2656 5404 odio
2697 5326 2986 5382 inebriari?
3012 5325 3162 5381 Tunc
3181 5363 3196 5390 ,
3227 5325 3441 5394 inquam
3463 5365 3481 5394 ,

1902 5424 2159 5496 praclara
2183 5415 2266 5477 est
2296 5406 2617 5476 abstinentia
2638 5462 2655 5487 ,
2685 5410 2810 5476 tunc
2835 5417 3054 5490 pulchra
3084 5427 3244 5486 atque
3272 5409 3480 5486 magni-

1901 5516 2000 5573 fica
2027 5515 2305 5586 castigatio
2333 5514 2575 5585 corporis
2601 5553 2618 5580 ,
2650 5527 2774 5568 cum
2814 5518 2896 5566 est
2937 5508 3150 5564 animus
3188 5507 3404 5578 jejunus
3447 5523 3480 5564 a

1963 5713 2034 5774 (Γ)
2068 5711 2149 5762 Sic
2172 5711 2385 5773 legimus
2417 5722 2479 5775 ex_
2518 5705 2641 5775 Meos.
2674 5703 2885 5775 nostris,
2927 5714 3035 5751 cum
3073 5707 3216 5750 antea
3255 5701 3483 5764 impressi

1897 5765 2071 5826 omnes
2102 5765 2431 5823 Verumtamen
2454 5765 2719 5817 humilitate
2744 5772 2839 5826 etc,

1963 5823 2264 5900 (giliDesuut
2302 5835 2354 5880 in
2393 5831 2595 5900 Cisterc.
2633 5825 2838 5900 MSS)“;
2866 5823 3074 5900 ρίῖᾳηφ.
3096 5831 3141 5875 ει
3165 5836 3348 5900 MP"
3370 5823 3470 5893 rm."

1899 5887 2054 5954 Pa‘til'o
2075 5904 2186 5960 post
2206 5906 2295 5958 pro
2317 5891 2582 5945 creduam:
2603 5888 2688 5943 alii
2709 5889 2828 5943 Mss.
2852 5887 2990 5940 codd.
3015 5887 3273 5944 donantur,
