4080 6340
629 559 790 615 vitiis.
820 552 937 613 imo
976 549 1065 622 qui
1106 542 1449 621 probabiliter
1491 555 1554 599 ac
1597 539 1827 599 scienter
1865 536 2203 594 abstinentia:

628 640 881 707 virtutem
909 651 1117 708 tenent,
1143 656 1208 695 eo
1233 637 1475 709 afﬂigunt
1504 640 1721 692 carnem
1750 624 1923 697 suam,
1951 644 2056 699 quo
2083 626 2208 683 ani-

631 759 731 798 mae
777 741 1021 807 frangant
1066 728 1416 803 superbiam:
1447 737 1507 783 ut
1550 727 1701 799 quasi
1747 723 1815 780 de
1849 714 2087 794 quodam
2130 715 2207 793 (α)

630 834 843 904 fastigio
863 835 1205 898 contemptus
1230 824 1312 879 sui
1337 831 1495 893 atque
1522 814 1863 891 arrogantiae,
1884 812 2211 870 descendant

629 929 696 985 ad
737 924 1063 999 implendam
1108 918 1317 989 Domini
1361 915 1724 976 voluntatem,
1753 924 1873 982 quas
1902 904 2208 999 maximein

629 996 927 1075 humilitate
952 1013 1242 1087 perﬁcitur.
1262 1007 1470 1064 idcirco
1490 1020 1520 1060 a
1545 1003 1707 1060 variis
1734 1001 1974 1058 ciborum
1999 996 2213 1054 deside-

634 1111 728 1166 riis
773 1119 1005 1163 meutem
1047 1101 1360 1166 retrahunt,
1390 1107 1447 1154 ut
1472 1105 1636 1152 totam
1666 1093 1784 1165 ejus
1807 1092 1918 1147 vim
1949 1094 2212 1159 occupent

634 1201 687 1256 in
718 1197 1005 1277 cupiditate
1032 1200 1307 1249 virtutum.
1342 1188 1569 1259 Iamque
1596 1180 2128 1277 minusjejuniornm
2158 1184 2213 1233 et

630 1273 966 1347 abstinentiae
1014 1284 1252 1342 laborem
1301 1297 1425 1339 caro
1468 1278 1664 1343 sentit,
1715 1276 1892 1330 anima
1940 1273 2210 1329 esuriente

627 1382 909 1457 justitiam.
931 1379 1065 1436 Nam
1094 1386 1149 1433 et
1173 1392 1268 1433 vas
1302 1373 1582 1431 electionis
1611 1368 1807 1426 Paulus
1832 1367 1962 1422 dum
1988 1365 2212 1435 castigat

628 1480 826 1547 corpus
849 1488 1025 1537 suum,
1050 1480 1104 1526 et
1135 1470 1189 1525 in
1220 1469 1532 1524 servitutem
1556 1462 1772 1532 redigit,
1801 1475 1871 1516 ne
1903 1457 2023 1514 aliis
2050 1470 2208 1528 prte—

628 1571 811 1626 dicans
841 1569 954 1638 ipse
979 1564 1237 1636 reprobus
1268 1560 1570 1616 inveniatur
1598 1554 1674 1628 (Vl.
1699 1552 1824 1609 Cor.
1844 1552 1901 1608 9.
1932 1551 2002 1606 27
2025 1549 2070 1623 ),
2102 1564 2210 1605 non

628 1662 694 1717 ad
739 1658 833 1734 [aL
876 1656 961 1732 ob]
1008 1657 1208 1723 solam,
1242 1661 1299 1710 ut
1328 1652 1544 1724 quidam
1577 1646 1809 1719 imperiti
1857 1653 2074 1716 putant,
2104 1643 2211 1699 hoc

626 1732 760 1809 facit
774 1732 1088 1807 castitatem
1117 1766 1133 1804 :
1165 1762 1271 1803 non
1310 1745 1455 1801 enim
1503 1742 1628 1796 huic
1665 1736 2071 1805 tantummodo,
2113 1733 2210 1801 sed

624 1844 879 1903 omnibus
923 1841 1141 1898 omnino
1181 1836 1469 1894 virtutibus
1517 1830 1841 1889 abstinentia
1892 1827 2204 1899 opitulatur.

630 1937 815 2008 Neque
844 1950 1034 2006 magna
1063 1942 1155 1989 aut
1181 1932 1290 1988 tota
1316 1926 1556 2001 Aposmli
1585 1924 1755 1996 gloria
1799 1930 1916 1988 est,
1951 1936 2057 1975 non
2092 1919 2206 1974 for-

628 2031 798 2087 :i'cari
824 2048 840 2088 :
860 2029 955 2085 sed
980 2027 1083 2083 hoc
1102 2024 1232 2098 agit,
1250 2033 1313 2079 ut
1330 2022 1679 2091 castigatione
1703 2016 1973 2087 corporis.
1994 2013 2210 2070 erudia-

634 2138 721 2179 πηι-
746 2125 985 2186 animus;
1015 2127 1322 2191 quantoque
1350 2114 1485 2170 nihil
1512 2128 1581 2167 ex
1611 2109 1976 2179 voluptatibus
2003 2120 2205 2163 concu-

627 2217 786 2290 piscit
806 2257 819 2279 ,
852 2224 998 2268 tanto
1023 2211 1193 2285 mag's
1233 2208 1402 2279 possit
1425 2204 1492 2261 de
1516 2202 1803 2258 virtutibus
1831 2200 2067 2271 cogitare
2097 2216 2111 2253 :
2140 2214 2209 2254 ne

627 2306 971 2382 perfectionis
1018 2302 1311 2370 magister,
1365 2293 1737 2367 imperfectum
1791 2291 1991 2364 aliquid
2042 2291 2098 2346 in
2136 2301 2209 2392 se

625 2400 877 2457 ostendat
904 2414 920 2453 :
944 2411 1011 2452 ne
1030 2394 1226 2449 Christi
1249 2391 1505 2453 imitator,
1528 2397 1679 2445 extra
1709 2397 2033 2456 prteceptum
2059 2391 2208 2454 quic-

625 2508 784 2565 quam
832 2498 925 2545 aut
972 2488 1302 2543 voluntatem
1350 2479 1546 2536 Christi
1594 2478 1751 2534 iaciat
1795 2493 1813 2531 :
1854 2490 1988 2530 neve
2033 2473 2208 2565 minus

629 2563 900 2654 exemplo,
926 2594 1084 2652 quam
1116 2577 1281 2633 verbo
1311 2577 1524 2637 doceat,
1549 2583 1778 2639 cumque
1805 2566 1925 2621 aliis
1952 2563 2207 2635 praedica-

622 2678 786 2740 verit,
812 2676 926 2744 ipse
948 2669 1268 2740 reprobetur
1291 2683 1306 2720 :
1330 2663 1404 2736 (ι)
1429 2661 1713 2733 audiatque
1742 2674 1862 2713 cum
1886 2655 2202 2712 Pharisaeis:

628 2765 819 2821 Dicunt
846 2764 979 2818 enim
1008 2762 1055 2816 et
1084 2776 1186 2815 non
1213 2757 1407 2829 faciunt
1429 2751 1642 2823 (Matth.
1673 2748 1764 2803 25.
1793 2748 1871 2818 5).

695 2859 785 2913 25.
830 2853 1125 2927 Aposmlici
1152 2861 1288 2906 vero
1314 2855 1368 2900 et
1401 2840 1648 2911 prtecepti
1693 2847 1775 2894 est
1795 2879 1810 2906 ,
1843 2844 1897 2892 et
1924 2835 2198 2927 exempli,

625 2959 686 3007 ut
709 2925 1002 3005 habeamus
1028 2944 1316 3003 rationem,
1352 2947 1459 2988 non
1488 2930 1831 2986 conscientia:
1850 2936 2080 2993 tantum,
2110 2925 2206 2982 sed

625 3045 786 3100 etiam
820 3042 971 3094 famae
1000 3035 1173 3109 (Rom.
1201 3027 1426 3096 12.17).
1456 3023 1577 3079 Non
1603 3020 1931 3093 superﬂuum
1957 3029 2012 3077 et
2034 3036 2064 3076 a
2091 3020 2205 3075 fru-

625 3145 714 3193 ctu
742 3146 991 3196 vacuuut,
1022 3127 1255 3198 gentium
1290 3120 1544 3190 magister
1570 3117 1671 3173 hoc
1704 3116 1897 3171 docet:
1923 3117 2036 3170 vult
2059 3114 2204 3170 enim

625 3230 787 3285 etiam
837 3233 1125 3280 extraneos
1174 3214 1243 3269 ad
1302 3212 1463 3267 ﬁdem
1514 3210 1773 3273 homines,
1820 3222 1915 3277 per
1968 3206 2201 3260 ﬁdelium

627 3334 786 3389 Opera
812 3312 1093 3383 proﬁcere,
1116 3316 1179 3362 ut
1209 3303 1523 3375 religionem
1545 3301 1716 3372 ipsam
1740 3298 2014 3367 religionis
2039 3297 2201 3351 disci-

626 3387 769 3481 plina
799 3399 1159 3460 commendet.
1194 3396 1264 3452 Et
1290 3395 1412 3450 ideo
1439 3393 1578 3449 sicut
1604 3390 1883 3481 luminaria
1918 3387 1972 3481 in
2002 3387 2202 3442 mundo

621 3478 813 3559 lucere
881 3494 1092 3570 1109
1170 3506 1268 3547 nos
1291 3488 1465 3558 jubet,
1488 3486 1544 3541 in
1568 3481 1749 3540 medio
1769 3478 1998 3534 nationis
2018 3490 2201 3550 pravte

624 3607 678 3652 et
725 3580 1028 3666 perversae,
1070 3594 1131 3643 'ut
1175 3581 1468 3641 incredula:
1513 3586 1721 3633 mentes
1766 3574 2092 3647 errantium,
2134 3584 2203 3629 cx

621 3701 928 3753 nostrorum
958 3692 1174 3739 actuum
1202 3676 1441 3743 lumine,
1472 3670 1789 3743 ignorantiae
1814 3683 1926 3724 suae
1954 3666 2201 3723 tenebras

625 3778 1047 3852 deprehendant.
1089 3772 1242 3831 [inde
1268 3779 1321 3825 et
1346 3769 1461 3838 ipse
1490 3764 1556 3820 ad
1582 3764 1854 3818 Romanos
1881 3761 1957 3815 ait
1980 3778 1992 3814 :
2019 3758 2204 3813 Provi-

625 3874 795 3927 dentes
837 3871 968 3924 bona
1013 3883 1113 3921 non
1151 3862 1318 3920 solum
1365 3872 1537 3914 coram
1575 3853 1685 3908 Deo
1715 3852 1804 3908 sed
1848 3852 2000 3906 etiam
2028 3865 2202 3905 coram

622 3962 909 4025 hominibus
947 3960 1139 4035 (Rom.
1182 3955 1264 4025 i2.
1310 3953 1376 4008 i7
1403 3953 1444 4021 ).
1474 3949 1541 4005 Et
1570 3948 1695 4003 alibi
1727 3964 1741 4000 :
1772 3945 1899 4002 Sine
1924 3943 2202 4011 o/fensione

621 4067 775 4121 estote
814 4053 1049 4119 ludatis,
1079 4060 1125 4106 et
1148 4047 1375 4120 gentibus
1395 4086 1411 4111 ,
1445 4046 1493 4096 e't
1524 4038 1771 4094 Ecclesia:
1798 4036 1923 4103 Dei,
1954 4036 2083 4090 sicut
2110 4049 2200 4105 ego

619 4167 707 4225 per
746 4147 917 4203 omnia
959 4142 1189 4199 omnibus
1236 4140 1445 4211 placeo,
1484 4150 1585 4188 non
1628 4145 1857 4201 quarens
1899 4129 2044 4225 quod
2076 4126 2201 4179 mihi

622 4217 744 4296 utile
772 4248 867 4302 est,
895 4237 983 4291 sed
1008 4232 1142 4306 quod
1170 4229 1340 4284 multis
1370 4227 1450 4295 (1.
1478 4222 1596 4279 Cor.
1628 4222 1716 4275 l0.
1742 4220 1834 4275 5‘2.
1855 4217 1975 4288 5'5).
2008 4217 2200 4272 Beatus

624 4343 708 4389 est
736 4332 827 4402 qui
860 4339 964 4383 tam
993 4334 1206 4389 sancte,
1239 4330 1452 4387 tamque
1484 4313 1715 4384 graviter
1744 4311 2005 4380 disposuit
2036 4309 2201 4365 vitam

622 4443 773 4485 suam
796 4467 812 4495 ,
847 4434 905 4479 ut
930 4422 998 4478 de
1028 4435 1092 4475 eo
1117 4414 1320 4472 sinistri
1349 4408 1548 4479 aliquid
1580 4422 1647 4461 ne
1677 4405 1799 4474 llugi
1831 4405 2043 4474 quidem
2066 4419 2198 4473 pos-

621 4522 727 4577 sit:
754 4494 881 4573 dum
933 4515 1190 4568 adversus
1226 4505 1643 4559 obtrectatorum
1683 4494 1957 4550 libidinem
2002 4501 2202 4565 pugnat

617 4612 795 4671 meriti
837 4603 1144 4677 magnitudo
1208 4613 1311 4656 nec
1342 4596 1546 4665 ﬁngere
1576 4592 1856 4663 quisquam
1886 4603 2048 4642 ausus
2077 4597 2160 4643 est
2179 4629 2196 4658 ,

617 4706 759 4779 quod
788 4720 818 4759 a
848 4700 989 4757 nullo
1022 4705 1171 4769 putat
1198 4710 1318 4750 esse
1342 4688 1690 4746 credendum.
1723 4682 1879 4754 Quod
1907 4683 1953 4738 si
1979 4682 2028 4737 id
2050 4697 2203 4779 asse-

621 4775 709 4868 qui
759 4794 976 4851 difﬁcile
1014 4800 1173 4860 atque
1213 4785 1370 4841 nimis
1418 4781 1649 4836 arduum
1681 4790 1797 4841 est,
1826 4782 2015 4831 saltem
2066 4775 2202 4829 hanc

625 4889 973 4943 adhibeamus
994 4885 1116 4938 vitae
1136 4888 1335 4937 nostrae
1356 4876 1706 4947 diigeutiam,
1727 4886 1794 4926 ne
1815 4868 1971 4923 malae
1993 4874 2201 4923 mentes

621 4974 959 5039 occasionem
990 4976 1263 5032 inveniant
1287 4966 1631 5028 detrahendi.
1678 4963 1757 5018 Ne
1781 4977 1851 5017 ex
1876 4959 2029 5016 nobis
2059 4960 2202 5015 scin-

584 5047 601 5057 .
624 5074 736 5129 tilla
769 5067 1039 5140 procedat,
1064 5083 1162 5136 per
1187 5078 1344 5145 quam
1372 5061 1634 5117 adversus
1663 5069 1763 5111 nos
1787 5053 2016 5145 sinistrae
2047 5050 2204 5107 fama;

627 5168 841 5222 ﬂamma
869 5157 1151 5215 conﬂetur.
1177 5156 1387 5225 Alioqui
1411 5154 1570 5209 frusta
1638 5146 1921 5201 nascimur
1939 5144 2207 5200 obtrecta-

628 5258 838 5315 toribus
875 5250 1074 5311 nostris
1102 5250 1147 5305 si
1187 5246 1260 5321 (c)
1298 5248 1377 5304 eis
1414 5248 1514 5316 ipsi
1554 5239 1886 5301 obtrectandi
1927 5240 2204 5295 materiam

627 5354 1013 5409 ministramus.
1036 5344 1096 5401 Si
1115 5352 1290 5405 autem
1313 5330 1471 5395 nobis
1490 5337 1776 5409 diligenter
1795 5343 1955 5405 atque
1975 5332 2205 5389 sollicite

626 5444 805 5500 omnia
831 5441 899 5501 ad
924 5441 1259 5499 honestatem
1288 5430 1714 5504 providentibus,
1737 5429 2049 5498 cunctisque
2068 5427 2205 5483 acti-

692 5578 757 5645 (al
785 5578 1061 5645 Perpetem
1099 5572 1443 5645 ,βςεεωίὲρθιει
1484 5566 1746 5645 testones
1790 5571 2031 5645 ἓξὲξξεὲὶ-
2050 5562 2207 5645 ⁸9ἐέῗῖ

621 5628 976 5697 Βὲιῖὲόὶοιὶὀυε
1003 5635 1228 5709 fastidio.
1304 5632 1444 5709 Disit
1487 5638 1651 5709 autem
1691 5636 1747 5709 Et
1787 5628 2034 5709 E'Aictorius
2072 5629 2208 5674 notat

627 5694 655 5756 ὲ
846 5708 921 5751 tus
940 5694 1051 5759 συῒ,
1074 5711 1173 5761 quo
1195 5699 1302 5761 ipse
1323 5694 1444 5745 alios
1462 5694 1730 5742 contemnit
1748 5727 1763 5751 ,
1787 5698 1882 5753 non
1905 5700 1982 5738 se.

655 5710 1005 5827 Mutare.
1029 5761 1325 5810 membrana
1342 5770 1455 5808 cum
1967 5747 2150 5801 addunt
2175 5759 2210 5799 α

627 5836 1118 5953 "ibiibi-am
1148 5894 1252 5933 ωιο
1274 5882 1456 5945 vocbo,
1488 5878 1772 5931 et
1808 5872 1924 5933 uox
1948 5869 2038 5927 alii
2067 5870 2206 5929 codd.

628 5957 870 6004 materias.

1940 416 2189 483 sane"
2226 406 2598 481 attinemur

3765 425 3893 483 nili

2318 539 2419 596 bus
2446 536 2645 596 nostris
2671 536 2916 596 timorem
2941 536 3038 597 Dei
3065 537 3496 613 praeferentibus,
3521 538 3598 597 illi
3625 538 3896 601 nihilomi.

2316 652 2418 695 nus
2465 640 2772 697 insaniunt:
2800 641 3104 699 consoletur
3146 656 3247 700 nos
3295 646 3627 702 conscientia
3677 660 3892 721 nostra,

2315 744 2434 803 qua:
2462 740 2588 789 tunc
2616 734 2852 790 maxime
2879 742 2989 790 tuta
3018 743 3099 791 est
3117 778 3133 806 ,
3169 747 3295 793 tunc
3323 737 3528 807 Optime
3559 752 3752 795 secura
3781 750 3891 808 est,

2315 838 2437 889 cum
2467 840 2536 881 ne
2565 829 2902 883 occasionem
2928 829 3140 901 quidem
3169 830 3310 887 male
3340 830 3408 888 de
3437 845 3496 888 se
3525 835 3797 890 sentiendi
3819 837 3897 893 de-

2316 916 2413 973 dit.
2442 917 2552 975 illis
2577 921 2723 976 enim
2752 932 2827 977 υω
2852 920 3048 977 dicitur
3074 938 3168 994 per
3194 922 3517 995 Prophetam
3543 968 3560 995 ,
3605 910 3698 1000 qui
3732 908 3897 991 dicunt

2316 1014 2453 1085 quod
2477 1014 2661 1069 bonum
2690 1022 2763 1070 est
2790 1016 2980 1070 malum
3005 1017 3131 1088 :qui
3157 1015 3317 1072 lucem
3344 1018 3621 1089 appellant
3644 1002 3896 1079 tenebras:

2318 1090 2364 1158 et
2393 1105 2530 1176 quod
2557 1106 2703 1161 dulce
2727 1115 2819 1171 est,
2850 1124 3082 1162 amarum
3111 1118 3288 1163 vocant
3317 1106 3471 1179 (Isai.
3519 1112 3575 1177 δ,
3620 1112 3716 1168 20.
3751 1114 3895 1187 juxta

2317 1192 2515 1268 LXX).
2544 1195 2706 1253 Nobis
2733 1213 2861 1270 ergo
2889 1198 3180 1255 Salvatoris
3206 1203 3477 1271 aptabitur
3500 1218 3686 1259 sermo
3717 1224 3732 1259 :
3762 1205 3895 1262 Beati

2318 1289 2438 1342 estis
2451 1304 2565 1343 cum
2583 1288 2721 1344 vobis
2738 1291 3093 1346 maledixerint
3107 1292 3353 1361 homines,
3371 1295 3668 1350 mentientes
3688 1295 3890 1369 (Matth.

2318 1376 2372 1434 ὅ.
2398 1377 2508 1450 ll).
2537 1378 2646 1434 Nos
2671 1380 2833 1435 modo
2853 1397 3094 1453 agamus,
3113 1394 3171 1439 ut
3195 1385 3333 1440 male
3358 1384 3427 1441 de
3450 1386 3611 1443 nobis
3641 1369 3801 1445 nemo
3824 1390 3892 1463 lo-

2318 1471 2409 1542 qui
2437 1472 2639 1545 absque
2664 1474 2943 1530 mendacio
2969 1477 3157 1547 possit.

2385 1562 2477 1619 ει.
2517 1562 2593 1643 ita
2622 1565 2818 1622 habeto
2845 1567 3258 1643 sollicitudinem
3288 1569 3514 1640 domus,
3562 1580 3623 1627 ut
3666 1573 3890 1646 aliquam

2314 1662 2493 1713 tamen
2524 1660 2859 1716 vacationem
2889 1660 3082 1729 anima:
3110 1662 3330 1721 tribuas.
3375 1663 3615 1741 Eligatur
3648 1654 3765 1721 tibi
3791 1682 3891 1738 op-

2314 1758 2578 1818 portunus
2599 1792 2615 1819 ,
2643 1760 2699 1806 et
2738 1752 3067 1825 aliquantum
3095 1764 3124 1807 a
3158 1753 3371 1810 familiae
3401 1756 3628 1827 strepitu
3665 1765 3889 1813 remotus

2312 1838 2499 1908 locus,
2530 1843 2581 1897 in
2613 1859 2772 1915 quem
2801 1852 2859 1900 tu
2890 1846 3036 1902 velut
3062 1850 3114 1903 in
3147 1857 3358 1918 portum
3380 1890 3395 1917 ,
3426 1849 3577 1927 quasi
3625 1865 3692 1905 ex
3739 1854 3888 1906 multa

2315 1944 2629 2008 tempestate
2649 1954 2898 1994 curarum
2929 1948 2983 1995 te
3008 1939 3256 2009 recipias,
3288 1950 3341 1997 et
3365 1942 3627 1996 excitatos
3651 1942 3781 1997 foris
3805 1959 3888 1998 co-

2312 2028 2628 2098 gitationum
2676 2029 2901 2097 ﬂuctus,
2933 2033 3126 2087 secreti
3158 2033 3542 2104 tranquillitate
3581 2049 3885 2106 componas.

2312 2116 2544 2176 Tantum
2573 2122 2643 2177 ibi
2674 2124 2744 2177 sit
2771 2121 2964 2178 divinae
2993 2124 3241 2180 lectionis
3264 2123 3529 2193 studium,
3560 2134 3667 2180 tam
3697 2127 3887 2183 crebrze

2313 2213 2616 2269 orationum
2644 2215 2791 2270 vices
2811 2257 2827 2282 ,
2860 2223 2968 2270 tam
3000 2216 3153 2271 ﬁrma
3183 2228 3236 2273 et
3268 2233 3453 2289 pressa
3481 2218 3549 2273 de
3581 2218 3779 2275 futuris
3802 2235 3885 2275 co-

2312 2303 2523 2373 gitatio,
2545 2312 2603 2359 ut
2627 2319 2817 2362 omnes
2837 2294 3029 2377 reliqui
3057 2307 3314 2377 temporis
3337 2310 3722 2378 occupationes
3746 2310 3887 2369 facile

2313 2394 2415 2451 hac
2434 2396 2715 2451 vocatione
2734 2412 3072 2469 compenses.
3104 2399 3213 2455 Nec
3243 2400 3344 2456 hoc
3370 2401 3491 2457 ideo
3516 2400 3771 2470 dicimus,
3792 2419 3886 2474 quo

2314 2494 2368 2544 te
2406 2486 2741 2543 retrahamus
2766 2503 2796 2544 a
2826 2490 2927 2544 tuis
2952 2507 2964 2544 :
2989 2490 3099 2546 imo
3128 2490 3182 2548 id
3212 2492 3419 2563 agimus
3441 2535 3457 2558 ,
3500 2500 3559 2548 ut
3584 2492 3660 2548 ibi
3686 2494 3885 2565 discas,

2311 2578 2493 2651 ibique
2536 2581 2847 2648 metliteris,
2875 2582 3089 2655 qualem
3138 2586 3241 2639 tuis
3286 2585 3525 2655 praebere
3575 2593 3631 2642 te
3677 2585 3885 2643 debeas.

2379 2670 2471 2727 25.
2552 2674 2765 2749 1110
2838 2674 3115 2730 Familiam
3144 2685 3285 2730 tuam
3312 2675 3383 2731 ita
3410 2692 3539 2748 rege
3570 2685 3625 2733 et
3647 2678 3884 2747 confore,

2311 2769 2371 2816 ut
2400 2771 2452 2819 te
2481 2772 2704 2819 matrem
2735 2765 2901 2835 magis
2930 2774 3138 2820 tuorum
3161 2806 3176 2831 ,
3207 2781 3367 2836 quam
3415 2767 3692 2823 dominam
3723 2768 3884 2824 videri

2310 2855 2464 2922 velis,
2493 2869 2524 2910 a
2567 2857 2761 2927 quibus
2806 2857 3135 2935 benignitate
3178 2859 3375 2929 potius,
3417 2875 3581 2930 quam
3608 2863 3884 2918 severitate

2311 2946 2464 3017 exige
2491 2948 2871 3004 reverentiam.
2917 2946 3152 3004 Fidelius
3178 2957 3233 3004 et
3260 2950 3465 3019 gratius
3490 2966 3714 3021 semper
3740 2953 3887 3007 obse-

2309 3038 2493 3107 quium
2523 3048 2605 3094 est
2625 3080 2640 3106 ,
2670 3040 2813 3109 quod
2837 3039 2905 3093 ab
2933 3054 3150 3104 amore,
3182 3056 3339 3110 quam
3381 3041 3525 3112 quod
3564 3058 3597 3097 a
3641 3052 3790 3099 metu
3818 3043 3883 3115 (tl)

2309 3130 2688 3209 proﬁciscitur.
2724 3132 2999 3202 Prmcipue
3027 3142 3202 3188 autem
3236 3134 3288 3188 in
3320 3135 3573 3209 COlljllglO
3602 3138 3885 3193 venerabili

2306 3206 2467 3291 atque
2494 3222 2836 3279 immacnlato
2864 3224 3191 3293 Apostolicae
3235 3206 3434 3296 regulzn
3465 3230 3603 3285 ordo
3633 3242 3880 3289 teneatur.

2378 3311 2467 3368 26.
2510 3314 2766 3368 Servetur
2791 3314 2843 3368 in
2870 3315 3054 3383 primis
3079 3318 3192 3369 viro
3219 3318 3507 3373 auctoritas
3534 3334 3660 3387 sua,
3688 3332 3883 3395 totaque

2305 3420 2335 3459 a
2367 3414 2417 3459 te
2443 3404 2613 3460 discat
2640 3405 2831 3460 domus
2850 3447 2866 3472 ,
2894 3417 3149 3476 quantum
3194 3408 3270 3462 illi
3314 3408 3537 3467 honoris
3566 3412 3788 3481 debeat.
3814 3416 3883 3471 Tu

2307 3495 2455 3551 illum
2502 3494 2774 3550 dominum
2813 3495 3071 3567 obsequio
3097 3506 3221 3563 tuo,
3253 3506 3307 3552 tu
3339 3514 3595 3570 magnum
3628 3504 3782 3561 illum
3811 3516 3883 3563 tua

2308 3586 2607 3643 humilitate
2636 3587 2979 3656 demonstra,
3010 3596 3158 3644 tanto
3187 3589 3301 3659 ipsa
3320 3590 3648 3649 honoratior
3681 3598 3846 3653 futura
3865 3641 3878 3666 ,

2307 3691 2508 3753 quanto
2534 3683 2683 3738 illum
2710 3682 2943 3754 amplius
2968 3681 3340 3739 honoraveris.
3364 3686 3534 3754 Caput
3559 3690 3721 3754 enim,
3749 3701 3802 3745 ut
3820 3693 3881 3745 ait

2306 3773 2620 3844 Apostolus,
2644 3773 2875 3829 mulieris
2896 3785 2969 3829 est
2993 3775 3069 3829 vir
3089 3773 3301 3846 (Ep/tes.
3321 3776 3373 3832 5.
3398 3777 3490 3848 25)
3518 3798 3532 3834 :
3559 3796 3662 3836 nec
3683 3783 3884 3839 aliunde

2306 3866 2477 3935 magis
2519 3865 2782 3933 reliquum
2829 3880 3024 3935 corpus
3070 3875 3323 3933 ornatur,
3371 3882 3533 3937 quam
3587 3885 3655 3925 ex
3707 3875 3884 3943 capitis

2306 3957 2588 4027 dignitate.
2640 3956 2789 4012 Unde
2835 3957 2977 4012 idem
3024 3956 3150 4011 alibi
3197 3958 3365 4013 dicit:
3401 3959 3649 4016 Mulieres
3679 3964 3885 4017 subdite

2307 4061 2460 4105 estote
2483 4050 2603 4104 viris
2622 4092 2636 4116 ,
2668 4051 2798 4105 sicut
2828 4059 3024 4121 oportet
3050 4051 3103 4105 in
3132 4049 3353 4106 Domino
3386 4052 3619 4123 ((Ioloss.
3662 4055 3718 4110 ὅ.
3764 4057 3880 4129 l8).

2307 4143 2411 4199 Sed
2459 4150 2515 4198 et
2553 4142 2740 4197 beatus
2784 4142 2974 4196 Petrus
3003 4143 3286 4211 Apostolus
3322 4145 3397 4197 ait
3439 4142 3695 4200 Similiter
3722 4157 3882 4201 autem

2308 4234 2543 4289 mulieres
2573 4233 2789 4288 subdita
2816 4234 2917 4288 sint
2943 4235 3098 4301 viris,
3126 4245 3179 4288 ut
3217 4244 3262 4288 et
3308 4236 3351 4288 si
3400 4237 3491 4305 qui
3533 4253 3636 4291 non
3682 4240 3883 4293 credunt

2307 4327 2477 4393 uerbo,
2507 4343 2599 4395 per
2623 4326 2894 4380 mulierum
2923 4328 3379 4391 conversationem,
3413 4328 3523 4381 sine
3552 4324 3701 4384 verba
3731 4332 3879 4384 lueri-

2308 4421 2433 4491 ﬁant
2462 4418 2537 4492 (i.
2570 4418 2713 4474 Petr.
2738 4420 2855 4491 5t).
2885 4421 2942 4476 Si
2987 4436 3113 4491 ergo
3151 4422 3311 4477 etiam
3354 4423 3646 4492 gentilibus
3684 4425 3881 4480 maritis

2307 4510 2535 4567 debetur
2562 4512 2735 4567 honor
2760 4514 2884 4584 jure
2907 4514 3143 4585 conjugii
3168 4556 3183 4581 ,
3225 4525 3423 4586 quanto
3454 4517 3626 4588 magis
3656 4519 3878 4574 redden-

2305 4602 2405 4659 dus
2429 4613 2511 4658 est
2530 4603 2870 4660 Christianis.

2376 4694 2468 4750 27.
2511 4697 2685 4767 Atque
2709 4705 2769 4750 ut
2794 4696 3073 4761 ostendat,
3117 4697 3313 4768 quibus
3353 4701 3683 4755 ornamentis
3728 4701 3876 4756 etiam

2306 4787 2435 4843 viris
2446 4789 2643 4858 junctae
2660 4787 2858 4844 femine
2890 4789 3129 4844 decorari
3170 4790 3420 4853 debeant,
3453 4796 3557 4846 ait:
3583 4794 3806 4858 Quarum
3823 4792 3880 4845 sit

2307 4886 2409 4934 nbn
2440 4881 2749 4935 extrinsecus
2777 4881 3083 4951 capillatura
3107 4923 3123 4949 ,
3150 4892 3240 4935 aut
3270 4885 3604 4937 circumdatio
3634 4888 3770 4950 auri,
3800 4893 3879 4937 aut

2307 4974 2713 5037 vestimentorum
2760 4973 2955 5037 cultus,
2989 4973 3077 5027 sed
3121 4972 3206 5043 qui
3244 4972 3571 5027 absconditus
3612 4976 3781 5028 cordis
3817 4983 3879 5026 est

2311 5065 2459 5131 homo
2490 5067 2541 5129 in
2573 5064 3054 5135 incorruptibilitate
3092 5065 3248 5133 quieti
3292 5074 3337 5118 et
3379 5065 3596 5119 modesti
3644 5066 3878 5134 spiritus,

2309 5162 2487 5239 quiest
2515 5161 2566 5213 in
2593 5168 2862 5233 conspectu
2897 5158 2989 5211 Dei
3027 5156 3272 5228 locuples.
3326 5158 3416 5212 Sic
3453 5159 3583 5212 enim
3612 5157 3881 5228 aliquando

2311 5262 2358 5305 et
2382 5261 2571 5306 sancta:
2598 5250 2832 5303 mulieres
2859 5258 3119 5320 sperantes
3147 5248 3203 5301 in
3226 5246 3445 5301 Domino
3469 5289 3485 5315 ,
3519 5248 3771 5302 ornabant
3802 5264 3880 5311 se,

2311 5333 2570 5417 subjecta.”
2588 5343 2811 5415 prapriis
2846 5341 2967 5401 uiris
2987 5382 3001 5407 ,
3028 5343 3155 5396 sicut
3188 5341 3323 5403 Sara
3356 5340 3614 5395 obediebat
3641 5341 3880 5411 librabat,

2312 5439 2591 5498 1)th
2616 5452 2763 5493 suum
2786 5451 2972 5495 uocans
2999 5433 3176 5508 (Ibid.
3196 5434 3254 5489 ,5.
3277 5441 3327 5493 et
3348 5430 3535 5504 seqq,).
3560 5432 3687 5487 Haec
3714 5442 3884 5499 autem

2316 5527 2634 5598 praecipiens
2654 5568 2669 5594 ,
2703 5542 2807 5581 non
2841 5541 2932 5581 eas
2958 5525 3110 5596 jubet
3139 5524 3212 5593 (e)
3240 5522 3488 5592 squalere
3515 5522 3798 5586 sordibus,
3836 5528 3889 5574 ot

2316 5619 2656 5679 horrentibus
2682 5633 2981 5691 pannorum
3008 5613 3332 5681 assumentis
3358 5612 3484 5684 tegi,
3506 5612 3603 5668 sed
3630 5610 3890 5683 immode-

2374 5800 2457 5930 i‘il
2487 5800 2965 5930 ἃἱὶῗέῶῇῗὲἓῇ
2978 5789 3611 5929 ἓιέῗῖῗυνίξῗέεῗξέἔῖθῶ
3627 5866 3740 5919 cum

2405 5852 2457 5929 ei
2487 5852 2558 5914 Ita
2580 5852 2834 5929 titaluimtis
2856 5874 2965 5914 cum
2980 5852 3097 5912 ᾖδε.
3116 5852 3256 5909 libris
3269 5852 3611 5929 legere'quam
3627 5866 3740 5919 cum

2321 5924 2562 5994 squalore,
2585 5924 2823 5977 sordibus.

2494 5800 2648 5865 Aliter
2657 5798 2932 5865 percipitur
2938 5834 2950 5847 ο
2978 5795 3179 5865 Ωιιίάἒῐῐι
