4080 6340
231 453 378 521 ηις

230 585 350 633 rato
368 574 559 640 cultui,
579 578 638 630 et
653 568 815 630 nimis
835 571 1102 644 exquidto
1126 569 1401 629 interdicit
1426 570 1661 637 ornatui,
1680 569 1810 625 sim-

230 668 534 737 plicemque
570 666 914 722 commendat
951 673 1205 722 ornatum
1247 673 1410 736 atque
1438 663 1705 720 habitum.
1740 662 1817 719 De

229 774 337 830 quo
363 769 417 821 et
438 773 530 814 vas
551 759 832 815 electionis
854 759 930 814 ait
959 776 975 814 :
1004 757 1256 814 Similiter
1279 765 1449 813 ααιεηι
1490 765 1541 811 et
1582 755 1815 811 mulieres

228 850 285 905 in
303 851 482 907 habitu
502 862 707 921 ornato,
725 868 840 908 eum
860 851 1164 906 verecundia
1180 859 1230 905 et
1251 849 1520 905 sobrietate
1535 864 1555 904 :
1577 855 1816 902 amantes

227 958 283 997 se
307 959 411 998 non
435 944 490 998 in
520 944 666 999 tortis
689 944 913 999 crinibus
930 985 945 1009 ,
967 952 1058 997 aut
1085 958 1213 997 auro
1229 982 1243 1005 ,
1272 951 1361 995 aut
1390 939 1679 1010 margaritis
1699 979 1715 1003 ,
1737 935 1817 993 vel

227 1045 362 1090 reste
390 1037 645 1119 pretiosa,
680 1035 771 1101 sed
801 1036 938 1108 quod
979 1034 1119 1091 decet
1166 1034 1401 1093 mulieres
1420 1072 1437 1100 ,
1469 1032 1816 1101 promittentes

229 1127 514 1181 castitatem
542 1143 631 1196 per
657 1143 812 1196 opera
839 1128 971 1191 bona
996 1126 1072 1196 (ι.
1094 1124 1226 1199 Tini.
1249 1123 1309 1178 2.
1333 1123 1387 1179 9.
1418 1121 1529 1193 10).

298 1217 391 1273 28.
416 1218 613 1290 Reperi
637 1235 764 1276 vero
786 1229 837 1275 te
857 1219 935 1292 (a)
955 1202 1237 1283 miro'ﬁdei
1261 1218 1455 1277 ardore
1474 1230 1812 1283 succensum,

226 1307 437 1380 aliquot
461 1310 573 1381 jam
601 1322 727 1367 ante
755 1326 925 1367 annos
950 1311 1335 1366 continentiam
1364 1309 1729 1379 proposuisse,
1761 1316 1816 1362 et

226 1401 499 1473 reliquum
545 1404 671 1460 vitae
720 1412 826 1460 tua:
873 1414 1084 1474 tempus
1127 1392 1810 1476 pudicitiaaconsecrasse.

224 1491 401 1563 Magni
424 1493 525 1549 hoc
540 1494 706 1550 animi
730 1495 960 1565 signum,
979 1503 1034 1550 et
1056 1494 1302 1565 perfectae
1324 1492 1534 1548 virtutis
1557 1490 1812 1545 indicium

225 1592 329 1650 θεῖε»
348 1587 661 1651 renuntiare
678 1586 861 1647 Subito
884 1596 1120 1658 experta:
1140 1584 1423 1656 voluptati,
1452 1582 1639 1654 lugere
1659 1589 1813 1642 uittas

224 1676 735 1745 caruisillocebras,
820 1682 1029 1753 ιιιι
1105 1687 1161 1737 et
1184 1677 1411 1734 attentis
1437 1674 1615 1737 adi-uc
1636 1673 1812 1731 aetatis

222 1767 470 1829 ﬂammas
490 1770 820 1831 fidei'amore
840 1770 934 1843 [aL
953 1768 1159 1842 ardore]
1182 1768 1536 1839 restinguere.
1554 1766 1661 1823 Sed
1678 1765 1813 1825 illud

222 1877 439 1935 quoque
462 1863 624 1920 simul
648 1864 833 1929 didici,
865 1863 1010 1933 quod
1037 1878 1126 1919 me
1156 1877 1262 1925 uou
1289 1860 1637 1917 mediocriter
1666 1860 1814 1929 angit

222 1970 287 2013 ac
309 1956 591 2025 stimulat,
618 1965 670 2014 te
691 1956 942 2014 videlicet
970 1964 1176 2013 tantum
1206 1954 1309 2011 hoc
1334 1953 1532 2010 bonum
1550 1993 1567 2021 ,
1607 1952 1813 2022 absque

222 2063 496 2113 consensu
536 2058 591 2109 et
626 2058 786 2123 pacto
828 2050 926 2105 viri
974 2062 1201 2106 servare
1242 2046 1508 2116 erupisse,
1538 2058 1660 2100 cum
1708 2045 1813 2107 hoc

223 2143 535 2210 Apostolica
564 2144 785 2198 oumiuo
813 2141 1104 2198 iuterdicat
1130 2138 1450 2204 auctoritas,
1477 2153 1597 2209 quae
1627 2137 1679 2192 in
1710 2136 1812 2195 hac

222 2232 489 2291 duntaxat
532 2251 693 2291 causa
714 2277 728 2301 ,
759 2252 867 2291 nou
898 2236 1058 2290 modo
1087 2248 1309 2289 uxorem
1339 2233 1491 2299 viro,
1523 2232 1615 2287 sed
1646 2231 1808 2287 etiam

221 2328 398 2383 virum
430 2330 610 2384 uxoris
631 2328 861 2398 subjecit
884 2329 1155 2399 potestati.
1187 2326 1351 2391 Uxor,
1379 2326 1571 2396 inquit,
1593 2325 1673 2379 sui
1698 2340 1813 2379 eor-

223 2420 366 2489 poris
389 2429 687 2491 potestatem
715 2436 816 2475 non
846 2422 1022 2482 habet,
1051 2420 1141 2475 sed
1169 2420 1264 2475 air.
1300 2418 1549 2474 Similiter
1572 2429 1739 2473 autem
1767 2426 1813 2472 et

221 2510 301 2567 air
332 2522 631 2581 potestatem
659 2529 759 2567 non
787 2512 935 2568 liabet
973 2513 1055 2568 sui
1093 2515 1321 2583 corporis
1341 2554 1356 2580 ,
1383 2512 1473 2567 sed
1506 2513 1686 2567 mulier
1729 2512 1808 2585 (i.

223 2603 341 2658 Cor.
369 2604 422 2659 7.
449 2605 483 2659 4
505 2605 545 2675 ).
592 2604 672 2661 Tu
712 2620 840 2661 vero
878 2606 1031 2675 quasi
1065 2607 1229 2662 oblita
1272 2605 1492 2671 hederis
1518 2606 1804 2674 nuptialis,

222 2696 476 2766 pectique
500 2696 657 2766 huius
683 2712 746 2752 ac
764 2698 904 2767 juris
926 2698 1230 2763 immemor,
1260 2698 1563 2759 inconsulto
1588 2698 1703 2752 viro
1722 2712 1815 2753 vo-

221 2792 345 2846 visti
380 2791 611 2845 Domino
638 2793 961 2846 castitatem.
995 2792 1098 2847 Sed
1147 2792 1446 2861 periculose
1490 2792 1815 2861 promittitur

223 2881 364 2951 quod
396 2881 576 2937 adhuc
600 2882 652 2936 in
682 2884 904 2938 alterius
931 2891 1197 2953 potestate
1225 2893 1327 2937 est.
1352 2882 1421 2937 Et
1448 2883 1632 2937 nescio
1654 2896 1812 2953 quam

224 2976 305 3029 sit‘
340 2985 493 3045 grata
540 2977 791 3042 donatio,
822 2977 867 3031 si
910 2992 1046 3031 unus
1086 2975 1276 3031 ofierat
1322 2991 1434 3031 rem
1474 2976 1705 3031 duorum
1737 2976 1813 3047 (b)

219 3064 384 3121 Multa
400 3066 514 3136 jam
536 3083 631 3137 per
652 3066 1020 3137 hujuscemodi
1042 3067 1395 3137 ignorantiam
1414 3074 1470 3121 et
1489 3067 1811 3133 audivimus,

218 3168 276 3213 et
303 3157 540 3213 vidimus
563 3159 729 3214 scissa
755 3159 1028 3230 ctmjugia,
1057 3158 1308 3229 quodque
1334 3160 1606 3215 recordari
1639 3160 1811 3228 piget,

220 3251 509 3309 occasione
552 3254 815 3308 castitatis
863 3252 1184 3308 adulterium
1235 3262 1626 3323 perpetratum.
1677 3252 1812 3306 Nam

221 3342 355 3399 dum
386 3359 488 3399 uua
531 3359 653 3415 pars
690 3359 751 3401 se
788 3344 949 3400 etiam
974 3358 1005 3399 a
1038 3345 1199 3400 licitis
1240 3344 1508 3400 abstinet:
1536 3344 1706 3399 altera
1746 3344 1814 3399 ad

222 3438 412 3493 illicita
432 3436 654 3508 delapsa
679 3446 783 3493 est.
807 3438 876 3493 Et
899 3438 1082 3493 nescio
1102 3437 1155 3492 iu
1184 3438 1273 3495 tali
1294 3452 1480 3504 causa,
1504 3438 1625 3508 quis
1645 3436 1813 3508 magis

224 3530 493 3593 accusari,
521 3520 643 3599 quis
671 3530 902 3599 amplius
931 3530 1137 3599 culpari
1169 3528 1386 3594 debeat,
1418 3538 1593 3584 utrum
1617 3530 1704 3583 ille
1723 3530 1815 3599 qui

223 3622 477 3696 repulsus
501 3637 533 3677 a
552 3625 783 3697 conjuge
810 3623 1125 3689 fornicatur,
1148 3637 1217 3677 au
1246 3624 1332 3677 illa
1354 3638 1475 3693 quae
1501 3624 1815 3693 repellendo

226 3730 257 3770 a
289 3729 353 3770 se
377 3714 548 3769 virum
569 3754 585 3781 ,
615 3726 739 3769 eum
780 3712 1121 3769 fornicationi
1168 3713 1568 3784 quodammodo
1607 3713 1810 3784 objicit.

225 3809 409 3879 Atque
427 3816 486 3863 nt
511 3820 673 3877 super
690 3806 795 3861 hac
813 3820 995 3872 caiisa,
1028 3804 1157 3876 quid
1186 3804 1384 3860 veritas
1410 3804 1625 3872 habeat,
1653 3821 1818 3878 agno-

227 3918 370 3969 scas,
405 3917 573 3973 pauca
599 3901 727 3957 mihi
753 3902 822 3957 de
845 3901 1029 3956 divina
1050 3900 1373 3955 auctoritate
1398 3901 1645 3971 ponenda
1668 3911 1813 3957 sunt.

227 3997 556 4069 Apostolicae
576 3997 833 4052 doctrina:
854 3996 1037 4065 regula
1060 4008 1164 4051 nec
1188 4009 1309 4049 cum
1340 3994 1621 4049 Joviniauo
1644 4004 1820 4068 aequat

230 4087 577 4147 continentia:
625 4104 788 4159 opera
838 4089 1305 4157 nuptiarum,uec
1351 4102 1471 4141 cum
1525 4087 1819 4143 Mauiclizno

231 4184 477 4253 coniugia
504 4182 850 4238 condemnat.
892 4181 975 4238 ita
1013 4196 1108 4237 vas
1146 4181 1425 4237 electionis
1463 4195 1528 4236 ac
1568 4180 1820 4252 magister

230 4276 468 4347 gentium
489 4316 505 4342 ,
535 4277 679 4331 inter
704 4286 991 4346 utrumque
1029 4284 1358 4345 temperatus
1387 4273 1588 4328 incedit
1612 4289 1675 4329 ac
1702 4288 1818 4330 me-

230 4352 386 4436 dius,
432 4377 488 4423 ut
526 4368 827 4425 remedium
870 4367 1276 4424 incontinentiae
1323 4365 1626 4435 indulgeat,
1655 4373 1709 4421 et
1752 4366 1819 4421 ad

233 4461 516 4533 praemium
566 4471 825 4533 provocet
865 4461 1268 4517 continentiam.
1304 4457 1579 4530 Totusque
1621 4458 1673 4514 iu
1722 4459 1821 4516 hac

234 4569 392 4611 causa
422 4554 541 4623 ejus
568 4553 656 4609 hic
680 4550 870 4609 sensus
899 4563 982 4610 est
1002 4596 1017 4619 ,
1046 4563 1104 4608 ut
1130 4569 1197 4609 ex
1237 4550 1514 4624 utriusque
1556 4554 1819 4608 sententia

237 4655 571 4717 proponatur
611 4648 835 4700 castitas
859 4687 874 4712 ,
916 4655 1006 4700 aut
1048 4655 1194 4702 certe
1231 4644 1299 4700 ab
1325 4652 1554 4716 utroque
1582 4645 1822 4702 debitum

228 4726 522 4793 commune
547 4735 806 4790 solvatur.

307 4828 398 4886 29.
415 4828 518 4883 Sed
540 4829 649 4898 ipsa
660 4827 776 4898 jam
802 4826 1039 4896 Apostoli
1058 4827 1216 4881 verba
1241 4840 1524 4897 ponamus,
1551 4834 1823 4896 totamque

240 4924 377 4977 hanc
413 4932 629 4976 cattsam
668 4934 701 4974 ιι
739 4920 817 4975 ειιί
862 4918 1128 4991 principio
1155 4927 1531 4974 retractemus.
1563 4918 1824 4989 Loquitur

240 5014 383 5072 enim
412 5012 477 5066 ad
503 5009 810 5066 Corinthios
832 5029 846 5065 :
870 5008 951 5065 De
973 5009 1151 5081 quibus
1176 4992 1346 5064 autem
1370 5009 1643 5080 scripsistis
1668 5009 1823 5064 mihi:

248 5110 430 5163 bonum
458 5115 531 5161 est
560 5105 752 5160 homini
778 5104 1043 5167 mulierem
1071 5119 1172 5157 non
1203 5111 1407 5173 tangere
1431 5100 1506 5173 (l.
1530 5098 1649 5155 Cor.
1670 5101 1720 5154 7.
1748 5102 1821 5172 l).

250 5198 319 5256 Et
339 5211 643 5267 quanquam
674 5194 758 5250 hic
778 5193 1072 5250 laudaverit
1100 5195 1417 5257 castitatem,
1441 5202 1615 5248 tamen
1645 5210 1711 5250 ne
1731 5193 1825 5248 alio

246 5289 443 5361 quibus
461 5289 701 5345 videatur
718 5286 998 5357 prohibere
1011 5287 1255 5363 cerrjugia
1267 5329 1282 5354 ,
1297 5286 1583 5357 subiungit.
1609 5285 1825 5355 Propter

183 5438 203 5469 .
250 5382 634 5454 fornicationem
671 5391 836 5435 autem
858 5380 1197 5451 unusquisque
1225 5396 1368 5435 suam
1392 5395 1599 5435 uxorem
1623 5378 1822 5437 habeat.

247 5478 322 5551 (c)
353 5475 516 5532 Uxori
552 5477 627 5531 uir
650 5476 868 5530 debitum
895 5474 1074 5529 reddat
1107 5489 1126 5529 :
1157 5476 1387 5529 similiter
1430 5486 1599 5531 autem
1625 5485 1672 5531 et
1698 5491 1827 5530 aur

312 5629 378 5698 (ai
417 5630 547 5693 Male
592 5632 750 5683 editor
775 5630 1047 5685 -Benedict.
1094 5631 1153 5682 ad
1194 5631 1461 5683 Erasmian.
1502 5632 1641 5684 codd.
1685 5631 1827 5691 mina

244 5692 380 5883 Μξῗ.
416 5756 592 5873 eculei:
614 5758 667 5809 S.
691 5755 953 5829 Augustini
975 5756 1034 5829 ad
1055 5755 1296 5834 Ecdicium
1317 5757 1578 5820 Epistolam
1601 5752 1715 5813 2‘32.

247 5757 1117 5927 “assummum:
1308 5821 1531 5927 sua:
1555 5827 1715 5927 ιιοξιι

315 5755 378 5884 Η
416 5756 592 5873 eculei:
614 5758 667 5809 S.
691 5755 953 5829 Augustini
975 5756 1034 5829 ad
1055 5755 1296 5834 Ecdicium
1317 5757 1578 5820 Epistolam
1601 5755 1715 5813 2‘32.

333 5829 361 5883 c
458 5819 657 5881 ictonus
695 5827 748 5872 et
784 5815 1023 5884 pauct_alii
1047 5831 1113 5869 ex
1149 5819 1294 5874 editis
1325 5821 1531 5884 addunt,
1576 5837 1599 5873 ιι
1621 5827 1827 5884 stunt!-

250 5878 458 5992 ξιμξῶ
490 5878 632 5934 suum
664 5878 822 5935 “min
858 5878 1117 5945 habent.»
1161 5894 1273 5947 quae
1308 5878 1362 5936 tu
1555 5890 1653 5933 non
1692 5878 1828 5943 inve-

1540 444 1881 511 περιείη-ομ
1914 446 2192 511 CXLVIII.

1927 568 2054 623 tiro.
2080 564 2266 627 Mulier
2279 574 2445 621 eadem
2458 566 2540 624 sui
2552 569 2780 640 corporis
2800 580 3096 644 potestatem
3108 591 3127 629 ι
3141 591 3214 633 an
3232 575 3396 644 liabet,
3412 578 3504 634 sed

1919 660 2014 714 vir.
2101 661 2309 733 1112
2384 660 2449 715 Et
2482 662 2562 715 air
2590 665 2670 717 sui
2698 670 2925 738 corporis
2952 679 3252 739 potestatem
3274 680 3376 725 lion
3406 673 3502 727 Ita-

1920 752 2019 819 bet,
2047 754 2136 807 sed
2160 748 2362 808 mittier.
2394 752 2571 810 Nolite
2593 758 2834 828 fraudare
2850 760 3061 816 invicem
3086 761 3248 833 (Ibid.
3270 775 3315 817 et
3336 764 3499 837 seqq.)

1920 847 1999 902 Ae
2026 859 2233 912 rursus,
2272 861 2338 902 ne
2378 853 2521 901 tanta
2560 862 2660 920 pro
2703 852 3004 918 nuptiarum
3047 863 3200 924 parte
3238 855 3499 924 dicendo,

1919 937 2189 994 videretur
2215 937 2502 995 excludere
2526 941 2826 996 castitatem
2850 983 2866 1007 ,
2892 946 3137 1015 sequitur
3169 963 3183 1000 :
3220 944 3340 1001 Nisi
3370 948 3503 1016 forts

1919 1047 1983 1087 ea
2010 1047 2256 1087 consensu
2280 1031 2350 1086 ad
2387 1041 2608 1104 tenipus,
2637 1044 2692 1088 ut
2720 1037 2903 1090 vacetis
2932 1038 3169 1092 orationi.
3206 1039 3274 1093 Et
3316 1040 3497 1093 statim

1920 1124 2070 1195 quasi
2098 1133 2308 1179 recusat
2329 1123 2452 1187 hoc,
2480 1125 2621 1195 quod
2658 1125 2811 1192 dixit,
2835 1126 2903 1180 ad
2926 1137 3121 1197 tempus
3134 1138 3159 1183 ‘:
3180 1145 3248 1185 ne
3264 1146 3369 1184 non
3392 1141 3499 1185 tam

1918 1224 2231 1287 perpetuam
2255 1256 2272 1285 ,
2307 1232 2469 1287 quam
2510 1221 2860 1289 temporalem
2886 1235 2950 1275 ac
2978 1221 3193 1277 brevem
3223 1225 3475 1279 contineo

1918 1308 2045 1362 tiam
2072 1308 2270 1365 docere
2296 1309 2561 1365 videatur.
2593 1313 2683 1366 Ait
2725 1312 2869 1369 enim
2900 1330 2918 1368 :
2951 1322 3162 1383 propter
3185 1314 3491 1369 incontinen-

1916 1398 2039 1453 tiam
2062 1407 2298 1455 vestram.
2336 1399 2452 1456 Hoc
2480 1411 2646 1458 autem
2673 1404 2786 1459 dico
2807 1405 3086 1459 secundum
3105 1406 3495 1478 indulgentiam,

1916 1508 2017 1548 non
2046 1493 2323 1549 secundum
2349 1498 2635 1565 imperiam.
2686 1497 2843 1554 Unde
2886 1499 2993 1555 hoc
3036 1500 3177 1570 quod
3216 1500 3385 1568 dixit,
3432 1498 3499 1554 ad

1916 1593 2132 1658 temnis,
2155 1586 2313 1643 docet
2337 1588 2737 1644 meditationem
2763 1590 2965 1645 debere
2994 1590 3108 1646 ﬁeri
3140 1591 3421 1656 castitatis,
3443 1599 3495 1647 ut

1916 1693 2014 1749 per
2036 1690 2183 1735 certa
2216 1680 2496 1736 intervalla
2526 1690 2825 1752 temporum
2855 1683 3009 1752 quasi
3037 1683 3332 1754 exploratis
3366 1698 3495 1739 cou-

1915 1770 2151 1828 tiuentia:
2177 1790 2289 1829 sua:
2320 1772 2557 1843 viribus,
2585 1776 2701 1830 sine
2743 1775 2982 1846 periculo
3020 1775 3231 1847 utrique
3276 1776 3501 1847 promito

1915 1873 2060 1929 tant,
2093 1865 2233 1936 quod
2267 1880 2482 1935 semper
2504 1874 2587 1922 est
2612 1864 2681 1921 ab
2710 1877 2939 1938 utroque
2965 1868 3312 1923 servandum.
3358 1867 3500 1935 Quid

1914 1971 2044 2011 vero
2062 1957 2303 2013 absolute
2322 1957 2469 2026 velit,
2493 1957 2777 2013 manifeste
2797 1958 2929 2014 dicit
2951 1977 2967 2014 :
2996 1957 3124 2013 Volo
3140 1969 3311 2014 autem
3329 1974 3503 2014 omnes

1915 2047 2140 2105 homines
2165 2066 2271 2104 esse
2297 2050 2430 2104 sicut
2459 2050 2724 2121 meipsum,
2744 2050 2798 2106 id
2821 2058 2923 2119 est,
2944 2050 2997 2105 in
3024 2050 3140 2123 jugi
3162 2065 3226 2107 ac
3244 2059 3500 2123 perpetua

1914 2142 2159 2197 castitate
2185 2143 2384 2197 vivere.
3430 2148 3439 2155 ‘

1985 2233 2072 2290 50.
2121 2235 2278 2290 Vides
2302 2222 2369 2289 ne
2394 2250 2552 2306 quam
2580 2244 2737 2292 caute
2758 2250 2916 2307 quam
2930 2235 3182 2307 .rovide,
3202 2249 3359 2307 quam
3382 2234 3501 2293 siur

1915 2325 2075 2381 ullius
2102 2329 2384 2383 occasiOne
2409 2327 2646 2383 scaudali
2668 2370 2684 2397 ,
2713 2330 2967 2399 magister
2995 2327 3281 2385 firmaverit
3308 2328 3376 2384 de
3401 2342 3498 2384 ca-

1915 2419 2095 2475 stitate
2135 2422 2493 2487 sententiam,
2530 2421 2720 2477 nolens
2750 2431 2954 2476 tantum
2995 2421 3194 2477 bonum
3240 2422 3291 2477 in
3338 2421 3499 2478 unius

1917 2500 2218 2567 temeritate
2262 2521 2488 2579 nutare,
2521 2512 2661 2583 quod
2706 2513 2871 2585 ligare
2909 2520 2963 2567 et
2997 2512 3313 2568 confirmare
3341 2512 3502 2567 debet

1915 2614 2208 2657 consensus
2254 2604 2576 2658 amborum?
2626 2604 2694 2659 Et
2738 2619 2945 2671 revera,
2972 2604 3100 2674 quid
3148 2620 3211 2660 ea
3257 2603 3504 2660 castitate

1915 2694 2118 2748 firmius
2161 2705 2274 2760 est,
2305 2696 2498 2765 quidve
2546 2697 2746 2763 tutius,
2777 2712 2938 2767 quam
2986 2713 3105 2767 qua:
3154 2712 3221 2752 ex
3263 2696 3497 2751 duorum

1916 2798 2090 2855 coepta
2123 2788 2388 2842 sententia
2409 2828 2423 2851 ,
2453 2789 2520 2843 ab
2550 2798 2778 2858 utroque
2808 2790 2953 2844 velut
2979 2789 3031 2843 in
3062 2802 3349 2844 commune
3377 2803 3497 2844 ser-

1916 2880 2113 2933 vatur?
2145 2877 2254 2933 Nec
2279 2878 2345 2933 de
2375 2894 2434 2933 se
2464 2886 2669 2933 tantum
2705 2894 2827 2950 pars
2853 2881 3018 2934 altera
3044 2880 3293 2946 sollicita,
3318 2888 3503 2935 mutuo

1917 2983 1976 3024 se
1997 2970 2061 3024 ad
2078 2970 2294 3024 virtutis
2316 2970 2517 3024 auimet
2544 2970 3022 3039 persevcrantiam.
3048 2971 3157 3025 lloc
3174 2972 3338 3033 enim,
3364 2971 3501 3027 sicut

1916 3064 2014 3118 alia
2038 3080 2251 3134 quoque
2273 3063 2436 3129 bona,
2458 3078 2564 3117 non
2597 3055 2799 3118 tantum
2819 3048 3071 3136 erupisse,
3098 3064 3191 3119 sed
3218 3064 3503 3134 perfecisse

1915 3155 2241 3211 laudandum
2271 3165 2374 3211 cst.
2422 3154 2767 3219 Jamdudum,
2801 3166 2860 3211 ιιι
2902 3155 3187 3227 intelligis,
3218 3158 3506 3226 scopuloso

1915 3247 2229 3318 difficilique
2254 3248 2305 3302 in
2332 3247 2453 3303 loco
2477 3256 2723 3302 versatur
2739 3248 2930 3311 oratio,
2948 3263 3048 3302 nec
3075 3248 3234 3304 audet
3263 3249 3315 3303 in
3343 3250 3508 3304 alter-

1917 3350 2090 3393 utram
2118 3338 2391 3393 decliuare
2432 3346 2679 3410 partem,
2713 3338 2840 3393 dum
2888 3339 3170 3409 aequaliter
3212 3348 3502 3411 utrumque

1916 3430 2188 3500 formidat,
2236 3430 2442 3486 sed'ex
2487 3439 2671 3486 nostra
2717 3429 3033 3486 difficultate
3076 3442 3223 3485 tuum
3272 3442 3505 3502 agnosce

1916 3524 2228 3589 discrimen,
2283 3525 2569 3581 maluimus
2617 3526 2763 3581 enim
2812 3536 2866 3581 te
2912 3526 3234 3580 contristare
3280 3526 3503 3581 forsitan

1916 3630 2042 3670 vera
2092 3615 2357 3681 dicendo,
2386 3630 2546 3685 quam
2592 3615 2713 3669 iicta
2758 3614 3065 3669 adulatione
3105 3615 3191 3685 (ά)
3234 3614 3504 3685 decipere.

1919 3707 2124 3778 Duplex
2144 3749 2159 3775 ,
2183 3717 2242 3762 ut
2267 3707 2417 3761 vides
2436 3748 2451 3773 ,
2487 3707 2708 3774 malmu,
2738 3707 2945 3777 ecquale
2973 3715 3029 3761 et
3059 3720 3256 3776 anceps
3288 3708 3504 3780 pericu-

1919 3798 2029 3853 lum
2059 3808 2178 3854 est:
2208 3813 2279 3854 ex
2322 3807 2545 3867 utroque
2588 3798 2814 3853 arctaris
2836 3838 2851 3863 ,
2882 3812 2952 3853 ex
2979 3806 3206 3865 utquue
3232 3799 3506 3855 constrin-

1918 3889 2083 3962 geris.
2135 3889 2493 3945 Contemnere
2532 3889 2753 3943 omnino
2782 3890 2959 3943 virum
2989 3897 3149 3959 atque
3175 3888 3457 3959 despicere
3482 3932 3499 3957 ,

1921 3991 2100 4052 aperta
2132 3988 2319 4036 contra
2363 3980 2607 4052 Apostoli
2652 3979 2972 4036 sententiam
3004 3990 3127 4036 est:
3170 3981 3245 4052 (e)
3279 3982 3504 4048 perdere

1919 4089 2051 4131 vero
2092 4074 2222 4129 tanti
2266 4074 2521 4144 temporis
2548 4074 2849 4130 castitatem
2871 4117 2885 4142 ,
2918 4087 2970 4130 et
3003 4075 3113 4130 Deo
3140 4076 3243 4130 non
3276 4076 3503 4134 reddere

1921 4166 2062 4238 quod
2086 4166 2439 4238 promiseras,
2473 4167 2801 4234 timendum,
2833 4177 2993 4239 atque
3020 4168 3365 4224 metuendum
3398 4180 3502 4226 est.

1919 4258 1993 4316 Ut
2021 4260 2179 4331 vulgo
2204 4260 2400 4315 dicitur
2429 4277 2441 4315 :
2472 4259 2655 4316 Facile
2685 4276 2753 4315 ex
2782 4261 2958 4316 amico
2991 4262 3262 4315 inimicum
3298 4260 3464 4317 facies
3484 4304 3499 4330 ,

1922 4351 2006 4405 cui
2038 4350 2299 4421 promissa
2332 4366 2437 4407 non
2467 4351 2679 4408 reddas.
2729 4350 2801 4425 (ι’)
2835 4352 2922 4407 Sic
2951 4353 3092 4407 enim
3121 4352 3392 4424 Scriptura
3420 4354 3506 4408 di-

1923 4445 2014 4500 cit.
2050 4444 2201 4511 Quod
2229 4447 2273 4499 si
2302 4446 2494 4500 noveris
2521 4455 2691 4500 votum
2721 4445 2943 4501 Domino
2972 4444 3115 4509 Dea,
3165 4463 3264 4500 non
3296 4447 3504 4501 moreris

1923 4537 2138 4592 reddere
2179 4537 2504 4607 illud:quia
2552 4552 2780 4606 quarens
2835 4537 3015 4606 quierit
3068 4536 3199 4589 illud
3254 4535 3505 4592 Dominus

1924 4630 2065 4684 Deus
2094 4629 2182 4684 abs
2204 4637 2269 4695 te,
2292 4637 2340 4683 et
2368 4628 2460 4681 erit
2490 4626 2578 4681 tibi
2606 4626 2656 4681 in
2685 4637 2945 4699 peccatum
2975 4624 3149 4693 (Deut.
3175 4626 3264 4691 25.
3289 4628 3378 4683 2i.
3404 4646 3503 4684 sec.

1924 4721 2100 4778 LXX.
2132 4733 2178 4776 et
2205 4720 2349 4775 Eccl.
2374 4722 2425 4775 5.
2454 4721 2532 4792 ⁸5).
2561 4720 2650 4774 Ait
2674 4735 2804 4792 ergo
2829 4738 2842 4775 :
2873 4719 3113 4774 Debitam
3147 4719 3506 4776 lmnorificeu-

1927 4798 2054 4869 tiam
2100 4815 2214 4867 viro
2293 4812 2503 4885 1113
2578 4811 2793 4877 exhibe,
2846 4821 2901 4865 ut
2929 4828 2991 4865 ex
3027 4820 3252 4883 utroque
3285 4814 3509 4869 Domino

1927 4905 2190 4968 debitum,
2216 4905 2357 4973 quod
2389 4902 2603 4970 vovisti,
2634 4903 2858 4958 reddere
2886 4904 3076 4972 possis.
3106 4904 3184 4958 ile
3205 4905 3354 4975 cujus
3376 4921 3505 4961 con-

1926 4998 2145 5055 scientia
2180 5011 2283 5051 non
2316 4995 2644 5063 diffidimus,
2688 4996 2731 5050 si
2778 4996 3049 5065 paululum
3094 5011 3462 5068 exspecmsses
3494 5018 3509 5056 :

1928 5106 2032 5145 non
2063 5087 2200 5158 quod
2230 5094 2283 5143 te
2308 5102 2338 5142 a
2368 5088 2508 5141 bono
2535 5087 2792 5142 castitatis
2818 5085 3152 5145 retrahamus
3174 5131 3189 5156 ,
3222 5096 3316 5145 sed
3348 5091 3503 5159 hujus

1926 5181 2160 5236 animum
2210 5179 2277 5235 ad
2324 5180 2583 5236 castitatis
2613 5181 2889 5236 oraculum
2923 5182 3048 5237 totis
3079 5182 3282 5237 viribus
3312 5184 3501 5236 incite-

1928 5289 2078 5342 mus;
2104 5284 2158 5328 ut
2180 5273 2536 5328 voluntarium
2567 5274 2888 5330 sacrificium
2916 5275 3107 5330 offerat
3139 5277 3265 5340 Deo,
3296 5273 3347 5329 in
3374 5274 3505 5328 odo-

1927 5383 2041 5422 rem
2073 5366 2386 5423 suavitatis:
2415 5376 2471 5421 ut
2497 5377 2656 5423 exuta
2686 5383 2841 5424 meus
2879 5384 2908 5422 a
2948 5366 3153 5422 cunctis
3191 5363 3498 5427 retinaculis

1994 5628 2064 5696 (αι
2100 5628 2375 5696 Emsmiana
2399 5627 2545 5696 lectio
2565 5639 2708 5696 quam
2722 5622 3031 5675 Martlauzeus
3053 5624 3307 5687 exscribit,
3334 5627 3508 5680 vitiose

1927 5691 2335 5759 dube'rel-ebebat
2360 5706 2447 5755 pro
2469 5691 2710 5759 ἀπέθανε·
2969 5747 3008 5759 ..
3126 5747 3155 5759 ..

1990 5757 2059 5818 (ε)
2095 5756 2221 5827 μειε
2245 5746 2425 5805 iterum
2461 5766 2527 5802 ex
2556 5746 2756 5800 Erasmo
2795 5746 2949 5799 editor
2969 5747 3345 5813 Benedictiuus,
3385 5760 3506 5803 Pro.

1924 5817 2281 5950 deiﬁméi’ism.
2309 5882 2361 5950 e‘t
2382 5873 2688 5950 Martiaan
2708 5870 2836 5925 sicut
2858 5884 2945 5938 pro
2965 5870 3052 5926 sic.
3079 5866 3199 5933 Tum
3221 5876 3365 5942 paulo
3397 5884 3504 5949 pm:

1929 5935 2022 5993 erit
2042 5935 2171 5992 enim
2192 5952 2279 6004 pro
2300 5942 2346 5989 et
2367 5936 2460 5989 erit
2481 5935 2584 5988 tibi.
2832 5987 2843 5992 ,
