4080 6340
599 424 752 484 ωε

600 539 902 606 mundanis,
932 546 1093 610 atque
1118 536 1486 608 corporalibus
1505 533 1866 604 voluptatibus
1887 532 1964 605 (a)
1990 536 2094 590 sit:
2119 544 2179 591 ut

601 634 784 688 valeas
814 629 1022 701 plenius
1051 613 1314 684 inhaerere
1350 627 1645 682 Dominicis
1674 626 2000 703 praeceptis;
2029 625 2185 693 Quod

603 737 779 782 tamen
799 766 816 792 ,
851 739 918 780 ne
942 723 1068 794 quid
1093 738 1124 778 ι
1157 723 1314 778 nobis
1343 721 1677 792 negligenter
1704 734 1827 780 esse
1857 719 2060 773 dictum
2092 734 2183 772 ar-

601 817 838 881 bitreris,
863 817 1166 870 divinarum
1192 815 1587 884 Scripturarum
1620 811 1941 867 testimoniis
1970 811 2186 866 edocui-

601 909 926 975 mus,*sicut
951 909 1136 963 etiam.
1171 907 1460 975 Apostolus
1487 905 1657 960 dicit:
1685 903 1750 958 Et
1796 913 1939 958 erunt
1982 903 2187 957 duo‘in

602 1017 755 1056 carne
800 1017 905 1054 una
954 1000 1030 1070 (l.
1069 997 1190 1053 Cor.
1232 997 1286 1052 6.
1334 997 1422 1053 16.
1468 998 1560 1068 17)
1587 1013 1602 1062 ;
1630 995 1738 1064 jam
1783 1009 1890 1050 non
1929 1012 2033 1049 una
2067 1010 2187 1048 caro

602 1092 816 1160 (Matth.
846 1091 934 1146 19.
958 1089 1038 1159 6),
1062 1089 1157 1145 sed
1180 1105 1310 1142 unus
1334 1087 1549 1156 spiritus
1573 1086 1652 1156 (1.
1680 1085 1800 1140 Cor.
1828 1084 1882 1140 6.
1907 1082 2018 1156 17).

672 1185 762 1240 51.
804 1183 918 1238 Hoc
960 1189 1353 1236 sacramentum
1399 1193 1648 1248 magnum
1697 1185 1814 1242 est,
1851 1175 2189 1244 arduumque

601 1287 685 1332 est
714 1277 814 1330 iter
839 1274 1102 1329 castitatis
1127 1290 1140 1326 :
1167 1271 1260 1327 sed
1292 1286 1482 1341 magna
1513 1278 1636 1324 sunt
1662 1267 1904 1338 praemia,
1927 1276 2189 1336 vocatque

601 1384 700 1422 nos
744 1367 1001 1421 Dominus
1040 1365 1096 1419 in
1136 1363 1429 1434 Evangelio
1473 1362 1658 1416 dicens
1689 1377 1704 1414 :
1741 1359 1912 1413 Venite
1940 1355 2188 1412 benedicti

604 1458 776 1513 Patris
819 1460 951 1522 mei,
983 1439 1236 1526 possidete
1284 1453 1635 1527 prteparatum
1677 1452 1814 1505 vobis
1861 1467 2077 1521 regnum
2124 1449 2188 1502 ab

601 1552 795 1621 origine
819 1549 996 1602 mundi
1027 1548 1244 1617 (Matth.
1289 1548 1380 1602 55.
1426 1546 1556 1614 54).
1610 1543 1756 1599 idem
1786 1545 1901 1613 ipse
1930 1543 2188 1598 Dominus

601 1643 729 1696 dicit
757 1657 770 1693 :
802 1639 975 1694 Venite
1020 1640 1087 1693 ad
1127 1655 1204 1692 me
1246 1653 1453 1701 omnes,
1488 1636 1574 1707 qui
1604 1635 1850 1689 laboratis
1870 1676 1886 1701 ,
1915 1633 2189 1696 etonerati

601 1735 752 1796 (stis;
778 1741 824 1786 et
861 1748 954 1802 ego
995 1747 1080 1785 vos
1120 1731 1367 1794 reﬁciam.
1412 1727 1598 1782 Tollite
1627 1730 1808 1798 iugum
1838 1744 2004 1782 meum
2035 1743 2189 1796 super

600 1842 709 1893 vos,
736 1837 783 1879 et
810 1825 990 1880 discite
1013 1841 1046 1878 a
1071 1841 1150 1878 me
1168 1864 1184 1890 ,
1209 1825 1328 1894 quia
1351 1817 1486 1877 initis
1513 1839 1663 1886 sum,
1695 1831 1743 1876 et
1772 1819 1983 1874 humilis
2015 1819 2185 1885 corde,

600 1928 645 1974 et
688 1920 951 1972 invenietis
994 1918 1217 1991 requiem
1262 1917 1532 1970 animabus
1575 1915 1790 1976 vestris;
1818 1915 2006 1985 jugum
2053 1915 2190 1968 enim

599 2027 764 2064 meum
788 2011 942 2064 suave
967 2019 1061 2072 est,
1091 2019 1138 2062 et
1167 2025 1296 2062 onus
1325 2024 1493 2061 meum
1522 1997 1648 2060 leve.
1696 2004 1838 2058 Dicit
1871 2005 2016 2060 enim
2046 2005 2187 2061 idem

600 2100 860 2157 Dominus
890 2103 953 2156 iis
972 2143 988 2166 ,
1015 2101 1100 2172 qui
1128 2101 1195 2154 ad
1236 2100 1497 2154 sinistram
1523 2100 1634 2169 ejus
1664 2107 1810 2151 erunt
1836 2112 1852 2150 :
1879 2096 2130 2151 Discedite
2157 2113 2190 2149 a

600 2210 679 2247 me
698 2192 954 2247 maledicti
969 2193 1021 2245 in
1043 2193 1210 2270 ignari
1230 2202 1496 2254 (sternam,
1522 2198 1671 2260 quem
1699 2189 2006 2259 praeparavit
2031 2186 2189 2240 Pater

599 2305 739 2343 meus
769 2288 972 2341 diabolo
991 2328 1006 2352 ,
1036 2296 1082 2340 et
1126 2277 1320 2356 angelis
1359 2287 1467 2354 ejus
1499 2283 1710 2354 (Matth.
1740 2282 1830 2337 25.
1862 2283 1953 2351 41)
1982 2298 1995 2333 :
2022 2281 2188 2334 nescio

598 2393 686 2433 vos
704 2418 720 2445 ,
752 2377 976 2447 operarii
1001 2375 1302 2445 iniquitatis.
1345 2372 1460 2426 Erit
1491 2373 1560 2425 ibi
1585 2374 1733 2441 ﬂetus
1765 2380 1812 2424 et
1841 2370 2032 2424 stridor
2060 2371 2189 2422 den-

600 2470 747 2524 tium.
796 2467 874 2521 11ιί
905 2469 1088 2536 utique
1114 2480 1303 2520 omnes
1331 2449 1616 2534 plangent,
1648 2463 1725 2515 illi
1759 2460 2054 2530 lugebunt',
2097 2459 2188 2530 qui

605 2559 676 2614 ita
699 2559 844 2614 curis
870 2573 929 2612 se
948 2559 1070 2611 vitae
1093 2555 1378 2627 prazseutis
1400 2555 1694 2618 involvunt,
1721 2562 1776 2606 ut
1799 2552 2188 2605 obliviscantur

602 2650 868 2716 futuram;
899 2665 1032 2719 quos
1076 2632 1268 2704 somno
1309 2647 1540 2718 quodam
1588 2645 1923 2714 ignorantiae,
1951 2651 2006 2697 et
2037 2642 2190 2696 ntala:

601 2741 902 2796 securitatis
922 2754 1211 2808 oppressos
1232 2739 1504 2803 ﬂuetibus,
1528 2737 1736 2792 Domini
1761 2732 2189 2803 comprehendet

601 2834 862 2889 adventus
900 2831 1087 2887 :unde
1129 2831 1243 2900 ipse
1267 2871 1282 2897 ,
1335 2830 1390 2883 in
1439 2827 1730 2897 Evangelio
1781 2827 1898 2880 ait:
1931 2825 2193 2881 Attendite

601 2925 772 2991 vobis,
800 2941 862 2979 ne
900 2925 1032 2994 forte
1072 2904 1343 2992 graventur
1369 2920 1527 2973 corda
1571 2927 1736 2971 vestra
1780 2918 1835 2971 in
1881 2918 2116 2988 crapula,
2145 2926 2191 2972 et

603 3018 868 3082 ebrietate,
896 3024 942 3070 et
985 3015 1118 3068 curis
1168 3013 1320 3084 hujus
1362 3011 1477 3064 viae
1496 3025 1515 3064 :
1539 3025 1600 3062 ne
1625 3014 1758 3080 forte
1782 3011 2106 3078 superveniat
2137 3010 2192 3089 in

603 3126 688 3164 vos
715 3109 977 3180 repentina
1005 3107 1112 3160 dies
1140 3105 1253 3168 illa,
1285 3113 1525 3173 tanquam
1556 3099 1764 3172 laqueus
1789 3103 1936 3156 enim
1953 3104 2192 3174 superve-

603 3201 705 3253 niet
747 3203 802 3253 in
845 3214 1050 3261 omnes,
1079 3197 1165 3267 qui
1207 3193 1380 3248 sedent
1425 3210 1576 3263 super
1603 3195 1786 3263 faciem
1829 3195 1994 3248 omnis
2043 3204 2192 3249 terra:

605 3289 862 3360 (Luc.2|.
885 3288 974 3343 54.
993 3288 1111 3353 55).
1140 3286 1205 3340 Ει
1235 3301 1447 3340 rursum
1467 3303 1478 3336 :
1497 3283 1735 3355 Vigilate,
1758 3294 1802 3338 et
1833 3295 1995 3351 orate,
2029 3286 2191 3338 nesci-

606 3381 846 3446 tis'enim,
865 3381 1069 3451 quando
1095 3391 1292 3450 tempus
1311 3381 1373 3433 sit
1391 3366 1604 3450 (Matth.
1621 3381 1712 3434 ‘24.
1729 3379 1821 3434 42.
1836 3389 1880 3432 et
1898 3381 1988 3435 25.
2007 3379 2120 3450 15).

678 3477 766 3530 5‘2.
809 3475 955 3528 Beati
978 3481 1124 3538 sunt,
1147 3473 1236 3543 qui
1272 3475 1342 3527 ita
1368 3481 1702 3542 exspectant,
1728 3473 1799 3527 ita
1827 3457 1974 3526 illum
2002 3487 2193 3542 specu-

605 3567 788 3622 lantur
811 3565 949 3621 diem
973 3608 988 3632 ,
1019 3573 1077 3620 ut
1104 3580 1166 3620 se
1191 3565 1258 3619 ad
1295 3581 1418 3620 eum
1449 3565 1689 3635 quotidie
1732 3574 2066 3634 prteparent,
2101 3565 2193 3634 qui

603 3641 711 3718 non
738 3657 809 3717 ~de
840 3660 1109 3730 praeterita
1139 3658 1241 3714 sibi
1267 3658 1474 3728 justitia
1502 3658 1864 3723 blandientes,
1896 3657 2190 3712 secundum

604 3752 942 3822 Apostolum,
977 3767 1066 3821 per
1088 3750 1196 3804 dies
1217 3748 1446 3820 singulos
1474 3750 1528 3803 in
1555 3749 1739 3802 virtute
1767 3735 2078 3803 renovantur
2105 3750 2190 3820 (2.

603 3843 723 3900 Cor.
765 3844 819 3898 4.
864 3844 998 3912 16).
1047 3826 1265 3897 Iustitia
1315 3842 1449 3895 enim
1491 3842 1626 3910 justi
1683 3858 1785 3895 non
1835 3827 2071 3913 proderit
2125 3843 2192 3910 ei,

611 3935 824 4009 1114Ι
893 3953 926 3989 a
955 3935 1053 4006 quo
1079 3935 1161 3988 die
1177 3937 1350 4005 justus
1377 3949 1483 3987 esse
1504 3933 1726 3987 desierit.
1755 3933 1900 3988 Sicut
1923 3936 2072 3987 etiam
2097 3927 2195 3988 ini;

606 4045 703 4099 quo
728 4044 830 4082 non
856 4027 1050 4081 nocebit
1077 4027 1320 4096 iniquitas
1341 4067 1356 4090 ,
1391 4041 1485 4078 sua
1511 4041 1542 4076 a
1567 4024 1688 4088 die,
1718 4040 1817 4093 quo
1843 4041 1896 4079 se
1921 4026 1982 4078 ab
2007 4025 2195 4095 iniqui-

607 4128 709 4173 tate
733 4105 1027 4172 converterit
1059 4114 1274 4187 (Ezech.
1306 4114 1395 4169 18.
1423 4114 1539 4184 24).
1572 4113 1682 4169 Nec
1709 4105 1926 4170 sanctus
1952 4130 2080 4185 ergo
2109 4130 2194 4170 se-

607 4199 768 4267 curus
793 4224 913 4264 esse
940 4208 1140 4275 debet,
1165 4197 1422 4278 quamdiu
1450 4207 1501 4259 in
1535 4206 1694 4276 hujus
1720 4208 1843 4261 vitae
1873 4208 2046 4278 agone
2071 4222 2196 4262 ver-

609 4313 790 4366 satur;
823 4317 921 4356 nec
945 4300 1236 4369 desperare
1267 4308 1536 4367 peccator,
1571 4298 1696 4366 qui,
1726 4299 2023 4353 secundum
2053 4313 2194 4368 pra:-

610 4395 807 4450 dictam
862 4391 1143 4461 Pr0phetze
1201 4389 1690 4453 sententiam,uno
1743 4388 1831 4442 die
1876 4390 2078 4458 justum
2132 4376 2193 4447 se

608 4487 826 4543 efﬁcere
873 4477 1085 4554 potest;
1132 4479 1228 4536 sed
1270 4486 1474 4547 totum,
1519 4494 1626 4550 quo
1674 4479 1928 4547 tenditur,
1960 4483 2195 4551 spatium

609 4580 731 4633 vitae
779 4586 881 4631 tua:
923 4583 1039 4638 est,
1081 4582 1139 4628 ut
1172 4587 1428 4643 peragere
1457 4573 1636 4642 possis
1667 4561 1963 4642 justitiam;
1993 4589 2090 4629 nec
2130 4565 2198 4629 de

611 4669 883 4741 prirterita
910 4663 1117 4736 justitia
1149 4662 1452 4728 conlidens,
1489 4664 1763 4719 remissior
1792 4662 2072 4733 efﬁciaris;
2101 4666 2196 4721 sed

609 4762 748 4817 sicut
791 4757 923 4814 dicit
965 4756 1260 4827 Apostolus
1281 4797 1297 4823 ,
1332 4754 1621 4810 Posteriora
1669 4757 1967 4811 obliviscens
1989 4800 2004 4825 ,
2034 4759 2101 4811 ad
2133 4775 2198 4813 ea

612 4844 781 4907 autem
798 4895 814 4920 ,
841 4868 954 4920 quae
978 4853 1236 4906 anteriora
1275 4843 1392 4904 sunt
1411 4891 1428 4915 ,
1451 4844 1530 4905 me
1557 4851 1854 4916 extendens,
1876 4853 1945 4905 ad
1969 4853 2196 4907 destina.

612 4949 717 4994 tam
745 4959 1015 5010 persequor
1046 4943 1276 4996 bravium
1300 4935 1536 5010 supernae
1565 4942 1863 5008 vocationis,
1888 4944 2050 4997 sciens
2075 4945 2200 4998 scri-

614 5043 701 5103 plu
709 5047 757 5084 in
778 5047 882 5084 esse
904 5033 1071 5085 cordis
1093 5034 1429 5103 inspectorem
1443 5031 1608 5086 Deum
1631 5031 1799 5104 (Phil.
1817 5035 1965 5089 5.15.
1980 5025 2027 5088 et
2044 5035 2197 5091 Prov.

615 5123 708 5178 24.
735 5120 804 5176 12
825 5120 870 5193 ).
901 5121 964 5173 Et
988 5121 1185 5176 idcirco
1213 5126 1440 5194 satagit,
1476 5135 1535 5178 ut
1559 5125 1791 5180 animam
1819 5126 2070 5182 mundam
2102 5127 2200 5182 lia-

615 5215 740 5270 bcat
785 5229 814 5268 a
864 5221 1100 5283 peccato.
1153 5212 1383 5281 Propter
1428 5216 1572 5284 quod
1619 5219 1878 5286 scriptum
1929 5226 2034 5284 est,
2065 5219 2204 5273 omni

615 5307 846 5363 custodia
875 5321 1018 5360 serva
1057 5320 1144 5358 cor
1170 5313 1309 5357 tuum
1347 5305 1540 5378 (Prov.
1581 5309 1636 5365 4.
1679 5307 1812 5380 25).
1857 5311 1923 5364 Ει
1969 5312 2197 5366 iterum:

615 5399 796 5471 Diligit
824 5398 1074 5454 Dominus
1100 5398 1293 5452 munda
1317 5398 1495 5453 corda.
1538 5402 1746 5473 Accepti
1792 5412 1960 5456 autem
2000 5413 2116 5457 sunt
2158 5405 2204 5459 ei

618 5509 789 5547 omnes
813 5492 1127 5547 immaculati
1155 5489 1338 5564 (Prov.
1367 5491 1456 5545 11.
1480 5490 1570 5544 20.
1587 5493 1747 5559 juxta
1777 5492 1871 5546 LX
1875 5493 1970 5565 X).
2004 5493 2206 5550 Idcirco

619 5597 717 5652 age
738 5624 752 5649 ,
785 5592 842 5636 ut
881 5583 1098 5637 ordines
1143 5582 1409 5652 reliquum
1444 5590 1654 5651 tempus
1686 5583 1808 5636 vitae
1843 5593 1946 5636 tuae
1977 5585 2093 5638 sine
2121 5583 2204 5638 of-

621 5674 770 5730 fensa
791 5714 806 5741 ,
836 5686 892 5729 ut
917 5676 1091 5746 possis
1115 5689 1304 5730 secure
1343 5689 1544 5729 canere
1571 5689 1692 5728 cum
1731 5673 1992 5743 Pr0pheta
2023 5693 2036 5728 :
2073 5674 2203 5728 Per-

685 5827 758 5894 (ᾳ)
791 5825 989 5894 Voculis
1009 5827 1088 5894 sit,
1116 5835 1185 5887 ut,
1208 5829 1418 5892 omissis,
1443 5834 1588 5882 vetus
1606 5826 1829 5892 quaedam
1863 5828 2028 5890 editio,
2055 5838 2204 5894 vacat,

623 5887 777 5950 preba
797 5902 939 5951 mque
963 5887 1191 5940 lectione.

1913 419 2159 479 SANC'I‘I
2196 419 2576 480 HIERONYMI

3735 430 3871 491 1229

2290 539 2546 592 ambulant
2593 538 2650 592 in
2695 537 2980 594 innocentia
3027 541 3196 598 cordis
3239 541 3338 598 mei
3358 583 3374 610 ,
3416 541 3470 596 in
3497 541 3668 596 medio
3697 543 3872 602 domus

2289 647 2414 684 mea?
2443 631 2616 698 (Psal.
2648 633 2781 688 100.
2828 633 2864 688 2
2889 633 2951 703 )._
2979 635 3043 689 Et
3083 637 3272 691 iterum
3299 655 3314 691 :
3343 636 3579 691 lntroibo
3610 637 3681 691 ad
3711 640 3868 695 altare

2292 723 2417 790 Dei,
2447 727 2516 779 ad
2541 726 2737 791 Deum,
2765 728 2852 798 qui
2881 729 3102 796 letificat
3134 731 3451 801 juventutem
3496 747 3661 785 meam
3693 729 3861 802 (Psal.

2289 815 2381 870 42.
2410 818 2508 890 4).
2551 819 2684 886 Quia
2723 819 3004 877 inchoasse
3046 837 3151 876 non
3196 822 3423 892 sufﬁcit;
3456 823 3554 880 sed
3585 822 3870 894 perfecisse

2285 905 2491 976 justitia
2520 919 2623 964 est.

2659 1020 2994 1078 EPISTOLA
3041 1023 3119 1098 (b)
3157 1022 3369 1081 CXLIX
3407 1028 3510 1099 (ε).

2894 1151 2942 1191 s.
2974 1151 3277 1212 uiaticum.

2701 1246 2776 1315 De
2801 1249 3204 1307 solemnitatibus
3235 1250 3472 1307 Pascha.

2294 1356 2626 1416 Hebrteorum
2654 1362 2760 1430 dies
2787 1367 2941 1434 festos
2966 1366 3199 1446 (edisserit
3218 1408 3233 1432 ,
3262 1384 3444 1437 eosque
3471 1369 3687 1423 minime
3711 1369 3870 1424 obses.

2575 1456 2684 1508 vari
2709 1454 2889 1509 debere
2917 1467 3029 1526 post
3063 1458 3393 1528 Evangelium
3419 1459 3586 1515 docet.

2365 1565 2418 1620 1.
2461 1565 2538 1621 De
2580 1567 3011 1624 solemnitatibus
3081 1579 3134 1624 et
3193 1569 3476 1636 Sabbatis,
3527 1571 3871 1638 Neomeniis,

2292 1662 2412 1730 quae
2444 1659 2494 1713 in
2525 1659 2668 1730 Lege
2696 1676 2726 1714 a
2758 1657 2986 1717 Domino
3015 1663 3397 1733 praecipiuntur
3425 1656 3750 1730 observari,
3778 1675 3872 1720 tua:

2291 1747 2533 1804 Caritatis
2561 1750 2790 1820 imperio
2815 1763 3080 1823 cogente,
3123 1754 3358 1820 dicturi,
3401 1755 3531 1824 quid
3579 1758 3868 1812 secundum

2281 1840 2526 1921 litteram
2557 1843 2858 1911 reprobari,
2893 1844 2979 1898 vel
3027 1845 3153 1913 quid
3201 1846 3558 1914 spiritualiter
3604 1848 3873 1903 observari

2293 1929 2490 1988 debeat
2511 1951 2524 1986 :
2552 1934 2697 2002 prius
2710 1923 2954 2004 cOgimur
2976 1937 3306 1992 amatoribus
3329 1938 3518 1992 littera:
3536 1939 3873 1993 adversariis—

2293 2039 2398 2095 que
2443 2026 2682 2080 veritatis
2731 2028 3090 2096 reSpondere;
3121 2028 3257 2098 quos
3299 2047 3420 2084 cum
3462 2032 3552 2101 (d)
3600 2047 3724 2085 meo
3765 2033 3874 2100 jure

2294 2117 2493 2185 possim
2522 2128 2866 2185 repercutere
2893 2120 3060 2188 magis
3087 2135 3182 2174 eos
3208 2121 3402 2175 blande
3432 2122 3736 2191 leniterque
3763 2125 3874 2176 allo-

2264 2223 2266 2226 ν
2294 2220 2467 2274 quens
2495 2206 2565 2260 'ad
2596 2208 2924 2276 agnitionem
2954 2211 3208 2264 veritatis.
3229 2215 3413 2273 venire
3440 2213 3624 2282 cupio,
3650 2215 3738 2284 qui
3762 2230 3870 2269 cum

2294 2299 2532 2355 radicum
2563 2304 2802 2356 amarum
2845 2306 3106 2360 corticem
3136 2308 3406 2364 rumiuare
3433 2311 3689 2380 cupiunt,
3723 2319 3872 2381 poma

2294 2405 2564 2463 expuunt,
2598 2395 2980 2467 pulveremque
3027 2403 3143 2453 auri
3190 2402 3446 2454 mirantes
3466 2442 3481 2466 ,
3511 2402 3739 2456 formata
3770 2418 3872 2457 me-

2267 2487 2418 2540 -talla
2443 2486 2916 2556 despiciunt.'Qui
2963 2493 3064 2545 etsi
3106 2492 3682 2549 secundum‘litteram
3729 2494 3876 2564 Legis

2295 2576 2569 2632 observari
2666 2580 2874 2652 1115
2967 2594 3153 2636 cuncta
3199 2583 3876 2650 contendunt,gvelamine

2297 2671 2470 2740 posito
2494 2685 2656 2740 super
2683 2673 2870 2726 faciem
2897 2673 3084 2745 Moysi,
3111 2675 3330 2743 Spiritus
3357 2675 3598 2729 veritatis
3624 2675 3742 2730 lucc
3767 2676 3876 2730 illu-

2297 2762 2488 2816 minari
2533 2773 2829 2833 nequeunt,
2885 2765 2956 2835 (e)
3010 2780 3144 2834 quos
3168 2767 3266 2820 etsi
3295 2767 3503 2820 veritati
3535 2783 3645 2820 non
3673 2767 3876 2838 acquie-

2295 2857 2471 2929 verint
2493 2898 2508 2921 ,
2547 2856 2680 2910 hirci
2710 2867 2885 2912 tamen
2918 2873 3066 2912 more
3097 2860 3361 2913 cmissarii
3385 2901 3398 2922 ,
3434 2860 3665 2914 humero
3691 2871 3874 2914 nostrze

2298 2949 2571 3018 patientia:
2597 2950 2768 3017 parati
2797 2948 2865 3001 ad
2901 2949 3300 3019 satisfactionem
3327 2951 3391 3003 de
3417 2967 3476 3004 ea
3502 2967 3619 3022 qua:
3646 2951 3702 3004 in
3735 2952 3864 3004 nobis

2297 3049 2370 3095 est
2394 3040 2498 3109 [ide
2529 3041 2602 3110 (1.
2630 3039 2745 3093 Pet.
2772 3041 2824 3094 5.
2854 3039 2975 3110 l5),
3017 3039 3085 3094 ad
3130 3057 3369 3095 eremum
3397 3057 3512 3096 suae
3543 3042 3870 3111 perditionis,

2296 3141 2349 3186 et
2373 3129 2764 3200 lavare'postea
2790 3131 3109 3185 vestimenta
3133 3169 3148 3194 ,
3181 3146 3247 3186 ue
3276 3133 3611 3201 contagione
3648 3132 3874 3186 ha‘rctiei

2297 3238 2486 3279 sensus
2521 3224 2706 3292 polluti
2750 3232 3084 3290 remaneant.
3114 3222 3222 3277 Nos
3247 3236 3425 3278 autem
3458 3226 3510 3278 in
3545 3224 3706 3280 initio
3736 3225 3874 3294 hujus

2296 3314 2534 3382 opusculi
2560 3313 2804 3381 exemplo
2823 3312 3071 3367 Jeremize
3093 3312 3258 3379 docti,
3291 3314 3528 3368 evellere
3561 3317 3722 3384 prius
3744 3357 3759 3381 ,
3787 3316 3872 3369 de-

2296 3416 2523 3470 struere,
2551 3417 2605 3461 et
2633 3415 2836 3476 postea
2865 3405 3111 3475 plantare
3139 3416 3192 3461 et
3217 3404 3493 3461 mdiﬁcare
3507 3413 3870 3478 pr0ponimus.

2367 3498 2441 3553 2.‘
2466 3499 2541 3552 De
2570 3498 2862 3566 Scripturis
2894 3497 3038 3566 prius
3076 3496 3366 3552 ostendere
3392 3497 3685 3566 cupientes
3707 3543 3721 3562 ,
3751 3515 3869 3568 quo-

2298 3590 2458 3645 modo
2490 3592 2571 3644 lue
2601 3589 2749 3644 feriae
2777 3590 3010 3653 Domini,
3043 3606 3161 3660 quae
3188 3591 3576 3667 praecipiuntur
3611 3592 3761 3664 Loge
3777 3607 3875 3647 ser-

2299 3682 2432 3746 vari,
2463 3696 2566 3734 non
2592 3681 2804 3747 umbra,
2826 3680 2923 3758 sed
2945 3681 3206 3751 spirituali
3231 3681 3575 3756 observantia
3600 3676 3876 3756 celebran-

2301 3780 2408 3826 tur.
2439 3773 2504 3826 Et
2529 3773 2663 3842 siqui
2698 3773 3076 3850 imbecillitatis
3103 3781 3302 3828 nostrae
3332 3774 3729 3850 auctoritatem.
3762 3791 3875 3845 par-

2296 3863 2585 3933 _vipendere
2612 3863 2900 3928 voluerint,
2932 3846 3229 3933 Prophetas
3253 3846 3624 3936 audiantpqui
3654 3867 3872 3936 provido

2300 3955 2598 4025 patrocinio
2629 3954 2972 4027 providentes
3002 3955 3189 4010 harum
3221 3957 3665 4027 reprobatiouum
3710 3960 3877 4014 Evan~

2298 4046 2422 4116 gelii
2465 4055 2705 4115 tempore
2753 4057 2940 4119 aperta
2979 4062 3112 4102 voce
3164 4049 3545 4118 prtedixerunt.
3577 4050 3690 4105 lmo
3725 4053 3775 4104 in
3804 4053 3876 4106 eis

2301 4138 2528 4192 Domino
2571 4138 2925 4208 proloquente
2951 4157 2964 4193 :
2993 4138 3116 4194 Dies
3143 4143 3298 4212 festos
3327 4153 3518 4214 vestros
3536 4183 3552 4207 ,
3587 4152 3632 4196 et
3661 4142 3878 4197 Neome-

2301 4229 2416 4282 nias
2438 4269 2453 4293 ,
2484 4238 2530 4282 et
2557 4229 2816 4283 Sabbatha
2846 4232 2990 4284 audit
3017 4234 3188 4285 anima
3217 4249 3348 4288 mea.
3383 4234 3451 4287 Et
3477 4233 3596 4289 lucc
3622 4249 3682 4288 se
3710 4235 3880 4288 Domi-

2301 4334 2403 4373 nus
2443 4335 2549 4374 non
2593 4320 2877 4375 mandasse
2909 4313 3253 4391 pronuntiat,
3284 4339 3405 4379 cum
3451 4326 3626 4396 ipsum
3659 4326 3714 4379 in
3741 4325 3876 4395 Lege

2302 4410 2441 4468 haec
2470 4414 2800 4482 praecepisse;
2837 4414 3175 4470 manifestum
3218 4426 3320 4472 est.
3370 4417 3427 4471 ln
3481 4419 3675 4487 quibus
3714 4419 3880 4472 verbis

2300 4504 2427 4574 quid
2457 4505 2600 4558 aliud
2629 4505 2963 4572 ostenditur,
2995 4508 3139 4577 quod
3169 4524 3291 4563 cum
3320 4509 3534 4564 Christo
3577 4511 3701 4565 linis
3729 4511 3878 4580 Legis

2301 4595 2598 4667 advenerit,
2629 4611 2690 4651 ea
2719 4598 3016 4651 secundum
3045 4580 3277 4675 litteram
3303 4600 3565 4655 custodiri
3595 4594 3704 4655 non
3735 4585 3882 4654 man-

2302 4687 2544 4744 daverit?
2591 4688 2666 4744 De
2704 4689 2981 4745 sacriﬁciis
3009 4701 3188 4746 autem
3229 4705 3326 4761 per
3349 4692 3512 4747 alium
3541 4691 3864 4762 Prophetam

2391 4840 2442 4892 ὁ)
2477 4840 2549 4890 Al.
2576 4840 2777 4892 inedita.
3647 4855 3649 4857 ‘

2391 4840 2419 4891 ὁ
2477 4840 2549 4890 Αι.
2576 4840 2777 4892 inedita.
3647 4855 3649 4857 ‘

2367 4840 2442 4967 έσέ
2472 4904 2641 4968 Prodit
2665 4918 2792 4955 nunc
2813 4905 3020 4968 primum
3040 4918 3102 4956 ex
3121 4906 3278 4958 Vatic.
3302 4906 3539 4959 codd”.
3566 4906 3647 4958 fol.
3671 4906 3751 4956 89.
3774 4906 3884 4956 Hie-

2304 4966 2506 5030 ronymo
2528 4966 2794 5029 adscripta,
2814 4966 2920 5017 'sed
2945 4967 3064 5018 falso
3079 5003 3093 5028 ,
3118 4978 3172 5017 ut
3210 4972 3348 5019 nobis
3372 4973 3647 5020 tacentibus
3668 4983 3731 5018 ex
3757 4982 3884 5018 mera

2304 5029 2464 5078 dictati
2493 5029 2989 5093 lecttoueconstabit:
3014 5031 3213 5080 Videtur
3237 5042 3400 5081 autem
3433 5035 3517 5092 qui
3541 5031 3885 5093 Hieronymum

2291 5100 2558 5156 auctorem
2581 5091 2814 5156 mentitus
2837 5098 2939 5156 est,
2964 5091 3221 5156 Damasum
3245 5091 3464 5156 quoque,
3491 5097 3566 5142 cui
3594 5091 3884 5156 inscribere-

2306 5153 2638 5216 tur-“mentiri,
2675 5160 2729 5201 ut
2760 5167 2828 5216 ex
2859 5151 3078 5216 (clausula
3116 5151 3378 5216 colligitur,
3412 5169 3524 5216 cum
3551 5159 3600 5202 in
3626 5153 3886 5216 epigrapbe

2307 5215 2488 5263 nullius
2511 5226 2691 5262 nomen
2713 5215 3003 5276 adscriptum
3027 5217 3091 5264 sit
3133 5216 3230 5265 Nos
3255 5223 3355 5265 tum
3377 5215 3484 5265 aliis
3498 5217 3563 5265 de
3585 5219 3760 5273 causis,
3783 5227 3888 5263 cum

2308 5279 2553 5338 praecipue
2576 5276 2804 5324 novitatis
2825 5279 3001 5326 merito
3023 5278 3278 5335 edidimus,
3304 5278 3350 5326 id
3375 5291 3523 5327 unum
3548 5286 3807 5327 monentes
3824 5281 3889 5324 iu-

2309 5349 2540 5402 uumeros
2577 5349 2640 5385 ex
2681 5349 2740 5402 ea
2762 5348 2792 5384 a
2815 5338 3196 5398 nobisgsublatos
3229 5352 3452 5399 errores,
3477 5352 3682 5402 quorum
3714 5338 3890 5399 aliquot

2308 5397 2543 5464 duntaxat
2580 5399 2853 5464 notabimus
2872 5403 3154 5463 Specimiuis
3175 5403 3347 5464 gratia,
3369 5397 3658 5464 ne'operam
3681 5397 3890 5448 nostram

2311 5459 2563 5509 venditare
2587 5460 2852 5512 videamur.

2376 5521 2456 5582 (ά)
2489 5520 2622 5585 Erat.
2648 5522 2812 5585 inibis.
2835 5536 2943 5585 cum
2971 5537 3028 5575 eo
3056 5524 3107 5575 in
3135 5538 3212 5585 se,
3237 5525 3372 5575 nullo
3393 5538 3560 5577 sensu.
3585 5524 3751 5575 Verus
3772 5521 3892 5572 Hic-

2312 5595 2419 5632 ron.
2447 5584 2592 5645 epist.
2617 5584 2678 5632 ad
2703 5584 2980 5635 Marcellam
3011 5601 3170 5696 «quos
3194 5584 3289 5650 ego
3315 5602 3427 5654 eum
3453 5589 3631 5650 possim
3654 5600 3766 5634 meo
3782 5586 3894 5647 jure

2313 5652 2634 5694 contemnere
2651 5680 2666 5696 .
2702 5649 2838 5696 asino
2859 5651 3039 5696 auinne
3081 5663 3160 5696 vra
3182 5651 3431 5696 superflue
3453 5651 3610 5696 canit.
3647 5655 3812 5696 tamen
3835 5658 3894 5695 ne

2313 5652 2634 5694 contemnere
2651 5680 2666 5705 ,
2702 5649 2838 5697 asino
2859 5651 3039 5711 quippe
3061 5649 3160 5712 lyra
3182 5649 3431 5712 superflue
3453 5649 3610 5710 Canit,
3647 5655 3812 5698 tamen
3835 5658 3896 5695 ne

2314 5719 2421 5757 nos.
2443 5722 2467 5751 ν
2498 5715 2591 5757 etc.

2379 5720 2603 5846 Z5165;
2758 5777 3030 5846 sequuntur
3056 5773 3184 5846 foede
3205 5779 3435 5846 corrupta
3461 5781 3654 5846 sunt-ac
3673 5771 3892 5846 turbata,

2317 5842 2437 5950 gis:
2447 5832 2494 5883 si
2513 5830 2722 5885 reticere
2744 5846 2810 5887 ex
2835 5830 3042 5898 ingenio
3067 5835 3298 5899 velimus,
3322 5830 3466 5889 nimis
3487 5835 3640 5888 multa
3670 5832 3891 5886 mutanda

2321 5908 2362 5946 Si
