  <div class='ocr_page' id='page_1' title='image "/cluster/home/n/w/nwhite01/storage/ocr_20150623/22/hvd.32044015471378/674.png"; bbox 0 0 4080 6340; ppageno 0'>
   <div class='ocr_carea' id='block_1_1' title="bbox 301 440 428 499">
    <p class='ocr_par' dir='ltr' id='par_1_1' title="bbox 301 440 428 499">
     <span class='ocr_line' id='line_1_1' title="bbox 301 440 428 499; baseline -0.024 -1"><span class='ocrx_word' id='word_1_1' title='bbox 301 440 428 499; x_wconf 58' lang='lat' dir='ltr'><strong>“ei</strong></span> 
     </span>
    </p>
   </div>
   <div class='ocr_carea' id='block_1_2' title="bbox 299 541 1849 622">
    <p class='ocr_par' dir='ltr' id='par_1_2' title="bbox 299 541 1849 622">
     <span class='ocr_line' id='line_1_2' title="bbox 299 541 1849 622; baseline -0.01 -12"><span class='ocrx_word' id='word_1_2' title='bbox 299 556 546 622; x_wconf 92' lang='lat' dir='ltr'><strong>loquitur.</strong></span> <span class='ocrx_word' id='word_1_3' title='bbox 573 547 690 604; x_wconf 81' lang='lat' dir='ltr'><strong>Non</strong></span> <span class='ocrx_word' id='word_1_4' title='bbox 711 549 763 603; x_wconf 88' lang='lat' dir='ltr'><strong>iu</strong></span> <span class='ocrx_word' id='word_1_5' title='bbox 789 541 1050 616; x_wconf 72' lang='lat' dir='ltr'><strong>sacriﬁciis</strong></span> <span class='ocrx_word' id='word_1_6' title='bbox 1080 546 1179 601; x_wconf 81' lang='lat' dir='ltr'><strong>tuis</strong></span> <span class='ocrx_word' id='word_1_7' title='bbox 1203 559 1417 616; x_wconf 84' lang='lat' dir='ltr'><strong><em>arguam</em></strong></span> <span class='ocrx_word' id='word_1_8' title='bbox 1445 555 1507 598; x_wconf 83' lang='lat' dir='ltr'><strong>te.</strong></span> <span class='ocrx_word' id='word_1_9' title='bbox 1541 543 1849 599; x_wconf 83' lang='lat' dir='ltr'><strong>Ilolocausta</strong></span> 
     </span>
    </p>
   </div>
   <div class='ocr_carea' id='block_1_3' title="bbox 297 632 1848 706">
    <p class='ocr_par' dir='ltr' id='par_1_3' title="bbox 297 632 1848 706">
     <span class='ocr_line' id='line_1_3' title="bbox 297 632 1848 706; baseline -0.008 -8"><span class='ocrx_word' id='word_1_10' title='bbox 297 653 459 698; x_wconf 73' lang='lat' dir='ltr'><strong>autem</strong></span> <span class='ocrx_word' id='word_1_11' title='bbox 492 652 580 694; x_wconf 84' lang='lat' dir='ltr'><strong>tua</strong></span> <span class='ocrx_word' id='word_1_12' title='bbox 603 641 657 694; x_wconf 86' lang='lat' dir='ltr'><strong>in</strong></span> <span class='ocrx_word' id='word_1_13' title='bbox 685 647 951 706; x_wconf 82' lang='lat' dir='ltr'><strong>conspectu</strong></span> <span class='ocrx_word' id='word_1_14' title='bbox 979 653 1088 690; x_wconf 86' lang='lat' dir='ltr'><strong>meo</strong></span> <span class='ocrx_word' id='word_1_15' title='bbox 1116 646 1232 690; x_wconf 84' lang='lat' dir='ltr'><strong>sunt</strong></span> <span class='ocrx_word' id='word_1_16' title='bbox 1260 651 1472 705; x_wconf 79' lang='lat' dir='ltr'><strong>semper,</strong></span> <span class='ocrx_word' id='word_1_17' title='bbox 1504 633 1579 706; x_wconf 89' lang='lat' dir='ltr'><strong>(a)</strong></span> <span class='ocrx_word' id='word_1_18' title='bbox 1606 649 1761 705; x_wconf 82' lang='lat' dir='ltr'><strong>neque</strong></span> <span class='ocrx_word' id='word_1_19' title='bbox 1786 632 1848 686; x_wconf 86' lang='lat' dir='ltr'><strong>de</strong></span> 
     </span>
    </p>
   </div>
   <div class='ocr_carea' id='block_1_4' title="bbox 294 725 1855 805">
    <p class='ocr_par' dir='ltr' id='par_1_4' title="bbox 294 725 1855 805">
     <span class='ocr_line' id='line_1_4' title="bbox 294 725 1855 805; baseline -0.007 -19"><span class='ocrx_word' id='word_1_20' title='bbox 294 736 520 805; x_wconf 74' lang='lat' dir='ltr'><strong>gregibus</strong></span> <span class='ocrx_word' id='word_1_21' title='bbox 551 732 647 785; x_wconf 79' lang='lat' dir='ltr'><strong>tuis</strong></span> <span class='ocrx_word' id='word_1_22' title='bbox 675 731 870 794; x_wconf 79' lang='lat' dir='ltr'><strong>hircos,</strong></span> <span class='ocrx_word' id='word_1_23' title='bbox 899 738 952 783; x_wconf 88' lang='lat' dir='ltr'><strong>et</strong></span> <span class='ocrx_word' id='word_1_24' title='bbox 977 727 1179 796; x_wconf 87' lang='lat' dir='ltr'><strong>reliqua</strong></span> <span class='ocrx_word' id='word_1_25' title='bbox 1210 742 1378 796; x_wconf 87' lang='lat' dir='ltr'><strong>usque</strong></span> <span class='ocrx_word' id='word_1_26' title='bbox 1396 754 1418 789; x_wconf 55' lang='grc' dir='ltr'><strong>,η</strong></span> <span class='ocrx_word' id='word_1_27' title='bbox 1441 734 1528 778; x_wconf 82' lang='lat' dir='ltr'><strong>aut</strong></span> <span class='ocrx_word' id='word_1_28' title='bbox 1555 725 1855 795; x_wconf 85' lang='lat' dir='ltr'><strong>sanguinem</strong></span> 
     </span>
    </p>
   </div>
   <div class='ocr_carea' id='block_1_5' title="bbox 295 816 1853 890">
    <p class='ocr_par' dir='ltr' id='par_1_5' title="bbox 295 816 1853 890">
     <span class='ocr_line' id='line_1_5' title="bbox 295 816 1853 890; baseline -0.006 -13"><span class='ocrx_word' id='word_1_29' title='bbox 295 825 548 877; x_wconf 82' lang='lat' dir='ltr'><strong>hircorum</strong></span> <span class='ocrx_word' id='word_1_30' title='bbox 591 820 792 890; x_wconf 80' lang='lat' dir='ltr'><strong>putabo.</strong></span> <span class='ocrx_word' id='word_1_31' title='bbox 843 819 1044 886; x_wconf 80' lang='lat' dir='ltr'><strong>Quibus</strong></span> <span class='ocrx_word' id='word_1_32' title='bbox 1088 817 1266 872; x_wconf 79' lang='lat' dir='ltr'><strong>verbis</strong></span> <span class='ocrx_word' id='word_1_33' title='bbox 1317 817 1606 884; x_wconf 72' lang='lat' dir='ltr'><strong>Apostolus</strong></span> <span class='ocrx_word' id='word_1_34' title='bbox 1663 816 1853 870; x_wconf 89' lang='lat' dir='ltr'><strong>eodem</strong></span> 
     </span>
    </p>
   </div>
   <div class='ocr_carea' id='block_1_6' title="bbox 295 906 1855 982">
    <p class='ocr_par' dir='ltr' id='par_1_6' title="bbox 295 906 1855 982">
     <span class='ocr_line' id='line_1_6' title="bbox 295 906 1855 982; baseline -0.006 -14"><span class='ocrx_word' id='word_1_35' title='bbox 295 916 480 982; x_wconf 79' lang='lat' dir='ltr'><strong>Spiritu</strong></span> <span class='ocrx_word' id='word_1_36' title='bbox 525 913 761 982; x_wconf 89' lang='lat' dir='ltr'><strong>repletus</strong></span> <span class='ocrx_word' id='word_1_37' title='bbox 805 909 1123 965; x_wconf 91' lang='lat' dir='ltr'><strong>conveniens</strong></span> <span class='ocrx_word' id='word_1_38' title='bbox 1150 909 1218 964; x_wconf 92' lang='lat' dir='ltr'><strong>ait</strong></span> <span class='ocrx_word' id='word_1_39' title='bbox 1254 925 1267 961; x_wconf 87' lang='lat'><strong>:</strong></span> <span class='ocrx_word' id='word_1_40' title='bbox 1307 907 1470 962; x_wconf 86' lang='lat' dir='ltr'><strong>Nemo</strong></span> <span class='ocrx_word' id='word_1_41' title='bbox 1519 921 1604 961; x_wconf 81' lang='lat' dir='ltr'><strong>vos</strong></span> <span class='ocrx_word' id='word_1_42' title='bbox 1647 906 1855 962; x_wconf 71' lang='lat' dir='ltr'><strong>reducat</strong></span> 
     </span>
    </p>
   </div>
   <div class='ocr_carea' id='block_1_7' title="bbox 294 993 1858 1072">
    <p class='ocr_par' dir='ltr' id='par_1_7' title="bbox 294 993 1858 1072">
     <span class='ocr_line' id='line_1_7' title="bbox 294 993 1858 1072; baseline -0.004 -17"><span class='ocrx_word' id='word_1_43' title='bbox 294 1005 346 1058; x_wconf 87' lang='lat' dir='ltr'><strong>in</strong></span> <span class='ocrx_word' id='word_1_44' title='bbox 373 1019 483 1057; x_wconf 84' lang='lat' dir='ltr'><strong>esca</strong></span> <span class='ocrx_word' id='word_1_45' title='bbox 509 1012 596 1054; x_wconf 83' lang='lat' dir='ltr'><strong>aut</strong></span> <span class='ocrx_word' id='word_1_46' title='bbox 624 1003 674 1054; x_wconf 84' lang='lat' dir='ltr'><strong>in</strong></span> <span class='ocrx_word' id='word_1_47' title='bbox 705 1011 842 1072; x_wconf 83' lang='lat' dir='ltr'><strong>potu,</strong></span> <span class='ocrx_word' id='word_1_48' title='bbox 866 1009 952 1052; x_wconf 84' lang='lat' dir='ltr'><strong>aut</strong></span> <span class='ocrx_word' id='word_1_49' title='bbox 983 1001 1034 1054; x_wconf 87' lang='lat' dir='ltr'><strong>in</strong></span> <span class='ocrx_word' id='word_1_50' title='bbox 1060 1008 1202 1070; x_wconf 82' lang='lat' dir='ltr'><strong>parte</strong></span> <span class='ocrx_word' id='word_1_51' title='bbox 1230 998 1328 1052; x_wconf 85' lang='lat' dir='ltr'><strong>diei</strong></span> <span class='ocrx_word' id='word_1_52' title='bbox 1359 997 1497 1069; x_wconf 79' lang='lat' dir='ltr'><strong>festi,</strong></span> <span class='ocrx_word' id='word_1_53' title='bbox 1523 1005 1611 1050; x_wconf 83' lang='lat' dir='ltr'><strong>aut</strong></span> <span class='ocrx_word' id='word_1_54' title='bbox 1638 993 1858 1050; x_wconf 81' lang='lat' dir='ltr'><strong>Neome-</strong></span> 
     </span>
    </p>
   </div>
   <div class='ocr_carea' id='block_1_8' title="bbox 293 1087 1856 1162">
    <p class='ocr_par' dir='ltr' id='par_1_8' title="bbox 293 1087 1856 1162">
     <span class='ocr_line' id='line_1_8' title="bbox 293 1087 1856 1162; baseline -0.005 -15"><span class='ocrx_word' id='word_1_55' title='bbox 293 1095 426 1160; x_wconf 75' lang='lat' dir='ltr'><strong>niw,</strong></span> <span class='ocrx_word' id='word_1_56' title='bbox 453 1100 541 1146; x_wconf 81' lang='lat' dir='ltr'><strong>aut</strong></span> <span class='ocrx_word' id='word_1_57' title='bbox 594 1091 801 1146; x_wconf 84' lang='lat' dir='ltr'><strong>Sabbati</strong></span> <span class='ocrx_word' id='word_1_58' title='bbox 844 1092 977 1162; x_wconf 81' lang='lat' dir='ltr'><strong>quod</strong></span> <span class='ocrx_word' id='word_1_59' title='bbox 1021 1100 1093 1144; x_wconf 82' lang='lat' dir='ltr'><strong>est</strong></span> <span class='ocrx_word' id='word_1_60' title='bbox 1121 1089 1301 1142; x_wconf 85' lang='lat' dir='ltr'><strong>umbra</strong></span> <span class='ocrx_word' id='word_1_61' title='bbox 1331 1092 1620 1160; x_wconf 76' lang='lat' dir='ltr'><strong>futurarum</strong></span> <span class='ocrx_word' id='word_1_62' title='bbox 1646 1095 1700 1141; x_wconf 87' lang='lat' dir='ltr'><strong>et</strong></span> <span class='ocrx_word' id='word_1_63' title='bbox 1727 1087 1856 1142; x_wconf 87' lang='lat' dir='ltr'><strong>reli-</strong></span> 
     </span>
    </p>
   </div>
   <div class='ocr_carea' id='block_1_9' title="bbox 294 1179 1856 1254">
    <p class='ocr_par' dir='ltr' id='par_1_9' title="bbox 294 1179 1856 1254">
     <span class='ocr_line' id='line_1_9' title="bbox 294 1179 1856 1254; baseline -0.002 -19"><span class='ocrx_word' id='word_1_64' title='bbox 294 1199 415 1254; x_wconf 89' lang='lat' dir='ltr'><strong>qua.</strong></span> <span class='ocrx_word' id='word_1_65' title='bbox 444 1184 645 1251; x_wconf 83' lang='lat' dir='ltr'><strong>Quibus</strong></span> <span class='ocrx_word' id='word_1_66' title='bbox 670 1184 844 1238; x_wconf 83' lang='lat' dir='ltr'><strong>verbis</strong></span> <span class='ocrx_word' id='word_1_67' title='bbox 869 1181 1286 1237; x_wconf 89' lang='lat' dir='ltr'><strong>luculentissime</strong></span> <span class='ocrx_word' id='word_1_68' title='bbox 1311 1180 1548 1235; x_wconf 92' lang='lat' dir='ltr'><strong>declarat</strong></span> <span class='ocrx_word' id='word_1_69' title='bbox 1567 1180 1618 1234; x_wconf 93' lang='lat' dir='ltr'><strong>in</strong></span> <span class='ocrx_word' id='word_1_70' title='bbox 1643 1179 1725 1234; x_wconf 86' lang='lat' dir='ltr'><strong>his</strong></span> <span class='ocrx_word' id='word_1_71' title='bbox 1745 1179 1856 1233; x_wconf 90' lang='lat' dir='ltr'><strong>sive</strong></span> 
     </span>
    </p>
   </div>
   <div class='ocr_carea' id='block_1_10' title="bbox 293 1269 1852 1342">
    <p class='ocr_par' dir='ltr' id='par_1_10' title="bbox 293 1269 1852 1342">
     <span class='ocr_line' id='line_1_10' title="bbox 293 1269 1852 1342; baseline -0.004 -15"><span class='ocrx_word' id='word_1_72' title='bbox 293 1272 481 1328; x_wconf 88' lang='lat' dir='ltr'><strong>diebus</strong></span> <span class='ocrx_word' id='word_1_73' title='bbox 504 1274 887 1342; x_wconf 88' lang='lat' dir='ltr'><strong>temporaliter,</strong></span> <span class='ocrx_word' id='word_1_74' title='bbox 911 1273 1023 1326; x_wconf 74' lang='lat' dir='ltr'><strong>sive.</strong></span> <span class='ocrx_word' id='word_1_75' title='bbox 1045 1271 1183 1326; x_wconf 90' lang='lat' dir='ltr'><strong>escis</strong></span> <span class='ocrx_word' id='word_1_76' title='bbox 1207 1270 1511 1325; x_wconf 81' lang='lat' dir='ltr'><strong>carnalibus</strong></span> <span class='ocrx_word' id='word_1_77' title='bbox 1537 1269 1852 1336; x_wconf 78' lang='lat' dir='ltr'><strong>observatis,</strong></span> 
     </span>
    </p>
   </div>
   <div class='ocr_carea' id='block_1_11' title="bbox 293 1359 1858 1433">
    <p class='ocr_par' dir='ltr' id='par_1_11' title="bbox 293 1359 1858 1433">
     <span class='ocr_line' id='line_1_11' title="bbox 293 1359 1858 1433; baseline -0.004 -14"><span class='ocrx_word' id='word_1_78' title='bbox 293 1364 424 1419; x_wconf 82' lang='lat' dir='ltr'><strong>nihil</strong></span> <span class='ocrx_word' id='word_1_79' title='bbox 471 1364 614 1418; x_wconf 86' lang='lat' dir='ltr'><strong>aliud</strong></span> <span class='ocrx_word' id='word_1_80' title='bbox 658 1379 817 1433; x_wconf 85' lang='lat' dir='ltr'><strong>quam</strong></span> <span class='ocrx_word' id='word_1_81' title='bbox 866 1363 1206 1416; x_wconf 81' lang='lat' dir='ltr'><strong>vanissimam</strong></span> <span class='ocrx_word' id='word_1_82' title='bbox 1255 1362 1531 1424; x_wconf 89' lang='lat' dir='ltr'><strong>umbram,</strong></span> <span class='ocrx_word' id='word_1_83' title='bbox 1565 1368 1622 1416; x_wconf 87' lang='lat' dir='ltr'><strong>et</strong></span> <span class='ocrx_word' id='word_1_84' title='bbox 1659 1359 1858 1414; x_wconf 90' lang='lat' dir='ltr'><strong>erroris</strong></span> 
     </span>
    </p>
   </div>
   <div class='ocr_carea' id='block_1_12' title="bbox 290 1448 1857 1525">
    <p class='ocr_par' dir='ltr' id='par_1_12' title="bbox 290 1448 1857 1525">
     <span class='ocr_line' id='line_1_12' title="bbox 290 1448 1857 1525; baseline -0.003 -16"><span class='ocrx_word' id='word_1_85' title='bbox 290 1455 608 1510; x_wconf 76' lang='lat' dir='ltr'><strong>seditionem</strong></span> <span class='ocrx_word' id='word_1_86' title='bbox 639 1454 878 1510; x_wconf 82' lang='lat' dir='ltr'><strong>invenire</strong></span> <span class='ocrx_word' id='word_1_87' title='bbox 918 1454 1112 1523; x_wconf 86' lang='lat' dir='ltr'><strong>poterit</strong></span> <span class='ocrx_word' id='word_1_88' title='bbox 1159 1452 1265 1525; x_wconf 82' lang='lat' dir='ltr'><strong>[aL</strong></span> <span class='ocrx_word' id='word_1_89' title='bbox 1309 1453 1520 1506; x_wconf 73' lang='lat' dir='ltr'><strong>inveniri</strong></span> <span class='ocrx_word' id='word_1_90' title='bbox 1569 1448 1754 1523; x_wconf 78' lang='lat' dir='ltr'><strong>posse].</strong></span> <span class='ocrx_word' id='word_1_91' title='bbox 1787 1451 1857 1504; x_wconf 87' lang='lat' dir='ltr'><strong>Et</strong></span> 
     </span>
    </p>
   </div>
   <div class='ocr_carea' id='block_1_13' title="bbox 294 1540 1854 1612">
    <p class='ocr_par' dir='ltr' id='par_1_13' title="bbox 294 1540 1854 1612">
     <span class='ocr_line' id='line_1_13' title="bbox 294 1540 1854 1612; baseline -0.004 -13"><span class='ocrx_word' id='word_1_92' title='bbox 294 1544 550 1599; x_wconf 87' lang='lat' dir='ltr'><strong>Dominus</strong></span> <span class='ocrx_word' id='word_1_93' title='bbox 614 1545 769 1599; x_wconf 80' lang='lat' dir='ltr'><strong>Jesus</strong></span> <span class='ocrx_word' id='word_1_94' title='bbox 825 1543 1071 1599; x_wconf 88' lang='lat' dir='ltr'><strong>Christus</strong></span> <span class='ocrx_word' id='word_1_95' title='bbox 1124 1545 1176 1597; x_wconf 91' lang='lat' dir='ltr'><strong>in</strong></span> <span class='ocrx_word' id='word_1_96' title='bbox 1229 1543 1516 1612; x_wconf 81' lang='lat' dir='ltr'><strong>Erangelio</strong></span> <span class='ocrx_word' id='word_1_97' title='bbox 1565 1540 1854 1595; x_wconf 88' lang='lat' dir='ltr'><strong>Sabbatum</strong></span> 
     </span>
    </p>
   </div>
   <div class='ocr_carea' id='block_1_14' title="bbox 292 1631 1857 1713">
    <p class='ocr_par' dir='ltr' id='par_1_14' title="bbox 292 1631 1857 1713">
     <span class='ocr_line' id='line_1_14' title="bbox 292 1631 1857 1713; baseline -0.003 -22"><span class='ocrx_word' id='word_1_98' title='bbox 292 1638 502 1692; x_wconf 86' lang='lat' dir='ltr'><strong>solvere</strong></span> <span class='ocrx_word' id='word_1_99' title='bbox 531 1636 819 1713; x_wconf 71' lang='lat' dir='ltr'><strong>declaravit</strong></span> <span class='ocrx_word' id='word_1_100' title='bbox 847 1651 966 1690; x_wconf 92' lang='lat' dir='ltr'><strong>cum</strong></span> <span class='ocrx_word' id='word_1_101' title='bbox 999 1635 1290 1708; x_wconf 88' lang='lat' dir='ltr'><strong>paralytico</strong></span> <span class='ocrx_word' id='word_1_102' title='bbox 1321 1643 1644 1704; x_wconf 83' lang='lat' dir='ltr'><strong>praeceperat</strong></span> <span class='ocrx_word' id='word_1_103' title='bbox 1671 1650 1684 1686; x_wconf 89' lang='lat'><strong>:</strong></span> <span class='ocrx_word' id='word_1_104' title='bbox 1707 1631 1857 1687; x_wconf 78' lang='lat' dir='ltr'><strong>Tolle</strong></span> 
     </span>
    </p>
   </div>
   <div class='ocr_carea' id='block_1_15' title="bbox 290 1723 1857 1797">
    <p class='ocr_par' dir='ltr' id='par_1_15' title="bbox 290 1723 1857 1797">
     <span class='ocr_line' id='line_1_15' title="bbox 290 1723 1857 1797; baseline 0 -19"><span class='ocrx_word' id='word_1_105' title='bbox 290 1728 555 1797; x_wconf 80' lang='lat' dir='ltr'><strong>grabatum</strong></span> <span class='ocrx_word' id='word_1_106' title='bbox 609 1736 782 1791; x_wconf 85' lang='lat' dir='ltr'><strong>tuum,</strong></span> <span class='ocrx_word' id='word_1_107' title='bbox 827 1726 966 1795; x_wconf 88' lang='lat' dir='ltr'><strong>quod</strong></span> <span class='ocrx_word' id='word_1_108' title='bbox 1017 1725 1133 1796; x_wconf 87' lang='lat' dir='ltr'><strong>lege</strong></span> <span class='ocrx_word' id='word_1_109' title='bbox 1182 1723 1542 1795; x_wconf 85' lang='lat' dir='ltr'><strong>prohibitum,</strong></span> <span class='ocrx_word' id='word_1_110' title='bbox 1609 1723 1857 1778; x_wconf 90' lang='lat' dir='ltr'><strong>videlicet</strong></span> 
     </span>
    </p>
   </div>
   <div class='ocr_carea' id='block_1_16' title="bbox 291 1815 1855 1888">
    <p class='ocr_par' dir='ltr' id='par_1_16' title="bbox 291 1815 1855 1888">
     <span class='ocr_line' id='line_1_16' title="bbox 291 1815 1855 1888; baseline -0.003 -15"><span class='ocrx_word' id='word_1_111' title='bbox 291 1823 454 1873; x_wconf 84' lang='lat' dir='ltr'><strong>onera</strong></span> <span class='ocrx_word' id='word_1_112' title='bbox 483 1819 533 1872; x_wconf 91' lang='lat' dir='ltr'><strong>in</strong></span> <span class='ocrx_word' id='word_1_113' title='bbox 560 1816 792 1873; x_wconf 90' lang='lat' dir='ltr'><strong>Sabbato</strong></span> <span class='ocrx_word' id='word_1_114' title='bbox 825 1817 1042 1888; x_wconf 90' lang='lat' dir='ltr'><strong>portari,</strong></span> <span class='ocrx_word' id='word_1_115' title='bbox 1097 1817 1434 1870; x_wconf 77' lang='lat' dir='ltr'><strong>manifesmm</strong></span> <span class='ocrx_word' id='word_1_116' title='bbox 1471 1824 1577 1870; x_wconf 87' lang='lat' dir='ltr'><strong>est.</strong></span> <span class='ocrx_word' id='word_1_117' title='bbox 1607 1815 1774 1870; x_wconf 81' lang='lat' dir='ltr'><strong>Solvit</strong></span> <span class='ocrx_word' id='word_1_118' title='bbox 1801 1823 1855 1868; x_wconf 89' lang='lat' dir='ltr'><strong>et</strong></span> 
     </span>
    </p>
   </div>
   <div class='ocr_carea' id='block_1_17' title="bbox 291 1904 1853 1978">
    <p class='ocr_par' dir='ltr' id='par_1_17' title="bbox 291 1904 1853 1978">
     <span class='ocr_line' id='line_1_17' title="bbox 291 1904 1853 1978; baseline -0.004 -14"><span class='ocrx_word' id='word_1_119' title='bbox 291 1904 660 1977; x_wconf 62' lang='lat' dir='ltr'><strong>ScenOpeiam&#39;,</strong></span> <span class='ocrx_word' id='word_1_120' title='bbox 691 1909 900 1978; x_wconf 81' lang='lat' dir='ltr'><strong>quando</strong></span> <span class='ocrx_word' id='word_1_121' title='bbox 925 1908 1129 1962; x_wconf 88' lang='lat' dir='ltr'><strong>dicebat</strong></span> <span class='ocrx_word' id='word_1_122' title='bbox 1153 1926 1166 1962; x_wconf 89' lang='lat'><strong>:</strong></span> <span class='ocrx_word' id='word_1_123' title='bbox 1194 1906 1312 1962; x_wconf 83' lang='lat' dir='ltr'><strong>Non</strong></span> <span class='ocrx_word' id='word_1_124' title='bbox 1337 1907 1606 1960; x_wconf 79' lang='lat' dir='ltr'><strong>ascendam</strong></span> <span class='ocrx_word' id='word_1_125' title='bbox 1629 1905 1696 1958; x_wconf 86' lang='lat' dir='ltr'><strong>ad</strong></span> <span class='ocrx_word' id='word_1_126' title='bbox 1721 1906 1853 1958; x_wconf 84' lang='lat' dir='ltr'><strong>diem</strong></span> 
     </span>
    </p>
   </div>
   <div class='ocr_carea' id='block_1_18' title="bbox 291 1996 1854 2072">
    <p class='ocr_par' dir='ltr' id='par_1_18' title="bbox 291 1996 1854 2072">
     <span class='ocr_line' id='line_1_18' title="bbox 291 1996 1854 2072; baseline -0.002 -19"><span class='ocrx_word' id='word_1_127' title='bbox 291 2004 474 2072; x_wconf 76' lang='lat' dir='ltr'><strong>festum</strong></span> <span class='ocrx_word' id='word_1_128' title='bbox 499 2003 664 2064; x_wconf 81' lang='lat' dir='ltr'><strong>hunc;</strong></span> <span class='ocrx_word' id='word_1_129' title='bbox 692 2015 755 2053; x_wconf 90' lang='lat' dir='ltr'><strong>ac</strong></span> <span class='ocrx_word' id='word_1_130' title='bbox 784 1999 828 2053; x_wconf 92' lang='lat' dir='ltr'><strong>si</strong></span> <span class='ocrx_word' id='word_1_131' title='bbox 859 1998 1116 2064; x_wconf 80' lang='lat' dir='ltr'><strong>dixisset,</strong></span> <span class='ocrx_word' id='word_1_132' title='bbox 1151 1998 1201 2053; x_wconf 94' lang='lat' dir='ltr'><strong>in</strong></span> <span class='ocrx_word' id='word_1_133' title='bbox 1229 1997 1332 2052; x_wconf 88' lang='lat' dir='ltr'><strong>hac</strong></span> <span class='ocrx_word' id='word_1_134' title='bbox 1363 1998 1518 2066; x_wconf 90' lang='lat' dir='ltr'><strong>hujus</strong></span> <span class='ocrx_word' id='word_1_135' title='bbox 1549 1996 1854 2051; x_wconf 77' lang='lat' dir='ltr'><strong>festivitatis</strong></span> 
     </span>
    </p>
   </div>
   <div class='ocr_carea' id='block_1_19' title="bbox 291 2087 1627 2162">
    <p class='ocr_par' dir='ltr' id='par_1_19' title="bbox 291 2087 1627 2162">
     <span class='ocr_line' id='line_1_19' title="bbox 291 2087 1627 2162; baseline -0.005 -13"><span class='ocrx_word' id='word_1_136' title='bbox 291 2093 626 2149; x_wconf 89' lang='lat' dir='ltr'><strong>observantia</strong></span> <span class='ocrx_word' id='word_1_137' title='bbox 659 2092 875 2147; x_wconf 89' lang='lat' dir='ltr'><strong>honoris</strong></span> <span class='ocrx_word' id='word_1_138' title='bbox 903 2092 1007 2147; x_wconf 90' lang='lat' dir='ltr'><strong>mei</strong></span> <span class='ocrx_word' id='word_1_139' title='bbox 1032 2092 1198 2162; x_wconf 77' lang='lat' dir='ltr'><strong>gloria</strong></span> <span class='ocrx_word' id='word_1_140' title='bbox 1225 2106 1332 2144; x_wconf 90' lang='lat' dir='ltr'><strong>non</strong></span> <span class='ocrx_word' id='word_1_141' title='bbox 1359 2087 1627 2143; x_wconf 76' lang='lat' dir='ltr'><strong>ascendet.</strong></span> 
     </span>
    </p>
   </div>
   <div class='ocr_carea' id='block_1_20' title="bbox 360 2180 1854 2252">
    <p class='ocr_par' dir='ltr' id='par_1_20' title="bbox 360 2180 1854 2252">
     <span class='ocr_line' id='line_1_20' title="bbox 360 2180 1854 2252; baseline -0.003 -11"><span class='ocrx_word' id='word_1_142' title='bbox 360 2186 415 2242; x_wconf 75' lang='lat'><strong>3.</strong></span> <span class='ocrx_word' id='word_1_143' title='bbox 459 2186 534 2241; x_wconf 85' lang='lat' dir='ltr'><strong>De</strong></span> <span class='ocrx_word' id='word_1_144' title='bbox 576 2183 777 2240; x_wconf 81' lang='lat' dir='ltr'><strong>Pascha</strong></span> <span class='ocrx_word' id='word_1_145' title='bbox 817 2193 992 2239; x_wconf 88' lang='lat' dir='ltr'><strong>autem</strong></span> <span class='ocrx_word' id='word_1_146' title='bbox 1034 2193 1280 2251; x_wconf 83' lang='lat' dir='ltr'><strong>tanquam</strong></span> <span class='ocrx_word' id='word_1_147' title='bbox 1324 2181 1554 2235; x_wconf 77' lang='lat' dir='ltr'><strong>maximo</strong></span> <span class='ocrx_word' id='word_1_148' title='bbox 1644 2180 1854 2252; x_wconf 78' lang='lat'><strong>1116</strong></span> 
     </span>
    </p>
   </div>
   <div class='ocr_carea' id='block_1_21' title="bbox 298 2272 1855 2343">
    <p class='ocr_par' dir='ltr' id='par_1_21' title="bbox 298 2272 1855 2343">
     <span class='ocr_line' id='line_1_21' title="bbox 298 2272 1855 2343; baseline -0.006 -10"><span class='ocrx_word' id='word_1_149' title='bbox 298 2286 632 2333; x_wconf 81' lang='lat' dir='ltr'><strong>sacramento</strong></span> <span class='ocrx_word' id='word_1_150' title='bbox 651 2276 835 2330; x_wconf 89' lang='lat' dir='ltr'><strong>salutis</strong></span> <span class='ocrx_word' id='word_1_151' title='bbox 855 2283 1069 2339; x_wconf 78' lang='lat' dir='ltr'><strong>nostrre,</strong></span> <span class='ocrx_word' id='word_1_152' title='bbox 1092 2273 1251 2343; x_wconf 90' lang='lat' dir='ltr'><strong>paulo</strong></span> <span class='ocrx_word' id='word_1_153' title='bbox 1279 2273 1434 2328; x_wconf 85' lang='lat' dir='ltr'><strong>latius</strong></span> <span class='ocrx_word' id='word_1_154' title='bbox 1460 2272 1656 2339; x_wconf 89' lang='lat' dir='ltr'><strong>aliquid</strong></span> <span class='ocrx_word' id='word_1_155' title='bbox 1687 2273 1855 2326; x_wconf 86' lang='lat' dir='ltr'><strong>dictu-</strong></span> 
     </span>
    </p>
   </div>
   <div class='ocr_carea' id='block_1_22' title="bbox 297 2362 1850 2434">
    <p class='ocr_par' dir='ltr' id='par_1_22' title="bbox 297 2362 1850 2434">
     <span class='ocr_line' id='line_1_22' title="bbox 297 2362 1850 2434; baseline -0.004 -14"><span class='ocrx_word' id='word_1_156' title='bbox 297 2381 407 2431; x_wconf 89' lang='lat' dir='ltr'><strong>rus,</strong></span> <span class='ocrx_word' id='word_1_157' title='bbox 433 2367 589 2420; x_wconf 90' lang='lat' dir='ltr'><strong>etiam</strong></span> <span class='ocrx_word' id='word_1_158' title='bbox 611 2367 653 2419; x_wconf 93' lang='lat' dir='ltr'><strong>si</strong></span> <span class='ocrx_word' id='word_1_159' title='bbox 677 2379 780 2420; x_wconf 91' lang='lat' dir='ltr'><strong>non</strong></span> <span class='ocrx_word' id='word_1_160' title='bbox 803 2374 886 2420; x_wconf 91' lang='lat' dir='ltr'><strong>est</strong></span> <span class='ocrx_word' id='word_1_161' title='bbox 905 2363 1060 2432; x_wconf 81' lang='lat' dir='ltr'><strong>hujus</strong></span> <span class='ocrx_word' id='word_1_162' title='bbox 1081 2363 1335 2434; x_wconf 89' lang='lat' dir='ltr'><strong>temporis</strong></span> <span class='ocrx_word' id='word_1_163' title='bbox 1354 2372 1544 2418; x_wconf 89' lang='lat' dir='ltr'><strong>cuncta</strong></span> <span class='ocrx_word' id='word_1_164' title='bbox 1565 2362 1850 2425; x_wconf 87' lang='lat' dir='ltr'><strong>disserere,</strong></span> 
     </span>
    </p>
   </div>
   <div class='ocr_carea' id='block_1_23' title="bbox 292 2453 1856 2525">
    <p class='ocr_par' dir='ltr' id='par_1_23' title="bbox 292 2453 1856 2525">
     <span class='ocr_line' id='line_1_23' title="bbox 292 2453 1856 2525; baseline -0.002 -14"><span class='ocrx_word' id='word_1_165' title='bbox 292 2457 446 2525; x_wconf 88' lang='lat' dir='ltr'><strong>prius</strong></span> <span class='ocrx_word' id='word_1_166' title='bbox 469 2456 752 2511; x_wconf 73' lang='lat' dir='ltr'><strong>osmndere</strong></span> <span class='ocrx_word' id='word_1_167' title='bbox 791 2456 932 2519; x_wconf 82' lang='lat' dir='ltr'><strong>volo,</strong></span> <span class='ocrx_word' id='word_1_168' title='bbox 959 2455 1148 2525; x_wconf 82' lang='lat' dir='ltr'><strong>quibus</strong></span> <span class='ocrx_word' id='word_1_169' title='bbox 1167 2497 1182 2520; x_wconf 89' lang='lat'><strong>,</strong></span> <span class='ocrx_word' id='word_1_170' title='bbox 1209 2455 1293 2510; x_wconf 80' lang='lat' dir='ltr'><strong>vel</strong></span> <span class='ocrx_word' id='word_1_171' title='bbox 1321 2455 1535 2524; x_wconf 87' lang='lat' dir='ltr'><strong>quantis</strong></span> <span class='ocrx_word' id='word_1_172' title='bbox 1560 2453 1856 2510; x_wconf 84' lang='lat' dir='ltr'><strong>rationibus</strong></span> 
     </span>
    </p>
   </div>
   <div class='ocr_carea' id='block_1_24' title="bbox 291 2545 1851 2616">
    <p class='ocr_par' dir='ltr' id='par_1_24' title="bbox 291 2545 1851 2616">
     <span class='ocr_line' id='line_1_24' title="bbox 291 2545 1851 2616; baseline -0.001 -16"><span class='ocrx_word' id='word_1_173' title='bbox 291 2546 456 2616; x_wconf 84' lang='lat' dir='ltr'><strong>phase</strong></span> <span class='ocrx_word' id='word_1_174' title='bbox 484 2547 688 2600; x_wconf 89' lang='lat' dir='ltr'><strong>Domini</strong></span> <span class='ocrx_word' id='word_1_175' title='bbox 714 2547 969 2603; x_wconf 89' lang='lat' dir='ltr'><strong>custodiri</strong></span> <span class='ocrx_word' id='word_1_176' title='bbox 1000 2547 1318 2616; x_wconf 68' lang='lat' dir='ltr'><strong>praicipitur.</strong></span> <span class='ocrx_word' id='word_1_177' title='bbox 1351 2545 1536 2602; x_wconf 78' lang='lat' dir='ltr'><strong>Mense</strong></span> <span class='ocrx_word' id='word_1_178' title='bbox 1566 2545 1851 2616; x_wconf 84' lang='lat' dir='ltr'><strong>primo,X.</strong></span> 
     </span>
    </p>
   </div>
   <div class='ocr_carea' id='block_1_25' title="bbox 291 2627 1854 2707">
    <p class='ocr_par' dir='ltr' id='par_1_25' title="bbox 291 2627 1854 2707">
     <span class='ocr_line' id='line_1_25' title="bbox 291 2627 1854 2707; baseline 0.002 -17"><span class='ocrx_word' id='word_1_179' title='bbox 291 2637 380 2694; x_wconf 85' lang='lat' dir='ltr'><strong>die</strong></span> <span class='ocrx_word' id='word_1_180' title='bbox 404 2637 602 2695; x_wconf 76' lang='lat' dir='ltr'><strong>Iliensis</strong></span> <span class='ocrx_word' id='word_1_181' title='bbox 622 2653 785 2706; x_wconf 85' lang='lat' dir='ltr'><strong>agnus</strong></span> <span class='ocrx_word' id='word_1_182' title='bbox 810 2627 1090 2692; x_wconf 86' lang='lat' dir='ltr'><strong>anniculus</strong></span> <span class='ocrx_word' id='word_1_183' title='bbox 1113 2638 1479 2692; x_wconf 86' lang='lat' dir='ltr'><strong>immaculatus</strong></span> <span class='ocrx_word' id='word_1_184' title='bbox 1493 2638 1779 2707; x_wconf 83' lang='lat' dir='ltr'><strong>segregari,</strong></span> <span class='ocrx_word' id='word_1_185' title='bbox 1798 2645 1854 2693; x_wconf 90' lang='lat' dir='ltr'><strong>et</strong></span> 
     </span>
    </p>
   </div>
   <div class='ocr_carea' id='block_1_26' title="bbox 285 2728 1853 2800">
    <p class='ocr_par' dir='ltr' id='par_1_26' title="bbox 285 2728 1853 2800">
     <span class='ocr_line' id='line_1_26' title="bbox 285 2728 1853 2800; baseline -0.001 -15"><span class='ocrx_word' id='word_1_186' title='bbox 285 2731 488 2785; x_wconf 67' lang='lat' dir='ltr'><strong>servari</strong></span> <span class='ocrx_word' id='word_1_187' title='bbox 522 2744 686 2798; x_wconf 84' lang='lat' dir='ltr'><strong>usque</strong></span> <span class='ocrx_word' id='word_1_188' title='bbox 709 2728 772 2782; x_wconf 86' lang='lat' dir='ltr'><strong>ad</strong></span> <span class='ocrx_word' id='word_1_189' title='bbox 804 2728 945 2784; x_wconf 83' lang='lat' dir='ltr'><strong>XIII.</strong></span> <span class='ocrx_word' id='word_1_190' title='bbox 975 2739 1030 2784; x_wconf 86' lang='lat' dir='ltr'><strong>et</strong></span> <span class='ocrx_word' id='word_1_191' title='bbox 1060 2728 1203 2782; x_wconf 85' lang='lat' dir='ltr'><strong>XIV.</strong></span> <span class='ocrx_word' id='word_1_192' title='bbox 1231 2744 1260 2781; x_wconf 92' lang='lat' dir='ltr'><strong>a</strong></span> <span class='ocrx_word' id='word_1_193' title='bbox 1297 2730 1521 2785; x_wconf 91' lang='lat' dir='ltr'><strong>Domino</strong></span> <span class='ocrx_word' id='word_1_194' title='bbox 1550 2730 1853 2800; x_wconf 65' lang='lat' dir='ltr'><strong>praecipitur</strong></span> 
     </span>
    </p>
   </div>
   <div class='ocr_carea' id='block_1_27' title="bbox 288 2818 1850 2890">
    <p class='ocr_par' dir='ltr' id='par_1_27' title="bbox 288 2818 1850 2890">
     <span class='ocr_line' id='line_1_27' title="bbox 288 2818 1850 2890; baseline 0.003 -18"><span class='ocrx_word' id='word_1_195' title='bbox 288 2834 383 2886; x_wconf 89' lang='lat' dir='ltr'><strong>per</strong></span> <span class='ocrx_word' id='word_1_196' title='bbox 419 2818 634 2890; x_wconf 63' lang='lat' dir='ltr'><strong>Moysen</strong></span> <span class='ocrx_word' id='word_1_197' title='bbox 663 2820 833 2875; x_wconf 87' lang='lat' dir='ltr'><strong><em>occidi</em></strong></span> <span class='ocrx_word' id='word_1_198' title='bbox 881 2820 949 2874; x_wconf 90' lang='lat' dir='ltr'><strong>ab</strong></span> <span class='ocrx_word' id='word_1_199' title='bbox 971 2821 1222 2876; x_wconf 90' lang='lat' dir='ltr'><strong>universo</strong></span> <span class='ocrx_word' id='word_1_200' title='bbox 1245 2832 1389 2876; x_wconf 72' lang='lat' dir='ltr'><strong>cmtu</strong></span> <span class='ocrx_word' id='word_1_201' title='bbox 1420 2822 1654 2876; x_wconf 90' lang='lat' dir='ltr'><strong>ﬁliorum</strong></span> <span class='ocrx_word' id='word_1_202' title='bbox 1688 2821 1850 2877; x_wconf 87' lang='lat' dir='ltr'><strong>Israel</strong></span> 
     </span>
    </p>
   </div>
   <div class='ocr_carea' id='block_1_28' title="bbox 285 2909 1850 2982">
    <p class='ocr_par' dir='ltr' id='par_1_28' title="bbox 285 2909 1850 2982">
     <span class='ocr_line' id='line_1_28' title="bbox 285 2909 1850 2982; baseline 0.004 -19"><span class='ocrx_word' id='word_1_203' title='bbox 285 2909 352 2965; x_wconf 87' lang='lat' dir='ltr'><strong>ad</strong></span> <span class='ocrx_word' id='word_1_204' title='bbox 393 2925 693 2981; x_wconf 82' lang='lat' dir='ltr'><strong>vesperum.</strong></span> <span class='ocrx_word' id='word_1_205' title='bbox 747 2911 888 2980; x_wconf 85' lang='lat' dir='ltr'><strong>Quas</strong></span> <span class='ocrx_word' id='word_1_206' title='bbox 932 2913 1169 2968; x_wconf 86' lang='lat' dir='ltr'><strong>rationes</strong></span> <span class='ocrx_word' id='word_1_207' title='bbox 1215 2913 1329 2982; x_wconf 91' lang='lat' dir='ltr'><strong>ipse</strong></span> <span class='ocrx_word' id='word_1_208' title='bbox 1392 2913 1647 2968; x_wconf 89' lang='lat' dir='ltr'><strong>Dominus</strong></span> <span class='ocrx_word' id='word_1_209' title='bbox 1692 2929 1850 2970; x_wconf 88' lang='lat' dir='ltr'><strong>verus</strong></span> 
     </span>
    </p>
   </div>
   <div class='ocr_carea' id='block_1_29' title="bbox 285 3003 1846 3074">
    <p class='ocr_par' dir='ltr' id='par_1_29' title="bbox 285 3003 1846 3074">
     <span class='ocr_line' id='line_1_29' title="bbox 285 3003 1846 3074; baseline 0.003 -19"><span class='ocrx_word' id='word_1_210' title='bbox 285 3016 454 3071; x_wconf 81' lang='lat' dir='ltr'><strong>agnus</strong></span> <span class='ocrx_word' id='word_1_211' title='bbox 482 3017 601 3056; x_wconf 90' lang='lat' dir='ltr'><strong>cum</strong></span> <span class='ocrx_word' id='word_1_212' title='bbox 629 3003 694 3057; x_wconf 93' lang='lat' dir='ltr'><strong>ad</strong></span> <span class='ocrx_word' id='word_1_213' title='bbox 739 3017 1020 3073; x_wconf 88' lang='lat' dir='ltr'><strong>vesperum</strong></span> <span class='ocrx_word' id='word_1_214' title='bbox 1059 3003 1258 3060; x_wconf 87' lang='lat' dir='ltr'><strong>Pascha</strong></span> <span class='ocrx_word' id='word_1_215' title='bbox 1289 3004 1620 3074; x_wconf 76' lang='lat' dir='ltr'><strong>progreditur</strong></span> <span class='ocrx_word' id='word_1_216' title='bbox 1641 3004 1846 3073; x_wconf 86' lang='lat' dir='ltr'><strong>aliquas</strong></span> 
     </span>
    </p>
   </div>
   <div class='ocr_carea' id='block_1_30' title="bbox 287 3079 1852 3164">
    <p class='ocr_par' dir='ltr' id='par_1_30' title="bbox 287 3079 1852 3164">
     <span class='ocr_line' id='line_1_30' title="bbox 287 3079 1852 3164; baseline -0.001 -15"><span class='ocrx_word' id='word_1_217' title='bbox 287 3106 605 3160; x_wconf 83' lang='lat' dir='ltr'><strong>permanere</strong></span> <span class='ocrx_word' id='word_1_218' title='bbox 628 3093 815 3148; x_wconf 88' lang='lat' dir='ltr'><strong>volens</strong></span> <span class='ocrx_word' id='word_1_219' title='bbox 842 3094 1148 3160; x_wconf 89' lang='lat' dir='ltr'><strong>custodivit,</strong></span> <span class='ocrx_word' id='word_1_220' title='bbox 1175 3095 1375 3164; x_wconf 63' lang='lat' dir='ltr'><strong>aliquas</strong></span> <span class='ocrx_word' id='word_1_221' title='bbox 1405 3109 1510 3149; x_wconf 89' lang='lat' dir='ltr'><strong>non</strong></span> <span class='ocrx_word' id='word_1_222' title='bbox 1538 3079 1736 3150; x_wconf 83' lang='lat' dir='ltr'><strong>servari</strong></span> <span class='ocrx_word' id='word_1_223' title='bbox 1757 3109 1852 3149; x_wconf 82' lang='lat' dir='ltr'><strong>cu-</strong></span> 
     </span>
    </p>
   </div>
   <div class='ocr_carea' id='block_1_31' title="bbox 284 3175 1849 3253">
    <p class='ocr_par' dir='ltr' id='par_1_31' title="bbox 284 3175 1849 3253">
     <span class='ocr_line' id='line_1_31' title="bbox 284 3175 1849 3253; baseline 0.003 -18"><span class='ocrx_word' id='word_1_224' title='bbox 284 3181 457 3249; x_wconf 88' lang='lat' dir='ltr'><strong>piens,</strong></span> <span class='ocrx_word' id='word_1_225' title='bbox 481 3175 843 3237; x_wconf 80' lang='lat' dir='ltr'><strong>commutavit.</strong></span> <span class='ocrx_word' id='word_1_226' title='bbox 880 3182 983 3250; x_wconf 88' lang='lat' dir='ltr'><strong>Qui</strong></span> <span class='ocrx_word' id='word_1_227' title='bbox 1009 3199 1130 3238; x_wconf 91' lang='lat' dir='ltr'><strong>cum</strong></span> <span class='ocrx_word' id='word_1_228' title='bbox 1161 3183 1211 3237; x_wconf 92' lang='lat' dir='ltr'><strong>in</strong></span> <span class='ocrx_word' id='word_1_229' title='bbox 1245 3185 1416 3253; x_wconf 84' lang='lat' dir='ltr'><strong>primo</strong></span> <span class='ocrx_word' id='word_1_230' title='bbox 1445 3199 1626 3238; x_wconf 87' lang='lat' dir='ltr'><strong>mense</strong></span> <span class='ocrx_word' id='word_1_231' title='bbox 1656 3200 1849 3240; x_wconf 83' lang='lat' dir='ltr'><strong>scena-</strong></span> 
     </span>
    </p>
   </div>
   <div class='ocr_carea' id='block_1_32' title="bbox 282 3272 1852 3343">
    <p class='ocr_par' dir='ltr' id='par_1_32' title="bbox 282 3272 1852 3343">
     <span class='ocr_line' id='line_1_32' title="bbox 282 3272 1852 3343; baseline 0.003 -19"><span class='ocrx_word' id='word_1_232' title='bbox 282 3273 412 3326; x_wconf 91' lang='lat' dir='ltr'><strong>dum</strong></span> <span class='ocrx_word' id='word_1_233' title='bbox 474 3281 794 3342; x_wconf 66' lang='lat' dir='ltr'><strong>praeceptum</strong></span> <span class='ocrx_word' id='word_1_234' title='bbox 839 3272 970 3342; x_wconf 82' lang='lat' dir='ltr'><strong>legis</strong></span> <span class='ocrx_word' id='word_1_235' title='bbox 1026 3272 1290 3328; x_wconf 86' lang='lat' dir='ltr'><strong>immolari</strong></span> <span class='ocrx_word' id='word_1_236' title='bbox 1341 3273 1586 3343; x_wconf 84' lang='lat' dir='ltr'><strong>dignatus</strong></span> <span class='ocrx_word' id='word_1_237' title='bbox 1633 3283 1747 3340; x_wconf 88' lang='lat' dir='ltr'><strong>est,</strong></span> <span class='ocrx_word' id='word_1_238' title='bbox 1797 3285 1852 3329; x_wconf 91' lang='lat' dir='ltr'><strong>et</strong></span> 
     </span>
    </p>
   </div>
   <div class='ocr_carea' id='block_1_33' title="bbox 286 3357 1846 3434">
    <p class='ocr_par' dir='ltr' id='par_1_33' title="bbox 286 3357 1846 3434">
     <span class='ocr_line' id='line_1_33' title="bbox 286 3357 1846 3434; baseline 0.003 -20"><span class='ocrx_word' id='word_1_239' title='bbox 286 3357 425 3416; x_wconf 78' lang='lat' dir='ltr'><strong>XIII.</strong></span> <span class='ocrx_word' id='word_1_240' title='bbox 459 3361 603 3417; x_wconf 90' lang='lat' dir='ltr'><strong>nullo</strong></span> <span class='ocrx_word' id='word_1_241' title='bbox 635 3362 793 3418; x_wconf 86' lang='lat' dir='ltr'><strong>modo</strong></span> <span class='ocrx_word' id='word_1_242' title='bbox 823 3365 1120 3432; x_wconf 66' lang='lat' dir='ltr'><strong>prtevenire</strong></span> <span class='ocrx_word' id='word_1_243' title='bbox 1147 3380 1258 3418; x_wconf 74' lang='lat' dir='ltr'><strong>sua:</strong></span> <span class='ocrx_word' id='word_1_244' title='bbox 1301 3365 1564 3434; x_wconf 87' lang='lat' dir='ltr'><strong>passionis</strong></span> <span class='ocrx_word' id='word_1_245' title='bbox 1610 3375 1846 3434; x_wconf 85' lang='lat' dir='ltr'><strong>tempora</strong></span> 
     </span>
    </p>
   </div>
   <div class='ocr_carea' id='block_1_34' title="bbox 285 3452 1850 3525">
    <p class='ocr_par' dir='ltr' id='par_1_34' title="bbox 285 3452 1850 3525">
     <span class='ocr_line' id='line_1_34' title="bbox 285 3452 1850 3525; baseline 0.005 -23"><span class='ocrx_word' id='word_1_246' title='bbox 285 3452 546 3520; x_wconf 76' lang='lat' dir='ltr'><strong>permisit.</strong></span> <span class='ocrx_word' id='word_1_247' title='bbox 575 3453 760 3522; x_wconf 78' lang='lat' dir='ltr'><strong>Aliqua</strong></span> <span class='ocrx_word' id='word_1_248' title='bbox 788 3463 964 3508; x_wconf 89' lang='lat' dir='ltr'><strong>tamen</strong></span> <span class='ocrx_word' id='word_1_249' title='bbox 989 3463 1172 3509; x_wconf 84' lang='lat' dir='ltr'><strong>contra</strong></span> <span class='ocrx_word' id='word_1_250' title='bbox 1201 3454 1420 3525; x_wconf 79' lang='lat' dir='ltr'><strong>ﬁguram</strong></span> <span class='ocrx_word' id='word_1_251' title='bbox 1446 3455 1638 3510; x_wconf 80' lang='lat' dir='ltr'><strong>fecisse</strong></span> <span class='ocrx_word' id='word_1_252' title='bbox 1667 3465 1850 3510; x_wconf 89' lang='lat' dir='ltr'><strong>narrat</strong></span> 
     </span>
    </p>
   </div>
   <div class='ocr_carea' id='block_1_35' title="bbox 286 3536 1846 3617">
    <p class='ocr_par' dir='ltr' id='par_1_35' title="bbox 286 3536 1846 3617">
     <span class='ocr_line' id='line_1_35' title="bbox 286 3536 1846 3617; baseline 0.003 -22"><span class='ocrx_word' id='word_1_253' title='bbox 286 3536 658 3609; x_wconf 74' lang='lat' dir='ltr'><strong>Evangelium,</strong></span> <span class='ocrx_word' id='word_1_254' title='bbox 687 3543 806 3611; x_wconf 84' lang='lat' dir='ltr'><strong>quia</strong></span> <span class='ocrx_word' id='word_1_255' title='bbox 833 3559 952 3596; x_wconf 90' lang='lat' dir='ltr'><strong>cum</strong></span> <span class='ocrx_word' id='word_1_256' title='bbox 979 3560 1009 3597; x_wconf 88' lang='lat' dir='ltr'><strong>a</strong></span> <span class='ocrx_word' id='word_1_257' title='bbox 1037 3543 1170 3598; x_wconf 84' lang='lat' dir='ltr'><strong>Jnda</strong></span> <span class='ocrx_word' id='word_1_258' title='bbox 1202 3545 1502 3599; x_wconf 85' lang='lat' dir='ltr'><strong>traderetur</strong></span> <span class='ocrx_word' id='word_1_259' title='bbox 1528 3545 1744 3611; x_wconf 69' lang='lat' dir='ltr'><strong>Juda-is,</strong></span> <span class='ocrx_word' id='word_1_260' title='bbox 1773 3546 1846 3617; x_wconf 76' lang='grc' dir='ltr'><strong>(ὁ)</strong></span> 
     </span>
    </p>
   </div>
   <div class='ocr_carea' id='block_1_36' title="bbox 281 3631 1848 3705">
    <p class='ocr_par' dir='ltr' id='par_1_36' title="bbox 281 3631 1848 3705">
     <span class='ocr_line' id='line_1_36' title="bbox 281 3631 1848 3705; baseline 0.003 -18"><span class='ocrx_word' id='word_1_261' title='bbox 281 3631 380 3688; x_wconf 78' lang='lat' dir='ltr'><strong>XI.</strong></span> <span class='ocrx_word' id='word_1_262' title='bbox 412 3633 498 3686; x_wconf 88' lang='lat' dir='ltr'><strong>die</strong></span> <span class='ocrx_word' id='word_1_263' title='bbox 524 3634 722 3687; x_wconf 90' lang='lat' dir='ltr'><strong>mensis</strong></span> <span class='ocrx_word' id='word_1_264' title='bbox 750 3634 900 3701; x_wconf 86' lang='lat' dir='ltr'><strong>primi</strong></span> <span class='ocrx_word' id='word_1_265' title='bbox 932 3643 1112 3688; x_wconf 88' lang='lat' dir='ltr'><strong>tentus</strong></span> <span class='ocrx_word' id='word_1_266' title='bbox 1137 3645 1238 3688; x_wconf 84' lang='lat' dir='ltr'><strong>est.</strong></span> <span class='ocrx_word' id='word_1_267' title='bbox 1286 3635 1352 3688; x_wconf 88' lang='lat' dir='ltr'><strong>Et</strong></span> <span class='ocrx_word' id='word_1_268' title='bbox 1379 3650 1499 3689; x_wconf 92' lang='lat' dir='ltr'><strong>eum</strong></span> <span class='ocrx_word' id='word_1_269' title='bbox 1528 3636 1606 3689; x_wconf 91' lang='lat' dir='ltr'><strong>sui</strong></span> <span class='ocrx_word' id='word_1_270' title='bbox 1653 3651 1848 3705; x_wconf 84' lang='lat' dir='ltr'><strong>corpo-</strong></span> 
     </span>
    </p>
   </div>
   <div class='ocr_carea' id='block_1_37' title="bbox 277 3723 1847 3794">
    <p class='ocr_par' dir='ltr' id='par_1_37' title="bbox 277 3723 1847 3794">
     <span class='ocr_line' id='line_1_37' title="bbox 277 3723 1847 3794; baseline 0.001 -16"><span class='ocrx_word' id='word_1_271' title='bbox 277 3726 360 3778; x_wconf 87' lang='lat' dir='ltr'><strong>ris</strong></span> <span class='ocrx_word' id='word_1_272' title='bbox 407 3731 462 3777; x_wconf 91' lang='lat' dir='ltr'><strong>et</strong></span> <span class='ocrx_word' id='word_1_273' title='bbox 502 3724 772 3794; x_wconf 84' lang='lat' dir='ltr'><strong>sanguinis</strong></span> <span class='ocrx_word' id='word_1_274' title='bbox 805 3733 1133 3778; x_wconf 86' lang='lat' dir='ltr'><strong>sacramenta</strong></span> <span class='ocrx_word' id='word_1_275' title='bbox 1163 3723 1291 3778; x_wconf 91' lang='lat' dir='ltr'><strong>dare</strong></span> <span class='ocrx_word' id='word_1_276' title='bbox 1319 3725 1371 3778; x_wconf 90' lang='lat' dir='ltr'><strong>in</strong></span> <span class='ocrx_word' id='word_1_277' title='bbox 1399 3741 1492 3779; x_wconf 89' lang='lat' dir='ltr'><strong>sua</strong></span> <span class='ocrx_word' id='word_1_278' title='bbox 1519 3727 1622 3780; x_wconf 88' lang='lat' dir='ltr'><strong>vita</strong></span> <span class='ocrx_word' id='word_1_279' title='bbox 1645 3769 1657 3786; x_wconf 88' lang='lat'><strong>,</strong></span> <span class='ocrx_word' id='word_1_280' title='bbox 1687 3736 1742 3780; x_wconf 91' lang='lat' dir='ltr'><strong>et</strong></span> <span class='ocrx_word' id='word_1_281' title='bbox 1765 3728 1847 3781; x_wconf 90' lang='lat' dir='ltr'><strong>di-</strong></span> 
     </span>
    </p>
   </div>
   <div class='ocr_carea' id='block_1_38' title="bbox 279 3815 1847 3886">
    <p class='ocr_par' dir='ltr' id='par_1_38' title="bbox 279 3815 1847 3886">
     <span class='ocr_line' id='line_1_38' title="bbox 279 3815 1847 3886; baseline 0.001 -16"><span class='ocrx_word' id='word_1_282' title='bbox 279 3815 504 3875; x_wconf 78' lang='lat' dir='ltr'><strong>scipulis</strong></span> <span class='ocrx_word' id='word_1_283' title='bbox 549 3815 661 3868; x_wconf 86' lang='lat' dir='ltr'><strong>suis</strong></span> <span class='ocrx_word' id='word_1_284' title='bbox 711 3815 958 3882; x_wconf 81' lang='lat' dir='ltr'><strong>dignatus</strong></span> <span class='ocrx_word' id='word_1_285' title='bbox 1010 3815 1203 3878; x_wconf 86' lang='lat' dir='ltr'><strong>fuerit,</strong></span> <span class='ocrx_word' id='word_1_286' title='bbox 1256 3816 1358 3868; x_wconf 90' lang='lat' dir='ltr'><strong>hoc</strong></span> <span class='ocrx_word' id='word_1_287' title='bbox 1402 3824 1583 3869; x_wconf 86' lang='lat' dir='ltr'><strong>contra</strong></span> <span class='ocrx_word' id='word_1_288' title='bbox 1629 3817 1847 3886; x_wconf 81' lang='lat' dir='ltr'><strong>ﬁgurant</strong></span> 
     </span>
    </p>
   </div>
   <div class='ocr_carea' id='block_1_39' title="bbox 281 3891 1850 3978">
    <p class='ocr_par' dir='ltr' id='par_1_39' title="bbox 281 3891 1850 3978">
     <span class='ocr_line' id='line_1_39' title="bbox 281 3891 1850 3978; baseline 0.002 -22"><span class='ocrx_word' id='word_1_289' title='bbox 281 3905 477 3958; x_wconf 79' lang='lat' dir='ltr'><strong>fecisse</strong></span> <span class='ocrx_word' id='word_1_290' title='bbox 524 3891 887 3958; x_wconf 33' lang='lat' dir='ltr'><strong>monstratur:</strong></span> <span class='ocrx_word' id='word_1_291' title='bbox 922 3903 1054 3958; x_wconf 84' lang='lat' dir='ltr'><strong>Cum</strong></span> <span class='ocrx_word' id='word_1_292' title='bbox 1101 3903 1189 3958; x_wconf 87' lang='lat' dir='ltr'><strong>ille</strong></span> <span class='ocrx_word' id='word_1_293' title='bbox 1229 3919 1395 3972; x_wconf 87' lang='lat' dir='ltr'><strong>agnus</strong></span> <span class='ocrx_word' id='word_1_294' title='bbox 1436 3902 1592 3974; x_wconf 78' lang='lat' dir='ltr'><strong>igitur</strong></span> <span class='ocrx_word' id='word_1_295' title='bbox 1635 3907 1685 3959; x_wconf 94' lang='lat' dir='ltr'><strong>in</strong></span> <span class='ocrx_word' id='word_1_296' title='bbox 1727 3917 1850 3978; x_wconf 84' lang='lat' dir='ltr'><strong>typo</strong></span> 
     </span>
    </p>
   </div>
   <div class='ocr_carea' id='block_1_40' title="bbox 269 3991 1845 4079">
    <p class='ocr_par' dir='ltr' id='par_1_40' title="bbox 269 3991 1845 4079">
     <span class='ocr_line' id='line_1_40' title="bbox 269 3991 1845 4079; baseline -0.002 -26"><span class='ocrx_word' id='word_1_297' title='bbox 269 3991 478 4053; x_wconf 86' lang='lat' dir='ltr'><strong>Christi</strong></span> <span class='ocrx_word' id='word_1_298' title='bbox 532 3993 734 4051; x_wconf 83' lang='lat' dir='ltr'><strong>Pascha</strong></span> <span class='ocrx_word' id='word_1_299' title='bbox 779 3995 949 4050; x_wconf 91' lang='lat' dir='ltr'><strong>occidi</strong></span> <span class='ocrx_word' id='word_1_300' title='bbox 1000 3996 1306 4065; x_wconf 78' lang='lat' dir='ltr'><strong>praccipitur</strong></span> <span class='ocrx_word' id='word_1_301' title='bbox 1352 4003 1560 4050; x_wconf 78' lang='lat' dir='ltr'><strong>assatus</strong></span> <span class='ocrx_word' id='word_1_302' title='bbox 1591 3997 1693 4079; x_wconf 65' lang='lat' dir='ltr'><strong>igni</strong></span> <span class='ocrx_word' id='word_1_303' title='bbox 1727 4013 1845 4051; x_wconf 91' lang='lat' dir='ltr'><strong>cum</strong></span> 
     </span>
    </p>
   </div>
   <div class='ocr_carea' id='block_1_41' title="bbox 281 4086 1848 4158">
    <p class='ocr_par' dir='ltr' id='par_1_41' title="bbox 281 4086 1848 4158">
     <span class='ocr_line' id='line_1_41' title="bbox 281 4086 1848 4158; baseline -0.001 -14"><span class='ocrx_word' id='word_1_304' title='bbox 281 4088 457 4158; x_wconf 85' lang='lat' dir='ltr'><strong>capite</strong></span> <span class='ocrx_word' id='word_1_305' title='bbox 502 4097 556 4142; x_wconf 90' lang='lat' dir='ltr'><strong>et</strong></span> <span class='ocrx_word' id='word_1_306' title='bbox 599 4086 852 4156; x_wconf 90' lang='lat' dir='ltr'><strong>pedibus,</strong></span> <span class='ocrx_word' id='word_1_307' title='bbox 882 4097 935 4140; x_wconf 91' lang='lat' dir='ltr'><strong>et</strong></span> <span class='ocrx_word' id='word_1_308' title='bbox 960 4086 1230 4141; x_wconf 88' lang='lat' dir='ltr'><strong>interanea</strong></span> <span class='ocrx_word' id='word_1_309' title='bbox 1279 4095 1396 4156; x_wconf 89' lang='lat' dir='ltr'><strong>post</strong></span> <span class='ocrx_word' id='word_1_310' title='bbox 1446 4102 1593 4141; x_wconf 86' lang='lat' dir='ltr'><strong>suam</strong></span> <span class='ocrx_word' id='word_1_311' title='bbox 1623 4089 1848 4142; x_wconf 85' lang='lat' dir='ltr'><strong>occisio-</strong></span> 
     </span>
    </p>
   </div>
   <div class='ocr_carea' id='block_1_42' title="bbox 282 4177 1850 4247">
    <p class='ocr_par' dir='ltr' id='par_1_42' title="bbox 282 4177 1850 4247">
     <span class='ocr_line' id='line_1_42' title="bbox 282 4177 1850 4247; baseline 0 -15"><span class='ocrx_word' id='word_1_312' title='bbox 282 4193 405 4232; x_wconf 88' lang='lat' dir='ltr'><strong>nem</strong></span> <span class='ocrx_word' id='word_1_313' title='bbox 453 4178 690 4233; x_wconf 83' lang='lat' dir='ltr'><strong>consumi</strong></span> <span class='ocrx_word' id='word_1_314' title='bbox 732 4193 762 4231; x_wconf 91' lang='lat' dir='ltr'><strong>a</strong></span> <span class='ocrx_word' id='word_1_315' title='bbox 806 4179 1000 4247; x_wconf 88' lang='lat' dir='ltr'><strong>populo</strong></span> <span class='ocrx_word' id='word_1_316' title='bbox 1040 4181 1398 4232; x_wconf 86' lang='lat' dir='ltr'><strong>mandaretur.</strong></span> <span class='ocrx_word' id='word_1_317' title='bbox 1428 4177 1539 4231; x_wconf 87' lang='lat' dir='ltr'><strong>Iloc</strong></span> <span class='ocrx_word' id='word_1_318' title='bbox 1567 4188 1762 4242; x_wconf 87' lang='lat' dir='ltr'><strong>autem,</strong></span> <span class='ocrx_word' id='word_1_319' title='bbox 1793 4189 1850 4233; x_wconf 91' lang='lat' dir='ltr'><strong>ut</strong></span> 
     </span>
    </p>
   </div>
   <div class='ocr_carea' id='block_1_43' title="bbox 284 4267 1849 4338">
    <p class='ocr_par' dir='ltr' id='par_1_43' title="bbox 284 4267 1849 4338">
     <span class='ocr_line' id='line_1_43' title="bbox 284 4267 1849 4338; baseline 0.001 -15"><span class='ocrx_word' id='word_1_320' title='bbox 284 4267 414 4323; x_wconf 89' lang='lat' dir='ltr'><strong>mihi</strong></span> <span class='ocrx_word' id='word_1_321' title='bbox 446 4269 675 4334; x_wconf 84' lang='lat' dir='ltr'><strong>videtur,</strong></span> <span class='ocrx_word' id='word_1_322' title='bbox 701 4279 916 4338; x_wconf 89' lang='lat' dir='ltr'><strong>propter</strong></span> <span class='ocrx_word' id='word_1_323' title='bbox 936 4269 1066 4322; x_wconf 84' lang='lat' dir='ltr'><strong>duas</strong></span> <span class='ocrx_word' id='word_1_324' title='bbox 1092 4269 1433 4324; x_wconf 82' lang='lat' dir='ltr'><strong>rationabiles</strong></span> <span class='ocrx_word' id='word_1_325' title='bbox 1461 4284 1648 4323; x_wconf 75' lang='lat' dir='ltr'><strong>causas</strong></span> <span class='ocrx_word' id='word_1_326' title='bbox 1673 4270 1849 4324; x_wconf 87' lang='lat' dir='ltr'><strong>Domi-</strong></span> 
     </span>
    </p>
   </div>
   <div class='ocr_carea' id='block_1_44' title="bbox 282 4357 1847 4429">
    <p class='ocr_par' dir='ltr' id='par_1_44' title="bbox 282 4357 1847 4429">
     <span class='ocr_line' id='line_1_44' title="bbox 282 4357 1847 4429; baseline 0.001 -17"><span class='ocrx_word' id='word_1_327' title='bbox 282 4373 388 4429; x_wconf 83' lang='lat' dir='ltr'><strong>nus</strong></span> <span class='ocrx_word' id='word_1_328' title='bbox 414 4357 609 4413; x_wconf 84' lang='lat' dir='ltr'><strong>fecisse</strong></span> <span class='ocrx_word' id='word_1_329' title='bbox 637 4359 995 4428; x_wconf 85' lang='lat' dir='ltr'><strong>cognoscitur,</strong></span> <span class='ocrx_word' id='word_1_330' title='bbox 1027 4373 1092 4412; x_wconf 90' lang='lat' dir='ltr'><strong>ne</strong></span> <span class='ocrx_word' id='word_1_331' title='bbox 1131 4373 1252 4412; x_wconf 92' lang='lat' dir='ltr'><strong>cum</strong></span> <span class='ocrx_word' id='word_1_332' title='bbox 1294 4357 1496 4412; x_wconf 87' lang='lat' dir='ltr'><strong>Pascha</strong></span> <span class='ocrx_word' id='word_1_333' title='bbox 1535 4374 1655 4412; x_wconf 91' lang='lat' dir='ltr'><strong>cum</strong></span> <span class='ocrx_word' id='word_1_334' title='bbox 1685 4359 1847 4413; x_wconf 89' lang='lat' dir='ltr'><strong>disci-</strong></span> 
     </span>
    </p>
   </div>
   <div class='ocr_carea' id='block_1_45' title="bbox 283 4448 1848 4520">
    <p class='ocr_par' dir='ltr' id='par_1_45' title="bbox 283 4448 1848 4520">
     <span class='ocr_line' id='line_1_45' title="bbox 283 4448 1848 4520; baseline 0.001 -17"><span class='ocrx_word' id='word_1_335' title='bbox 283 4451 424 4519; x_wconf 87' lang='lat' dir='ltr'><strong>pulis</strong></span> <span class='ocrx_word' id='word_1_336' title='bbox 473 4449 836 4517; x_wconf 85' lang='lat' dir='ltr'><strong>manducaret,</strong></span> <span class='ocrx_word' id='word_1_337' title='bbox 867 4450 968 4505; x_wconf 92' lang='lat' dir='ltr'><strong>nisi</strong></span> <span class='ocrx_word' id='word_1_338' title='bbox 1013 4459 1192 4520; x_wconf 90' lang='lat' dir='ltr'><strong>postea</strong></span> <span class='ocrx_word' id='word_1_339' title='bbox 1243 4448 1562 4504; x_wconf 86' lang='lat' dir='ltr'><strong>sacriﬁcium</strong></span> <span class='ocrx_word' id='word_1_340' title='bbox 1609 4466 1848 4505; x_wconf 90' lang='lat' dir='ltr'><strong>commu-</strong></span> 
     </span>
    </p>
   </div>
   <div class='ocr_carea' id='block_1_46' title="bbox 284 4540 1842 4615">
    <p class='ocr_par' dir='ltr' id='par_1_46' title="bbox 284 4540 1842 4615">
     <span class='ocr_line' id='line_1_46' title="bbox 284 4540 1842 4615; baseline 0.001 -19"><span class='ocrx_word' id='word_1_341' title='bbox 284 4551 467 4607; x_wconf 81' lang='lat' dir='ltr'><strong>tasset,</strong></span> <span class='ocrx_word' id='word_1_342' title='bbox 495 4543 709 4597; x_wconf 88' lang='lat' dir='ltr'><strong>dicens:</strong></span> <span class='ocrx_word' id='word_1_343' title='bbox 741 4541 853 4594; x_wconf 86' lang='lat' dir='ltr'><strong>Hoc</strong></span> <span class='ocrx_word' id='word_1_344' title='bbox 881 4551 951 4596; x_wconf 81' lang='lat' dir='ltr'><strong>est</strong></span> <span class='ocrx_word' id='word_1_345' title='bbox 977 4558 1159 4612; x_wconf 83' lang='lat' dir='ltr'><strong>corpus</strong></span> <span class='ocrx_word' id='word_1_346' title='bbox 1184 4558 1344 4595; x_wconf 80' lang='lat' dir='ltr'><strong>meum</strong></span> <span class='ocrx_word' id='word_1_347' title='bbox 1373 4540 1582 4614; x_wconf 76' lang='lat' dir='ltr'><strong>(Matth.</strong></span> <span class='ocrx_word' id='word_1_348' title='bbox 1611 4543 1700 4597; x_wconf 75' lang='lat'><strong>26.</strong></span> <span class='ocrx_word' id='word_1_349' title='bbox 1726 4542 1842 4615; x_wconf 73' lang='lat'><strong>26);</strong></span> 
     </span>
    </p>
   </div>
   <div class='ocr_carea' id='block_1_47' title="bbox 284 4629 1844 4698">
    <p class='ocr_par' dir='ltr' id='par_1_47' title="bbox 284 4629 1844 4698">
     <span class='ocr_line' id='line_1_47' title="bbox 284 4629 1844 4698; baseline 0.003 -13"><span class='ocrx_word' id='word_1_350' title='bbox 284 4631 361 4686; x_wconf 91' lang='lat' dir='ltr'><strong>sic</strong></span> <span class='ocrx_word' id='word_1_351' title='bbox 389 4629 546 4684; x_wconf 88' lang='lat' dir='ltr'><strong>etiam</strong></span> <span class='ocrx_word' id='word_1_352' title='bbox 580 4639 758 4698; x_wconf 89' lang='lat' dir='ltr'><strong>postea</strong></span> <span class='ocrx_word' id='word_1_353' title='bbox 789 4631 1057 4684; x_wconf 88' lang='lat' dir='ltr'><strong>observari</strong></span> <span class='ocrx_word' id='word_1_354' title='bbox 1104 4631 1300 4686; x_wconf 84' lang='lat' dir='ltr'><strong>debere</strong></span> <span class='ocrx_word' id='word_1_355' title='bbox 1341 4632 1670 4686; x_wconf 88' lang='lat' dir='ltr'><strong>crederetur.</strong></span> <span class='ocrx_word' id='word_1_356' title='bbox 1720 4634 1844 4690; x_wconf 66' lang='lat' dir='ltr'><strong>Iliec</strong></span> 
     </span>
    </p>
   </div>
   <div class='ocr_carea' id='block_1_48' title="bbox 283 4721 1845 4796">
    <p class='ocr_par' dir='ltr' id='par_1_48' title="bbox 283 4721 1845 4796">
     <span class='ocr_line' id='line_1_48' title="bbox 283 4721 1845 4796; baseline 0.003 -21"><span class='ocrx_word' id='word_1_357' title='bbox 283 4733 461 4796; x_wconf 83' lang='lat' dir='ltr'><strong>autem</strong></span> <span class='ocrx_word' id='word_1_358' title='bbox 491 4721 678 4786; x_wconf 87' lang='lat' dir='ltr'><strong>altera,</strong></span> <span class='ocrx_word' id='word_1_359' title='bbox 704 4731 762 4775; x_wconf 90' lang='lat' dir='ltr'><strong>ut</strong></span> <span class='ocrx_word' id='word_1_360' title='bbox 784 4723 994 4790; x_wconf 85' lang='lat' dir='ltr'><strong>opinor,</strong></span> <span class='ocrx_word' id='word_1_361' title='bbox 1018 4737 1197 4788; x_wconf 85' lang='lat' dir='ltr'><strong>causa,</strong></span> <span class='ocrx_word' id='word_1_362' title='bbox 1222 4731 1280 4776; x_wconf 92' lang='lat' dir='ltr'><strong>ut</strong></span> <span class='ocrx_word' id='word_1_363' title='bbox 1305 4737 1500 4791; x_wconf 88' lang='lat' dir='ltr'><strong>corpus</strong></span> <span class='ocrx_word' id='word_1_364' title='bbox 1533 4725 1738 4779; x_wconf 87' lang='lat' dir='ltr'><strong>Domini</strong></span> <span class='ocrx_word' id='word_1_365' title='bbox 1765 4726 1845 4780; x_wconf 89' lang='lat' dir='ltr'><strong>in-</strong></span> 
     </span>
    </p>
   </div>
   <div class='ocr_carea' id='block_1_49' title="bbox 284 4813 1847 4886">
    <p class='ocr_par' dir='ltr' id='par_1_49' title="bbox 284 4813 1847 4886">
     <span class='ocr_line' id='line_1_49' title="bbox 284 4813 1847 4886; baseline 0.003 -19"><span class='ocrx_word' id='word_1_366' title='bbox 284 4823 484 4884; x_wconf 82' lang='lat' dir='ltr'><strong>tegrum</strong></span> <span class='ocrx_word' id='word_1_367' title='bbox 511 4821 566 4868; x_wconf 89' lang='lat' dir='ltr'><strong>et</strong></span> <span class='ocrx_word' id='word_1_368' title='bbox 593 4826 744 4867; x_wconf 92' lang='lat' dir='ltr'><strong>suum</strong></span> <span class='ocrx_word' id='word_1_369' title='bbox 774 4814 1080 4882; x_wconf 79' lang='lat' dir='ltr'><strong>sanguinem</strong></span> <span class='ocrx_word' id='word_1_370' title='bbox 1108 4813 1159 4867; x_wconf 90' lang='lat' dir='ltr'><strong>in</strong></span> <span class='ocrx_word' id='word_1_371' title='bbox 1189 4828 1246 4869; x_wconf 89' lang='lat' dir='ltr'><strong>se</strong></span> <span class='ocrx_word' id='word_1_372' title='bbox 1275 4815 1554 4868; x_wconf 90' lang='lat' dir='ltr'><strong>continens</strong></span> <span class='ocrx_word' id='word_1_373' title='bbox 1579 4829 1701 4871; x_wconf 85' lang='lat' dir='ltr'><strong>ante</strong></span> <span class='ocrx_word' id='word_1_374' title='bbox 1727 4831 1847 4886; x_wconf 87' lang='lat' dir='ltr'><strong>pas-</strong></span> 
     </span>
    </p>
   </div>
   <div class='ocr_carea' id='block_1_50' title="bbox 287 4905 1843 4973">
    <p class='ocr_par' dir='ltr' id='par_1_50' title="bbox 287 4905 1843 4973">
     <span class='ocr_line' id='line_1_50' title="bbox 287 4905 1843 4973; baseline 0.001 -15"><span class='ocrx_word' id='word_1_375' title='bbox 287 4908 491 4959; x_wconf 88' lang='lat' dir='ltr'><strong>sionem</strong></span> <span class='ocrx_word' id='word_1_376' title='bbox 532 4913 847 4970; x_wconf 86' lang='lat' dir='ltr'><strong>cernerent,</strong></span> <span class='ocrx_word' id='word_1_377' title='bbox 890 4905 990 4958; x_wconf 91' lang='lat' dir='ltr'><strong>hoc</strong></span> <span class='ocrx_word' id='word_1_378' title='bbox 1032 4918 1256 4973; x_wconf 86' lang='lat' dir='ltr'><strong>corpore</strong></span> <span class='ocrx_word' id='word_1_379' title='bbox 1302 4905 1650 4973; x_wconf 87' lang='lat' dir='ltr'><strong>spiritualiter</strong></span> <span class='ocrx_word' id='word_1_380' title='bbox 1694 4907 1843 4961; x_wconf 84' lang='lat' dir='ltr'><strong>reﬁci</strong></span> 
     </span>
    </p>
   </div>
   <div class='ocr_carea' id='block_1_51' title="bbox 284 4995 1848 5057">
    <p class='ocr_par' dir='ltr' id='par_1_51' title="bbox 284 4995 1848 5057">
     <span class='ocr_line' id='line_1_51' title="bbox 284 4995 1848 5057; baseline 0.003 -6"><span class='ocrx_word' id='word_1_381' title='bbox 284 4997 584 5057; x_wconf 76' lang='lat' dir='ltr'><strong>crederent,</strong></span> <span class='ocrx_word' id='word_1_382' title='bbox 608 5005 660 5050; x_wconf 89' lang='lat' dir='ltr'><strong>et</strong></span> <span class='ocrx_word' id='word_1_383' title='bbox 685 4996 762 5052; x_wconf 90' lang='lat' dir='ltr'><strong>sic</strong></span> <span class='ocrx_word' id='word_1_384' title='bbox 789 4997 946 5050; x_wconf 91' lang='lat' dir='ltr'><strong>etiam</strong></span> <span class='ocrx_word' id='word_1_385' title='bbox 976 5009 1116 5052; x_wconf 89' lang='lat' dir='ltr'><strong>nunc</strong></span> <span class='ocrx_word' id='word_1_386' title='bbox 1141 5011 1170 5049; x_wconf 89' lang='lat' dir='ltr'><strong>a</strong></span> <span class='ocrx_word' id='word_1_387' title='bbox 1201 4995 1356 5051; x_wconf 92' lang='lat' dir='ltr'><strong>nobis</strong></span> <span class='ocrx_word' id='word_1_388' title='bbox 1376 4997 1523 5052; x_wconf 90' lang='lat' dir='ltr'><strong>credi</strong></span> <span class='ocrx_word' id='word_1_389' title='bbox 1547 4997 1757 5054; x_wconf 87' lang='lat' dir='ltr'><strong>debeat.</strong></span> <span class='ocrx_word' id='word_1_390' title='bbox 1784 5001 1848 5056; x_wconf 84' lang='lat' dir='ltr'><strong>Et</strong></span> 
     </span>
    </p>
   </div>
   <div class='ocr_carea' id='block_1_52' title="bbox 287 5086 1846 5158">
    <p class='ocr_par' dir='ltr' id='par_1_52' title="bbox 287 5086 1846 5158">
     <span class='ocr_line' id='line_1_52' title="bbox 287 5086 1846 5158; baseline 0.003 -17"><span class='ocrx_word' id='word_1_391' title='bbox 287 5088 386 5142; x_wconf 91' lang='lat' dir='ltr'><strong>hoc</strong></span> <span class='ocrx_word' id='word_1_392' title='bbox 409 5089 566 5142; x_wconf 87' lang='lat' dir='ltr'><strong>etiam</strong></span> <span class='ocrx_word' id='word_1_393' title='bbox 595 5086 787 5141; x_wconf 88' lang='lat' dir='ltr'><strong>intueri</strong></span> <span class='ocrx_word' id='word_1_394' title='bbox 815 5087 1096 5152; x_wconf 83' lang='lat' dir='ltr'><strong>debemus,</strong></span> <span class='ocrx_word' id='word_1_395' title='bbox 1122 5088 1262 5158; x_wconf 90' lang='lat' dir='ltr'><strong>quod</strong></span> <span class='ocrx_word' id='word_1_396' title='bbox 1295 5102 1396 5141; x_wconf 92' lang='lat' dir='ltr'><strong>non</strong></span> <span class='ocrx_word' id='word_1_397' title='bbox 1428 5088 1480 5141; x_wconf 92' lang='lat' dir='ltr'><strong>in</strong></span> <span class='ocrx_word' id='word_1_398' title='bbox 1506 5087 1648 5144; x_wconf 84' lang='lat' dir='ltr'><strong>XIV.</strong></span> <span class='ocrx_word' id='word_1_399' title='bbox 1669 5091 1756 5145; x_wconf 91' lang='lat' dir='ltr'><strong>die</strong></span> <span class='ocrx_word' id='word_1_400' title='bbox 1779 5093 1846 5147; x_wconf 89' lang='lat' dir='ltr'><strong>ad</strong></span> 
     </span>
    </p>
   </div>
   <div class='ocr_carea' id='block_1_53' title="bbox 281 5179 1846 5252">
    <p class='ocr_par' dir='ltr' id='par_1_53' title="bbox 281 5179 1846 5252">
     <span class='ocr_line' id='line_1_53' title="bbox 281 5179 1846 5252; baseline 0.003 -20"><span class='ocrx_word' id='word_1_401' title='bbox 281 5194 582 5248; x_wconf 86' lang='lat' dir='ltr'><strong>vesperum,</strong></span> <span class='ocrx_word' id='word_1_402' title='bbox 625 5189 682 5232; x_wconf 90' lang='lat' dir='ltr'><strong>ut</strong></span> <span class='ocrx_word' id='word_1_403' title='bbox 711 5179 794 5233; x_wconf 85' lang='lat' dir='ltr'><strong>lex</strong></span> <span class='ocrx_word' id='word_1_404' title='bbox 822 5180 1060 5249; x_wconf 63' lang='lat' dir='ltr'><strong>praecipit</strong></span> <span class='ocrx_word' id='word_1_405' title='bbox 1079 5222 1092 5244; x_wconf 92' lang='lat'><strong>,</strong></span> <span class='ocrx_word' id='word_1_406' title='bbox 1125 5180 1213 5236; x_wconf 92' lang='lat' dir='ltr'><strong>ille</strong></span> <span class='ocrx_word' id='word_1_407' title='bbox 1235 5196 1397 5252; x_wconf 85' lang='lat' dir='ltr'><strong>agnus</strong></span> <span class='ocrx_word' id='word_1_408' title='bbox 1443 5179 1574 5246; x_wconf 86' lang='lat' dir='ltr'><strong>Dei,</strong></span> <span class='ocrx_word' id='word_1_409' title='bbox 1602 5183 1688 5248; x_wconf 86' lang='lat' dir='ltr'><strong>qui</strong></span> <span class='ocrx_word' id='word_1_410' title='bbox 1716 5184 1846 5236; x_wconf 83' lang='lat' dir='ltr'><strong>tollit</strong></span> 
     </span>
    </p>
   </div>
   <div class='ocr_carea' id='block_1_54' title="bbox 283 5269 1848 5341">
    <p class='ocr_par' dir='ltr' id='par_1_54' title="bbox 283 5269 1848 5341">
     <span class='ocr_line' id='line_1_54' title="bbox 283 5269 1848 5341; baseline 0.003 -17"><span class='ocrx_word' id='word_1_411' title='bbox 283 5283 483 5341; x_wconf 79' lang='lat' dir='ltr'><strong>peccata</strong></span> <span class='ocrx_word' id='word_1_412' title='bbox 513 5271 705 5334; x_wconf 83' lang='lat' dir='ltr'><strong>mundi,</strong></span> <span class='ocrx_word' id='word_1_413' title='bbox 739 5279 792 5325; x_wconf 89' lang='lat' dir='ltr'><strong>ct</strong></span> <span class='ocrx_word' id='word_1_414' title='bbox 822 5269 1020 5324; x_wconf 83' lang='lat' dir='ltr'><strong>Pascha</strong></span> <span class='ocrx_word' id='word_1_415' title='bbox 1039 5283 1272 5328; x_wconf 78' lang='lat' dir='ltr'><strong>nostrum</strong></span> <span class='ocrx_word' id='word_1_416' title='bbox 1292 5273 1581 5328; x_wconf 79' lang='lat' dir='ltr'><strong>immolatus</strong></span> <span class='ocrx_word' id='word_1_417' title='bbox 1605 5285 1676 5328; x_wconf 81' lang='lat' dir='ltr'><strong>cst</strong></span> <span class='ocrx_word' id='word_1_418' title='bbox 1699 5275 1848 5329; x_wconf 62' lang='lat' dir='ltr'><strong>Citrio</strong></span> 
     </span>
    </p>
   </div>
   <div class='ocr_carea' id='block_1_55' title="bbox 282 5360 1848 5434">
    <p class='ocr_par' dir='ltr' id='par_1_55' title="bbox 282 5360 1848 5434">
     <span class='ocr_line' id='line_1_55' title="bbox 282 5360 1848 5434; baseline 0.002 -18"><span class='ocrx_word' id='word_1_419' title='bbox 282 5373 385 5416; x_wconf 79' lang='lat' dir='ltr'><strong>slus</strong></span> <span class='ocrx_word' id='word_1_420' title='bbox 413 5360 487 5434; x_wconf 74' lang='lat'><strong>(2.</strong></span> <span class='ocrx_word' id='word_1_421' title='bbox 512 5360 629 5416; x_wconf 88' lang='lat' dir='ltr'><strong>Car.</strong></span> <span class='ocrx_word' id='word_1_422' title='bbox 655 5360 742 5432; x_wconf 82' lang='lat'><strong>5);</strong></span> <span class='ocrx_word' id='word_1_423' title='bbox 772 5360 864 5414; x_wconf 90' lang='lat' dir='ltr'><strong>sed</strong></span> <span class='ocrx_word' id='word_1_424' title='bbox 892 5360 1014 5415; x_wconf 86' lang='lat' dir='ltr'><strong>XV.</strong></span> <span class='ocrx_word' id='word_1_425' title='bbox 1041 5362 1158 5428; x_wconf 90' lang='lat' dir='ltr'><strong>die,</strong></span> <span class='ocrx_word' id='word_1_426' title='bbox 1182 5364 1234 5417; x_wconf 93' lang='lat' dir='ltr'><strong>in</strong></span> <span class='ocrx_word' id='word_1_427' title='bbox 1268 5379 1374 5434; x_wconf 90' lang='lat' dir='ltr'><strong>quo</strong></span> <span class='ocrx_word' id='word_1_428' title='bbox 1400 5363 1734 5420; x_wconf 82' lang='lat' dir='ltr'><strong>manifestum</strong></span> <span class='ocrx_word' id='word_1_429' title='bbox 1766 5375 1848 5421; x_wconf 90' lang='lat' dir='ltr'><strong>est</strong></span> 
     </span>
    </p>
   </div>
   <div class='ocr_carea' id='block_1_56' title="bbox 343 5553 1845 5625">
    <p class='ocr_par' dir='ltr' id='par_1_56' title="bbox 343 5553 1845 5625">
     <span class='ocr_line' id='line_1_56' title="bbox 343 5553 1845 5625; baseline 0.005 -19"><span class='ocrx_word' id='word_1_430' title='bbox 343 5557 414 5619; x_wconf 85' lang='grc' dir='ltr'><strong>(α)</strong></span> <span class='ocrx_word' id='word_1_431' title='bbox 449 5555 650 5625; x_wconf 56' lang='lat' dir='ltr'><strong>supple,</strong></span> <span class='ocrx_word' id='word_1_432' title='bbox 677 5563 775 5605; x_wconf 84' lang='lat' dir='ltr'><strong>Non</strong></span> <span class='ocrx_word' id='word_1_433' title='bbox 798 5553 1034 5625; x_wconf 82' lang='lat' dir='ltr'><strong>accipiam</strong></span> <span class='ocrx_word' id='word_1_434' title='bbox 1058 5558 1119 5611; x_wconf 79' lang='lat' dir='ltr'><strong>de</strong></span> <span class='ocrx_word' id='word_1_435' title='bbox 1151 5557 1293 5609; x_wconf 84' lang='lat' dir='ltr'><strong>domo</strong></span> <span class='ocrx_word' id='word_1_436' title='bbox 1314 5563 1396 5608; x_wconf 88' lang='lat' dir='ltr'><strong>tua</strong></span> <span class='ocrx_word' id='word_1_437' title='bbox 1417 5557 1581 5612; x_wconf 81' lang='lat' dir='ltr'><strong>vitulos</strong></span> <span class='ocrx_word' id='word_1_438' title='bbox 1598 5595 1612 5622; x_wconf 91' lang='lat'><strong>,</strong></span> <span class='ocrx_word' id='word_1_439' title='bbox 1637 5571 1747 5625; x_wconf 65' lang='lat' dir='ltr'><strong>quae</strong></span> <span class='ocrx_word' id='word_1_440' title='bbox 1770 5561 1845 5613; x_wconf 77' lang='lat' dir='ltr'><strong>fe-</strong></span> 
     </span>
    </p>
   </div>
   <div class='ocr_carea' id='block_1_57' title="bbox 274 5618 897 5668">
    <p class='ocr_par' dir='ltr' id='par_1_57' title="bbox 274 5618 897 5668">
     <span class='ocr_line' id='line_1_57' title="bbox 274 5618 897 5668; baseline -0.002 -1"><span class='ocrx_word' id='word_1_441' title='bbox 274 5618 458 5668; x_wconf 84' lang='lat' dir='ltr'><strong>stinans</strong></span> <span class='ocrx_word' id='word_1_442' title='bbox 481 5618 704 5667; x_wconf 86' lang='lat' dir='ltr'><strong>librarius</strong></span> <span class='ocrx_word' id='word_1_443' title='bbox 723 5619 897 5666; x_wconf 71' lang='lat' dir='ltr'><strong>omisnt.</strong></span> 
     </span>
    </p>
   </div>
   <div class='ocr_carea' id='block_1_58' title="bbox 322 5680 1843 5745">
    <p class='ocr_par' dir='ltr' id='par_1_58' title="bbox 322 5680 1843 5745">
     <span class='ocr_line' id='line_1_58' title="bbox 322 5680 1843 5745; baseline 0.002 -17"><span class='ocrx_word' id='word_1_444' title='bbox 322 5681 412 5745; x_wconf 65' lang='lat' dir='ltr'><strong>(lg)</strong></span> <span class='ocrx_word' id='word_1_445' title='bbox 446 5681 528 5745; x_wconf 75' lang='lat' dir='ltr'><strong>Sic</strong></span> <span class='ocrx_word' id='word_1_446' title='bbox 565 5680 1088 5745; x_wconf 72' lang='lat' dir='ltr'><strong>inapographo,_quod</strong></span> <span class='ocrx_word' id='word_1_447' title='bbox 1121 5681 1350 5745; x_wconf 82' lang='lat' dir='ltr'><strong>emendat</strong></span> <span class='ocrx_word' id='word_1_448' title='bbox 1385 5684 1624 5745; x_wconf 85' lang='lat' dir='ltr'><strong>posterior</strong></span> <span class='ocrx_word' id='word_1_449' title='bbox 1645 5696 1843 5745; x_wconf 83' lang='lat' dir='ltr'><strong>manus,</strong></span> 
     </span>
    </p>
   </div>
   <div class='ocr_carea' id='block_1_59' title="bbox 281 5740 1844 5795">
    <p class='ocr_par' dir='ltr' id='par_1_59' title="bbox 281 5740 1844 5795">
     <span class='ocr_line' id='line_1_59' title="bbox 281 5740 1844 5795; baseline 0.004 -6"><span class='ocrx_word' id='word_1_450' title='bbox 281 5740 327 5782; x_wconf 67' lang='lat' dir='ltr'><strong>in</strong></span> <span class='ocrx_word' id='word_1_451' title='bbox 350 5740 405 5789; x_wconf 69' lang='lat' dir='ltr'><strong>XL</strong></span> <span class='ocrx_word' id='word_1_452' title='bbox 431 5740 1089 5792; x_wconf 79' lang='lat' dir='ltr'><strong>Auctorishallucinationes</strong></span> <span class='ocrx_word' id='word_1_453' title='bbox 1125 5743 1250 5793; x_wconf 89' lang='lat' dir='ltr'><strong>haud</strong></span> <span class='ocrx_word' id='word_1_454' title='bbox 1287 5740 1406 5792; x_wconf 79' lang='lat' dir='ltr'><strong>sane</strong></span> <span class='ocrx_word' id='word_1_455' title='bbox 1429 5743 1571 5792; x_wconf 89' lang='lat' dir='ltr'><strong>leves</strong></span> <span class='ocrx_word' id='word_1_456' title='bbox 1609 5757 1671 5793; x_wconf 80' lang='lat' dir='ltr'><strong>ex</strong></span> <span class='ocrx_word' id='word_1_457' title='bbox 1704 5740 1844 5795; x_wconf 55' lang='lat' dir='ltr'><strong>veta;</strong></span> 
     </span>
    </p>
   </div>
   <div class='ocr_carea' id='block_1_60' title="bbox 281 5802 1843 5917">
    <p class='ocr_par' dir='ltr' id='par_1_60' title="bbox 281 5802 1843 5917">
     <span class='ocr_line' id='line_1_60' title="bbox 281 5802 1843 5917; baseline 0.005 -70"><span class='ocrx_word' id='word_1_458' title='bbox 281 5802 625 5917; x_wconf 46' lang='lat' dir='ltr'><strong>ambigenti-um</strong></span> <span class='ocrx_word' id='word_1_459' title='bbox 669 5803 858 5866; x_wconf 84' lang='lat' dir='ltr'><strong>scriptis</strong></span> <span class='ocrx_word' id='word_1_460' title='bbox 900 5804 1113 5854; x_wconf 85' lang='lat' dir='ltr'><strong>studioso</strong></span> <span class='ocrx_word' id='word_1_461' title='bbox 1155 5805 1325 5855; x_wconf 83' lang='lat' dir='ltr'><strong>lectori</strong></span> <span class='ocrx_word' id='word_1_462' title='bbox 1370 5806 1659 5868; x_wconf 79' lang='lat' dir='ltr'><strong>reliquimus</strong></span> <span class='ocrx_word' id='word_1_463' title='bbox 1701 5808 1843 5856; x_wconf 82' lang='lat' dir='ltr'><strong>casti-</strong></span> 
     </span>
    </p>
   </div>
   <div class='ocr_carea' id='block_1_61' title="bbox 636 5938 1198 6013">
    <p class='ocr_par' dir='ltr' id='par_1_61' title="bbox 636 5938 1198 6013">
     <span class='ocr_line' id='line_1_61' title="bbox 636 5938 1198 6013; baseline 0.027 -15"><span class='ocrx_word' id='word_1_464' title='bbox 636 5938 698 5995; x_wconf 78' lang='lat' dir='ltr'><strong>S.</strong></span> <span class='ocrx_word' id='word_1_465' title='bbox 742 5949 1105 6011; x_wconf 62' lang='grc' dir='ltr'>Ηιινοθιγξιιι</span> <span class='ocrx_word' id='word_1_466' title='bbox 1150 5951 1198 6013; x_wconf 89' lang='lat' dir='ltr'><strong>I.</strong></span> 
     </span>
    </p>
   </div>
   <div class='ocr_carea' id='block_1_62' title="bbox 1603 421 2193 489">
    <p class='ocr_par' dir='ltr' id='par_1_62' title="bbox 1603 421 2193 489">
     <span class='ocr_line' id='line_1_62' title="bbox 1603 421 2193 489; baseline 0 -1"><span class='ocrx_word' id='word_1_467' title='bbox 1603 422 1925 489; x_wconf 70' lang='lat' dir='ltr'><strong>EPISTULA</strong></span> <span class='ocrx_word' id='word_1_468' title='bbox 1964 421 2193 488; x_wconf 73' lang='lat' dir='ltr'><strong>CXLIX.</strong></span> 
     </span>
    </p>
   </div>
   <div class='ocr_carea' id='block_1_63' title="bbox 2595 437 3528 498">
    <p class='ocr_par' dir='ltr' id='par_1_63' title="bbox 2595 437 3528 498">
     <span class='ocr_line' id='line_1_63' title="bbox 2595 437 3528 498; baseline -0.004 0"><span class='ocrx_word' id='word_1_469' title='bbox 2595 495 2598 498; x_wconf 83' lang='lat'><strong>.</strong></span> <span class='ocrx_word' id='word_1_470' title='bbox 3392 437 3528 498; x_wconf 64' lang='grc' dir='ltr'><strong>ηεξ</strong></span> 
     </span>
    </p>
   </div>
   <div class='ocr_carea' id='block_1_64' title="bbox 1957 539 3530 616">
    <p class='ocr_par' dir='ltr' id='par_1_64' title="bbox 1957 539 3530 616">
     <span class='ocr_line' id='line_1_64' title="bbox 1957 539 3530 616; baseline 0.01 -23"><span class='ocrx_word' id='word_1_471' title='bbox 1957 539 2095 596; x_wconf 86' lang='lat' dir='ltr'><strong>diem</strong></span> <span class='ocrx_word' id='word_1_472' title='bbox 2124 543 2314 600; x_wconf 85' lang='lat' dir='ltr'><strong>festum</strong></span> <span class='ocrx_word' id='word_1_473' title='bbox 2337 545 2638 616; x_wconf 78' lang='lat' dir='ltr'><strong>Judzeorum</strong></span> <span class='ocrx_word' id='word_1_474' title='bbox 2660 561 2778 604; x_wconf 91' lang='lat' dir='ltr'><strong>eum</strong></span> <span class='ocrx_word' id='word_1_475' title='bbox 2806 563 2903 606; x_wconf 87' lang='lat' dir='ltr'><strong>suo</strong></span> <span class='ocrx_word' id='word_1_476' title='bbox 2926 551 3186 609; x_wconf 84' lang='lat' dir='ltr'><strong>sacriﬁcio</strong></span> <span class='ocrx_word' id='word_1_477' title='bbox 3229 563 3259 607; x_wconf 73' lang='grc' dir='ltr'><strong>ιι</strong></span> <span class='ocrx_word' id='word_1_478' title='bbox 3302 551 3530 610; x_wconf 84' lang='lat' dir='ltr'><strong>Domino</strong></span> 
     </span>
    </p>
   </div>
   <div class='ocr_carea' id='block_1_65' title="bbox 1933 634 3515 713">
    <p class='ocr_par' dir='ltr' id='par_1_65' title="bbox 1933 634 3515 713">
     <span class='ocr_line' id='line_1_65' title="bbox 1933 634 3515 713; baseline 0.008 -27"><span class='ocrx_word' id='word_1_479' title='bbox 1933 647 2078 687; x_wconf 87' lang='lat' dir='ltr'><strong>esse</strong></span> <span class='ocrx_word' id='word_1_480' title='bbox 2104 634 2354 690; x_wconf 83' lang='lat' dir='ltr'><strong>solutum.</strong></span> <span class='ocrx_word' id='word_1_481' title='bbox 2393 636 2497 693; x_wconf 90' lang='lat' dir='ltr'><strong>Sed</strong></span> <span class='ocrx_word' id='word_1_482' title='bbox 2522 639 2648 708; x_wconf 89' lang='lat' dir='ltr'><strong>quid</strong></span> <span class='ocrx_word' id='word_1_483' title='bbox 2676 639 2728 694; x_wconf 90' lang='lat' dir='ltr'><strong>in</strong></span> <span class='ocrx_word' id='word_1_484' title='bbox 2760 639 2862 696; x_wconf 89' lang='lat' dir='ltr'><strong>hoc</strong></span> <span class='ocrx_word' id='word_1_485' title='bbox 2888 643 3180 713; x_wconf 80' lang='lat' dir='ltr'><strong>intelligere</strong></span> <span class='ocrx_word' id='word_1_486' title='bbox 3221 643 3477 699; x_wconf 88' lang='lat' dir='ltr'><strong>debemus</strong></span> <span class='ocrx_word' id='word_1_487' title='bbox 3501 687 3515 710; x_wconf 92' lang='lat'><strong>,</strong></span> 
     </span>
    </p>
   </div>
   <div class='ocr_carea' id='block_1_66' title="bbox 1957 722 3519 808">
    <p class='ocr_par' dir='ltr' id='par_1_66' title="bbox 1957 722 3519 808">
     <span class='ocr_line' id='line_1_66' title="bbox 1957 722 3519 808; baseline 0.01 -32"><span class='ocrx_word' id='word_1_488' title='bbox 1957 722 2096 791; x_wconf 90' lang='lat' dir='ltr'><strong>quod</strong></span> <span class='ocrx_word' id='word_1_489' title='bbox 2129 727 2271 794; x_wconf 89' lang='lat' dir='ltr'><strong>prius</strong></span> <span class='ocrx_word' id='word_1_490' title='bbox 2301 729 2488 798; x_wconf 78' lang='lat' dir='ltr'><strong>ﬁgurat</strong></span> <span class='ocrx_word' id='word_1_491' title='bbox 2513 729 2632 799; x_wconf 84' lang='lat' dir='ltr'><strong>agni</strong></span> <span class='ocrx_word' id='word_1_492' title='bbox 2659 745 2849 787; x_wconf 85' lang='lat' dir='ltr'><strong>carnes</strong></span> <span class='ocrx_word' id='word_1_493' title='bbox 2875 734 3160 790; x_wconf 86' lang='lat' dir='ltr'><strong>comedere</strong></span> <span class='ocrx_word' id='word_1_494' title='bbox 3180 775 3194 799; x_wconf 94' lang='lat'><strong>,</strong></span> <span class='ocrx_word' id='word_1_495' title='bbox 3237 744 3294 791; x_wconf 88' lang='lat' dir='ltr'><strong>et</strong></span> <span class='ocrx_word' id='word_1_496' title='bbox 3335 746 3519 808; x_wconf 83' lang='lat' dir='ltr'><strong>postea</strong></span> 
     </span>
    </p>
   </div>
   <div class='ocr_carea' id='block_1_67' title="bbox 1958 815 3524 898">
    <p class='ocr_par' dir='ltr' id='par_1_67' title="bbox 1958 815 3524 898">
     <span class='ocr_line' id='line_1_67' title="bbox 1958 815 3524 898; baseline 0.011 -32"><span class='ocrx_word' id='word_1_497' title='bbox 1958 815 2038 867; x_wconf 92' lang='lat' dir='ltr'><strong>sui</strong></span> <span class='ocrx_word' id='word_1_498' title='bbox 2081 819 2317 885; x_wconf 83' lang='lat' dir='ltr'><strong>corporis</strong></span> <span class='ocrx_word' id='word_1_499' title='bbox 2363 819 2484 874; x_wconf 91' lang='lat' dir='ltr'><strong>cibo</strong></span> <span class='ocrx_word' id='word_1_500' title='bbox 2515 830 2726 877; x_wconf 87' lang='lat' dir='ltr'><strong>nostros</strong></span> <span class='ocrx_word' id='word_1_501' title='bbox 2752 823 3036 892; x_wconf 83' lang='lat' dir='ltr'><strong>Apostolus</strong></span> <span class='ocrx_word' id='word_1_502' title='bbox 3064 828 3266 890; x_wconf 75' lang='lat' dir='ltr'><strong>reiicit,</strong></span> <span class='ocrx_word' id='word_1_503' title='bbox 3298 836 3350 882; x_wconf 87' lang='lat' dir='ltr'><strong>et</strong></span> <span class='ocrx_word' id='word_1_504' title='bbox 3402 838 3524 898; x_wconf 85' lang='lat' dir='ltr'><strong>post</strong></span> 
     </span>
    </p>
   </div>
   <div class='ocr_carea' id='block_1_68' title="bbox 1958 903 3522 978">
    <p class='ocr_par' dir='ltr' id='par_1_68' title="bbox 1958 903 3522 978">
     <span class='ocr_line' id='line_1_68' title="bbox 1958 903 3522 978; baseline 0.011 -21"><span class='ocrx_word' id='word_1_505' title='bbox 1958 903 2263 961; x_wconf 57' lang='lat' dir='ltr'><strong>«Iudaeorum</strong></span> <span class='ocrx_word' id='word_1_506' title='bbox 2309 910 2538 978; x_wconf 88' lang='lat' dir='ltr'><strong>typicum</strong></span> <span class='ocrx_word' id='word_1_507' title='bbox 2581 911 2781 965; x_wconf 89' lang='lat' dir='ltr'><strong>Pascha</strong></span> <span class='ocrx_word' id='word_1_508' title='bbox 2813 913 3113 972; x_wconf 89' lang='lat' dir='ltr'><strong>immolatus</strong></span> <span class='ocrx_word' id='word_1_509' title='bbox 3135 925 3218 972; x_wconf 84' lang='lat' dir='ltr'><strong>est</strong></span> <span class='ocrx_word' id='word_1_510' title='bbox 3243 917 3522 973; x_wconf 81' lang='lat' dir='ltr'><strong>Christus?</strong></span> 
     </span>
    </p>
   </div>
   <div class='ocr_carea' id='block_1_69' title="bbox 1960 995 3521 1078">
    <p class='ocr_par' dir='ltr' id='par_1_69' title="bbox 1960 995 3521 1078">
     <span class='ocr_line' id='line_1_69' title="bbox 1960 995 3521 1078; baseline 0.011 -31"><span class='ocrx_word' id='word_1_511' title='bbox 1960 995 2072 1052; x_wconf 89' lang='lat' dir='ltr'><strong>IIoc</strong></span> <span class='ocrx_word' id='word_1_512' title='bbox 2095 1037 2112 1062; x_wconf 91' lang='lat'><strong>,</strong></span> <span class='ocrx_word' id='word_1_513' title='bbox 2140 1006 2200 1052; x_wconf 92' lang='lat' dir='ltr'><strong>ut</strong></span> <span class='ocrx_word' id='word_1_514' title='bbox 2222 999 2432 1068; x_wconf 82' lang='lat' dir='ltr'><strong>Opinor,</strong></span> <span class='ocrx_word' id='word_1_515' title='bbox 2460 1016 2566 1056; x_wconf 89' lang='lat' dir='ltr'><strong>non</strong></span> <span class='ocrx_word' id='word_1_516' title='bbox 2595 1011 2652 1056; x_wconf 92' lang='lat' dir='ltr'><strong>ut</strong></span> <span class='ocrx_word' id='word_1_517' title='bbox 2678 1003 2872 1057; x_wconf 83' lang='lat' dir='ltr'><strong>veritas</strong></span> <span class='ocrx_word' id='word_1_518' title='bbox 2904 1004 3124 1075; x_wconf 86' lang='lat' dir='ltr'><strong>ﬁguram</strong></span> <span class='ocrx_word' id='word_1_519' title='bbox 3151 1024 3166 1069; x_wconf 91' lang='lat'><strong>;</strong></span> <span class='ocrx_word' id='word_1_520' title='bbox 3212 1008 3308 1062; x_wconf 88' lang='lat' dir='ltr'><strong>sed</strong></span> <span class='ocrx_word' id='word_1_521' title='bbox 3355 1007 3521 1078; x_wconf 75' lang='lat' dir='ltr'><strong>figura</strong></span> 
     </span>
    </p>
   </div>
   <div class='ocr_carea' id='block_1_70' title="bbox 1958 1087 3526 1166">
    <p class='ocr_par' dir='ltr' id='par_1_70' title="bbox 1958 1087 3526 1166">
     <span class='ocr_line' id='line_1_70' title="bbox 1958 1087 3526 1166; baseline 0.011 -29"><span class='ocrx_word' id='word_1_522' title='bbox 1958 1087 2232 1142; x_wconf 88' lang='lat' dir='ltr'><strong>veritatem</strong></span> <span class='ocrx_word' id='word_1_523' title='bbox 2263 1089 2611 1158; x_wconf 64' lang='lat' dir='ltr'><strong>praecederet,</strong></span> <span class='ocrx_word' id='word_1_524' title='bbox 2639 1092 2760 1162; x_wconf 89' lang='lat' dir='ltr'><strong>quia</strong></span> <span class='ocrx_word' id='word_1_525' title='bbox 2789 1107 2894 1146; x_wconf 93' lang='lat' dir='ltr'><strong>non</strong></span> <span class='ocrx_word' id='word_1_526' title='bbox 2921 1094 3069 1163; x_wconf 90' lang='lat' dir='ltr'><strong>prius</strong></span> <span class='ocrx_word' id='word_1_527' title='bbox 3097 1096 3236 1165; x_wconf 90' lang='lat' dir='ltr'><strong>quod</strong></span> <span class='ocrx_word' id='word_1_528' title='bbox 3262 1098 3526 1166; x_wconf 69' lang='lat' dir='ltr'><strong>spiritale.</strong></span> 
     </span>
    </p>
   </div>
   <div class='ocr_carea' id='block_1_71' title="bbox 1957 1176 3524 1255">
    <p class='ocr_par' dir='ltr' id='par_1_71' title="bbox 1957 1176 3524 1255">
     <span class='ocr_line' id='line_1_71' title="bbox 1957 1176 3524 1255; baseline 0.01 -27"><span class='ocrx_word' id='word_1_529' title='bbox 1957 1176 2050 1229; x_wconf 90' lang='lat' dir='ltr'><strong>sed</strong></span> <span class='ocrx_word' id='word_1_530' title='bbox 2095 1177 2236 1246; x_wconf 89' lang='lat' dir='ltr'><strong>quod</strong></span> <span class='ocrx_word' id='word_1_531' title='bbox 2279 1180 2546 1246; x_wconf 87' lang='lat' dir='ltr'><strong>animale,</strong></span> <span class='ocrx_word' id='word_1_532' title='bbox 2577 1181 2772 1236; x_wconf 88' lang='lat' dir='ltr'><strong>deinde</strong></span> <span class='ocrx_word' id='word_1_533' title='bbox 2799 1183 2941 1253; x_wconf 89' lang='lat' dir='ltr'><strong>quod</strong></span> <span class='ocrx_word' id='word_1_534' title='bbox 2985 1183 3058 1254; x_wconf 93' lang='lat' dir='ltr'><strong>(c)</strong></span> <span class='ocrx_word' id='word_1_535' title='bbox 3102 1185 3339 1255; x_wconf 85' lang='lat' dir='ltr'><strong>spiritale</strong></span> <span class='ocrx_word' id='word_1_536' title='bbox 3383 1189 3524 1245; x_wconf 88' lang='lat' dir='ltr'><strong>unde</strong></span> 
     </span>
    </p>
   </div>
   <div class='ocr_carea' id='block_1_72' title="bbox 1956 1267 3522 1346">
    <p class='ocr_par' dir='ltr' id='par_1_72' title="bbox 1956 1267 3522 1346">
     <span class='ocr_line' id='line_1_72' title="bbox 1956 1267 3522 1346; baseline 0.008 -26"><span class='ocrx_word' id='word_1_537' title='bbox 1956 1267 2147 1332; x_wconf 87' lang='lat' dir='ltr'><strong>electa,</strong></span> <span class='ocrx_word' id='word_1_538' title='bbox 2165 1279 2217 1324; x_wconf 89' lang='lat' dir='ltr'><strong>et</strong></span> <span class='ocrx_word' id='word_1_539' title='bbox 2238 1271 2405 1326; x_wconf 89' lang='lat' dir='ltr'><strong>amica</strong></span> <span class='ocrx_word' id='word_1_540' title='bbox 2484 1273 2689 1346; x_wconf 78' lang='grc'>1117</span> <span class='ocrx_word' id='word_1_541' title='bbox 2761 1287 2956 1344; x_wconf 88' lang='lat' dir='ltr'><strong>sponsa</strong></span> <span class='ocrx_word' id='word_1_542' title='bbox 2993 1273 3188 1329; x_wconf 85' lang='lat' dir='ltr'><strong>Christi</strong></span> <span class='ocrx_word' id='word_1_543' title='bbox 3210 1277 3522 1334; x_wconf 85' lang='lat' dir='ltr'><strong>universalis</strong></span> 
     </span>
    </p>
   </div>
   <div class='ocr_carea' id='block_1_73' title="bbox 1959 1355 3536 1434">
    <p class='ocr_par' dir='ltr' id='par_1_73' title="bbox 1959 1355 3536 1434">
     <span class='ocr_line' id='line_1_73' title="bbox 1959 1355 3536 1434; baseline 0.01 -25"><span class='ocrx_word' id='word_1_544' title='bbox 1959 1355 2192 1412; x_wconf 87' lang='lat' dir='ltr'><strong>Ecclesia</strong></span> <span class='ocrx_word' id='word_1_545' title='bbox 2227 1359 2646 1416; x_wconf 84' lang='lat' dir='ltr'><strong>anathematizat</strong></span> <span class='ocrx_word' id='word_1_546' title='bbox 2671 1377 2765 1418; x_wconf 88' lang='lat' dir='ltr'><strong>eos</strong></span> <span class='ocrx_word' id='word_1_547' title='bbox 2790 1364 2879 1434; x_wconf 80' lang='lat' dir='ltr'><strong>qui</strong></span> <span class='ocrx_word' id='word_1_548' title='bbox 2908 1379 3027 1420; x_wconf 91' lang='lat' dir='ltr'><strong>cum</strong></span> <span class='ocrx_word' id='word_1_549' title='bbox 3054 1364 3254 1422; x_wconf 71' lang='lat' dir='ltr'><strong>Judaais</strong></span> <span class='ocrx_word' id='word_1_550' title='bbox 3284 1366 3337 1421; x_wconf 84' lang='lat' dir='ltr'><strong>i‘n</strong></span> <span class='ocrx_word' id='word_1_551' title='bbox 3367 1366 3536 1424; x_wconf 48' lang='lat' dir='ltr'><strong>festiv</strong></span> 
     </span>
    </p>
   </div>
   <div class='ocr_carea' id='block_1_74' title="bbox 1957 1446 3518 1524">
    <p class='ocr_par' dir='ltr' id='par_1_74' title="bbox 1957 1446 3518 1524">
     <span class='ocr_line' id='line_1_74' title="bbox 1957 1446 3518 1524; baseline 0.01 -26"><span class='ocrx_word' id='word_1_552' title='bbox 1957 1446 2118 1501; x_wconf 85' lang='lat' dir='ltr'><strong>vitate</strong></span> <span class='ocrx_word' id='word_1_553' title='bbox 2157 1448 2393 1516; x_wconf 86' lang='lat' dir='ltr'><strong>paschali</strong></span> <span class='ocrx_word' id='word_1_554' title='bbox 2420 1449 2558 1507; x_wconf 85' lang='lat' dir='ltr'><strong>XIV.</strong></span> <span class='ocrx_word' id='word_1_555' title='bbox 2591 1451 2845 1510; x_wconf 89' lang='lat' dir='ltr'><strong>celebrari</strong></span> <span class='ocrx_word' id='word_1_556' title='bbox 2876 1454 3158 1524; x_wconf 86' lang='lat' dir='ltr'><strong>deﬁniunt,</strong></span> <span class='ocrx_word' id='word_1_557' title='bbox 3185 1466 3242 1513; x_wconf 90' lang='lat' dir='ltr'><strong>et</strong></span> <span class='ocrx_word' id='word_1_558' title='bbox 3268 1457 3518 1522; x_wconf 89' lang='lat' dir='ltr'><strong>Sabbata,</strong></span> 
     </span>
    </p>
   </div>
   <div class='ocr_carea' id='block_1_75' title="bbox 1955 1537 3519 1612">
    <p class='ocr_par' dir='ltr' id='par_1_75' title="bbox 1955 1537 3519 1612">
     <span class='ocr_line' id='line_1_75' title="bbox 1955 1537 3519 1612; baseline 0.009 -22"><span class='ocrx_word' id='word_1_559' title='bbox 1955 1545 2010 1590; x_wconf 92' lang='lat' dir='ltr'><strong>et</strong></span> <span class='ocrx_word' id='word_1_560' title='bbox 2036 1549 2227 1592; x_wconf 84' lang='lat' dir='ltr'><strong>caetera</strong></span> <span class='ocrx_word' id='word_1_561' title='bbox 2254 1537 2410 1608; x_wconf 88' lang='lat' dir='ltr'><strong>hujus</strong></span> <span class='ocrx_word' id='word_1_562' title='bbox 2433 1542 2685 1597; x_wconf 87' lang='lat' dir='ltr'><strong>umbralis</strong></span> <span class='ocrx_word' id='word_1_563' title='bbox 2709 1544 3080 1612; x_wconf 68' lang='lat' dir='ltr'><strong>observantius,</strong></span> <span class='ocrx_word' id='word_1_564' title='bbox 3104 1556 3160 1603; x_wconf 92' lang='lat' dir='ltr'><strong>et</strong></span> <span class='ocrx_word' id='word_1_565' title='bbox 3185 1546 3286 1604; x_wconf 91' lang='lat' dir='ltr'><strong>hoc</strong></span> <span class='ocrx_word' id='word_1_566' title='bbox 3318 1558 3519 1606; x_wconf 87' lang='lat' dir='ltr'><strong>tantum</strong></span> 
     </span>
    </p>
   </div>
   <div class='ocr_carea' id='block_1_76' title="bbox 1955 1625 3525 1710">
    <p class='ocr_par' dir='ltr' id='par_1_76' title="bbox 1955 1625 3525 1710">
     <span class='ocr_line' id='line_1_76' title="bbox 1955 1625 3525 1710; baseline 0.011 -32"><span class='ocrx_word' id='word_1_567' title='bbox 1955 1625 2238 1683; x_wconf 84' lang='lat' dir='ltr'><strong>observare</strong></span> <span class='ocrx_word' id='word_1_568' title='bbox 2283 1629 2526 1699; x_wconf 84' lang='lat' dir='ltr'><strong>dignatus</strong></span> <span class='ocrx_word' id='word_1_569' title='bbox 2570 1640 2654 1688; x_wconf 86' lang='lat' dir='ltr'><strong>est</strong></span> <span class='ocrx_word' id='word_1_570' title='bbox 2694 1633 2837 1704; x_wconf 89' lang='lat' dir='ltr'><strong>quod</strong></span> <span class='ocrx_word' id='word_1_571' title='bbox 2880 1635 3136 1692; x_wconf 90' lang='lat' dir='ltr'><strong>Dominus</strong></span> <span class='ocrx_word' id='word_1_572' title='bbox 3180 1648 3236 1694; x_wconf 92' lang='lat' dir='ltr'><strong>ut</strong></span> <span class='ocrx_word' id='word_1_573' title='bbox 3265 1639 3317 1695; x_wconf 90' lang='lat' dir='ltr'><strong>in</strong></span> <span class='ocrx_word' id='word_1_574' title='bbox 3349 1642 3525 1710; x_wconf 91' lang='lat' dir='ltr'><strong>primo</strong></span> 
     </span>
    </p>
   </div>
   <div class='ocr_carea' id='block_1_77' title="bbox 1957 1720 3521 1804">
    <p class='ocr_par' dir='ltr' id='par_1_77' title="bbox 1957 1720 3521 1804">
     <span class='ocr_line' id='line_1_77' title="bbox 1957 1720 3521 1804; baseline 0.014 -35"><span class='ocrx_word' id='word_1_575' title='bbox 1957 1731 2138 1773; x_wconf 89' lang='lat' dir='ltr'><strong>mense</strong></span> <span class='ocrx_word' id='word_1_576' title='bbox 2168 1728 2286 1786; x_wconf 89' lang='lat' dir='ltr'><strong>post</strong></span> <span class='ocrx_word' id='word_1_577' title='bbox 2311 1720 2448 1776; x_wconf 79' lang='lat' dir='ltr'><strong>XIV.</strong></span> <span class='ocrx_word' id='word_1_578' title='bbox 2475 1722 2618 1778; x_wconf 90' lang='lat' dir='ltr'><strong>diem</strong></span> <span class='ocrx_word' id='word_1_579' title='bbox 2660 1725 2967 1795; x_wconf 88' lang='lat' dir='ltr'><strong>paschalem</strong></span> <span class='ocrx_word' id='word_1_580' title='bbox 3013 1727 3349 1788; x_wconf 84' lang='lat' dir='ltr'><strong>festivitatem</strong></span> <span class='ocrx_word' id='word_1_581' title='bbox 3381 1749 3521 1804; x_wconf 62' lang='lat' dir='ltr'><strong>prmo</strong></span> 
     </span>
    </p>
   </div>
   <div class='ocr_carea' id='block_1_78' title="bbox 1954 1810 3522 1886">
    <p class='ocr_par' dir='ltr' id='par_1_78' title="bbox 1954 1810 3522 1886">
     <span class='ocr_line' id='line_1_78' title="bbox 1954 1810 3522 1886; baseline 0.015 -22"><span class='ocrx_word' id='word_1_582' title='bbox 1954 1810 2178 1866; x_wconf 86' lang='lat' dir='ltr'><strong>cedente</strong></span> <span class='ocrx_word' id='word_1_583' title='bbox 2217 1829 2318 1866; x_wconf 89' lang='lat' dir='ltr'><strong>una</strong></span> <span class='ocrx_word' id='word_1_584' title='bbox 2357 1814 2706 1872; x_wconf 89' lang='lat' dir='ltr'><strong>Sabbatorum</strong></span> <span class='ocrx_word' id='word_1_585' title='bbox 2735 1819 2992 1876; x_wconf 85' lang='lat' dir='ltr'><strong>celebrari</strong></span> <span class='ocrx_word' id='word_1_586' title='bbox 3045 1823 3161 1879; x_wconf 90' lang='lat' dir='ltr'><strong>sine</strong></span> <span class='ocrx_word' id='word_1_587' title='bbox 3200 1827 3306 1881; x_wconf 91' lang='lat' dir='ltr'><strong>ulla</strong></span> <span class='ocrx_word' id='word_1_588' title='bbox 3351 1830 3522 1886; x_wconf 81' lang='lat' dir='ltr'><strong>ambi-</strong></span> 
     </span>
    </p>
   </div>
   <div class='ocr_carea' id='block_1_79' title="bbox 1953 1902 3518 1974">
    <p class='ocr_par' dir='ltr' id='par_1_79' title="bbox 1953 1902 3518 1974">
     <span class='ocr_line' id='line_1_79' title="bbox 1953 1902 3518 1974; baseline 0.013 -20"><span class='ocrx_word' id='word_1_589' title='bbox 1953 1902 2151 1968; x_wconf 82' lang='lat' dir='ltr'><strong>guitate</strong></span> <span class='ocrx_word' id='word_1_590' title='bbox 2186 1905 2457 1959; x_wconf 80' lang='lat' dir='ltr'><strong>censuerit</strong></span> <span class='ocrx_word' id='word_1_591' title='bbox 2477 1948 2493 1971; x_wconf 91' lang='lat'><strong>,</strong></span> <span class='ocrx_word' id='word_1_592' title='bbox 2526 1907 2648 1962; x_wconf 91' lang='lat' dir='ltr'><strong>licet</strong></span> <span class='ocrx_word' id='word_1_593' title='bbox 2687 1909 2740 1963; x_wconf 92' lang='lat' dir='ltr'><strong>in</strong></span> <span class='ocrx_word' id='word_1_594' title='bbox 2770 1909 2872 1964; x_wconf 89' lang='lat' dir='ltr'><strong>hoc</strong></span> <span class='ocrx_word' id='word_1_595' title='bbox 2896 1913 3093 1968; x_wconf 86' lang='lat' dir='ltr'><strong>veritas</strong></span> <span class='ocrx_word' id='word_1_596' title='bbox 3119 1914 3376 1972; x_wconf 68' lang='lat' dir='ltr'><strong>Ecclesia:</strong></span> <span class='ocrx_word' id='word_1_597' title='bbox 3405 1928 3518 1974; x_wconf 90' lang='lat' dir='ltr'><strong>orta</strong></span> 
     </span>
    </p>
   </div>
   <div class='ocr_carea' id='block_1_80' title="bbox 1955 1993 3534 2067">
    <p class='ocr_par' dir='ltr' id='par_1_80' title="bbox 1955 1993 3534 2067">
     <span class='ocr_line' id='line_1_80' title="bbox 1955 1993 3534 2067; baseline 0.014 -23"><span class='ocrx_word' id='word_1_598' title='bbox 1955 2000 2037 2044; x_wconf 86' lang='lat' dir='ltr'><strong>est</strong></span> <span class='ocrx_word' id='word_1_599' title='bbox 2059 2008 2072 2045; x_wconf 92' lang='lat'><strong>:</strong></span> <span class='ocrx_word' id='word_1_600' title='bbox 2097 1993 2217 2047; x_wconf 91' lang='lat' dir='ltr'><strong>aliis</strong></span> <span class='ocrx_word' id='word_1_601' title='bbox 2246 1993 2494 2061; x_wconf 74' lang='lat' dir='ltr'><strong>sufficere</strong></span> <span class='ocrx_word' id='word_1_602' title='bbox 2519 1999 2882 2067; x_wconf 89' lang='lat' dir='ltr'><strong>credentibus,</strong></span> <span class='ocrx_word' id='word_1_603' title='bbox 2914 2012 2971 2056; x_wconf 93' lang='lat' dir='ltr'><strong>ut</strong></span> <span class='ocrx_word' id='word_1_604' title='bbox 3008 2019 3114 2059; x_wconf 87' lang='lat' dir='ltr'><strong>non</strong></span> <span class='ocrx_word' id='word_1_605' title='bbox 3145 2005 3195 2058; x_wconf 91' lang='lat' dir='ltr'><strong>in</strong></span> <span class='ocrx_word' id='word_1_606' title='bbox 3225 2004 3367 2063; x_wconf 86' lang='lat' dir='ltr'><strong>XIV.</strong></span> <span class='ocrx_word' id='word_1_607' title='bbox 3398 2023 3534 2065; x_wconf 83' lang='lat' dir='ltr'><strong>cum‘</strong></span> 
     </span>
    </p>
   </div>
   <div class='ocr_carea' id='block_1_81' title="bbox 1954 2080 3520 2168">
    <p class='ocr_par' dir='ltr' id='par_1_81' title="bbox 1954 2080 3520 2168">
     <span class='ocr_line' id='line_1_81' title="bbox 1954 2080 3520 2168; baseline 0.013 -34"><span class='ocrx_word' id='word_1_608' title='bbox 1954 2080 2152 2137; x_wconf 69' lang='lat' dir='ltr'><strong>JlltltDIS</strong></span> <span class='ocrx_word' id='word_1_609' title='bbox 2177 2083 2381 2140; x_wconf 84' lang='lat' dir='ltr'><strong>Pascha</strong></span> <span class='ocrx_word' id='word_1_610' title='bbox 2411 2087 2762 2158; x_wconf 87' lang='lat' dir='ltr'><strong>celebrarent,</strong></span> <span class='ocrx_word' id='word_1_611' title='bbox 2789 2090 2879 2146; x_wconf 89' lang='lat' dir='ltr'><strong>alii</strong></span> <span class='ocrx_word' id='word_1_612' title='bbox 2910 2094 3011 2148; x_wconf 90' lang='lat' dir='ltr'><strong>hoc</strong></span> <span class='ocrx_word' id='word_1_613' title='bbox 3033 2092 3242 2150; x_wconf 84' lang='lat' dir='ltr'><strong>fortiter</strong></span> <span class='ocrx_word' id='word_1_614' title='bbox 3261 2107 3520 2168; x_wconf 79' lang='lat' dir='ltr'><strong>cauteque</strong></span> 
     </span>
    </p>
   </div>
   <div class='ocr_carea' id='block_1_82' title="bbox 1956 2172 3523 2257">
    <p class='ocr_par' dir='ltr' id='par_1_82' title="bbox 1956 2172 3523 2257">
     <span class='ocr_line' id='line_1_82' title="bbox 1956 2172 3523 2257; baseline 0.013 -33"><span class='ocrx_word' id='word_1_615' title='bbox 1956 2172 2275 2240; x_wconf 87' lang='lat' dir='ltr'><strong>custodiant,</strong></span> <span class='ocrx_word' id='word_1_616' title='bbox 2305 2184 2358 2229; x_wconf 93' lang='lat' dir='ltr'><strong>ut</strong></span> <span class='ocrx_word' id='word_1_617' title='bbox 2389 2177 2805 2234; x_wconf 88' lang='lat' dir='ltr'><strong>immolationem</strong></span> <span class='ocrx_word' id='word_1_618' title='bbox 2833 2182 2942 2236; x_wconf 86' lang='lat' dir='ltr'><strong>veri</strong></span> <span class='ocrx_word' id='word_1_619' title='bbox 2968 2185 3088 2253; x_wconf 87' lang='lat' dir='ltr'><strong>agni</strong></span> <span class='ocrx_word' id='word_1_620' title='bbox 3124 2184 3238 2252; x_wconf 90' lang='lat' dir='ltr'><strong>Dei,</strong></span> <span class='ocrx_word' id='word_1_621' title='bbox 3266 2188 3355 2257; x_wconf 91' lang='lat' dir='ltr'><strong>qui</strong></span> <span class='ocrx_word' id='word_1_622' title='bbox 3385 2188 3523 2244; x_wconf 89' lang='lat' dir='ltr'><strong>tollit</strong></span> 
     </span>
    </p>
   </div>
   <div class='ocr_carea' id='block_1_83' title="bbox 1958 2266 3523 2335">
    <p class='ocr_par' dir='ltr' id='par_1_83' title="bbox 1958 2266 3523 2335">
     <span class='ocr_line' id='line_1_83' title="bbox 1958 2266 3523 2335; baseline 0.013 -20"><span class='ocrx_word' id='word_1_623' title='bbox 1958 2275 2171 2331; x_wconf 88' lang='lat' dir='ltr'><strong>peccata</strong></span> <span class='ocrx_word' id='word_1_624' title='bbox 2213 2266 2394 2322; x_wconf 85' lang='lat' dir='ltr'><strong>mundi</strong></span> <span class='ocrx_word' id='word_1_625' title='bbox 2436 2277 2558 2325; x_wconf 89' lang='lat' dir='ltr'><strong>ante</strong></span> <span class='ocrx_word' id='word_1_626' title='bbox 2584 2269 2720 2325; x_wconf 86' lang='lat' dir='ltr'><strong>XIV.</strong></span> <span class='ocrx_word' id='word_1_627' title='bbox 2746 2271 3017 2329; x_wconf 87' lang='lat' dir='ltr'><strong>celebrare</strong></span> <span class='ocrx_word' id='word_1_628' title='bbox 3044 2290 3148 2330; x_wconf 92' lang='lat' dir='ltr'><strong>non</strong></span> <span class='ocrx_word' id='word_1_629' title='bbox 3179 2276 3412 2334; x_wconf 85' lang='lat' dir='ltr'><strong>audeant</strong></span> <span class='ocrx_word' id='word_1_630' title='bbox 3435 2295 3523 2335; x_wconf 90' lang='lat' dir='ltr'><strong>se-</strong></span> 
     </span>
    </p>
   </div>
   <div class='ocr_carea' id='block_1_84' title="bbox 1955 2356 3525 2436">
    <p class='ocr_par' dir='ltr' id='par_1_84' title="bbox 1955 2356 3525 2436">
     <span class='ocr_line' id='line_1_84' title="bbox 1955 2356 3525 2436; baseline 0.011 -28"><span class='ocrx_word' id='word_1_631' title='bbox 1955 2356 2186 2411; x_wconf 90' lang='lat' dir='ltr'><strong>cundum</strong></span> <span class='ocrx_word' id='word_1_632' title='bbox 2211 2357 2340 2412; x_wconf 91' lang='lat' dir='ltr'><strong>illud</strong></span> <span class='ocrx_word' id='word_1_633' title='bbox 2367 2357 2535 2430; x_wconf 75' lang='lat' dir='ltr'><strong>legale</strong></span> <span class='ocrx_word' id='word_1_634' title='bbox 2559 2373 2906 2434; x_wconf 74' lang='lat' dir='ltr'><strong>przeceptum,</strong></span> <span class='ocrx_word' id='word_1_635' title='bbox 2933 2365 3071 2436; x_wconf 89' lang='lat' dir='ltr'><strong>quod</strong></span> <span class='ocrx_word' id='word_1_636' title='bbox 3094 2377 3147 2422; x_wconf 90' lang='lat' dir='ltr'><strong>et</strong></span> <span class='ocrx_word' id='word_1_637' title='bbox 3176 2368 3428 2425; x_wconf 90' lang='lat' dir='ltr'><strong>Dominus</strong></span> <span class='ocrx_word' id='word_1_638' title='bbox 3452 2371 3525 2424; x_wconf 89' lang='lat' dir='ltr'><strong>ad</strong></span> 
     </span>
    </p>
   </div>
   <div class='ocr_carea' id='block_1_85' title="bbox 1959 2450 3517 2527">
    <p class='ocr_par' dir='ltr' id='par_1_85' title="bbox 1959 2450 3517 2527">
     <span class='ocr_line' id='line_1_85' title="bbox 1959 2450 3517 2527; baseline 0.008 -26"><span class='ocrx_word' id='word_1_639' title='bbox 1959 2450 2256 2517; x_wconf 87' lang='lat' dir='ltr'><strong>passionem</strong></span> <span class='ocrx_word' id='word_1_640' title='bbox 2302 2453 2522 2508; x_wconf 78' lang='lat' dir='ltr'><strong>veniens</strong></span> <span class='ocrx_word' id='word_1_641' title='bbox 2563 2454 2780 2508; x_wconf 90' lang='lat' dir='ltr'><strong>minime</strong></span> <span class='ocrx_word' id='word_1_642' title='bbox 2824 2458 3161 2527; x_wconf 89' lang='lat' dir='ltr'><strong>contempsit,</strong></span> <span class='ocrx_word' id='word_1_643' title='bbox 3193 2461 3517 2516; x_wconf 73' lang='lat' dir='ltr'><strong>observabitis</strong></span> 
     </span>
    </p>
   </div>
   <div class='ocr_carea' id='block_1_86' title="bbox 1955 2541 3524 2619">
    <p class='ocr_par' dir='ltr' id='par_1_86' title="bbox 1955 2541 3524 2619">
     <span class='ocr_line' id='line_1_86' title="bbox 1955 2541 3524 2619; baseline 0.008 -27"><span class='ocrx_word' id='word_1_644' title='bbox 1955 2555 2068 2592; x_wconf 83' lang='lat' dir='ltr'><strong>eum</strong></span> <span class='ocrx_word' id='word_1_645' title='bbox 2095 2557 2248 2609; x_wconf 86' lang='lat' dir='ltr'><strong>usque</strong></span> <span class='ocrx_word' id='word_1_646' title='bbox 2272 2541 2339 2594; x_wconf 81' lang='lat' dir='ltr'><strong>ad</strong></span> <span class='ocrx_word' id='word_1_647' title='bbox 2363 2541 2504 2596; x_wconf 80' lang='lat' dir='ltr'><strong>XIV</strong></span> <span class='ocrx_word' id='word_1_648' title='bbox 2533 2543 2723 2616; x_wconf 71' lang='lat' dir='ltr'><strong>(Exod.</strong></span> <span class='ocrx_word' id='word_1_649' title='bbox 2751 2546 2835 2600; x_wconf 81' lang='grc'><strong>15.</strong></span> <span class='ocrx_word' id='word_1_650' title='bbox 2864 2547 2954 2619; x_wconf 84' lang='grc' dir='ltr'><strong>ϐ);</strong></span> <span class='ocrx_word' id='word_1_651' title='bbox 2987 2563 3105 2617; x_wconf 69' lang='lat' dir='ltr'><strong>qua:</strong></span> <span class='ocrx_word' id='word_1_652' title='bbox 3129 2563 3268 2605; x_wconf 91' lang='lat' dir='ltr'><strong>nunc</strong></span> <span class='ocrx_word' id='word_1_653' title='bbox 3295 2551 3524 2617; x_wconf 80' lang='lat' dir='ltr'><strong>maxime</strong></span> 
     </span>
    </p>
   </div>
   <div class='ocr_carea' id='block_1_87' title="bbox 1958 2633 3518 2711">
    <p class='ocr_par' dir='ltr' id='par_1_87' title="bbox 1958 2633 3518 2711">
     <span class='ocr_line' id='line_1_87' title="bbox 1958 2633 3518 2711; baseline 0.006 -25"><span class='ocrx_word' id='word_1_654' title='bbox 1958 2633 2191 2688; x_wconf 81' lang='lat' dir='ltr'><strong>Ecclesia</strong></span> <span class='ocrx_word' id='word_1_655' title='bbox 2233 2634 2600 2689; x_wconf 89' lang='lat' dir='ltr'><strong>auctoritatem</strong></span> <span class='ocrx_word' id='word_1_656' title='bbox 2632 2635 2786 2691; x_wconf 89' lang='lat' dir='ltr'><strong>Sedis</strong></span> <span class='ocrx_word' id='word_1_657' title='bbox 2814 2637 3134 2706; x_wconf 70' lang='lat' dir='ltr'><strong>Apostoliea:</strong></span> <span class='ocrx_word' id='word_1_658' title='bbox 3161 2654 3391 2711; x_wconf 90' lang='lat' dir='ltr'><strong>sequens</strong></span> <span class='ocrx_word' id='word_1_659' title='bbox 3421 2643 3518 2696; x_wconf 80' lang='lat' dir='ltr'><strong>ob-</strong></span> 
     </span>
    </p>
   </div>
   <div class='ocr_carea' id='block_1_88' title="bbox 1955 2726 3517 2801">
    <p class='ocr_par' dir='ltr' id='par_1_88' title="bbox 1955 2726 3517 2801">
     <span class='ocr_line' id='line_1_88' title="bbox 1955 2726 3517 2801; baseline 0.006 -22"><span class='ocrx_word' id='word_1_660' title='bbox 1955 2734 2152 2780; x_wconf 87' lang='lat' dir='ltr'><strong>servat.</strong></span> <span class='ocrx_word' id='word_1_661' title='bbox 2179 2726 2281 2781; x_wconf 89' lang='lat' dir='ltr'><strong>Sed</strong></span> <span class='ocrx_word' id='word_1_662' title='bbox 2311 2727 2426 2782; x_wconf 74' lang='lat' dir='ltr'><strong>haec</strong></span> <span class='ocrx_word' id='word_1_663' title='bbox 2451 2727 2783 2792; x_wconf 85' lang='lat' dir='ltr'><strong>deserentes,</strong></span> <span class='ocrx_word' id='word_1_664' title='bbox 2805 2729 2925 2799; x_wconf 77' lang='lat' dir='ltr'><strong>quia</strong></span> <span class='ocrx_word' id='word_1_665' title='bbox 2955 2746 3057 2785; x_wconf 92' lang='lat' dir='ltr'><strong>non</strong></span> <span class='ocrx_word' id='word_1_666' title='bbox 3086 2741 3168 2786; x_wconf 88' lang='lat' dir='ltr'><strong>est</strong></span> <span class='ocrx_word' id='word_1_667' title='bbox 3197 2733 3353 2801; x_wconf 87' lang='lat' dir='ltr'><strong>hujus</strong></span> <span class='ocrx_word' id='word_1_668' title='bbox 3381 2743 3517 2788; x_wconf 88' lang='lat' dir='ltr'><strong>tem-</strong></span> 
     </span>
    </p>
   </div>
   <div class='ocr_carea' id='block_1_89' title="bbox 1956 2819 3512 2894">
    <p class='ocr_par' dir='ltr' id='par_1_89' title="bbox 1956 2819 3512 2894">
     <span class='ocr_line' id='line_1_89' title="bbox 1956 2819 3512 2894; baseline 0.004 -22"><span class='ocrx_word' id='word_1_669' title='bbox 1956 2819 2098 2888; x_wconf 90' lang='lat' dir='ltr'><strong>poris</strong></span> <span class='ocrx_word' id='word_1_670' title='bbox 2127 2835 2218 2887; x_wconf 88' lang='lat' dir='ltr'><strong>per</strong></span> <span class='ocrx_word' id='word_1_671' title='bbox 2242 2819 2444 2888; x_wconf 83' lang='lat' dir='ltr'><strong>singula</strong></span> <span class='ocrx_word' id='word_1_672' title='bbox 2465 2819 2678 2886; x_wconf 88' lang='lat' dir='ltr'><strong>discuti,</strong></span> <span class='ocrx_word' id='word_1_673' title='bbox 2705 2820 2771 2874; x_wconf 90' lang='lat' dir='ltr'><strong>ad</strong></span> <span class='ocrx_word' id='word_1_674' title='bbox 2795 2820 3085 2889; x_wconf 77' lang='lat' dir='ltr'><strong>Spiritalem</strong></span> <span class='ocrx_word' id='word_1_675' title='bbox 3114 2823 3512 2894; x_wconf 84' lang='lat' dir='ltr'><strong>intelligentiam</strong></span> 
     </span>
    </p>
   </div>
   <div class='ocr_carea' id='block_1_90' title="bbox 1955 2904 3518 2981">
    <p class='ocr_par' dir='ltr' id='par_1_90' title="bbox 1955 2904 3518 2981">
     <span class='ocr_line' id='line_1_90' title="bbox 1955 2904 3518 2981; baseline 0.006 -22"><span class='ocrx_word' id='word_1_676' title='bbox 1955 2908 2149 2961; x_wconf 89' lang='lat' dir='ltr'><strong>mentis</strong></span> <span class='ocrx_word' id='word_1_677' title='bbox 2167 2907 2335 2962; x_wconf 89' lang='lat' dir='ltr'><strong>aciem</strong></span> <span class='ocrx_word' id='word_1_678' title='bbox 2358 2918 2766 2972; x_wconf 88' lang='lat' dir='ltr'><strong>commutamus,</strong></span> <span class='ocrx_word' id='word_1_679' title='bbox 2791 2905 2984 2979; x_wconf 83' lang='lat' dir='ltr'><strong>quibus</strong></span> <span class='ocrx_word' id='word_1_680' title='bbox 3009 2904 3315 2981; x_wconf 64' lang='lat' dir='ltr'><strong>praecipitur</strong></span> <span class='ocrx_word' id='word_1_681' title='bbox 3334 2929 3518 2968; x_wconf 88' lang='lat' dir='ltr'><strong>mense</strong></span> 
     </span>
    </p>
   </div>
   <div class='ocr_carea' id='block_1_91' title="bbox 1955 2995 3519 3073">
    <p class='ocr_par' dir='ltr' id='par_1_91' title="bbox 1955 2995 3519 3073">
     <span class='ocr_line' id='line_1_91' title="bbox 1955 2995 3519 3073; baseline 0.007 -23"><span class='ocrx_word' id='word_1_682' title='bbox 1955 3013 2208 3053; x_wconf 90' lang='lat' dir='ltr'><strong>novorum</strong></span> <span class='ocrx_word' id='word_1_683' title='bbox 2236 2995 2374 3052; x_wconf 85' lang='lat' dir='ltr'><strong>XIV.</strong></span> <span class='ocrx_word' id='word_1_684' title='bbox 2399 2999 2485 3053; x_wconf 90' lang='lat' dir='ltr'><strong>die</strong></span> <span class='ocrx_word' id='word_1_685' title='bbox 2523 2999 2722 3053; x_wconf 89' lang='lat' dir='ltr'><strong>mensis</strong></span> <span class='ocrx_word' id='word_1_686' title='bbox 2777 3001 3044 3070; x_wconf 86' lang='lat' dir='ltr'><strong>paschalis</strong></span> <span class='ocrx_word' id='word_1_687' title='bbox 3066 3003 3184 3073; x_wconf 91' lang='lat' dir='ltr'><strong>agni</strong></span> <span class='ocrx_word' id='word_1_688' title='bbox 3211 3013 3400 3060; x_wconf 86' lang='lat' dir='ltr'><strong>carnes</strong></span> <span class='ocrx_word' id='word_1_689' title='bbox 3429 3021 3519 3061; x_wconf 90' lang='lat' dir='ltr'><strong>co-</strong></span> 
     </span>
    </p>
   </div>
   <div class='ocr_carea' id='block_1_92' title="bbox 1957 3085 3513 3165">
    <p class='ocr_par' dir='ltr' id='par_1_92' title="bbox 1957 3085 3513 3165">
     <span class='ocr_line' id='line_1_92' title="bbox 1957 3085 3513 3165; baseline 0.006 -24"><span class='ocrx_word' id='word_1_690' title='bbox 1957 3088 2203 3152; x_wconf 85' lang='lat' dir='ltr'><strong>medere,</strong></span> <span class='ocrx_word' id='word_1_691' title='bbox 2233 3099 2288 3143; x_wconf 90' lang='lat' dir='ltr'><strong>nt</strong></span> <span class='ocrx_word' id='word_1_692' title='bbox 2315 3088 2468 3143; x_wconf 87' lang='lat' dir='ltr'><strong>nobis</strong></span> <span class='ocrx_word' id='word_1_693' title='bbox 2494 3090 2836 3146; x_wconf 88' lang='lat' dir='ltr'><strong>nascentibus</strong></span> <span class='ocrx_word' id='word_1_694' title='bbox 2881 3091 2949 3146; x_wconf 91' lang='lat' dir='ltr'><strong>ob</strong></span> <span class='ocrx_word' id='word_1_695' title='bbox 2992 3085 3250 3148; x_wconf 87' lang='lat' dir='ltr'><strong>bonorum</strong></span> <span class='ocrx_word' id='word_1_696' title='bbox 3294 3110 3513 3165; x_wconf 77' lang='lat' dir='ltr'><strong>cperunt</strong></span> 
     </span>
    </p>
   </div>
   <div class='ocr_carea' id='block_1_93' title="bbox 1957 3175 3513 3256">
    <p class='ocr_par' dir='ltr' id='par_1_93' title="bbox 1957 3175 3513 3256">
     <span class='ocr_line' id='line_1_93' title="bbox 1957 3175 3513 3256; baseline 0.007 -24"><span class='ocrx_word' id='word_1_697' title='bbox 1957 3179 2176 3246; x_wconf 85' lang='lat' dir='ltr'><strong>fructus,</strong></span> <span class='ocrx_word' id='word_1_698' title='bbox 2200 3195 2318 3234; x_wconf 92' lang='lat' dir='ltr'><strong>cum</strong></span> <span class='ocrx_word' id='word_1_699' title='bbox 2345 3175 2592 3252; x_wconf 85' lang='lat' dir='ltr'><strong>Deealogi</strong></span> <span class='ocrx_word' id='word_1_700' title='bbox 2609 3198 2639 3234; x_wconf 89' lang='lat' dir='ltr'><strong>a</strong></span> <span class='ocrx_word' id='word_1_701' title='bbox 2665 3182 2816 3238; x_wconf 89' lang='lat' dir='ltr'><strong>nobis</strong></span> <span class='ocrx_word' id='word_1_702' title='bbox 2839 3177 2997 3239; x_wconf 82' lang='lat' dir='ltr'><strong>verba</strong></span> <span class='ocrx_word' id='word_1_703' title='bbox 3014 3180 3277 3256; x_wconf 89' lang='lat' dir='ltr'><strong>completa</strong></span> <span class='ocrx_word' id='word_1_704' title='bbox 3300 3187 3513 3254; x_wconf 77' lang='lat' dir='ltr'><strong>fuerint,</strong></span> 
     </span>
    </p>
   </div>
   <div class='ocr_carea' id='block_1_94' title="bbox 1955 3265 3514 3341">
    <p class='ocr_par' dir='ltr' id='par_1_94' title="bbox 1955 3265 3514 3341">
     <span class='ocr_line' id='line_1_94' title="bbox 1955 3265 3514 3341; baseline 0.008 -20"><span class='ocrx_word' id='word_1_705' title='bbox 1955 3269 2005 3322; x_wconf 93' lang='lat' dir='ltr'><strong>in</strong></span> <span class='ocrx_word' id='word_1_706' title='bbox 2035 3265 2308 3340; x_wconf 81' lang='lat' dir='ltr'><strong>Evangelii</strong></span> <span class='ocrx_word' id='word_1_707' title='bbox 2338 3269 2659 3340; x_wconf 81' lang='lat' dir='ltr'><strong>perfectione</strong></span> <span class='ocrx_word' id='word_1_708' title='bbox 2685 3283 2945 3341; x_wconf 87' lang='lat' dir='ltr'><strong>quaterno</strong></span> <span class='ocrx_word' id='word_1_709' title='bbox 2971 3291 3194 3332; x_wconf 90' lang='lat' dir='ltr'><strong>numero</strong></span> <span class='ocrx_word' id='word_1_710' title='bbox 3219 3279 3514 3334; x_wconf 54' lang='lat' dir='ltr'><strong>consistens-</strong></span> 
     </span>
    </p>
   </div>
   <div class='ocr_carea' id='block_1_95' title="bbox 1955 3361 3517 3438">
    <p class='ocr_par' dir='ltr' id='par_1_95' title="bbox 1955 3361 3517 3438">
     <span class='ocr_line' id='line_1_95' title="bbox 1955 3361 3517 3438; baseline 0.007 -26"><span class='ocrx_word' id='word_1_711' title='bbox 1955 3370 2031 3413; x_wconf 91' lang='lat' dir='ltr'><strong>tes</strong></span> <span class='ocrx_word' id='word_1_712' title='bbox 2055 3375 2242 3416; x_wconf 87' lang='lat' dir='ltr'><strong>carnes</strong></span> <span class='ocrx_word' id='word_1_713' title='bbox 2267 3361 2433 3414; x_wconf 91' lang='lat' dir='ltr'><strong>nostri</strong></span> <span class='ocrx_word' id='word_1_714' title='bbox 2460 3361 2579 3430; x_wconf 85' lang='lat' dir='ltr'><strong>agni</strong></span> <span class='ocrx_word' id='word_1_715' title='bbox 2608 3361 2659 3415; x_wconf 90' lang='lat' dir='ltr'><strong>in</strong></span> <span class='ocrx_word' id='word_1_716' title='bbox 2703 3374 2924 3432; x_wconf 87' lang='lat' dir='ltr'><strong>vespere</strong></span> <span class='ocrx_word' id='word_1_717' title='bbox 2952 3361 3154 3432; x_wconf 87' lang='lat' dir='ltr'><strong>mundi,</strong></span> <span class='ocrx_word' id='word_1_718' title='bbox 3180 3367 3230 3420; x_wconf 93' lang='lat' dir='ltr'><strong>in</strong></span> <span class='ocrx_word' id='word_1_719' title='bbox 3260 3383 3367 3438; x_wconf 88' lang='lat' dir='ltr'><strong>quo</strong></span> <span class='ocrx_word' id='word_1_720' title='bbox 3397 3367 3517 3423; x_wconf 88' lang='lat' dir='ltr'><strong>ﬁnis</strong></span> 
     </span>
    </p>
   </div>
   <div class='ocr_carea' id='block_1_96' title="bbox 1952 3447 3515 3529">
    <p class='ocr_par' dir='ltr' id='par_1_96' title="bbox 1952 3447 3515 3529">
     <span class='ocr_line' id='line_1_96' title="bbox 1952 3447 3515 3529; baseline 0.007 -26"><span class='ocrx_word' id='word_1_721' title='bbox 1952 3452 2266 3504; x_wconf 57' lang='lat' dir='ltr'><strong>seculorum</strong></span> <span class='ocrx_word' id='word_1_722' title='bbox 2313 3452 2588 3520; x_wconf 86' lang='lat' dir='ltr'><strong>pervenit,</strong></span> <span class='ocrx_word' id='word_1_723' title='bbox 2622 3466 2725 3506; x_wconf 92' lang='lat' dir='ltr'><strong>non</strong></span> <span class='ocrx_word' id='word_1_724' title='bbox 2761 3453 3051 3510; x_wconf 86' lang='lat' dir='ltr'><strong>tenebratis</strong></span> <span class='ocrx_word' id='word_1_725' title='bbox 3077 3447 3329 3511; x_wconf 85' lang='lat' dir='ltr'><strong>cordibus</strong></span> <span class='ocrx_word' id='word_1_726' title='bbox 3349 3501 3363 3523; x_wconf 93' lang='lat'><strong>,</strong></span> <span class='ocrx_word' id='word_1_727' title='bbox 3393 3459 3515 3529; x_wconf 87' lang='lat' dir='ltr'><strong>Spi-</strong></span> 
     </span>
    </p>
   </div>
   <div class='ocr_carea' id='block_1_97' title="bbox 1950 3541 3512 3608">
    <p class='ocr_par' dir='ltr' id='par_1_97' title="bbox 1950 3541 3512 3608">
     <span class='ocr_line' id='line_1_97' title="bbox 1950 3541 3512 3608; baseline 0.006 -14"><span class='ocrx_word' id='word_1_728' title='bbox 1950 3543 2052 3595; x_wconf 90' lang='lat' dir='ltr'><strong>ritu</strong></span> <span class='ocrx_word' id='word_1_729' title='bbox 2079 3541 2274 3596; x_wconf 89' lang='lat' dir='ltr'><strong>Sancto</strong></span> <span class='ocrx_word' id='word_1_730' title='bbox 2295 3549 2503 3596; x_wconf 91' lang='lat' dir='ltr'><strong>noctem</strong></span> <span class='ocrx_word' id='word_1_731' title='bbox 2531 3552 2762 3595; x_wconf 89' lang='lat' dir='ltr'><strong>nostram</strong></span> <span class='ocrx_word' id='word_1_732' title='bbox 2783 3542 3128 3608; x_wconf 85' lang='lat' dir='ltr'><strong>illuminante,</strong></span> <span class='ocrx_word' id='word_1_733' title='bbox 3151 3548 3512 3604; x_wconf 83' lang='lat' dir='ltr'><strong>comedamus.</strong></span> 
     </span>
    </p>
   </div>
   <div class='ocr_carea' id='block_1_98' title="bbox 2021 3629 3512 3707">
    <p class='ocr_par' dir='ltr' id='par_1_98' title="bbox 2021 3629 3512 3707">
     <span class='ocr_line' id='line_1_98' title="bbox 2021 3629 3512 3707; baseline 0.005 -23"><span class='ocrx_word' id='word_1_734' title='bbox 2021 3633 2074 3685; x_wconf 66' lang='lat'><strong>4.</strong></span> <span class='ocrx_word' id='word_1_735' title='bbox 2121 3633 2195 3686; x_wconf 92' lang='lat' dir='ltr'><strong>De</strong></span> <span class='ocrx_word' id='word_1_736' title='bbox 2223 3631 2455 3686; x_wconf 90' lang='lat' dir='ltr'><strong>Sabbato</strong></span> <span class='ocrx_word' id='word_1_737' title='bbox 2474 3673 2488 3696; x_wconf 92' lang='lat'><strong>,</strong></span> <span class='ocrx_word' id='word_1_738' title='bbox 2517 3643 2573 3685; x_wconf 89' lang='lat' dir='ltr'><strong>et</strong></span> <span class='ocrx_word' id='word_1_739' title='bbox 2597 3629 2685 3685; x_wconf 93' lang='lat' dir='ltr'><strong>VI.</strong></span> <span class='ocrx_word' id='word_1_740' title='bbox 2716 3631 2901 3686; x_wconf 90' lang='lat' dir='ltr'><strong>diebus</strong></span> <span class='ocrx_word' id='word_1_741' title='bbox 2929 3636 3137 3702; x_wconf 84' lang='lat' dir='ltr'><strong>Operari</strong></span> <span class='ocrx_word' id='word_1_742' title='bbox 3168 3633 3471 3707; x_wconf 83' lang='lat' dir='ltr'><strong>praecipitur</strong></span> <span class='ocrx_word' id='word_1_743' title='bbox 3497 3656 3512 3703; x_wconf 87' lang='lat'>;</span> 
     </span>
    </p>
   </div>
   <div class='ocr_carea' id='block_1_99' title="bbox 1955 3719 3517 3794">
    <p class='ocr_par' dir='ltr' id='par_1_99' title="bbox 1955 3719 3517 3794">
     <span class='ocr_line' id='line_1_99' title="bbox 1955 3719 3517 3794; baseline 0.005 -20"><span class='ocrx_word' id='word_1_744' title='bbox 1955 3722 2008 3775; x_wconf 94' lang='lat' dir='ltr'><strong>in</strong></span> <span class='ocrx_word' id='word_1_745' title='bbox 2032 3721 2146 3776; x_wconf 84' lang='lat' dir='ltr'><strong>VII.</strong></span> <span class='ocrx_word' id='word_1_746' title='bbox 2177 3731 2356 3775; x_wconf 90' lang='lat' dir='ltr'><strong>autem</strong></span> <span class='ocrx_word' id='word_1_747' title='bbox 2385 3721 2485 3774; x_wconf 89' lang='lat' dir='ltr'><strong>hoc</strong></span> <span class='ocrx_word' id='word_1_748' title='bbox 2515 3727 2596 3774; x_wconf 90' lang='lat' dir='ltr'><strong>est</strong></span> <span class='ocrx_word' id='word_1_749' title='bbox 2621 3719 2854 3775; x_wconf 81' lang='lat' dir='ltr'><strong>Sabbato</strong></span> <span class='ocrx_word' id='word_1_750' title='bbox 2873 3763 2886 3786; x_wconf 94' lang='lat'><strong>,</strong></span> <span class='ocrx_word' id='word_1_751' title='bbox 2931 3722 2998 3776; x_wconf 90' lang='lat' dir='ltr'><strong>ab</strong></span> <span class='ocrx_word' id='word_1_752' title='bbox 3037 3726 3180 3778; x_wconf 89' lang='lat' dir='ltr'><strong>omni</strong></span> <span class='ocrx_word' id='word_1_753' title='bbox 3208 3739 3371 3794; x_wconf 90' lang='lat' dir='ltr'><strong>opere</strong></span> <span class='ocrx_word' id='word_1_754' title='bbox 3396 3739 3517 3782; x_wconf 78' lang='lat' dir='ltr'><strong>ser-</strong></span> 
     </span>
    </p>
   </div>
   <div class='ocr_carea' id='block_1_100' title="bbox 1953 3801 3519 3887">
    <p class='ocr_par' dir='ltr' id='par_1_100' title="bbox 1953 3801 3519 3887">
     <span class='ocr_line' id='line_1_100' title="bbox 1953 3801 3519 3887; baseline 0.004 -22"><span class='ocrx_word' id='word_1_755' title='bbox 1953 3814 2041 3867; x_wconf 86' lang='lat' dir='ltr'><strong>vili</strong></span> <span class='ocrx_word' id='word_1_756' title='bbox 2075 3801 2432 3881; x_wconf 85' lang='lat' dir='ltr'><strong>prohibcmur.</strong></span> <span class='ocrx_word' id='word_1_757' title='bbox 2472 3805 2575 3867; x_wconf 80' lang='lat' dir='ltr'><strong>Per</strong></span> <span class='ocrx_word' id='word_1_758' title='bbox 2601 3805 2869 3866; x_wconf 78' lang='lat' dir='ltr'><strong>senarium</strong></span> <span class='ocrx_word' id='word_1_759' title='bbox 2897 3824 3071 3869; x_wconf 85' lang='lat' dir='ltr'><strong>autem</strong></span> <span class='ocrx_word' id='word_1_760' title='bbox 3103 3827 3376 3870; x_wconf 88' lang='lat' dir='ltr'><strong>numerum</strong></span> <span class='ocrx_word' id='word_1_761' title='bbox 3402 3835 3519 3887; x_wconf 86' lang='lat' dir='ltr'><strong>pcr-</strong></span> 
     </span>
    </p>
   </div>
   <div class='ocr_carea' id='block_1_101' title="bbox 1953 3903 3518 3974">
    <p class='ocr_par' dir='ltr' id='par_1_101' title="bbox 1953 3903 3518 3974">
     <span class='ocr_line' id='line_1_101' title="bbox 1953 3903 3518 3974; baseline 0.004 -19"><span class='ocrx_word' id='word_1_762' title='bbox 1953 3903 2112 3958; x_wconf 75' lang='lat' dir='ltr'><strong>fectio</strong></span> <span class='ocrx_word' id='word_1_763' title='bbox 2139 3916 2361 3972; x_wconf 89' lang='lat' dir='ltr'><strong>operum</strong></span> <span class='ocrx_word' id='word_1_764' title='bbox 2391 3904 2719 3973; x_wconf 87' lang='lat' dir='ltr'><strong>designatur,</strong></span> <span class='ocrx_word' id='word_1_765' title='bbox 2753 3907 2873 3974; x_wconf 91' lang='lat' dir='ltr'><strong>quia</strong></span> <span class='ocrx_word' id='word_1_766' title='bbox 2905 3905 2991 3960; x_wconf 77' lang='lat' dir='ltr'><strong>\‘I.</strong></span> <span class='ocrx_word' id='word_1_767' title='bbox 3024 3907 3211 3962; x_wconf 89' lang='lat' dir='ltr'><strong>diebus</strong></span> <span class='ocrx_word' id='word_1_768' title='bbox 3256 3908 3377 3962; x_wconf 90' lang='lat' dir='ltr'><strong>fecit</strong></span> <span class='ocrx_word' id='word_1_769' title='bbox 3417 3905 3518 3964; x_wconf 84' lang='lat' dir='ltr'><strong>Do-</strong></span> 
     </span>
    </p>
   </div>
   <div class='ocr_carea' id='block_1_102' title="bbox 1953 3994 3516 4057">
    <p class='ocr_par' dir='ltr' id='par_1_102' title="bbox 1953 3994 3516 4057">
     <span class='ocr_line' id='line_1_102' title="bbox 1953 3994 3516 4057; baseline 0.006 -10"><span class='ocrx_word' id='word_1_770' title='bbox 1953 3996 2127 4049; x_wconf 88' lang='lat' dir='ltr'><strong>minus</strong></span> <span class='ocrx_word' id='word_1_771' title='bbox 2163 3994 2358 4050; x_wconf 74' lang='lat' dir='ltr'><strong>ctelum</strong></span> <span class='ocrx_word' id='word_1_772' title='bbox 2406 4005 2462 4048; x_wconf 89' lang='lat' dir='ltr'><strong>et</strong></span> <span class='ocrx_word' id='word_1_773' title='bbox 2505 4004 2724 4049; x_wconf 87' lang='lat' dir='ltr'><strong>terram.</strong></span> <span class='ocrx_word' id='word_1_774' title='bbox 2765 3995 2820 4049; x_wconf 93' lang='lat' dir='ltr'><strong>In</strong></span> <span class='ocrx_word' id='word_1_775' title='bbox 2866 3994 3097 4051; x_wconf 84' lang='lat' dir='ltr'><strong>Sabbato</strong></span> <span class='ocrx_word' id='word_1_776' title='bbox 3139 4007 3314 4053; x_wconf 89' lang='lat' dir='ltr'><strong>autem</strong></span> <span class='ocrx_word' id='word_1_777' title='bbox 3356 4014 3516 4057; x_wconf 89' lang='lat' dir='ltr'><strong>omne</strong></span> 
     </span>
    </p>
   </div>
   <div class='ocr_carea' id='block_1_103' title="bbox 1951 4083 3514 4159">
    <p class='ocr_par' dir='ltr' id='par_1_103' title="bbox 1951 4083 3514 4159">
     <span class='ocr_line' id='line_1_103' title="bbox 1951 4083 3514 4159; baseline 0.006 -22"><span class='ocrx_word' id='word_1_778' title='bbox 1951 4100 2085 4156; x_wconf 88' lang='lat' dir='ltr'><strong>opus</strong></span> <span class='ocrx_word' id='word_1_779' title='bbox 2109 4086 2318 4150; x_wconf 82' lang='lat' dir='ltr'><strong>servile,</strong></span> <span class='ocrx_word' id='word_1_780' title='bbox 2353 4084 2455 4140; x_wconf 93' lang='lat' dir='ltr'><strong>hoc</strong></span> <span class='ocrx_word' id='word_1_781' title='bbox 2479 4095 2559 4138; x_wconf 89' lang='lat' dir='ltr'><strong>est</strong></span> <span class='ocrx_word' id='word_1_782' title='bbox 2586 4095 2886 4154; x_wconf 88' lang='lat' dir='ltr'><strong>peccatum,</strong></span> <span class='ocrx_word' id='word_1_783' title='bbox 2915 4087 3121 4156; x_wconf 88' lang='lat' dir='ltr'><strong>operari</strong></span> <span class='ocrx_word' id='word_1_784' title='bbox 3149 4083 3514 4159; x_wconf 88' lang='lat' dir='ltr'><strong>prohibemur,</strong></span> 
     </span>
    </p>
   </div>
   <div class='ocr_carea' id='block_1_104' title="bbox 1951 4176 3514 4254">
    <p class='ocr_par' dir='ltr' id='par_1_104' title="bbox 1951 4176 3514 4254">
     <span class='ocr_line' id='line_1_104' title="bbox 1951 4176 3514 4254; baseline 0.008 -30"><span class='ocrx_word' id='word_1_785' title='bbox 1951 4177 2070 4244; x_wconf 90' lang='lat' dir='ltr'><strong>quia</strong></span> <span class='ocrx_word' id='word_1_786' title='bbox 2088 4177 2174 4245; x_wconf 83' lang='lat' dir='ltr'><strong>qui</strong></span> <span class='ocrx_word' id='word_1_787' title='bbox 2192 4176 2312 4247; x_wconf 78' lang='lat' dir='ltr'><strong>facit</strong></span> <span class='ocrx_word' id='word_1_788' title='bbox 2334 4185 2609 4245; x_wconf 83' lang='lat' dir='ltr'><strong>peccatum,</strong></span> <span class='ocrx_word' id='word_1_789' title='bbox 2631 4189 2805 4230; x_wconf 77' lang='lat' dir='ltr'><strong>servus</strong></span> <span class='ocrx_word' id='word_1_790' title='bbox 2825 4188 2896 4230; x_wconf 83' lang='lat' dir='ltr'><strong>est</strong></span> <span class='ocrx_word' id='word_1_791' title='bbox 2915 4180 3104 4247; x_wconf 78' lang='lat' dir='ltr'><strong>peccati</strong></span> <span class='ocrx_word' id='word_1_792' title='bbox 3122 4179 3302 4249; x_wconf 81' lang='lat' dir='ltr'><strong>(Joan.</strong></span> <span class='ocrx_word' id='word_1_793' title='bbox 3325 4182 3378 4238; x_wconf 88' lang='lat'><strong>8.</strong></span> <span class='ocrx_word' id='word_1_794' title='bbox 3403 4180 3514 4254; x_wconf 73' lang='grc'><strong>54),</strong></span> 
     </span>
    </p>
   </div>
   <div class='ocr_carea' id='block_1_105' title="bbox 1953 4267 3514 4344">
    <p class='ocr_par' dir='ltr' id='par_1_105' title="bbox 1953 4267 3514 4344">
     <span class='ocr_line' id='line_1_105' title="bbox 1953 4267 3514 4344; baseline 0.007 -24"><span class='ocrx_word' id='word_1_795' title='bbox 1953 4275 2012 4320; x_wconf 81' lang='grc' dir='ltr'><strong>ιιι</strong></span> <span class='ocrx_word' id='word_1_796' title='bbox 2061 4281 2180 4321; x_wconf 91' lang='lat' dir='ltr'><strong>cmn</strong></span> <span class='ocrx_word' id='word_1_797' title='bbox 2240 4267 2292 4320; x_wconf 92' lang='lat' dir='ltr'><strong>In</strong></span> <span class='ocrx_word' id='word_1_798' title='bbox 2341 4267 2585 4336; x_wconf 66' lang='lat' dir='ltr'><strong>praesenti</strong></span> <span class='ocrx_word' id='word_1_799' title='bbox 2633 4268 2826 4322; x_wconf 66' lang='lat' dir='ltr'><strong>saeculo</strong></span> <span class='ocrx_word' id='word_1_800' title='bbox 2875 4269 3251 4338; x_wconf 79' lang='lat' dir='ltr'><strong>perfectionem</strong></span> <span class='ocrx_word' id='word_1_801' title='bbox 3294 4289 3514 4344; x_wconf 87' lang='lat' dir='ltr'><strong>operum</strong></span> 
     </span>
    </p>
   </div>
   <div class='ocr_carea' id='block_1_106' title="bbox 1951 4357 3515 4427">
    <p class='ocr_par' dir='ltr' id='par_1_106' title="bbox 1951 4357 3515 4427">
     <span class='ocr_line' id='line_1_106' title="bbox 1951 4357 3515 4427; baseline 0.005 -15"><span class='ocrx_word' id='word_1_802' title='bbox 1951 4358 2396 4427; x_wconf 84' lang='lat' dir='ltr'><strong>compleverimus</strong></span> <span class='ocrx_word' id='word_1_803' title='bbox 2417 4399 2432 4425; x_wconf 93' lang='lat'><strong>,</strong></span> <span class='ocrx_word' id='word_1_804' title='bbox 2466 4369 2570 4412; x_wconf 86' lang='lat' dir='ltr'><strong>non</strong></span> <span class='ocrx_word' id='word_1_805' title='bbox 2601 4357 2922 4414; x_wconf 89' lang='lat' dir='ltr'><strong>obdurantes</strong></span> <span class='ocrx_word' id='word_1_806' title='bbox 2947 4361 3106 4416; x_wconf 87' lang='lat' dir='ltr'><strong>corda</strong></span> <span class='ocrx_word' id='word_1_807' title='bbox 3134 4374 3310 4417; x_wconf 88' lang='lat' dir='ltr'><strong>nostra</strong></span> <span class='ocrx_word' id='word_1_808' title='bbox 3343 4367 3392 4419; x_wconf 91' lang='lat' dir='ltr'><strong>in</strong></span> <span class='ocrx_word' id='word_1_809' title='bbox 3423 4381 3515 4420; x_wconf 88' lang='lat' dir='ltr'><strong>ve-</strong></span> 
     </span>
    </p>
   </div>
   <div class='ocr_carea' id='block_1_107' title="bbox 1952 4449 3512 4526">
    <p class='ocr_par' dir='ltr' id='par_1_107' title="bbox 1952 4449 3512 4526">
     <span class='ocr_line' id='line_1_107' title="bbox 1952 4449 3512 4526; baseline 0.004 -23"><span class='ocrx_word' id='word_1_810' title='bbox 1952 4464 2064 4503; x_wconf 84' lang='lat' dir='ltr'><strong>ram</strong></span> <span class='ocrx_word' id='word_1_811' title='bbox 2093 4449 2331 4518; x_wconf 89' lang='lat' dir='ltr'><strong>requiem</strong></span> <span class='ocrx_word' id='word_1_812' title='bbox 2356 4491 2372 4516; x_wconf 94' lang='lat'><strong>,</strong></span> <span class='ocrx_word' id='word_1_813' title='bbox 2401 4462 2520 4520; x_wconf 70' lang='lat' dir='ltr'><strong>qua:</strong></span> <span class='ocrx_word' id='word_1_814' title='bbox 2544 4452 2945 4506; x_wconf 87' lang='lat' dir='ltr'><strong>contumacibus</strong></span> <span class='ocrx_word' id='word_1_815' title='bbox 2969 4453 3225 4524; x_wconf 83' lang='lat' dir='ltr'><strong>denegata</strong></span> <span class='ocrx_word' id='word_1_816' title='bbox 3255 4467 3356 4520; x_wconf 69' lang='grc' dir='ltr'><strong>ρει,</strong></span> <span class='ocrx_word' id='word_1_817' title='bbox 3389 4473 3512 4526; x_wconf 67' lang='lat' dir='ltr'><strong>pur-</strong></span> 
     </span>
    </p>
   </div>
   <div class='ocr_carea' id='block_1_108' title="bbox 1950 4539 3533 4620">
    <p class='ocr_par' dir='ltr' id='par_1_108' title="bbox 1950 4539 3533 4620">
     <span class='ocr_line' id='line_1_108' title="bbox 1950 4539 3533 4620; baseline 0.007 -29"><span class='ocrx_word' id='word_1_818' title='bbox 1950 4539 2134 4594; x_wconf 88' lang='lat' dir='ltr'><strong>venire</strong></span> <span class='ocrx_word' id='word_1_819' title='bbox 2151 4553 2452 4595; x_wconf 88' lang='lat' dir='ltr'><strong>mereamur</strong></span> <span class='ocrx_word' id='word_1_820' title='bbox 2471 4539 2694 4593; x_wconf 91' lang='lat' dir='ltr'><strong>Domino</strong></span> <span class='ocrx_word' id='word_1_821' title='bbox 2711 4554 2806 4610; x_wconf 89' lang='lat' dir='ltr'><strong>per</strong></span> <span class='ocrx_word' id='word_1_822' title='bbox 2826 4541 2985 4595; x_wconf 87' lang='lat' dir='ltr'><strong>David</strong></span> <span class='ocrx_word' id='word_1_823' title='bbox 3011 4540 3220 4598; x_wconf 88' lang='lat' dir='ltr'><strong>dicente</strong></span> <span class='ocrx_word' id='word_1_824' title='bbox 3242 4563 3254 4597; x_wconf 92' lang='lat'><strong>:</strong></span> <span class='ocrx_word' id='word_1_825' title='bbox 3277 4544 3338 4599; x_wconf 85' lang='lat' dir='ltr'><strong>Si</strong></span> <span class='ocrx_word' id='word_1_826' title='bbox 3353 4546 3533 4620; x_wconf 2' lang='lat' dir='ltr'><strong>intra-1</strong></span> 
     </span>
    </p>
   </div>
   <div class='ocr_carea' id='block_1_109' title="bbox 1949 4629 3516 4707">
    <p class='ocr_par' dir='ltr' id='par_1_109' title="bbox 1949 4629 3516 4707">
     <span class='ocr_line' id='line_1_109' title="bbox 1949 4629 3516 4707; baseline 0.006 -24"><span class='ocrx_word' id='word_1_827' title='bbox 1949 4631 2069 4684; x_wconf 81' lang='lat' dir='ltr'><strong>bunt</strong></span> <span class='ocrx_word' id='word_1_828' title='bbox 2095 4632 2147 4684; x_wconf 85' lang='lat' dir='ltr'><strong>in</strong></span> <span class='ocrx_word' id='word_1_829' title='bbox 2175 4632 2394 4701; x_wconf 76' lang='lat' dir='ltr'><strong>requiem</strong></span> <span class='ocrx_word' id='word_1_830' title='bbox 2419 4647 2578 4684; x_wconf 86' lang='lat' dir='ltr'><strong>meam</strong></span> <span class='ocrx_word' id='word_1_831' title='bbox 2602 4629 2718 4702; x_wconf 85' lang='lat' dir='ltr'><strong>(Ps.</strong></span> <span class='ocrx_word' id='word_1_832' title='bbox 2746 4632 2831 4687; x_wconf 59' lang='grc' dir='ltr'><strong>ἐξ).</strong></span> <span class='ocrx_word' id='word_1_833' title='bbox 2853 4633 2964 4702; x_wconf 84' lang='lat' dir='ltr'><strong>II).</strong></span> <span class='ocrx_word' id='word_1_834' title='bbox 2991 4633 3062 4687; x_wconf 91' lang='lat' dir='ltr'><strong>De</strong></span> <span class='ocrx_word' id='word_1_835' title='bbox 3083 4635 3516 4707; x_wconf 84' lang='lat' dir='ltr'><strong>quinquagesimo</strong></span> 
     </span>
    </p>
   </div>
   <div class='ocr_carea' id='block_1_110' title="bbox 1950 4721 3514 4796">
    <p class='ocr_par' dir='ltr' id='par_1_110' title="bbox 1950 4721 3514 4796">
     <span class='ocr_line' id='line_1_110' title="bbox 1950 4721 3514 4796; baseline 0.005 -23"><span class='ocrx_word' id='word_1_836' title='bbox 1950 4722 2017 4774; x_wconf 89' lang='lat' dir='ltr'><strong>ab</strong></span> <span class='ocrx_word' id='word_1_837' title='bbox 2040 4721 2210 4776; x_wconf 88' lang='lat' dir='ltr'><strong>altero</strong></span> <span class='ocrx_word' id='word_1_838' title='bbox 2256 4722 2342 4776; x_wconf 91' lang='lat' dir='ltr'><strong>die</strong></span> <span class='ocrx_word' id='word_1_839' title='bbox 2379 4721 2597 4776; x_wconf 89' lang='lat' dir='ltr'><strong>Sabbati</strong></span> <span class='ocrx_word' id='word_1_840' title='bbox 2643 4721 2753 4776; x_wconf 86' lang='lat' dir='ltr'><strong>VII.</strong></span> <span class='ocrx_word' id='word_1_841' title='bbox 2793 4721 3152 4780; x_wconf 85' lang='lat' dir='ltr'><strong>hebdomadas</strong></span> <span class='ocrx_word' id='word_1_842' title='bbox 3187 4727 3372 4796; x_wconf 89' lang='lat' dir='ltr'><strong>plenas</strong></span> <span class='ocrx_word' id='word_1_843' title='bbox 3414 4745 3514 4782; x_wconf 70' lang='lat' dir='ltr'><strong>nu.</strong></span> 
     </span>
    </p>
   </div>
   <div class='ocr_carea' id='block_1_111' title="bbox 1951 4813 3512 4886">
    <p class='ocr_par' dir='ltr' id='par_1_111' title="bbox 1951 4813 3512 4886">
     <span class='ocr_line' id='line_1_111' title="bbox 1951 4813 3512 4886; baseline 0.006 -21"><span class='ocrx_word' id='word_1_844' title='bbox 1951 4827 2160 4866; x_wconf 89' lang='lat' dir='ltr'><strong>merare</strong></span> <span class='ocrx_word' id='word_1_845' title='bbox 2185 4814 2338 4866; x_wconf 86' lang='lat' dir='ltr'><strong>nobis</strong></span> <span class='ocrx_word' id='word_1_846' title='bbox 2390 4813 2506 4881; x_wconf 82' lang='lat' dir='ltr'><strong>lege</strong></span> <span class='ocrx_word' id='word_1_847' title='bbox 2530 4815 2833 4884; x_wconf 72' lang='lat' dir='ltr'><strong>prmcipitur</strong></span> <span class='ocrx_word' id='word_1_848' title='bbox 2854 4831 3018 4886; x_wconf 76' lang='lat' dir='ltr'><strong>usque</strong></span> <span class='ocrx_word' id='word_1_849' title='bbox 3041 4817 3106 4872; x_wconf 76' lang='lat' dir='ltr'><strong>rd</strong></span> <span class='ocrx_word' id='word_1_850' title='bbox 3127 4819 3345 4873; x_wconf 86' lang='lat' dir='ltr'><strong>alteram</strong></span> <span class='ocrx_word' id='word_1_851' title='bbox 3369 4820 3512 4874; x_wconf 64' lang='lat' dir='ltr'><strong>diem</strong></span> 
     </span>
    </p>
   </div>
   <div class='ocr_carea' id='block_1_112' title="bbox 1951 4903 3513 4980">
    <p class='ocr_par' dir='ltr' id='par_1_112' title="bbox 1951 4903 3513 4980">
     <span class='ocr_line' id='line_1_112' title="bbox 1951 4903 3513 4980; baseline 0.005 -24"><span class='ocrx_word' id='word_1_852' title='bbox 1951 4903 2269 4972; x_wconf 77' lang='lat' dir='ltr'><strong>expletionis</strong></span> <span class='ocrx_word' id='word_1_853' title='bbox 2323 4903 2676 4959; x_wconf 73' lang='lat' dir='ltr'><strong>hebdomada!</strong></span> <span class='ocrx_word' id='word_1_854' title='bbox 2691 4904 2802 4961; x_wconf 85' lang='lat' dir='ltr'><strong>VII.</strong></span> <span class='ocrx_word' id='word_1_855' title='bbox 2831 4905 2881 4960; x_wconf 93' lang='lat' dir='ltr'><strong>id</strong></span> <span class='ocrx_word' id='word_1_856' title='bbox 2911 4915 2994 4961; x_wconf 90' lang='lat' dir='ltr'><strong>est</strong></span> <span class='ocrx_word' id='word_1_857' title='bbox 3019 4909 3513 4980; x_wconf 84' lang='lat' dir='ltr'><strong>quinquagesimum</strong></span> 
     </span>
    </p>
   </div>
   <div class='ocr_carea' id='block_1_113' title="bbox 1949 4991 3516 5065">
    <p class='ocr_par' dir='ltr' id='par_1_113' title="bbox 1949 4991 3516 5065">
     <span class='ocr_line' id='line_1_113' title="bbox 1949 4991 3516 5065; baseline 0.006 -21"><span class='ocrx_word' id='word_1_858' title='bbox 1949 4991 2090 5047; x_wconf 89' lang='lat' dir='ltr'><strong>diem</strong></span> <span class='ocrx_word' id='word_1_859' title='bbox 2134 4994 2186 5047; x_wconf 91' lang='lat' dir='ltr'><strong>in</strong></span> <span class='ocrx_word' id='word_1_860' title='bbox 2216 5008 2322 5061; x_wconf 90' lang='lat' dir='ltr'><strong>quo</strong></span> <span class='ocrx_word' id='word_1_861' title='bbox 2351 4993 2600 5064; x_wconf 76' lang='lat' dir='ltr'><strong>primitia:</strong></span> <span class='ocrx_word' id='word_1_862' title='bbox 2634 4995 2944 5062; x_wconf 80' lang='lat' dir='ltr'><strong>oll&#39;eruntur,</strong></span> <span class='ocrx_word' id='word_1_863' title='bbox 2975 5013 3093 5065; x_wconf 70' lang='lat' dir='ltr'><strong>qua:</strong></span> <span class='ocrx_word' id='word_1_864' title='bbox 3144 4999 3516 5056; x_wconf 81' lang='lat' dir='ltr'><strong>detnnneratio</strong></span> 
     </span>
    </p>
   </div>
   <div class='ocr_carea' id='block_1_114' title="bbox 1951 5083 3520 5160">
    <p class='ocr_par' dir='ltr' id='par_1_114' title="bbox 1951 5083 3520 5160">
     <span class='ocr_line' id='line_1_114' title="bbox 1951 5083 3520 5160; baseline 0.007 -27"><span class='ocrx_word' id='word_1_865' title='bbox 1951 5083 2291 5150; x_wconf 85' lang='lat' dir='ltr'><strong>perfectionis</strong></span> <span class='ocrx_word' id='word_1_866' title='bbox 2314 5084 2464 5152; x_wconf 85' lang='lat' dir='ltr'><strong>plena</strong></span> <span class='ocrx_word' id='word_1_867' title='bbox 2488 5099 2582 5153; x_wconf 91' lang='lat' dir='ltr'><strong>per</strong></span> <span class='ocrx_word' id='word_1_868' title='bbox 2598 5087 2953 5154; x_wconf 88' lang='lat' dir='ltr'><strong>septenarium</strong></span> <span class='ocrx_word' id='word_1_869' title='bbox 2985 5102 3260 5145; x_wconf 90' lang='lat' dir='ltr'><strong>numerum</strong></span> <span class='ocrx_word' id='word_1_870' title='bbox 3287 5101 3340 5146; x_wconf 90' lang='lat' dir='ltr'><strong>et</strong></span> <span class='ocrx_word' id='word_1_871' title='bbox 3364 5095 3520 5160; x_wconf 90' lang='lat' dir='ltr'><strong>quin-</strong></span> 
     </span>
    </p>
   </div>
   <div class='ocr_carea' id='block_1_115' title="bbox 1951 5172 3518 5248">
    <p class='ocr_par' dir='ltr' id='par_1_115' title="bbox 1951 5172 3518 5248">
     <span class='ocr_line' id='line_1_115' title="bbox 1951 5172 3518 5248; baseline 0.006 -23"><span class='ocrx_word' id='word_1_872' title='bbox 1951 5172 2235 5240; x_wconf 87' lang='lat' dir='ltr'><strong>quedeeies</strong></span> <span class='ocrx_word' id='word_1_873' title='bbox 2263 5183 2316 5227; x_wconf 91' lang='lat' dir='ltr'><strong>et</strong></span> <span class='ocrx_word' id='word_1_874' title='bbox 2341 5173 2409 5227; x_wconf 82' lang='grc' dir='ltr'><strong>Χ.</strong></span> <span class='ocrx_word' id='word_1_875' title='bbox 2441 5174 2719 5243; x_wconf 86' lang='lat' dir='ltr'><strong>quinquies</strong></span> <span class='ocrx_word' id='word_1_876' title='bbox 2750 5176 2800 5229; x_wconf 94' lang='lat' dir='ltr'><strong>iu</strong></span> <span class='ocrx_word' id='word_1_877' title='bbox 2831 5175 2932 5231; x_wconf 92' lang='lat' dir='ltr'><strong>hoc</strong></span> <span class='ocrx_word' id='word_1_878' title='bbox 2961 5179 3259 5248; x_wconf 86' lang='lat' dir='ltr'><strong>signiﬁcare</strong></span> <span class='ocrx_word' id='word_1_879' title='bbox 3283 5191 3434 5248; x_wconf 88' lang='lat' dir='ltr'><strong>puto,</strong></span> <span class='ocrx_word' id='word_1_880' title='bbox 3459 5192 3518 5234; x_wconf 92' lang='lat' dir='ltr'><strong>ut</strong></span> 
     </span>
    </p>
   </div>
   <div class='ocr_carea' id='block_1_116' title="bbox 1950 5264 3514 5337">
    <p class='ocr_par' dir='ltr' id='par_1_116' title="bbox 1950 5264 3514 5337">
     <span class='ocr_line' id='line_1_116' title="bbox 1950 5264 3514 5337; baseline 0.003 -21"><span class='ocrx_word' id='word_1_881' title='bbox 1950 5277 2047 5332; x_wconf 86' lang='lat' dir='ltr'><strong>per</strong></span> <span class='ocrx_word' id='word_1_882' title='bbox 2123 5265 2331 5335; x_wconf 77' lang='lat'><strong>1118</strong></span> <span class='ocrx_word' id='word_1_883' title='bbox 2404 5264 2929 5334; x_wconf 83' lang='lat' dir='ltr'><strong>quinquagenarium,</strong></span> <span class='ocrx_word' id='word_1_884' title='bbox 2949 5269 3038 5337; x_wconf 89' lang='lat' dir='ltr'><strong>qui</strong></span> <span class='ocrx_word' id='word_1_885' title='bbox 3067 5269 3432 5322; x_wconf 89' lang='lat' dir='ltr'><strong>remissionem</strong></span> <span class='ocrx_word' id='word_1_886' title='bbox 3464 5269 3514 5322; x_wconf 90' lang='lat' dir='ltr'><strong>in</strong></span> 
     </span>
    </p>
   </div>
   <div class='ocr_carea' id='block_1_117' title="bbox 1952 5357 3508 5427">
    <p class='ocr_par' dir='ltr' id='par_1_117' title="bbox 1952 5357 3508 5427">
     <span class='ocr_line' id='line_1_117' title="bbox 1952 5357 3508 5427; baseline 0.004 -21"><span class='ocrx_word' id='word_1_887' title='bbox 1952 5370 2010 5407; x_wconf 87' lang='lat' dir='ltr'><strong>se</strong></span> <span class='ocrx_word' id='word_1_888' title='bbox 2043 5357 2302 5420; x_wconf 89' lang='lat' dir='ltr'><strong>continet,</strong></span> <span class='ocrx_word' id='word_1_889' title='bbox 2347 5371 2442 5424; x_wconf 84' lang='lat' dir='ltr'><strong>per</strong></span> <span class='ocrx_word' id='word_1_890' title='bbox 2483 5357 2755 5411; x_wconf 87' lang='lat' dir='ltr'><strong>caritatem</strong></span> <span class='ocrx_word' id='word_1_891' title='bbox 2781 5397 2794 5423; x_wconf 89' lang='lat'><strong>,</strong></span> <span class='ocrx_word' id='word_1_892' title='bbox 2828 5374 2945 5426; x_wconf 80' lang='lat' dir='ltr'><strong>quae</strong></span> <span class='ocrx_word' id='word_1_893' title='bbox 2983 5357 3278 5425; x_wconf 79' lang='lat' dir='ltr'><strong>scptil‘ornii</strong></span> <span class='ocrx_word' id='word_1_894' title='bbox 3318 5360 3508 5427; x_wconf 89' lang='lat' dir='ltr'><strong>spiritu</strong></span> 
     </span>
    </p>
   </div>
   <div class='ocr_carea' id='block_1_118' title="bbox 1953 5446 3512 5515">
    <p class='ocr_par' dir='ltr' id='par_1_118' title="bbox 1953 5446 3512 5515">
     <span class='ocr_line' id='line_1_118' title="bbox 1953 5446 3512 5515; baseline 0.001 -16"><span class='ocrx_word' id='word_1_895' title='bbox 1953 5446 2136 5515; x_wconf 64' lang='lat' dir='ltr'><strong>gratia:</strong></span> <span class='ocrx_word' id='word_1_896' title='bbox 2163 5447 2573 5513; x_wconf 84' lang='lat' dir='ltr'><strong>superveniente</strong></span> <span class='ocrx_word' id='word_1_897' title='bbox 2600 5447 2786 5502; x_wconf 88' lang='lat' dir='ltr'><strong>diffusa</strong></span> <span class='ocrx_word' id='word_1_898' title='bbox 2817 5457 2899 5501; x_wconf 90' lang='lat' dir='ltr'><strong>est</strong></span> <span class='ocrx_word' id='word_1_899' title='bbox 2937 5447 2987 5499; x_wconf 90' lang='lat' dir='ltr'><strong>in</strong></span> <span class='ocrx_word' id='word_1_900' title='bbox 3016 5446 3266 5499; x_wconf 89' lang='lat' dir='ltr'><strong>cordibus</strong></span> <span class='ocrx_word' id='word_1_901' title='bbox 3294 5448 3512 5513; x_wconf 86' lang='lat' dir='ltr'><strong>nostris,</strong></span> 
     </span>
    </p>
   </div>
   <div class='ocr_carea' id='block_1_119' title="bbox 1952 5535 3519 5607">
    <p class='ocr_par' dir='ltr' id='par_1_119' title="bbox 1952 5535 3519 5607">
     <span class='ocr_line' id='line_1_119' title="bbox 1952 5535 3519 5607; baseline 0.001 -17"><span class='ocrx_word' id='word_1_902' title='bbox 1952 5546 2006 5590; x_wconf 89' lang='lat' dir='ltr'><strong>et</strong></span> <span class='ocrx_word' id='word_1_903' title='bbox 2033 5538 2267 5607; x_wconf 89' lang='lat' dir='ltr'><strong>quinque</strong></span> <span class='ocrx_word' id='word_1_904' title='bbox 2297 5539 2464 5592; x_wconf 86' lang='lat' dir='ltr'><strong>nostri</strong></span> <span class='ocrx_word' id='word_1_905' title='bbox 2492 5538 2730 5606; x_wconf 88' lang='lat' dir='ltr'><strong>corporis</strong></span> <span class='ocrx_word' id='word_1_906' title='bbox 2757 5552 2946 5591; x_wconf 88' lang='lat' dir='ltr'><strong>sensus</strong></span> <span class='ocrx_word' id='word_1_907' title='bbox 2975 5535 3076 5605; x_wconf 83' lang='lat' dir='ltr'><strong>legi</strong></span> <span class='ocrx_word' id='word_1_908' title='bbox 3132 5537 3224 5591; x_wconf 89' lang='lat' dir='ltr'><strong>l)ei</strong></span> <span class='ocrx_word' id='word_1_909' title='bbox 3280 5537 3519 5593; x_wconf 88' lang='lat' dir='ltr'><strong>subditos</strong></span> 
     </span>
    </p>
   </div>
   <div class='ocr_carea' id='block_1_120' title="bbox 1953 5627 3525 5697">
    <p class='ocr_par' dir='ltr' id='par_1_120' title="bbox 1953 5627 3525 5697">
     <span class='ocr_line' id='line_1_120' title="bbox 1953 5627 3525 5697; baseline 0.007 -15"><span class='ocrx_word' id='word_1_910' title='bbox 1953 5630 2262 5686; x_wconf 88' lang='lat' dir='ltr'><strong>habeamus.</strong></span> <span class='ocrx_word' id='word_1_911' title='bbox 2292 5630 2421 5697; x_wconf 78' lang='lat' dir='ltr'><strong>Qua:</strong></span> <span class='ocrx_word' id='word_1_912' title='bbox 2446 5631 2606 5684; x_wconf 86' lang='lat' dir='ltr'><strong>verba</strong></span> <span class='ocrx_word' id='word_1_913' title='bbox 2637 5628 2951 5696; x_wconf 80' lang='lat' dir='ltr'><strong>Dccalogum</strong></span> <span class='ocrx_word' id='word_1_914' title='bbox 2982 5627 3034 5680; x_wconf 91' lang='lat' dir='ltr'><strong>in</strong></span> <span class='ocrx_word' id='word_1_915' title='bbox 3077 5641 3136 5682; x_wconf 82' lang='lat' dir='ltr'><strong>se</strong></span> <span class='ocrx_word' id='word_1_916' title='bbox 3158 5628 3435 5682; x_wconf 69' lang='lat' dir='ltr'><strong>contine&quot;!</strong></span> <span class='ocrx_word' id='word_1_917' title='bbox 3461 5639 3525 5693; x_wconf 64' lang='lat' dir='ltr'><strong>Cl</strong></span> 
     </span>
    </p>
   </div>
   <div class='ocr_carea' id='block_1_121' title="bbox 2011 5863 3509 5934">
    <p class='ocr_par' dir='ltr' id='par_1_121' title="bbox 2011 5863 3509 5934">
     <span class='ocr_line' id='line_1_121' title="bbox 2011 5863 3509 5934; baseline -0.005 -16"><span class='ocrx_word' id='word_1_918' title='bbox 2011 5869 2078 5934; x_wconf 87' lang='lat' dir='ltr'><strong>(c)</strong></span> <span class='ocrx_word' id='word_1_919' title='bbox 2115 5867 2206 5917; x_wconf 75' lang='lat' dir='ltr'><strong>Ms.</strong></span> <span class='ocrx_word' id='word_1_920' title='bbox 2230 5875 2487 5930; x_wconf 86' lang='lat' dir='ltr'><strong>perperam</strong></span> <span class='ocrx_word' id='word_1_921' title='bbox 2518 5863 2731 5914; x_wconf 66' lang='lat' dir='ltr'><strong>«deinde</strong></span> <span class='ocrx_word' id='word_1_922' title='bbox 2751 5863 2875 5925; x_wconf 86' lang='lat' dir='ltr'><strong>quod</strong></span> <span class='ocrx_word' id='word_1_923' title='bbox 2901 5863 3126 5925; x_wconf 82' lang='lat' dir='ltr'><strong>animale,</strong></span> <span class='ocrx_word' id='word_1_924' title='bbox 3143 5875 3267 5914; x_wconf 77' lang='lat' dir='ltr'><strong>uxor</strong></span> <span class='ocrx_word' id='word_1_925' title='bbox 3291 5863 3466 5915; x_wconf 81' lang='lat' dir='ltr'><strong>electa.</strong></span> <span class='ocrx_word' id='word_1_926' title='bbox 3487 5881 3509 5910; x_wconf 70' lang='grc' dir='ltr'><strong>ο</strong></span> 
     </span>
    </p>
   </div>
   <div class='ocr_carea' id='block_1_122' title="bbox 2680 5947 3161 6026">
    <p class='ocr_par' dir='ltr' id='par_1_122' title="bbox 2680 5947 3161 6026">
     <span class='ocr_line' id='line_1_122' title="bbox 2680 5947 3161 6026; baseline -0.002 -19"><span class='ocrx_word' id='word_1_927' title='bbox 2680 5947 2925 6025; x_wconf 69' lang='grc' dir='ltr'><strong>ξΐγωιτθ</strong></span> <span class='ocrx_word' id='word_1_928' title='bbox 2965 5947 3161 6026; x_wconf 60' lang='lat' dir='ltr'><strong>neu/2)</strong></span> 
     </span>
    </p>
   </div>
  </div>
