4080 6340
558 433 696 490 12³25

556 563 651 616 per
675 545 975 610 caritatem,
1007 551 1062 597 ut
1089 541 1196 598 dixi
1218 582 1233 604 ,
1264 554 1390 609 quos
1427 535 1616 590 caritas
1642 529 1802 601 aperit
1838 521 2126 582 multitudi-

556 657 669 694 nem
695 649 1010 711 peccatorum
1041 637 1115 709 (I.
1152 633 1266 690 Pet.
1296 635 1346 688 Δ.
1378 631 1458 702 8),
1491 639 1547 685 et
1574 628 1652 683 sic
1679 621 1996 681 sacriﬁcium
2028 631 2130 711 no-

558 708 942 788 vumVDomino
986 708 1056 784 es
1093 726 1343 782 omnibus
1381 718 1798 778 habitationibus
1842 710 2039 767 nostris
2084 708 2136 761 in

564 842 717 881 usum
747 825 913 880 nostri
944 819 1252 878 Sacerdotis
1279 833 1400 874 cum
1434 813 1666 886 paciﬁcis
1693 806 1889 864 nostris
1909 799 2138 857 victimis

560 919 818 975 cedentes
841 916 1142 978 oil‘erimus,
1171 915 1216 968 si
1243 927 1366 968 cum
1392 908 1614 965 Domino
1641 917 1825 974 pacem
1855 896 2140 954 fecerimus

559 1011 850 1067 offerentes
902 1008 1205 1080 spirituales
1246 1004 1450 1061 hostias
1491 995 1849 1068 acceptabiles
1895 991 2004 1046 Deo
2033 1001 2140 1056 per

558 1102 741 1159 Iesum
785 1102 1077 1164 Christum,
1123 1097 1215 1170 qui
1255 1110 1418 1167 panes
1445 1091 1799 1165 primitiarum
1847 1095 2004 1141 terra:
2046 1095 2143 1135 no-

558 1209 688 1254 stre
705 1197 808 1254 etsi
827 1195 1197 1260 fermentatus,
1230 1202 1407 1247 tamen
1425 1188 1525 1244 sibi
1547 1191 1886 1242 consecratos
1907 1171 2142 1233 comedit

557 1292 661 1348 sibi
700 1292 940 1349 Pontifex
963 1333 980 1360 ,
1012 1291 1100 1361 qui
1141 1288 1336 1345 caelum
1373 1295 1660 1358 penetrans
1698 1279 1870 1350 possit
1907 1272 2140 1343 eompati

559 1379 960 1442 inﬁrmitatibus
986 1384 1204 1448 nostris,
1229 1391 1447 1438 etcum
1486 1377 1625 1448 apud
1650 1375 1875 1430 'Patrem
1909 1369 2141 1424 advoca—

563 1486 673 1531 tum
713 1476 1002 1532 habeamus
1035 1489 1161 1532 cum
1189 1487 1352 1544 opera
1387 1486 1507 1541 quae
1547 1467 1811 1522 fermento
1841 1457 2140 1531 fragilitatis

564 1577 760 1622 nostrre
800 1566 1116 1624 fermentata
1161 1566 1216 1620 in
1255 1578 1412 1617 usum
1454 1558 1613 1631 hujus
1639 1554 1944 1612 Sacerdotis
1980 1567 2140 1606 manu

563 1659 818 1714 orationis
859 1657 1063 1713 elevata
1106 1655 1300 1712 cedent
1326 1667 1436 1724 per
1473 1652 1676 1706 viscera
1723 1644 2138 1704 misericordiae,

564 1748 804 1813 devorat,
852 1765 972 1819 quae
1008 1749 1229 1804 odorem
1271 1744 1551 1801 suavitatis
1596 1741 1706 1797 Deo
1747 1738 2019 1812 prtebent,
2049 1734 2142 1792 sed

567 1843 740 1912 magis
765 1840 1145 1911 indulgentiam
1172 1840 1412 1909 exigunt.

627 1933 692 1987 ’5.
729 1933 802 1986 De
826 1929 1192 2002 Set-nuphegia
1224 1940 1276 1985 et
1306 1931 1357 1984 in
1387 1929 1492 1984 line
1514 1926 1636 1982 anni
1660 1925 1851 1980 solaris
1875 1922 2014 1995 apud
2041 1921 2146 1977 Ile-

566 2023 741 2079 bratos
767 2021 906 2077 idem
939 2020 1049 2076 VII.
1081 2035 1301 2088 mense,
1351 2018 1561 2090 quando
1597 2025 1988 2088 congregantur
2037 2014 2146 2066 fru-

565 2126 684 2174 ctus
711 2117 762 2172 in
790 2117 1001 2184 horrea,
1033 2116 1146 2171 sive
1187 2115 1240 2170 in
1283 2115 1492 2171 cellaria
1514 2155 1529 2180 ,
1563 2122 1688 2169 tunc
1719 2110 1974 2168 solemnia
2005 2108 2148 2163 cele-

567 2212 724 2268 brare
755 2211 871 2283 lege
918 2221 1239 2281 praeceptum
1259 2218 1372 2273 ‘est,
1403 2209 1452 2262 id
1480 2217 1563 2263 est
1591 2207 1763 2277 primo
1790 2205 1877 2260 die
1903 2203 2147 2259 tubarum

571 2304 643 2361 X.
672 2305 760 2360 die
798 2303 1164 2374 expletionum
1219 2303 1494 2358 celebrare
1531 2301 1735 2357 debere
1783 2297 2014 2356 Sabbata
2037 2338 2052 2360 ,
2094 2304 2151 2352 et

571 2395 688 2454 XV.
719 2397 805 2453 die
833 2412 929 2468 per
953 2395 1070 2452 dies
1100 2394 1208 2451 VII.
1246 2393 1538 2466 usquedum
1571 2393 1858 2455 ﬁniantur,
1900 2388 2034 2444 VIII.
2068 2397 2150 2442 ta-

571 2491 978 2547 bernaculorum
1021 2489 1167 2545 feria:
1214 2503 1335 2544 esse
1375 2487 1774 2558 prmcipiuntur.
1841 2481 1933 2538 llis
1971 2490 2150 2537 autem

575 2584 804 2640 fortasse
833 2583 1138 2654 signiﬁcare
1168 2590 1364 2652 potest,
1397 2589 1451 2635 ut
1472 2579 1594 2650 quia
1619 2592 1718 2632 nos
1743 2577 1796 2632 in
1825 2574 1930 2629 ﬁne
1968 2572 2147 2629 saeculi

574 2678 728 2733 trina:
749 2674 1102 2732 invocationis
1122 2674 1470 2729 Sacramento
1492 2671 1660 2725 simus
1681 2666 1978 2723 consecrati
2005 2664 2150 2731 tuba,

573 2767 970 2840 pmdicationis
1007 2765 1280 2836 Evangelii
1330 2763 1488 2818 fidem
1528 2770 1583 2818 et
1621 2761 1984 2832 aspersionem
2019 2756 2154 2813 San-

573 2861 750 2930 guinis
771 2853 900 2916 Jesu
930 2857 1151 2924 Christi,
1182 2857 1234 2912 in
1265 2871 1374 2927 quo
1401 2869 1525 2911 vera
1557 2852 1864 2926 propitiatio
1890 2863 1974 2906 est
2001 2849 2154 2904 ﬁnito

576 2951 707 3023 legis
747 2959 990 3022 tempore
1028 2949 1208 3004 dicere
1238 2963 1345 3003 non
1401 2959 1707 3010 cessamus,
1740 2951 1796 2999 et
1822 2941 2156 3012 congregatis

577 3047 837 3101 bonorum
859 3059 1083 3116 operum
1106 3043 1366 3098 fructibus
1385 3041 1453 3096 ab
1472 3039 1615 3095 omni
1636 3053 1798 3109 Opere
1821 3036 1960 3090 malo
1980 3033 2156 3104 quiete

579 3153 674 3207 per
722 3133 1050 3206 septiformis
1096 3134 1318 3205 spiritus
1348 3131 1573 3204 gratiam
1616 3127 1985 3200 persecutione
2031 3125 2158 3180 sub-

575 3235 749 3282 stenta
796 3225 849 3282 itt
897 3234 1097 3281 octava:
1140 3223 1483 3280 beatitudinis
1547 3236 1830 3276 numerum
1874 3218 2159 3290 pervenire

579 3331 902 3372 mereamur.
934 3314 1084 3381 Quod
1111 3323 1288 3369 tamen
1318 3329 1413 3384 per
1438 3312 1624 3383 jejunii
1654 3322 1708 3367 et
1729 3310 1988 3367 orationis
2010 3308 2158 3363 labo-

578 3423 689 3464 rem
725 3407 837 3462 ﬁeri
867 3422 972 3462 non
999 3414 1082 3461 est
1105 3405 1347 3474 dubium,
1370 3406 1492 3477 quia
1519 3417 1571 3460 et
1594 3404 1757 3475 affligi
1794 3403 2001 3458 animas
2041 3401 2157 3472 lege

577 3499 904 3570 praecipitur.

648 3592 702 3648 6.
733 3590 1126 3648 DeNeomeniis
1148 3609 1162 3646 :
1182 3589 1234 3646 in
1257 3589 1545 3646 Neomenia
1567 3588 1851 3645 buccinare
1875 3587 1998 3644 tuba
2023 3605 2158 3656 prm-

577 3684 793 3754 cipitur,
824 3682 874 3737 id
902 3693 984 3738 est
1012 3698 1148 3738 nova
1178 3683 1322 3748 luna,
1342 3681 1463 3753 quia
1489 3681 1576 3752 qui
1608 3681 1660 3736 in
1687 3681 1886 3736 lttmine
1920 3681 2158 3735 scientia:

579 3776 910 3832 illuminatus
945 3788 1026 3833 est
1057 3778 1352 3850 prredicare
1378 3777 1533 3842 aliis,
1578 3791 1790 3832 cessare
1821 3791 1926 3830 non
1958 3775 2157 3839 debet,

578 3870 720 3940 quod
753 3871 946 3925 Paulus
972 3871 1208 3926 scientia:
1233 3870 1429 3926 Christi
1463 3870 1666 3940 fulgore
1708 3869 2036 3924 illuminatus
2067 3866 2162 3921 ob-

583 3974 798 4015 servare
825 3961 1045 4016 minime
1067 3963 1384 4032 contentpit
1405 4003 1421 4028 ,
1450 3961 1745 4032 praedicans
1770 3962 1821 4016 in
1847 3961 2158 4033 Synagogis.

581 4054 755 4111 Pauca
798 4053 979 4109 dicere
1007 4053 1372 4122 decreveram,
1403 4054 1478 4126 (a)
1509 4070 1628 4125 quae
1670 4069 1792 4109 cum
1838 4052 2025 4108 hostiae
2055 4051 2161 4106 veri

584 4147 856 4204 Pontificis
935 4147 1149 4220 1119
1221 4147 1273 4202 in
1304 4162 1363 4202 se
1394 4149 1614 4217 figuram
1645 4147 1922 4202 contineat
1953 4161 1980 4198 a
2013 4143 2165 4200 nobis

583 4240 744 4295 etiam
775 4241 1000 4296 Domino
1016 4241 1355 4310 spiritualiter
1375 4241 1554 4296 offerri
1582 4241 1799 4297 debent.
1823 4241 1924 4297 Per
1945 4240 2163 4294 vitulum

587 4333 729 4387 enim
762 4333 911 4386 labor
938 4341 1141 4398 noster,
1173 4349 1268 4402 per
1293 4347 1447 4388 ovem
1476 4334 1804 4396 innocentia,
1836 4348 1932 4403 per
1959 4331 2165 4387 hircuut

588 4427 928 4480 mortilicatio
955 4425 1255 4480 fornicarize
1286 4424 1570 4493 voluptatis
1591 4467 1606 4491 ,
1639 4441 1734 4496 per
1758 4439 1976 4496 capram
2001 4463 2017 4489 ,
2049 4439 2166 4492 qua:

586 4519 637 4572 in
665 4518 876 4572 sublimi
903 4519 1157 4587 pascitur,
1185 4519 1290 4571 vita
1320 4516 1576 4581 tlteorica,
1609 4535 1703 4588 per
1725 4519 1945 4573 arietem
1969 4515 2043 4586 (b)
2072 4532 2168 4568 au-

587 4621 694 4669 tem
719 4609 1131 4681 praedicationis,
1159 4625 1278 4679 qum
1323 4624 1489 4680 agnos
1513 4609 1656 4666 bono
1687 4609 1886 4681 pastori
1925 4615 2168 4676 generat,

592 4717 692 4774 per
715 4703 963 4756 virtutem
987 4701 1253 4758 castitatis
1279 4701 1537 4757 solitaria:
1565 4701 1761 4758 mentis
1792 4699 1996 4756 nemini
2029 4714 2169 4769 prae-

589 4802 675 4848 ter
695 4793 963 4848 Chrismm
980 4791 1197 4862 junrtzr,
1225 4809 1320 4865 per
1337 4794 1638 4849 columbam
1659 4791 1988 4864 perspicacia
2011 4789 2172 4845 intui-

591 4891 676 4938 tus
701 4894 1194 4951 sacramentorum,
1241 4902 1336 4957 per
1363 4902 1552 4955 panem
1590 4884 1833 4941 soliditas
1871 4893 2170 4954 prtecepto-

591 4994 730 5042 rum,
763 4993 857 5048 per
883 4979 1112 5033 similam
1141 4979 1429 5035 sinceritas
1458 4978 1614 5042 vitn,
1645 4991 1742 5046 per
1777 4974 1961 5029 vinum
1997 4985 2050 5030 et
2095 4974 2172 5028 sal

591 5072 790 5126 veritas
817 5069 1249 5140 praedicationis,
1283 5085 1376 5140 per
1419 5069 1598 5124 oleum
1649 5067 1885 5122 fomenta
1938 5066 2175 5120 caritatis

589 5163 982 5233 intelliguntur.
1013 5161 1144 5227 Quae
1168 5162 1347 5217 omnia
1373 5161 1488 5215 sive
1513 5159 1669 5225 festa,
1697 5158 1810 5214 sive
1835 5159 2096 5213 sacriﬁcia
2122 5159 2173 5212 in

590 5271 697 5311 nuo
729 5257 846 5310 loco
872 5253 1133 5309 celebrari
1158 5261 1214 5308 et
1238 5253 1440 5308 olferri.
1483 5251 1594 5307 Lex
1634 5250 1783 5320 jubet
1808 5291 1824 5316 ,
1886 5250 2007 5316 quia
2053 5260 2176 5304 tunc

591 5349 770 5402 munia
804 5353 1050 5417 prosunt,
1081 5359 1206 5400 cum
1237 5345 1288 5398 in
1317 5345 1522 5399 unitate
1551 5343 1812 5398 Ecclesiae
1890 5344 2103 5416 1120

589 5440 705 5493 sine
733 5440 842 5494 ullo
867 5437 1172 5494 schismatis
1197 5452 1382 5492 errore
1407 5444 1750 5507 peraguntur.
1781 5436 1905 5492 Ilaec
1933 5451 2095 5507 pauca
2124 5436 2174 5488 in

652 5618 725 5684 (tr)
759 5610 1096 5684 Supplendum
1136 5611 1351 5684 videtur
1375 5609 1641 5684 dejtostiis
1682 5623 1898 5684 quoque,
1941 5617 2023 5660 aut
2049 5609 2177 5684 _quid

591 5673 780 5735 simile;
807 5673 897 5724 nisti
919 5674 966 5736 si_
985 5674 1141 5736 priora
1165 5675 1315 5721 verba
1341 5675 1466 5734 turpi
1489 5673 1845 5736 tratisjec'tioue
1865 5679 2083 5736 peccant.

651 5741 722 5801 (ὸ)
763 5732 902 5802 Lege
939 5732 1237 5802 ft'mmditqs.
1264 5742 1368 5802 _aut_
1395 5732 1534 5783 certe
1567 5732 1900 5802 quidsimile.
1941 5733 2050 5802 Mos
2095 5745 2180 5793 pro

593 5795 804 5868 stisper
826 5795 1046 5847 Eirtutcm
1068 5795 1299 5845 castitatis
1315 5831 1330 5856 ,
1358 5795 1492 5858 lege,
1514 5795 1600 5846 me
1616 5797 1810 5866 διώξητε,
1836 5809 1924 5864 per
1944 5800 2180 5844 turturem

591 5867 801 5910 anilitas.

1852 405 2086 471 SANCTI
2129 400 2506 460 I‘IIERONYMI

3689 397 3709 450 I
3721 394 3819 450 “2‘24

2247 515 2444 587 abysso
2471 512 2632 568 multa
2667 510 2802 582 legis
2843 519 3102 582 prtecepta
3132 511 3204 580 (ε)
3233 509 3525 572 disserens.
3550 508 3691 563 hanc
3710 522 3817 562 sora

2247 607 2592 661 titiunculum
2622 604 2770 658 diviti
2817 619 3048 674 pauper,
3097 602 3412 674 peregrinus
3450 600 3555 656 civi
3583 599 3823 670 praebere

2245 714 2350 752 non
2376 699 2546 762 timui,
2566 699 2786 770 perfecta
2804 697 3004 751 dilectio
3022 699 3156 768 [oras
3167 695 3312 748 mittit
3331 695 3557 749 timorem
3572 695 3623 762 (I
3671 690 3824 746 Joan.

2245 789 2300 844 ι.
2330 789 2421 860 8):
2452 789 2682 844 credens
2711 790 2873 844 etiam
2903 787 3024 854 hoc,
3051 787 3096 842 Ο
3127 787 3447 841 venerabilis
3474 786 3616 854 Papa
3638 825 3654 844 .
3686 785 3826 854 quod

2248 880 2530 951 plus_valet
2555 880 2858 938 obedientia
2881 897 2999 936 cum
3023 880 3146 941 ﬁde,
3169 895 3328 950 quam
3354 877 3578 934 facultas
3605 877 3826 930 lnunani

2247 974 2466 1044 ingenii.
2499 974 2626 1029 Ilarc
2648 985 2826 1031 autem
2853 983 2903 1028 et
2933 989 2963 1028 a
3007 983 3058 1028 te
3095 974 3359 1044 postulata
3390 979 3446 1026 et
3486 985 3518 1024 a
3561 984 3650 1024 me
3692 969 3826 1022 dicta

2247 1075 2375 1122 sunt
2405 1077 2625 1138 propter
2651 1082 2769 1132 eos,
2801 1067 2913 1137 qui,
2944 1081 3065 1121 cum
3111 1066 3162 1118 in
3211 1062 3496 1134 superﬁcie
3535 1061 3826 1116 Christiani

2247 1163 2560 1228 videantur,
2613 1178 2706 1232 per
2742 1161 2940 1232 judaici
2998 1174 3190 1216 sensus
3255 1159 3582 1228 impietatem
3632 1170 3827 1226 corpus

2245 1253 2443 1309 Chriin
2493 1255 2787 1310 Ecclesium
2836 1255 2950 1310 suis
2993 1252 3372 1308 schismatibus
3421 1248 3675 1305 scindere
3725 1263 3825 1301 non

2247 1356 2512 1401 metuunt.
2548 1347 2674 1401 Haec
2699 1346 2800 1401 sub
2826 1345 3089 1401 brevitate
3118 1343 3534 1398 transcurrimus
3558 1382 3573 1404 ,
3623 1356 3743 1410 qua:
3783 1338 3824 1393 si

2249 1453 2344 1508 per
2372 1440 2550 1494 omnis
2597 1438 3216 1508 tractarenmr,zgrande
3244 1436 3490 1492 volumen
3524 1442 3822 1504 miscerent,

2247 1533 2387 1602 quod
2417 1532 2498 1603 (ά)
2530 1533 2581 1587 in
2615 1533 2771 1603 hujus
2793 1531 3048 1604 temporis
3073 1530 3241 1586 otium
3263 1529 3442 1600 exigit.
3468 1528 3574 1582 Ora
3599 1543 3698 1597 pro
3723 1541 3826 1590 me,

2248 1623 2568 1679 venerabilis
2591 1623 2756 1696 Papa.

2803 1801 3135 1858 EPISTOLA
3171 1799 3276 1856 CL.

2676 1951 2914 1992 PROCOPII
2944 1953 3012 1991 AD
3039 1949 3394 1991 IIIEBONYIIUI.

2650 2093 2934 2166 Procopius
2975 2092 3062 2166 (ε)
3111 2091 3436 2163 Hieronymo.

2331 2289 2351 2325 ί
2381 2271 2575 2328 Iterum
2605 2271 2867 2344 Egyptns
2895 2283 2949 2327 et
2974 2270 3246 2334 mollities,
3280 2284 3482 2341 nosque
3513 2271 3604 2324 tibi
3631 2284 3832 2343 paupe-

2256 2379 2364 2429 res,
2388 2373 2444 2420 et
2481 2365 2782 2420 absentium
2813 2366 2951 2420 ratio
2977 2365 3140 2418 nulla.
3169 2363 3314 2421 Nihil
3341 2370 3424 2418 est
3451 2361 3592 2417 istud
3615 2407 3630 2428 ,
3667 2363 3834 2418 rideas

2258 2455 2420 2511 modo
2448 2470 2580 2512 auro
2605 2455 2856 2512 ﬂuentem
2885 2465 3136 2524 spectans
3175 2454 3370 2509 Nilum.
3408 2454 3630 2509 Etiamsi
3674 2455 3836 2524 magis

2256 2547 2550 2603 etiamnum
2596 2547 2785 2601 attolas
2814 2547 3182 2618 supercilium,
3213 2554 3577 2615 contemptum
3620 2546 3836 2599 omnino

2259 2641 2544 2710 patiemur.
2578 2641 2690 2694 Erit
2715 2640 2858 2696 enim
2887 2649 3094 2708 tempus
3121 2653 3240 2692 cum
3272 2638 3462 2693 iterum
3487 2638 3696 2694 videbis
3720 2639 3838 2693 Elu-

2258 2744 2374 2785 sam
2395 2774 2409 2797 ,
2440 2741 2495 2786 et
2526 2731 2679 2786 ﬁebis
2705 2745 2922 2786 arenam
2951 2729 3231 2800 disiectam
3258 2729 3432 2785 ventis
3457 2739 3511 2784 et
3541 2728 3725 2784 radice
3765 2738 3839 2784 te-

2261 2835 2362 2876 nus
2387 2830 2681 2876 vastantem
2707 2821 2773 2892 (f)
2804 2819 2824 2894 [
2851 2821 3004 2876 vites.
3039 2821 3340 2889 Peregrinae
3370 2821 3562 2889 aliqua:
3609 2831 3664 2874 ct
3712 2820 3838 2874 mari

2260 2912 2608 2969 advenientes
2626 2913 2882 2985 Nympha:
2903 2925 2955 2966 et
2973 2910 3199 2984 Jupiter]
3225 2910 3434 2981 pluvius
3457 2911 3529 2964 ibi
3557 2925 3839 2980 nusquam.

2261 3005 2412 3060 Tunc
2429 3006 2642 3077 quidem
2667 3007 2780 3076 ipse
2810 3005 2995 3060 ridebo
3011 3015 3065 3060 et
3092 3004 3432 3058 subsannabo
3455 3004 3753 3059 fortunam.
3769 3004 3840 3060 Tu

2263 3113 2391 3154 vero
2411 3113 2497 3153 me
2525 3113 2664 3152 nunc
2686 3098 2977 3166 abjectum,
3000 3107 3108 3151 tum
3131 3097 3340 3155 beatum
3361 3096 3597 3167 putabis.
3622 3098 3842 3152 Verum-

2264 3201 2439 3248 tamen
2470 3192 2594 3248 dum
2625 3192 2715 3245 tibi
2743 3190 2893 3244 Nilus
2919 3189 3122 3244 deliciis
3150 3191 3326 3244 vivere
3359 3188 3654 3259 permittit,
3680 3191 3844 3245 seribe

2266 3283 2650 3350 tantummodo,
2680 3291 2733 3336 et
2761 3297 2855 3336 nos
2883 3280 3117 3335 minutos
3147 3290 3201 3333 et
3227 3280 3368 3336 velut
3389 3280 3662 3352 quosdam
3693 3284 3844 3336 Ιιυιιιο

2267 3387 2614 3449 prorepentes
2643 3373 2900 3444 appelles.
2934 3371 3022 3427 Sic
3051 3373 3194 3426 enim
3227 3381 3282 3426 et
3313 3381 3365 3427 te
3394 3373 3679 3430 scribente
3713 3376 3844 3428 frue-

2267 3487 2404 3535 mur,
2434 3479 2485 3524 et
2519 3477 2660 3522 tuam
2692 3465 2994 3538 superbiam
3019 3464 3178 3520 futuri
3201 3466 3612 3534 exspectatione
3641 3469 3848 3523 mollius

2266 3564 2446 3620 feram.

2325 3804 2994 3918 lil..l?n§l§’§2?li‘?.3“§3§e
3032 3809 3139 3852 m‘
3173 3801 3432 3865 dm“
3476 3808 3529 3852 θί
3565 3804 3716 3867 ¹³³“⁵⁰
3753 3812 3852 3867 ¹²⁰³⁸

2264 3881 2470 3920 SOIemm
2496 3881 2628 3933 lapsu
2650 3881 2743 3917 cun
2767 3881 2852 3929 pro
2874 3881 2982 3916 cwr.

2332 3953 2410 4016 (τι)
2444 3952 2583 4016 Lege
2617 3949 2815 4014 majoris
2853 3963 2941 4014 pro
2975 3947 3026 3999 in
3057 3947 3229 4010 hujus,
3252 3948 3381 4013 quod
3407 3956 3486 4000 est
3522 3951 3850 4002 certissimum

2267 4029 2434 4081 οτάλμι.

2339 4098 2398 4165 (ε)
2439 4099 2637 4149 Gazzeus
2658 4108 2858 4160 nempe,
2892 4107 2922 4146 e
2945 4096 3081 4157 cujus
3099 4093 3192 4165 ρο..
3209 4092 3430 4165 epistolis
3451 4094 3559 4165 haec
3583 4102 3663 4145 est
3685 4094 3835 4165 ῃῖί

2270 4155 2601 4224 Hieronymus
2619 4172 2738 4224 vero
2768 4155 3431 4224 nequaquamStt-idouensis
3453 4159 3752 4224 noster,»sed
3776 4173 3854 4209 eoo

2272 4217 2515 4336 gnomin'is
2547 4222 2826 4286 Egyptius,
2852 4217 3053 4282 'aut'qui
3079 4221 3124 4269 in
3143 4217 3351 4292 ,Επιλὶ
3377 4219 3599 4290 partibus
3625 4221 3852 4282 degeret.

2299 4286 2449 4334 hrum
2483 4299 2625 4336 porro
2660 4295 2769 4336 qum
2793 4282 2985 4331 lsaacus
3017 4281 3219 4331 Vossuts
3245 4288 3521 4330 commenta
3544 4281 3657 4330 hinc
3688 4283 3852 4331 obtm-

2299 4286 2449 4334 lirum
2483 4281 2631 4346 p0er
2642 4281 2769 4346 'qum
2793 4281 3001 4346 lsaacus:
3017 4281 3219 4346 Vossius
3245 4281 3521 4346 cemmeuta
3544 4281 3657 4330 hinc
3688 4281 3854 4331 obtru-

2273 4349 2401 4397 derit
2423 4340 2562 4396 de'S.
2583 4340 2894 4406 Hieronymo,
2918 4344 3001 4406 qui
3026 4342 3106 4392 vel
3126 4345 3172 4391 in
3195 4344 3406 4392 Arabum
3418 4340 3665 4406 _Ia_tronum
3689 4356 3854 4406 manus

2274 4410 2553 4467 incidisset,
2590 4406 2668 4455 vel
2700 4401 2838 4455 certe
2877 4401 3142 4466 iu'ntagno
3169 4401 3586 4467 vorsatusfuisset
3610 4403 3852 4466 periculo;

2276 4471 2404 4519 unde
2429 4463 2562 4517 illum
2586 4467 2852 4528 Procopius
2873 4463 3068 4514 moneat
3086 4500 3101 4522 ,
3124 4467 3164 4515 si
3190 4467 3368 4528 iterum
3391 4463 3584 4513 Elusam
3611 4463 3851 4522 transeat,

2276 4531 2550 4592 iucidatque
2575 4527 2943 4592 inSaracenos,
2970 4541 3065 4576 nou
3092 4529 3154 4576 ita
3189 4527 3330 4592 facile
3353 4538 3616 4576 evasurum
3635 4562 3650 4582 ,
3684 4535 3738 4592 et
3761 4540 3854 4575 ma-

2277 4589 2523 4641 tronarum
2545 4591 2774 4646 divitum,
2799 4591 3088 4651 quibuscum
3132 4591 3434 4650 versabatur,
3461 4601 3658 4651 auream
3686 4589 3855 4637 frusU'a

2276 4655 2605 4726 invocaturum
2631 4650 2967 4726 pluviamnand
3130 4651 3376 4726 superbia?
3394 4651 3465 4726 AS.
3491 4650 3757 4723 Doctorem
3782 4664 3855 4726 ac-

2276 4715 2433 4765 cusari
2450 4751 2465 4774 ,
2487 4717 2572 4826 qui
2598 4710 2819 4787 ejusdem
2844 4727 2870 4786 ξ
2877 4714 2944 4764 itii
2969 4712 3088 4763 alios
3107 4710 3370 4775 scriptores
3391 4712 3591 4762 Greeos
3612 4710 3856 4782 insimula-

2277 4785 2382 4826 ret.
2407 4791 2464 4826 ac
2483 4793 2500 4826 (
2519 4792 2548 4826 e
2570 4777 2623 4826 S.
2648 4773 2827 4826 Basilio
2859 4788 2905 4823 tn
2933 4775 3168 4826 Chronico
3188 4775 3248 4824 ad
3272 4787 3450 4823 annum
3483 4772 3625 4822 9:592.
3650 4775 3855 4826 dixerit.

2277 4785 2382 4834 ret,
2407 4772 2464 4828 ac
2483 4772 2548 4828 de
2570 4772 2827 4827 SfBasilio
2859 4776 2905 4823 in
2933 4775 3168 4827 Chronico
3188 4772 3248 4824 ad
3272 4787 3450 4823 annum
3483 4772 3625 4822 9:592.
3650 4773 3855 4827 dixerit,

2278 4839 2414 4888 illum
2445 4856 2467 4885 α
2486 4839 2636 4889 multa
2668 4837 3011 4895 continentia,
3039 4845 3090 4885 et
3130 4836 3462 4898 ingeniigbona
3497 4848 3597 4884 uno
3618 4834 3857 4896 superbia:

2280 4901 2407 4950 malo
2431 4902 2719 4963 perdidisse.
2745 4917 2767 4945 ι
2799 4899 2920 4963 Quae
2943 4896 3243 4963 putidissitita
3265 4896 3502 4963 calumnia
3540 4905 3646 4963 est,
3669 4909 3729 4945 ac
3751 4909 3858 4963 pro:

2281 4956 2741 5018 iectaa'temeritatis
2776 4956 3112 5018 mendacium,
3156 4973 3266 5009 cum
3306 4961 3552 5008 neminem
3593 4956 3765 5018 lateat,
3803 4956 3858 5004 ad

2325 5025 2538 5074 botinum
2561 5023 2824 5073 clausulam
2847 5023 2976 5072 illam
2993 5020 3189 5076 referri,
3209 5033 3302 5070 non
3327 5020 3386 5068 ad
3404 5019 3656 5068 Basilium.
3676 5017 3860 5068 Caetera

2283 5099 2378 5136 nec
2401 5093 2537 5136 vacat
2557 5083 2822 5144 refellere,
2845 5096 2956 5133 eam
2991 5083 3188 5144 integro
3214 5079 3394 5131 saeculo
3424 5081 3674 5144 recentior
3694 5079 3862 5129 Hiero-

2283 5161 2426 5207 nymo
2459 5156 2624 5198 nostro
2660 5140 2816 5196 fuerit
2837 5140 3124 5207 Procopius'
3139 5144 3414 5207 notissimus
3450 5140 3753 5207 Christianus
3791 5154 3863 5190 so-

2285 5203 2440 5272 phista
2465 5212 2556 5259 sub
2578 5208 2768 5272 Iustino
2789 5203 3004 5272 Thrace,
3026 5217 3190 5268 neque
3212 5206 3336 5255 adeo
3359 5205 3418 5254 ad
3439 5211 3659 5254 sanctum
3686 5203 3862 5272 Docto.

2284 5269 2391 5321 rem
2409 5279 2623 5321 nostrum
2646 5270 2836 5319 litteras
2855 5269 2975 5318 dare
2995 5273 3234 5331 potmsse,
3249 5279 3396 5315 nemo
3413 5278 3545 5331 sanae
3567 5269 3750 5331 mentis
3775 5279 3864 5331 non

2284 5335 2479 5383 sentiat.
2507 5333 2663 5394 Ipsam
2703 5332 2824 5380 hanc
2863 5326 3145 5393 epistolam,
3185 5343 3282 5394 non
3305 5326 3555 5394 q_uod_t_t|la
3589 5327 3869 5394 rationem!

2285 5403 2498 5444 nostram
2523 5389 2786 5442 editionem
2811 5389 3084 5455 pertineat,
3107 5392 3195 5441 sed
3218 5389 3346 5454 quod
3371 5391 3420 5438 in
3447 5389 3767 5455 Benedictina
3791 5389 3869 5436 ha-

2285 5456 2508 5514 beretur,
2534 5469 2598 5503 ne
2621 5456 2735 5517 quid
2759 5451 2825 5504 ei
2849 5453 2926 5503 illa
2947 5456 3151 5517 deesset
3174 5456 3220 5502 in
3237 5451 3425 5510 nostra,
3450 5451 3747 5517 recedimus,
3779 5459 3872 5517 uno

2287 5518 2432 5565 etiam
2455 5512 2584 5579 quod
2609 5512 2814 5577 insignia
2839 5517 3013 5565 menda
3032 5516 3291 5580 castigare,
3310 5522 3363 5564 et
3384 5512 3629 5578 reponere
3654 5512 3871 5562 bzeretici

2288 5580 2496 5629 hominis
2517 5580 2716 5629 insaniae
2739 5581 3014 5641 Oportebat.
3201 5586 3206 5590 '

2351 5661 2370 5714 (
2374 5661 2417 5723 1)
2451 5659 2508 5711 In
2530 5674 2694 5724 graeco
2714 5661 2860 5724 hujus
2875 5657 3095 5722 epistola:
3119 5665 3280 5715 textu,
3304 5670 3401 5724 non
3424 5668 3877 5724 paucarumvocum

2286 5718 2734 5785 subrepsit'biatus,
2760 5718 2946 5774 scilicet
2983 5736 3150 5771 earum
3173 5732 3282 5785 qua:
3304 5718 3411 5770 loco
3427 5718 3605 5770 textus
3629 5719 3765 5768 latini
3797 5733 3856 5765 uo

2285 5787 2409 5835 ciuis
2442 5783 2636 5836 incluso
2678 5787 2996 5848 respondent,
3033 5793 3083 5833 et
3125 5783 3203 5834 sic
3239 5783 3423 5832 babent
3447 5795 3462 5832 :
3706 5792 3788 5823 w-
3828 5801 3855 5820 ,ε

2291 5861 2434 5911 κὲμφι
2451 5858 2550 5904 Elui.
2573 5860 2662 5907 τινὶς
2685 5861 2743 5899 ui
2767 5858 2955 5897 θαλάττιαι
2973 5859 3030 5895 καὶ
3054 5857 3152 5904 ζὼς-
