4068 6206
2508 324 3437 341 mih—‘7

2508 365 3607 394 *νεα-Ἣ

1560 347 1763 359 πηνα-ιο-

1279 313 2508 690 m

1536 753 1801 867 ’ΤΟΥ
1870 784 2465 876 ΠΑΜΦΙΛΟΥ

862 964 2025 1106 ΕΥΑΓΓΕΛΙΚΗΣ
2107 976 3181 1129 ΑΠΟΔΕΙΞΕΩΣ

1530 1212 2035 1331 ΒΙΒΛΙΑ
2104 1222 2523 1341 ΔΕΚΑ

933 1504 1858 1785 ἘΠΞΕΒΠ
1965 1604 2539 1788 PAMP

1407 1605 1858 1785 ιΕΒΙΙ
1965 1604 3013 1793 PAMPHILI

615 1917 814 2040 DE
907 1919 2319 2055 DEMONSTRATIONE
2418 1933 3419 2069 EVANGELICA

1548 2178 1929 2295 LIBRI
2009 2184 2505 2323 DECEM

1178 2394 1607 2452 lNTERPRETE
1644 2396 2082 2455 BEBNARDINO
2115 2398 2417 2469 DONATO,
2445 2402 2851 2463 VERONENSI.

482 2551 580 2619 (Ex
610 2554 731 2604 edit.
750 2552 905 2604 Paris.
929 2551 1267 2633 1628,9291}.
1275 2551 1466 2633 inps):
1477 2551 1640 2633 loss,
1662 2552 1834 2633 Quian:
1858 2551 2015 2633 1ξξ2ζ
2022 2578 2089 2633 Ξ
2098 2552 2306 2633 decedit
2328 2556 2723 2633 supplementum
2744 2575 2770 2610 a
2794 2561 2851 2633 J_._
2882 2560 2941 2611 Α.
2969 2563 3193 2633 Fabricio
3228 2569 3520 2633 evulgatum1

1036 2613 1320 2677 prooemium
1364 2613 1553 2666 scilicet
1589 2623 1645 2665 et.
1684 2616 1837 2678 capita
1880 2613 1947 2664 ΙΙΙ
1989 2613 2169 2677 priora,
2204 2630 2312 2666 cum
2355 2613 2509 2681 ipsius
2548 2624 2713 2683 Operis
2753 2625 2993 2689 epilogo.)

1182 2848 1759 2941 EPISTOLA
1847 2831 2829 2950 NUNCUPATORIA.

1756 3041 1868 3105 (Ed.
1905 3043 2060 3095 Paris.
2091 3043 2253 3106 1628.)

474 3215 843 3273 Illustrissimo
863 3235 924 3272 ac
950 3218 1271 3289 integerrimo
1294 3218 1401 3272 viro
1424 3217 1633 3271 domino
1662 3214 1731 3272 D.
1757 3216 2141 3289 Hacquevilleo,
2164 3223 2521 3294 augustissimi
2538 3221 2833 3278 Galliarum
2860 3234 3069 3279 senatus
3090 3225 3261 3294 primo
3288 3224 3513 3281 Prasidi
3537 3226 3597 3281 S.

469 3308 613 3364 Bene
640 3325 703 3364 ac
730 3310 951 3365 feliciter
978 3313 1130 3366 nobis
1159 3310 1525 3382 universaaque
1549 3309 1731 3366 Galliae
1758 3313 1987 3368 cessisse
2020 3330 2210 3371 omnes
2236 3317 2701 3381 existimaverunt,
2732 3317 3095 3373 illustrissime
3127 3316 3352 3382 Praeses,
3387 3334 3507 3374 cum
3527 3321 3589 3378 al:

392 3417 622 3460 excessu
656 3402 973 3472 amplissimi
1004 3414 1223 3459 senatus
1242 3404 1526 3474 principis,
1560 3403 1730 3473 patria
1754 3403 2111 3469 diuturniore,
2147 3420 2304 3474 quam
2336 3414 2710 3471 consueverat,
2747 3417 2982 3477 tempore
3014 3417 3378 3473 consternata,
3410 3407 3590 3463 subito

392 3492 599 3548 luctum
644 3508 708 3548 ae
749 3493 1073 3548 desiderium
1107 3495 1237 3547 tanti
1264 3492 1515 3549 Praesidis
1541 3501 1632 3547 tua
1686 3494 1741 3548 in
1776 3494 1946 3565 ipsius
1977 3494 2154 3548 locum
2210 3500 2547 3565 promotione
2592 3499 2859 3569 deposuit.
2898 3498 2974 3553 Ex
3002 3515 3108 3570 quo
3134 3515 3310 3555 rerum
3345 3499 3587 3554 omnium

395 3588 722 3655 agendarum
752 3594 994 3655 tempora
1031 3584 1110 3639 sic
1143 3584 1454 3650 illuxerunt,
1488 3593 1632 3638 tanta
1683 3585 1737 3639 in
1781 3587 1989 3641 animos
2016 3586 2257 3642 omnium
2287 3588 2506 3657 irrepsit
2531 3588 2735 3652 laetitia,
2783 3598 2842 3643 ut
2869 3591 2958 3645 vix
3009 3591 3151 3646 aliud
3179 3592 3413 3662 optatius
3439 3593 3583 3663 quod

391 3678 614 3739 vellent,
652 3683 744 3729 aut
775 3676 919 3746 quod
962 3674 1219 3744 pristinas
1262 3673 1607 3744 aegritudines
1649 3690 1714 3731 ex
1746 3676 1947 3729 recenti
1979 3675 2190 3745 jactura
2228 3686 2518 3749 conceptas
2549 3679 2915 3735 vehementius
2947 3681 3219 3748 allevaret,
3278 3683 3588 3752 contingere

389 3772 632 3841 potuisse
654 3770 954 3824 crederent.
979 3767 1155 3839 thue
1186 3769 1489 3838 reipublicae
1512 3770 1671 3825 rebus
1693 3769 1962 3839 quondam
1985 3772 2308 3841 perturbatis
2326 3773 2756 3827 animadversum
2786 3783 2891 3839 est,
2920 3784 3039 3843 post
3054 3776 3392 3831 Cannensem
3431 3776 3579 3830 illam

392 3862 602 3917 cladem
628 3863 864 3919 secundo
886 3862 1117 3918 Marcelli
1148 3864 1214 3918 ad
1238 3862 1424 3917 Nolam
1449 3864 1652 3934 prwlio,
1677 3876 1931 3935 populum
1960 3865 2256 3920 Romanum
2283 3869 2515 3937 primum
2535 3868 2690 3938 erigi,
2722 3883 2785 3921 ac
2807 3868 3061 3938 deinceps
3087 3869 3154 3922 ad
3183 3877 3395 3939 optatos
3415 3871 3587 3925 exitus

383 3957 600 4013 amante
621 3957 834 4012 fortuna
859 3957 1074 4027 provehi
1104 3960 1333 4027 cmpisse
1360 3979 1373 4011 :
1398 3958 1477 4012 sic
1506 3965 1627 4029 post
1653 3959 1812 4013 unius
1835 3959 1931 4013 viri
1960 3960 2146 4015 amissi
2167 3960 2548 4024 calamitatem,
2578 3961 2735 4016 simul
2767 3969 2928 4031 atque
2950 3963 3016 4016 ad
3049 3964 3408 4031 augustiorem
3443 3964 3586 4019 illam

384 4048 792 4119 principemque
817 4054 1037 4102 senatus
1065 4046 1399 4117 dignitatem,
1427 4062 1532 4100 non
1570 4047 1909 4111 favitoribus,
1942 4056 1999 4101 ut
2025 4051 2100 4103 ait
2124 4050 2399 4114 Comicus,
2430 4049 2525 4105 sed
2553 4051 2750 4105 virtute
2779 4036 3065 4107 ambiendo
3092 4053 3405 4123 pervenisti,
3428 4055 3587 4125 lugu-

381 4141 499 4197 bria
523 4141 702 4196 omnia
727 4142 909 4211 procul
938 4142 1230 4204 eliminata,
1264 4150 1316 4196 et
1346 4156 1615 4211 prosperae
1647 4156 1733 4196 res
1762 4140 1954 4197 deinde
1978 4144 2256 4213 permulta:
2285 4153 2590 4200 consecutae
2616 4145 2743 4200 sint.
2785 4144 2915 4212 Quae
2951 4146 3073 4203 aliis
3103 4146 3225 4202 inde
3259 4152 3583 4205 accesserint

380 4236 685 4299 commoda,
715 4236 885 4306 magis
911 4236 1042 4306 ipsis
1066 4234 1260 4304 quibus
1283 4236 1373 4289 illa
1406 4238 1743 4306 contigerunt
1764 4237 2006 4305 fruenda,
2029 4250 2189 4310 quam
2213 4241 2456 4310 pluribus
2478 4240 2819 4310 praedicanda
2847 4242 3218 4311 relinquimus.
3245 4241 3440 4299 Noster
3461 4258 3583 4301 vero

387 4328 541 4393 ordo,
578 4338 764 4385 nostra
809 4331 1061 4394 societas,
1092 4336 1144 4382 et
1172 4329 1337 4383 veluti
1381 4328 1639 4383 litteraria
1669 4330 1911 4400 quaedam
1953 4332 2234 4396 sodalitas,
2268 4334 2424 4403 quasi
2456 4349 2520 4389 ex
2563 4334 2805 4406 longiore
2834 4342 3056 4390 veterno
3080 4344 3353 4399 revocata,
3381 4338 3436 4391 in
3462 4352 3580 4392 eam

382 4437 537 4492 spem
568 4430 748 4477 erecta
778 4427 881 4485 est,
907 4429 967 4475 ut
990 4432 1039 4476 te
1072 4436 1285 4476 sacrum
1315 4418 1603 4477 Themidos
1636 4423 1847 4476 clavum
1886 4430 2121 4486 tenente,
2153 4424 2524 4496 bonarumque
2550 4426 2850 4481 litterarum
2885 4426 3130 4490 custode,
3154 4426 3436 4481 doctorum
3465 4442 3581 4481 om-

382 4514 531 4568 nium
566 4512 797 4578 fautore,
826 4513 1102 4583 ipsiusque
1130 4512 1479 4568 humanitatis
1520 4513 1739 4569 assiduo
1781 4513 2010 4579 vindice,
2044 4516 2327 4585 pristinum
2371 4518 2627 4587 vigorem,
2654 4517 2821 4573 decus
2851 4532 2913 4572 ac
2944 4517 3310 4573 celebritatem
3344 4517 3493 4573 brevi
3522 4533 3580 4573 se

377 4613 714 4674 recepturam
744 4612 1055 4674 auguretur.
1088 4602 1216 4669 Quae
1246 4619 1344 4660 nos
1361 4620 1425 4660 eo
1452 4620 1541 4660 res
1582 4605 1825 4669 adduxit,
1861 4614 1921 4660 ut
1948 4622 2104 4676 quem
2137 4623 2246 4678 prae
2296 4611 2545 4665 manibus
2579 4610 2839 4664 habemus
2868 4621 3142 4664 auctorem
3171 4610 3579 4671 diem‘aspicere

381 4697 691 4768 gestientem
724 4696 1013 4751 Eusebium
1035 4694 1296 4766 Pamphili
1329 4696 1404 4751 De
1430 4696 1867 4753 demonstratione
1894 4700 2207 4769 evangelica,
2239 4701 2340 4755 hoc
2386 4710 2469 4755 est
2497 4702 2563 4756 de
2597 4701 2717 4755 ﬁdei
2741 4700 3065 4756 Christiana:
3086 4702 3312 4757 veritate
3343 4702 3576 4773 graviter

378 4785 749 4854 disserentem,
780 4797 873 4845 tuo
903 4789 1239 4859 potissimum
1277 4789 1476 4844 nomini
1503 4804 1843 4854 consecrare,
1866 4806 1972 4845 non
1998 4798 2105 4846 tam
2137 4806 2168 4846 e
2188 4807 2246 4846 re
2271 4800 2455 4847 nostra
2487 4807 2632 4857 esse,
2660 4806 2818 4862 quam
2844 4792 3069 4862 publica:
3097 4793 3577 4864 congratulationls

374 4878 642 4938 interesse
669 4890 997 4953 putaremus.
1024 4881 1153 4936 Nam
1186 4899 1308 4938 cum
1339 4883 1559 4938 humani
1587 4891 1641 4939 te
1663 4883 1804 4953 juris
1834 4894 2155 4940 assertorem
2177 4886 2500 4940 acerrimum
2539 4895 2593 4941 et
2617 4886 2771 4952 alias,
2797 4900 2943 4940 nunc
2971 4901 3101 4943 vero
3125 4887 3356 4940 maxime
3382 4885 3450 4940 ad
3475 4899 3574 4940 su-

373 4990 620 5048 premum
645 4977 804 5032 curiae
844 4978 995 5049 regni
1017 4977 1289 5049 fastigium
1317 4992 1411 5048 per
1430 4992 1620 5033 omnes
1657 4978 1922 5033 honorum
1952 4979 2151 5050 gradus
2171 4989 2391 5035 evectus
2421 4981 2683 5051 praebeas,
2709 4981 2796 5036 cui
2839 4982 3057 5052 pietatis
3096 4988 3150 5036 et
3193 4980 3417 5035 sincerae
3445 4980 3575 5037 reli-

371 5071 551 5143 gionis
571 5087 699 5128 cura
726 5074 898 5146 magis
920 5074 1219 5138 incumbat,
1248 5073 1295 5129 si
1320 5088 1350 5128 a
1376 5081 1425 5128 te
1446 5072 1738 5129 abierimus
1767 5072 1996 5129 fortasse
2015 5076 2345 5146 reperiemus
2363 5077 2654 5134 neminem.
2682 5075 2772 5133 Sic
2795 5077 3061 5134 Eusebius
3080 5083 3267 5133 noster
3289 5074 3575 5147 Pamphilo

370 5185 472 5226 suo
500 5170 555 5224 in
595 5168 697 5225 fide
730 5170 928 5225 tuenda
964 5170 1101 5225 ﬁdus
1127 5168 1354 5225 adbzesit
1394 5184 1597 5236 comes,
1633 5176 1694 5223 ut
1723 5168 1986 5240 Pamphili
2016 5171 2176 5224 etiam
2219 5186 2517 5243 cognomen
2546 5173 2646 5229 sibi
2671 5173 2887 5244 adjungi
2909 5172 3158 5228 voluerit.
3179 5167 3291 5225 Nec
3308 5167 3463 5226 aliud
3493 5173 3579 5225 die

366 5261 557 5332 gnitati
582 5270 686 5315 tua:
705 5276 1019 5331 morumque
1042 5262 1292 5317 suavitati
1316 5277 1507 5317 nomen
1532 5263 1709 5334 aptius
1737 5265 1907 5333 potuit
1923 5278 2227 5328 occurrere,
2246 5280 2407 5335 quam
2434 5268 2612 5331 istius,
2634 5267 2779 5338 quod
2800 5269 3037 5322 omnium
3065 5278 3405 5321 communem
3427 5280 3582 5320 amo'

368 5368 478 5408 rem
502 5367 566 5407 ac
591 5352 1015 5407 benevolentiam
1042 5353 1322 5410 indicaret.
1349 5354 1527 5422 Quare
1564 5354 1608 5409 sl
1636 5354 1688 5409 in
1723 5362 1831 5410 tam
1860 5354 2113 5427 propensi
2145 5356 2387 5411 omnium
2417 5355 2471 5411 in
2504 5364 2558 5414 te
2584 5358 2809 5421 amoris,
2842 5364 3056 5425 tuaeque
3086 5354 3141 5408 in
3173 5368 3364 5432 omnes
3398 5354 3564 5410 chari-

368 5443 498 5498 tatis
526 5441 802 5513 publicum
826 5441 1213 5509 testimonium,
1236 5444 1571 5515 singulorum
1603 5444 1853 5499 ordinum
1880 5459 1944 5500 ac
1972 5442 2291 5500 societatum
2321 5447 2812 5518 congratulationes
2835 5444 3079 5502 certatim
3111 5443 3165 5498 in
3187 5451 3241 5498 te
3263 5444 3379 5501 fieri
3406 5458 3580 5502 nunc:

366 5534 615 5602 vidimus,
638 5545 923 5607 postquam
951 5536 1006 5590 in
1035 5539 1402 5597 excelsissimo
1430 5541 1523 5596 illo
1548 5548 1966 5612 purpuratorum
2004 5539 2223 5595 Patrum
2262 5541 2496 5600 culmine
2533 5542 2848 5607 consedisti,
2883 5538 3011 5614 quid
3039 5539 3254 5597 tandem
3278 5538 3440 5599 nobis
3463 5539 3584 5591 ani-

368 5624 442 5679 mi
470 5625 538 5684 ad
575 5624 890 5680 munuscula
920 5625 1156 5697 undique
1202 5628 1581 5697 comparanda,
1616 5629 1976 5704 flosculosun
2004 5638 2058 5686 et
2100 5634 2244 5687 serta
2293 5645 2571 5690 musarum
2616 5646 2682 5686 ex
2724 5631 2953 5689 hortulis
2999 5630 3324 5703 colligenda,
3366 5633 3587 5695 tuaeque

642 5716 913 5776 Ριτιοι.
960 5716 1077 5777 Gn.
1126 5716 1329 5777 XXII.
3264 5728 3298 5783 1

210 5762 640 6124 $9
