4068 6206
466 257 524 312 Η
1123 258 1393 317 EUSEBll
1431 255 1905 313 CIESABIENSIS
1942 257 2089 313 OPP.
2130 260 2311 317 PARS
2347 261 2410 317 ll.
2452 296 2519 306 —
2558 265 3053 325 APOLOGETICA.
3610 275 3678 326 (Ξ

461 377 798 434 celsitudinis
827 379 1050 450 pedibus
1071 376 1401 433 admovenda
1429 392 1552 431 esse
1581 374 1786 437 debuit,
1817 390 2048 445 quorum
2083 391 2207 446 spes
2239 379 2415 436 omnis
2445 395 2612 453 prope
2637 392 2692 438 et
2714 386 2871 451 ratio,
2903 386 3011 442 imo
3041 387 3348 458 praesidium
3383 398 3680 463 portusque

427 533 437 554 __
459 470 767 526 tutissimus
796 472 851 526 in
899 473 975 525 tui
1014 471 1257 526 muneris
1288 468 1641 539 amplitudine
1671 480 1830 538 atque
1864 469 2225 528 sollicitudine
2259 471 2472 529 videtur
2500 490 2622 532 esse
2664 480 3012 537 constitutus.
3045 481 3298 553 Accipies
3333 485 3514 554 igitur.
3547 485 3674 540 illu-

435 567 728 652 ἰςεεΗεεῑακθ
775 565 1002 628 Praeses,
1036 581 1143 637 quo
1187 565 1387 630 studio,
1430 579 1644 634 quaque
1682 566 2011 620 consuevisti
2053 567 2407 634 humanitate,
2453 587 2611 628 sacra
2653 574 2917 632 doctrina:
2959 593 3206 650 veraeque
3239 581 3454 652 pictatis
3483 597 3676 637 monu-

428 639 659 742 fmenta,
685 657 737 712 id
784 657 926 728 quod
965 673 1107 712 nunc
1140 658 1258 727 ipsa
1289 656 1451 710 nobis
1502 656 1702 723 objecit
1726 657 1964 718 occasio,
1993 655 2212 712 Eusebii
2254 660 2464 715 scilicet
2491 661 2753 734 Pamphili
2777 639 3136 726 Caesariensis
3167 639 3562 744 Deevangelica
3589 673 3676 728 de-

455 750 834 803 moustratiane
865 749 1180 804 utilissimas
1210 749 1728 815 Commentationes,
1753 765 1873 820 quae
1903 749 2178 805 honorarii
2207 754 2489 823 cujusdam
2512 757 2754 814 muneris
2773 759 2945 815 instar
2971 778 3090 818 esse
3110 767 3335 834 possint,
3375 767 3534 836 quale
3565 779 3672 821 ma-

456 837 770 909 gistratibus
819 843 1113 898 novissime
1140 845 1196 900 in
1243 848 1552 916 provincias
1593 865 1623 903 a
1647 851 1898 920 principe
1944 849 2146 914 missis,
2178 852 2343 906 animi
2374 852 2618 910 benevoli
2645 857 2878 913 testandi
2920 873 3084 916 causa
3115 861 3294 917 oﬁ‘erri
3345 862 3570 929 solebat,
3609 871 3668 918 ut

454 935 606 982 tanto
635 931 930 989 studiosius
953 942 1005 988 et
1033 933 1346 1005 diligentius
1376 938 1684 1009 reipublicae
1705 938 2069 1005 consulerent,
2097 947 2300 1010 quanto
2323 942 2528 1014 majore
2549 955 2602 1000 et
2634 945 2868 1017 publicis
2888 951 3126 1006 omnium
3157 953 3295 1009 votis
3327 953 3470 1010 illius
3498 955 3668 1016 admi-

452 1025 744 1080 nistrandae
765 1041 950 1080 curam
975 1038 1346 1100 susceperant.
1383 1029 1532 1088 Vale.

519 1117 676 1168 Anno
711 1117 903 1172 salutis
934 1117 1088 1173 1698.

796 1317 1106 1376 Celsitudini
1135 1330 1237 1376 ture
1265 1323 1640 1389 addictissimi,

2491 1514 2718 1575 Michael
2749 1519 2996 1578 Somnus.

2497 1608 2850 1666 Sebastianus
2878 1611 3166 1668 CRAMOISY.

2473 1703 2706 1764 Carolus
2739 1707 3080 1764 Μοιιιιειισε.

447 1878 3622 1915 ___________________________________________

1352 2024 2096 2117 GALLANDIUS
2163 2027 2722 2124 LECTORI.

1221 2211 1536 2276 (Bibliotheca
1559 2220 1646 2266 vet.
1674 2215 1812 2265 Patr.
1821 2251 1836 2277 ,
1859 2219 1977 2264 tom.
2003 2214 2087 2276 IV,
2110 2214 2329 2279 Proleg.,
2352 2229 2402 2279 p.
2429 2230 2548 2280 χιιι,
2571 2223 2696 2282 etp.
2724 2219 2856 2282 461.)

431 2476 472 2542 Ι.
531 2486 743 2542 Eusebii
808 2485 1148 2541 Caesariensis
1206 2481 1608 2558 Demonstratio
1674 2483 1982 2557 evangelica
2013 2495 2060 2552 Α
2087 2486 2218 2542 illud
2249 2486 2536 2558 Sapientiae
2561 2503 2658 2549 vn,
2686 2485 2756 2541 26
2789 2503 2804 2542 :
2833 2485 3092 2557 Splendor
3125 2499 3202 2544 est
3245 2491 3458 2548 luminis
3503 2510 3640 2549 sem-

1078 2552 1331 2624 suppleta.

499 2670 942 2741 Quandoquidem
1005 2680 1310 2738 temporum
1377 2667 1511 2722 ordo
1569 2669 1636 2724 ad
1690 2668 1984 2726 Eusebium

427 2764 816 2820 Cmsariensem
846 2779 944 2819 nos
974 2763 1288 2828 deduxerat,
1313 2773 1502 2818 nostra
1543 2761 1809 2819 interesse
1859 2779 1987 2817 cen-

426 2857 656 2920 suimus,
690 2866 747 2911 ut
780 2856 1101 2926 procemium
1141 2861 1194 2910 et
1232 2856 1409 2928 capita
1459 2853 1527 2910 IlI
1555 2854 1768 2926 \priora
1812 2853 1984 2909 libril

426 2947 742 3004 Eusebiana:
801 2946 1274 3002 Demonstrationis
1339 2947 1646 3018 evangelica:
1695 2962 1804 3000 una
1859 2961 1983 3000 cum

424 3042 601 3113 ipsius
630 3043 810 3112 operis
835 3041 1066 3112 epilogo.
1104 3057 1223 3111 qua:
1248 3041 1302 3095 in
1326 3041 1588 3095 hactenus
1616 3039 1846 3109 vulgatis
1878 3037 1987 3093 edi-

421 3136 662 3192 tionibus
691 3135 1160 3199 desiderabantur,
1191 3133 1333 3206 typis
1381 3134 1695 3189 excudenda
1744 3133 1984 3188 tradere-

423 3245 564 3286 mus.
588 3228 664 3284 Ea
685 3244 814 3286 vero
839 3237 1061 3294 accepta
1085 3229 1372 3285 referimus
1401 3227 1773 3283 eruditissimo
1786 3225 1982 3281 loanni

420 3321 641 3379 Alberto
673 3320 959 3389 Fabricio;
987 3321 1079 3393 qui
1113 3320 1258 3377 haud
1292 3321 1364 3374 ita
1389 3319 1598 3391 pridem
1629 3320 1814 3374 isthzec
1843 3334 1982 3389 prae-

421 3415 554 3469 clari
581 3415 760 3486 operis
793 3414 1162 3484 supplementa
1191 3427 1258 3466 ex
1287 3427 1389 3468 ms.
1418 3413 1606 3466 codice
1643 3410 1982 3465 bibliotheca:

420 3505 711 3561 celsissimi
741 3503 1033 3560 Walachiae
1061 3504 1324 3576 principis
1353 3502 1579 3559 Joannis
1605 3501 1809 3557 Nicolai
1831 3501 1981 3556 Mau-

419 3591 693 3646 rocordati
745 3592 1050 3662 desumpta,
1101 3593 1260 3648 bonis
1307 3593 1504 3650 litteris
1553 3593 1692 3648 bene
1731 3594 1976 3662 cupiens,

417 3698 544 3738 cum
573 3699 674 3739 sua
701 3685 1147 3756 interpretatione
1168 3684 1438 3754 evulgavit
1461 3685 1559 3756 (a).

417 3773 483 3832 ll.
524 3775 809 3832 Permultis
859 3778 912 3832 in
957 3777 1084 3832 locis
1126 3775 1615 3832 Demonstrationis
1659 3775 1980 3846 evangelica:

2085 2579 2295 2646 piterni,
2317 2577 2681 2647 speculumque
2697 2578 3096 2632 immaculatum
3121 2579 3312 2636 divine
3337 2584 3638 2652 efﬁcientia,

2085 2681 2134 2724 et
2165 2671 2339 2740 imago
2377 2669 2623 2724 bonitatis
2677 2669 2853 2733 illius;
2909 2669 3148 2748 illudque
3178 2680 3436 2741 praeterea
3491 2673 3642 2730 Pauli

2086 2761 2152 2817 ad
2187 2761 2438 2817 Hebraeos
2470 2778 2506 2827 ι,
2539 2762 2572 2816 5
2607 2779 2620 2815 ;
2654 2760 2758 2826 Qui
2780 2777 2897 2815 cum
2954 2763 3023 2817 sit
3076 2763 3320 2833 splendor
3359 2765 3541 2836 gloria
3592 2775 3643 2822 et

2085 2855 2256 2926 ﬁgura
2287 2855 2598 2910 substantia!
2624 2856 2736 2926 ejus
2767 2871 2786 2909 :
2816 2855 2924 2922 bis,
2971 2855 3221 2928 inquam,
3265 2860 3451 2914 relatis
3483 2860 3643 2915 docet

2083 2945 2350 3004 Eusebius
2400 2959 2559 3018 atque
2609 2950 2858 3004 evincere
2908 2948 3118 3014 nititur,
3169 2951 3528 3006 substantiam
3587 2960 3642 3008 et

2084 3040 2333 3095 deitatem
2353 3039 2470 3094 Filii
2491 3041 2650 3095 aliam
2672 3057 2793 3096 esse
2812 3057 2840 3094 a
2859 3049 3082 3112 paterna
3109 3053 3163 3096 et
3189 3043 3454 3098 diversam
3481 3058 3545 3098 ac
3561 3059 3642 3098 se-

2083 3140 2352 3205 paratam,
2367 3135 2578 3205 ipsique
2605 3135 2774 3188 multo
2799 3133 3126 3190 inferiorem.
3145 3135 3235 3189 Sic
3255 3136 3397 3190 enim
3425 3137 3512 3192 ille
3527 3137 3634 3207 (b):

2087 3243 2108 3276 ε
2145 3224 2250 3280 Sed
2280 3241 2310 3279 a
2343 3225 2583 3282 sensibili
2623 3225 2840 3296 quidem
2885 3226 3088 3282 lumine
3118 3227 3371 3297 splendor
3397 3229 3637 3299 separari

2081 3332 2193 3372 non
2229 3327 2406 3388 potest
2443 3337 2454 3372 :
2496 3314 2669 3373 Filius
2722 3336 2836 3373 vero
2888 3334 3121 3374 seorsum
3164 3337 3196 3374 a
3246 3320 3406 3376 Patre
3464 3337 3556 3392 per
3585 3337 3641 3377 se

2081 3408 2250 3477 ipsum
2277 3407 2532 3473 subsistit,
2558 3428 2576 3461 ι
2622 3409 2679 3463 '0
2707 3411 2762 3463 δὲ
2795 3411 2919 3474 Υἱὸς
2955 3411 3096 3474 ἰδίως
3130 3413 3276 3484 παρά
3303 3413 3392 3466 τὸν
3425 3414 3640 3488 Πατέρα

2081 3497 2200 3550 καθ’
2232 3497 2418 3550 ἑαυτὸν
2459 3499 2724 3569 ἐφέστηκε
2755 3500 2876 3570 (leg.
2925 3499 3238 3572 ὑφέστηκε).
3287 3501 3364 3556 Ac
3416 3501 3638 3558 luminis

2080 3589 2294 3660 quidem
2324 3592 2578 3661 splendor
2605 3593 2782 3646 locum
2821 3592 3122 3648 efﬁcientia:
3164 3593 3374 3649 obtinet
3410 3613 3422 3648 :
3460 3592 3633 3650 Filius

2081 3693 2254 3737 autem
2287 3682 2432 3736 aliud
2474 3682 2740 3753 quidpiam
2771 3699 2927 3753 quam
2975 3683 3256 3738 secundant
3314 3685 3634 3754 eﬁicientiam

2079 3784 2176 3838 est,
2221 3790 2310 3843 per
2352 3792 2406 3828 se
2439 3776 2610 3843 ipsum
2665 3773 2961 3828 substantia
3013 3776 3282 3843 pra'ditus,
3325 3775 3383 3829 '0
3413 3775 3470 3828 δὲ
3508 3775 3636 3840 Υἱὸς

483 3847 745 3940 Arianum
771 3865 824 3902 se
852 3847 1026 3930 prodit
1057 3846 1334 3940 .Euseliius.
1369 3846 1484 3929 liae
1516 3847 1591 3940 ﬂde
1639 3847 1979 3940 cenantiulla

2079 3866 2260 3935 ἕτερόν
2310 3883 2360 3920 τι
2409 3865 2549 3920 κατὰ
2599 3867 2874 3940 ἐνέργειαν
2927 3867 3200 3938 τυγχάνει,
3263 3867 3382 3920 καθ’
3445 3867 3633 3921 ἑαυτὸν

483 3918 821 3986 proferuntur
853 3916 1146 3986 'specimina
1193 3917 1468 3972 Arianica.
1506 3916 1721 3971 Eusebii
1777 3918 1974 3983 placita

484 3988 736 4112 fﬂerpres
791 3989 856 4043 de
884 3989 1146 4044 industria
1193 3987 1261 4042 ad
1307 3986 1618 4044 catholicam
1665 3987 1973 4043 sententiam

521 4076 548 4112 e
574 4068 770 4131 orquet.

486 4150 586 4208 llic
639 4168 803 4223 porro
850 4153 1080 4209 lectores
1129 4153 1365 4208 monitus
1397 4151 1579 4215 velim,
1627 4149 1970 4205 Demonstrao

414 4245 605 4298 tionem
648 4243 866 4298 Eusebii
906 4245 1250 4314 euangelicum
1283 4251 1568 4315 prepterea
1601 4242 1732 4297 mihi
1769 4243 1968 4298 dictam

409 4337 726 4403 praclarum
745 4353 895 4406 opus,
914 4337 1058 4406 quod
1088 4337 1256 4390 multa
1282 4338 1442 4407 plane
1473 4338 1528 4391 in
1557 4351 1622 4390 eo
1658 4336 1799 4391 libro
1831 4351 1969 4407 prte—

413 4428 559 4483 clare
586 4428 782 4482 dixerit
811 4435 1022 4495 auctor,
1048 4429 1440 4498 veritatemque
1474 4429 1797 4484 Christianae
1835 4429 1966 4482 reli-

354 4575 368 4590 ,
410 4522 589 4592 gionis
612 4521 872 4578 adversus
894 4520 1108 4580 Judteos
1141 4522 1482 4594 potissimum
1513 4537 1577 4577 ex
1609 4520 1782 4576 sacris
1812 4518 1967 4575 Vete—

410 4613 489 4668 ris
509 4621 564 4668 et
583 4611 719 4668 Novi
747 4611 1079 4670 Testamenti
1103 4613 1296 4670 litteris
1324 4613 1557 4667 maxime
1588 4611 1961 4681 prepugnarit.

409 4704 611 4762 Verum
644 4707 698 4761 in
728 4707 1013 4776 permultis
1042 4707 1284 4777 ejusdem
1311 4706 1492 4776 operis
1528 4705 1662 4761 locis
1689 4703 1832 4758 haud
1865 4704 1964 4759 ob-

409 4813 571 4852 scure
608 4795 786 4868 prodit
816 4805 984 4853 semet
1019 4795 1286 4854 Eusebius
1317 4795 1643 4850 Arianorum
1681 4803 1840 4850 sectae
1869 4791 1966 4846 ad-

408 4887 647 4956 dictum;
679 4902 908 4958 quorum
940 4886 1139 4956 placita
1177 4885 1405 4943 subinde
1435 4885 1669 4939 inculcat
1696 4896 1748 4938 et
1787 4888 1961 4952 urget,

408 4979 605 5042 nedum
639 4979 744 5034 sibi
777 4978 1002 5048 probata
1049 4977 1401 5033 demonstret.
1445 4975 1597 5043 Quod
1641 4972 1860 5046 quidem
1907 4982 1965 5027 ut

406 5079 607 5142 pateat,
637 5086 807 5142 unum
851 5070 1221 5125 tantummodo
1247 5071 1422 5124 locum
1452 5069 1508 5122 in
1539 5065 1767 5121 medium
1793 5063 1968 5134 prole-

408 5178 546 5226 ram,
592 5179 701 5234 quo
743 5169 934 5218 auctor
973 5162 1248 5232 propalam
1279 5161 1494 5216 Arianae
1524 5159 1791 5213 haereseos
1816 5157 1964 5212 virus

2074 3957 2422 4029 οὐσιωμένος.
2466 3957 2702 4014 Rursum
2753 3958 3008 4028 splendor
3056 3959 3215 4012 simul
3257 3974 3382 4012 cum
3432 3959 3634 4014 lumine

2072 4049 2308 4115 exsistit,
2336 4049 2573 4120 illudque
2605 4049 2838 4121 quodam
2867 4049 3024 4104 modo
3051 4050 3318 4119 complet;
3353 4065 3475 4104 nam
3511 4052 3630 4106 sine

2072 4142 2357 4212 Splendore
2401 4142 2580 4196 lumen
2621 4157 2960 4212 nequaquam
3003 4143 3330 4210 substiterit,
3361 4143 3631 4214 simulque

2071 4247 2194 4287 cum
2245 4233 2336 4287 illo
2379 4247 2442 4287 ac
2501 4233 2797 4288 secundum
2849 4231 2981 4286 illud
3033 4232 3326 4288 subsistit:
3369 4243 3424 4286 at
3466 4233 3629 4288 Pater

2067 4323 2215 4392 prius
2275 4338 2432 4392 quam
2478 4319 2650 4376 Filius
2689 4323 2915 4388 exsistit,
2967 4331 3015 4376 et
3074 4332 3194 4378 ante
3243 4325 3628 4396 generationem

2067 4415 2179 4486 ejus
2199 4415 2500 4478 exsistebat,
2523 4424 2774 4486 quatenus
2803 4416 2947 4469 solus
2977 4415 3231 4485 ingenitus
3259 4399 3374 4469 erat
3397 4432 3416 4469 :
3444 4434 3464 4468 ι
3485 4416 3541 4468 Ὁ
3568 4415 3626 4468 δὲ

2069 4508 2258 4582 Πατὴρ
2309 4507 2648 4579 προῦπάρχει
2700 4505 2790 4559 τοῦ
2842 4505 3002 4570 Υἱοῦ,
3037 4507 3130 4559 καὶ
3182 4506 3281 4576 τῆς
3328 4507 3629 4577 γεννήσεως

2067 4600 2228 4654 αὑτοῦ
2247 4592 2722 4672 προῦφέστηκεν,ᾖ
2751 4597 2908 4668 μόνος
2936 4598 3224 4668 ἀγέννητος
3249 4593 3336 4670 ἦν,
3364 4617 3382 4651 ι
3418 4617 3473 4653 κ.
3496 4616 3548 4654 τ.
3572 4600 3629 4656 λ.

2066 4691 2354 4760 Complura
2395 4705 2522 4744 vero
2555 4689 2820 4759 ejusmodi
2852 4690 2968 4744 loca
2999 4706 3062 4746 eo
3094 4691 3151 4746 in
3177 4707 3338 4762 opere
3376 4693 3628 4751 Arianica

2066 4783 2186 4839 labe
2219 4790 2403 4838 notata
2452 4782 2638 4836 videas
2681 4781 2823 4852 apud
2855 4781 3002 4838 viros
3053 4783 3421 4851 doctissimos,
3454 4785 3624 4842 Mara-

2066 4893 2194 4931 num
2230 4875 2300 4947 (c)
2336 4883 2388 4930 et
2427 4874 2888 4930 Montl'auconium
2918 4874 3031 4945 (d);
3057 4891 3286 4946 quorum
3322 4880 3460 4935 alter
3491 4896 3626 4950 pra:-

2065 4979 2212 5025 terea
2259 4969 2640 5024 animadvertit
2677 4967 2770 5039 (e),
2809 4966 3284 5023 Demonstrationis
3320 4972 3624 5042 evangelica

2066 5061 2412 5130 interpretem
2454 5060 2520 5114 de
2569 5059 2837 5114 industria
2868 5057 3158 5113 Eusebium
3199 5061 3267 5115 ad
3298 5063 3622 5117 catholicam

2067 5152 2390 5209 sententiam
2412 5151 2729 5206 detorsisse.
2759 5148 2865 5205 Sed
2893 5163 2990 5218 pro
3014 5164 3240 5207 munere
3270 5160 3460 5208 nostro
3486 5151 3618 5206 satis

407 5228 654 5310 effundit.
711 5228 993 5325 Siquidem
1039 5228 1322 5324 postquam
1354 5252 1419 5307 ad
1462 5250 1738 5307 Christum
1780 5248 1967 5304 retulit
1991 5228 2036 5288 ο
2070 5244 2183 5299 haec
2211 5251 2388 5299 sunto.

439 5412 546 5498 iam)
571 5409 786 5468 Fabric.
814 5415 868 5468 in
909 5413 1101 5480 Delect.
1133 5417 1360 5484 argum,
1389 5427 1546 5485 pagg.
1578 5411 1729 5467 1-22.
1758 5409 1954 5466 Hamis.

348 5559 354 5568 ί
405 5483 804 5632 Euseb.
854 5523 1155 5611 Demonstr.
1211 5523 1387 5632 euang,
1439 5553 1534 5608 lib.
1599 5531 1674 5622 iv,
1726 5568 1846 5622 cap.
1904 5551 1960 5612 5,

400 5625 778 5759 "fabis...
821 5693 992 5748 Divin.
1043 5693 1103 5748 υ.
1157 5691 1231 5746 .V'.
1270 5694 1325 5749 λ.
1364 5693 1448 5760 0.,
1503 5695 1577 5749 lib
1615 5709 1684 5757 IV,
1721 5708 1820 5756 cap
1869 5691 1960 5752 ετ,

2075 5407 2186 5478 53,
2223 5415 2277 5462 et
2306 5422 2424 5477 cap.
2455 5407 2546 5478 28,
2576 5426 2614 5478 ελ
2633 5405 2688 5469 ι,
2719 5417 2874 5478 pagg.
2903 5401 3188 5478 58{,_593,
3216 5402 3338 5478 601.

2142 5464 2218 5544 id)
2244 5464 2428 5531 Monii.
2463 5464 2696 5531 Priel'im.
2721 5464 2958 5529 'ad'tom.
2993 5464 3244 5530 lCollebt.
3281 5469 3398 5526 PP.
3427 5464 3626 5531 Ome.

2071 5563 2226 5618 pagg.
2243 5564 2508 5618 νιν-ηυξ.

2144 5616 2212 5690 (ά)
2238 5617 2312 5672 Id.
2342 5617 2471 5673 ibid.
2510 5616 2538 5688 ᾗ
2573 5616 2626 5682 5,
2657 5631 2776 5690 pag.
2810 5631 2922 5672 xu.
