3974 6208
323 270 387 322 i3

964 274 1227 330 EUSEBll
1263 275 1736 335 GESARIENSIS
1771 277 1921 339 OPP.
1966 282 2146 339 PARS
2186 285 2250 341 ll.
2284 315 2348 330 -
2388 288 2884 350 APOLOGETICA.

3445 302 3514 357 10

317 388 516 442 tionem
545 390 910 459 evangelicam
951 405 1016 443 ex
1052 389 1488 459 praedictionibus
1534 407 1652 462 quae
1679 407 1709 446 a
1751 410 1813 466 pr

1913 397 2219 456 λάνέκαθεν
2264 402 2391 472 παρ’
2431 403 2700 476 Ἑϐραίοις
2744 409 3111 479 ἀνακειμένων
3165 418 3515 490 προρρήσεων

317 494 400 533 ma
429 479 636 550 origine
663 481 801 551 apud
847 479 1095 536 llebrmos
1120 482 1466 553 promulgata:
1497 491 1733 549 exstant,
1768 502 1863 541 ex—

311 587 512 642 ponere
533 572 887 628 instituimus.
910 571 1192 638 Quomodo
1220 580 1396 630 autem
1415 583 1470 632 et
1489 591 1596 647 qua
1619 578 1864 634 ratione?

309 670 368 716 ut
405 679 596 734 nempe
622 664 728 719 illis
769 663 875 718 Deo
907 663 1261 731 charissimis,
1292 683 1428 736 quos
1452 671 1593 726 nosti
1619 673 1859 727 omnium

306 753 622 810 decantatos
647 755 890 818 vocibus,
914 755 1078 819 Mose,
1112 757 1350 828 inquam,
1375 767 1428 815 et
1456 762 1545 832 qui
1569 769 1692 832 post
1718 763 1859 820 hunc

303 847 763 916 exsplenduerunt
805 847 1004 902 divinis
1036 848 1316 921 beatisque
1368 853 1646 923 prophetis
1677 869 1740 909 ac
1771 870 1858 910 sa-

303 939 411 993 cris
459 939 818 1010 scriptoribus
862 941 1092 997 testibus
1134 949 1369 1009 utamur,
1419 954 1580 1016 atque
1629 947 1698 1001 ab
1751 947 1857 1003 illis

301 1031 656 1100 praznuntiata
702 1033 1079 1098 ostendamus,
1113 1050 1233 1104 qua:
1263 1036 1447 1093 multis
1494 1048 1616 1108 post
1639 1039 1854 1095 demum

300 1124 514 1178 saeculis
541 1124 594 1178 in
626 1126 797 1180 lucem
822 1125 1054 1195 prodita,
1075 1134 1234 1198 atque
1259 1144 1356 1198 per
1371 1127 1667 1185 Salvatoris
1688 1146 1852 1185 evan-

299 1215 522 1285 gelicam
574 1215 1094 1272 demonstrationem
1142 1217 1198 1273 in
1243 1234 1356 1274 rem
1402 1219 1630 1276 deducta
1683 1229 1847 1285 sunt,

1964 493 2407 563 παραστήσασθαι
2441 498 2811 568 πειρωμένοις.
2851 499 2973 563 Πῶς
3004 501 3087 573 δὴ,
3118 505 3210 558 καὶ
3238 507 3356 560 τίνα
3387 515 3512 568 τρό-

1963 601 2061 636 πον
2087 587 2210 650 τοὺς
2238 586 2502 656 θεοφιλεῖς
2531 590 2789 654 ἐκείνους,
2833 589 2987 646 οἶσθα
3027 595 3196 666 δήπου
3223 600 3347 662 τοὺς
3378 600 3512 670 βοω-

1963 676 2152 748 μένους
2180 678 2326 750 παρά
2346 683 2454 743 τοῖς
2475 681 2715 752 ἀνδράσι,
2740 685 2973 738 Μωῦσέα
2995 685 3054 758 δή
3085 687 3245 758 λέγω,
3271 691 3362 744 καὶ
3388 694 3514 756 τοὺς

1961 769 2076 836 μετ’
2109 769 2268 823 αὑτὸν
2297 769 2674 842 ἐκλάμψαντας
2701 773 3040 844 θεοπρεπεῖς,
3063 778 3155 830 καὶ
3186 781 3311 845 τοὺς
3333 799 3510 853 μακα-

1959 857 2105 928 ρίους
2153 861 2430 932 προφήτας
2456 878 2514 915 τε
2560 863 2652 916 καὶ
2690 865 3023 935 ἰερεφάντας,
3073 870 3334 940 μάρτυσιν
3373 875 3509 928 ἀπο·

1955 950 2240 1022 χρώμενοι,
2274 953 2332 1018 ἐξ
2379 954 2554 1008 αὐτῶν
2588 957 2634 1008 τ’
2666 957 3022 1014 ἐπιδεικνύναι
3051 967 3416 1036 προῃρημένοι
3439 968 3508 1023 τά

1958 1049 2183 1136 μακροῖς
2209 1046 2425 1120 ὕστερον
2458 1049 2648 1103 αἰῶσιν
2673 1052 2751 1116 είς
2783 1052 2897 1120 φῶς
2923 1053 3156 1120 ἐλθόντα,
3180 1060 3272 1111 καὶ
3293 1059 3380 1114 διά
3408 1063 3509 1136 τῆς

1951 1132 2044 1186 τοῦ
2097 1135 2342 1210 Σωτῆρος
2386 1139 2736 1211 εύαγγελικῆς
2779 1141 3099 1207 ἀποδείξεως
3151 1132 3505 1219 πραγματειλ.

1951 1224 2130 1290 θέντα,
2157 1227 2226 1280 τά
2252 1245 2309 1280 τε
2341 1227 2459 1282 καθ’
2489 1231 2632 1300 ἡμᾶς
2652 1231 2842 1296 αὐτοὺς
2871 1235 3035 1286 εἰσέτι
3055 1234 3146 1288 νῦν
3170 1234 3276 1309 πρὸ
3306 1239 3504 1311 ὀφθαλ-

296 1323 522 1378 ιμιαείιιιθ
556 1308 732 1364 adhuc
776 1312 1025 1379 praesenti
1056 1318 1214 1368 aetate
1236 1312 1292 1366 in
1335 1320 1627 1382 conspectu
1665 1324 1813 1369 nostr

1951 1313 2066 1383 μῶν
2090 1316 2479 1388 συντελούμενα
2519 1319 2644 1391 θείῳ
2675 1320 2946 1393 Πνεύματι
2979 1308 3397 1399 προειληφόταςδ
3425 1332 3502 1398 ὡς

293 1401 668 1474 perﬁciuntur,
711 1403 867 1474 longe
901 1404 1050 1474 prius
1081 1404 1148 1459 ab
1182 1403 1396 1469 iisdem,
1431 1405 1613 1461 divino
1643 1403 1809 1477 Spirit

1947 1401 2010 1455 ἂν
2033 1404 2271 1475 παρόντα
2292 1406 2360 1460 τά
2383 1407 2455 1478 μή
2483 1409 2740 1480 παρόντα,
2771 1411 2860 1464 καί
2883 1413 2949 1466 τά
2983 1413 3204 1485 μηδέπω
3237 1418 3499 1491 μηδαμῶς

292 1494 539 1559 docente,
565 1504 848 1566 percepta;
875 1497 947 1550 ita
977 1503 1031 1551 ut
1053 1496 1296 1552 absentia
1323 1503 1576 1567 tanquam
1607 1514 1812 1570 praesen

1942 1494 2089 1561 ὄντα,
2115 1496 2189 1560 ὼς
2212 1500 2452 1572 ἐναργῶς
2477 1502 2604 1557 ὅντα
2629 1509 3072 1573 κατωπτευκότας
3089 1527 3102 1540 ·
3137 1512 3230 1566 καί
3257 1514 3314 1566 ού
3343 1515 3498 1572 τοῦτο

288 1587 384 1649 tia,
429 1595 482 1642 et
517 1603 636 1657 qua:
674 1588 914 1642 nondum
957 1603 1184 1658 usquam
1231 1597 1407 1653 erant,
1440 1598 1694 1660 tanquam
1730 1591 1812 1645 evi

1942 1586 2122 1678 μόνον,
2154 1589 2287 1644 ἀλλά
2318 1594 2408 1645 καὶ
2435 1597 2545 1657 τοῖς
2591 1596 2878 1665 μετέπειτα
2901 1598 2986 1653 διά
3016 1604 3230 1675 γραφῆς
3267 1605 3335 1659 τά
3363 1607 3492 1678 μέλη
3574 1637 3577 1640 .

287 1672 479 1730 denter
508 1675 620 1746 jam
649 1676 960 1731 exsistentia
986 1675 1357 1743 intuerentur;
1391 1693 1489 1733 nec
1514 1678 1617 1734 hoc
1643 1679 1813 1735 solum

1942 1677 2101 1733 λοντά
2139 1698 2266 1734 ποτε
2296 1683 2508 1738 ἔσεσθαι
2551 1690 3066 1760 προμεμηνυκότας·
3099 1672 3236 1747 ὥστε
3401 1695 3494 1754 καὶ

285 1762 380 1820 sed
426 1767 586 1819 etiam
621 1767 852 1836 posteris
886 1766 1090 1836 scripto
1129 1782 1249 1838 quae
1289 1769 1414 1823 olim
1448 1780 1629 1825 essent
1657 1769 1813 1825 futur:

1937 1771 2153 1860 ἐτέρους
2177 1772 2234 1837 ἐξ
2265 1773 2441 1830 αὐτῶν
2482 1777 2676 1832 εἰδέναι
2709 1797 2766 1833 τε
2793 1783 2884 1834 καί
2917 1783 3198 1855 γνωρίζειν
3216 1762 3492 1860 τὸνμέλλον

286 1857 676 1929 przesignarent
717 1877 728 1913 :
763 1865 822 1912 ut
849 1857 960 1928 jam
1001 1859 1092 1913 alii
1133 1875 1346 1930 quoque
1382 1876 1446 1916 ex
1485 1861 1593 1918 illis
1631 1863 1836 1918 scirent

285 1951 464 2007 futura
517 1960 1046 2022 cognoscerentque,
1102 1957 1157 2006 et
1209 1951 1449 2022 quotidie
1490 1954 1833 2008 oraculorum

282 2043 496 2098 illorum
534 2052 756 2099 eventus
800 2050 854 2098 et
893 2040 1114 2097 effectus
1149 2043 1609 2113 praestolarentur.
1642 2042 1832 2110 Qualia

279 2149 408 2190 vero
443 2134 804 2189 illa'tinlinita
842 2148 993 2197 sane,
1048 2134 1260 2204 aliaque
1303 2136 1624 2198 omnivaria,
1666 2143 1720 2190 et
1765 2134 1833 2191 dc

277 2224 530 2280 omnibus
583 2223 961 2278 communibus
1012 2223 1214 2293 pariter
1267 2231 1321 2278 et
1376 2225 1828 2296 particularibus,

275 2314 628 2386 quazquejam
655 2314 898 2385 singulos
930 2321 1236 2385 spectarent
1258 2315 1524 2379 homines,
1553 2317 1664 2385 jam
1695 2317 1828 2369 inte-

273 2421 396 2477 gras
442 2406 858 2473 universitates;
893 2405 1212 2474 proprieque
1253 2405 1319 2458 de
1365 2406 1527 2459 rebus
1575 2404 1829 2458 Hebraeo.

273 2515 413 2562 rum,
443 2506 604 2568 atque
630 2497 880 2551 similiter
914 2495 981 2549 de
1013 2495 1254 2548 externis
1279 2494 1528 2563 gentibus
1554 2511 1569 2559 ;
1601 2502 1658 2547 ut
1687 2501 1820 2548 sunt

269 2591 580 2644 eversiones
623 2589 860 2648 urbium,
897 2573 1215 2655 temporum.
1247 2585 1599 2649 mutationes,
1633 2600 1815 2640 rerum

267 2679 690 2743 vicissitudines,
748 2676 1229 2748 adfuturornmque
1278 2677 1540 2732 bonorum
1587 2692 1824 2747 praesen-

1929 1859 2481 1938 δύνασθαι,ὀσημέραι
2509 1884 2566 1920 τε
2593 1871 2888 1944 προσδοκᾷν
2907 1874 3010 1928 τῶν
3035 1875 3225 1944 λογίων
3257 1859 3324 1932 τά
3353 1881 3488 1934 ἀποιο

1931 1949 2254 2022 τελέσματα.
2294 1955 2427 2007 Ποῖα
2463 1955 2520 2009 δέ
2572 1957 2771 2025 ταῦτας
2824 1961 2988 2032 μυρία
3029 1965 3124 2033 μὲν
3164 1963 3229 2019 ἂν
3257 1967 3362 2038 εἴη,
3396 1970 3488 2023 καὶ

1932 2038 2064 2092 ἄλλα
2116 2043 2342 2096 παντοῖά
2376 2061 2458 2111 τε,
2490 2046 2582 2100 καὶ
2630 2049 2757 2118 περὶ
2801 2049 3035 2115 πάντων,
3069 2054 3259 2108 κοινῶν
3289 2073 3348 2108 τε
3395 2059 3489 2114 καὶ

1929 2129 2037 2183 τῶν
2067 2131 2168 2184 ἀνὰ
2195 2133 2376 2206 μέρος,
2407 2135 2527 2188 καθ’
2555 2137 2777 2192 ἕκαστόν
2795 2155 2852 2192 τε
2883 2140 3067 2214 ἄνδρα,
3102 2145 3196 2198 καὶ
3223 2147 3349 2219 περὶ
3379 2149 3488 2204 τῶν

1930 2223 2183 2276 καθόλου·
2220 2225 2360 2288 ἰδίως
2383 2244 2439 2278 τε
2473 2229 2612 2297 ἀμφὶ
2641 2230 2747 2281 τῶν
2775 2230 2892 2284 καθ’
2933 2234 3210 2306 Ἐϐραίους
3232 2239 3485 2310 πραγμά-

1927 2329 2054 2375 των,
2101 2315 2194 2366 καί
2222 2312 2286 2368 αὖ
2321 2317 2477 2370 πάλιν
2520 2319 2644 2388 περί
2677 2320 2782 2372 τῶν
2815 2320 3008 2386 ἔξωθεν
3046 2326 3243 2378 ἐθνῶν·
3278 2325 3386 2382 οἷον
3415 2331 3480 2404 δὴ

1927 2400 2129 2453 πόλεων
2155 2402 2488 2468 ἀναστάσεις,
2517 2406 2721 2475 καιρῶν
2746 2425 2801 2460 τε
2831 2409 3081 2477 ἀλλαγὰς,
3112 2414 3204 2466 καί
3226 2400 3480 2488 πραγμάέ

1923 2505 2028 2542 των
2083 2491 2398 2559 μεταϐολὰς,
2453 2494 2747 2563 μελλόντων
2787 2515 2843 2550 τε
2889 2501 3104 2568 ἀγαθῶν
3158 2510 3473 2575 παρουσίας,

1922 2578 2016 2632 καὶ
2047 2579 2154 2633 τῶν
2193 2583 2445 2635 ἐναντίων
2478 2585 2758 2655 ἐπιφορὰς,
2794 2587 3255 2662 ἀνδραποδισμοὺς
3283 2595 3473 2662 ἐθνῶν,

1921 2668 2126 2723 πόλεων
2159 2671 2486 2742 πολιορκίας,
2519 2675 2626 2729 τῶν
2647 2677 2867 2730 καθόλου
2898 2678 3176 2748 βασιλείων
3210 2687 3476 2756 μεταστά-

1922 2775 2033 2823 σεις
2062 2777 2121 2813 τε
2170 2763 2260 2814 καί
2292 2765 2665 2831 καταστάσεις,
2699 2767 2791 2820 καὶ
2822 2768 2953 2823 ἄλλα
3005 2773 3172 2844 μυρία
3202 2777 3327 2848 περί
3365 2776 3472 2833 τῶν

267 2774 419 2836 tiam,
451 2780 505 2828 et
566 2773 838 2828 contraria
885 2771 1222 2828 immittenda
1271 2772 1432 2836 mala,
1480 2780 1538 2826 ut
1580 2759 1862 2843 gentium-

265 2862 678 2932 subjugationes
733 2877 796 2915 ac
838 2863 1186 2925 servitutem,
1232 2861 1447 2915 urbium
1489 2861 1813 2925 obsidiones,

1919 2851 2134 2905 ἔσεσθαι
2162 2857 2383 2926 μακροῖς
2411 2854 2629 2927 ὕστερον
2659 2859 3208 2933 χρόνοιςαμελλόντων,
3237 2870 3472 2941 προεκή-

265 2952 595 3023 integrorum
617 2968 907 3023 regnorum
934 2953 1246 3008 eversiones
1270 2952 1352 3007 vel
1374 2952 1813 3018 instaurationes,

1919 2958 2128 3013 ρυττον.
2165 2943 2298 2996 Ἀλλ’
2309 2945 2368 2998 ού
2383 2946 2584 3001 τούτων
2598 2949 2625 3002 ὅ
2639 2965 2702 3019 γε
2729 2953 2914 3027 παρὼν
2937 2957 3124 3028 καιρὸς
3146 2959 3236 3012 τὸν
3257 2960 3471 3032 ἔλεγχον

264 3054 424 3116 atque
456 3046 560 3100 alia
597 3046 806 3100 infinita
837 3046 1011 3116 longis
1045 3053 1165 3116 post
1195 3044 1528 3114 temporibus
1554 3051 1813 3099 eventura

1915 3037 2062 3107 ἡμᾶς
2085 3037 2304 3090 ἀπαιτεῖ
2334 3041 2801 3112 παραστήσασθαι-
2845 3046 2913 3100 τὰ
2947 3048 3112 3103 πολλὰ
3144 3049 3199 3104 δέ
3231 3051 3470 3116 εἰσαῦθις

263 3137 708 3207 ρι’ςεηιιιιιὶενειθε.
735 3135 930 3191 Verum
955 3137 1067 3190 haec
1091 3135 1303 3206 singula
1320 3133 1624 3190 enumerari
1657 3147 1686 3186 a
1713 3148 1811 3188 no-

1913 3130 2341 3201 ὑπερθεμένους,
2392 3133 2454 3184 ἐκ
2493 3132 2592 3204 τῆς
2635 3137 2741 3190 τῶν
2794 3141 3311 3213 παρατεθησομένων
3339 3143 3470 3216 άληο

259 3230 364 3292 bis,
411 3230 694 3299 praesentis
733 3229 965 3284 instituti
1004 3231 1143 3283 ratio
1189 3226 1504 3297 neutiquam
1550 3217 1807 3296 postulat.

259 3324 444 3392 Itaque
475 3322 884 3392 quamplurimis
921 3321 1133 3376 interim
1167 3321 1218 3374 in
1254 3319 1397 3373 aliud
1434 3328 1644 3388 tempus
1672 3318 1808 3372 dila-

1913 3222 2062 3286 θείας
2104 3222 2282 3292 ἠρέμα
2334 3223 2428 3275 καὶ
2470 3223 2576 3278 τῶν
2612 3226 3137 3302 ἀποσεσιωπημένων
3182 3233 3278 3306 τὴν
3330 3236 3465 3291 ἀπόο

1909 3312 2070 3378 δειξιν
2100 3309 2445 3366 πιστώσεται.

256 3418 369 3480 tis,
411 3415 567 3471 facile
613 3417 694 3470 vel
736 3431 798 3472 ex
855 3416 1045 3471 horum
1094 3430 1213 3486 qua:
1261 3413 1547 3470 afl'eremus
1583 3413 1827 3478 veritate,
1890 3410 2051 3466 etiam
2092 3407 2306 3461 illorum
2361 3423 2479 3478 qua:
2529 3409 2746 3466 silentio
2777 3415 3150 3484 praeterimus,
3195 3416 3327 3473 ﬁdes
3371 3418 3464 3475 de-

256 3508 683 3568 monstrabitur.,

884 3596 1108 3653 CAPUT
1139 3598 1178 3652 l.

256 3692 508 3758 Quantam
533 3701 581 3745 et
598 3700 794 3763 quanta
824 3691 877 3742 in
898 3689 1051 3742 Itacce
1087 3690 1394 3742 tractatione
1409 3689 1801 3758 promittuntur.

321 3784 452 3848 Quae
487 3781 650 3852 igitur
680 3781 837 3836 nobis
879 3782 934 3834 in
963 3779 1214 3850 praesenti
1250 3793 1316 3834 ex
1349 3777 1674 3848 propheticis
1708 3792 1802 3830 va-

249 3876 450 3931 ticiniis
481 3874 547 3928 a'd
599 3873 958 3944 cvangelicam
1003 3871 1515 3944 demonstrationem
1549 3869 1796 3940 persequi

245 3980 280 4020 e
302 3980 359 4020 re
385 3963 650 4027 videatur,
713 3963 1072 4020 cummaxime
1127 3968 1488 4032 Opportunum
1523 3967 1606 4015 est
1633 3974 1797 4028 expo-

248 4071 396 4112 nere.
429 4054 724 4109 Edixerunt
759 4054 1013 4108 nimirum
1049 4051 1326 4122 propheta
1353 4052 1466 4105 fore
1514 4057 1572 4105 ut
1622 4050 1797 4104 nomi-

246 4147 414 4201 natim
438 4145 708 4208 Christus,
736 4144 983 4212 idemque
1008 4140 1242 4196 Verbum
1269 4140 1381 4203 Dei,
1408 4140 1628 4210 ipseque
1652 4138 1794 4194 Deus

244 4253 309 4290 nc
353 4235 634 4300 Dominus,
668 4243 721 4289 et
769 4249 996 4303 magnus
1043 4232 1260 4302 quidam
1297 4231 1534 4301 Angelus
1580 4231 1792 4285 consilii

244 4327 386 4382 inter
416 4326 663 4380 homines
681 4333 992 4380 versaturus
1015 4330 1179 4386 esset,
1214 4323 1464 4377 universo
1491 4321 1628 4383 Orbi,
1663 4338 1793 4392 gen-

2439 3596 2826 3653 ΚΕΦΑΛΑΙΟΝ
2864 3601 2942 3655 A'.

1985 3683 2122 3736 Τίνα
2147 3683 2243 3737 καί
2273 3687 2467 3739 ὁπόσα
2491 3688 2910 3758 ἐπαγγέλλεται
2940 3691 2978 3758 ἡ
3006 3692 3384 3761 πραγματεία.

1973 3775 2106 3829 Τίνα
2130 3777 2302 3829 τοίνυν
2325 3780 2453 3848 ἡμῖν
2477 3781 2569 3834 ἐπὶ
2599 3780 2691 3834 τοῦ
2717 3782 2977 3853 παρόντος
3007 3784 3071 3836 ἐκ
3112 3783 3218 3836 τῶν
3247 3802 3454 3858 προφηο

1902 3866 2066 3919 τικῶν
2100 3871 2449 3941 προρρήσεων
2475 3873 2553 3936 εἰς
2579 3874 2674 3945 τὴν
2717 3875 3068 3947 εύαγγελικὴν
3093 3876 3360 3944 ἀπόδειξιν
3391 3873 3450 3932 εὖ

1901 3958 1965 4012 ἂν
1985 3959 2094 4029 ἔχοι
2125 3961 2409 4026 συντελεῖν,
2442 3963 2627 4034 καιρὸς
2653 3964 2717 4018 ἂν
2745 3965 2827 4036 εἴη
2859 3965 3052 4034 λέγειν.
3079 3967 3307 4039 Χριστὸν
3338 3969 3451 4023 dvo.

1903 4051 2065 4120 μαστί
2092 4051 2185 4104 καὶ
2231 4052 2362 4104 Θεοῦ
2410 4054 2596 4122 Λόγον,
2623 4055 2780 4108 αὐτόν
2819 4072 2878 4108 τε
2923 4056 3054 4108 Θεὸν
3103 4057 3194 4109 καὶ
3226 4057 3446 4130 Κύριον,

1899 4140 1991 4193 καί
2015 4158 2136 4195 τινα
2171 4143 2407 4214 μεγάλης
2450 4144 2643 4216 βουλῆς
2681 4145 2904 4214 ἄγγελον
2938 4146 3289 4218 ἐπιδημήσειν
3319 4149 3448 4202 ποτὶ

1897 4231 1976 4292 εἰς
2021 4231 2332 4303 ἀνθρώπους
2378 4233 2600 4304 ἔφασαν,
2645 4237 2859 4291 πάντων
2887 4255 2944 4291 τε
2988 4239 3095 4290 τῶν
3137 4238 3238 4291 ἀνά
3271 4239 3445 4292 πᾶσαν

1894 4322 1992 4395 τὴν
2020 4325 2336 4398 οἰκουμένην
2381 4326 2544 4380 ἐθνῶν
2584 4328 2900 4398 Ἑλληνικῶν
2937 4346 2994 4382 τε
3037 4329 3130 4382 καὶ
3159 4328 3444 4400 βαρϐάρων

243 4419 374 4471 tium
391 4415 696 4471 Grzeearum
714 4416 913 4485 pariter
928 4422 980 4469 et
996 4414 1345 4468 barbararum
1371 4412 1581 4467 futurus
1597 4412 1792 4467 Doctor

1913 4415 2204 4470 ἱιδάσκαλον
2242 4417 2469 4489 ἀληθοῦς
2496 4418 2838 4488 θεογνωσίας,
2871 4420 2960 4474 καὶ
2989 4419 3087 4490 τῆς
3111 4421 3191 4482 είς
3225 4421 3314 4473 τὸν
3337 4418 3442 4473 τῶν

240 4524 380 4564 νει-ιε
420 4507 745 4580 cognitionis
779 4505 871 4562 Dei
905 4514 957 4562 et
990 4505 1205 4577 pietatis
1239 4505 1292 4558 in
1331 4503 1518 4568 Deum,
1553 4505 1791 4561 universi

240 4598 508 4670 opiﬁcem,
542 4598 681 4654 sicut
706 4598 1076 4668 evangelicum
1101 4597 1385 4668 profitetur
1413 4596 1739 4666 praeconium
1773 4615 1786 4650 :

239 4690 499 4761 illumque
536 4690 710 4759 ipsum
757 4687 994 4744 futurum
1025 4703 1272 4759 puerum,
1310 4688 1585 4757 ﬁliumque
1617 4687 1791 4741 homi-

238 4782 324 4837 nis
354 4790 602 4836 vocatum
635 4780 720 4842 iri,
751 4788 810 4834 ut
838 4780 928 4849 qui
957 4795 1128 4851 genus
1154 4779 1220 4833 ab
1248 4778 1556 4834 hominibus
1593 4777 1788 4832 ductu-

236 4886 330 4929 rus
387 4874 478 4938 sit,
529 4872 946 4941 nasciturusqne
995 4887 1060 4926 ex
1104 4871 1331 4943 virgine,
1375 4885 1513 4925 nova
1552 4867 1785 4940 quadam

236 4969 396 5032 atque
437 4963 693 5018 inusitata
722 4961 1090 5032 generationis
1135 4962 1362 5015 ratione.
1406 4959 1471 5013 Et
1495 4959 1638 5030 quod
1669 4973 1784 5012 ma-

235 5055 378 5110 xime
421 5055 642 5126 dignum
700 5066 781 5110 est
825 5055 1202 5119 admiratione,
1235 5068 1302 5108 ne
1343 5053 1520 5106 locum
1567 5050 1782 5120 quidem

232 5149 530 5206 nativitatis
563 5153 680 5220 ejus
711 5149 1037 5212 Bethlehem,
1066 5149 1319 5204 omnibus
1349 5148 1643 5203 etiamnum
1679 5146 1781 5201 ho-

232 5239 320 5298 die
357 5239 452 5310 qui
490 5241 556 5296 ad
594 5241 740 5297 illum
777 5238 1128 5311 spectandum
1167 5239 1423 5293 extremis
1446 5236 1514 5290 ab
1537 5245 1690 5291 term
1720 5234 1780 5290 ﬂ-

234 5330 394 5386 nibus
432 5340 726 5387 accurrunt
770 5331 1135 5394 decantatum,
1181 5327 1398 5385 silentio
1444 5326 1778 5382 involventes

232 5425 621 5495 praeterierunt,
655 5425 748 5480 sed
778 5432 832 5481 et
861 5425 1004 5479 hunc
1023 5421 1186 5478 claris
1202 5421 1380 5477 verbis
1408 5420 1774 5491 proclamave-

231 5521 354 5569 runt
387 5534 402 5570 :
446 5515 588 5569 sicut
613 5514 774 5568 etiam
806 5522 1018 5583 tempus
1050 5511 1310 5566 adventus
1341 5518 1394 5564 et
1423 5508 1774 5579 apparitionis

227 5606 366 5675 ejus,
401 5621 514 5678 quo
546 5605 769 5676 praecise
799 5606 889 5658 ille
923 5605 1064 5658 inter
1091 5601 1337 5657 homines
1379 5608 1628 5656 versatus
1666 5609 1770 5665 est,

221 5697 386 5757 iidem
415 5697 582 5756 veluti
613 5696 774 5751 rebus
805 5703 1186 5757 prevertentes
1218 5690 1401 5747 divino
1429 5705 1524 5747 ore
1557 5693 1770 5746 nuntia-

1890 4506 2024 4560 ὅλων
2045 4507 2368 4579 δημιουργὸν
2391 4509 2518 4562 Θεὸν
2547 4509 2822 4574 εὐσεϐείας
2848 4509 3294 4580 καταστήσεσθαι,
3330 4505 3443 4583 ᾖτὸ

1889 4595 2233 4664 εύαγγελικὸν
2261 4596 2498 4668 περιέχει
2518 4598 2771 4668 κήρυγμα
2789 4615 2802 4628 ⁸
2829 4598 2920 4650 καὶ
2937 4598 3120 4650 τοῦτον
3143 4599 3302 4651 αὑτὸν
3324 4617 3444 4652 παι-

1887 4686 1995 4740 δίον
2023 4687 2256 4752 ἐσεσθαι,
2283 4689 2374 4741 καὶ
2407 4688 2520 4740 υἱὸν
2560 4688 2840 4760 ἀνθρώπου
2880 4687 3260 4760 κληθήσεσθαι,
3287 4690 3440 4758 γένος

1885 4795 1945 4831 τε
1970 4778 2090 4833 ὅθεν
2117 4779 2366 4846 κατάξει’
2399 4780 2490 4833 καί
2524 4796 2642 4833 τινα
2690 4779 2832 4844 ξένον
2857 4783 2920 4833 ἐκ
2949 4779 3215 4851 παρθένου
3240 4783 3438 4852 τρόπον

1885 4869 2048 4922 αὐτοῦ
2076 4869 2173 4940 τῆς
2211 4869 2509 4934 ἀποτέξεως
2527 4888 2540 4900 ·
2577 4871 2670 4924 καὶ
2697 4871 2756 4924 τό
2781 4887 2842 4938 γε
2883 4870 3329 4942 παραδοξότατον,
3358 4874 3436 4926 ὅτι

1887 4961 1960 5032 μὴ
1994 4966 2122 5015 πᾶσι
2177 4966 2286 5026 τοῖς
2317 4966 2380 5015 ἐκ
2423 4963 2670 5034 περάτων
2711 4963 2812 5034 γῆς
2856 4964 3019 5016 εἰσέτι
3064 4967 3297 5036 σήμερον
3345 4967 3436 5019 ἐπὶ

1883 5052 2010 5106 θέαν
2042 5053 2326 5107 σπεύδουσι
2367 5053 2654 5125 βοώμενον,
2685 5054 2784 5124 τῆς
2812 5057 2870 5107 ἐν
2902 5055 3145 5127 Βηθλεέμ
3172 5057 3434 5126 γενέσεως

1880 5141 2042 5196 αὑτοῦ
2097 5143 2313 5216 χωρίον,
2362 5147 2535 5215 σιωπῇ
2595 5143 2770 5208 δόντες
2825 5144 3116 5216 παρῆλθον,
3152 5147 3286 5200 ἀλλὰ
3340 5145 3430 5198 καὶ

1877 5233 2033 5288 τοῦτο
2081 5234 2288 5299 λευκοῖς
2327 5235 2580 5306 ὀνόμασιν
2631 5234 2954 5307 ἐξεϐόησαν·
2985 5237 3173 5309 ὥσπερ
3199 5232 3290 5290 οὖν
3338 5233 3429 5290 καὶ

1876 5325 1999 5388 τοὺς
2023 5325 2244 5398 χρόνους
2261 5327 2361 5399 τῆς
2388 5329 2699 5398 ἐπιφανείας
2719 5328 2903 5393 αὑτοῦ,
2928 5328 3047 5384 καθ’
3074 5327 3165 5392 οὓς
3191 5325 3427 5398 ἀκριϐῶς

1875 5411 2025 5482 οὗτος
2057 5420 2312 5492 ἐπεδήμει
2353 5420 2430 5491 τῷ
2487 5420 2602 5492 βίῳ,
2636 5421 2822 5495 ὥσπερ
2854 5422 3150 5492 φθάσαντες
3177 5421 3228 5475 οἰ
3276 5419 3426 5475 αὐτοὶ

1873 5511 1959 5564 διὰ
1979 5510 2085 5566 τῶν
2108 5512 2443 5584 πραγμάτων
2463 5512 2771 5572 ἐθέσπισαν.
2802 5515 3035 5586 Πάρεστι
3067 5512 3122 5565 δέ
3151 5527 3252 5574 σοι,
3291 5511 3423 5582 μετά

1871 5605 2056 5675 χεῖρας
2101 5601 2416 5658 ἀναλαϐόντι
2446 5606 2542 5673 τὴν
2579 5605 2827 5669 σπουδὴν,
2858 5610 2914 5660 ἐν
2963 5603 3251 5675 ὀφθαλμοῖς
3301 5600 3424 5655 ἰδεῖν

1872 5695 1930 5747 ὲν
1947 5696 2066 5757 ταῖς
2098 5691 2446 5765 summa;
2484 5700 2842 5766 προφητικατς
2881 5695 3205 5764 προρρήσεσι
3245 5691 3422 5756 πάσας
