4068 6206
476 248 539 303 Π
1373 234 2017 294 DEMONSTRATIONIS
2055 229 2507 289 EVANGELICE
2536 228 2664 289 LIB.
2703 226 2743 284 1.
3612 225 3681 281 l8

472 360 605 434 ὁμσῦ
636 356 1028 430 περιεχομένας
1050 355 1145 417 τάς
1171 353 1273 406 ὐπὸ
1299 350 1406 406 τῶν
1434 350 1731 406 θεσπεσίων
1756 348 2027 419 εὐαγγελι-

2131 362 2274 401 vere.
2305 344 2510 400 Licebit
2532 344 2692 397 etiam
2721 340 2814 395 tibi
2848 339 3085 396 studiose
3105 338 3411 394 admoventi
3436 353 3677 410 operam,

477 453 615 507 στῶν
670 445 1110 523 μαρτυρουμένας
1152 442 1314 497 αὐτοῦ
1360 442 1424 513 δὴ
1472 440 1564 494 τοῦ
1605 442 1849 525 Σωτῆρος
1880 438 2032 510 ⁴ήμῶν

487 542 662 616 Ἰησοῦ
689 540 780 594 τοῦ
813 536 1040 609 Χριστοῦ
1092 533 1423 607 παραδόξους
1454 532 1907 603 θαυματουργίας,
1943 531 2034 584 καὶ

474 636 575 698 τὰς
602 631 814 693 ἐνθέους
840 626 998 681 αὐτοῦ
1029 626 1122 679 καὶ
1150 624 1486 696 παναρέτους
1524 624 1648 693 περὶ
1679 622 1776 691 τῆς
1803 618 2033 691 ἀληθοῦς

477 717 758 779 εὐσεϐείας
784 712 1139 775 διδασκαλίας.
1169 712 1277 764 Καὶ
1298 710 1350 763 τί
1382 710 1459 762 δεῖ
1478 707 1793 778 θαυμάζειν,
1825 707 1911 760 ὅτε
1942 707 2033 759 καὶ

476 807 568 859 τὸν
614 806 732 858 νέον
761 805 853 874 τῆς
890 800 1170 864 εὐσεϐείας
1201 800 1418 870 τρόπον,
1457 799 1546 850 τὸν
1580 795 1656 868 (Ι)
1697 796 1831 867 πρὸς
1868 794 2030 848 αὐτοῦ

481 897 645 949 πᾶσιν
684 894 977 965 ἀνθρώποις
1017 891 1469 962 κατηγγελμένον,
1500 888 1793 959 διαρρήδην
1833 887 2035 956 ἀνακη-

487 986 743 1058 ρύττουσι,
768 984 954 1055 κλῆσιν
982 999 1040 1034 τε
1066 979 1315 1051 μαθητῶν
1348 978 1528 1041 αὐτοῦ,
1559 980 1650 1031 καὶ
1681 978 1883 1048 Καινῆς
1907 980 2035 1030 Δια-

482 1077 648 1148 θήκης
662 1073 1028 1137 διδασκαλίαν;
1050 1072 1155 1125 Ναὶ
1180 1071 1283 1142 μὴν
1305 1069 1395 1122 ἐπλ⁵
1422 1068 1625 1130 τούτοις
1654 1068 1745 1120 καὶ
1773 1068 1870 1130 τὰς
1905 1068 2034 1119 Ἰου-

478 1168 634 1223 δαίων
675 1168 752 1229 είς
784 1164 942 1219 αὐτὸν
983 1162 1236 1226 ἀπιστίας
1269 1162 1361 1215 καὶ
1386 1158 1717 1227 ἀντιλογίας,
1758 1157 2031 1227 ἀρχόντων

476 1277 533 1313 τε
565 1258 972 1319 ἐπαναστάσεις,
1000 1254 1327 1308 διδασκάλων
1356 1252 1597 1321 φθόνους,
1641 1250 1756 1313 ἐνὸς
1792 1248 2030 1320 μαθητοῦ

476 1350 779 1422 προδοσίαν,
799 1346 1007 1419 ἐχθρῶν
1026 1346 1289 1408 διαϐολὰς,
1314 1343 1659 1413 συκοφαντῶν
1679 1341 2029 1413 κατηγορίας,

472 1442 733 1495 δικαστῶν
788 1439 1157 1510 κατακρίσεις,
1212 1438 1396 1509 ὕϐρεις
1447 1435 1706 1505 ἀτίμους,
1766 1435 2033 1505 μάστιγας

472 1535 749 1597 ἐκτόπους,
773 1534 1082 1603 δυσφήμους
1113 1529 1392 1602 λοιδορίας,
1423 1527 1513 1580 ἐπὶ
1541 1529 1671 1580 πᾶσι
1699 1526 1788 1579 τὸν
1821 1524 2031 1579 ἐπονεί-

470 1626 642 1678 διστον
676 1625 899 1678 θάνατον
920 1640 934 1653 ο
964 1622 1121 1677 αὐτοῦ
1148 1640 1206 1674 τε
1234 1623 1324 1674 ἐπὶ
1350 1618 1556 1681 τούτοις
1590 1616 1798 1687 σιωπὴν
1826 1616 2032 1686 θαυμά-

2133 436 2315 491 videre
2347 434 2412 488 ad
2451 433 2672 488 oculum
2704 431 2759 485 in
2803 430 3131 498 propheticis
3157 445 3275 499 quae
3302 429 3527 499 prodita?
3555 439 3681 484 sunt

2133 524 2591 597 prtedictionihus,
2622 526 2874 578 universa
2897 522 3055 577 simul
3078 520 3456 581 comprehendi
3482 526 3677 577 testata

2133 617 2329 673 divinis
2388 615 2733 685 evangelistis
2777 614 2948 684 ipsius
2989 614 3280 669 Salvatoris
3323 612 3499 667 nostri
3550 611 3677 667 Jesu

2132 706 2332 763 Christi
2363 705 2621 775 stupenda
2651 705 2930 767 miracula,
2965 705 3280 773 divinasque
3316 704 3433 772 ejus
3475 710 3528 757 et
3568 704 3679 772 ple-

2132 813 2232 854 nas
2276 797 2453 852 omnis
2503 797 2717 851 virtutis
2773 797 2841 851 de
2892 796 3018 851 'vera
3067 799 3264 866 pietate
3292 794 3583 851 doctrinas.
3614 795 3678 849 Et

2131 889 2261 959 quid
2299 887 2498 941 mirum
2530 887 2651 948 hoc,
2690 900 2813 940 cum
2854 894 2904 940 et
2937 899 3131 939 novam
3179 886 3439 939 rationem
3464 886 3677 955 pietatis

2133 980 2381 1036 omnibus
2423 977 2730 1033 hominibus
2770 977 2838 1032 ab
2866 991 2931 1031 eo
2964 976 3445 1030 commendandam
3476 980 3679 1047 perspi-

2133 1087 2232 1126 cue
2273 1069 2596 1139 praedicent,
2626 1068 3072 1136 vocationemque
3122 1066 3513 1136 discipulorum
3562 1069 3677 1136 ejus

2132 1177 2195 1216 ac
2240 1160 2374 1215 Novi
2425 1160 2729 1214 doctrinam
2776 1157 3130 1213 Testamenti.
3172 1156 3282 1212 Nec
3324 1159 3504 1213 minus
3535 1168 3679 1214 certe

2132 1261 2388 1324 praeterea
2410 1251 2714 1307 Judaiorum
2740 1250 2791 1303 in
2817 1252 2990 1320 ipsum
3023 1249 3450 1304 incredulitatem
3474 1258 3528 1304 et
3553 1265 3681 1304 con-

2133 1343 2502 1406 tradictiones,
2551 1342 2853 1413 principum
2906 1342 3350 1405 insurrectiones,
3394 1341 3675 1396 doctorum

2130 1435 2409 1498 invidiam,
2436 1434 2597 1488 unius
2642 1432 2892 1501 discipuli
2940 1431 3328 1501 proditionem,
3383 1410 3719 1486 calumnias.

2132 1526 2409 1603 hostium,
2460 1525 2913 1604 sycophantarum
2968 1523 3377 1587 accusationes,
3436 1523 3679 1592 judicum

2132 1618 2626 1683 condemnationes,
2660 1626 2849 1686 turpes
2877 1615 3218 1686 ignominias,
3244 1614 3449 1683 ﬂagella
3472 1616 3682 1685 gravis-

472 1732 604 1779 σιον,
638 1715 917 1787 πραότητά
946 1731 1004 1767 τε
1033 1713 1125 1766 καὶ
1161 1712 1474 1784 καρτερίαν,
1500 1708 1774 1779 ἀμήχανόν
1809 1725 1865 1760 τε
1898 1709 2027 1776 ὅσην

2134 1711 2290 1774 sima,
2324 1709 2541 1764 infamia
2573 1708 2792 1778 probra,
2821 1714 2875 1761 et
2896 1722 3059 1775 super
3085 1706 3336 1761 omnibus
3361 1706 3507 1761 hisce
3536 1720 3682 1759 mor-

470 1807 741 1878 ὑπομονὴν
767 1809 860 1859 καὶ
879 1798 1240 1869 ἀνεξικακίαν.
1275 1804 1457 1855 Ταῦτα
1486 1803 1542 1855 δὲ
1570 1802 1743 1853 πάντα
1777 1801 2030 1868 ἄντικρυς

475 1902 616 1971 περὶο
642 1900 761 1960 ἐνὸς
788 1900 844 1950 ἐν
874 1897 1119 1958 ὑστάτοις
1151 1895 1279 1946 ποτέ
1308 1893 1515 1963 χρόνοις
1545 1891 1781 1960 ἥξοντος,
1819 1891 1911 1941 καὶ
1930 1904 2033 1939 τοι-

478 1987 612 2039 αῦτα
640 1989 696 2038 ἐν
722 1984 1021 2055 ἀνθρώποις
1043 1984 1377 2052 πεισομένου,
1407 1980 1589 2048 σαφῶς
1609 1980 1674 2032 δι’
1697 1972 1769 2031 ὧν
1793 1978 2035 2049 προειλή-

481 2094 631 2145 φασι,
661 2076 728 2127 τὰ
758 2074 1058 2127 παλαίτατα
1089 2073 1347 2142 Ἐϐραίων
1396 2071 1687 2141 παρίστησι
1714 2069 1886 2137 λόγια,
1916 2069 2035 2119 ἐπι-

486 2164 901 2237 μαρτυρούμενα
931 2164 1027 2234 τήν
1055 2161 1189 2233 μετὰ
1220 2161 1442 2215 θάνατον
1474 2162 1536 2212 ἐκ
1561 2159 1767 2230 νεκρῶν
1799 2158 2033 2211 ἀναϐίω-

483 2274 564 2311 σιν
594 2255 684 2309 τοῦ
732 2254 1080 2324 δηλουμένου,
1104 2252 1200 2323 τὴν
1244 2255 1354 2313 τοῖς
1382 2251 1543 2304 αὐτοῦ
1581 2250 1845 2320 μαθηταῖς
1876 2249 2035 2317 φανέ-

478 2365 660 2418 ρωσιν,
678 2345 774 2415 τὴν
796 2345 888 2397 τοῦ
920 2344 1062 2397 θείου
1082 2341 1388 2412 Πνεύματος
1410 2344 1487 2405 είς
1509 2341 1701 2402 αὐτοὺς
1730 2339 2029 2409 μετάδοσιν·

472 2434 568 2505 τὴν
589 2437 668 2497 είς
699 2434 960 2503 οὐρανοὺς
987 2432 1169 2486 ἄνοδον
1204 2429 1385 2493 αὐτοῦ,
1418 2430 1514 2499 τὴν
1551 2428 1759 2499 Πατρός
1786 2426 2031 2497 ἕνθρονον

472 2523 745 2595 βασιλείας
778 2522 1003 2593 ἵδρυσιν,
1035 2521 1129 2591 τὴν
1160 2522 1251 2573 ἐπὶ
1284 2518 1554 2589 συντελείᾳ
1579 2516 1672 2569 τοῦ
1708 2516 1820 2586 βίου
1850 2516 2037 2569 δευτέ-.

473 2632 569 2688 ραν
601 2611 754 2678 αὖθις
812 2613 1072 2684 ἐσομένην
1098 2609 1301 2675 ἔνδοξον
1345 2610 1509 2664 αὐτοῦ
1550 2609 1868 2681 παρουσίαν.
1904 2608 2028 2660 Ἐπὶ

471 2708 601 2761 πᾶσι
620 2706 824 2768 τούτοις
845 2706 1071 2776 θρήνους
1098 2703 1303 2773 ἀκούσῃ
1320 2703 1412 2755 καὶ
1442 2702 1777 2774 ὀλοφυρμοὺς
1801 2702 2026 2779 ἑκάστου

469 2798 574 2851 τῶν
610 2798 897 2869 προφητῶν
929 2796 1193 2866 διαφόρως
1218 2794 1629 2865 ὀλοφυρομένου,
1656 2795 1746 2847 καὶ
1768 2794 2028 2849 ἀποκλαι-

471 2891 685 2962 ομένου,
731 2893 830 2943 ὃσα
877 2889 936 2941 τὸ
981 2888 1241 2942 Ἰουδαίων
1271 2886 1417 2949 ἔθνος
1449 2885 1546 2956 τῆς
1580 2888 1658 2950 είς
1701 2887 1791 2940 τὸν
1824 2904 2028 2958 προκη-

474 2983 733 3056 ρυχθέντα
753 2981 1063 3043 δυσσεϐείας
1088 2980 1247 3034 ἕνεκα
1275 2977 1681 3049 μετελεύσεσθαι
1710 2977 1853 3031 κακά
1866 2977 2028 3048 Δἐμελ-

470 3074 580 3136 λεν,
609 3073 683 3137 ὼς
712 3074 771 3125 τὸ
820 3071 1081 3141 βασίλειον
1109 3069 1304 3132 αὐτῶν,
1341 3069 1539 3122 ἄνωθεν
1570 3070 1633 3121 ἐκ
1676 3069 1921 3141 πατέρων
1948 3071 2026 3132 είς

472 3161 709 3223 ἐκείνους
733 3160 1020 3231 διαρκέσαν
1044 3160 1167 3221 τοὺς
1192 3158 1429 3229 καιροὺς,
1464 3159 1694 3229 παντελῆ
1719 3159 2027 3230 καθαίρεσιν

477 3251 611 3322 μετά
643 3250 740 3320 τὴν
762 3251 899 3303 κατά
926 3248 1157 3321 Χριστοῦ
1189 3248 1387 3319 τόλμαν
1420 3248 1593 3302 αὐτῶν
1620 3250 1877 3319 ὑπομενεῖ
1898 3266 1911 3279 ·
1953 3249 2027 3312 ὡς

474 3341 522 3393 οί
550 3340 761 3410 πάτριοι
794 3339 969 3392 αὐτῶν
1007 3339 1157 3409 νόμοι
1197 3337 1672 3406 καταλυθήσονται,
1701 3338 1774 3402 ὼς
1805 3340 1903 3409 τῆς
1933 3358 2030 3392 πα-

473 3431 627 3495 λαιᾶς
656 3432 948 3504 θρησκείας
999 3431 1174 3485 αὐτῶν
1207 3431 1681 3501 ἀποστερήσονται,
1725 3432 1800 3494 ὠς
1828 3432 1922 3501 τῆς
1964 3432 2027 3485 ἐκ

472 3522 746 3593 προγόνων
789 3520 1110 3592 αὐτονομίας
1142 3518 1524 3574 ἐκπεσοῦνται·
1561 3519 1635 3583 ὡς
1676 3520 1788 3573 ἀντ’
1816 3520 2029 3573 ἐλευθὲ-

474 3630 580 3685 ρων
598 3612 771 3665 δοῦλοι
788 3611 894 3665 τῶν
918 3612 1124 3683 ἐχθρῶν
1153 3612 1600 3682 καταστήσονται,
1623 3610 1747 3681 ὼςή
1778 3610 2024 3682 βασιλικὴ

475 3700 800 3772 μητρόπολις
821 3701 996 3753 αὐτῶν
1009 3702 1370 3773 πυρίκαυστος
1391 3702 1692 3771 γενήσεται,
1723 3700 1798 3763 ὡς
1820 3700 1880 3753 τὸ
1898 3718 1954 3753 σε
1962 3719 2028 3771 μ-

472 3793 560 3847 νὸν
587 3792 764 3846 αὐτῶν
790 3793 885 3846 καὶ
934 3794 1094 3861 ἀγνδν
1136 3792 1275 3864 ἱερὸν
1304 3790 1621 3863 ἐμπρησμὸν
1652 3793 1743 3845 καὶ
1794 3792 2025 3863 ἐσχάτην

472 3885 703 3957 ἐρημίαν
753 3886 1009 3955 ὑπομενεῖ
1033 3902 1047 3916 ·
1090 3885 1164 3949 ὡς
1194 3884 1314 3938 ἀντὶ
1363 3883 1471 3937 τῶν
1509 3882 1673 3937 πάλαι
1730 3885 2025 3956 οἰκητόρων

473 3975 579 4029 ὐπὸ
606 3975 885 4046 ὁμοφύλων
916 3975 1011 4048 (1⁸)
1045 3977 1211 4031 ἐθνῶν
1237 3981 1269 4049 ἡ
1299 3978 1449 4043 πόλις
1485 3977 1660 4037 αὐτῶν
1686 3976 2028 4048 κατοικισθῆ-

474 4084 641 4131 σεται,
675 4068 749 4132 ὡς
777 4071 855 4133 είς
910 4070 1085 4123 πάντα
1115 4069 1181 4123 τὰ
1222 4070 1347 4140 ἔθνη
1392 4070 1511 4123 καθ’
1544 4071 1669 4141 ὅλης
1708 4070 2024 4141 οίκουμὲνης

471 4158 944 4232 διασπαρήσονται,
971 4161 1045 4225 ὼς
1074 4161 1250 4215 οὐκέτ’
1279 4164 1460 4225 αὐτοῖς
1486 4164 1518 4232 ἡ
1548 4161 1655 4215 τῶν
1685 4161 1867 4215 κακῶν
1889 4160 2026 4223 παῦ-

470 4249 556 4314 λα,
582 4250 702 4304 οὑδὲ
724 4269 807 4315 τις
839 4252 1119 4315 ἀνάνευσις
1142 4252 1249 4304 τῶν
1283 4252 1574 4323 συμφορῶν
1606 4252 2019 4322 ἐλπισθήσεται·⁶

2127 1811 2233 1855 tem
2289 1801 2752 1854 contumeliosam.
2788 1798 2962 1868 ipsius
3020 1798 3087 1851 ad
3135 1797 3248 1851 haec
3302 1796 3678 1851 admirandum

2128 1891 2419 1955 silentium,
2451 1892 2726 1945 lenitatem
2767 1898 2821 1943 et
2870 1887 3251 1953 constantiam,
3285 1887 3683 1942 incredibilem-

2129 1997 2234 2051 que
2268 1990 2519 2051 quantam
2552 1982 2864 2050 patientiam
2909 1982 3279 2050 malorumque
3312 1980 3677 2035 tolerantiam.

2132 2071 2258 2126 llrec
2283 2074 2460 2125 omnia
2498 2074 2697 2128 diserte
2740 2074 2805 2127 de
2854 2090 2962 2127 uno
3008 2073 3241 2143 quodam
3292 2074 3345 2127 in
3391 2072 3680 2142 postremis

2134 2163 2263 2215 olim
2294 2173 2517 2220 venturo
2562 2166 2893 2235 temporibus
2923 2174 3081 2234 atque
3113 2167 3253 2218 inter
3284 2165 3531 2220 homines
3553 2165 3680 2218 talia

2133 2255 2475 2310 exantlaturo
2508 2257 2787 2325 perspicue
2814 2257 3193 2325 prmnuntiant,
3223 2255 3549 2323 traduntque
3585 2271 3682 2310 an—

2133 2345 2435 2414 tiquissima
2468 2345 2812 2400 Hebraeorum
2839 2348 3089 2412 oracula;
3121 2347 3386 2415 simulque
3418 2355 3684 2413 testantur

2128 2435 2375 2491 eumdem
2404 2442 2525 2504 post
2558 2442 2785 2490 mortem
2812 2437 3006 2489 iterum
3039 2451 3383 2491 reversurum
3412 2437 3467 2491 in
3494 2438 3680 2503 vitam,

2128 2525 2407 2595 discipulis
2436 2525 2551 2580 suis
2598 2526 2989 2596 appariturum,
3037 2527 3387 2597 divinumque
3424 2525 3681 2597 Spiritum

2126 2615 2181 2671 in
2213 2617 2336 2670 illos
2383 2617 2731 2672 emissurum.
2764 2614 3016 2671 Reditum
3062 2618 3189 2673 item
3219 2619 3338 2688 ejus
3379 2633 3682 2674 memorant

2127 2706 2182 2760 in
2209 2706 2394 2775 cmlos,
2438 2705 2753 2776 firmamque
2777 2706 2830 2760 in
2861 2706 3061 2761 throno
3091 2707 3242 2777 regni
3266 2706 3445 2763 Patris
3469 2707 3674 2773 sedem,

2127 2805 2284 2866 atque
2309 2797 2361 2849 in
2394 2795 2859 2851 consummatione
2890 2796 3070 2851 sreculi
3100 2797 3338 2852 futurum
3374 2798 3568 2851 iterum
3598 2798 3677 2851 al—

2124 2895 2299 2941 terum
2346 2886 2463 2957 ejus
2518 2887 2806 2942 adventum
2863 2886 3177 2958 gloriosum.
3217 2886 3392 2958 Super
3430 2891 3679 2944 omnibus

2128 2977 2275 3033 hisce
2319 2976 2540 3033 threnos
2578 2978 2844 3048 percipies
2875 2988 3034 3049 atque
3072 2978 3305 3048 ejulatus
3340 2980 3675 3050 singulorum

2126 3070 2507 3140 prephetarum
2534 3069 2883 3123 multifariam
2905 3070 3278 3139 quiritantium
3310 3078 3473 3140 atque
3495 3070 3680 3141 deplo-

2126 3163 2359 3217 rantium
2405 3169 2607 3232 quanta
2647 3163 2846 3232 populo
2888 3159 3116 3216 Iudaico
3157 3163 3228 3217 ob
3255 3162 3582 3233 impietatem
3620 3164 3679 3218 in

2128 3254 2270 3309 hunc
2301 3263 2566 3326 patratam
2598 3254 2913 3309 sustinenda
2962 3262 3143 3311 essent
3191 3256 3332 3309 mala
3364 3276 3378 3312 :
3410 3256 3555 3327 quod
3592 3272 3678 3312 re-

2126 3359 2286 3413 gnum
2325 3347 2563 3415 ipsorum
2597 3362 2627 3400 a
2656 3355 2867 3417 patrum
2899 3347 3229 3416 temporibus
3256 3363 3427 3417 usque
3453 3346 3521 3401 ad
3550 3348 3675 3404 illo-

2126 3450 2244 3488 rum
2279 3444 2489 3492 aetatem
2538 3438 2929 3503 continuatum,
2959 3437 3206 3495 funditus
3242 3446 3386 3492 esset
3428 3446 3676 3494 everten-

2127 3525 2252 3579 dum
2296 3536 2418 3595 post
2447 3542 2507 3582 ea
2530 3543 2649 3597 quae
2679 3529 2732 3581 in
2761 3528 3034 3584 Christum
3062 3530 3179 3584 ausi
3222 3527 3452 3586 fuissent
3492 3529 3674 3601 :quod

2125 3616 2312 3686 patria:
2341 3615 2580 3685 ipsorum
2616 3617 3159 3686 legesdissolveudae,
3194 3620 3337 3689 quod
3382 3619 3485 3689 ipsi
3508 3621 3675 3675 veteri

2125 3704 2274 3758 cultu
2321 3719 2420 3759 suo
2470 3703 2721 3774 religioso
2751 3705 3015 3772 privandi,
3048 3714 3209 3776 atque
3253 3707 3501 3762 libertate
3531 3707 3674 3761 avita
3718 3748 3721 3749 ν

2124 3794 2374 3862 exuendi,
2400 3796 2541 3866 quod
2578 3811 2676 3865 pro
2707 3795 2889 3849 liberis
2930 3796 3071 3849 servi
3112 3796 3348 3849 hostium
3382 3795 3551 3848 futuri
3587 3811 3675 3849 es-

2124 3894 2297 3943 sent:
2356 3887 2499 3958 quod
2558 3886 2701 3957 regia
2754 3885 2992 3955 ipsorum
3053 3886 3366 3953 metropolis
3414 3884 3672 3940 tradenda

2125 3976 2375 4044 ﬂammis,
2399 3988 2451 4032 et
2485 3976 2797 4048 religiosum
2830 3975 3040 4029 illorum
3062 3983 3116 4031 et
3139 3982 3387 4029 sanctum
3414 3976 3673 4048 templum

2124 4069 2578 4142 conﬂagraturum
2632 4078 2792 4139 atque
2833 4076 3132 4125 extremam
3170 4073 3521 4135 experturum
3551 4070 3676 4122 soli-

2122 4161 2362 4216 tudinem
2392 4181 2404 4215 ;
2439 4161 2601 4231 quod,
2622 4177 2718 4231 pro
2766 4161 2923 4216 avitis
2951 4161 3144 4217 incolis
3175 4161 3305 4215 urbs
3334 4174 3522 4215 eorum
3545 4161 3675 4215 alie-

2123 4252 2209 4306 nis
2256 4252 2604 4308 inhahitanda
2639 4252 2967 4319 nationibus,
2997 4252 3139 4322 quod
3170 4253 3226 4309 iu
3272 4266 3461 4307 omnes
3487 4261 3674 4323 gentes

471 4342 507 4397 ἃ
545 4343 640 4398 καὶ
671 4343 871 4415 τυφλῷ,
905 4346 1057 4414 φασὶ,
1086 4344 1237 4414 δῆλα,
1265 4345 1427 4397 είσέτι
1472 4343 1566 4398 νῦν
1595 4344 1690 4415 τὴν
1720 4344 1827 4397 τῶν
1852 4345 2022 4412 λόγων

2128 4359 2221 4414 per
2248 4351 2419 4397 totum
2452 4343 2635 4403 orbem
2658 4352 2922 4399 terrarum
2948 4345 3309 4415 dispergendi,
3339 4344 3485 4415 quod
3524 4345 3671 4398 nulla

470 4436 586 4505 δψιν
634 4437 812 4499 αὐτοῖς
861 4435 1039 4506 ἔργοις
1093 4437 1439 4500 ἐνδείκνυται,
1490 4436 1553 4487 ἐκ
1590 4435 1810 4506 πρώτης
1854 4436 2021 4505 αὐτῆς

469 4527 697 4600 ἡμέρας,
752 4525 812 4591 ἐξ
845 4522 910 4598 ἦς
950 4527 1137 4590 ἀθέους
1187 4528 1387 4599 ἤραντο
1444 4526 1582 4579 κατά
1633 4525 1864 4597 Χριστοῦ
1911 4529 2019 4596 χεῖ-

473 4636 586 4688 ρας,
619 4620 716 4690 τὴν
739 4617 845 4670 τῶν
878 4618 1059 4672 κακῶν
1088 4618 1257 4690 ἀρχὴν
1285 4620 1361 4681 είς
1391 4619 1613 4681 ἑαυτοὺς
1633 4615 2015 4687 ἐπισπώμενοι.

472 4710 582 4762 Οὐκ
616 4705 682 4780 ἦν
713 4710 759 4763 δ’
786 4710 891 4780 ἄρα
943 4711 1053 4772 τοῖς
1100 4708 1400 4771 θεσπεσίοις
1449 4708 1701 4779 ἀνδράσιν
1748 4708 1847 4769 ἐπὶΔ
1888 4724 2017 4760 σκυ-

471 4800 703 4871 θρωποῖς
726 4801 795 4855 τὰ
813 4801 920 4856 τῶν
945 4804 1294 4874 προρρήσεων
1323 4802 1548 4866 ἱστάναι,
1571 4802 1687 4855 οὐδέ
1727 4801 1883 4871 μέχρι
1912 4800 2019 4853 τῶν

470 4891 724 4966 λυπηρῶν
750 4893 1104 4947 ἐπιτείνεσθαι
1135 4894 1233 4965 τὴν
1266 4892 1565 4964 πρόγνωσιν
1589 4909 1601 4922 ·
1646 4892 1779 4945 ἀλλά
1808 4890 1915 4962 γὰρ
1941 4892 2017 4955 είς

469 4985 528 5038 τὸ
561 4984 778 5055 φαιδρὸν
826 4984 1269 5056 μεταϐάλλοντες,
1320 4980 1471 5047 αὐθις
1504 4983 1719 5052 ἀγαθῶν
1768 4981 2019 5050 ἀγγελίας

469 5077 680 5149 ἀθρόως
705 5077 901 5131 ἅπασιν
922 5075 1224 5148 ἀνθρώποις
1248 5076 1339 5128 ἐπὶ
1361 5078 1424 5147 τῇ
1448 5075 1539 5128 τοῦ
1566 5072 1798 5145 Χριστοῦ
1826 5091 2021 5146 παρου-

472 5170 562 5240 σία
606 5169 1030 5240 προεκήρυττον,
1074 5169 1193 5221 ἀντὶ
1236 5168 1333 5238 τῆς
1372 5168 1488 5230 ἐνὸς
1533 5165 1713 5229 ἔθνους
1755 5152 2019 5238 ἀποϐολῆς

470 5264 577 5314 πᾶν
609 5262 758 5325 ἔθνος
795 5262 889 5314 καὶ
924 5261 1081 5330 γένος
1109 5260 1404 5333 ἀνθρώπων
1437 5260 1759 5329 θεογνωσίαν
1789 5260 2016 5328 εὐαγγε-

472 5351 756 5421 λιζόμενοι,
790 5350 883 5402 καὶ
911 5349 1176 5418 δαιμόνων
1209 5349 1508 5422 ἀποφυγὴν,
1541 5348 1809 5419 ἀγνωσίας
1839 5366 1898 5402 τε
1927 5350 2019 5403 καὶ

472 5443 674 5512 πλάνης
715 5440 1050 5510 ἀπαλλαγὴν,
1108 5442 1279 5509 φωτός
1330 5460 1387 5493 τε
1435 5442 1528 5496 καὶ
1576 5441 1851 5505 εὐσεϐείας
1895 5443 2019 5497 ἀνά-

541 5619 616 5691 (Ι)
654 5619 742 5675 Sic
771 5618 1108 5681 correximus
1134 5634 1228 5687 pro
1260 5619 1372 5673 τοῦ.
1414 5620 1567 5675 Enn.
1611 5620 1826 5677 Pnnot.

2123 4437 2354 4507 amplius
2413 4452 2442 4489 a
2489 4437 2642 4493 malis
2697 4437 2931 4507 requies,
2992 4453 3167 4506 neque
3200 4451 3229 4491 a
3270 4437 3669 4491 calamitatibus

2119 4531 2406 4601 respiratio
2450 4530 2713 4601 speranda
2764 4531 2870 4585 illis
2902 4529 3053 4599 ;foret
3083 4549 3094 4582 :
3129 4544 3250 4598 qua:
3295 4544 3457 4596 Caeco,
3524 4530 3666 4600 quod

2120 4624 2290 4687 aiunt,
2327 4623 2634 4688 manifesta,
2668 4623 2829 4677 etiam
2860 4636 3002 4675 nunc
3035 4622 3327 4675 verborum
3366 4621 3473 4675 vim
3505 4621 3668 4674 rebus

2118 4715 2251 4786 ipsis
2278 4715 2671 4778 demonstrant,
2701 4728 2825 4767 cum
2858 4727 2887 4765 a
2915 4714 3087 4783 prima
3118 4713 3207 4766 illa
3229 4714 3317 4771 die
3343 4729 3453 4785 qua
3474 4713 3667 4782 impias

2119 4824 2311 4863 manus
2338 4804 2507 4861 Judaei
2543 4806 2597 4859 in
2628 4804 2903 4860 Christum
2964 4804 3222 4868 tulerunt.
3261 4806 3524 4860 malorum
3563 4805 3669 4859 ini-

2117 4903 2250 4956 tium
2292 4901 2344 4955 in
2389 4916 2448 4956 se
2475 4898 2861 4953 contraxerint.
2893 4895 3010 4951 Non
3067 4896 3220 4949 libuit
3270 4906 3445 4951 autem
3471 4896 3667 4951 divinis

2117 4993 2392 5064 prephetis
2416 4992 2791 5062 praedictiones
2820 5006 2946 5046 suas
2978 4990 3031 5045 in
3063 4991 3271 5045 mtestis
3298 4990 3472 5049 finire,
3495 5004 3667 5059 neque

2120 5086 2259 5138 ultra
2308 5085 2483 5139 tristia
2518 5082 2809 5139 extendere
2845 5082 3170 5138 vaticinandi
3212 5080 3541 5144 facultatem,
3573 5082 3663 5136 sed

2124 5179 2192 5246 ι’
2220 5176 2285 5231 ad
2316 5176 2599 5247 pulchrum
2641 5175 2887 5232 conversi
2924 5175 3082 5231 iidem
3118 5172 3359 5230 vicissim
3400 5172 3664 5228 bonorum

2118 5268 2535 5339 significationes
2560 5282 2754 5338 magno
2795 5281 3043 5330 numero,
3077 5263 3328 5320 omnibus
3356 5262 3666 5320 hominibus

2117 5361 2317 5416 Christi
2353 5360 2585 5415 adventu
2618 5360 3097 5430 impertiendorum
3129 5358 3619 5429 praenuntiaverunt
3651 5375 3663 5411 :

2118 5454 2230 5508 fore
2256 5453 2483 5521 scilicet,
2524 5462 2579 5506 ut
2608 5469 2705 5524 pro
2734 5452 2896 5507 unius
2927 5448 3101 5522 gentis
3132 5448 3445 5521 rejectione,
3478 5464 3667 5504 omnes

2192 5616 2285 5686 (Γ)
2320 5614 2443 5688 Leg.
2476 5613 2799 5681 ἁλλοφύλιιιν.
