3974 6208
236 275 307 328 l9
860 273 1129 333 unseen
1165 272 1638 331 cmsnnmnsns
1673 275 1823 333 ore.
1855 277 2034 336 pass
2064 280 2129 340 ιι.
2161 315 2232 325 -
2269 284 2764 346 APOLOGETICA.
3378 296 3450 354 eo
3492 262 3503 267 “

235 387 419 456 populi
455 395 509 443 et
555 390 811 444 nationes
843 388 1122 443 hominum
1154 402 1252 459 per
1276 386 1627 460 Evangelium
1664 390 1799 444 edo-

1903 392 2101 469 λαμψιν
2121 411 2134 427 ο
2176 398 2271 451 καὶ
2296 397 2372 462 ὡς
2403 398 2453 452 oi
2482 399 2577 453 τοῦ
2609 400 2845 473 Χριστοῦ
2891 405 3126 478 μαθηταὶ
3150 409 3241 464 τδν
3276 410 3451 465 πάντα

234 487 461 531 ccautur
483 480 594 534 veri
631 478 721 534 Dei
763 479 1147 549 cognitionem,
1196 482 1472 535 daemonas
1511 484 1790 551 deserant,

238 569 707 638 ignorantiamque
744 577 946 624 exuant
995 578 1050 623 et
1098 582 1332 631 errores,
1377 569 1468 622 lux
1511 577 1689 624 autem
1728 585 1793 624 ac

236 659 408 728 pietas
435 660 592 729 longe
614 666 824 729 lateque
854 659 1236 729 resplendeat:
1264 667 1324 713 ut
1349 674 1381 713 a
1408 658 1611 715 Christi
1635 660 1795 717 disci-

236 751 378 819 pulis
416 751 719 821 universus.
750 752 900 807 orbis
941 753 1212 823 repleatur
1256 752 1375 821 ejus
1421 751 1695 824 dogmate,
1734 761 1794 809 ut

236 845 585 916 Evangelium
622 845 690 899 ab
724 845 834 900 illis
862 844 1161 900 doceantur
1191 859 1382 901 omnes
1409 844 1658 902 homines
1692 862 1794 903 no-

236 953 356 990 vum
386 937 691 1007 miramque
714 938 1078 1007 complectens
1111 937 1328 1006 pietatis
1371 939 1641 994 rationem
1669 958 1683 993 :
1714 946 1796 993 at-

236 1044 342 1096 que
389 1037 450 1081 ut
486 1028 742 1084 Ecclesiae
791 1028 992 1083 Christi
1034 1043 1132 1099 per
1174 1025 1393 1084 eosdem
1438 1029 1495 1083 in
1540 1031 1794 1087 omnibus

235 1117 486 1188 gentibus
505 1120 926 1183 constituantur,
950 1125 1003 1173 et
1031 1133 1173 1173 unus
1196 1118 1429 1188 populus
1451 1117 1794 1177 Christianus

236 1210 549 1266 nominetur
578 1227 674 1282 per
705 1212 1017 1266 universum
1062 1225 1169 1281 qua
1209 1218 1354 1283 patet
1383 1211 1577 1267 incolis
1608 1212 1793 1268 orbem

236 1313 524 1360 terrarum.
563 1303 826 1359 Futurum
870 1319 994 1360 esse
1038 1304 1222 1370 etiam,
1249 1313 1309 1358 ut
1338 1318 1460 1375 qua:
1493 1304 1723 1359 subinde
1762 1319 1793 1359 a

237 1394 574 1466 principibus
621 1394 943 1465 regibusque
990 1401 1180 1449 contra
1244 1393 1543 1450 Ecclesiam
1590 1394 1794 1451 Christi

234 1485 537 1542 excitanda:
565 1487 678 1542 sint
705 1488 1134 1556 persecutiones,
1179 1486 1317 1541 nihil
1348 1487 1415 1542 ad
1443 1486 1793 1545 evertendam

235 1579 383 1634 illam
404 1578 639 1643 valeant,
673 1586 860 1649 utpote
888 1594 1009 1649 qua:
1029 1576 1122 1633 Dei
1150 1578 1348 1634 robore
1377 1579 1643 1635 ﬁrmatur.
1669 1578 1794 1634 Haec

241 1677 297 1723 et
317 1675 469 1723 tanta
508 1684 633 1724 cum
677 1669 747 1723 ab
779 1667 1127 1725 Hebraeorum
1166 1668 1430 1740 theologis
1463 1670 1795 1740 proclamata

1896 489 2098 559 κόσμον
2128 490 2225 561 τῆς
2254 490 2419 545 αὐτοῦ
2439 492 2782 561 διδασκαλίας
2807 495 3193 571 ὲμπλήσουσιν,
3219 503 3365 569 ὅπως
3389 522 3450 560 τι

1895 582 1974 644 είς
1994 581 2200 646 πάντας
2220 582 2315 637 ἀνθ
2323 582 2532 656 ρώπους
2552 585 2613 639 τὸ
2634 587 2959 657 Εὐαγγάλιον
2985 591 3162 648 αὐτῶν
3183 594 3454 668 κηρυχθή-

1898 687 2081 734 σεται,
2117 673 2296 728 καινόν
2339 691 2463 730 τινα
2503 674 2598 735 καὶ
2635 676 2906 743 ξενίζοντα
2944 680 3141 753 τρόπον
3177 682 3452 749 εὐσεϐείας

1898 764 2182 835 περιέχον·
2223 765 2319 825 καὶ
2345 765 2420 831 ὡς
2459 767 2773 841 Ἐκκλησίαι
2810 772 3047 843 Χριστοῦ
3085 773 3152 828 δι’
3187 774 3363 833 αὐτῶν
3393 778 3452 832 ὲν

1895 854 2036 919 ὅλοις
2070 859 2180 920 τοῖς
2224 856 2396 912 ἔθνεσι
2439 861 2810 932 συστήσονται,
2852 862 2946 925 καὶ
2979 864 3055 928 ὡς
3097 865 3215 930 ἑνὸς
3256 867 3285 925 ὁ
3322 868 3454 940 Χρι-

1899 946 2128 1001 στιανῶν
2161 942 2434 1023 λαδς’καθ’
2465 949 2592 1022 ὅλης
2622 950 2719 1023 τῆς
2749 952 3070 1025 οἰκουμένης
3091 953 3455 1029 ὀνομασθήσε-

1896 1057 2014 1092 ται·
2052 1041 2147 1094 καὶ
2179 1041 2254 1104 ὡς
2283 1043 2341 1095 αί
2376 1041 2485 1096 τῶν
2516 1042 2655 1097 κατά
2697 1044 2920 1115 χρόνους
2950 1046 3221 1119 ἀρχόντων
3261 1065 3321 1102 τε
3361 1050 3454 1105 καὶ

1899 1129 2160 1201 βασιλέων
2196 1132 2335 1187 κατὰ
2369 1133 2470 1205 τῆς
2508 1134 2829 1205 Ἐκκλησίας
2864 1135 2959 1190 τοῦ
2989 1137 3222 1210 Χριστοῦ
3253 1140 3457 1197 ἐπανα-

1899 1225 2115 1289 στάσεις
2144 1222 2296 1278 οὐδὲν
2323 1227 2403 1288 είς
2433 1225 2494 1280 τὸ
2523 1226 2766 1282 καθελεῖν
2794 1228 2994 1300 αὐτὴν,
3025 1229 3099 1294 ὡς
3130 1230 3195 1285 ἂν
3233 1232 3337 1286 ὑπὸ
3359 1232 3453 1289 τοῦ

1897 1311 2031 1366 Θεοῦ
2066 1314 2517 1387 κραταιουμένην,
2561 1315 2854 1387 ίσχύσουσι.
2903 1318 3181 1375 Τοσούτων
3219 1320 3308 1375 διὰ
3347 1322 3457 1378 τῶν

1898 1404 2017 1459 καθ’
2057 1405 2335 1477 Ἐϐραίους
2365 1406 2625 1473 θεολόγων
2667 1407 3197 1482 ἀναπεφωνημένων,
3239 1413 3333 1467 καὶ⁸
3373 1416 3455 1479 είς

1896 1495 2055 1569 δεῦρο
2082 1498 2245 1551 πᾶσιν
2278 1499 2358 1562 είς
2393 1497 2622 1569 φανερὸν
2653 1496 2751 1562 τὰς
2792 1498 3043 1564 ἐκϐάσεις
3082 1500 3453 1574 ἐπιδεικνυμέ-

1897 1605 2022 1653 νων,
2050 1588 2133 1653 τίς
2160 1589 2260 1643 οὐκ
2276 1589 2342 1644 ἂν
2362 1589 2422 1644 τὸ
2442 1589 2620 1645 ἔνθεον
2645 1590 3050 1663 ἀποθαυμάσειε
3077 1591 3184 1647 τῶν
3215 1593 3450 1665 ἀνδρῶν;

1896 1681 1981 1747 τίς
2018 1681 2065 1736 δ’
2092 1683 2215 1755 οὐχὶ
2247 1679 2346 1752 τῆς
2380 1684 2500 1737 κατ’
2539 1684 2734 1750 αὐτοὺς
2766 1683 3070 1749 θεοσεϐείας
3108 1686 3203 1740 κα)⁸
3244 1685 3453 1755 φιλοσο-

239 1757 461 1825 fuerint,
504 1767 666 1829 atque
706 1759 1004 1814 etiamnum
1056 1760 1308 1815 omnibus
1358 1760 1533 1831 palam
1578 1759 1796 1814 illarum

1903 1773 2025 1844 φίας
2068 1774 2137 1829 τά
2175 1773 2475 1847 μαθήματά
2518 1793 2577 1830 τε
2616 1778 2710 1830 καὶ
2759 1776 2827 1831 τά
2872 1776 3116 1847 δόγματα
3161 1776 3324 1850 κύρια
3364 1779 3456 1833 καὶ

238 1867 421 1908 rerum
448 1858 675 1908 eventus
701 1866 760 1908 se
787 1851 1057 1917 ostendat,
1090 1853 1214 1924 quis
1252 1867 1362 1907 non
1395 1851 1637 1906 divinum
1671 1851 1793 1906 illo—

236 1959 359 2000 rum
403 1943 645 1999 virorum
680 1943 933 2015 Spiritum
960 1924 1298 1999 admiretur?
1325 1944 1452 2015 quis
1491 1959 1601 1998 non
1630 1941 1797 1997 disci-

238 2037 442 2108 plinam
483 2043 538 2093 et
583 2036 833 2108 dogmata
877 2036 1157 2108 religionis
1186 2036 1429 2106 ipsorum
1460 2042 1515 2090 et
1557 2033 1801 2105 philoso-

238 2127 381 2200 phia:
413 2126 650 2182 fateatur
681 2127 918 2199 genuina
946 2142 1012 2182 ac
1031 2126 1318 2184 verissima
1345 2125 1500 2182 esse?
1529 2124 1799 2196 siquidem

236 2222 754 2278 demonstrationem
782 2235 893 2292 prae
931 2235 992 2276 se
1021 2217 1201 2275 ferunt
1227 2234 1338 2275 non
1381 2218 1600 2289 quidem
1648 2232 1800 2273 com-

237 2315 345 2384 ptis
368 2320 532 2384 atque
552 2313 760 2368 ornatis
794 2312 993 2378 verbis,
1025 2326 1199 2382 neque
1231 2311 1283 2366 vi
1317 2309 1533 2367 dicendi
1564 2321 1658 2363 aut
1676 2320 1801 2380 per-3

238 2404 380 2459 versi
432 2403 649 2459 artiﬁcii
697 2403 1260 2474 argumentationibus
1309 2400 1378 2454 ad
1423 2398 1798 2469 decipiendum

238 2495 593 2567 comparatis,
624 2494 719 2552 sed
741 2494 971 2564 simplici
1001 2501 1055 2548 et
1076 2499 1283 2548 remoto
1312 2505 1344 2544 a
1372 2489 1565 2545 fraude
1593 2489 1800 2544 doctri-

238 2605 322 2644 na:
356 2602 573 2660 genere,
622 2586 782 2656 cujus
815 2584 1064 2655 genuina:
1109 2582 1445 2651 sinceraque
1478 2579 1693 2635 veritati
1734 2578 1800 2634 fl—

238 2680 362 2734 dem
393 2677 522 2732 facit
550 2676 726 2731 virtus
755 2682 810 2729 et
832 2672 1071 2745 cognitio
1096 2671 1348 2727 Numinis
1375 2668 1571 2742 quat'in
1598 2669 1799 2727 divinis

241 2770 350 2824 illis
371 2768 506 2823 viris
544 2767 665 2822 fuit.
706 2764 811 2834 Qui
852 2765 1016 2836 igitur
1047 2770 1341 2836 potuerunt
1367 2778 1476 2827 res,
1531 2777 1652 2833 quae
1679 2761 1800 2817 lon-

238 2861 322 2932 gis
352 2859 568 2916 saeculis
595 2865 719 2929 post
751 2865 1068 2923 evenerunt,
1091 2863 1172 2912 tot
1199 2854 1434 2911 millenis
1465 2861 1591 2909 ante
1615 2853 1799 2921 annis,

239 2968 350 3008 non
373 2952 613 3007 humano
645 2948 740 3006 sed
772 2948 955 3004 divino
978 2947 1164 3005 videre
1194 2946 1411 3018 spiritu,
1434 2944 1620 3016 quidni
1651 2944 1803 3017 digni

239 3046 345 3102 ﬁde
374 3044 484 3100 sint
535 3051 594 3099 ut
622 3043 870 3115 dogmata
914 3056 1037 3112 quae
1073 3039 1370 3111 discipulos
1414 3053 1547 3095 suos
1576 3037 1805 3093 edocue-

242 3142 395 3206 runt,
424 3150 554 3190 vera
584 3149 704 3191 esse
726 3132 1056 3189 credantur?
1083 3131 1257 3187 Probe
1286 3132 1450 3187 etiam
1480 3129 1605 3185 novi
1633 3127 1805 3184 usitao

240 3237 357 3285 tum
405 3243 529 3284 csse
573 3227 847 3293 omnibus,
905 3228 997 3298 qui
1030 3225 1364 3281 Salvatorem
1411 3238 1476 3280 ac
1512 3222 1800 3278 Dominum

241 3332 492 3379 nostrum
521 3318 708 3377 Iesum
750 3318 1001 3376 eumdem
1034 3334 1161 3375 vere
1205 3316 1483 3374 Christum
1528 3314 1622 3371 Dei
1657 3329 1801 3382 esse,

242 3417 319 3471 ita
349 3422 410 3470 ut
440 3429 540 3486 par
570 3420 675 3478 est,
703 3413 996 3469 instituunt
1035 3412 1426 3476 demonstrare,
1463 3416 1588 3465 ante
1619 3406 1804 3462 omnia

243 3506 424 3563 facere
449 3506 631 3573 fidem,
667 3505 813 3577 quod
838 3520 945 3560 non
966 3503 1122 3559 aliter
1150 3503 1207 3558 in
1235 3518 1359 3558 eum
1382 3517 1543 3573 quam
1571 3499 1805 3572 prOphe-

244 3598 370 3655 ticis
395 3597 728 3653 testimoniis
764 3597 832 3653 de
860 3612 926 3653 eo
953 3596 1117 3652 editis
1146 3582 1511 3666 congruenter
1536 3587 1800 3649 credant:

241 3686 439 3745 deinde
465 3694 519 3743 et
540 3686 643 3741 hoc
673 3688 851 3757 ipsum
877 3700 1062 3741 coram
1089 3684 1346 3741 omnibus
1366 3698 1491 3740 cum
1522 3682 1724 3757 quibus
1744 3683 1803 3738 in

243 3796 549 3839 sermonem
578 3781 943 3846 descendunt,
986 3779 1132 3835 haud
1168 3777 1403 3843 difﬁteri,
1437 3776 1580 3848 quod
1617 3776 1805 3846 singu-

245 3876 378 3932 laris
400 3875 569 3931 sturlii
603 3891 666 3930 ac
701 3875 905 3931 laboris
938 3874 1030 3940 sit,
1072 3872 1284 3944 singula
1316 3870 1496 3941 capita
1528 3866 1805 3941 Evangelii

244 3986 406 4042 posse
426 3967 985 4025 demonstrationibus
1015 3966 1131 4023 suis
1164 3964 1399 4019 ﬁrmare.
1433 3960 1586 4017 Unde
1614 3975 1806 4017 neces-

245 4062 393 4118 sario
425 4060 493 4116 ad
541 4062 644 4117 hoc
695 4062 873 4140 ipsum
921 4059 1154 4118 delatus.
1210 4055 1305 4112 Dei
1342 4055 1545 4109 auxilio
1588 4054 1805 4111 tentabo

245 4154 545 4219 secundum
598 4153 956 4230 praenuntiata
1004 4165 1069 4205 ex
1117 4148 1250 4225 ipsis
1299 4148 1408 4219 illis
1455 4145 1805 4201 Hebraeorum

244 4249 533 4318 theologis,
551 4240 817 4317 integram
842 4242 1108 4301 universze
1122 4242 1445 4312 evangelica:
1462 4240 1805 4295 demonstra-

246 4341 413 4397 tionis
458 4338 839 4403 tractationem
889 4334 1121 4393 tradere.
1179 4331 1335 4404 Quod
1381 4347 1512 4395 vero
1563 4330 1805 4386 studium

1897 1862 2071 1936 ἀληθῆ
2103 1860 2240 1918 εἶναι
2272 1865 2627 1937 ὁμολογήσει;
2670 1867 2769 1940 τὴν
2813 1866 3084 1933 ἀπόδειξιν
3115 1869 3457 1940 παρεχόμενα

1896 1955 1997 2007 οὐκ
2029 1956 2086 2009 ὲν
2117 1953 2815 2028 λέξεσιαεκομψευμέναις,
2851 1958 2959 2012 οὐδ’
2989 1961 3047 2013 ὲν
3076 1959 3337 2032 δεινότητι
3366 1960 3457 2015 λό-

1898 2061 2030 2114 γων,
2070 2045 2103 2117 ἢ
2135 2046 2477 2117 κακοτέχνοις
2513 2048 2749 2112 ἀπάταις
2777 2049 3147 2122 συλλογισμῶν
3167 2068 3181 2081 ·
3220 2054 3277 2105 ὲν
3314 2051 3457 2124 ἁπλῇ

1897 2139 1955 2193 δὲ
2004 2139 2098 2194 καὶ
2143 2140 2472 2213 ἀπανούργῳ
2507 2140 2839 2213 διδασκαλίᾳ,
2884 2136 2979 2214 ἦςο
3008 2143 3067 2197 τὸ
3121 2146 3342 2215 γνήσιον
3369 2146 3463 2200 καί⁵

1898 2228 2182 2302 εἰλικρινὲς
2223 2230 2320 2301 τῆς
2376 2229 2631 2301 ἀληθείας
2686 2231 2719 2302 ἡ
2772 2230 2878 2285 τῶν
2931 2230 3230 2287 θεσπεσίων
3278 2233 3461 2289 αὐτῶν

1897 2320 2120 2375 ἐκείνων
2161 2319 2370 2390 ἀνδρῶν
2413 2320 2578 2391 ἀρετή
2624 2336 2686 2372 τε
2730 2321 2823 2373 καὶ
2856 2318 3151 2389 θεογνωσία
3195 2322 3460 2394 παρίστη-

1900 2427 2003 2464 σιν.
2050 2412 2114 2464 Οί
2173 2410 2301 2480 γοῦν
2359 2411 2427 2464 τὰ
2472 2413 2699 2482 μακροῖς
2754 2411 2941 2466 αἰῶσιν
2975 2411 3194 2485 ὕστερον
3233 2415 3312 2477 είς
3344 2412 3459 2485 φῶς

1898 2501 2119 2556 ἐλθόντα
2159 2502 2437 2574 πόρρωθεν
2484 2504 2695 2575 μυρίοις
2737 2503 2940 2559 ἀνωθεν
2977 2505 3188 2577 χρόνοις
3225 2505 3324 2558 οὐκ
3362 2505 3459 2559 ἀν-

1900 2592 2177 2664 θρωπίνῳ,
2212 2590 2339 2663 θείῳ
2368 2591 2426 2645 δὲ
2458 2591 2725 2664 πνεύματι
2771 2592 3132 2648 κατοπτεῦσαι
3168 2594 3461 2665 δεδυνημέο

1900 2703 2000 2751 νοι,
2030 2684 2147 2750 πῶς
2177 2685 2277 2739 οὐκ
2302 2682 2440 2750 ἄξιοι
2471 2681 2537 2738 ἂν
2570 2678 2680 2737 εἶεν
2716 2684 2809 2737 καὶ
2842 2684 2970 2756 περὶ
3001 2678 3075 2738 ὧν
3114 2686 3239 2750 τοὺς
3271 2664 3469 2758 φοιτη-Ι

1898 2778 1999 2843 τὰς
2026 2775 2363 2844 ὲξεπαίδευον
2397 2774 2680 2845 δογμάτων
2714 2774 3096 2845 πιστεύεσθαι;
3133 2776 3197 2830 El
3234 2774 3331 2847 μὲν
3366 2771 3461 2832 οὖν

1899 2866 2015 2925 οἶδα
2047 2866 2305 2941 ἀκριϐῶς,
2339 2867 2421 2921 ὅτι
2451 2867 2733 2938 πρόχειρον
2764 2865 2956 2931 ἅπασι,
2985 2870 3096 2931 τοῖς
3127 2866 3217 2921 τὸν
3235 2867 3462 2940 Σωτῆρα

1903 2960 1996 3016 καὶ
2035 2958 2238 3031 Κύριον
2277 2956 2432 3030 ἡμῶν
2468 2955 2675 3027 Ἰησοῦν
2701 2956 2776 3021 ὡς
2811 2955 2876 3010 ἂν
2906 2955 3067 3011 αὐτὸν
3094 2956 3306 3027 ἀληθῶς
3332 2957 3461 3012 ὅντα

1901 3054 1993 3109 τδν
2047 3052 2280 3125 Χριστὸν
2327 3049 2423 3105 τοῦ
2476 3049 2612 3104 Θεοῦ
2660 3051 2899 3123 γνησίως
2954 3050 3459 3123 παραδεδεγμένοις,

1904 3149 2116 3221 πρῶτον
2144 3146 2243 3218 μὲν
2269 3145 2475 3199 πείθειν
2499 3145 2694 3208 αὐτοὺς
2722 3144 2916 3209 δοκεῖν,
2950 3144 3029 3198 ὅτι
3066 3143 3139 3216 μὴ
3178 3142 3349 3209 ἄλλως
3382 3146 3463 3209 είς

1902 3238 2065 3293 αὐτὸν
2098 3234 2523 3294 πεπιστεύκασιν
2551 3234 2585 3307 ἢ
2614 3237 2732 3299 ταῖς
2761 3235 2888 3307 περὶ
2905 3233 3069 3288 αὐτοῦ
3096 3237 3462 3307 προφητικαῖς

1906 3331 2229 3405 μαρτυρίαις
2258 3328 2582 3392 ἀκολούθως·
2605 3327 2796 3382 ἔπειτα
2825 3327 2966 3381 τοῦτ’
3000 3328 3129 3381 αὐτὸ
3153 3329 3247 3381 καὶ
3275 3329 3462 3394 πᾶσιν,

1903 3418 1983 3487 οἷς
2003 3421 2069 3475 ἂν
2097 3425 2176 3486 είς
2194 3421 2382 3491 λόγους
2407 3419 2780 3475 καταϐαίνοιεν
2808 3418 3222 3492 προϐάλλεσθαι·
3260 3420 3333 3491 μὴ
3356 3421 3463 3492 μὴν

1904 3512 2102 3586 ῥᾳδίως
2144 3512 2206 3565 τὸ
2256 3510 2579 3582 ἐπάγγελμα
2630 3508 2950 3563 πιστοῦσθαι
3000 3512 3118 3573 ταῖς
3159 3507 3464 3577 ἀποδείξεσι

1902 3604 2180 3661 δύνασθαι.
2211 3603 2372 3658 Ὅθεν
2389 3602 2698 3672 ἀναγκαίως
2730 3604 2822 3657 ἐπὶ
2841 3601 2987 3658 τοῦτ’
3006 3602 3137 3656 αὐτὸ
3160 3601 3462 3675 παρελθὼν,

1904 3698 2000 3751 σὺν
2041 3694 2159 3767 Θεῷ
2193 3693 2390 3766 βοηθῷ,
2422 3692 2563 3748 κατά
2600 3692 2669 3746 τά
2716 3693 3096 3765 ἐπηγγελμένα
3143 3692 3240 3765 τὴν
3279 3693 3464 3764 ἐντελῆ

1904 3789 2085 3862 πάσης
2112 3788 2211 3860 τῆς
2244 3784 2599 3856 εὐαγγελικῆς
2626 3784 2948 3850 ἀποδείξεως
2988 3785 3366 3857 πραγματείαν
3405 3782 3467 3850 ἐξ

1904 3874 2078 3927 αὐτῶν
2116 3873 2337 3929 ἐκείνων
2367 3871 2477 3927 τῶν
2508 3874 2638 3945 παρ’
2691 3871 2962 3945 Ἑϐραίοις
2994 3872 3252 3943 θεολόγων
3288 3890 3467 3947 παρα-

1906 3961 2205 4037 στήσασθαι
2251 3963 2601 4036 πειράσομαι.
2650 3962 3151 4032 Σπουδαιολογεῖται
3191 3964 3248 4019 δέ
3295 3981 3384 4036 μοι
3430 3966 3466 4036 ή

1903 4056 2112 4130 γραφὴ,
2147 4056 2245 4131 οὐχ
2284 4055 2360 4119 ὡς
2386 4055 2451 4111 ἀν
2487 4072 2572 4120 τις
2600 4055 2730 4127 φαίη
2765 4054 2906 4108 κατά
2951 4055 3236 4121 Ἰουδαίων,
3267 4056 3467 4124 ἄπαγε,

1904 4145 2166 4216 πολλοῦγε
2211 4147 2305 4220 καὶ
2339 4147 2448 4201 δεῖ·
2485 4147 2621 4219 πρὸς
2647 4147 2823 4201 αὐτῶν
2859 4148 2956 4219 μὲν
2978 4142 3091 4211 οῦν,
3123 4149 3173 4200 εί
3196 4147 3471 4219 εὐγνωμο-

1905 4221 2084 4303 νοῖενξ
2099 4239 2379 4310 τυγχάνει·
2419 4239 2696 4311 συνίστησι
2729 4239 2835 4311 γὰρ
2881 4237 3091 4310 τὰμὲν
3130 4237 3469 4311 Χριστιανῶν

1904 4331 1992 4387 διὰ
2021 4331 2120 4404 τῆς
2158 4330 2423 4391 ἀνέκαθεν
2455 4332 2809 4405 προρρήσεως
2853 4330 3378 4404 ὲπιμαρτυρίας,οτά
3420 4330 3468 4385 δ’

247 4431 503 4506 praesenti
539 4444 703 4499 opere
747 4441 779 4481 a
806 4441 895 4482 me
934 4425 1286 4497 impenditur,
1324 4437 1433 4479 non
1474 4420 1677 4478 Iudaeis
1707 4437 1802 4494 op-

1908 4424 2130 4480 ὲκείνων
2163 4425 2250 4480 διὰ
2284 4426 2387 4496 τῆς
2425 4424 2535 4485 τῶν
2572 4427 2699 4499 παρ’
2729 4426 2912 4489 αὐτοῖς
2951 4423 3293 4497 προφητειῶν
3333 4425 3471 4478 ἀπο-

252 4519 576 4594 pugnandis,
602 4527 660 4573 ut
693 4524 845 4589 putet
877 4516 1096 4588 aliquis,
1118 4522 1203 4582 est,
1229 4514 1578 4577 destinatum,
1603 4527 1804 4584 apage;

251 4597 461 4670 tantum
500 4611 647 4668 enim
695 4611 764 4666 ab
799 4610 904 4666 hoc
936 4609 1112 4677 abest,
1160 4616 1220 4663 ut
1247 4608 1426 4682 potius
1459 4621 1556 4681 pro
1586 4606 1715 4672 illis,
1758 4606 1807 4661 si

250 4720 440 4773 sanam
494 4711 730 4769 mentem
778 4699 1026 4765 afferant,
1070 4697 1276 4753 faciat:
1314 4697 1495 4752 ﬁrmat
1540 4694 1807 4766 siquidem

247 4800 614 4867 Christianam
649 4811 762 4865 rem
797 4795 967 4866 petito
991 4810 1020 4848 a
1053 4793 1228 4865 longis
1251 4793 1320 4847 ab
1348 4791 1474 4848 hinc
1503 4789 1811 4864 praedictio-

248 4894 413 4948 nibus
441 4889 752 4946 testimonio
787 4907 807 4957 ε,
834 4902 947 4942 rem
977 4884 1287 4941 Iudaeorum
1311 4891 1512 4946 autem,
1542 4898 1607 4938 ex
1632 4880 1811 4953 perfe-

247 4992 335 5039 cta
370 4980 775 5066 prophetiarum
813 4995 949 5066 quas
996 4977 1072 5033 illi
1110 4977 1311 5032 habent
1346 4974 1684 5066 impletione.
1710 4971 1810 5066 Ju-_

247 5059 396 5129 vubit
447 5087 662 5144 quoque
708 5059 1022 5127 Graecorum
1055 5067 1196 5124 ﬁlios
1236 5067 1351 5122 sive
1397 5064 1668 5129 ethnicos,
1718 5064 1811 5134 qui

250 5165 448 5220 animis
492 5165 631 5220 bene
658 5161 970 5219 constitutis
1016 5159 1370 5223 accesserint,
1412 5175 1508 5240 per
1536 5157 1814 5213 admiran-

250 5257 377 5311 dam
407 5255 713 5311 futurorum
746 5252 1132 5325 praenotionem
1177 5266 1468 5322 rerumque
1509 5248 1814 5307 secundum

252 5347 635 5421 praedictiones
682 5359 955 5409 eventum,
1003 5343 1167 5409 simul
1210 5343 1545 5398 ostendendo
1575 5341 1813 5397 divinam

255 5451 417 5508 atque
444 5437 803 5492 certissimam
836 5437 1147 5508 dogmatum
1172 5442 1484 5491 nostrorum
1504 5437 1812 5497 veritatem,

255 5528 526 5597 simulque
568 5526 829 5582 solidiore
869 5525 1335 5582 demonstratione
1362 5523 1670 5579 obturando
1710 5523 1815 5578 lin-

257 5637 392 5693 guas
425 5633 783 5691 patronorum
829 5618 1117 5688 mendacii,
1159 5632 1321 5689 quam
1355 5632 1625 5688 nusquam
1654 5617 1817 5673 nobis

261 5724 545 5789 suppetere
601 5709 937 5769 contendunt
985 5708 1334 5780 sycophanta:
1356 5748 1374 5778 ,
1433 5708 1596 5766 etiam
1654 5716 1818 5780 atque

1908 4518 2300 4591 τελεσματικῆς
2345 4518 2805 4591 συμπληρώσεως.
2863 4517 3143 4589 ’Δρμόσειε
3184 4517 3229 4571 δ’
3268 4516 3332 4571 ἂν
3374 4515 3468 4571 καὶ

1910 4610 2097 4666 παισὶν
2149 4610 2430 4683 Ἑλλήνων,
2476 4612 2525 4664 εί
2566 4612 2971 4682 εὐγνωμονοῖεν,
3019 4608 3108 4663 διὰ
3149 4609 3247 4681 τῆς
3292 4625 3472 4681 παρα·-

1909 4702 2060 4770 δόξου
2091 4701 2200 4756 τῶν
2239 4701 2536 4774 μελλόντων
2575 4701 2948 4773 προγνώσεως,
2975 4701 3077 4773 τῆς
3098 4717 3158 4754 τε
3183 4699 3292 4755 τῶν
3324 4716 3466 4772 πρα-

1910 4794 2135 4865 γμάτων
2171 4791 2314 4848 κατὰ
2343 4793 2443 4857 τὰς
2471 4795 2801 4867 προρρήσεις
2847 4792 3151 4856 ἐκϐάσεως·
3194 4791 3328 4863 ὁμοῦ
3370 4791 3470 4859 μὲν

1911 4885 1973 4939 τὸ
1996 4883 2175 4940 ἔνθεον
2209 4886 2302 4939 καὶ
2335 4884 2559 4955 ἀψευδὲς
2588 4886 2689 4957 τῆς
2726 4884 2847 4939 καθ’
2878 4885 3025 4955 ἡμᾶς
3061 4882 3320 4955 ἀληθείας
3353 4884 3473 4937 ἔπι-

1912 4975 2254 5048 δεικνυμένη,
2283 4975 2418 5047 ὁμοῦ
2451 4975 2508 5029 δὲ
2546 4974 2640 5028 καὶ
2666 4974 2764 5049 τάς
2785 4973 2893 5029 τῶν
2923 4973 3268 5046 ψευδηγόρων
3299 4971 3474 5043 γλώτο

1913 5085 2010 5135 τας
2046 5067 2466 5138 ὲπιστομίζουσα
2497 5066 2586 5121 διὰ
2612 5067 2709 5139 τῆς
2737 5065 3099 5137 λογικωτέρας
3127 5063 3469 5130 ἀποδείξεως,

1911 5153 1981 5230 ἧς
2013 5158 2260 5232 οὐδαμῶς
2297 5161 2428 5231 ἡμῖν
2468 5160 2517 5212 oi
2560 5158 2892 5227 συκοφάνται
2923 5159 3161 5228 μετεῖναι
3188 5155 3472 5210 διατείνον-

1912 5268 2022 5323 ται,
2067 5245 2125 5304 εῦ
2179 5251 2320 5321 μάλα
2360 5249 2627 5321 ὁσημέραι
2670 5251 2790 5312 ταῖς
2829 5246 2948 5302 καθ’
2979 5246 3136 5319 ἡμῶν
3175 5244 3471 5318 διατριϐαῖς

1915 5340 2256 5412 κατακράτος
2287 5338 2744 5411 ἑπεντριϐόμενοι.
2778 5335 2943 5393 Οὐδὲν
2969 5334 3100 5405 γοῦν
3138 5336 3283 5408 ἡμᾶς
3316 5330 3471 5386 δύνα-

1917 5431 2039 5485 σθαί
2081 5448 2213 5500 φασι
2251 5431 2316 5483 δι’
2343 5428 2666 5495 ἀποδείξεως
2707 5427 2985 5501 παρέχειν,
3026 5428 3206 5482 πίστει
3241 5423 3297 5492 δὲ
3336 5420 3472 5494 μόνῃ

1917 5523 2202 5595 προσέχειν
2232 5521 2413 5589 ἀξιοῦν
2456 5523 2582 5586 τοὺς
2630 5522 2760 5593 ἡμῖν
2809 5521 3148 5594 προσιόντας.
3197 5516 3305 5570 Καὶ
3337 5510 3473 5585 πρὸς

1916 5611 2009 5675 οὖν
2046 5616 2146 5689 τὴν
2183 5614 2435 5685 τοιαύτην
2468 5612 2718 5687 διαϐολὴν
2749 5613 2848 5667 οὐκ
2875 5611 2943 5681 ἂν
2967 5611 3174 5683 γένοιτο
3198 5608 3327 5679 ἡμῖν
3353 5603 3476 5665 ἄλο-

1920 5725 2015 5794 τος
2047 5711 2080 5782 ἠ
2116 5707 2362 5782 παροῦσα
2393 5705 2758 5794 πραγματεία.
2779 5705 2888 5762 Ναὶ
2914 5704 3019 5778 μὴν
3051 5702 3140 5759 καὶ
3164 5699 3272 5755 τῶν
