4068 6206
490 230 555 286 il
1368 209 2020 270 DEMONSTRATIONIS
2056 203 2516 265 EVANGELICIE
2556 201 2684 258 LIB.
2713 201 2755 258 Ι.
3646 195 3715 249 21

491 346 751 420 αίρέσεων
772 342 872 406 τὰς
903 340 1041 395 κατά
1071 338 1176 392 τῶν
1208 338 1366 390 θείων
1399 335 1691 409 προφητῶν
1715 333 2056 405 ψευδοδοξίας

2158 330 2318 384 etiam
2362 326 2606 398 quotidie
2655 322 2907 380 omnibus
2947 319 3156 376 viribus
3188 317 3409 390 quando
3452 314 3716 370 adversus

492 455 548 493 τε
590 437 683 491 καὶ
724 434 1066 508 βλασφημίας
1103 430 1386 498 ἁπελέγξει
1426 430 1511 483 διὰ
1558 432 1656 500 τῆς
1693 427 1827 499 πρὸς
1863 426 1931 479 τά
1964 425 2057 479 νέα

491 530 598 584 τῶν
639 526 883 583 παλαιῶν
918 523 1247 594 συμφωνίας.
1295 521 1404 592 Τὴν
1453 521 1548 592 μὲν
1593 515 1683 573 οὖν
1721 515 2057 589 μακροτέραν

494 624 588 677 καὶ
635 619 929 687 διεξοδικὴν
973 615 1077 669 τῶν
1125 613 1477 685 προφητικῶν
1523 611 1711 682 φωνῶν
1766 609 2058 681 ἑρμηνείαν

493 709 661 764 τανῦν
693 711 721 761 ό
750 707 897 774 λόγος
923 704 1308 776 ὑπερϐήσεται,
1344 705 1456 767 τοῖς
1491 701 1830 773 βουλομένοις
1856 700 2058 754 τούτων

495 798 769 866 ἐξετάζειν
798 793 1128 857 καταλιπὼν,
1165 788 1267 847 οἷοί
1313 795 1358 846 τ’
1396 793 1461 847 ἂν
1501 795 1671 847 είπεῖν
1702 794 1791 846 τὸν
1838 792 2053 863 τρόπον.

495 892 803 961 Διδασκάλῳ
822 892 878 943 δὲ
897 889 1174 962 χρώμενος
1195 886 1611 958 παραγγέλματι
1632 885 1760 956 θείῳ
1779 886 2055 952 φάσκοντι,

504 1005 523 1039 ι
554 982 931 1054 Κεφαλαίωσον
955 985 1014 1035 ἐν
1035 981 1233 1049 ὀλίγοις
1257 980 1443 1041 πολλὰ,
1485 999 1504 1031 ι
1532 978 1688 1031 τοῦτο
1713 976 1948 1048 ζηλῶσαι
1973 993 2059 1044 φι-

496 1082 854 1150 λοτιμήσεταιο
884 1076 1014 1128 αὐτὸ
1046 1074 1204 1145 μόνον
1225 1072 1476 1145 ἀφορμὰς
1497 1071 1594 1141 τῆς
1624 1072 1703 1132 είς
1720 1070 1844 1131 τοὺς
1864 1068 2058 1130 τόπους

496 1173 742 1244 θεωρίας,
774 1170 867 1223 καὶ
891 1168 999 1221 τῶν
1032 1170 1111 1231 είς
1137 1167 1196 1219 τὸ
1219 1165 1575 1236 προκείμενον
1605 1160 2053 1229 κατεπειγόντων,

491 1266 586 1335 τὴν
624 1264 703 1324 εἰς
742 1261 803 1313 τὸ
847 1259 1013 1328 σαφὲς
1058 1255 1349 1329 ἑρμηνείαν
1391 1253 1854 1324 παραθησόμενος.
1907 1251 2057 1313 ’Ἅλις

491 1355 589 1426 μὲν
613 1353 675 1423 δὴ
704 1351 1026 1423 προοιμίωνο
1052 1350 1151 1420 ἤδη
1180 1348 1236 1401 δὲ
1271 1347 1363 1401 καὶ
1397 1345 1504 1398 τῶν
1544 1344 1865 1408 ἀποδείξεων
1897 1341 2056 1414 ἀρξο-

491 1464 609 1517 μαι.
672 1442 890 1514 Ἐπειδὴ
924 1441 1089 1505 πολὺς
1126 1437 1193 1512 ἦν
1231 1439 1500 1513 ἐπιρρέων
1543 1438 1663 1491 καθ’
1704 1435 1860 1507 ήμῶν
1895 1438 1922 1489 ό
1949 1434 2056 1490 τῶν

489 1536 835 1606 συκοφαντῶν
867 1535 1041 1606 δχλος,
1087 1534 1250 1605 μηδὲν
1279 1532 1536 1586 δύνασθαι
1576 1532 1798 1600 φάσκων
1834 1529 1899 1582 δι’
1923 1529 2057 1583 ἀπο-

485 1627 701 1694 δείξεων
724 1627 951 1699 ἐναργὲς
982 1623 1240 1695 ἀληθείας
1263 1624 1521 1696 παρέχειν
1547 1621 1766 1691 δεῖγμα,
1797 1619 1974 1675 πίστει
1997 1618 2055 1672 δὲ

2157 438 2258 476 nos
2286 420 2586 490 disputant,
2621 418 2815 472 huicce
2838 416 3151 471 insistentes
3183 409 3508 472 causationi,
3542 415 3601 462 ut
3642 406 3717 461 di-

2159 525 2305 578 cant,
2346 511 2483 566 nihil
2521 524 2624 563 nos
2656 523 2818 579 posse
2857 506 3313 561 demonstratione
3343 503 3583 563 ﬁrmare,
3621 500 3716 554 sed

2157 614 2366 660 tantum
2399 605 2467 659 ab
2501 603 2569 657 iis
2599 602 2689 672 qui
2726 600 2793 654 ad
2821 616 2922 655 nos
2948 600 3211 654 accedunt
3237 596 3391 651 fidem
3413 592 3716 649 habendam

2158 698 2387 768 exigere.
2423 695 2525 750 Cui
2568 693 2856 749 calumnia:
2911 690 3260 747 retundenda:
3306 703 3412 742 non
3463 688 3716 755 inoppor-

2158 796 2290 842 tuna
2329 802 2567 857 praesens
2603 784 2857 838 tractatio
2896 782 3077 837 futura
3112 788 3217 846 est,
3261 777 3355 834 sed
3399 784 3453 831 et
3494 784 3716 831 ostensa

2158 895 2421 935 novorum
2450 891 2572 932 cum
2607 875 2885 931 veteribus
2907 872 3201 927 concordia
3232 869 3517 939 impiarum
3546 864 3718 919 haere-

2158 972 2321 1037 sium,
2358 970 2523 1024 falsas
2547 967 2831 1038 opiniones
2868 972 2921 1021 et
2944 962 3309 1033 blasphemias
3349 958 3608 1013 adversus
3636 955 3719 1010 di:

2158 1062 2313 1116 vinos
2355 1060 2648 1131 prophetas
2693 1055 2936 1129 profecto
2968 1053 3225 1108 revincet.
3268 1049 3593 1121 Longiorem
3622 1061 3720 1100 au-

2156 1162 2263 1208 tem
2292 1163 2346 1209 et
2367 1153 2671 1208 uberiorem
2699 1148 3134 1221 propheticarum
3166 1158 3362 1198 vocum
3405 1139 3720 1211 explicatio-

2155 1262 2278 1301 nem
2325 1244 2577 1316 przesenti
2632 1257 2795 1313 Opere
2848 1238 3252 1311 praetermittam
3296 1235 3513 1304 illisque
3554 1232 3721 1288 relin-

2156 1354 2340 1410 quam,
2374 1338 2466 1408 qui
2496 1338 2599 1393 has
2642 1336 2806 1390 altius
2856 1332 3092 1389 scrutari
3128 1329 3416 1391 voluerint,
3448 1337 3611 1397 atque
3650 1325 3721 1381 ad

2157 1432 2259 1486 hoc
2289 1430 2676 1502 perliciendum
2706 1426 2907 1482 fuerint
2938 1424 3136 1480 idonei.
3170 1421 3281 1493 Ego
3324 1427 3504 1476 autem
3534 1419 3721 1475 divino

2156 1532 2424 1594 praecepto
2480 1522 2744 1593 magistro
2805 1534 3004 1575 usurus
3068 1533 3211 1582 sum,
3271 1515 3415 1586 quod
3476 1532 3494 1565 ι
3531 1515 3719 1584 paucis

2156 1616 2325 1671 multa
2357 1613 2817 1686 comprehendere
2850 1632 2868 1664 ι
2897 1612 2914 1641 ⁸
2946 1611 3124 1680 jubet,
3162 1610 3324 1679 idque
3347 1606 3547 1662 sectari
3570 1604 3718 1659 omni

488 1720 628 1793 μόνῃ
654 1719 940 1791 προσέχειν
967 1714 1154 1781 ἀξιοῦν
1175 1716 1299 1779 τοὺς
1318 1717 1449 1786 ἡμῖν
1470 1713 1809 1785 προσιόντας,
1833 1711 2053 1774 τούτους

2158 1706 2336 1763 studio
2374 1708 2610 1770 annitar,
2642 1704 3020 1760 tantummodo
3048 1702 3354 1765 additurus,
3380 1714 3501 1770 qua:
3530 1713 3720 1753 ansam

486 1812 544 1865 δὲ
572 1811 665 1864 καὶ
694 1807 902 1863 πείθειν
935 1807 1083 1861 οὐδὲν
1122 1806 1301 1870 πλέον,
1337 1804 1372 1875 ἢ
1405 1805 1544 1872 σφᾶς
1577 1804 1773 1863 αὐτοὺς
1804 1800 2055 1871 θρεμμά-

491 1920 598 1957 των
617 1902 825 1970 ἀλόγων
852 1900 1006 1969 δίκην
1037 1899 1325 1968 μύσαντας,
1356 1895 1449 1949 καὶ
1471 1891 1528 1948 εὖ
1552 1893 1808 1964 ἀνδρείως
1834 1891 2059 1945 ἕπεσθαι

495 1992 602 2044 δεῖν
634 1990 1000 2055 ἀνεξετάστως
1033 1988 1201 2040 ἆπασι
1235 1989 1344 2049 τοῖς
1382 1986 1509 2055 παρ’
1537 1982 1688 2054 ἡμῶν
1730 1982 2057 2051 λεγομένοις,

502 2083 628 2153 παρ’
660 2081 689 2133 ὃ
719 2081 813 2133 καλ⁵
858 2079 1081 2141 πιστοὺς
1127 2074 1478 2150 χρηματίζειν
1521 2075 1618 2144 τῆς
1668 2072 1858 2141 ἀλόγου
1904 2072 2062 2143 χάριν

504 2171 755 2234 πίστεωςο
793 2171 1019 2232 εἰκότως
1044 2166 1228 2221 διελὼν
1256 2166 1353 2229 τὰς
1395 2164 1513 2220 καθ’
1546 2164 1699 2235 ἡμῶν
1725 2162 1974 2226 διαϐολὰς
2008 2164 2063 2215 ἐν

497 2266 561 2334 τῇ
610 2263 1037 2333 προπαρασκευῇ
1086 2258 1178 2311 τοῦ
1231 2258 1430 2320 παντὸς
1480 2257 1658 2324 λόγου,
1706 2255 1925 2326 πρώτην
1964 2255 2063 2325 μὲν

492 2353 589 2423 τὴν
633 2350 739 2403 τῶν
784 2349 1057 2403 πολυθέων
1086 2345 1349 2416 ὲξεθέμην
1382 2344 1570 2407 ἐθνῶν,
1619 2343 2061 2411 ἐπεγκαλούντων

488 2446 643 2515 ἡμῖν,
681 2443 762 2495 ὅτι
797 2440 861 2512 δὴ
895 2440 1002 2493 τῶν
1037 2438 1279 2510 πατρίων
1305 2436 1440 2489 θεῶν
1468 2435 1766 2489 ἀποστάται
1795 2435 2059 2506 κατέστη-

493 2553 612 2608 μεν,
662 2535 754 2587 ἐπὶ
802 2534 944 2604 μέγα
990 2531 1242 2603 φαμένων
1290 2546 1369 2594 τε,
1427 2530 1508 2582 ὅτι
1552 2528 1620 2581 τά
1654 2525 1901 2598 βάρϐαρα
1948 2525 2057 2580 τῶν

501 2628 764 2699 Ἑλλήνων
796 2625 1301 2698 προτετιμήκαμεν,
1327 2621 1396 2675 τά
1424 2621 1551 2692 παρ’
1593 2618 1857 2689 Ἑϐραίοις
1880 2619 2058 2670 ἀσπα-

495 2720 715 2791 σάμενοι
743 2715 915 2786 λόγια’
933 2715 1187 2787 δευτέραν
1215 2713 1271 2766 δὲ
1292 2712 1387 2783 τὴν
1417 2710 1592 2764 αὐτῶν
1634 2708 1895 2763 Ἰουδαίων
1927 2725 2058 2763 κατ-

490 2810 737 2884 ηγορίαν,
781 2807 846 2861 δι’
882 2801 948 2879 ἦς
996 2807 1089 2860 καὶ
1130 2805 1285 2859 αὐτοὶ
1317 2800 1523 2867 δόξαιεν
1562 2802 1627 2855 ἂν
1669 2803 1800 2872 ἡμῖν
1837 2798 2057 2863 ἐνδίκως

491 2899 926 2973 ἐπιμέμφεσθαι,
959 2899 1040 2951 ὅτι
1067 2897 1132 2968 δὴ
1160 2899 1279 2959 ταῖς
1301 2895 1476 2949 αὐτῶν
1506 2895 1747 2965 Γραφαῖς
1775 2889 2058 2963 καταχρώ-

495 3012 665 3067 μενοι,
691 2994 750 3047 οὺ
777 2993 867 3045 τὸν
894 2993 1076 3062 ὅμοιον
1104 2989 1285 3050 αὐτοῖς
1318 2988 1543 3059 μέτιμεν
1564 2984 1657 3038 τοῦ
1693 2984 1807 3055 βίου
1834 2985 2054 3056 τρόπον.

2158 1800 2432 1870 prazbeant
2472 1798 2892 1855 considerandis
2926 1807 2981 1851 et
3006 1793 3372 1865 intelligendis
3408 1794 3562 1856 locis,
3597 1806 3721 1862 per-

2156 1891 2507 1961 spicuamque
2541 1905 2729 1945 eorum
2756 1905 2875 1959 quae
2909 1888 2976 1942 ad
3019 1887 3355 1958 propositum
3388 1884 3593 1940 faciunt
3635 1883 3722 1937 in-

2158 1982 2595 2048 terpretationem
2623 1982 2879 2037 exhibere
2922 1992 3143 2051 queant.
3182 1978 3288 2035 Sed
3328 1978 3717 2050 prommiorunt

2160 2072 2378 2141 quidem
2429 2074 2562 2128 satis
2596 2075 2743 2139 :jam
2785 2074 3281 2128 demonstrationes
3327 2072 3494 2126 ordiri
3542 2071 3715 2141 juvat.

2161 2162 2298 2218 Cum
2327 2163 2471 2219 enim
2505 2162 2761 2233 frequens
2793 2165 2951 2219 nobis
2981 2165 3327 2219 insultaverit
3364 2163 3721 2235 sycophanta-

2161 2272 2283 2312 rum
2331 2255 2641 2323 multitudo,
2684 2255 3064 2310 aﬂirmantium
3106 2257 3245 2310 nihil
3280 2271 3380 2311 nos
3412 2269 3573 2325 posse
3615 2257 3724 2309 evi-

2159 2348 2307 2403 denti
2344 2349 2591 2403 veritatis
2624 2348 2940 2404 ostensione
2965 2348 3358 2412 demonstrare,
3388 2348 3480 2403 sed
3510 2354 3720 2402 tantum

2157 2437 2315 2502 velle,
2349 2445 2409 2490 ut
2434 2437 2659 2491 credant
2687 2438 2780 2506 qui
2816 2436 2884 2490 ad
2926 2452 3028 2492 nos
3054 2438 3296 2502 veniunt,
3342 2446 3503 2507 atque
3533 2437 3607 2490 ita
3642 2447 3725 2487 at-

2157 2525 2379 2581 tendant
2414 2546 2426 2580 :
2461 2542 2639 2597 neque
2692 2527 2840 2581 aliud
2894 2528 3191 2598 quidquam
3247 2528 3353 2583 illis
3399 2542 3721 2598 persuasum

2157 2618 2245 2682 iri,
2276 2635 2436 2690 quam
2464 2627 2521 2674 ut
2539 2620 2819 2675 brutorum
2840 2634 3097 2689 pecorum
3118 2635 3288 2685 more,
3319 2634 3465 2675 caeco
3492 2620 3720 2691 impetu,

2158 2709 2403 2780 nihilque
2440 2711 2819 2766 examinantes
2860 2717 3079 2765 strenue
3120 2710 3497 2780 obsequantur
3540 2711 3720 2765 omni—

2156 2799 2259 2856 bus
2283 2816 2620 2872 quaecunque
2662 2817 2692 2855 a
2722 2800 2882 2856 nobis
2914 2801 3193 2866 dicuntur,
3224 2801 3365 2857 unde
3394 2802 3557 2858 etiam
3587 2801 3718 2857 lide-

2156 2891 2236 2948 les
2292 2894 2406 2949 sive
2448 2893 2702 2949 credulos
2756 2892 2825 2947 ab
2878 2892 3035 2948 bruta
3088 2894 3410 2949 credulitate
3458 2894 3718 2965 appellari

2158 2983 2456 3055 contingat.
2501 2983 2637 3038 llinc
2684 2998 2796 3038 non
2838 2982 2909 3039 ab
2939 2999 2999 3039 re
3049 2983 3368 3040 dividendas
3405 3000 3525 3056 qua:
3560 2986 3720 3042 nobis

497 3087 711 3140 Τούτων
734 3085 778 3138 δ’
808 3083 979 3147 οὕτως
1008 3084 1135 3154 ἡμῖν
1168 3078 1647 3151 διευκρινημένων,
1676 3078 1809 3150 πρὸς
1836 3077 1932 3148 μὲν
1958 3075 2054 3149 τὴν

2158 3077 2494 3147 objiciuntur
2533 3077 2838 3131 calumnias
2864 3077 3193 3142 existimavi,
3229 3086 3391 3148 atque
3419 3079 3473 3132 in
3504 3093 3717 3149 praepa-

497 3178 737 3249 πρώτην,
759 3177 833 3240 ὡς
847 3170 956 3229 οἶόν
981 3192 1040 3227 τε
1063 3170 1150 3244 ἢν,
1170 3172 1257 3226 διὰ
1279 3173 1376 3242 τῆς
1403 3170 1809 3241 Εὑαγγελικῆς
1834 3174 2060 3239 Πραξω-

494 3267 796 3339 ρασκευῆς
826 3267 1233 3337 ἀπηντήσαμεν,
1280 3262 1532 3333 ’Έλληνες
1565 3262 1665 3333 μὲν
1696 3257 1832 3315 εἶναι
1868 3262 2067 3333 τοπρὶνη

494 3358 934 3429 ὁμολογήσαντες,
960 3356 1053 3410 καὶ
1079 3354 1139 3420 ἐξ
1161 3355 1358 3425 ἑτέρων
1381 3351 1547 3406 ἐθνῶν
1579 3352 1648 3406 τὰ
1679 3352 1942 3425 Ἐλλήνων
1970 3370 2060 3406 πε-

495 3447 843 3519 φρονηκότες,
888 3448 951 3510 ἐκ
992 3444 1245 3517 πατέρων
1287 3460 1345 3497 τε
1384 3445 1452 3514 τῇ
1498 3443 1739 3512 πολυθέῳ
1772 3442 1951 3513 πλάνῃ
1974 3442 2058 3495 δε-

490 3538 832 3609 δουλωμένοι*
876 3537 936 3591 οὐ
987 3536 1091 3608 μὴν
1144 3535 1320 3607 μέντοι
1368 3537 1545 3607 ἀλόγῳ
1590 3536 1682 3589 καὶ
1725 3534 2058 3603 ἀνεξετάστῳ

492 3631 657 3702 ὁρμῇ,
688 3630 865 3702 κρίσει
892 3629 947 3682 δὲ
974 3630 1064 3683 καὶ
1092 3627 1324 3700 σώφρονι
1357 3627 1599 3699 λογισμῷ
1633 3626 2055 3699 μετατιθέμενοι,

491 3724 590 3794 τήν
620 3740 678 3776 τε
705 3722 833 3795 περὶ
860 3722 927 3775 τὰ
966 3721 1227 3793 Ἐϐραίων
1259 3720 1415 3789 λόγια
1456 3720 1689 3791 σπουδὴν
1719 3718 2058 3789 κεκριμένως

491 3817 622 3885 ἡμῖν
648 3814 739 3867 καὶ
767 3812 1001 3880 εὐλόγως
1033 3812 1402 3882 γεγενημένην
1426 3812 1886 3882 παραστήσαντες.
1915 3808 2057 3879 Πρὸς

492 3907 548 3960 δὲ
578 3908 676 3978 τὴν
718 3906 973 3977 δευτέραν
1000 3905 1120 3975 ῶρα
1148 3904 1239 3958 νῦν
1279 3904 1606 3976 φράξασθαι,
1652 3906 1744 3957 καὶ
1782 3903 1842 3955 τὸ
1876 3903 2057 3957 λεῖπον

494 3999 737 4054 ἐπελθεῖν
777 3999 1016 4070 σκέμμα·
1053 3999 1210 4052 τοῦτο
1241 3998 1283 4051 δ’
1314 3994 1381 4069 ἧν
1421 3998 1555 4069 πρὸς
1590 3999 1712 4060 τοὺς
1744 4000 1807 4050 ἐκ
1840 4014 2057 4069 περιτο-

496 4095 620 4165 μῆς,
636 4091 787 4146 οὔπω
815 4093 906 4147 καὶ
928 4091 1020 4147 νῦν
1043 4091 1426 4163 ἐξητασμένον,
1467 4090 1694 4143 ἐνταῦθα
1716 4090 1773 4143 δέ
1805 4108 1901 4144 που
1920 4091 2058 4144 κατά

493 4186 679 4255 καιρὸν
697 4186 753 4237 ὲν
770 4187 882 4248 τοῖς
910 4184 1361 4254 σπουδαζομένοις
1374 4183 1471 4253 τῆς
1496 4182 1902 4251 Εὑαγγελικῆς
1916 4183 2047 4236 ἀπο·

492 4277 733 4343 δείξεως
761 4276 969 4347 ἀναπλη
979 4276 1378 4348 ρωθησόμενον.
1399 4275 1532 4345 Φέρε
1549 4270 1662 4341 οὖν,
1694 4275 1782 4327 τὸν
1806 4275 2059 4330 ἁπάντων

508 4371 774 4425 Ἰουδαίων
802 4386 861 4424 τε
894 4369 988 4422 καὶ
1037 4369 1303 4440 Ἑλλήνων
1336 4368 1468 4422 Θεὸν
1498 4367 1564 4420 δι’
1604 4366 1766 4420 αὐτοῦ
1811 4366 1906 4420 τοῦ
1948 4367 2059 4421 Σω-

2157 3172 2369 3227 ratione
2406 3170 2645 3225 universi
2676 3170 2875 3240 operis,
2910 3171 3085 3240 primo
3120 3171 3335 3240 quidem
3378 3172 3520 3237 loco,
3569 3174 3715 3228 illam

2160 3265 2398 3335 gentium
2432 3263 2631 3317 multos
2675 3263 2965 3317 colentium
3000 3263 3130 3317 deos
3158 3265 3407 3333 exposui,
3438 3267 3530 3335 qui
3561 3267 3720 3323 nobis

2157 3362 2373 3409 vertunt
2407 3355 2561 3420 vitio,
2607 3355 2751 3426 quod
2799 3355 3097 3425 patriorum
3140 3354 3367 3410 deorum
3411 3355 3720 3413 desertores

2158 3445 2287 3501 facti
2340 3463 2563 3511 sumus,
2612 3456 2666 3502 et
2706 3455 2968 3517 tanquam
3013 3461 3269 3518 magnum
3323 3448 3524 3518 aliquid
3570 3450 3721 3521 obje-

2159 3543 2333 3605 ctant,
2363 3537 2508 3606 quod
2535 3537 2767 3591 barbara
2793 3538 2999 3594 Graecis
3024 3540 3361 3609 praetulimus
3384 3549 3437 3595 et
3467 3540 3720 3597 Hebraeo—

2158 3644 2280 3684 rum
2320 3629 2541 3683 oracula
2576 3628 2777 3684 fuimus
2815 3631 3064 3701 amplexi.
3103 3631 3340 3687 Alteram
3374 3649 3500 3689 vero
3540 3636 3722 3690 crimi-

2159 3720 2430 3776 nationem
2459 3720 2663 3775 illatam
2688 3735 2717 3775 a
2741 3719 2973 3788 Iudaeis,
2997 3738 3104 3793 qua
3134 3732 3186 3779 et
3214 3724 3318 3794 ipsi
3347 3726 3600 3781 videntur
3619 3743 3720 3781 nos

2159 3812 2301 3867 haud
2343 3813 2544 3884 injuria
2588 3812 3004 3884 reprehendere,
3048 3816 3192 3885 quod
3242 3818 3598 3885 ipsorummet
3641 3833 3724 3872 sa-

2159 3906 2269 3961 cris
2299 3907 2381 3961 usi
2413 3905 2631 3969 litteris,
2661 3919 2777 3959 non
2810 3912 2991 3959 tamen
3030 3906 3275 3960 eamdem
3300 3906 3422 3961 vitae
3456 3908 3720 3965 rationem

2160 4007 2453 4055 sectamur.
2488 3998 2625 4053 Cum
2660 3999 2773 4053 haec
2803 3996 2965 4069 igitur
3004 3997 3080 4052 ita
3128 3998 3381 4054 distincte
3408 4000 3650 4070 exposita
3690 4017 3720 4054 a

2158 4092 2317 4148 nobis
2361 4092 2578 4157 fuerint,
2628 4091 2796 4161 priori
2834 4091 3051 4163 quidem
3103 4090 3491 4157 criminationi,
3530 4100 3587 4146 ut
3631 4108 3719 4148 res

2162 4182 2304 4249 tulit,
2341 4183 2397 4237 in
2428 4181 2827 4252 Preparatione
2864 4180 3174 4253 Evangelica
3196 4184 3557 4247 occurrimus,
3595 4199 3720 4240 con-

2160 4271 2289 4327 fessi
2334 4272 2580 4329 ethnicos
2626 4272 2783 4328 initio
2826 4288 2928 4328 nos
2962 4271 3133 4328 fuisse
3183 4280 3348 4344 atque
3392 4291 3459 4330 ex
3506 4276 3719 4332 caeteris

2160 4365 2435 4436 gentibus,
2482 4365 2702 4423 Graecos
2738 4381 3038 4437 eorumque
3080 4366 3363 4437 opiniones
3391 4371 3717 4440 pratulisse,

494 4462 656 4534 τῆρος
684 4459 840 4532 ἡμῶν
876 4459 1347 4530 ἐπικαλεσάμενοι,
1370 4457 1595 4529 ,πρῶτον
1631 4459 1808 4511 ἐκεῖνο
1844 4456 2057 4510 διασκε-

2163 4467 2322 4529 atque
2360 4474 2390 4513 a
2414 4461 2728 4529 parentibus
2756 4462 2929 4517 errori
2975 4463 3175 4518 multos
3207 4461 3404 4516 colenti
3437 4461 3568 4518 deos
3605 4479 3723 4519 ser-

492 4554 741 4626 ψώμεθα,
768 4554 849 4618 τίς
870 4556 898 4607 ὁ
914 4553 1112 4624 τρόπος
1138 4550 1397 4621 τυγχάνει
1423 4549 1523 4620 τῆς
1549 4548 1669 4603 καθ’
1694 4550 1840 4619 ἡμᾶς
1861 4549 2056 4613 αὐτοὺς

2160 4552 2344 4608 viisse.
2395 4551 2721 4624 Neutiquam
2780 4564 2959 4611 autem
3011 4556 3206 4611 insano
3256 4557 3458 4627 impetu
3509 4565 3564 4611 et
3604 4556 3723 4612 sine

496 4642 827 4707 θεοσεϐείας·
883 4644 941 4696 ἐν
990 4640 1170 4712 ταυτῷ
1215 4640 1271 4693 δὲ
1318 4641 1413 4695 καὶ
1459 4638 1566 4694 τῶν
1619 4639 2057 4712 ἐπιζητουμένων

2162 4646 2411 4702 examine
2456 4662 2555 4703 nos
2595 4656 2837 4705 mutasse
2886 4650 3230 4715 sententiam,
3279 4650 3606 4720 sedjudieio
3635 4664 3724 4704 so-

500 4740 742 4794 ἀπάντων
773 4738 1102 4810 ἐπιθήσομεν
1131 4737 1230 4801 τάς
1262 4737 1465 4800 λύσεις.

2166 4739 2392 4811 briaque
2430 4742 2664 4810 ratione,
2698 4743 2936 4799 studium
2962 4742 3351 4798 Hebraicorum
3378 4739 3722 4797 oraculorum

476 4838 769 4911 ,amplexos
801 4837 1053 4909 prudenti
1101 4833 1411 4905 cognitione
1455 4839 1510 4887 et
1554 4847 1689 4889 sano
1722 4832 1952 4889 consilio
2002 4832 2058 4889 id
2085 4850 2186 4893 nos
2239 4836 2436 4895 fecisse
2494 4840 2800 4897 docuimus.
2858 4822 3134 4897 Adversus
3166 4841 3388 4896 alteram
3430 4852 3588 4907 porro
3617 4838 3724 4891 cri-

497 4936 839 4990 minationem
867 4950 978 5006 jam
1033 4949 1133 4989 nos
1177 4943 1390 4987 armare
1434 4937 1646 4999 tempus
1693 4936 1795 4995 est,
1844 4936 1898 4986 et
1947 4931 2091 5001 quod
2149 4942 2397 5003 superest
2434 4937 2746 5006 certaminis
2792 4938 2981 4993 ooire:
3019 4944 3103 4992 est
3151 4945 3330 4994 autem
3361 4936 3463 4989 hoc
3504 4947 3626 4987 cum
3656 4933 3723 4987 iis

494 5034 581 5102 qui
626 5048 691 5086 ex
719 5031 1135 5087 circumcisione
1166 5040 1313 5094 sunt,
1348 5029 1589 5084 nondum
1628 5025 1820 5084 "adhuc
1856 5043 1886 5081 a
1927 5030 2086 5085 nobis
2137 5033 2493 5097 exantlatum,
2549 5034 2800 5103 praesenti
2837 5044 3016 5091 autem
3058 5033 3379 5089 tractatione
3418 5035 3724 5098 opportune

495 5127 550 5179 in
603 5124 688 5180 his
740 5126 832 5195 qui
889 5139 999 5195 prae
1057 5125 1309 5179 manibus
1363 5134 1514 5193 sunt,
1571 5124 2048 5181 Demonstrationis
2104 5125 2428 5197 Evangelia:
2472 5129 2627 5186 libris
2674 5129 3085 5187 absolvendum.
3158 5128 3270 5198 Age
3316 5125 3509 5197 igitur.
3576 5139 3726 5180 com-

493 5220 641 5274 muni
694 5219 787 5274 illo
853 5220 1094 5274 omnium
1141 5217 1450 5277 Judmorum
1499 5221 1705 5292 pariter
1752 5237 1816 5278 ac
1848 5223 2087 5294 gentium
2138 5221 2269 5288 Deo,
2304 5238 2403 5294 per
2448 5224 2739 5294 ipsummct
2788 5224 3124 5280 Salvatorem
3165 5227 3411 5276 nostrum
3452 5219 3721 5285 invocato,

495 5318 725 5387 primum
770 5314 902 5369 illud
944 5315 1311 5385 inquiremus,
1364 5319 1589 5389 quinam
1646 5318 1841 5375 modus
1892 5328 1946 5374 et
1998 5335 2119 5391 qua:
2157 5319 2297 5374 ratio
2346 5321 2526 5375 cultus
2580 5322 2754 5375 nostri
2812 5321 2882 5376 sit
2927 5336 3036 5392 quo
3080 5319 3248 5373 Deum
3303 5314 3723 5386 prosequimur:

495 5428 616 5468 cum
654 5412 757 5465 hoc
790 5409 906 5479 ipso
934 5409 1079 5465 enim
1123 5420 1175 5467 et
1203 5413 1543 5486 singulorum
1601 5429 1721 5484 quae
1758 5422 1987 5487 possunt
2024 5414 2079 5472 in
2118 5415 2468 5485 quaestionem
2508 5414 2711 5479 venire,
2753 5415 3083 5471 solutionem
3116 5410 3493 5483 adjungemus.

570 5681 584 5709 ¹
627 5679 791 5735 Eccli.
855 5695 1051 5746 nam,
1081 5680 1149 5734 aL
1196 5697 1358 5744 xxxv,
1402 5684 1485 5737 ll.
