3974 6208
308 273 380 330 93
957 273 1221 330 EUSEBII
1250 273 1725 336 C/ESABIENSIS
1762 275 1910 333 OPP.
1953 275 2128 331 PARS
2166 275 2229 329 ll.
2263 309 2330 318 —
2361 275 2858 334 APOLOGETICA.
3450 283 3520 332 14

928 383 1156 441 CAPUT
1199 384 1263 438 Il.
1321 429 1326 434 .

311 497 540 563 Quinam
584 500 656 552 sit
705 503 888 552 modus
945 497 1148 580 colendi
1211 497 1304 553 Dei
1362 515 1426 553 ex
1471 497 1860 556 Christianismi

924 581 1248 638 pra'scnpto.

375 655 494 712 Iam
532 658 684 728 prius
715 659 933 729 quidem
982 675 1013 714 a
1052 676 1136 716 me
1171 661 1226 715 in
1264 660 1656 730 Prwparatione
1688 663 1860 718 Evan-

305 750 477 820 gelica
503 752 706 807 dictum
746 760 850 818 est,
895 753 1036 823 quod
1063 753 1514 811 Christianismus
1553 771 1653 811 nec
1681 758 1858 812 ethni-

310 845 517 901 cismus
547 847 619 901 sit
647 860 746 900 nec
772 845 1108 909 Iudaismus,
1139 847 1233 901 sed
1275 847 1544 916 prepriam
1569 849 1856 918 quamdam

304 945 455 1006 gerat
483 938 538 991 in
568 953 627 993 se
662 946 844 992 notam
885 939 1266 1009 pr0priumque
1290 938 1655 994 characterem
1685 941 1856 1010 pieta-

305 1026 412 1094 tis;
453 1043 629 1098 neque
658 1044 854 1084 novum
896 1030 1044 1084 illum
1081 1038 1174 1083 aut
1214 1030 1532 1094 absurdum,
1581 1031 1675 1086 sed
1703 1033 1857 1105 longe

306 1116 765 1186 antiquissimum,
804 1118 1020 1188 Deoque
1058 1118 1238 1174 charis
1263 1128 1317 1173 et
1346 1119 1562 1188 pietatis
1598 1136 1663 1177 ac
1693 1121 1856 1191 justi-

307 1209 394 1263 tiaa
431 1209 585 1264 laude
614 1209 914 1266 illustribus
943 1211 1096 1274 viris,
1123 1218 1246 1266 ante
1278 1211 1443 1268 Mosis
1479 1222 1718 1286 tempora
1743 1215 1855 1270 usi-

303 1304 476 1352 tatum
496 1307 968 1370 perspectumque.
995 1297 1192 1355 Verum
1215 1299 1369 1370 juvat
1387 1301 1544 1356 etiam
1562 1316 1706 1356 nunc
1729 1302 1853 1358 brec

301 1390 442 1443 viter
471 1389 654 1444 videre
696 1405 760 1444 ac
802 1390 1151 1446 considerare
1195 1391 1325 1461 quid
1373 1393 1444 1447 sit
1472 1392 1850 1458 ethnicismus,

302 1477 431 1547 quid
448 1475 793 1544 Iudaismus;
822 1489 983 1550 atque
1009 1488 1190 1534 utrum
1224 1481 1469 1536 alterutri
1496 1483 1686 1536 horum
1707 1483 1853 1565 addi-

301 1577 420 1625 ctos
467 1570 711 1626 invenire
755 1572 916 1626 liceat
939 1572 1135 1628 charos
1181 1572 1288 1628 Deo
1320 1573 1487 1636 viros,
1514 1575 1710 1645 quibus
1737 1573 1852 1628 Mo-

301 1677 390 1719 ses
429 1662 544 1732 ipse
569 1662 739 1717 divini
770 1664 972 1718 amoris
1005 1671 1166 1734 atque
1198 1665 1412 1737 pietatis
1435 1666 1674 1736 perbibet
1694 1667 1850 1722 testi-

1890 393 1937 447 Δ

2482 389 2866 443 ΚΕΦΑΛΑΙΟΝ
2913 391 2988 441 Β’.

2107 502 2199 567 Τίς
2227 506 2261 556 ό
2289 519 2435 556 κατα
2461 501 2567 556 τὸν
2593 504 3056 641 Χὲἑστιανισμόν
3079 506 3388 573 εὐσεϐείας

2595 589 2626 624 τ
2698 587 2828 639 πος.

2595 587 2828 639 τρόπος.

2028 664 2257 736 Εἴρηται
2293 662 2390 734 μὲν
2435 664 2535 735 ήδη
2579 665 2672 717 καὶ
2707 665 2968 738 πρότερον
3009 665 3067 719 ἐν
3103 669 3169 737 τῇ
3207 666 3531 735 "pexam-

1957 752 2170 822 σκευῇ,
2215 753 2289 817 ὡς
2331 755 2360 806 ό
2403 754 2828 824 Χριστιανισμὸς
2877 753 2998 807 οὔτε
3044 753 3392 825 Ἑλληνισμός
3447 755 3531 818 τίς

1957 847 2102 898 ἐστιν
2142 843 2264 898 οὐτε
2323 843 2679 915 ’Ῑουδαῖσμὺς,
2727 847 2920 898 οἰκεῖον
2963 845 3018 898 δέ
3048 861 3169 898 τινα
3205 847 3390 916 φέρων
3430 864 3532 918 χα-

1959 936 2203 1007 ρακτῆρα
2229 933 2534 998 θεοσεϐείας
2555 951 2569 966 ·
2615 936 2708 988 καὶ
2742 935 2926 988 τοῦτον
2961 935 3022 988 οὐ
3049 935 3186 1006 νέον,
3216 936 3335 990 οὐδὲ
3375 937 3533 989 ἐκτεο

1955 1027 2299 1099 τοπισμένον,
2328 1026 2441 1081 ἀλλ’
2468 1021 2527 1080 εὖ
2561 1027 2702 1098 μάλα
2729 1027 3105 1092 παλαιότατον,
3137 1027 3231 1081 καὶ
3261 1031 3374 1092 τοῖς
3416 1028 3529 1099 πρὸ

1953 1117 2060 1170 τῶν
2104 1118 2380 1180 Μωῦσέως
2424 1116 2628 1189 χρόνων
2674 1115 2972 1184 θεοφιλέσιν
3025 1116 3110 1168 ἐπ’
3154 1115 3402 1188 εὐσεϐείᾳ
3462 1128 3527 1166 τε

1955 1209 2049 1260 καὶ
2090 1207 2402 1278 δικαιοσύνῃ
2449 1206 2954 1278 μεμαρτυρημένοις
2997 1205 3200 1278 συνήθη
3240 1205 3334 1258 καὶ
3375 1202 3521 1275 γνώ-

1955 1315 2130 1371 ριμον.
2177 1299 2322 1370 Πλὴν
2359 1297 2494 1352 ἀλλὰ
2534 1300 2628 1352 καὶ
2674 1297 2766 1352 νῦν
2811 1298 3276 1369 ἐπιθεωρήσαντες
3307 1297 3360 1350 τί
3393 1300 3518 1351 ποτ’

1952 1391 2096 1443 ἐστὶν
2141 1390 2170 1443 ὅ
2213 1406 2272 1442 τε
2324 1389 2670 1460 Ἑλληνισμὸς
2727 1389 2820 1442 καὶ
2897 1389 3245 1458 Ἰουδαῖσμὸς,
3299 1387 3516 1459 σκεψώ-

1955 1480 2112 1552 μεθα,
2157 1481 2368 1553 ποτέρῳ
2399 1481 2600 1534 τούτων
2631 1480 2973 1552 ὐπηγμένους
3020 1482 3144 1543 τούς
3191 1479 3296 1552 πρὸ
3347 1481 3516 1534 Maii”:-

1951 1573 2085 1638 σέως
2127 1572 2386 1644 Θεοφιλεῖς
2426 1572 2642 1644 ἄνδρας,
2695 1573 2829 1645 πρὸς
2873 1571 3038 1625 αὐτοῦ
3089 1572 3363 1634 Μωῦσέως
3393 1571 3515 1624 θεο-

1951 1669 2140 1738 φιλεῖς,
2185 1669 2277 1721 καὶ
2313 1668 2398 1721 ἐπ’
2427 1666 2674 1738 εὐσεϐείᾳ
2705 1664 3222 1737 μεμαρτυρημένους
3256 1663 3512 1736 εὕροιμεν

299 1753 563 1810 monium.
593 1753 932 1810 Judaismum
972 1771 1081 1810 non
1112 1757 1231 1813 sine
1267 1759 1477 1813 ratione
1511 1757 1707 1814 dixerit
1745 1759 1844 1816 ali-

1945 1758 2026 1813 ειν.
2067 1758 2168 1811 Τὸν
2204 1759 2300 1828 μὲν
2353 1757 2683 1828 Ἰουδαῖσμὸν
2731 1756 2967 1825 εὐλόγως
2999 1756 3064 1810 ἀν
3101 1771 3185 1818 τις
3223 1755 3510 1826 ὀνομάσειε

297 1844 423 1914 quis
457 1846 844 1915 rempublicam
894 1847 1192 1902 secundum
1226 1848 1396 1918 legem
1437 1849 1602 1906 Mosis
1641 1851 1848 1906 consti-

296 1944 489 2001 tutam,
522 1937 591 1991 ab
619 1952 728 1992 uno
759 1952 971 1992 summo
995 1938 1382 2008 dependentem
1436 1939 1582 1995 Deo:
1614 1943 1844 1998 ethnici-

297 2042 471 2082 smum
501 2027 592 2095 1“
614 2042 744 2082 vero
773 2027 1082 2082 summatim
1129 2027 1332 2084 dixeris
1359 2045 1480 2086 esse
1513 2034 1848 2101 superstitio-

293 2135 416 2174 nem
450 2134 515 2173 ex
550 2118 741 2190 patriis
769 2119 1009 2188 gentium
1045 2122 1408 2190 quarumlibet
1451 2123 1645 2179 ritibus
1667 2125 1847 2194 plures

293 2209 557 2264 colentem
577 2207 734 2265 deos.
764 2209 968 2280 Ecquid
997 2210 1161 2279 igitur
1183 2211 1380 2266 dicturi
1408 2227 1595 2269 sumus
1624 2214 1690 2268 de
1715 2215 1846 2270 viris

294 2301 400 2354 illis
428 2299 537 2354 Deo
569 2299 930 2360 charissimis.
947 2304 1040 2371 qui
1060 2309 1185 2355 ante
1208 2299 1545 2358 Iudaismum
1571 2305 1843 2369 exstitere,

289 2406 519 2461 quorum
563 2390 740 2447 Moses
788 2390 1115 2446 mentionem
1164 2391 1314 2455 facit,
1365 2401 1423 2446 ut
1476 2393 1543 2448 de
1600 2393 1840 2457 Enocho,

289 2482 380 2538 cui
411 2481 496 2536 bis
524 2482 708 2538 verbis
731 2482 932 2552 praebet
969 2483 1335 2537 testimonium
1366 2484 1385 2513 ⁸
1418 2502 1431 2536 :
1467 2501 1488 2534 ι
1522 2482 1704 2536 Enocb
1730 2485 1844 2553 pla-

289 2572 402 2628 cuit
430 2572 558 2628 Deo.
592 2591 611 2624 ι
646 2573 819 2642 Atque
837 2570 904 2626 de
921 2569 1053 2633 Noe,
1074 2571 1140 2624 de
1171 2586 1280 2640 quo
1322 2586 1510 2626 rursus
1530 2571 1604 2624 ait
1636 2587 1650 2622 :
1685 2591 1704 2624 ‹
1732 2571 1844 2628 Noe

290 2664 453 2718 homo
497 2663 680 2732 justus
710 2662 765 2716 in
798 2661 1145 2732 generatione
1194 2677 1292 2718 sua
1315 2661 1356 2717 ⁸.
1397 2683 1416 2715 ι
1449 2662 1524 2718 De
1550 2662 1712 2720 Setbo
1753 2665 1842 2718 iti-

287 2753 410 2810 dem
436 2769 498 2808 ac
517 2752 765 2824 Japhcto,
794 2753 860 2810 de
889 2755 1087 2826 quibus
1110 2753 1182 2808 ita
1215 2755 1404 2810 scribit
1428 2771 1440 2806 :
1479 2774 1497 2806 ι
1523 2754 1840 2812 Benedictus

289 2842 552 2898 Dominus
605 2842 750 2898 Deus
785 2841 936 2908 Seth,
986 2853 1040 2898 et
1083 2844 1271 2900 dilatet
1308 2842 1449 2899 Deus
1492 2844 1720 2916 Iapbeth
1747 2849 1787 2902 ⁵.
1814 2867 1833 2900 ι

287 2933 364 2986 Ac
387 2940 645 3003 praeterea
669 2931 736 2988 de
762 2933 1092 2999 Abrahamo,
1153 2935 1337 2990 lsaaco
1362 2943 1415 2990 et
1445 2934 1678 3000 Iacobo,
1718 2938 1840 3006 qui-

287 3024 391 3080 bus
433 3025 596 3080 etiam
624 3023 817 3082 Iobum
871 3042 1230 3083 annumerare
1278 3037 1699 3084 consentaneum
1731 3038 1833 3094 est,

289 3124 342 3172 et
389 3116 435 3172 si
488 3117 579 3190 qui
604 3119 692 3172 alii
740 3119 970 3174 similem
1030 3119 1183 3175 hisce
1206 3120 1370 3175 vitam
1429 3120 1578 3176 fuere
1625 3123 1834 3179 sectati.

287 3206 512 3278 Oportet
533 3209 676 3264 enim
709 3209 876 3266 hosce
909 3211 992 3265 vel
1013 3209 1229 3266 Iudaeos
1245 3212 1518 3267 exsﬁtisse
1537 3213 1620 3268 vel
1645 3213 1837 3268 Ethni-

288 3311 403 3353 cos.
439 3297 501 3352 At
517 3299 658 3354 enim
683 3297 849 3355 Iudaii
891 3301 1108 3371 quidem
1159 3302 1267 3356 dici
1307 3303 1432 3372 jure
1459 3319 1566 3359 non
1592 3316 1836 3375 possunt,

287 3403 410 3444 cum
433 3405 617 3446 eorum
647 3393 980 3463 temporibus
1009 3393 1090 3447 lex
1117 3392 1279 3449 hlosis
1306 3395 1542 3449 nondum
1580 3395 1636 3449 in
1667 3395 1840 3452 homi-

287 3502 418 3542 num
443 3487 607 3542 vitam
653 3487 814 3542 fuerit
864 3488 1192 3544 introducta.
1243 3487 1299 3544 Si
1329 3490 1473 3544 enim
1527 3489 1838 3551 Iudaismus

287 3575 422 3631 nihil
451 3578 658 3634 exstitit
689 3577 833 3632 aliud
861 3594 1023 3649 quam
1077 3578 1240 3635 Mosis
1294 3581 1472 3652 legum
1495 3583 1835 3648 observatio;

285 3668 463 3724 Moses
493 3677 670 3724 autem
704 3669 870 3740 longo
909 3677 1030 3740 post
1058 3669 1180 3726 illos
1223 3671 1289 3727 de
1321 3674 1518 3740 quibus
1551 3676 1680 3740 dixi,
1703 3683 1835 3734 tem-

289 3773 421 3831 pore
445 3759 676 3814 claruit:
712 3759 934 3817 evidens
954 3768 1058 3828 est,
1091 3762 1235 3832 quod
1260 3761 1430 3818 Iudaei
1463 3763 1606 3818 haud
1642 3764 1840 3820 fuerint

287 3851 382 3920 qui
409 3857 533 3906 ante
570 3851 736 3907 Mosis
765 3859 1009 3922 tempora
1057 3854 1429 3910 testimonium
1459 3855 1676 3925 pietatis
1704 3860 1842 3914 tule-

289 3947 436 3996 runt.
466 3938 571 3995 Sed
597 3956 772 4011 neque
812 3941 1061 3998 ethnicos
1114 3944 1335 4000 eosdem
1363 3947 1678 4002 existimare
1709 3964 1840 4002 con-

289 4033 454 4084 venit.
486 4032 734 4095 l‘tamque
773 4031 840 4087 de
886 4031 1194 4090 Abrahamo
1245 4034 1444 4090 dicitur
1473 4018 1516 4102 ',
1569 4039 1712 4108 quod
1745 4039 1840 4092 do-

290 4135 434 4176 mum
457 4123 686 4192 patriam
713 4131 766 4178 et
788 4125 1162 4193 cognationem
1182 4127 1478 4197 reliquerit,
1511 4129 1711 4199 unique
1739 4130 1838 4184 soli

291 4209 402 4266 Deo
453 4210 739 4268 adhaeserit
759 4251 774 4277 ,
803 4228 960 4282 quem
989 4214 1152 4270 etiam
1199 4217 1501 4287 proﬁtetur,
1527 4234 1650 4275 cum
1685 4220 1758 4275 ait
1778 4222 1836 4272 ⁶ε

295 4322 316 4357 ι
344 4300 639 4358 Extendam
672 4303 911 4374 (manum
945 4308 1149 4378 meam).
1172 4307 1239 4362 ad
1280 4309 1448 4366 Deum
1489 4312 1836 4380 altissimum,

289 4394 382 4466 qui
415 4395 619 4484 creavit
653 4398 848 4455 coelum
891 4407 946 4454 et
995 4408 1214 4456 terram.
1247 4421 1268 4454 ι
1302 4403 1376 4458 De
1426 4401 1628 4462 Iacobo
1657 4415 1836 4464 autem
1868 4429 1912 4484 ι)

289 4484 431 4556 apud
451 4483 634 4542 Mosen
685 4489 946 4560 scriptum
999 4498 1082 4546 est
1115 4491 1157 4555 ⁷,
1209 4492 1351 4562 quod
1393 4493 1582 4550 domui
1633 4511 1742 4554 sua:
1786 4507 1840 4556 et

289 4579 544 4635 omnibus
595 4580 712 4637 suis
768 4583 1059 4655 praecepit:
1089 4604 1109 4638 ι
1140 4583 1333 4643 Tollite
1361 4587 1494 4647 deos
1529 4589 1734 4646 alienos
1772 4591 1842 4648 de

291 4669 468 4725 medio
484 4672 682 4738 vestri;
706 4681 760 4726 et
780 4682 1061 4744 surgentes
1102 4677 1458 4734 ascendamus
1479 4680 1533 4734 in
1555 4679 1760 4746 Bethel,
1785 4691 1838 4741 et.

290 4759 553 4816 faciamus
575 4760 644 4816 ibi
677 4776 826 4816 aram
858 4762 1118 4830 Domino,
1177 4769 1271 4839 qui
1310 4770 1584 4826 exaudivit
1638 4787 1724 4830 me
1784 4775 1837 4830 in

287 4848 377 4903 die
405 4849 790 4918 tribulationis,
831 4854 924 4923 qui
951 4853 1051 4909 fuit
1081 4871 1289 4914 mecum
1334 4867 1387 4916 et
1415 4861 1641 4918 salvavit
1669 4878 1754 4920 me
1781 4865 1836 4920 in
1868 4880 1877 4889 '

286 4942 372 4996 via
402 4959 508 5014 qua
537 4944 628 4999 ivi.
663 4944 728 4997 Et
750 4947 1016 5004 dederunt
1057 4947 1260 5006 Iacobo
1282 4951 1413 5009 deos
1453 4953 1680 5021 alienos,
1743 4958 1835 5028 qui

288 5039 442 5088 erant
474 5032 529 5087 in
550 5036 804 5090 manibus
827 5051 1039 5101 eorum,
1083 5045 1138 5094 et
1173 5039 1393 5097 inaures
1442 5058 1562 5112 quae
1581 5053 1738 5108 erant.
1779 5047 1835 5104 in

290 5123 512 5181 auribus
543 5140 752 5183 eorum.
788 5130 852 5182 Et
881 5129 1164 5186 abscondit
1213 5147 1277 5187 ea
1300 5131 1534 5191 Iacobus
1565 5137 1666 5191 sub
1697 5146 1837 5196 tere-

289 5211 476 5270 bintho
498 5229 618 5286 qua:
636 5226 752 5272 erat
774 5217 826 5272 in
851 5217 1126 5283 Sichimis,
1157 5227 1210 5275 et
1231 5223 1463 5292 perdidit
1495 5239 1557 5280 ea
1583 5241 1754 5296 usque
1780 5229 1834 5282 in

289 5302 609 5359 hodiernum
641 5307 804 5362 diem.
844 5326 861 5360 ι
901 5305 958 5364 Si
991 5297 1155 5380 igitur
1210 5318 1264 5366 et
1315 5312 1382 5367 ab
1431 5312 1834 5370 idololatrarum

287 5407 474 5450 errore
503 5396 663 5451 alieni
692 5397 933 5464 fuerunt,
965 5409 1022 5456 et
1069 5401 1214 5458 sicut
1254 5403 1682 5462 demonstratum
1729 5414 1835 5472 est,

286 5493 438 5540 extra
461 5483 798 5546 Iudaismum
813 5493 1132 5549 constituti:
1163 5499 1344 5550 tamen
1389 5512 1697 5569 quanquam
1735 5513 1836 5556 nec

275 5667 388 5725 14.

357 5607 375 5692 ς
417 5603 550 5662 Gen.
587 5625 640 5676 τ’,
681 5609 770 5678 ΞΞ,
807 5611 899 5669 ει.
975 5613 996 5648 ⁸
1034 5612 1168 5671 Gen.
1225 5631 1302 5682 vi,
1340 5617 1392 5674 9.
1467 5619 1492 5654 ⁵
1528 5619 1662 5677 Gen.
1705 5637 1780 5689 ix,
1838 5625 1844 5677 ε

1966 5621 2054 5685 2'1.
2130 5623 2152 5657 '
2189 5618 2326 5682 Gen.
2363 5639 2462 5692 xu,
2519 5626 2539 5656 ⁸
2576 5621 2710 5684 Gen.
2749 5638 2860 5688 xiv,
2899 5622 2992 5691 22.

1944 1849 2042 1921 τὴν
2079 1850 2216 1903 κατὰ
2248 1849 2336 1904 τὸν
2380 1849 2653 1912 Μωῦσέως
2693 1849 2855 1918 νόμον
2891 1847 3312 1918 διατεταγμένην
3349 1845 3506 1898 πολι-

1945 1941 2113 2007 τείαν,
2149 1942 2266 2005 ἐνὸς
2303 1940 2612 2012 ἐξημμένην
2651 1940 2744 1993 τοῦ
2775 1942 2867 1993 ἐπὶ
2895 1941 3109 1994 πάντων
3139 1939 3292 1992 Θεοῦο
3327 1939 3416 1992 τὸν
3445 1937 3504 1992 δὲ
3619 1929 3628 1934 ⁵

1955 2032 2322 2104 Ἑλληνισμὸν,
2361 2031 2436 2096 ὡς
2472 2034 2528 2084 ἐν
2573 2031 2851 2101 κεφαλαίῳ
2893 2031 3091 2100 φάναι,
3129 2030 3226 2102 τὴν
3259 2030 3400 2083 κατὰ
3433 2030 3506 2086 τὰ

1945 2122 2148 2196 πάτρια
2175 2123 2283 2176 τῶν
2316 2122 2482 2176 ἐθνῶν
2508 2123 2759 2177 ἁπάντων
2783 2124 2863 2186 είς
2891 2123 3138 2186 πλείονας
3165 2122 3318 2186 θεοὺς
3341 2122 3506 2177 δεισι-

1944 2214 2242 2286 δαιμονίαν.
2269 2214 2333 2266 Τί
2371 2210 2464 2268 οὖν
2490 2215 2762 2285 φήσαιμεν
2797 2215 2924 2284 περὶ
2954 2213 3062 2266 τῶν
3097 2212 3200 2284 πρὸ
3231 2214 3506 2279 Μωῦοεως

1943 2306 2038 2358 καὶ
2080 2306 2184 2376 πρὸ
2223 2303 2316 2358 τοῦ
2373 2302 2704 2373 Ἰουδαϊσμοῦ
2757 2303 3016 2373 Θεοφιλῶν
3070 2302 3306 2374 ἀνδρῶν,
3345 2297 3420 2356 ὧν
3471 2303 3501 2357 ό

1943 2395 2182 2462 Μωῦσῆς
2214 2393 2648 2464 ἐμνημόνευσεν,
2697 2387 2838 2454 οἷον,
2879 2393 3005 2464 περὶ
3054 2389 3252 2461 Ἑνὼχ,
3287 2386 3332 2459 ᾧ
3364 2408 3501 2464 μαρ-

1909 2531 1918 2536 -
1941 2486 2094 2553 τυρεῖ
2119 2482 2291 2550 λέγων
2311 2498 2323 2511 ·
2361 2500 2378 2532 ι
2404 2479 2747 2550 Εὐηρέστησε
2773 2479 2832 2531 δὲ
2870 2477 3036 2549 Ἐνὼχ
3059 2477 3138 2548 τῷ
3168 2477 3285 2549 Θεῷ
3302 2494 3315 2508 ·
3346 2497 3365 2529 ι
3404 2476 3498 2532 καὶ

1942 2574 2068 2644 περὶ
2112 2572 2204 2626 τοῦ
2253 2571 2410 2637 Νῶε,
2446 2572 2572 2642 περὶ
2612 2566 2673 2625 οὗ
2725 2570 2883 2624 πάλιν
2932 2568 3101 2639 φησι·
3136 2587 3154 2620 ι
3182 2569 3303 2622 Νῶε
3347 2569 3404 2623 δέ
3429 2565 3497 2640 ἦν

1939 2663 2220 2733 ἄνθρωπος
2246 2663 2469 2726 δίκαιος,
2499 2663 2557 2716 ἐν
2591 2665 2654 2734 τῇ
2683 2663 2845 2734 γενεᾷ
2876 2662 3071 2716 αὐτοῦ’
3102 2681 3120 2715 ι
3154 2663 3280 2734 περί
3314 2679 3372 2715 τε
3403 2663 3496 2716 τοῦ

1940 2755 2044 2826 Σὴθ
2087 2755 2180 2810 καὶ
2232 2755 2325 2808 τοῦ
2385 2754 2561 2824 ἰἀφεθ
2586 2794 2600 2816 ,
2659 2754 2784 2822 περὶ
2822 2747 2896 2807 ὧν
2941 2753 3112 2807 ταῦτα
3162 2754 3493 2822 ἀναγράφει·

1944 2865 1964 2900 ι
1990 2847 2288 2918 Εὐλογητὸς
2302 2846 2504 2917 Κύριος
2528 2847 2556 2899 ό
2572 2845 2702 2909 Θεὸς
2721 2844 2814 2898 τοῦ
2844 2840 2949 2910 Σήθ
2969 2861 2984 2875 ·
3012 2864 3028 2897 ι
3055 2844 3166 2908 καὶ,
3190 2862 3208 2894 ι
3229 2843 3500 2897 Πλατύναι

1937 2940 1966 2992 ό
1988 2938 2118 3002 Θεὸς
2153 2937 2229 3008 τῷ
2268 2937 2440 3006 Ἰἀφεθ
2461 2954 2474 2967 ο
2503 2957 2522 2988 ›
2558 2937 2653 2990 καὶ
2697 2935 2776 2989 ἔτι
2824 2935 2960 3007 πρὸς
2995 2935 3203 2998 τούτοις
3245 2936 3371 3006 περὶ
3401 2933 3502 2989 τοῦ

1950 3029 2216 3102 Ἀϐραὰμ,
2245 3029 2339 3083 καὶ
2378 3027 2473 3082 τοῦ
2509 3027 2726 3090 Ἰσαὰκ,
2768 3027 2861 3081 καὶ
2901 3027 2993 3081 τοῦ
3033 3027 3242 3090 Ἰακὼϐ,
3279 3021 3358 3092 οἷς
3403 3027 3494 3081 καὶ

1936 3119 2025 3172 τὸν
2067 3119 2185 3172 Ἰὼϐ
2222 3119 2572 3191 συναριθμεϊν
2597 3117 2832 3186 εὔλογον,
2857 3117 2951 3170 καὶ
2983 3117 3036 3170 εί
3063 3133 3205 3177 τινες
3237 3116 3383 3171 ἄλλοι
3405 3116 3496 3170 τὸν

1937 3210 2143 3282 ἐμφερῆ
2179 3209 2386 3273 τούτοις
2415 3209 2692 3280 ἐζήλωσαν
2723 3208 2870 3278 βίον;
2898 3209 3038 3279 ’Ἄρα
3075 3206 3182 3278 γὰρ
3212 3206 3495 3271 Ἰουδαίους

1936 3305 2130 3367 αὐτοὺς
2184 3303 2379 3374 χρῆναι
2422 3302 2734 3371 γεγονέναι,
2771 3301 2803 3373 ἢ
2845 3300 3130 3370 Ἕλληνας.
3191 3299 3349 3352 Ἀλλὰ
3388 3299 3494 3372 γὰρ

1950 3394 2186 3448 Ἰουδαῖοι
2229 3394 2324 3464 μὲν
2357 3394 2455 3446 οὐκ
2487 3393 2554 3446 ἂν
2587 3393 2821 3461 εὐλόγως
2869 3391 3105 3462 λεχθεῖεν
3128 3433 3142 3455 τ
3190 3393 3353 3461 μήπω
3396 3391 3495 3460 τῆς

1936 3485 2214 3548 Μωύσέως
2245 3484 2698 3558 παρεισαχθείσης
2719 3483 2795 3553 τῷ
2823 3482 2923 3552 βίῳ
2946 3481 3272 3552 νομοθεσίας.
3303 3482 3363 3533 Εἰ
3386 3481 3494 3551 γὰρ

1950 3577 2275 3648 Ἰουδαῖσμὸς
2332 3577 2480 3630 οὐδὲν
2531 3572 2597 3645 ἦν
2652 3575 2836 3645 ἕτερον
2891 3574 2924 3644 ἢ
2980 3575 3012 3644 ή
3067 3573 3203 3626 κατὰ
3259 3571 3495 3624 Μωῦσέα

1939 3668 2198 3738 πομπεία,
2241 3667 2476 3736 Μωύσῆς
2506 3666 2562 3719 δὲ
2606 3667 2833 3736 μακροῖς
2875 3663 3096 3734 ὓστερον
3136 3662 3340 3734 χρόνοις
3387 3660 3494 3714 τῶν

1939 3759 2235 3831 εἰρημένων
2281 3759 2483 3828 πέφηνε
2505 3775 2518 3788 ·
2553 3757 2730 3826 δῆλον,
2767 3756 2840 3820 ὡς
2874 3757 2972 3812 οὐκ
3007 3756 3072 3809 ἂν
3104 3751 3211 3808 εἷεν
3255 3755 3493 3807 Ἰουδαῖοι

1939 3851 1986 3902 οἱ
2021 3849 2123 3919 πρὸ
2153 3848 2259 3902 τῶν
2296 3847 2458 3901 αὐτοῦ
2503 3849 2708 3919 χρόνων
2740 3847 2824 3899 ἐπ’
2853 3845 3098 3917 εὐσεϐείᾳ
3141 3860 3493 3916 μεμαρτυρη-

1942 3942 2107 4014 μένοι.
2140 3943 2276 3996 Ἀλλ’
2302 3943 2420 3996 οὐδὲ
2445 3943 2706 4014 Ἕλληνας
2727 3943 2991 4013 προσήκει
3019 3942 3254 4012 νομίζειν
3275 3942 3492 4007 αὐτοὺς,

1942 4034 2016 4105 μὴ
2047 4037 2111 4105 τῇ
2135 4033 2374 4105 πολυθέῳ
2411 4034 2799 4105 δεισιδαιμονίᾳ
2839 4033 3295 4104 κεκρατημένους.
3330 4033 3396 4087 Ὅ
3433 4049 3493 4086 τε

1939 4125 2044 4196 γὰρ
2085 4124 2336 4196 Ἀϐραὰμ
2367 4124 2683 4194 καταλεῖψαι
2723 4123 2918 4188 τελέως
2951 4123 3165 4192 λέγεται
3199 4118 3344 4177 οἶκον
3388 4141 3492 4178 πα-

1939 4217 2108 4290 τρῷον
2139 4218 2230 4271 καὶ
2269 4215 2601 4285 συγγένειαν,
2628 4216 2722 4269 καὶ
2760 4215 2840 4269 ἐνὶ
2881 4215 3026 4286 μόνῳ
3067 4215 3493 4287 προσεσχηκέναι

1939 4309 2056 4379 Θεῷ
2075 4351 2088 4375 ,
2121 4309 2179 4362 ὃν
2212 4309 2303 4363 καὶ
2341 4307 2592 4380 ὁμολογεῖ
2623 4307 2877 4376 φάσκωνο
2913 4325 2932 4359 ι
2967 4307 3197 4360 Ἐκπενῶ
3229 4306 3365 4377 πρὸς
3403 4305 3495 4360 τὸν

1939 4400 2068 4453 Θεὸν
2099 4398 2188 4454 τὸν
2213 4399 2432 4470 ὕψιστον
2453 4397 2512 4462 ὃς
2536 4396 2713 4450 ἔκτισε
2740 4397 2830 4451 τὸν
2848 4397 2906 4450 οὐ
2914 4397 3072 4469 ρανδν
3091 4398 3182 4451 καὶ
3203 4397 3298 4470 τὴν
3317 4396 3422 4467 γῆν
3439 4413 3455 4428 ·
3469 4416 3488 4449 ι

1941 4495 1970 4546 ὅ
2000 4509 2059 4546 τε
2091 4490 2282 4546 Ἰακὼϐ
2327 4491 2732 4562 ἀναγέγραπται
2765 4489 2914 4562 παρὰ
2960 4489 3037 4560 τῷ
3061 4491 3282 4543 Μωύσεί
3316 4489 3494 4558 φήσας

1939 4583 2018 4654 τῷ
2047 4581 2178 4654 οἴκῳ
2203 4583 2296 4637 καὶ
2331 4582 2464 4636 πᾶσι
2495 4583 2607 4644 τοῖς
2650 4579 2810 4635 αὐτοῦ
2831 4597 2845 4612 ο
2889 4599 2907 4633 ι
2944 4583 3142 4653 ’Ἄρατε
3184 4581 3308 4645 τοὺς
3341 4579 3496 4645 θεοὺς

1940 4675 2065 4738 τοὺς
2103 4672 2410 4745 ἀλλοτρίους
2447 4675 2511 4726 ἐκ
2545 4672 2708 4742 μέσου
2750 4671 2921 4743 ὐμῶνο
2936 4672 3030 4727 καὶ
3072 4670 3356 4743 ἀναδῶμεν
3414 4671 3495 4736 εἰς

1942 4765 2133 4837 Βεθὴλ,
2163 4767 2257 4823 καὶ
2284 4767 2592 4837 ποιήσωμεν
2619 4767 2733 4820 ἐκεῖ
2763 4765 3139 4835 θυσιαστήριον
3176 4763 3252 4834 τῷ
3284 4762 3492 4836 Κυρίῳ,

1941 4860 2019 4932 τῷ
2043 4858 2404 4914 ἐπακούσαντί
2446 4875 2544 4929 μου
2574 4859 2630 4913 ἐν
2669 4856 2850 4928 ήμέρᾳ
2890 4855 3136 4926 θλίψεως,
3177 4855 3235 4918 ὃς
3270 4850 3337 4926 ἦν
3377 4855 3495 4926 μετ’

1942 4951 2074 5024 ἐμοῦ
2120 4951 2215 5006 καὶ
2259 4949 2428 5004 ἔσωσέ
2476 4965 2543 5022 με
2596 4949 2652 5002 ἐν
2687 4951 2755 5020 τῇ
2797 4946 2900 5018 όδῷ
3025 4945 3344 5019 ἐπορεύθην.
3385 4946 3496 5002 Καὶ

1943 5042 2146 5096 ἔδωκαν
2175 5039 2253 5112 τῷ
2289 5028 2481 5094 Ἰακὼϐ
2530 5039 2654 5103 τοὺς
2701 5037 2856 5102 θεοὺς
2892 5037 3018 5100 τοὺς
3062 5035 3404 5108 ἀλλοτρίους,
3444 5035 3493 5090 οι

1939 5127 2078 5203 ἦσαν
2097 5133 2155 5184 ἐν
2177 5132 2295 5196 ταῖς
2325 5132 2511 5203 χερσὶν
2539 5127 2734 5194 αὐτῶν,
2763 5125 2947 5182 καὶτὰ
2973 5125 3168 5180 ἐνώτια
3197 5126 3266 5180 τὰ
3296 5129 3354 5182 ἐν
3385 5127 3494 5189 τοῖς

1939 5224 2071 5278 ὠσὶν
2102 5223 2298 5290 αὐτῶν,
2321 5223 2413 5278 καὶ
2441 5220 2671 5296 ἔκρυψεν
2695 5218 2835 5274 αὐτά
2878 5217 3068 5274 Ἰακὼϐ
3093 5218 3198 5273 ὐπὸ
3227 5217 3325 5290 τὴν
3346 5216 3499 5287 τερέ-

1943 5314 2120 5370 ϐινθον
2145 5315 2246 5386 τὴν
2279 5317 2336 5368 ἐν
2363 5314 2627 5386 Σικίμοις,
2661 5311 2755 5366 καὶ
2788 5310 3064 5364 ἀπώλεσεν
3092 5310 3232 5365 αὐτά
3255 5310 3358 5372 ἕως
3399 5305 3496 5375 τῆς

1943 5408 2179 5480 σήμερον
2225 5406 2458 5479 ἡμέρας.
2485 5424 2506 5460 ι
2542 5406 2604 5458 Εἰ
2634 5404 2698 5478 δὴ
2724 5399 2816 5459 οὖν
2857 5404 2950 5458 καλ⁵
2989 5403 3085 5475 τῆς
3117 5398 3494 5468 είδωλολάτρου

1941 5498 2148 5572 πλάνης
2183 5497 2446 5574 ἀλλότριοι
2477 5499 2900 5572 καθεστήκεσαν,
2946 5499 3040 5554 καὶ
3075 5489 3406 5562 Ἰουδαϊσμοῢ,
3439 5489 3496 5546 δὲ

3092 5620 3112 5651 τ
3149 5615 3282 5673 Gen.
3328 5629 3491 5680 xxxV,
