4068 6206
381 255 453 311 25
1300 250 1951 315 DEMONSTRATIONIS
1984 251 2442 311 EVANGELICE
2482 255 2607 311 LIB.
2642 253 2683 311 1.

3543 256 3613 311 2’5

385 374 537 437 εκτδς
572 373 857 446 γεγονότες
910 377 1331 450 ἀπεδείχθησαν,
1362 380 1509 449 ὅμως
1552 394 1614 447 γε
1664 377 1769 449 μὴν
1816 374 1930 429 οὐτε

2040 374 2240 429 ethnici
2266 384 2449 430 essent
2478 392 2577 433 nec
2618 376 2810 439 Judaei.
2858 378 2968 433 Deo
2986 378 3180 433 charos
3238 376 3603 435 nihilominus

387 465 643 538 Ἕλληνες
668 469 795 524 οὐτε
830 468 1064 522 Ἰουδαῖοι
1096 469 1323 539 φύντες,
1375 469 1634 538 Θεοφιλεῖς
1665 467 1943 537 γεγονέναι

386 557 857 629 μεμαρτύρηνται,
874 562 964 614 καὶ
990 559 1183 614 δίκαιοι
1213 562 1305 614 καὶ
1329 560 1589 623 εὐσεϐεῖς,
1610 561 1658 613 εἰ
1685 560 1776 612 καί
1803 574 1944 621 τινες

381 647 547 701 ἄλλον
577 648 699 720 ὥρα
723 649 901 721 τρίτον
927 652 1158 705 ἐπινοεῖν
1196 651 1502 717 θεοσεϐείας
1544 651 1762 723 τρόπον,
1791 649 1855 703 δι’
1880 641 1940 701 οὗ
1977 677 1990 688 ο

380 740 723 811 κατορθῶσαι
744 742 884 806 είκδς
906 738 971 814 ἦν
1000 744 1214 808 αὐτούς.
1237 744 1435 797 Σκόπει
1459 741 1761 814 τοιγαροῦν,
1792 744 1840 794 εί
1869 758 1943 814 μη

377 828 524 882 τοῦτ’
562 830 695 883 αὐτὸ
733 826 816 902 ἦν,
856 833 918 885 τὸ
958 832 1156 904 μεταξὺ
1195 833 1525 905 Ἰουδαῖσμοῦ
1558 834 1649 887 καὶ
1705 833 1945 902 Ἐλληνι-

379 918 545 991 σμοῦ,
561 922 734 992 τρίτον
757 924 887 993 ἡμῖν
916 924 1358 997 ἀποδεδειγμένον
1382 925 1589 997 τάγμα,
1615 925 1945 979 παλαίτατον

383 1011 487 1082 μὲν
520 1015 614 1066 καὶ
644 1012 854 1069 πάντων
898 1019 1160 1089 τυγχάνον
1202 1020 1606 1091 πρεσϐύτατον,
1653 1020 1846 1075 νεωστὶ
1884 1019 1941 1073 δὲ

377 1102 469 1157 διὰ
499 1105 587 1158 τοῦ
622 1106 886 1179 ἡμετέρου
934 1110 1185 1183 Σωτῆρος
1217 1112 1350 1163 πᾶσι
1378 1114 1487 1176 τοῖς
1532 1111 1704 1166 ἔθνεσι
1732 1126 1940 1183 κατηγ-

377 1197 652 1268 γελμένον.
690 1200 797 1253 Καὶ
844 1199 988 1255 τοῦτ’
1019 1202 1085 1256 ἂν
1120 1204 1204 1275 εἴη
1234 1208 1263 1259 ὀ
1314 1204 1792 1276 Χριστιανισμὸς,.
1818 1201 1938 1256 οὐτε

388 1289 729 1361 Ἑλληνισμός
750 1309 833 1357 τις
856 1291 949 1356 ὢν,
968 1293 1090 1349 οὔτε
1126 1297 1469 1368 Ἰουδαῖσμὸς,
1490 1296 1625 1351 ἀλλὰ
1655 1296 1713 1349 τὸ
1736 1293 1937 1366 μεταξὺ

370 1383 602 1448 τούτων,
638 1385 991 1441 παλαιότατον
1024 1390 1305 1454 εὐσεϐείας
1337 1390 1633 1462 πολίτευμα
1656 1431 1670 1455 ,
1708 1390 1803 1445 καὶ
1840 1392 1939 1461 άρ-

370 1476 626 1547 χαιοτάτη
660 1477 758 1547 μέν
780 1495 863 1543 τις
896 1478 1201 1551 φιλοσοφία,
1230 1483 1365 1554 πλὴν
1396 1483 1529 1537 ἀλλὰ
1553 1484 1745 1537 νεωστὶ
1774 1485 1937 1537 πᾶσιν

367 1563 672 1637 ἀνθρώποις
700 1572 813 1634 τοῖς
855 1570 975 1624 καθ’
1010 1572 1135 1643 ὅλης
1172 1574 1270 1646 τῆς
1303 1574 1621 1647 οἰκουμένης
1657 1575 1938 1647 νενομοθε-

365 1658 607 1729 τημένη*
638 1658 778 1714 ὥστε
808 1662 901 1716 τὸν
941 1664 999 1731 ἐξ
1031 1664 1386 1737 Ἑλληνισμοῦ
1422 1666 1515 1719 ἐπὶ
1557 1666 1648 1720 τὸν
1676 1668 1935 1737 Χριστια-

362 1748 556 1819 νισμὸν
587 1750 1002 1823 μετατιθέμενον
1021 1754 1120 1807 οὐκ
1147 1754 1238 1807 ἐπὶ
1265 1754 1588 1824 Ἰουδαῖσμὺν
1618 1754 1898 1807 ἐκπίπτειν
1916 1770 1927 1783 ·

364 1841 473 1895 οὐδ’
507 1837 571 1895 αὖ
606 1843 767 1898 πάλιν
799 1847 863 1896 ὲκ
889 1846 988 1914 τῆς
1024 1844 1316 1917 Ἰουδαϊκῆς
1335 1846 1779 1915 ὲθελοθρησκείας
1808 1848 1935 1900 ἀνα-

366 1933 681 2006 χωροῦντα,
727 1935 887 1999 εὐθὺς
910 1938 1148 2009 Ἕλληνα
1186 1938 1469 2007 γενέσθαι’
1501 1939 1590 1991 τὸν
1617 1938 1674 1990 δὲ
1707 1938 1766 2003 ἐξ
1812 1940 1938 1993 ἐκα-

368 2024 532 2096 τέρου
562 2025 860 2095 τάγματος,
901 2025 964 2079 ἔκ
990 2044 1051 2079 τε
1090 2026 1444 2099 Ἑλληνισμοῦ
1475 2027 1568 2079 καὶ
1607 2025 1935 2097 Ἰουδαϊσμοῦ

379 2108 769 2181 μεθιστάμενον
802 2112 896 2165 ἐπὶ
938 2114 1030 2166 τὸν
1061 2114 1224 2184 μέσον
1270 2114 1523 2184 παριέναι
1558 2115 1718 2185 νόμον
1748 2132 1806 2167 τε
1846 2116 1939 2168 καὶ

378 2196 491 2266 βίον
518 2198 609 2251 τὸν
630 2198 735 2252 τῶν
765 2199 932 2254 πάλαι
960 2201 1223 2271 θεοφιλῶν
1250 2203 1341 2256 καὶ
1371 2202 1590 2256 δικαίων
1620 2202 1850 2273 ἀνδρῶν,
1880 2202 1938 2255 δν

370 2293 398 2343 6
436 2292 624 2363 Σωτὴρ
656 2293 748 2347 καὶ
792 2296 999 2364 Κύριος
1046 2295 1219 2367 ἡμῶν,
1269 2296 1478 2367 μακρὸν
1522 2295 1937 2365 ὲφησυχάσαντα

366 2382 553 2453 χρόνον
580 2425 594 2449 ,
650 2380 803 2449 αὖθις
853 2385 1190 2441 ἀνενεώσατο
1237 2386 1540 2452 ἀκολούθως
1603 2391 1714 2451 τοῖς
1770 2388 1930 2442 αὐτοῦ

364 2469 638 2535 Μωῡσέως
674 2473 767 2527 καὶ
810 2474 919 2527 τῶν
966 2475 1167 2530 λοιπῶν
1217 2476 1507 2550 προφητῶν
1553 2478 1678 2549 περὶ
1727 2478 1930 2533 τούτων

362 2559 538 2613 αὐτῶν
558 2560 941 2633 θεσπίσμασιν.
983 2567 1070 2619 Ἐν
1098 2567 1226 2636 γοῦν
1254 2572 1367 2632 τοῖς
1401 2569 1535 2640 πρὸς
1557 2569 1646 2623 τὸν
1680 2570 1930 2642 Ἀϐραὰμ

362 2657 629 2725 χρησμοῖς
656 2656 815 2722 αὐτὸς
848 2660 876 2711 ὁ
911 2660 1149 2729 Μωῡσῆς
1196 2660 1501 2733 ἀναγράφει
1532 2661 1819 2727 θεσπίζων,
1854 2662 1930 2727 ὡς

362 2744 444 2797 ὅτι
474 2744 829 2819 μελλήσουσιν
855 2750 911 2801 ἐν
942 2750 1188 2822 ὑστέροις
1219 2751 1348 2805 ποτὲ
1380 2753 1609 2824 χρόνοις,
1638 2754 1735 2825 οὐχ
1757 2756 1806 2807 οἱ
1837 2753 1927 2807 τοῦ

374 2837 623 2909 Ἀϐραὰμ
680 2840 974 2908 ἀπόγονοι,
1031 2843 1139 2896 οὐδ’
1173 2845 1219 2896 οί
1272 2845 1336 2897 ὲκ
1391 2845 1704 2916 σπέρματος
1765 2847 1927 2901 αὐτοῦ

371 2925 645 2982 Ἰουδαῖοι·
695 2929 828 2984 ἀλλὰ
882 2931 991 3003 γὰρ
1032 2935 1199 2987 πᾶσαι
1225 2935 1281 2988 at
1322 2934 1483 3005 φυλαὶ
1514 2936 1613 3006 τῆς
1662 2936 1785 3006 γῆς,
1838 2938 1931 2991 καὶ

362 3020 552 3117 πάντα
570 3023 638 3117 τὰ
658 3022 782 3093 ἔθνη
804 3025 909 3117 Ῠὲπὶ
930 3024 1005 3095 τῷ
1030 3027 1198 3098 ὁμοίῳ
1225 3027 1408 3100 τρόπῳ
1435 3029 1535 3098 τῆς
1563 3028 1655 3082 τοῦ
1684 3030 1929 3102 Ἀϐραὰμ
1956 3057 1997 3117 C

361 3111 692 3179 θεοσεϐείας,
740 3116 987 3184 εὐλογίας
1042 3118 1189 3189 παρά
1231 3120 1364 3172 Θεοῦ
1408 3119 1925 3191 καταξιωθήσεσθαι.

365 3206 569 3277 Γράφει
607 3207 663 3260 δὲ
696 3208 895 3273 οὕτως’
927 3229 948 3260 ι
977 3211 1086 3264 Καὶ
1125 3208 1245 3265 εἷπε
1294 3211 1497 3283 Κύριος
1524 3213 1599 3284 τῷ
1646 3213 1923 3287 Ἀϐραάμ’

369 3297 591 3362 Ἔξελθε
616 3301 679 3352 ὲκ
707 3300 804 3368 τῆς
831 3301 931 3371 γῆς
966 3317 1057 3354 σου
1090 3302 1184 3355 καὶ
1220 3303 1284 3356 ὲκ
1316 3303 1414 3372 τῆς
1454 3304 1766 3372 συγγενείας
1809 3323 1923 3371 σου,

365 3390 459 3441 καί
482 3390 545 3441 ὲκ
578 3389 669 3442 τοῦ
701 3390 846 3445 οἴκου
878 3391 970 3446 τοῦ
1011 3394 1214 3465 πατρός
1245 3411 1358 3456 σου,
1382 3396 1475 3448 καὶ
1504 3394 1662 3467 δεῦρο
1694 3398 1771 3459 είς
1802 3397 1925 3467 γῆν,

364 3481 431 3550 ἦν
462 3479 525 3533 ἄν
554 3498 633 3535 σοι
668 3482 841 3547 δείξω.
877 3485 983 3537 Καὶ
1018 3486 1224 3557 ποιήσω
1251 3503 1308 3540 σε
1335 3488 1413 3550 εἰς
1446 3486 1595 3552 ἔθνος
1624 3488 1763 3558 μέγα
1782 3505 1796 3519 ·
1833 3490 1927 3542 καὶ

364 3572 641 3643 εὐλογήσω
684 3590 764 3636 σε,
802 3575 894 3627 καὶ
938 3576 1218 3645 μεγαλυνῶ
1248 3578 1310 3630 τὸ
1336 3578 1505 3648 ὄνομά
1539 3595 1662 3642 σου,
1696 3580 1787 3633 καὶ
1828 3579 1923 3651 ἔσῃ

364 3663 552 3733 εὐλογη
563 3665 736 3733 μένος.
763 3667 871 3719 Καὶ
900 3666 1171 3738 εὐλογήσω
1199 3669 1324 3732 τοὺς
1347 3669 1697 3738 εὐλογοῦντάς
1719 3687 1799 3727 σε,
1828 3670 1925 3724 καὶ

365 3756 488 3817 τοὺς
517 3758 931 3827 καταρωμένους
973 3776 1031 3811 σε
1073 3759 1474 3830 καταράσομαι,
1514 3761 1606 3815 καὶ
1652 3761 1926 3832 ἐνευλογη-

365 3846 616 3916 θήσονται
650 3850 707 3900 ὲν
737 3849 818 3901 σοὶ
851 3851 1019 3902 πᾶσαι
1048 3853 1101 3904 αἱ
1131 3852 1292 3919 φυλαὶ
1315 3853 1411 3921 τῆς
1437 3854 1557 3924 γῆς.
1587 3873 1604 3905 ι
1632 3855 1741 3907 Καὶ
1766 3855 1924 3907 πάλιν

362 3940 391 3990 ὁ
441 3936 573 4002 Θεὸς
616 3934 769 3993 εἷπε·
813 3960 831 3992 ι
875 3942 963 4013 Μὴ
1010 3942 1199 4017 κρύψω
1232 3944 1343 4012 ἐγὼ
1383 3945 1490 3997 ἀπὸ
1536 3946 1782 4017 Ἀϐραὰμ
1827 3945 1921 4000 τοῦ

366 4030 552 4093 παιδός
585 4049 683 4102 μου
707 4032 741 4086 ἃ.
760 4032 871 4102 ἐγὼ
900 4034 1070 4097 ποιῶ;
1114 4034 1360 4107 Ἀϐραὰμ
1386 4036 1442 4090 δὲ
1466 4038 1751 4109 γενόμενος
1771 4038 1922 4094 ἔσται

365 4123 441 4184 είς
468 4121 615 4185 ἔθνος
663 4123 803 4192 μέγα
843 4126 935 4178 καὶ
977 4112 1128 4179 πολύ.
1175 4128 1285 4180 Καὶ
1313 4125 1817 4200 ὲνεύλογηθήσονται
1865 4130 1921 4182 ἐν

365 4210 509 4281 αὐτῷ
542 4212 717 4265 πάντα
754 4213 821 4279 τὰ
859 4212 985 4284 ἔθνη
1018 4215 1114 4286 τῆς
1148 4216 1270 4286 γῆς.
1304 4235 1322 4268 ι
1362 4217 1484 4281 Πῶς
1518 4217 1563 4270 δ’
1604 4217 1668 4271 ἂν
1700 4217 1921 4289 ἔμελλον

365 4300 439 4372 τῷ
480 4302 726 4375 Ἀϐραὰμ
774 4304 1281 4378 ὲνευλογηθήσεσθαι
1316 4308 1490 4362 πάντα
1530 4307 1599 4361 τὰ
1631 4309 1790 4381 ἔθνη,
1826 4311 1920 4366 καὶ

2041 466 2327 535 justosque
2368 465 2414 522 si
2449 466 2543 520 ulli
2581 483 2819 537 unquam
2868 468 2980 531 alii,
3030 476 3083 522 et
3122 469 3236 537 pios
3294 467 3599 527 exstitisse.

2043 557 2409 613 testimonium
2465 557 2790 613 habuerunt.
2841 559 3105 614 Convenit
3147 560 3305 629 igitur
3380 559 3600 613 tertium

2043 648 2329 720 quemdam
2357 659 2534 707 mente
2582 655 2869 721 concipere
2910 651 3092 706 cultus
3130 649 3298 705 divini
3353 650 3598 708 modum.

2044 745 2339 796 secundum
2378 757 2535 811 quem
2560 752 2704 797 recte
2737 744 2915 798 vivere
2971 749 3239 812 poterant.
3275 739 3411 796 Vide
3435 742 3601 812 igitur

2043 836 2184 888 sitne
2231 832 2344 888 haec
2389 834 2478 887 illa
2506 833 2621 903 ipsa
2652 834 2809 887 tertia
2859 834 3228 887 demonstrata
3262 831 3423 886 nobis
3457 832 3599 887 inter

2040 922 2378 980 Judaismum
2405 932 2458 979 et
2478 925 2858 980 ethnicismum
2896 924 3072 978 media
3122 910 3282 989 ratio,
3326 924 3598 995 antiquis-

2040 1016 2178 1070 sima
2201 1015 2415 1086 quidem
2447 1030 2739 1085 omnesque
2762 1016 2894 1070 alias
2921 1022 3078 1069 aetate
3125 1014 3475 1079 antecellens,
3504 1014 3599 1071 sed

2038 1120 2198 1176 quam
2228 1111 2474 1160 recenter
2525 1106 2778 1160 omnibus
2829 1104 3080 1176 gentibus
3122 1103 3371 1160 Salvator
3411 1113 3597 1162 noster

2037 1196 2391 1251 annuntiavit.
2450 1194 2626 1266 Atque
2687 1195 2799 1249 haec
2872 1193 3329 1249 Christianismus
3407 1197 3599 1267 utique

2038 1288 2218 1352 fuerit,
2244 1295 2430 1357 utpote
2448 1288 2539 1358 qui
2565 1302 2664 1343 nec
2688 1287 3135 1342 ethnicismusest
3152 1282 3597 1353 necJudaismus,

2038 1379 2180 1433 inter
2217 1388 2505 1448 utrumque
2531 1376 2707 1431 media
2728 1375 3104 1445 antiquissima
3137 1373 3382 1444 quaedam
3412 1376 3595 1433 cultus

2036 1468 2205 1522 divini
2244 1467 2640 1522 administratio
2697 1481 2758 1521 ac
2805 1476 2997 1533 status,
3038 1481 3315 1535 genusque
3351 1466 3593 1535 philoso-

2034 1557 2175 1627 phiae
2197 1558 2645 1624 vetustissimum,
2705 1557 2799 1612 sed
2842 1571 3033 1612 recens
3072 1556 3327 1611 omnibus
3355 1556 3593 1610 homini-

2035 1652 2137 1707 bus
2166 1666 2262 1721 per
2292 1652 2601 1706 universum
2650 1657 2917 1705 terrarum
2954 1649 3138 1703 orbem
3168 1650 3437 1704 sancitum
3466 1664 3480 1700 :
3513 1648 3588 1703 ita

1962 1722 2005 1777 Β
2037 1751 2095 1796 ιιι
2120 1743 2211 1813 qui
2243 1743 2311 1797 ab
2339 1743 2663 1799 ethnicismo
2707 1743 2774 1797 ad
2823 1742 3299 1798 Christianismum
3366 1742 3588 1810 transit,

2036 1850 2144 1888 non
2175 1834 2229 1887 in
2274 1833 2608 1891 Judaismum
2641 1835 2888 1902 excidat;
2920 1850 3097 1904 neque
3140 1850 3353 1899 rursus,
3380 1837 3470 1906 qui
3504 1851 3589 1892 re-

2038 1924 2183 1979 cedit
2202 1926 2267 1979 ab
2292 1924 2515 1981 Iudaico
2545 1926 2851 1981 voluntario
2887 1926 3059 1989 cultu,
3090 1928 3271 1981 statim
3298 1926 3388 1981 ﬁat
3414 1926 3588 1981 ethni-

2038 2029 2177 2071 cus:
2212 2018 2302 2072 sed
2331 2020 2423 2088 qui
2461 2028 2691 2088 utroque
2736 2018 2928 2074 ordine
2949 2019 3161 2083 relicto,
3204 2019 3586 2077 ethnicismum

2039 2106 2241 2161 deserit
2270 2116 2429 2177 atque
2455 2107 2815 2172 Judaismum,
2873 2109 2921 2165 is
2968 2111 3199 2164 mediam
3242 2111 3387 2165 subit
3414 2111 3585 2181 legem

2039 2199 2313 2267 vitamque
2335 2200 2630 2269 priscorum
2651 2200 3090 2255 charissimorum
3125 2202 3586 2270 Deoetjustorum

2039 2294 2300 2357 virorum,
2338 2310 2497 2363 quam
2528 2291 2776 2349 Salvator
2818 2310 2882 2349 ac
2937 2294 3197 2351 Dominus
3221 2304 3428 2358 noster,
3463 2311 3587 2350 cum

2033 2400 2132 2456 per
2156 2387 2371 2455 longum
2400 2387 2489 2441 illa
2520 2394 2735 2457 tempus
2764 2387 3045 2457 consopita
3071 2387 3352 2456 jacuisset,
3380 2388 3586 2442 excita-

2031 2478 2109 2531 vit
2137 2479 2327 2533 iterum
2358 2478 2807 2546 instauravitque,
2833 2482 2905 2532 ita
2952 2480 3029 2532 uti
3083 2477 3249 2533 Mosis
3282 2486 3335 2533 et
3366 2488 3589 2535 ctetero-

2030 2584 2151 2622 rum
2188 2569 2570 2638 prephetarum
2619 2568 2844 2623 vocibus
2898 2568 3002 2622 hoc
3036 2568 3213 2638 ipsum
3269 2570 3585 2638 praedictum

2031 2658 2224 2713 fuerat.
2262 2657 2392 2712 Nam
2433 2665 2486 2712 et
2515 2658 2570 2712 in
2595 2658 2853 2722 oraculis,
2913 2673 3033 2728 qua:
3092 2657 3399 2714 Abrahamo
3444 2661 3587 2714 edita

2029 2750 2288 2805 divinitus
2313 2748 2486 2806 Moses
2511 2758 2763 2812 testatur,
2804 2752 3160 2822 scribitquod
3211 2752 3411 2808 futuris
3455 2754 3582 2808 olim

2029 2845 2359 2913 temporibus
2391 2860 2497 2898 non
2524 2845 2814 2898 Abrahami
2836 2845 3035 2913 posteri
3070 2854 3123 2900 et
3144 2862 3210 2901 ex
3235 2847 3441 2902 semine
3465 2847 3583 2917 cjua

2028 2935 2273 3004 prognati
2303 2932 2494 2994 Judaei.
2552 2934 2645 2989 sed
2701 2950 2890 2990 omnes
2925 2936 3098 2989 tribus
3130 2943 3286 2991 teme
3313 2946 3365 2992 et
3393 2954 3582 2995 omnes

2029 3033 2213 3097 gentes
2243 3041 2336 3095 per
2367 3026 2597 3081 similem
2628 3025 2808 3080 cultus
2837 3025 2930 3081 Dei
2971 3028 3235 3081 rationem
3274 3044 3381 3097 quo
3406 3029 3581 3085 Abra-

2030 3118 2244 3182 hamus,
2287 3118 2715 3172 benedictionem
2756 3117 2992 3171 divinam
3043 3125 3229 3172 essent
3283 3119 3579 3178 obtenturi.

2030 3208 2106 3262 lta
2138 3208 2279 3261 enim
2306 3208 2381 3260 ait
2409 3209 2467 3261 δε
2505 3227 2524 3260 ι
2566 3207 2631 3261 Ει
2671 3208 2809 3262 dixit
2865 3207 3126 3263 Dominus
3149 3209 3213 3264 ad
3263 3208 3575 3263 Abraham:

2031 3298 2126 3354 Exi
2150 3299 2217 3353 de
2242 3306 2384 3354 terra
2421 3311 2529 3360 tua,
2559 3300 2695 3355 etde
2716 3302 3045 3369 cognatione
3072 3308 3183 3363 tua,
3233 3309 3279 3355 et
3320 3316 3382 3354 ex
3418 3301 3577 3356 domo

2028 3391 2200 3461 patris
2233 3394 2332 3452 tui,
2356 3401 2408 3446 et
2433 3394 2568 3447 vade
2611 3394 2663 3446 in
2689 3399 2886 3446 terram
2917 3406 3076 3461 quam
3106 3392 3205 3446 tibi
3241 3392 3579 3447 demonstra-

2026 3494 2173 3535 vero.
2202 3478 2267 3532 Et
2291 3480 2478 3540 faciam
2508 3490 2557 3534 te
2609 3482 2659 3534 in
2689 3489 2900 3551 gentem
2938 3496 3185 3553 magnam
3220 3500 3234 3537 :
3266 3490 3319 3537 et
3354 3480 3578 3535 benedi-

2026 3587 2143 3626 cam
2174 3579 2248 3628 te.
2279 3580 2331 3626 et
2352 3572 2703 3642 magniﬁcabo
2726 3591 2916 3630 nomen
2948 3584 3124 3638 tuum,
3157 3584 3210 3631 et
3262 3576 3372 3631 eris
3414 3577 3578 3632 bene.

2025 3666 2222 3727 dictus.
2257 3666 2319 3719 Et
2347 3665 2657 3721 benedicam
2687 3668 3063 3725 benedicentes
3088 3681 3159 3732 te,
3182 3680 3234 3725 et
3259 3671 3575 3725 maledicam

2026 3750 2404 3813 maledicentes
2436 3767 2506 3821 te,
2538 3765 2590 3812 et
2617 3758 2999 3813 benedicentur
3024 3762 3077 3813 in
3110 3767 3162 3813 te
3190 3775 3379 3813 omnes
3402 3760 3576 3813 tribus

2025 3854 2199 3903 terrae.
2233 3867 2251 3900 ι
2276 3848 2451 3918 Atque
2475 3850 2668 3903 iterum
2696 3847 2832 3901 dixit
2861 3848 3000 3902 Deus
3026 3850 3079 3898 9:
3120 3866 3141 3899 ι
3174 3848 3425 3915 Nunquid
3459 3849 3577 3902 alia.

2023 3940 2251 3993 condam
2291 3955 2390 4008 ego
2440 3940 2508 3993 ab
2547 3938 2853 3993 Ahr-ahamo
2885 3954 3043 3995 servo
3109 3954 3248 4000 meo,
3307 3953 3426 4007 qua:
3471 3952 3573 4010 ego

2023 4032 2197 4087 facio?
2235 4031 2504 4086 Abraham
2537 4039 2715 4086 autem
2773 4031 2939 4087 ﬁet‘in
2970 4038 3181 4103 gentem
3231 4046 3478 4101 magnam
3519 4041 3575 4090 et

2023 4127 2264 4180 multam.
2294 4124 2357 4179 Et
2380 4123 2763 4180 benedicentur
2789 4122 2918 4178 ineo
2940 4138 3127 4177 omnes
3153 4129 3338 4191 gentes
3359 4128 3532 4175 terrae.
3548 4141 3567 4173 ι

2021 4218 2301 4286 Quomodo
2326 4226 2502 4271 autem
2528 4216 2581 4270 in
2618 4215 2924 4270 Abrahnmo
2974 4214 3352 4270 benedicendat
3389 4223 3573 4269 essent

2020 4322 2207 4363 omnes
2234 4315 2420 4378 gentes
2457 4313 2512 4365 et
2567 4321 2755 4362 omnes
2783 4306 2958 4361 tribus
3016 4314 3190 4368 terrae,
3255 4306 3299 4360 si
3351 4306 3570 4375 quidem

367 4394 530 4446 πᾶσαι
567 4394 625 4447 αί
666 4393 828 4462 φυλαὶ
858 4394 957 4465 τῆς
999 4394 1132 4466 γῆς,
1168 4398 1217 4449 εί
1257 4397 1423 4468 μηδὲν
1465 4413 1519 4451 τι
1557 4399 1919 4470 προσήκοντες

2027 4398 2166 4456 nulla
2199 4398 2407 4454 ratione
2428 4414 2550 4452 eum
2591 4397 2966 4467 contingerent
2992 4436 3008 4458 .
3052 4411 3227 4465 neque
3284 4396 3447 4449 animi
3480 4410 3571 4450 ra-

364 4482 599 4555 ὑπῆρχον
625 4485 791 4557 αὐτῷ,
831 4488 966 4558 μήτε
995 4487 1134 4549 κατὰ
1164 4487 1342 4559 ψυχῆς
1370 4488 1587 4559 τρόπον,
1619 4491 1753 4561 μήτε
1780 4491 1918 4545 κατὰ

362 4572 610 4644 σώματος
637 4577 988 4645 συγγένειαν;
1026 4580 1135 4650 Τῆς
1167 4596 1226 4632 τε
1258 4579 1365 4652 γὰρ
1403 4580 1542 4637 κατὰ
1578 4582 1754 4654 σάρκα
1787 4600 1917 4652 συγ-

360 4668 571 4736 γενείας
596 4668 680 4732 τίς
705 4664 772 4742 ἦν
798 4670 931 4743 πρὸς
958 4670 1051 4724 τὸν
1088 4669 1332 4742 Ἀϐραὰμ
1352 4672 1655 4741 συγγένεια,
1686 4674 1917 4740 Σκύθαις

360 4758 497 4839 φέρε
528 4762 715 4825 εἰπεῖν,
749 4761 783 4833 ἢ
824 4762 1164 4831 Αἰγυπτίοις,
1195 4762 1227 4833 ἢ
1271 4756 1537 4833 Αἰθίοψιν,
1574 4764 1608 4835 ἢ
1646 4765 1847 4829 Ἰνδοῖς,
1880 4766 1915 4836 ἢ

361 4849 750 4922 Βρεττανοῖς,ἢ
782 4852 1125 4924 Ἰσπανοῖς;ἢ
1149 4851 1264 4918 πῶς
1286 4852 1354 4907 ἂν
1374 4854 1546 4917 ταῦτα
1573 4854 1640 4908 τὰ
1667 4854 1794 4925 ἑθνη
1824 4856 1918 4910 καὶ

360 4940 441 4996 ἔτι
460 4941 527 4996 τὰ
540 4942 737 4996 τούτων
760 4944 1112 5017 ἀπῳκισμένα
1128 4944 1223 5015 τῆς
1242 4943 1377 5015 πρὸς
1391 4943 1480 4996 τὸν
1508 4944 1753 5016 Ἀϐραὰμ
1776 4946 1916 5000 κατὰ

363 5033 541 5105 σάρκα
582 5035 892 5103 συγγενείας
946 5037 1101 5107 χάριν
1150 5036 1372 5108 ἔμελλον
1423 5036 1912 5108 εὐλογηθήσεσθαι;

374 5125 509 5179 Ἀλλ’
540 5126 659 5181 οὐδὲ
690 5128 787 5197 τῆς
820 5127 958 5180 κατὰ
983 5126 1157 5199 ψυχὴν
1194 5128 1437 5197 εὐλογίας
1460 5129 1603 5192 είικὸς
1629 5125 1696 5200 ἦν
1730 5146 1916 5183 κοινω-

362 5216 544 5287 νήσειν
586 5218 663 5288 τῷ
703 5218 948 5290 Ἀϐραὰμ
980 5218 1155 5274 πάντα
1190 5220 1259 5273 τὰ
1300 5219 1446 5289 ἔθνη.
1488 5219 1611 5284 Πῶς
1643 5221 1782 5291 γάρς
1826 5220 1913 5274 ὅτε

362 5307 431 5360 τὰ
464 5309 561 5377 μὲν
582 5309 758 5363 αὐτῶν
781 5308 1064 5380 ἐκθέσμοις
1100 5311 1496 5384 μητρογαμίαις
1529 5313 1623 5366 καὶ
1655 5312 1914 5386 θυγατρο-

366 5400 598 5471 μιείαις,
648 5401 717 5455 τὰ
763 5402 805 5455 δ’
849 5402 1160 5466 ἀκολάστοις
1209 5390 1442 5473 ὁμιλίαις
1490 5406 1731 5479 ἀρρένων
1777 5406 1912 5478 πρὸς

361 5492 592 5565 ἄρρενας
624 5493 937 5575 ἀνεφύρετο,
971 5494 1037 5547 τὰ
1074 5494 1131 5547 δὲ
1170 5493 1264 5575 τὴν
1298 5496 1572 5552 εὐσέϐειαν
1607 5500 1664 5554 ὲν
1706 5497 1912 5570 ἀνθρωη

437 5691 456 5721 ⁸
494 5690 626 5745 Gen.
677 5707 772 5749 xu.
817 5688 920 5743 1-5.
1032 5690 1052 5721 ’
1091 5688 1223 5746 Gen.
1266 5706 1419 5755 xvut,
1456 5692 1541 5747 Π.

2020 4490 2186 4553 tione,
2218 4504 2391 4559 neque
2441 4490 2763 4567 cognatione
2818 4487 3102 4571 corporis?
3134 4486 3268 4540 Nam
3308 4486 3454 4557 quod
3500 4487 3568 4542 ad

2017 4580 2259 4650 corporis
2287 4581 2659 4651 cognationem
2693 4580 2903 4643 attinet,
2928 4594 3171 4649 qmenam
3193 4593 3398 4647 quaeso,
3440 4592 3564 4632 cum

2016 4668 2320 4725 Abrahamo
2371 4668 2653 4723 intercedit
2706 4666 3079 4738 pr0pinquitas
3112 4704 3126 4731 ,
3180 4662 3394 4736 Scythis
3421 4662 3565 4718 verbi

2016 4764 2191 4835 gratia
2220 4765 2299 4818 vel
2325 4762 2612 4834 Egyptiis,
2649 4773 2740 4817 aut
2763 4760 3132 4832 Ethiopibus,
3165 4761 3330 4825 indis,
3355 4761 3568 4815 Britan-

2015 4856 2102 4909 nis
2130 4855 2211 4909 vel
2246 4852 2531 4923 Hispanis?
2583 4861 2674 4907 aut
2720 4855 2992 4923 quomodo
3020 4852 3102 4906 hae
3127 4858 3313 4922 gentes
3362 4849 3445 4903 vel
3498 4847 3566 4900 ab

2016 4948 2100 5005 bis
2128 4947 2289 5002 etiam
2312 4946 2648 5012 remotiores,
2700 4943 3076 4999 benedicenda?
3106 4943 3323 4998 fuerunt
3347 4945 3564 5007 propter

2013 5038 2385 5106 cognationem
2409 5049 2531 5089 cum
2566 5033 2893 5097 Abrahamo,
2927 5030 3068 5102 quod
3101 5029 3165 5084 ad
3187 5040 3402 5082 carnem
3442 5038 3565 5094 per-

2014 5130 2180 5184 tinet?
2207 5127 2312 5185 Sed
2336 5142 2509 5195 neque
2535 5125 2677 5195 quod
2716 5124 2783 5181 ad
2829 5123 3132 5178 animorum
3162 5114 3560 5187 cognationem.

2011 5228 2129 5279 erat
2159 5233 2463 5289 congruens
2490 5224 2677 5287 gentes
2708 5230 2895 5270 omnes
2926 5214 2991 5268 de
3024 5207 3393 5268 benedictione
3412 5222 3565 5260 com-

2011 5310 2161 5366 muni
2191 5324 2313 5364 cum
2361 5309 2666 5363 Ahrahamo
2694 5306 3038 5378 participare.
3081 5300 3182 5365 Qui
3220 5296 3406 5353 enim?
3435 5312 3559 5353 cum

2012 5403 2130 5457 alia:
2156 5400 2418 5457 nefandas
2444 5408 2675 5456 matrum
2706 5396 2925 5469 nuptias
2950 5395 3033 5451 vel
3082 5391 3311 5448 filiarum
3358 5403 3565 5446 concu-

2008 5496 2154 5557 bitus
2177 5493 2485 5568 probarent,
2526 5493 2645 5549 alize
2681 5491 2987 5565 polluerunt
3019 5498 3137 5543 sese
3182 5483 3388 5540 incesta
3413 5495 3564 5537 mare
