4068 6206
491 239 563 293 2⁸1
1123 236 1388 293 EUSEBII
1422 239 1900 296 C/ESABIENSIS
1933 240 2088 298 OPP.
2125 241 2312 300 PARS
2349 243 2414 300 ll.
2446 276 2519 288 —
2555 244 3063 304 APOLOGETICA.
3645 244 3716 296 28

493 371 618 410 cum
650 355 894 411 maribus
922 354 1148 410 libidine
1184 374 1198 410 :
1232 355 1322 408 alii
1357 355 1564 410 cultum
1594 355 1846 412 Numinis
1873 356 1930 412 in
1952 357 2052 413 bo-

2157 360 2458 425 ποθυσίαις,
2493 363 2586 416 καὶ⁸
2628 361 2780 426 ζώων
2814 362 3021 430 ἀλόγων
3054 357 3346 420 θεοποιίαις
3367 395 3382 419 ,
3417 355 3623 427 ἀψύχου
3657 372 3714 409 τε

495 448 735 504 minibus
755 446 1119 509 immolandis,
1156 445 1239 500 vel
1287 445 1469 500 divina
1509 447 1856 502 veneratione
1884 446 2058 504 brutis

495 538 864 594 animantibus
891 545 986 590 aut
1039 535 1222 600 idolis,
1259 537 1597 591 ex..inanima
1626 537 1855 593 materia
1887 536 2061 593 fabri-

492 631 634 686 catis
651 629 885 684 exhibita
919 635 1206 698 ponerent,
1231 629 1316 684 vel
1339 628 1394 682 in
1429 629 1717 698 spirituum
1745 629 2060 700 multiplicis
2091 677 2103 690 .

494 724 699 780 erroris
727 729 1005 776 auctorum
1042 721 1524 790 superstitionibus
1545 723 1880 778 collocarent
1904 739 1916 774 :
1944 723 2063 777 alite

495 818 647 868 vivos
671 818 960 868 exurerent
985 820 1144 867 aetate
1175 813 1566 883 provectiores,
1606 814 1724 868 aliae
1747 813 1910 868 etiam
1931 813 2064 868 cha-

495 907 741 962 rissimos
766 919 874 958 non
905 904 1218 959 dubitarent
1253 903 1487 959 ﬂammis
1539 905 1779 968 tradere,
1804 905 1924 960 aliae
1952 907 2062 961 vita

495 997 850 1066 spoliatorum
886 995 1033 1050 vesci
1066 996 1324 1051 carnibus
1357 995 1643 1065 pulchrum
1687 1004 1741 1051 et
1760 997 1909 1066 pium
1941 1012 2063 1053 esse

494 1090 888 1145 existimarent.
922 1087 1204 1154 Quomodo
1233 1088 1504 1158 igitureos
1519 1089 1610 1158 qui
1638 1095 1747 1142 tam
1770 1089 2062 1143 belluinam

495 1181 759 1236 ducerent
781 1180 966 1246 vitam,
1009 1189 1432 1235 consentaneum
1493 1189 1611 1234 erat
1667 1180 2062 1236 benedictionis

494 1271 600 1325 viri
630 1270 738 1326 Deo
762 1270 1069 1325 cbarissimi
1103 1269 1216 1324 ﬁeri
1240 1279 1542 1335 consortes,
1571 1271 1679 1325 nisi
1723 1273 1909 1342 utique
1950 1271 2058 1328 bel-

497 1365 646 1418 luina
684 1363 776 1416 illa
799 1363 908 1416 vita
947 1363 1156 1431 abiecta
1205 1369 1259 1417 et
1284 1363 1492 1428 relicta,
1519 1364 1860 1419 consimilem
1893 1364 2061 1420 Abra-

495 1456 657 1509 bamo
683 1453 934 1523 pietatem
959 1451 1252 1522 aliquando
1281 1461 1465 1508 essent
1487 1455 1820 1524 amplexuri?
1849 1454 1983 1510 Nam
2007 1466 2062 1512 et

496 1548 588 1602 ille
621 1546 922 1616 alienigena
948 1553 1002 1601 et
1035 1547 1247 1601 alienus
1279 1546 1592 1615 perhibetur
1638 1549 1706 1603 ad
1741 1563 1861 1603 eam
1895 1565 2060 1619 quam

495 1635 689 1698 deinde
712 1635 990 1706 professus
1007 1638 1400 1693 est’transiisse
1433 1637 1710 1709 pietatem,
1751 1640 2061 1712 avitamque

2163 450 2294 523 ὐλης
2332 453 2584 524 ίδρύμασι
2618 456 2710 508 καὶ
2736 453 3058 525 πνευμάτων
3087 447 3432 505 πολυπλανῶν
3463 448 3720 502 δεισιδαι-

2164 544 2374 614 μονίαις
2418 545 2724 598 ἀνετίθετοο
2767 544 2836 598 τά
2888 545 2944 598 δὲ
2999 542 3204 609 ζῶντας
3245 540 3559 594 κατακαίειν
3591 541 3718 604 τοὺς

2159 633 2566 706 γεγηρακότας·
2611 635 2678 687 τά
2718 635 2775 688 δὲ
2827 633 2958 704 πυρί⁹
3010 633 3135 695 τούς
3169 629 3451 698 φιλτάτους
3491 627 3722 698 παραδι-

2159 724 2305 777 δόναι
2329 741 2342 754 ·
2377 723 2447 777 τὰ
2483 724 2539 778 δέ
2587 727 2681 779 καὶ
2737 725 2942 797 νεκρῶν
2981 721 3342 792 ἀπογεύεσθαι
3381 719 3540 773 καλὸν
3582 714 3722 773 εἶναι

2161 815 2256 868 καὶ
2298 814 2514 880 εὐσεϐὲς
2563 818 2768 886 ἡγεῖτο.
2817 815 2940 878 Πῶς
2971 811 3062 868 οὖν
3094 814 3216 877 τοὺς
3268 814 3326 865 ἐν
3372 811 3449 882 τῷ
3499 810 3720 881 τοιούτῳ

2162 904 2412 978 θηριώδει
2447 907 2545 978 βίῳ
2583 907 2958 979 προηγμένους
2990 905 3090 976 τῆς
3115 904 3207 958 τοῦ
3245 903 3520 974 θεοφιλοῦς
3555 919 3720 973 μετα-

2164 1001 2310 1069 σχεῖν
2337 993 2446 1052 οἷόν
2477 1017 2534 1052 τε
2570 995 2636 1070 ῆν
2669 998 2937 1067 εὐλογίας,
2966 998 3014 1050 εί
3065 999 3136 1069 μή
3177 997 3293 1049 ποτ’
3334 996 3440 1068 ἄρα
3488 994 3584 1065 τῆς
3627 993 3720 1065 θη-

2165 1088 2380 1160 ριωδίας
2417 1089 2840 1161 μεταϐαλόντες,
2881 1087 2973 1140 τοῦ
3019 1087 3199 1158 ὁμοίου
3230 1084 3428 1156 τρόπου
3482 1083 3580 1154 τῆς
3626 1081 3720 1135 τοῦ

2177 1180 2426 1252 Ἀϐραὰμ
2474 1180 2782 1244 θεοσεϐείας
2824 1179 3052 1252 ἦμελλόν
3099 1194 3227 1231 ποτε
3284 1174 3718 1248 μεταλήψεσθαι;

2174 1274 2326 1327 Ἐπεὶ
2354 1276 2599 1338 κάκεῖνος
2636 1273 2924 1344 άλλοεθνής
2961 1290 3043 1336 τις
3082 1271 3156 1324 ῶν
3199 1271 3292 1324 καὶ
3318 1269 3621 1342 ἀλλότριος,
3651 1264 3722 1340 ἦς

2162 1365 2389 1438 ὕστερον
2431 1365 2689 1437 μετῆλθεν
2719 1363 2994 1425 εὐσεϐείας
3032 1362 3242 1430 λέγεται
3289 1357 3718 1432 μετατεθεῖσθαι,

2160 1456 2255 1510 καὶ
2304 1456 2404 1526 τῆς
2460 1455 2728 1526 πατρικῆς
2779 1451 3192 1523 δεισιδαιμονίας
3251 1449 3718 1522 μεταϐεϐλῆσθαι,

2160 1543 2304 1602 οἶκόν
2335 1565 2394 1601 τε
2429 1547 2520 1600 καὶ
2552 1547 2903 1615 συγγένειαν,
2945 1546 3040 1598 καὶ
3068 1543 3160 1616 ἔθη
3209 1543 3443 1615 πάτρια,
3494 1541 3610 1612 βίου
3659 1556 3718 1595 τε

2161 1639 2399 1711 ἀγωγὴν,
2432 1641 2489 1702 ἐν
2517 1633 2858 1712 ᾖγεγέννητό
2881 1654 2940 1690 τε
2963 1637 3057 1690 καὶ
3086 1635 3376 1707 τέθραπτο,
3410 1633 3720 1693 καταλελοι-

497 1729 935 1798 superstitionem
991 1729 1324 1794 deseruisse,
1387 1729 1630 1794 domum,
1655 1733 2057 1801 cognationem,

2161 1732 2320 1786 πέναι
2337 1750 2350 1762 ·
2383 1730 2805 1803 ὴκολουθηκέναι
2833 1729 2888 1782 δὲ
2916 1729 3054 1800 Θεῷ,
3075 1727 3151 1800 τῷ
3179 1729 3272 1782 καὶ
3294 1727 3418 1792 τοὺς
3439 1726 3718 1800 χρησμοὺς

495 1837 676 1878 mores
703 1822 911 1890 patrios
938 1829 992 1875 et
1015 1821 1155 1888 vitae,
1208 1821 1265 1874 in
1319 1836 1425 1891 qua
1473 1822 1688 1893 genitus
1715 1831 1852 1888 erat,
1891 1823 2060 1878 ratio-

495 1929 621 1970 nem
665 1915 888 1969 missam
919 1913 1149 1980 fecisse;
1202 1913 1310 1970 Deo
1353 1923 1534 1969 autem
1587 1930 1710 1976 esse
1743 1915 2056 1982 obsecutus,

495 2008 588 2077 qui
614 2009 774 2061 etiam
804 2007 1022 2061 oracula
1052 2006 1271 2076 scriptis
1294 2006 1506 2076 prodita
1540 2007 1617 2061 illi
1648 2007 1838 2062 edidit.
1871 2008 1929 2064 Si
1958 2009 2061 2080 igi-

495 2107 585 2154 tur
613 2099 786 2155 Moses
838 2099 929 2168 qui
965 2108 1088 2168 post
1136 2098 1505 2154 Abrahamum
1554 2101 1786 2163 exstitit,
1836 2108 1889 2156 et
1917 2116 2059 2160 rom-

494 2191 764 2264 publicam
827 2207 922 2262 per
965 2191 1334 2260 promulgatas
1385 2205 1418 2244 a
1463 2206 1521 2247 se
1562 2191 1708 2262 leges
1746 2189 2058 2248 Iudaeorum

493 2283 640 2353 genti
688 2282 933 2337 condidit
979 2296 1042 2335 ac
1096 2280 1360 2348 fundavit,
1390 2283 1726 2352 ejuscemodi
1755 2285 1901 2356 leges
1931 2301 2058 2340 san-

494 2374 682 2438 xisset,
717 2389 855 2444 quas
879 2375 980 2431 viri
1017 2375 1126 2432 Deo
1159 2375 1311 2430 citari
1347 2385 1474 2430 ante
1501 2391 1626 2430 eum
1660 2382 1810 2430 recte
1849 2376 2057 2446 agendo

493 2466 874 2521 observassent
895 2506 910 2530 ,
954 2475 1007 2522 et
1027 2483 1147 2538 qua:
1176 2466 1432 2520 omnibus
1463 2466 1714 2535 gentibus
1735 2481 2054 2536 congruere,

495 2561 764 2612 ut‘omnes
794 2559 968 2612 tribus
1013 2567 1170 2611 terra:
1217 2564 1272 2612 et
1327 2572 1515 2612 omnes
1538 2564 1726 2628 gentes
1752 2559 2054 2613 secundum

495 2647 662 2702 Mosis
689 2648 1131 2702 constitutionem
1163 2645 1330 2701 Deum
1355 2647 1593 2702 colerent
1619 2664 1633 2702 :
1661 2648 1743 2704 fas
1774 2657 1892 2704 erat
1913 2650 2056 2704 alIir-

496 2755 666 2800 mare,
691 2740 832 2808 quod
876 2756 1066 2796 omnes
1113 2758 1181 2796 ex
1229 2742 1485 2797 omnibus
1516 2743 1770 2812 gentibus
1796 2743 1963 2799 Deum
1987 2761 2054 2800 ex

495 2830 611 2901 lege
649 2831 880 2886 Mosaica
911 2833 996 2902 pie
1025 2834 1265 2890 colentes
1299 2845 1352 2890 et
1395 2834 1735 2890 Judaismum
1759 2847 2050 2905 sectantes,

492 2920 802 2992 Judmisque
831 2925 1127 2978 secundum
1161 2925 1330 2994 legem
1383 2927 1725 2996 conjunctos,
1756 2929 2053 2985 Abrahami

495 3015 868 3068 benedictione
899 3015 1295 3070 benedicendos
1323 3032 1444 3072 esse
1463 3018 1646 3074 divina
1665 3023 1883 3076 oracula
1914 3038 2053 3094 prae-
2079 3057 2122 3116 ο

495 3106 882 3160 nuntiaverint.
917 3105 1047 3175 0pm
1064 3107 1209 3160 tebat
1231 3108 1392 3160 etiam
1416 3124 1516 3164 nos
1540 3113 1684 3181 leges
1708 3128 1738 3166 a
1765 3113 1910 3168 Mose
1928 3131 2055 3169 san-

495 3197 631 3250 citas
677 3197 986 3251 observare.
1024 3196 1158 3252 Cum
1215 3205 1396 3252 autem
1461 3202 1703 3259 conditio
1745 3205 2056 3275 reipublicae

497 3286 746 3343 Mosaicae
776 3304 880 3342 non
925 3290 1086 3344 fuerit
1141 3290 1354 3345 caeteris
1420 3307 1726 3364 congruens
1781 3297 2052 3365 gentibus,

498 3381 590 3436 sed
623 3381 993 3436 tantummodo
1015 3381 1238 3447 Judaeis,
1269 3400 1442 3454 neque
1473 3385 1624 3441 hisce
1651 3387 1939 3455 universis,
1961 3390 2056 3444 sed

499 3473 672 3527 solum
713 3475 1054 3530 versantibus
1104 3476 1158 3530 in
1217 3488 1358 3531 terra
1387 3477 1610 3534 Judaica
1640 3499 1652 3534 :
1685 3484 2054 3538 necessarium

499 3565 722 3617 omnino
751 3575 866 3619 erat
888 3567 1046 3620 aliam
1080 3570 1344 3624 constitui
1407 3571 1692 3637 rationem,
1732 3589 1837 3643 qua
1864 3585 2056 3646 praeter

500 3654 669 3726 legem
715 3655 1002 3712 Mosaicam
1037 3670 1259 3728 possent
1298 3672 1483 3728 gentes
1529 3664 1732 3734 ubique
1783 3674 2054 3722 terrarum

499 3746 819 3810 incolentes.
857 3765 976 3819 qua:
1004 3753 1338 3808 consimilem
1369 3754 1678 3809 Abrabatno
1707 3757 1868 3810 vitam
1899 3758 2057 3814 duce-

499 3851 639 3906 rent,
678 3840 919 3896 eamdem
953 3857 1076 3897 cum
1115 3844 1206 3900 illo
1235 3847 1660 3903 benedictionem
1685 3848 1948 3905 obtinere.

1021 3958 1137 4026 1‘“
1171 3958 1399 4014 CAPUT
1440 3958 1526 4015 lll.

500 4043 652 4111 Quod
667 4045 894 4102 conditio
916 4049 1212 4122 reipublicw
1236 4049 1484 4104 Mosaicm
1508 4068 1608 4105 non
1632 4051 1792 4122 fuerit
1812 4050 2052 4108 omnibus

971 4121 1205 4187 gentibus
1239 4123 1563 4174 conveniens.

567 4227 722 4292 Quod
750 4239 927 4284 autem
961 4233 1382 4289 constitutiones
1417 4235 1665 4291 Mosaicae
1694 4236 1896 4295 Iudaeis
1932 4247 2054 4294 tan-

498 4320 796 4382 tummodo,
830 4329 887 4374 ut
910 4320 1044 4384 dixi,
1087 4341 1263 4395 neque
1291 4327 1440 4382 hisce
1474 4330 1726 4384 omnibus
1756 4333 1884 4401 (non
1905 4335 2050 4389 enim

2161 1826 2308 1898 αὐτῷ
2333 1827 2456 1891 τοὺς
2477 1823 2855 1896 άναγράπτους
2875 1821 3142 1876 δεδωκότι.
3165 1821 3223 1872 Et
3251 1819 3348 1890 μὲν
3367 1814 3458 1872 οῦν
3481 1817 3715 1886 Μῳῦσῆς

2164 1919 2302 1992 μετὰ
2332 1918 2422 1972 τὸν
2483 1916 2733 1989 Ἀϐραὰμ
2785 1913 3106 1985 γενόμενος,
3141 1911 3236 1965 καὶ
3282 1909 3549 1969 πολιτείαν
3595 1907 3718 1961 τινὰ

2157 2011 2246 2065 διὰ
2279 2013 2377 2082 τῆς
2409 2009 2718 2080 ἐκδοθείσης
2764 2008 2854 2060 ὑπ’
2895 2003 3057 2060 αὐτοῦ
3094 2003 3414 2074 νομοθεσίας
3460 2001 3550 2072 τῷ,
3591 2002 3718 2054 Ἰου-

2157 2103 2321 2156 δαίων
2353 2103 2494 2156 ἔθνει
2536 2099 3005 2170 καταϐεϐλημένος
3044 2095 3269 2149 τοιαῦτα
3316 2093 3720 2164 ἐνομοθέτησεν,

2156 2190 2244 2250 οἷα
2271 2197 2494 2258 καὶτοῖς
2517 2194 2622 2266 πρὸ
2658 2191 2825 2247 αὐτοῦ
2857 2188 3123 2259 θεοφιλέσι
3147 2185 3492 2259 κατώρθωτο,
3520 2185 3613 2239 καὶ
3634 2180 3725 2238 οἷα

2155 2287 2376 2342 δυνατὸν
2405 2284 2471 2358 ῆν
2506 2287 2638 2340 πᾶσι
2667 2287 2779 2346 τοῖς
2820 2281 3026 2334 ἔθνεσιν
3061 2280 3438 2350 ἐφαρμόττειν,
3463 2278 3537 2342 ὡς
3567 2276 3726 2335 δύναι’

2157 2381 2279 2434 σθαι
2299 2379 2438 2432 κατά
2462 2378 2559 2447 τὴν
2587 2377 2867 2440 Μωῦσέως
2904 2374 3163 2444 διαταγὴν
3198 2375 3376 2434 πάσας
3413 2369 3513 2433 τὰς
3551 2367 3722 2438 φυλὰς

2155 2474 2252 2544 τῆς
2272 2472 2395 2542 γῆς,
2420 2471 2513 2524 καὶ
2543 2469 2718 2525 πάντα
2739 2467 2806 2521 τὰ
2831 2467 2960 2536 ἔθνη
2987 2465 3254 2519 θεοσεϐεἴν
3276 2480 3291 2495 ο
3319 2459 3386 2535 ἦν
3420 2465 3612 2525 εἰπεῖν,
3639 2463 3720 2515 ὅτι

2154 2565 2241 2618 διὰ
2272 2565 2368 2635 τῆς
2401 2561 2679 2625 Μωῦσέως
2711 2557 3029 2630 νομοθεσίας
3064 2559 3191 2621 τοὺς
3222 2555 3281 2621 ἐξ
3328 2555 3581 2610 ἁπάντων
3609 2554 3718 2607 τῶν

2155 2657 2322 2712 ἐθνῶν
2372 2653 2833 2724 θεοσεϐήσαντας,
2869 2653 2962 2705 καὶ
3018 2651 3111 2704 τὸν
3179 2649 3504 2720 Ἰουδαῖσμὸν
3547 2646 3717 2718 ζηλώ-

2157 2767 2375 2814 σαντας,
2397 2749 2533 2819 πρὸς
2552 2745 2746 2809 αὐτούς
2769 2761 2825 2797 τε
2847 2743 3238 2816 γενησομένους
3260 2741 3397 2795 κατὰ
3419 2741 3506 2794 τὸν
3533 2740 3714 2810 νόμον,

2154 2839 2609 2911 εὐλογηθήσεσθαι
2661 2839 2726 2908 τῇ
2778 2835 2872 2888 τοῦ
2924 2835 3174 2906 Ἀϐραὰμ
3214 2833 3432 2904 εὐλογία
3476 2831 3714 2903 προηγό-

2155 2949 2278 3004 ρευε
2309 2931 2377 2984 τά
2408 2931 2584 2999 λόγια.
2614 2930 2809 3001 Ἐχρῆν
2838 2928 2894 2982 δέ
2929 2929 3023 2981 καὶ
3051 2928 3196 2998 ἡμᾶς
3224 2925 3291 2978 τὰ
3323 2923 3473 2997 παρὰ
3497 2922 3720 2980 Μωῦσεῖ

2153 3023 2550 3093 διατεταγμένα
2589 3022 2895 3092 φυλάττειν.
2940 3021 3091 3074 Ἐπεὶ
3143 3019 3202 3072 δὲ
3247 3019 3347 3072 οὐκ
3395 3014 3465 3089 ἦν
3512 3019 3546 3088 ἡ
3577 3014 3717 3074 κατὰ

2154 3115 2389 3170 Μωῦσέα
2441 3113 2686 3166 πολιτεία
2741 3109 3068 3181 κατάλληλος
3100 3111 3208 3171 τοῖς
3260 3107 3463 3170 λοιποῖς
3511 3105 3717 3160 ἔθνεσιν

2153 3204 2267 3258 ἀλλ’
2296 3205 2328 3276 ἢ
2362 3204 2541 3275 μόνοις
2583 3203 2869 3266 Ἰουδαίοις,
2900 3201 2992 3254 καὶ
3014 3200 3222 3263 τούτοις
3253 3199 3374 3269 οὐχὶ
3392 3201 3501 3260 τοῖς
3528 3198 3714 3262 πᾶσιν,

2155 3297 2289 3351 ἀλλὰ
2318 3299 2427 3360 τοῖς
2457 3297 2550 3348 ἐπὶ
2586 3296 2686 3366 τῆς
2721 3294 2977 3358 Ἰουδαίας
3003 3293 3105 3363 γῆς
3143 3293 3241 3356 τὰς
3283 3290 3560 3363 διατριϐὰς
3599 3308 3716 3343 ποι-

2154 3388 2397 3460 ουμένοις
2413 3404 2426 3418 ⁸
2457 3388 2641 3460 ἔτερον
2673 3386 2838 3458 ἐχρῆν
2861 3384 2919 3450 ἐξ
2944 3386 3177 3448 ἅπαντος
3197 3384 3493 3453 ὑποστῆναι
3517 3383 3717 3452 τρόπον

2156 3481 2304 3552 παρὰ
2323 3481 2427 3550 ,τὸν
2457 3479 2734 3543 Μωῦσέως
2760 3479 2942 3549 νόμον,
2979 3476 3096 3531 καθ’
3125 3476 3184 3529 ὃν
3215 3475 3455 3546 ἔμελλον,
3495 3473 3714 3545 βιοῦντα

2154 3572 2352 3644 ὁμοίως
2373 3570 2450 3642 τῷ
2501 3570 2747 3642 Ἀϐραὰμ
2779 3569 2847 3622 τὰ
2880 3567 2998 3622 καθ’
3026 3569 3152 3641 ὅλης
3198 3566 3522 3639 οἰκουμένης
3563 3563 3716 3642 ἔθνη,

2154 3665 2252 3735 τῆς
2276 3665 2396 3736 ἴσης
2419 3663 2564 3735 αὐτῷ
2594 3663 2937 3734 κοινωνήσειν
2960 3661 3224 3736 εὐλογίας,

2675 3949 3066 4004 ΚΕΦΛΛΑΙΟΝ
3112 3950 3183 4002 Γ.

2156 4043 2275 4096 Ὅτι
2301 4039 2387 4112 μὴ
2415 4039 2563 4098 πᾶσι
2589 4040 2714 4107 τοῖς
2745 4041 2945 4112 ἔθνεσι
2988 4040 3369 4109 κατάλληλος
3388 4037 3466 4112 ἦν
3492 4042 3530 4109 ἠ
3556 4041 3712 4096 κατὰ

2641 4111 2894 4166 Μωϋσέα
2939 4112 3223 4166 πολιτεία.

2227 4225 2347 4280 Ὅτι
2393 4225 2448 4279 δέ
2481 4227 2514 4296 ή
2549 4223 2688 4279 κατὰ
2726 4225 2964 4280 Μωῦσέα
3006 4225 3234 4296 διαταγὴ
3293 4221 3590 4284 Ἰουδαίοις,
3629 4223 3710 4286 ὡς

2153 4319 2309 4391 ἔφην,
2359 4319 2452 4372 καὶ
2502 4317 2709 4381 τούτοις
2757 4318 2877 4388 οὐχ)⁵
2927 4319 3089 4371 πᾶσιν
3145 4316 3283 4387 (οὐδέ
3329 4315 3434 4385 γάρ
3489 4317 3600 4378 τοῖς
3646 4316 3710 4367 ἐν

498 4410 565 4462 iis
586 4411 678 4477 qui
709 4409 762 4462 in
793 4410 1133 4482 dispersione
1157 4417 1493 4482 victitabant,
1540 4420 1632 4474 sed
1667 4422 1797 4477 solis
1845 4425 1898 4478 in
1950 4425 2052 4478 Pa-

2157 4411 2416 4482 διασπορᾷ
2457 4409 2828 4479 τυγχάνουσιν,
2881 4409 2994 4462 ἀλλ’
3026 4409 3058 4480 ἢ
3111 4409 3288 4480 μόνοις
3321 4411 3430 4470 τοῖς
3463 4406 3560 4477 τὴν
3596 4407 3713 4460 Πα-

499 4500 702 4554 la:stina
738 4505 1102 4576 versantibus)
1137 4510 1557 4565 accommodata:
1610 4511 1810 4567 fuerint
1868 4534 1880 4569 :
1939 4515 2053 4570 evi-

498 4593 631 4648 dens
662 4596 756 4650 tibi
788 4599 891 4651 erit
923 4599 995 4652 ita
1026 4601 1320 4671 colligenti.
1369 4603 1456 4658 Ait
1506 4605 1705 4660 alicubi
1762 4605 1938 4663 Moses
1971 4609 2051 4663 le-

496 4699 665 4755 geque
722 4691 961 4760 praecipit
994 4692 1035 4722 ¹⁰
1070 4711 1084 4747 :
1121 4711 1138 4742 ι
1168 4693 1272 4748 Ter
1313 4697 1505 4766 quovis
1559 4713 1701 4752 anno
1775 4700 2054 4772 apparebit

495 4794 655 4834 omne
710 4784 1008 4839 masculum
1058 4796 1208 4842 tuum
1255 4803 1436 4843 coram
1471 4789 1698 4846 Domino
1732 4789 1840 4846 Deo
1869 4801 1983 4848 tuo.
2027 4813 2046 4846 ›

495 4872 670 4941 Atque
695 4874 871 4930 adhuc
902 4879 1071 4948 magis
1117 4881 1420 4950 perspicue,
1451 4882 1671 4936 ubinam
1722 4885 1922 4954 triplici
1953 4899 2050 4956 per

495 4979 694 5018 annum
721 4975 960 5036 tempore
990 4969 1274 5025 universos
1311 4974 1604 5028 convenire
1631 4983 1924 5042 oporteret,
1955 4975 2050 5030 de-

494 5057 750 5110 terminat
779 5073 900 5111 cum
933 5059 1008 5111 ait
1032 5060 1072 5090 ¹¹
1105 5079 1117 5114 :
1156 5080 1174 5113 ι
1216 5060 1414 5119 Tribus
1441 5065 1775 5134 temporibus
1805 5065 1930 5118 anni
1953 5081 2050 5135 ap-

496 5149 702 5217 parebit
731 5165 890 5204 omne
921 5153 1219 5206 masculum
1259 5162 1411 5208 tuum
1455 5170 1641 5210 coram
1679 5154 1907 5210 Domino
1937 5155 2047 5212 Deo

491 5250 606 5301 tuo,
636 5239 690 5293 in
715 5240 835 5294 loco
859 5256 1016 5311 quem
1042 5242 1299 5314 delegerit
1327 5245 1607 5301 Dominus.
1644 5266 1663 5300 ι
1699 5245 1882 5311 Vides,
1903 5247 2046 5315 quod

491 5344 599 5386 non
635 5333 689 5386 in
723 5332 942 5389 civitate
968 5350 1312 5406 quacunque,
1348 5353 1450 5393 nec
1477 5339 1668 5408 quovis
1693 5338 1784 5392 ubi
1815 5354 1935 5394 sors
1959 5347 2048 5392 tn-

483 5422 614 5475 lerit
638 5422 756 5476 loco
779 5426 1262 5496 convenirejubet,
1295 5428 1388 5483 sed
1426 5447 1444 5479 ‹
1481 5429 1536 5482 in
1569 5428 1709 5492 loco,
1747 5444 1908 5498 quem
1951 5429 2048 5484 de-

485 5516 680 5583 legerit
704 5513 966 5574 Dominus
991 5516 1134 5574 Deus
1169 5528 1298 5576 tuus
1330 5521 1394 5574 ¹².
1431 5538 1450 5572 ι
1485 5518 1564 5576 lbi
1597 5520 1773 5576 tribus
1822 5537 1918 5593 per
1949 5536 2046 5575 an-

558 5670 597 5702 '°
631 5669 804 5726 Exod.
846 5690 1000 5739 χχιιι,
1040 5675 1131 5744 l7;
1162 5675 1328 5735 Exod.
1373 5693 1555 5746 xxxiv,
1595 5679 1684 5735 25.

2156 4503 2428 4573 λαιστίνην
2470 4501 2706 4556 οἰκοῦσιν
2748 4501 3104 4573 ἐφήρμοζεν),
3151 4495 3253 4554 ὧδέ
3283 4517 3363 4553 σοι
3401 4499 3707 4568 συλλογιζο-

2160 4595 2303 4665 μένῳ
2325 4593 2553 4664 φανερὸν
2587 4592 2757 4646 ἔσται.
2797 4595 2932 4664 Φησί
2970 4611 3071 4646 που
3103 4592 3339 4662 Μωῦσῆς
3366 4591 3669 4662 νομοθετῶν
3691 4609 3715 4623 σε

2162 4702 2180 4733 ι
2218 4681 2347 4751 Τρὶς
2386 4680 2480 4734 τοῦ
2523 4681 2767 4734 ἐνιαυτοῦ
2807 4683 3099 4753 ὀφθήσεται
3140 4684 3245 4735 πᾶν
3289 4683 3573 4753 ἀρσενικόν
3613 4699 3713 4737 σου

2157 4774 2380 4828 ἐνώπιον
2411 4775 2614 4846 Κυρίου
2637 4774 2730 4827 τοῦ
2759 4773 2891 4828 Θεοῦ
2922 4790 3036 4827 σου.
3067 4794 3085 4826 ι
3115 4776 3224 4828 Καὶ
3255 4775 3333 4828 ἔτι
3359 4776 3708 4848 σαφέστερον,

2153 4869 2285 4922 ὅπου
2336 4868 2502 4938 ἐχρῆν
2535 4869 2778 4939 ἁπαντᾷν
2819 4869 2941 4932 τοὺς
2965 4869 3170 4932 πάντας
3201 4869 3380 4940 τρίτον
3406 4867 3498 4922 τοῦ
3535 4869 3706 4930 ἔτους,

2154 4959 2398 5031 ἀφορίζει
2423 4959 2594 5028 λέγων
2613 4977 2626 4990 ·
2657 4980 2675 5011 ι
2700 4961 2856 5032 Τρεῖς
2889 4962 3108 5031 καιροὺς
3137 4959 3230 5013 τοῦ
3265 4958 3505 5013 ἐνιαυτοῦ
3540 4957 3708 5027 ὀφθή-

2154 5075 2303 5111 σεται
2330 5058 2436 5110 πᾶν
2476 5057 2756 5128 ἀρσενικόν
2807 5073 2900 5109 σου
2935 5055 3170 5110 ἐναντίον
3208 5054 3410 5126 Κυρίου
3444 5051 3537 5105 τοῦ
3573 5046 3708 5102 Θεοῦ

2154 5169 2269 5215 σου,
2327 5153 2384 5205 ἐν
2436 5149 2514 5222 τῷ
2560 5150 2710 5221 τόπῳ
2741 5142 2786 5216 ᾧ
2830 5149 2896 5202 ἂν
2935 5149 3216 5220 ἐκλέξηται
3262 5147 3482 5219 Κύριος.
3515 5165 3534 5198 ι
3560 5145 3712 5198 Θεω-

2157 5247 2287 5316 ρεῖς.
2329 5245 2404 5308 ὼς
2435 5245 2532 5298 οὐκ
2574 5246 2630 5297 ὲν
2677 5243 2825 5315 πάσῃ
2858 5243 3028 5308 πόλει,
3055 5242 3159 5297 οὐδ’
3190 5242 3309 5295 ὅποι
3331 5241 3515 5311 ἔτυχεν
3537 5240 3716 5293 ἁπαν-

2151 5340 2249 5410 τᾷν
2297 5337 2638 5410 προστάττει,
2669 5336 2782 5389 ἀλλ’
2824 5353 2842 5387 ι
2881 5338 2938 5389 ἐν
3000 5337 3147 5407 τόπῳ
3208 5330 3252 5404 ᾧ
3291 5334 3383 5388 ἐὰν
3427 5330 3714 5401 ἐκλέξηται

2151 5429 2371 5501 Κύριος,
2399 5432 2426 5483 ό
2452 5430 2581 5492 Θεός
2602 5445 2715 5482 σου.
2757 5448 2775 5480 ι
2809 5427 2975 5481 Ἔνθα
3005 5430 3179 5498 τρισὶν
3209 5428 3434 5480 ἐκάστου
3465 5421 3720 5479 ἐνιαυτοῦ

2153 5523 2360 5591 καιροῖς
2388 5521 2479 5574 ἐπὶ
2519 5519 2681 5573 ταυτὸ
2731 5519 2967 5573 συνιέναι
2996 5519 3289 5590 νομοθετεῖ,
3323 5518 3560 5580 καὶτοὺς
3599 5530 3715 5570 και-

1766 5679 1804 5712 ¹¹
1847 5677 2002 5734 Deut.
2046 5697 2156 5744 xvi,
2199 5677 2285 5734 l6.
2361 5677 2400 5710 “
2442 5675 2598 5733 Deut.
2644 5693 2812 5742 xxvn,
2852 5675 2942 5732 26.
