4068 6206
314 293 383 348 εν
1184 286 1833 346 DEMONSTRATIONIS
1870 275 2326 345 EVANGE’LICA:
2368 281 2498 340 LIB.
2539 282 2584 339 1.
3457 276 3526 331 so

320 415 443 487 ροῦς
473 412 741 485 ἀφορίζει,
770 407 892 463 καθ’
920 406 1014 472 οὓς
1040 409 1281 479 amqu
1310 411 1477 482 ἐχρῆν
1516 411 1574 464 ἐν
1599 409 1676 481 τῷ
1701 410 1865 482 τότιῳ¹

1973 424 2101 464 num
2144 405 2499 477 temporibus,
2533 400 2847 472 congregari
2888 399 2943 453 in
2982 412 3146 452 unum
3172 396 3345 466 jubet,
3384 401 3524 449 tem-

315 508 373 560 ἐν
419 505 463 577 ᾧ
507 506 573 560 τὰ
615 505 716 574 τῆς
749 502 867 557 κατ’
922 502 1078 554 αὑτὸν
1113 500 1367 571 λατρείας
1403 503 1741 557 ἐπετελεῖτοο
1778 503 1874 556 ἐνα

317 600 414 672 μὲν
450 597 535 653 τοῦ
574 597 793 667 Πάσχα,
831 594 1070 665 δεύτερον
1099 593 1190 646 τὸν
1215 595 1353 664 μετὰ
1376 597 1712 667 πεντήκοντα
1741 598 1879 667 ἡμέ-

316 711 414 763 ρας
445 691 538 744 ἐπὶ
562 690 664 760 τῆς
708 687 1097 771 ὀνομαζομέςνης
1126 686 1505 759 Πεντὴκοστῆς
1526 690 1719 760 ἑορτῆς
1738 706 1751 719 ·
1780 691 1876 742 καὶ

314 782 492 854 τρίτον
518 782 597 851 τῷ
625 780 829 849 ἑϐδόμῳ
851 779 975 847 μηνὶ
1010 776 1148 848 μετά
1165 778 1225 831 τὸ
1254 780 1442 850 Πάσχα
1472 780 1613 833 κατὰ
1660 780 1759 851 τὴν
1780 779 1874 832 τοῦ

315 871 546 943 ἱλασμοῦ
578 870 802 941 ἡμέραν,
829 866 943 921 καθ’
975 869 1042 939 ἢν
1077 869 1241 922 εἰσέτι
1271 869 1365 923 νῦν
1412 871 1650 925 Ἰουδαῖοι
1677 872 1874 936 πάντες

313 965 414 1035 τὴν
476 963 718 1032 νηστείαν
772 960 1122 1015 ἐπιτελοῦσιν.
1186 963 1486 1033 Ἐπαρᾶταί
1540 982 1599 1017 τε
1646 968 1757 1027 τοῖς
1799 965 1873 1036 μὴ

317 1057 610 1127 ἐμμένουσι
650 1057 754 1117 τοῖς
787 1055 1280 1125 νομοθετουμένοις.
1323 1056 1531 1110 Οὐκοῦν
1576 1059 1701 1120 τοὺς
1746 1056 1874 1127 μέλ-

317 1147 507 1212 λοντας
559 1148 792 1209 ἅπαντας
836 1146 1084 1217 ἀπαντᾷν
1125 1148 1305 1219 τρίτον
1357 1148 1450 1201 τοῦ
1486 1149 1638 1212 ἐτους
1683 1151 1761 1212 είς
1806 1146 1874 1201 τὰ

334 1239 685 1309 Ἰεροσόλυμα,
716 1238 810 1290 καὶ
838 1237 908 1291 τὰ
927 1239 1131 1309 νόμιμα
1167 1238 1426 1311 πληροῦν,
1459 1242 1517 1293 οὐ
1550 1241 1735 1313 πόρρω
1768 1258 1871 1295 που

316 1328 411 1395 τῆς
476 1327 718 1389 Ἰουδαίας
761 1328 930 1399 ἐχρῆν
972 1330 1143 1399 δήπου
1183 1331 1370 1394 οἰκεῖν,
1418 1331 1533 1384 ἀλλ’
1567 1332 1704 1383 είσὶν
1731 1333 1874 1401 ἀμφὶ

313 1421 437 1481 τοὺς
458 1420 614 1489 ὅρους
641 1435 651 1445 ⁸
681 1420 729 1471 εί
761 1418 817 1471 δὲ
843 1419 906 1491 δὴ
938 1423 1050 1482 τοῖς
1096 1423 1430 1491 πορρωτάτω
1463 1423 1564 1493 τῆς
1593 1423 1875 1477 Παλαιστί-

309 1528 403 1577 νης
425 1512 658 1565 οίκοῦσιν
702 1512 977 1577 Ἰουδαίοις
1002 1512 1234 1566 ἀδύνατα
1258 1508 1324 1585 ἦν
1358 1514 1530 1567 τελεῖν
1555 1516 1622 1568 τὰ
1650 1532 1871 1586 νενομο-

1975 515 2217 572 peraque
2244 496 2566 553 determinat
2592 492 2792 563 quibus
2826 490 3111 547 convenire
3139 493 3384 558 oporteat
3407 486 3526 540 loco

1974 608 2084 663 quo
2113 590 2281 645 divini
2313 588 2494 643 cultus
2534 584 2706 640 oIIicia
2736 585 3054 648 obibantur;
3106 596 3272 634 unum
3305 579 3524 650 quidem

1973 682 2279 745 Paschatis,
2322 680 2551 734 alterum
2599 683 2723 746 post
2767 674 2885 729 dies
2932 672 3341 743 quinquaginta,
3388 669 3527 725 festo

1974 778 2119 849 quod
2169 776 2517 830 Pentecostes
2567 770 2692 824 inde
2741 768 2888 823 venit
2939 768 3179 829 nomine,
3223 773 3275 819 et
3308 764 3527 819 tertium

1974 881 2160 921 mense
2194 865 2422 934 septimo
2468 868 2592 932 post
2633 859 2861 921 Pascha,
2892 858 2980 912 die
3028 855 3373 927 expiationis,
3421 870 3529 925 quo

1976 959 2278 1012 etiamnum
2306 954 2479 1009 Judazi
2514 952 2674 1007 hodie
2703 965 2894 1005 omnes
2929 949 3198 1018 jejunium
3232 947 3526 1001 celebrant.

1974 1046 2118 1102 Diris
2168 1055 2345 1102 autem
2395 1044 2573 1099 Moses
2627 1058 2720 1097 eos
2764 1042 3007 1102 devovet,
3045 1040 3137 1108 qui
3181 1039 3388 1108 legibus
3417 1038 3532 1093 suis

1973 1140 2182 1196 sancita
2215 1154 2325 1193 non
2349 1135 2777 1192 observaverint.
2810 1132 2972 1202 Atqui
3019 1132 3140 1195 bos,
3188 1132 3279 1199 qui
3330 1129 3530 1198 triplici

1970 1233 2088 1287 vice
2115 1248 2210 1301 per
2261 1245 2464 1285 annum
2494 1228 2751 1284 deberent
2783 1224 3170 1296 Hierosolymis
3213 1223 3526 1287 convenire,

1973 1324 2225 1392 ritusque
2252 1322 2464 1392 legibus
2488 1322 2812 1375 'constitutos
2843 1317 2911 1372 ad
2952 1316 3169 1387 plenum
3212 1314 3382 1378 obire,
3417 1328 3530 1369 non

1973 1414 2161 1485 procul
2190 1429 2219 1466 a
2248 1411 2431 1467 Judaza
2462 1413 2711 1467 habitare
2747 1408 3029 1480 oportebat
3060 1427 3072 1462 :
3106 1407 3198 1477 qui
3228 1420 3356 1461 vero
3380 1406 3527 1460 circa

1971 1518 2242 1561 extremos
2264 1504 2561 1559 Palaestina:
2583 1504 2801 1568 limites,
2827 1509 2919 1554 aut
2949 1501 3164 1571 longius
3184 1515 3214 1553 a
3238 1498 3527 1554 Palaestina

1972 1599 2237 1670 degebant
2284 1596 2476 1663 Judazi,
2528 1604 2793 1668 praecepta
2842 1596 2978 1666 legis
3024 1593 3283 1665 perlicere
3334 1590 3528 1661 nequi-

1973 1692 2139 1754 bant;
2171 1699 2379 1745 tantum
2412 1692 2589 1757 abest,
2623 1698 2682 1744 ut
2726 1689 2982 1744 omnibus
3030 1686 3284 1759 gentibus
3313 1692 3366 1739 et
3393 1683 3524 1738 ulti-

306 1600 593 1672 θετημένα,
622 1603 821 1656 πολλοῦ
844 1603 1009 1673 φάναι
1044 1608 1157 1668 τοῖς
1201 1608 1363 1660 πᾶσιν
1409 1606 1604 1671 ἔθνεσι,
1639 1608 1871 1671 καὶτοῖς

302 1694 360 1745 ἐν
392 1697 509 1757 ταῖς
556 1696 836 1764 ἐσχατιαῖς
866 1694 1089 1765 τῆς⁴γῆς
1133 1696 1481 1767 ἐφαρμόζειν.
1531 1698 1867 1752 Ἑπὰκουσον

300 1786 355 1839 δέ
384 1787 503 1840 τίνα
527 1786 728 1858 τρόπον
750 1788 778 1839 ὁ
805 1787 965 1849 αὐτὸς
1008 1787 1168 1841 πάλιν
1203 1788 1493 1860 νομοθέτης
1517 1788 1615 1861 τὴν
1645 1790 1753 1842 ἀπὸ
1779 1788 1865 1841 λέ-

1972 1797 2086 1837 mas
2120 1792 2294 1837 terras
2341 1782 2706 1838 incolentibus
2754 1780 2868 1835 haec
2923 1778 3158 1850 potuerit
3202 1789 3523 1846 congruere.

298 1891 425 1944 χους
478 1877 712 1943 γυναῖκα
755 1874 997 1944 ἁπαντᾷν
1054 1876 1398 1946 προστάττει,
1434 1878 1529 1930 καὶ
1574 1878 1764 1940 θυσίας
1796 1876 1865 1948 τῷ

1971 1874 2112 1927 Audi
2161 1889 2323 1944 porro
2362 1875 2637 1945 quomodo
2684 1873 2824 1929 idem
2869 1887 3067 1927 rursus
3092 1870 3369 1941 legislator
3400 1883 3525 1921 mu-

298 1965 418 2038 Θεῷ
442 1967 790 2039 προσφέρειν,
815 1967 986 2034 λέγων
1016 1967 1211 2032 οῦτωςο
1250 1988 1269 2020 ι
1295 1971 1405 2023 Καὶ
1421 1970 1646 2041 ἐλάλησε
1671 1969 1865 2038 Κύριος

1973 1965 2160 2020 lierem
2191 1980 2222 2017 a
2248 1966 2530 2035 puerperio
2563 1966 2821 2020 accedere
2848 1971 2901 2019 et
2937 1962 3266 2018 sacrilicium
3299 1959 3410 2014 Deo
3441 1958 3528 2015 of-

302 2057 440 2127 πρὸς
481 2057 743 2126 Μωῦσῆν,
783 2055 986 2126 λέγων’
1028 2058 1270 2130 Δάλησον
1316 2064 1425 2124 τοῖς
1454 2062 1587 2124 υἱοῖς
1638 2061 1865 2132 Ἰσραὴλ,

1974 2054 2114 2110 ferre
2137 2055 2345 2125 jubeat,
2366 2073 2487 2111 cum
2511 2059 2585 2111 ait
2612 2058 2655 2088 ³³
2681 2076 2695 2112 :
2734 2076 2752 2107 ι
2784 2056 3128 2125 Locutusque
3155 2062 3239 2109 est
3264 2053 3527 2107 Dominus

303 2148 402 2201 καὶ
423 2147 568 2218 ἐρεῖς
597 2148 945 2218 πρδςαὺτούς
966 2165 978 2178 ³
1011 2150 1153 2221 Γυνὴ
1191 2151 1311 2220 ῆτις
1336 2150 1430 2203 ἐὰν
1474 2152 1865 2223 σπερματισθῇ,

1974 2147 2043 2201 ad
2076 2146 2263 2201 Mosen
2292 2155 2345 2202 et
2374 2148 2509 2202 dixit
2541 2166 2556 2203 :
2589 2147 2835 2216 Loquere
2866 2147 2991 2201 ﬁliis
3010 2147 3178 2202 Israel
3206 2156 3258 2200 et
3286 2145 3436 2199 dices
3458 2143 3526 2196 ad

301 2234 398 2287 καὶ
419 2234 551 2305 τέκῃ
592 2234 777 2305 ἄρσεν,
824 2236 1133 2306 ἀκάθαρτος
1183 2238 1335 2291 ἔσται
1386 2239 1526 2292 ἐπτὰ
1576 2240 1806 2311 ἡμέρας.
1848 2261 1865 2293 ι

1972 2252 2066 2293 eos
2100 2257 2112 2291 :
2153 2237 2344 2293 Mulier
2372 2253 2706 2308 quaecunque
2730 2238 3039 2307 conceperit
3070 2251 3254 2291 semen
3283 2242 3337 2289 et
3365 2247 3530 2304 pepe-

300 2322 436 2379 Εἶτα
466 2324 665 2395 μεταξύ
702 2344 822 2381 τινα
857 2326 1046 2392 εἰπὼν,
1070 2330 1347 2401 ἐπιφέρει·
1388 2349 1407 2380 ‹
1446 2331 1553 2382 Καὶ
1583 2331 1709 2384 ὅταν
1736 2332 1865 2404 πλη-

1973 2331 2109 2385 rerit
2169 2332 2495 2396 masculum,
2548 2330 2826 2391 immunda
2882 2331 2985 2385 erit
3040 2338 3243 2399 septem
3293 2327 3432 2381 dies.
3501 2344 3522 2377 ι

304 2416 546 2487 ρωθῶσιν
566 2419 618 2471 αξ
651 2418 853 2489 ἡμέραι
892 2418 1207 2489 καθάρσεως
1252 2420 1422 2491 αὐτῆς
1456 2422 1541 2489 ἐφ’
1575 2421 1674 2492 υίῷ
1706 2421 1739 2493 ἢ
1778 2423 1865 2475 ἐπὶ

1969 2418 2173 2474 Deinde
2196 2421 2500 2490 interjectis
2526 2423 2803 2476 nonnullis
2824 2421 3104 2490 subjungit
3136 2418 3177 2450 ¹⁸
3208 2435 3221 2471 :
3251 2436 3269 2467 ι
3308 2416 3373 2469 Et
3403 2429 3528 2470 cum

302 2508 548 2579 θυγατρὶ,
584 2510 859 2580 προσοίσει
886 2510 1055 2580 ἀμνὸν
1074 2511 1340 2565 ἐνιαύσιον
1363 2515 1444 2576 είς
1474 2512 1863 2580 όλοκάρπωμα,

1968 2509 2173 2579 impleti
2201 2510 2397 2565 fuerint
2428 2510 2544 2565 dies
2575 2511 2973 2580 puriﬁcatiouis
3006 2510 3145 2578 ejus,
3172 2523 3271 2578 pro
3304 2507 3413 2561 tilio
3435 2512 3530 2560 aut

303 2598 398 2653 καὶ
427 2597 641 2651 νεοσσὸν
703 2601 1028 2672 περιστερᾶς
1064 2600 1097 2671 ἢ
1142 2602 1377 2672 τρυγόνα
1407 2604 1536 2673 περὶ
1572 2604 1863 2674 ἁμαρτίας,

1967 2617 2065 2671 pro
2088 2603 2215 2669 lilia,
2258 2603 2445 2659 olIeret
2472 2618 2669 2673 agnum
2696 2603 3005 2657 anniculum
3038 2602 3093 2654 in
3124 2601 3524 2663 holocaustum,

304 2691 397 2744 ἐπὶ
427 2691 525 2761 τὴν
554 2690 722 2761 θύραν
758 2693 855 2762 τῆς
890 2693 1092 2764 σκηνῆς
1119 2693 1211 2747 τοῦ
1245 2695 1564 2766 μαρτυρίου.
1595 2696 1737 2766 Πρὸς
1773 2696 1865 2749 τὸν

1967 2701 2021 2749 ει
2062 2693 2267 2765 pullum
2305 2696 2590 2761 columbae,
2623 2703 2716 2751 aut
2745 2703 3014 2750 turturem
3061 2709 3160 2765 pro
3193 2701 3418 2764 peccato
3455 2691 3525 2747 ad

308 2782 452 2852 ἱερέα
480 2782 755 2851 προσοίσει
780 2783 919 2836 αὐτὰ
958 2783 1132 2837 ἔναντι
1164 2785 1392 2856 Κυρίου.
1428 2787 1537 2840 Καὶ
1566 2785 1865 2852 ἐξιλάσεται

1967 2782 2208 2839 hostium
2236 2786 2575 2841 tabernaculi
2606 2786 2927 2842 testimonii.
2959 2784 3041 2839 Ad
3082 2783 3418 2839 sacerdotem
3442 2782 3527 2837 of-

307 2874 433 2944 περὶ
450 2874 616 2944 αὐτῆς
635 2876 663 2927 ό
693 2876 892 2947 ἱερεὺς,
927 2878 1020 2929 καὶ
1050 2877 1301 2950 καθαριεῖ
1322 2878 1487 2950 αὐτὴν
1516 2880 1622 2933 ἀπὸ
1641 2881 1740 2952 τῆς
1766 2897 1865 2952 πη-

1967 2874 2104 2931 feret
2131 2893 2194 2932 ea
2222 2886 2351 2933 ante
2379 2877 2690 2935 Dominum.
2726 2878 2791 2932 Et
2815 2878 3062 2933 exorabit
3085 2892 3185 2947 pro
3225 2892 3289 2930 ea
3336 2891 3523 2931 sacer-

304 2964 408 3034 γῆς
443 2964 534 3018 τοῦ
570 2967 795 3035 αἵματος
836 2967 1025 3037 αὐτῆς.
1071 2961 1237 3034 Οὗτος
1267 2971 1296 3022 ό
1321 2970 1482 3041 νόμος
1522 2972 1621 3043 τῆς
1653 2970 1865 3026 τικτούά

1967 2969 2083 3036 dos,
2110 2977 2163 3024 et
2193 2970 2503 3040 purificahit
2525 2985 2642 3026 eam
2673 2985 2702 3023 a
2735 2969 2882 3024 fonte
2914 2968 3195 3038 sanguinis
3230 2966 3368 3035 ejus.
3400 2963 3526 3019 Haec

306 3071 405 3126 σῃς
425 3058 588 3127 ἄρσεν
625 3057 658 3128 ἡ
702 3056 855 3127 θῆλυ.
888 3076 905 3109 ι
946 3059 1064 3112 Ἔτι
1095 3059 1228 3131 πρὸς
1256 3059 1467 3124 τούτοις
1502 3062 1530 3113 ὁ
1560 3060 1721 3126 αὐτὸς
1769 3062 1863 3117 καὶ

1967 3069 2048 3118 est
2076 3062 2161 3117 lex
2192 3063 2451 3133 parientis
2474 3063 2772 3117 masculum
2802 3069 2854 3116 ct
2884 3062 3158 3116 feminam.
3201 3079 3218 3112 ι
3258 3058 3523 3113 Praeterea

300 3147 392 3200 τὸν
416 3148 523 3200 ἀπὸ
557 3148 751 3219 κήδους
801 3149 895 3202 καὶ
930 3150 1136 3221 νεκρῶν
1184 3152 1399 3224 ἐπαφῆς
1439 3154 1764 3224 προστάττει
1792 3154 1865 3226 μὴ

1967 3152 2109 3208 idem
2137 3155 2565 3209 contaminatum
2616 3170 2683 3209 ex
2712 3154 2900 3208 funere
2926 3160 2979 3208 et
3016 3160 3270 3206 contactu
3302 3151 3524 3218 mortui,

298 3238 475 3301 ἄλλως
505 3238 861 3309 καθαίρεσθαι
892 3239 925 3310 ἢ
964 3240 1053 3293 διά
1085 3258 1227 3305 τινος
1262 3241 1453 3296 σποδοῦ
1479 3243 1758 3315 δαμάλεως
1782 3245 1865 3314 ἐφ’

298 3330 455 3395 ὅλαις
498 3331 727 3402 ἡμέραις
761 3331 917 3395 ἐπτά,
962 3333 1068 3386 τῶν
1094 3334 1338 3405 συνήθων
1375 3336 1706 3390 ἀποστάντα.
1759 3337 1865 3390 Λέ-

298 3438 389 3490 γει
422 3420 568 3489 γοῦν⁸
595 3420 744 3475 (Καὶ
774 3420 923 3475 ἐσται
942 3426 1052 3487 τοῖς
1077 3427 1211 3488 υἱοῖς
1238 3425 1452 3497 Ἰσραὴλ
1483 3427 1704 3490 καὶτοῖς
1727 3444 1864 3499 προ-

300 3514 571 3585 κειμένοις
617 3514 974 3586 προσῃλύτοις
1000 3516 1056 3568 ἐν
1097 3515 1244 3586 μέσῳ
1275 3518 1451 3570 αὐτῶν
1482 3518 1711 3589 νόμιμον
1739 3517 1869 3571 αἰώ-

299 3623 433 3660 νιον.
475 3607 531 3659 ’0
557 3607 859 3677 ἁπτόμενος
885 3608 976 3660 τοῦ
1010 3608 1329 3679 τεθνηκότος
1361 3610 1542 3681 πάσης
1566 3610 1744 3681 ψυχῆς
1777 3612 1868 3665 ἀν-

300 3694 518 3767 θρώπου
566 3695 872 3767 ἀκάθαρτος
906 3696 1085 3751 ἔσται·
1121 3698 1259 3751 ἐτττά
1281 3699 1514 3769 ἡμέραις
1546 3698 1867 3771 ἁγνισθὴσε-

296 3804 421 3840 ταν
455 3790 518 3858 τῇ
553 3788 731 3860 ἡμέρᾳ
770 3791 835 3859 τῇ
878 3788 1034 3863 τρίτῃ
1065 3790 1159 3842 καὶ
1190 3792 1255 3861 τῇ
1290 3789 1490 3861 ἑϐδόμῃ
1533 3790 1865 3863 καθαρισθὴ-

303 3896 473 3933 σεται.
513 3880 636 3933 Ἐἁν
660 3880 716 3933 δέ
748 3880 820 3951 μὴ
856 3879 1158 3952 ἀφαγνισθῇ
1187 3884 1251 3952 τῇ
1282 3882 1463 3953 ἡμέρᾳ
1487 3884 1553 3953 τῇ
1582 3882 1738 3954 τρίτῃ
1772 3884 1866 3936 καὶ

298 3971 366 4039 τῇ
398 3969 621 4043 ἐϐδόμῃ,
650 3970 709 4022 οὐ
755 3969 991 4042 καθαρὸς
1018 3970 1211 4026 ¹ἔσται.
1238 3972 1352 4035 Πᾶς
1371 3974 1399 4024 ὁ
1438 3972 1738 4043 ἁπτόμενος
1768 3972 1863 4025 τοῦ

302 4056 620 4130 τεθνηκότος
654 4061 760 4113 ἀπὸ
790 4060 964 4132 ψυχῆς
1014 4061 1320 4133 ἀνθρώπου,
1352 4063 1447 4116 ἐὰν
1490 4063 1738 4136 ἀποθάνῃ
1770 4063 1863 4116 καὶ

305 4150 378 4219 μὴ
406 4150 651 4222 ἁγνισθῇ,
687 4151 784 4221 τὴν
828 4153 1030 4223 σκηνὴν
1064 4152 1157 4206 τοῦ
1192 4155 1484 4226 μαρτυρίου
1528 4154 1622 4208 τοῦ
1649 4156 1850 4226 Κυρίου

301 4239 538 4309 ἐμίανεν.
597 4241 1005 4312 Ἐκτριὸἡσεται
1052 4246 1085 4314 ἡ
1127 4243 1271 4314 ψυχὴ
1312 4243 1490 4315 ἐκείνη
1524 4243 1581 4311 ἐξ
1626 4244 1859 4315 Ἰσραὴλ,

303 4331 383 4383 ὅτι
426 4330 567 4404 ῦδωρ
627 4332 921 4404 ῥαντισμοῦ
958 4335 1020 4387 οὗ
1068 4335 1519 4407 περιερῤαντίσθη
1551 4337 1634 4388 ἐπ’
1660 4335 1819 4388 αὐτόν
1843 4351 1857 4367 ·

1964 3244 2209 3314 praecipit
2238 3261 2345 3300 non
2362 3247 2467 3300 alio
2489 3245 2649 3299 modo
2671 3244 2945 3316 puriﬁcari
2975 3259 3133 3314 quam
3164 3259 3258 3316 per
3284 3244 3523 3296 cinerem

1960 3334 2231 3405 juvencze,
2269 3335 2460 3391 diebus
2495 3338 2717 3404 integris
2749 3344 2974 3405 septem,
3021 3335 3359 3404 negotiisque
3387 3347 3521 3387 con-

1967 3423 2140 3479 suetis
2169 3424 2461 3481 abstinere.
2495 3427 2584 3479 Ait
2607 3427 2772 3495 igitur
2798 3425 2840 3456 ¹⁸
2873 3444 2886 3480 :
2924 3443 2942 3476 ι
2974 3423 3040 3478 Et
3069 3424 3172 3479 erit
3204 3423 3328 3477 Iihis
3354 3422 3523 3477 Israel

1966 3524 2020 3572 et
2071 3517 2359 3588 proselytis
2411 3518 2792 3573 accedentibus
2829 3519 2883 3571 in
2915 3518 3091 3571 medio
3127 3531 3313 3571 eorum
3347 3515 3523 3585 legiti-

1965 3624 2115 3663 mum
2150 3616 2433 3663 :eternum.
2465 3606 2570 3675 Qui
2610 3610 2845 3679 tetigerit
2877 3609 3107 3664 cadaver
3138 3608 3372 3663 hominis
3424 3622 3521 3662 cu-

1962 3698 2163 3768 jusque
2197 3698 2377 3751 anima
2401 3707 2647 3759 exutum,
2681 3697 2992 3753 immundus
3018 3699 3122 3752 erit
3161 3706 3364 3767 septem
3400 3697 3518 3751 die-

1964 3790 2068 3846 bus
2107 3809 2119 3843 :
2152 3789 2531 3860 puriticabitnr
2584 3776 2672 3841 die
2720 3788 2877 3841 tertio
2933 3796 2987 3841 et
3036 3788 3123 3842 die
3169 3788 3418 3855 septimo,
3466 3794 3522 3841 et

1964 3885 2201 3939 mundus
2250 3883 2373 3938 erit.
2434 3882 2492 3936 Si
2544 3896 2673 3936 vero
2712 3894 2818 3933 non
2873 3878 3034 3932 fuerit
3090 3878 3406 3946 purilicatus
3434 3875 3523 3930 die

1964 3976 2126 4031 tertio
2150 3983 2203 4030 et
2230 3973 2317 4028 die
2344 3973 2595 4043 septimo,
2634 3985 2742 4025 non
2775 3970 2879 4025 erit
2909 3967 3161 4021 mundus.
3211 3965 3403 4021 Omnis
3425 3965 3521 4036 qui

1962 4066 2196 4138 tetigerit
2228 4065 2460 4120 cadaver
2505 4063 2742 4118 hominis
2789 4062 2988 4116 mortui
3041 4060 3222 4113 anima
3273 4067 3516 4123 exutum,

1965 4168 2021 4215 et
2081 4176 2189 4214 non
2239 4157 2403 4211 fuerit
2459 4155 2799 4227 puriﬁcatus,
2853 4153 3263 4208 tabernaculum
3304 4147 3519 4204 Domini

1964 4249 2174 4319 polluit.
2204 4245 2664 4301 Exterminabitur
2693 4243 2872 4298 anima
2916 4243 3007 4296 illa
3052 4258 3119 4297 ex
3163 4240 3347 4304 Israel,
3381 4253 3520 4309 quo-

1970 4343 2116 4396 niam
2161 4354 2302 4411 aqua
2338 4338 2667 4409 aspersionis
2700 4353 2805 4392 non
2847 4336 3275 4403 circumaspersa
3307 4340 3392 4388 est
3425 4346 3519 4387 su-

300 4422 604 4494 ἀκάθαρτός
626 4426 793 4488 ἐστιν,
834 4425 1140 4497 ἀκαθαρσία
1176 4427 1259 4478 ἐπ’
1288 4426 1431 4497 αὐτῷ
1455 4426 1624 4479 ἔσται.
1648 4426 1752 4479 Καὶ
1772 4418 1861 4480 οῦ-

1967 4450 2060 4505 per
2086 4448 2207 4487 eum
2240 4450 2253 4485 :
2288 4430 2601 4485 immundus
2633 4441 2747 4495 est;
2794 4426 3137 4482 immunditia
3182 4438 3344 4494 super
3392 4438 3517 4477 eum

298 4532 387 4579 τος
413 4518 441 4570 ό
485 4517 666 4587 νόμος.
710 4517 1025 4589 Ἀνθρωπος
1071 4517 1164 4571 ἐὰν
1191 4518 1430 4589 ἀποθάνῃ
1469 4521 1527 4572 ἐν
1556 4518 1720 4590 οἰκίᾳ,
1752 4520 1860 4582 πᾶς

298 4610 743 4683 εἰσπορευόμενος
790 4613 869 4675 είς
903 4611 1001 4683 τὴν
1028 4611 1223 4677 οίκίαν,
1255 4612 1348 4665 καὶ
1379 4612 1556 4666 πάντα
1592 4613 1692 4666 ὅσα
1712 4612 1859 4665 ἐστὶν

297 4702 359 4754 ἐν
375 4706 442 4772 τῇ
464 4704 627 4774 οἰκία,
663 4702 947 4775 ἀκάθαρτά
986 4705 1131 4757 ἐστιν
1170 4704 1306 4758 ἐτττὰ
1341 4705 1570 4776 ἡμέρας.
1600 4706 1721 4774 ,Καὶ
1750 4706 1858 4758 πᾶν

300 4791 494 4855 σκεῦος
546 4794 905 4864 ἀνεῳγμένον,
950 4794 1048 4847 ὅσα
1095 4795 1436 4865 οὐχὶ,δεσμῷ
1486 4795 1855 4861 καταδέδεται,

296 4883 579 4956 ἀκάθαρτα
608 4884 779 4938 ἔσται.
818 4887 926 4939 Καὶ
962 4888 1069 4950 πᾶς
1106 4887 1164 4950 ὃς
1217 4887 1282 4941 ἂν
1325 4888 1525 4959 ἅψηται
1556 4891 1648 4942 ἐπὶ
1690 4891 1859 4962 πρόσο

296 4991 447 5029 ωπον
470 4975 563 5029 τοῦ
596 4977 776 5030 πεδίου
816 4980 1145 5050 τραυματίου
1187 4981 1477 5052 ῥομφαίας,
1508 4982 1539 5053 ἢ
1567 4983 1780 5054 νεκροῦ,
1822 4982 1855 5054 ἢ

296 5069 481 5122 ὀστέου
540 5070 965 5142 ἀνθρωπίνου,ἢ
1014 5076 1312 5144 μνήματος,
1367 5072 1672 5147 ἀκάθαρτός
1696 5075 1857 5127 ’ἐστιν

297 5157 434 5210 ἐπτὰ
473 5159 703 5231 ἡμέρας.
737 5161 846 5213 Καὶ
881 5160 1137 5233 λήψονται
1176 5162 1255 5234 τῷ
1301 5162 1594 5235 ἀκαθάρτῳ
1620 5164 1726 5216 ἀπὸ
1759 5163 1856 5233 τῆς

298 5250 516 5315 σποδιᾶς
547 5252 645 5323 τῆς
693 5253 1177 5325 κατακεκαυμένης
1201 5254 1291 5307 τοῦ
1322 5255 1610 5326 ἁγνισμοῦ,
1640 5256 1735 5309 καὶ
1763 5258 1857 5309 ἐκ-

296 5343 505 5411 χέουσιν
533 5342 700 5415 αὑτὴν
724 5346 803 5406 εἰς
824 5344 1014 5408 σκεῦος
1054 5344 1150 5414 (2),
1180 5347 1270 5399 καὶ
1298 5347 1552 5419 λήψονται
1586 5347 1853 5401 ὕσσωπονο

296 5435 390 5487 καὶ
420 5434 579 5503 θάψει
618 5435 757 5505 ἀνὴρ
800 5435 1058 5507 καθαρὸς,
1099 5437 1191 5490 καὶ
1216 5442 1532 5511 περιρρανεῖ
1559 5440 1650 5492 ἐπὶ
1669 5437 1759 5492 τὸν
1784 5434 1860 5491 oi-

1963 4528 2087 4582 erit.
2124 4524 2190 4578 Et
2222 4524 2336 4578 haec
2378 4530 2460 4578 est
2517 4523 2624 4577 lex.
2675 4520 2846 4575 IIomo
2887 4521 2934 4575 si
2983 4526 3231 4572 mortuus
3266 4515 3428 4570 fuerit
3461 4514 3518 4568 in

1964 4616 2147 4679 domo,
2180 4615 2358 4669 omnis
2385 4612 2692 4683 ingrediens
2723 4611 2778 4663 in
2805 4610 3049 4674 domum,
3088 4615 3142 4662 et
3187 4606 3366 4660 omnia
3398 4618 3520 4674 qua:

1964 4717 2092 4766 sunt
2122 4708 2178 4762 in
2207 4706 2387 4772 domo,
2442 4702 2720 4759 immunda
2768 4710 2895 4757 sunt
2944 4707 3149 4769 septem
3199 4698 3411 4752 diebus.
3452 4694 3519 4747 Et

1964 4817 2124 4857 omne
2158 4815 2251 4854 vas
2276 4806 2544 4868 apertum,
2577 4808 2911 4866 quaacunque
2948 4807 3057 4846 non
3090 4790 3308 4844 vinculo
3346 4788 3518 4858 (oper-

1965 4894 2093 4964 culi)
2122 4893 2337 4962 alligata
2362 4897 2509 4955 sunt,
2538 4887 2815 4942 immunda
2840 4891 3022 4940 erunt.
3056 4881 3122 4936 Et
3146 4882 3323 4937 omnis
3343 4877 3434 4948 qui
3462 4876 3520 4932 in

1964 5000 2094 5056 agro
2126 4983 2363 5053 tetigerit
2390 4980 2633 5036 occisum
2663 4976 2841 5049 gladio
2884 4973 3225 5037 vulneribus,
3265 4971 3348 5026 vel
3372 4983 3522 5023 mor-

1963 5082 2138 5141 tuum,
2166 5073 2250 5127 vel
2280 5087 2466 5126 ossum
2514 5068 2748 5124 hominis
2779 5072 2871 5120 aut
2901 5065 3208 5134 sepulcrum
3233 5078 3247 5126 ;
3280 5060 3520 5112 immun-

1964 5164 2066 5219 dus
2098 5161 2201 5216 erit
2229 5161 2419 5215 diebus
2462 5166 2689 5229 septem.
2728 5155 2793 5209 Et
2823 5162 3039 5210 sument
3080 5166 3177 5222 pro
3217 5148 3517 5213 immundo,

1963 5256 2032 5311 de
2062 5254 2245 5308 cinere
2265 5252 2560 5314 combustae
2603 5249 2875 5322 (juvenem)
2918 5241 3331 5318 puriﬁcationis,
3364 5241 3523 5297 etoef-

1966 5346 2194 5400 fundent
2223 5360 2346 5401 eum
2371 5344 2427 5397 in
2448 5359 2561 5409 vas,
2590 5350 2645 5398 et
2678 5347 2896 5397 sument
2921 5339 3240 5409 hySSOpum,
3271 5340 3326 5387 et
3348 5333 3520 5403 tinget

1963 5440 2048 5492 vir
2074 5450 2246 5508 purus
2274 5444 2329 5492 et
2365 5436 2821 5507 circumasperget
2848 5444 3012 5499 super
3034 5427 3253 5483 domum
3279 5432 3333 5481 et
3358 5440 3523 5496 super

370 5589 415 5619 ”
454 5590 627 5645 Levit.
669 5607 768 5656 xu,
831 5592 882 5655 I,
921 5592 976 5645 ε.
1056 5592 1097 5641 ξι
1135 5589 1268 5648 Ibid.
1308 5591 1361 5656 6,
1404 5593 1455 5653 7,
1533 5595 1577 5627 ¹⁸
1612 5592 1771 5649 Num.
1812 5588 2119 5659 x1x,IO-21.

369 5727 442 5801 (2)
472 5729 599 5798 Leg.
621 5730 901 5799 ἐκχέουσιν
926 5733 1012 5788 ἐπ’
1035 5732 1201 5805 αὐτὴν
1226 5733 1363 5804 ὕδωρ
1392 5734 1497 5798 ξῶν
1528 5736 1605 5799 ιῑς
1639 5734 1845 5809 σκεῦος,

1967 5735 2229 5809 σθ’νηάεηι
2250 5748 2401 5804 super
2421 5750 2540 5801 cum
2564 5727 2839 5801 (cinerem)
2858 5745 3043 5801 aquam
3063 5732 3305 5788 virentem
3330 5728 3384 5784 in
3416 5742 3526 5781 t‘as.
