4068 6206
561 214 624 270 SI
1191 215 1458 272 EUSEBII
1491 215 1970 278 CESARIENSIS
2004 171 2156 274 OI’P.
2198 216 2381 272 PARS
2420 219 2567 275 ll.--
2601 213 3102 274 APOLOGETICA.
3707 217 3778 272 32

560 348 692 390 vasa
716 343 770 391 et
795 349 958 407 super
985 336 1195 391 animas
1219 344 1484 406 quotquot
1517 335 1717 394 fuerint
1748 337 1845 402 ibi,
1875 344 1930 392 et
1953 352 2080 408 supe

2182 377 2187 396 ι
2215 353 2330 400 κον,
2361 337 2454 390 καὶ
2503 335 2572 390 τὰ
2633 335 2823 406 σκεύη,
2857 335 2951 390 καὶ
2995 333 3093 398 τὰς
3124 333 3319 405 ψυχὰς,
3357 334 3470 388 ὅσοι
3517 331 3613 386 ἐὰν
3641 325 3776 384 ὦσιν

561 440 682 480 eum
714 427 809 498 qui
837 427 1010 498 tetigit
1048 443 1231 482 ossum
1269 429 1527 494 hominis,
1576 439 1670 485 aut
1702 435 1942 487 occisum
1985 431 2107 484 vul-

563 536 728 587 nere,
776 529 868 576 aut
923 528 1216 584 mortuum,
1261 529 1355 578 aut
1406 523 1734 594 Sepulcrum.
1771 523 1837 579 Et
1883 526 2111 582 circum-

561 619 806 686 asperget
826 612 1059 670 mundus
1080 629 1244 684 super
1273 614 1612 672 immundum
1641 618 1728 676 die
1749 621 1912 676 tertio
1936 629 1990 677 et
2020 623 2110 678 die

561 703 794 772 septimo.
837 719 852 758 :
905 709 959 758 et
1014 703 1216 758 lavabit
1264 704 1582 761 vestimenta
1636 723 1757 772 sua,
1808 719 1860 764 et
1908 725 2109 781 corpus

559 809 712 848 suum
741 794 939 850 iuvabit
971 810 1134 865 aqua,
1171 803 1226 852 et
1277 797 1524 868 impurus
1555 801 1657 855 erit
1697 818 1870 873 usque
1898 804 1966 858 ad
2010 821 2104 859 ve-

556 900 787 953 sperem.
819 884 885 940 Et
905 886 1068 944 homo
1080 887 1499 958 quiinquiuatus
1525 890 1708 961 fuerit,
1733 903 1786 949 et
1808 911 1917 950 non
1944 895 2106 952 fuerit

552 979 890 1048 puriﬁcatus,
925 981 1375 1037 exterminabitur
1411 984 1608 1046 anima
1653 986 1744 1040 illa
1774 1004 1841 1042 ex
1870 1003 2106 1059 synago-

549 1086 636 1141 ga,
692 1074 948 1142 quoniam
978 1088 1120 1142 aqua
1167 1077 1499 1145 aspersiouis
1535 1094 1640 1134 non
1669 1079 2102 1151 circumaspersa

548 1169 632 1217 est
662 1179 827 1234 super
855 1180 1002 1219 eum.
1037 1164 1102 1220 Et
1132 1169 1235 1224 erit
1262 1169 1418 1230 vobis
1449 1171 1746 1240 legitimum
1804 1171 1905 1226 hoc
1957 1189 2101 1229 sem-

548 1253 816 1321 piternum
841 1256 904 1310 ¹⁶.
943 1276 962 1308 ι
997 1256 1119 1314 Hmc
1149 1259 1239 1314 ubi
1271 1262 1446 1317 sancit
1471 1261 1664 1324 Moses.
1693 1265 1855 1322 etiam
1881 1265 2098 1320 modum

547 1359 701 1413 aqua:
729 1348 1066 1415 aspersionis
1090 1351 1415 1420 praescribit.
1443 1352 1605 1410 Iubet
1635 1355 1776 1417 en'mi
1803 1356 2096 1426 juvencam

546 1434 724 1491 rufam
757 1453 876 1508 quae
897 1455 1005 1494 non
1039 1442 1196 1498 habet
1226 1443 1282 1498 in
1312 1459 1370 1499 se
1412 1445 1622 1510 vitium,
1665 1447 1896 1502 cremari
1927 1455 2096 1502 totam

542 1535 594 1584 et
621 1529 689 1584 de
715 1529 899 1586 cinere
944 1533 1062 1602 ejus
1107 1534 1342 1606 inspergi
1395 1552 1611 1607 aquam,
1661 1552 1768 1608 qua
1819 1538 2098 1608 purificari

541 1621 936 1678 contaminatos
965 1639 994 1676 a
1027 1625 1256 1680 mortuis
1289 1635 1520 1696 oportet.
1555 1628 1672 1692 Quo
1696 1637 1874 1684 autem
1900 1630 1954 1683 in
1975 1631 2096 1684 loco

2215 425 2349 488 ἐκεῖ,
2392 426 2485 479 καὶ
2519 427 2610 478 ἐπὶ
2637 426 2727 480 τὸν
2769 427 3011 497 ἡμμένον
3036 425 3127 478 τοῦ
3157 423 3343 478 ὀστέου
3373 423 3462 478 τοῦ
3494 423 3773 495 ἀνθρωπί-

2215 534 2327 582 νου,
2350 518 2382 589 ἢ
2409 517 2500 570 τοῦ
2526 517 2886 588 τραυματίου,
2910 518 2942 588 ἢ
2965 517 3057 572 τοῦ
3083 517 3419 589 τεθνηκότος,
3446 516 3479 587 ἢ
3506 514 3598 569 τοῦ
3629 517 3770 588 μνής

2217 627 2403 681 ματος.
2442 612 2552 664 Καὶ
2567 613 2882 684 περιρρανεί
2910 613 2938 666 6
2966 609 3200 682 καθαρὸς
3226 610 3320 662 ἐπὶ
3341 609 3430 662 τὸν
3466 607 3772 680 ἀκάθαρτον

2213 705 2270 756 ἐν
2291 705 2356 774 τῇ
2393 703 2574 775 ἡμέρᾳ
2618 706 2684 774 τῇ
2715 704 2894 776 τρίτῃ,
2927 703 3018 757 καὶ
3037 704 3094 756 ἐν
3118 705 3184 772 τῇ
3225 701 3408 773 ἡμέρᾳ
3449 703 3515 772 τῇ
3543 699 3767 792 ἐϐδόμῃ,

2212 793 2304 847 καὶ
2337 792 2527 847 πλυνεῖ
2550 792 2619 846 τὰ
2653 795 2840 865 ἱμάτια
2871 792 3082 858 ἑαυτοῦ,
3114 794 3208 850 καὶ
3235 792 3482 845 λούσεται
3515 792 3577 844 τὸ
3610 791 3771 861 σῶμα

2211 880 2361 936 ὕδατι
2386 923 2401 947 ,
2435 883 2529 937 καὶ
2573 884 2880 956 ἀκάθαρτος
2919 884 3069 939 ἔσται
3109 884 3211 949 ἕως
3255 884 3511 956 ἑσπέρας.
3538 884 3647 938 Καὶ
3677 885 3770 939 ἄν·

2209 969 2423 1042 θρωπος
2450 972 2545 1028 ἐὰν
2584 974 2804 1047 μιανθῇ,
2838 975 2933 1029 καὶ
2965 976 3038 1048 μὴ
3088 975 3408 1047 ἀφαγνισθῇ,
3458 973 3766 1048 ἐξολοθρευ-

2209 1062 2427 1135 θήσεται
2469 1068 2501 1137 ὴ
2554 1066 2698 1139 ψυχὴ
2731 1068 2911 1140 ἐκείνη
2933 1071 2995 1122 ἐκ
3021 1068 3119 1138 τῆς
3150 1067 3488 1137 συναγωγῆς,
3511 1069 3592 1121 ὅτι
3624 1067 3767 1140 ὕδωρ

2208 1157 2500 1228 ῥαντισμοῦ
2536 1159 2597 1212 οὐ
2639 1159 3092 1231 περιερῥαντίσθη
3127 1159 3210 1213 ἐπ’
3240 1159 3418 1213 αὐτόν.
3456 1160 3567 1214 Καὶ
3613 1160 3768 1220 ἔσται

2205 1249 2333 1320 ὑμῖν
2360 1251 2586 1322 νόμιμον
2613 1251 2844 1305 αἰώνιον.
2875 1272 2892 1304 ι
2915 1251 3097 1306 Ταῦτα
3116 1252 3353 1322 Μωῦσῆς
3377 1252 3764 1325 νομοθετήσας,

2202 1341 2293 1394 τὸν
2319 1341 2515 1412 τρόπον
2560 1341 2651 1397 τοῦ
2681 1343 2872 1408 ὓδατος
2917 1345 3008 1398 τοῦ
3046 1344 3336 1415 ῥαντισμοῦ
3366 1345 3761 1402 ἐπεκδιδάσκει·

2202 1433 2431 1504 δάμαλιν
2473 1453 2542 1490 πυ
2551 1435 2684 1508 ρρὰν
2715 1435 2940 1507 ἄμωμον
2956 1437 3372 1490 όλοκαυτοῦσθαι
3391 1440 3760 1510 προστάττων,

2202 1524 2297 1588 καὶ
2319 1525 2426 1579 ἀπὸ
2452 1525 2553 1596 τῆς
2578 1527 2798 1591 σποδιᾶς
2836 1527 3005 1599 αὐτῆς
3030 1528 3391 1599 ἐμϐάλλεσθαι
3421 1530 3497 1601 τῷ
3528 1532 3678 1586 ὕδατι
3702 1533 3766 1598 ἐξ

2201 1609 2260 1670 οὗ
2304 1601 2894 1690 χρῆναικαθαίρεσθαι
2919 1615 3045 1684 τοὺς
3081 1621 3172 1676 ἐπὶ
3204 1621 3380 1693 νεκρῷ
3421 1624 3762 1696 μεμολυσμέ-

542 1709 622 1765 fas
651 1711 722 1766 sit
747 1712 1034 1782 juvencam
1065 1720 1406 1782 comburere,
1429 1719 1511 1774 vel
1537 1720 1625 1774 ubi
1659 1735 1978 1790 puerperam
2011 1721 2080 1776 of-

2194 1726 2336 1773 νους.
2372 1709 2481 1762 Ποῦ
2535 1709 2592 1763 δέ
2649 1712 2752 1783 χρὴ
2786 1710 3203 1766 όλοκαυτοῦσθαι
3231 1712 3327 1784 τὴν
3359 1713 3606 1785 δάμαλιν,
3652 1715 3755 1776 ποῦ

538 1800 680 1857 ferre
729 1805 1016 1871 sacrificia,
1048 1816 1103 1862 et
1137 1809 1225 1864 ubi
1249 1819 1471 1866 caeteros
1501 1811 1614 1880 lege
1644 1813 1988 1882 praescriptos
2017 1814 2094 1866 ri-

537 1902 625 1950 tus
680 1896 833 1952 obire
891 1898 1082 1954 deceat
1132 1908 1188 1956 et
1239 1902 1484 1972 exsequi,
1522 1903 1664 1972 quod
1700 1904 1802 1960 hoc
1835 1920 1942 1959 non
1976 1919 2098 1974 per.

535 1987 762 2043 missum
792 1991 864 2050 sit
895 1990 1076 2049 facere
1107 1995 1416 2065 promiscue
1442 1997 1686 2066 quolibet
1732 1996 1788 2051 in
1818 1997 1960 2061 loco,
1996 1996 2092 2053 sed

534 2083 589 2134 in
625 2097 734 2137 uno
768 2100 928 2154 quem
957 2087 1074 2156 ipse
1101 2087 1452 2156 determinat;
1504 2091 1847 2161 perspicuum
1895 2098 1977 2146 est
2023 2105 2091 2145 ex

535 2171 602 2229 iis
635 2191 754 2245 quae
792 2178 908 2249 lege
942 2181 1184 2252 praecipit
1213 2199 1336 2238 cum
1378 2184 1454 2237 ait
1498 2184 1540 2215 ¹⁷
1583 2203 1596 2240 :
1654 2202 1672 2235 ι
1712 2183 1775 2237 Ει
1803 2184 1907 2240 erit
1937 2184 2090 2239 locus

528 2281 906 2339 quemcunque
935 2271 1157 2343 elegerit
1187 2273 1445 2340 Dominus
1479 2274 1619 2332 Deus
1673 2285 1821 2341 tuus,
1856 2285 1913 2331 ut
1940 2280 2092 2332 invo-

531 2363 682 2412 cetur
712 2373 908 2415 nomen
939 2362 1058 2431 ejus
1089 2364 1184 2428 ibi,
1209 2365 1336 2422 illuc
1373 2365 1559 2421 feretis
1582 2366 1787 2430 omnia,
1834 2382 1954 2436 qua:
1987 2384 2088 2438 ego

528 2449 726 2503 mando
757 2451 914 2506 vobis
952 2454 1132 2510 hodie.
1175 2474 1193 2506 ι
1229 2455 1364 2511 [line
1391 2465 1649 2512 accurate
1675 2458 1766 2513 illa
1811 2474 1938 2514 cum
1986 2476 2084 2516 ex-

527 2538 822 2607 posuisset,
875 2543 1159 2614 subiungit
1191 2547 1280 2602 “':
1333 2565 1351 2600 ι
1406 2547 1638 2605 Attende
1686 2549 1785 2604 tibi
1838 2550 1966 2621 ipsi,
2017 2567 2086 2607 ne

528 2629 726 2685 oll'eras
777 2631 1210 2691 holocautomata
1256 2646 1372 2701 tua.
1421 2640 1733 2712 ubicunque
1782 2645 2082 2714 aspexeris,

529 2720 622 2774 sed
653 2721 708 2776 in
737 2723 855 2779 loco
881 2742 1040 2795 quem
1079 2729 1336 2801 delegerit
1367 2729 1626 2790 Dominus
1672 2733 1814 2792 Deus
1851 2747 1998 2802 tuus,
2027 2737 2082 2792 in

528 2825 631 2864 una
671 2813 949 2870 civitatum
1001 2827 1238 2884 tuarum,
1287 2819 1363 2875 ibi
1408 2820 1603 2879 oll‘eres
1647 2823 2081 2882 bolocautomata

522 2910 634 2966 tua,
669 2916 722 2961 et
756 2907 829 2961 ibi
856 2907 1020 2964 facies
1040 2910 1222 2966 omnia
1249 2929 1589 2987 quaecunque
1619 2931 1720 2984 ego
1761 2919 1960 2975 mando
1981 2921 2080 2976 tibi

522 2994 700 3051 bodie.
739 3016 758 3049 ι
791 2997 953 3054 Addit
987 3017 1147 3072 porro
1198 3004 1287 3059 "z
1337 3022 1358 3056 ι
1399 3005 1514 3060 Non
1563 3009 1767 3078 poteris
1821 3011 1967 3067 vesci
2022 3012 2077 3066 in

2193 1801 2252 1866 δέ
2277 1801 2371 1872 τὴν
2401 1803 2457 1855 ἐν
2492 1801 2636 1873 λέχει
2668 1803 2997 1875 προσφέρειν
3042 1805 3138 1870 τὰς
3189 1805 3397 1872 θυσίας,
3449 1807 3642 1869 ποῦ,δέ
3685 1810 3754 1864 τὰ

2191 1891 2353 1945 λοιπά
2375 1894 2580 1964 νόμιμα
2629 1893 2918 1956 συντελεῖν,
2945 1894 3026 1947 ὅτι
3052 1894 3125 1966 μὴ
3161 1895 3463 1969 ἀδιαφόρως
3498 1900 3554 1950 ἐν
3595 1917 3758 1954 παντι

2188 1984 2360 2056 τόπῳ,
2386 1985 2498 2038 ἀλλ’
2524 1987 2580 2038 ἐν
2615 1985 2759 2056 μόνῳ
2791 1985 2892 2051 ἐνὶ,
2925 1979 2970 2053 ᾧ
2995 1987 3154 2050 αὐτὸς
3181 1987 3445 2058 ἀφορίζει,
3480 1990 3634 2061 δῆλον
3664 1993 3755 2060 ἀιρ⁹

2189 2066 2263 2128 ὧν
2308 2073 2586 2144 νομοθετεῖ
2627 2073 2798 2142 λέγων
2817 2092 2840 2116 ⁸-
2875 2094 2892 2125 ι
2930 2076 3040 2128 Καὶ
3094 2075 3245 2130 ἔσται
3295 2079 3323 2129 6
3363 2077 3524 2139 τόπος
3563 2079 3622 2132 ὃν
3665 2080 3758 2134 ἐὰν

2188 2165 2473 2233 ἐκλέξηται
2508 2165 2711 2236 Κύριος
2729 2169 2757 2220 6
2776 2166 2906 2230 Θεὸς
2933 2165 3106 2237 ὑμῶν,
3136 2169 3194 2220 ἐν
3221 2167 3366 2239 αὐτῷ
3398 2169 3757 2241 ἐπικληθῆναι

2186 2256 2246 2308 τὸ
2272 2256 2442 2327 ὄνομα
2466 2256 2650 2316 αὐτοῦ.
2684 2258 2808 2320 ἐκεῖ,
2837 2256 3008 2310 οἴσετε
3043 2257 3216 2312 πάντα
3249 2259 3349 2312 ὅσα
3377 2257 3486 2328 ἐγὼ
3517 2260 3755 2316 ἐντέλλο-

2189 2365 2287 2424 μαι
2312 2349 2440 2418 ὑμῖν
2470 2349 2727 2420 σήμερον.
2756 2367 2774 2400 ι
2812 2349 2924 2401 Καὶ
2945 2347 3310 2432 διαστέλλεται
3333 2350 3460 2420 ἑξῆς
3490 2352 3751 2425 ἀκριϐῶς,

2184 2441 2484 2511 ἐπιλέγωνο
2519 2460 2538 2493 ι
2576 2442 2815 2514 Πρόσεχε
2854 2442 3084 2512 σεαυτῷ,
3128 2444 3336 2514 μήποτε
3368 2446 3662 2518 ἀνενέγκῃς
3684 2447 3753 2502 τὰ

2183 2533 2606 2606 όλοκαυτὼματά
2639 2552 2754 2599 σου,
2794 2527 2856 2591 οὗ
2889 2534 2953 2588 ἂν
2984 2535 3120 2607 ἴδῃς,
3151 2535 3265 2589 ἀλλ’
3367 2540 3446 2603 είς
3473 2539 3561 2592 τὸν
3587 2543 3749 2592 τόπον

2181 2627 2240 2681 ὃν
2265 2627 2357 2680 ἐὰν
2383 2626 2663 2697 ἐκλέξηται
2712 2625 2914 2698 Κύριος
2950 2627 2979 2679 6
3026 2626 3157 2690 Θεός
3204 2645 3295 2681 σου
3341 2629 3523 2696 αὑτὸν,
3561 2632 3618 2685 ἐν
3652 2633 3748 2702 μιᾷ

2181 2717 2290 2772 τῶν
2319 2717 2524 2772 πόλεών
2549 2735 2664 2783 σου,
2697 2719 2811 2770 ἐκεῖ
2830 2716 3060 2783 ἀνοίσεις
3090 2719 3158 2784 τά
3185 2719 3606 2793 ὁλοκαυτώματα
3629 2740 3742 2789 σου,

2182 2812 2274 2866 καὶ
2308 2815 2422 2866 ἐκεῖ
2454 2813 2696 2883 ποιήσεις
2734 2813 2909 2866 πάντα
2951 2812 3050 2866 ὅσα
3079 2812 3391 2884 ἐντέλλομαι
3422 2815 3549 2885 ὑμῖν
3579 2817 3745 2886 σήμε-

2187 2920 2295 2974 ρον.
2327 2923 2344 2954 ι
2376 2904 2483 2957 Καὶ
2534 2903 2860 2975 προστίθησι
2901 2903 3104 2972 λέγων·
3138 2922 3158 2956 ι
3190 2905 3262 2958 Οὐ
3318 2903 3518 2976 δυνήσῃ
3553 2907 3744 2976 φαγεῖν

2181 2998 2238 3049 ἐν
2269 2997 2466 3059 πάσαις
2493 2999 2615 3060 ταῖς
2649 2995 2834 3049 πόλεσι
2865 2995 2926 3049 τὸ
2953 2995 3270 3050 ἐπιδέκατον
3303 2995 3396 3050 τοῦ
3447 2997 3592 3050 σίτου
3627 3014 3740 3060 σου,

520 3088 831 3146 civi;atibus
866 3093 976 3147 tuis
1005 3093 1334 3161 quibuslibet
1375 3098 1790 3155 decimatiouem
1821 3101 2077 3158 frumenti

2182 3088 2272 3142 ml.
2299 3088 2390 3142 τοῦ
2409 3087 2550 3142 οἴνου
2586 3105 2700 3152 σου,
2730 3089 2824 3142 καὶ
2849 3087 2943 3142 τοῦ
2978 3087 3154 3142 ἐλαίου
3187 3105 3311 3151 σου,
3332 3087 3402 3142 τὰ
3427 3087 3743 3159 πρωτότοκα

521 3181 619 3246 tui,
646 3197 745 3236 nec
773 3185 882 3238 viui
903 3187 975 3238 tui
1002 3197 1094 3241 aut
1119 3188 1220 3243 olei
1245 3190 1320 3244 tui
1349 3208 1361 3244 :
1389 3190 1750 3262 primogenita
1764 3194 1925 3248 boum
1952 3202 2076 3250 tuo-

516 3287 638 3327 rum
673 3281 727 3328 et
755 3276 936 3330 ovium
965 3286 1202 3343 tuarum,
1234 3291 1285 3336 et
1316 3283 1498 3336 omnia
1537 3295 1662 3338 vota
1697 3293 1785 3339 tua
1816 3303 2076 3357 quaecun-

516 3380 622 3434 que
647 3369 928 3445 voveritis.
953 3377 1006 3424 et
1033 3370 1409 3429 confessiones
1443 3382 1654 3430 vestras
1705 3385 1761 3432 et
1806 3381 2076 3448 primitias

516 3471 775 3512 manuum
828 3473 1152 3519 vestrarum.
1209 3463 1312 3520 Sed
1365 3474 1490 3523 ante
1558 3467 1845 3526 Dominum
1905 3472 2073 3529 Deum

515 3555 668 3601 tuum
723 3552 949 3607 comede
994 3553 1086 3608 illa
1136 3555 1189 3610 in
1240 3556 1381 3624 loco,
1432 3575 1594 3630 quem
1650 3562 1912 3634 delegerit
1964 3565 2073 3620 Do-

515 3639 698 3695 minus
747 3639 888 3700 Deus
951 3652 1078 3701 tuus
1136 3647 1259 3713 sibi,
1306 3657 1361 3704 tu
1413 3657 1464 3705 et
1527 3651 1620 3706 lilii
1671 3654 1772 3717 tui,
1827 3654 1934 3710 filia
1979 3664 2077 3712 tua

514 3737 569 3786 et
625 3748 816 3788 servus
877 3743 1028 3803 tuus,
1079 3747 1240 3809 atque
1285 3743 1479 3797 ancilla
1529 3752 1620 3798 tua
1669 3753 1723 3801 et
1766 3750 2076 3822 proselytus

513 3822 571 3878 in
626 3826 851 3882 urbibus
900 3829 1028 3883 tuis.
1071 3849 1090 3882 ι
1145 3830 1348 3889 Deinde
1404 3837 1650 3892 oratione
1718 3854 2070 3910 progressus,

511 3915 653 3984 quod
685 3916 887 3973 dictum
917 3931 1000 3976 est
1021 3923 1324 3989 confirmat,
1361 3927 1490 3981 dum
1520 3929 1601 3984 sic
1629 3931 1706 3984 ait
1733 3950 1745 3985 :
1780 3951 1799 3983 ι
1836 3931 2069 3988 Verum-

513 4015 690 4063 tamen
722 4021 909 4066 sancta
940 4025 1031 4069 tua
1061 4031 1183 4070 cum
1227 4017 1426 4074 fuerint
1456 4021 1573 4086 tibi,
1597 4033 1650 4077 et
1677 4039 1800 4078 cum
1831 4035 1952 4081 vota
1979 4038 2068 4083 tua

512 4107 838 4170 susceperis,
889 4108 1072 4162 venies
1105 4109 1170 4162 ad
1217 4111 1392 4166 locum
1422 4131 1582 4184 quem
1624 4118 1842 4188 elegerit
1891 4119 2070 4176 Domi-

511 4206 615 4244 nus
676 4191 816 4248 Deus
865 4204 993 4251 tuus
1045 4200 1146 4252 sibi
1172 4201 1236 4254 ⁸⁸.
1269 4220 1288 4254 ι
1317 4202 1382 4256 Ει
1436 4219 1631 4260 rursus
1675 4225 1690 4260 :
1736 4226 1756 4260 ι
1796 4207 2066 4266 Decimam

507 4280 804 4340 decimabis
832 4287 1070 4344 universi
1106 4288 1246 4346 fetus
1273 4293 1497 4349 seminis
1519 4296 1626 4362 tui;
1657 4295 1822 4352 fetum
1851 4302 1964 4372 agri
1989 4301 2063 4356 tui

508 4377 799 4442 quotannis
821 4379 1072 4434 comedes
1111 4381 1286 4451 ipsum
1317 4385 1371 4438 in
1400 4395 1693 4458 conspectu
1728 4387 1940 4446 Domini
1971 4391 2062 4450 Dei

511 4464 610 4528 tui,
641 4479 708 4519 eo
743 4466 795 4520 in
822 4467 940 4524 loco
967 4487 1126 4541 quem
1155 4474 1380 4546 elegerit
1410 4476 1671 4538 Dominus
1696 4480 1836 4538 Deus
1853 4493 1979 4541 tuus
1996 4487 2062 4542 ad

509 4555 865 4614 invocandum
895 4562 946 4632 2
980 4579 1175 4620 nomen
1231 4583 1389 4624 suum
1433 4570 1507 4626 ibi
1540 4575 1606 4629 ιι.
1655 4594 1674 4626 ι
1723 4573 1924 4633 Deinde
1972 4580 2064 4634 ubi

505 4652 771 4718 reputavit
801 4655 927 4723 quid
966 4655 1142 4712 facere
1174 4671 1441 4729 oporteat,
1477 4664 1525 4719 si
1580 4666 1627 4721 is
1677 4667 1829 4724 locus
1859 4669 1926 4726 de
1954 4689 2068 4742 quo

503 4741 681 4810 agitur
734 4748 994 4802 remotior
1045 4748 1226 4818 fuerit,
1275 4752 1489 4824 frugum
1548 4768 1726 4814 autem
1765 4741 2064 4832 proventus

503 4831 726 4898 multus,
760 4844 818 4888 ut
867 4837 1121 4894 videlicet
1169 4843 1331 4898 domo
1374 4845 1442 4900 ad
1491 4847 1666 4903 locum
1720 4831 1813 4906 Dei
1867 4852 2062 4912 all‘erre

499 4931 745 4992 oporteat
777 4941 990 4986 annuos
1013 4931 1224 4990 fructus
1257 4940 1774 5004 sacrilicationis,de
1808 4944 1909 5000 hoc
1932 4945 2059 5002 item

501 5013 640 5069 hanc
669 5022 955 5076 constituit
986 5025 1152 5094 legem
1187 5046 1200 5082 :
1232 5046 1252 5078 ‹
1290 5028 1345 5083 Si
1385 5048 1514 5087 vero
1561 5034 1718 5106 longe
1747 5051 1777 5089 a
1811 5045 1864 5092 te
1895 5037 2059 5094 fuerit

499 5107 604 5171 via,
636 5124 810 5179 neque
853 5116 1030 5182 possis
1057 5131 1119 5170 ea
1150 5133 1557 5189 reprazsentare,
1592 5139 1879 5197 propterea
1908 5131 2054 5194 quod

500 5197 657 5270 longe
699 5216 728 5255 a
775 5210 827 5257 te
877 5205 1041 5261 fuerit
1098 5209 1271 5276 locus,
1297 5229 1456 5282 quem
1514 5217 1737 5287 elegerit
1795 5218 2053 5277 Dominus

499 5285 640 5342 Deus
669 5298 794 5346 tuus
835 5293 901 5348 ad
943 5295 1301 5355 invocaudum
1334 5317 1528 5357 nomen
1578 5285 1736 5360 suum
1773 5305 1845 5360 ibi
1883 5326 1894 5362 :
1927 5308 2057 5361 tibi-

497 5394 601 5448 que
629 5379 964 5441 benedixerit
997 5387 1255 5448 Dominus
1275 5393 1416 5450 Deus
1453 5404 1600 5459 tuus,
1633 5399 1833 5454 vendes
1862 5415 1924 5454 ea
1963 5414 2054 5452 ar-

497 5485 677 5546 gento,
707 5487 761 5534 et
788 5481 969 5553 capies
1001 5495 1282 5558 argentum
1318 5489 1373 5545 in
1398 5507 1592 5549 manus
1615 5501 1756 5560 tuas,
1777 5501 1830 5549 et
1863 5493 2048 5549 venies

600 5595 840 5678 “ultimi.
885 5603 994 5671 xix,
1031 5604 1083 5660 "2.
1215 5610 1257 5642 "
1297 5608 1450 5668 Deut.
1492 5627 1588 5678 xu,
1632 5611 1718 5669 ll.

494 5679 603 5728 xw,
642 5666 733 5728 29.
773 5668 861 5725 25.

1828 5613 1871 5646 ⁸⁸
1908 5611 2043 5670 Ibid.
2086 5612 2169 5678 l5,
2214 5611 2296 5667 Η.

2176 3180 2283 3237 τῶν
2341 3180 2478 3252 βοῶν
2525 3197 2640 3245 σου,
2685 3183 2779 3236 καὶ
2814 3181 2921 3236 τῶν
2969 3181 3256 3253 προϐάτων
3294 3198 3410 3246 σου,
3434 3183 3529 3236 καὶ
3565 3181 3742 3244 πάσας

2175 3275 2272 3338 τὰς
2291 3275 2452 3346 εὐχάς
2486 3291 2577 3328 σου
2605 3276 2734 3339 ὅσας
2780 3275 2845 3328 ἂν
2900 3272 3148 3346 εῦξησθε,
3190 3274 3284 3327 καὶ
3318 3275 3417 3339 τὰς
3455 3274 3742 3346 ὁμολογίας

2177 3367 2349 3438 ὑμῶν,
2407 3368 2500 3420 καὶ
2545 3367 2643 3431 τὰς
2675 3366 2924 3438 ἀπαρχὰς
2969 3367 3076 3419 τῶν
3105 3366 3304 3438 χειρῶν
3340 3367 3492 3436 ὑμῶν
3517 3385 3529 3397 ·
3559 3368 3673 3422 ἀλλ’

2176 3459 2409 3513 ἐναντίον
2423 3459 2623 3532 Κυρίου
2643 3458 2736 3512 τοῦ
2752 3458 2885 3512 Θεοῦ
2909 3475 3001 3511 σου
3025 3461 3170 3530 φαγῇ
3189 3459 3344 3523 αὐτὰ,
3361 3460 3417 3511 ἐν
3442 3452 3486 3527 ᾧ
3504 3459 3569 3514 ἂν
3591 3461 3741 3531 τόπῳ

2175 3550 2456 3622 ἐκλέξηται
2482 3550 2682 3622 Κύριος
2700 3552 2728 3603 6
2749 3550 2881 3612 Θεός
2903 3567 2994 3602 σου
3013 3548 3209 3620 ἐαυτῷ,
3234 3549 3297 3602 σὺ
3325 3549 3418 3602 καὶ
3435 3550 3483 3602 οί
3502 3550 3604 3604 υἱοί
3621 3566 3738 3613 σου,

2174 3644 2265 3696 καὶ
2299 3645 2334 3714 ἡ
2375 3643 2616 3714 θυγάτηρ
2642 3659 2756 3706 σου,
2788 3643 2817 3694 6
2847 3645 2975 3705 παῖς
3006 3658 3118 3706 σου,
3151 3642 3244 3694 καὶ
3275 3643 3307 3713 ή
3334 3641 3592 3712 παιδίσκη
3619 3659 3736 3708 σου,

2174 3735 2266 3788 καὶ
2293 3738 2320 3788 6
2355 3735 2687 3806 προσήλυτος
2731 3737 2759 3788 6
2805 3735 2860 3787 ἐν
2891 3737 3008 3797 ταῖς
3053 3733 3239 3786 πόλεσί
3287 3750 3397 3787 σου.
3443 3752 3462 3785 ι
3509 3734 3618 3787 Καὶ
3657 3734 3739 3788 ἔτι

2173 3824 2483 3898 προσελθὼν
2528 3823 2948 3894 ἐπασφαλίζεται
2992 3823 3082 3877 τὸν
3130 3821 3306 3892 λόγον,
3356 3824 3412 3876 ἐν
3453 3815 3498 3892 ᾧ
3535 3837 3732 3893 φησιν’

2178 3937 2196 3969 ι
2237 3917 2381 3988 Πλὴν
2413 3915 2480 3970 τά
2518 3915 2650 3984 ἅγιά
2681 3931 2773 3968 σου
2814 3913 2850 3968 ἃ
2879 3914 2944 3967 ἂν
2970 3913 3232 3984 γένωνται
3266 3931 3366 3978 σοι,
3405 3914 3498 3969 καὶ
3524 3915 3621 3980 τὰς
3642 3916 3736 3974 εὐμ-

2171 4010 2271 4081 χάς
2302 4026 2392 4063 σου
2423 4007 2622 4071 λαϐὼν,
2655 4007 2802 4077 ἥξεις
2831 4008 2910 4072 εἰς
2941 4007 3032 4060 τὸν
3063 4007 3245 4072 τόπον,
3275 4007 3335 4061 ὃν
3366 4006 3430 4061 ἀν
3456 4007 3735 4079 ἐκλέξηται

2170 4103 2410 4174 Κύριοςό
2428 4101 2560 4162 Θεός
2585 4116 2678 4152 σου
2705 4098 2896 4170 ἐαυτῷ.
2921 4119 2940 4150 ι
2961 4099 3070 4152 Καὶ
3085 4099 3276 4152 πάλιν·
3309 4118 3328 4151 ι
3351 4100 3589 4174 Δεκάτην
3603 4101 3739 4164 ἀπο-τ

2167 4193 2488 4258 δεκατὼαις
2517 4193 2714 4257 παντὸς
2751 4194 3086 4264 γεννήματος
3123 4193 3218 4248 τοῦ
3259 4194 3569 4267 σπέρματός
3602 4211 3730 4248 σου·

2167 4289 2227 4342 τὸ
2258 4287 2501 4358 γέννημα
2526 4284 2621 4339 τοῦ
2652 4283 2820 4357 ἀγροῦ
2865 4301 2955 4338 σου
2997 4283 3287 4357 [ἐνιαυτὸν]
3318 4289 3436 4340 κατ’
3462 4289 3744 4350 ἐνιαυτόν,

2167 4379 2278 4434 Kal
2309 4380 2456 4450 φαγῇ
2485 4377 2614 4430 αὐτὸ
2645 4376 2882 4429 ἐναντίον
2913 4376 3115 4447 Κυρίου
3149 4376 3243 4430 τοῦ
3287 4377 3421 4431 Θεοῦ
3461 4395 3574 4443 σου,
3603 4380 3662 4434 ἐν
3692 4374 3737 4449 ᾧ

2165 4470 2230 4523 ἂν
2263 4471 2411 4540 τόπῳ
2443 4465 2722 4539 ἐκλέξηται
2761 4467 2960 4539 Κύριος
2998 4467 3027 4518 6
3067 4467 3198 4530 Θεός
3229 4483 3342 4530 σου,
3376 4468 3736 4542 ἐπικληθῆναι

2163 4562 2223 4616 τὸ
2255 4562 2423 4631 όνομα
2463 4558 2626 4614 αὐτοῦ
2677 4560 2810 4612 ἐκεῖ.
2846 4579 2864 4610 ι
2895 4555 3006 4611 Εἶτ’
3048 4558 3514 4629 ἐπιλογισάμενος,
3541 4563 3596 4616 τί
3627 4564 3742 4618 δέοι.

2163 4652 2440 4725 πράττειν,
2465 4653 2512 4703 εἱ
2537 4650 2750 4722 μακράν
2771 4647 3017 4719 ἀφεστὼς
3042 4649 3126 4720 εἴη
3147 4649 3174 4701 6
3201 4650 3332 4722 πρὸς
3359 4651 3522 4704 αὐτοῦ
3551 4651 3734 4726 δηλού-

2164 4761 2319 4816 μενος
2339 4743 2522 4807 τόπος,
2538 4743 2566 4794 6
2593 4742 2650 4794 δέ
2673 4741 2880 4813 καρπὸς
2908 4740 3014 4795 τῶν
3032 4741 3381 4812 γεννημάτων
3400 4742 3588 4808 πολὺς,
3615 4747 3728 4810 πῶς

2159 4838 2267 4892 δέοι
2297 4834 2692 4908 παρακομίζειν
2720 4832 2928 4887 οἴκοθεν
2953 4835 3032 4898 είς
3050 4833 3142 4887 τὸν
3162 4833 3255 4886 τοῦ
3273 4832 3408 4887 Θεοῦ
3428 4835 3590 4890 τόπον
3604 4838 3727 4900 τοὺς

2163 4927 2440 4991 ἐπετείους
2471 4926 2714 4999 καρποὺς
2741 4925 2839 4996 τῆς
2865 4922 3299 4994 ὁλοκαυτώσεως,
3324 4927 3419 4980 καὶ
3455 4931 3580 5001 περὶ
3605 4927 3725 4981 τού-

2161 5021 2434 5088 τουτόνδε
2465 5020 2644 5091 τίθησι
2676 5021 2764 5074 τὸν
2790 5019 2950 5090 νόμον
2971 5035 2985 5050 ο
3020 5038 3039 5070 ι
3088 5018 3213 5073 Ἐὰν
3241 5019 3298 5072 δὲ
3325 5020 3536 5092 μακρὰν
3564 5019 3725 5092 γένη-

2159 5133 2246 5169 ται
2280 5114 2386 5168 ἀπὸ
2421 5113 2512 5167 σοῦ
2540 5115 2574 5183 ή
2606 5113 2744 5176 ὁδὸς,
2786 5113 2879 5164 καὶ
2914 5110 2988 5182 μὴ
3019 5110 3222 5182 δυνήσῃ
3250 5112 3536 5185 ἀναφέρειν
3561 5111 3721 5175 αὐτὰ,

2156 5209 2237 5262 ὅτι
2269 5207 2486 5280 μακρὰν,
2506 5207 2612 5258 ἀπὸ
2636 5203 2728 5258 σοῦ
2759 5205 2787 5256 ό
2819 5205 3003 5269 τόπος,
3035 5203 3093 5257 ὃν
3125 5202 3190 5257 ἂν
3215 5203 3497 5277 ἐκλέξηται
3521 5203 3724 5277 Κύριος

2155 5303 2184 5354 6
2202 5301 2332 5364 Θεός
2355 5317 2445 5353 σου
2461 5338 2478 5362 ,
2497 5295 2850 5366 ἐπικληθῆναι
2872 5297 2931 5350 τὸ
2952 5296 3121 5368 ὄνομα
3140 5298 3302 5352 αὐτοῦ
3328 5299 3461 5363 ἐκεῖ,
3483 5299 3563 5352 ὅτι
3584 5297 3728 5351 εὐλο-

2156 5397 2314 5466 γήσει
2336 5411 2392 5446 σε
2409 5391 2605 5463 Κύριος
2626 5389 2658 5446 6:
2673 5388 2802 5452 Θεός
2823 5405 2936 5454 σου,
2955 5389 3052 5442 καὶ
3073 5387 3370 5452 ἀποδώσεις
3395 5389 3532 5443 αὐτὰ
3551 5390 3725 5462 ἀργυ-

2158 5490 2292 5561 ρίου,
2324 5488 2417 5542 καὶ
2441 5484 2581 5557 λήψῃ
2605 5484 2662 5539 τὸ
2693 5483 2949 5556 ἀργύριον
2969 5484 3026 5537 ἐν
3047 5486 3169 5547 ταῖς
3187 5483 3342 5554 χερσί
3369 5499 3483 5548 σου,
3508 5485 3602 5538 καὶ
3629 5499 3726 5538 πο-

2408 5607 2449 5640 ¹⁹
2493 5603 2626 5661 Ibid.
2679 5605 2764 5669 I7,
2808 5605 2894 5661 18.
3003 5603 3048 5635 ’⁸
3087 5601 3225 5663 Ibid.
3257 5600 3346 5658 26.
3478 5604 3518 5634 ’⁸
3564 5601 3719 5657 Deut.
