4068 6206
334 291 397 346 53
1201 261 1840 338 nsnoxsrnsrtoa'ts
1884 272 2337 339 suassuas:
2378 275 2504 335 LIB.
2544 275 2585 335 ι.
3466 287 3534 340 δι

337 406 493 479 ρεῦσῃ
516 406 596 470 είς
621 404 713 460 τθν
754 403 939 465 τόπον,
968 403 1024 457 δν
1056 403 1117 457 ἂν
1152 402 1433 473 ἐκλέξηται
1473 401 1670 474 Κύριος
1695 401 1723 454 ό
1754 400 1883 464 Θεός

1985 398 2041 453 in
2071 413 2194 453 eum
2223 413 2398 469 ipsum
2430 399 2606 453 locum
2639 410 2799 470 quem
2839 399 3056 472 elegerit
3087 400 3346 460 Dominus
3389 402 3532 464 Deus

335 512 422 548 σου
450 495 634 561 αὐτὸν,
659 496 759 547 καὶ
791 492 974 556 δώσεις
994 492 1052 545 τὸ
1083 490 1337 563 ἀργύριον
1368 491 1458 544 ἐπὶ
1491 490 1688 554 παντὸς
1723 485 1782 544 οὗ
1815 490 1879 543 ἂν

334 587 564 658 ἐπιθυμῇ
585 588 621 658 ή
636 585 785 656 ψυχὴ
807 602 914 648 σου,
928 584 1013 637 ἐπὶ
1034 583 1232 653 βουσὶν,
1251 580 1283 656 ἢ
1302 583 1393 636 ἐπὶ
1414 582 1717 655 προϐάτοις,
1739 584 1771 655 ἢ
1790 584 1881 638 ἐπὶ

332 681 475 751 οϊνῳ,
509 679 543 751 ἢ
578 677 674 730 ἐπὶ
705 674 908 746 σικέρᾳ,
937 673 968 745 ἦ
996 674 1087 726 ἐπὶ
1136 666 1333 738 παντὸς
1372 668 1432 729 οὗ
1479 674 1544 728 ἂν
1581 674 1816 746 ἐπιθυμῇ
1845 677 1879 747 ἠ

330 773 472 846 ψυχή
508 790 627 835 σου,
671 769 764 824 καὶ
796 770 934 837 φαγῇ
963 768 1080 820 ἐκεῖ
1123 766 1361 821 ἐναντίον
1392 758 1592 837 Κυρίου
1624 766 1714 820 τοῦ
1744 765 1878 820 Θεοῦ

332 882 444 918 σου.
486 882 509 916 ι
541 863 653 917 Καὶ
675 858 820 923 αὖθις
845 860 931 913 τὸν
955 859 1118 912 τόπον
1144 859 1611 932 ἐπισφραγίζεται,
1641 852 1744 914 ὦδέ
1767 872 1880 925 πως

331 956 560 1024 φάσκων
580 971 594 985 ·
628 972 646 1005 ι
679 953 786 1006 Πᾶν
813 950 1144 1022 πρωτότοκον
1168 949 1196 1002 6
1220 951 1284 1005 ἂν
1320 950 1479 1023 τεχθῇ
1507 955 1564 1007 ἐν
1595 952 1705 1017 τοῖς
1733 950 1881 1022 βουσί

336 1061 452 1109 σου,
485 1046 576 1098 καὶ
608 1047 663 1097 ἐν
688 1044 795 1105 τοῖς
827 1042 1116 1112 προϐάτοις
1155 1059 1273 1108 σου,
1314 1042 1380 1095 τὰ.
1427 1044 1685 1115 ἀρσενικὰ
1724 1043 1880 1097 ἀποί-

336 1150 449 1199 σεις
481 1134 659 1206 Κυρίῳ
685 1132 760 1204 τῷ
786 1131 903 1203 Θεῷ
941 1149 1055 1186 σου.
1091 1134 1203 1187 06x
1240 1135 1445 1208 ἐργάσῃ
1477 1138 1534 1188 ἐν
1567 1135 1643 1205 τῷ
1682 1153 1882 1208 πρωτο-

338 1226 476 1298 τόκῳ
508 1226 683 1298 μόσχῳ
718 1240 835 1286 σου,
872 1223 965 1277 καὶ
994 1223 1065 1296 μὴ
1093 1225 1279 1297 κείρῃς
1314 1224 1375 1278 τὸ
1411 1225 1746 1297 πρωτότοκον
1773 1226 1881 1279 τῶν

336 1317 610 1389 προϐάτων
638 1333 747 1369 σου.
781 1315 1047 1367 Ἐναντίον
1078 1315 1279 1387 Κυρίου
1316 1316 1407 1369 τοῦ
1448 1312 1580 1369 Θεοῦ
1612 1334 1701 1370 σου
1733 1320 1877 1389 φαγῇ

333 1408 458 1461 αὐτὸ
483 1405 721 1465 ἐνιαυτὸν
751 1406 808 1473 ἐξ
838 1405 1101 1471 ἐνιαυτοῦ,
1128 1408 1184 1459 ἐν
1215 1406 1292 1477 τῷ
1327 1408 1474 1479 τόπῳ
1493 1401 1537 1477 ᾧ
1566 1407 1631 1463 ἂν
1662 1409 1880 1479 ἐκλέξηο

330 1516 413 1553 ται
440 1499 638 1571 Κύριος
663 1499 691 1550 6
723 1497 855 1560 Θεός
888 1514 999 1561 σου,
1038 1498 1100 1551 σὺ
1140 1500 1231 1553 καὶ
1274 1502 1302 1552 6
1338 1495 1483 1566 οἶκός
1522 1518 1633 1554 σου.
1676 1521 1694 1553 ι
1727 1503 1879 1556 Μετὰ

329 1590 494 1644 ταῦτα
519 1590 681 1645 πάλιν
716 1588 830 1653 θέα,
863 1589 983 1643 τίνα
1022 1590 1219 1660 τρόπον
1258 1593 1348 1645 καὶ
1378 1593 1443 1646 τὰ
1476 1594 1600 1664 περὶ
1630 1593 1733 1647 τῶν
1757 1596 1876 1665 ἐορ-

329 1681 429 1734 τῶν
462 1681 781 1747 διαστέλλει,
818 1683 916 1734 οὐκ
950 1680 1128 1735 ἄλλοθι
1157 1683 1277 1753 γῆς,
1317 1683 1428 1737 ἀλλ’
1462 1684 1576 1755 ἢέν
1619 1685 1761 1755 μόνῳ
1801 1685 1877 1755 τῷ

1980 499 2128 556 tuus,
2149 498 2203 546 et
2234 490 2389 546 dabis
2416 499 2696 560 argentum
2720 507 2818 563 pro
2848 494 2992 548 omni
3027 495 3382 568 quodcunque
3397 514 3532 554 con-

1979 582 2207 652 cupierit
2247 582 2427 636 anima
2479 590 2588 647 tua,
2619 598 2714 652 pro
2764 584 2956 649 bobus,
3007 586 3123 642 sive
3165 590 3373 655 ovibus,
3416 594 3531 649 sive

1979 675 2123 737 vino,
2148 673 2261 727 sive
2287 675 2477 739 sicera,
2505 673 2616 729 sive
2641 674 2787 728 omni
2812 676 3173 749 quodcunque
3198 685 3530 754 concupierit

1979 767 2158 820 anima
2187 775 2297 830 tua,
2322 772 2375 820 et
2414 765 2667 822 eomedes
2697 767 2768 822 ibi
2798 768 2850 822 in
2871 779 3171 840 conspectu
3199 770 3407 829 Domini
3438 775 3527 832 Dei

1979 857 2055 910 tui
2079 857 2145 909 ’³.
2175 874 2194 908 ι
2229 854 2367 910 Tum
2410 870 2602 912 rursus
2651 858 2829 913 locum
2872 862 3027 931 quasi
3063 863 3218 934 signo
3268 865 3530 936 impresso

1979 949 2343 1011 commendat,
2377 949 2463 1004 his
2484 947 2594 1005 fere
2609 951 2787 1008 verbis
2818 970 2830 1007 :
2862 971 2881 1003 ι
2915 952 2989 1008 De
3018 956 3392 1028 primogenitis
3413 977 3531 1030 quae

1980 1051 2104 1096 nata
2138 1042 2341 1099 fuerint
2373 1042 2427 1097 in
2454 1043 2629 1100 bubus
2658 1057 2816 1116 atque
2836 1047 3047 1114 ovibus,
3072 1053 3372 1107 masculina
3405 1052 3534 1109 olfe-

1978 1148 2067 1189 res
2099 1132 2327 1188 Domino
2357 1133 2467 1189 Deo
2490 1140 2604 1189 tuo.
2627 1134 2742 1190 Non
2774 1151 2909 1207 opus
2935 1137 3099 1193 facies
3130 1140 3184 1193 in
3213 1140 3385 1196 vitulo
3421 1143 3533 1211 pri-

1978 1225 2272 1296 mogenito,
2322 1234 2377 1281 et
2439 1241 2549 1281 non
2592 1227 2844 1283 tondebis
2892 1228 3308 1306 primogenitum
3347 1233 3529 1289 ovium

1977 1320 2212 1368 tuarum.
2243 1314 2299 1370 In
2327 1325 2620 1388 conspectu
2651 1316 2863 1373 Domini
2899 1317 2990 1373 Dei
3020 1320 3098 1373 tui
3123 1320 3374 1377 comedas
3398 1322 3531 1379 illud

1980 1406 2207 1476 singulis
2235 1408 2412 1472 annis,
2448 1409 2502 1464 in
2527 1409 2645 1464 loco
2667 1426 2824 1479 quem
2856 1410 3077 1479 elegerit
3104 1409 3361 1469 Dominus
3388 1411 3531 1472 Deus

1980 1504 2123 1560 tuus.
2152 1506 2209 1550 tu
2242 1506 2295 1552 et
2329 1497 2522 1553 domus
2550 1503 2715 1554 tua“.
2744 1520 2762 1552 ι
2800 1502 2925 1554 Post
2946 1501 3060 1556 haec
3086 1517 3279 1558 rursus
3301 1504 3528 1575 inSpice.

1978 1602 2211 1657 quonam
2240 1590 2399 1643 modo
2430 1604 2491 1644 ea
2520 1606 2638 1661 quae
2664 1592 2728 1647 ad
2757 1591 2920 1648 festos
2954 1593 3070 1647 dies
3105 1595 3377 1663 pertinent
3404 1597 3529 1652 dis-

1976 1681 2193 1749 tinguit,
2223 1689 2281 1734 ut
2319 1697 2386 1736 ne
2415 1683 2540 1738 alibi
2572 1693 2856 1748 terrarum,
2884 1699 3043 1755 quam
3074 1684 3128 1738 in
3174 1700 3238 1741 eo
3280 1702 3385 1741 uno
3410 1688 3532 1744 loco

326 1774 631 1845 δηλουμένῳ
669 1773 835 1844 τόπῳ,
869 1773 1269 1845 πανηγυρίζειν.
1300 1776 1459 1843 Λέγει
1490 1775 1534 1826 δ’
1566 1772 1684 1829 οῦν·
1725 1795 1741 1826 ι
1780 1776 1882 1828 Φύ-

1985 1771 2047 1825 de
2073 1787 2180 1841 quo
2207 1774 2405 1842 agitur,
2433 1773 2598 1831 festos
2626 1776 2743 1830 dies
2779 1741 2958 1847 agant.
2983 1778 3072 1830 Ait
3104 1778 3271 1847 igitur
3307 1796 3321 1832 :
3359 1797 3377 1829 ι
3420 1776 3529 1834 Ob-

330 1864 480 1930 λαξαι
508 1866 601 1919 τὸν
645 1865 786 1935 μῆνα
823 1865 930 1918 τῶν
960 1866 1112 1931 νέων,
1149 1867 1241 1919 καὶ
1292 1868 1535 1938 ποιήσεις
1584 1868 1645 1919 τὸ
1693 1868 1883 1937 Πάσχα

332 1956 518 2027 Κυρίῳ
549 1956 627 2026 τῷ
658 1954 778 2025 Θεῷ
809 1972 922 2019 σου,
959 1956 1201 2027 πρόϐατα
1226 1959 1317 2010 καὶ
1350 1958 1497 2027 βόας,
1527 1960 1582 2009 ἐν
1611 1957 1688 2027 τῷ
1719 1958 1882 2027 τόπῳ,

329 2043 375 2115 ᾧ
406 2049 470 2102 ἂν
511 2047 791 2117 ἐκλέξηται
842 2048 1040 2118 Κύριος
1082 2052 1109 2101 6
1156 2050 1285 2111 Θεός
1329 2066 1418 2101 σου
1460 2048 1624 2119 αὐτῷ.
1669 2068 1685 2099 ι
1723 2048 1886 2103 Πάλιν

335 2139 755 2211 ὑπομιμνήσκει,
774 2138 943 2208 λέγων
960 2156 974 2169 ο
999 2158 1017 2189 ι
1042 2139 1114 2191 06
1140 2140 1339 2213 δυνήσῃ
1362 2139 1519 2193 θῦσαι
1540 2141 1598 2193 τὸ
1618 2140 1803 2211 Πάσχα
1832 2142 1888 2192 ἐν

333 2230 558 2301 οὐδεμιᾷ
584 2229 690 2283 τῶν
721 2228 925 2283 πόλεών
955 2246 1067 2293 σου,
1110 2224 1184 2283 ὧν
1215 2231 1412 2300 Κύριος
1453 2234 1481 2284 6
1518 2232 1645 2294 Θεός
1687 2249 1778 2285 σου
1810 2232 1886 2285 δίο

333 2321 462 2375 δωσί
492 2339 593 2384 σοι,
622 2321 733 2375 ἀλλ’
761 2323 839 2385 είς
863 2322 953 2375 τὸν
980 2323 1139 2375 τόπον
1184 2322 1242 2375 ὃν
1287 2323 1351 2375 ἂν
1378 2321 1655 2394 ἐκλέξηται
1687 2325 1887 2394 Κύριος

333 2414 362 2465 6
385 2411 513 2475 Θεός
549 2429 659 2465 σου.
707 2414 851 2465 Ἐκεῖ
881 2411 1058 2475 θύσεις
1080 2412 1139 2465 τὸ
1168 2412 1354 2481 Πάσχα
1373 2413 1608 2484 ἑσπέρας
1636 2415 1771 2483 πρὸς
1799 2415 1887 2467 δυ-

339 2506 496 2574 σμαῖς
520 2504 688 2575 ἡλίου,
724 2505 779 2557 ἐν
825 2502 901 2574 τῷ
948 2503 1122 2575 καιρῷ
1168 2497 1211 2572 ᾧ
1246 2504 1463 2572 ἐξῆλθες
1492 2507 1555 2558 ἐκ
1585 2505 1687 2576 γῆς
1718 2506 1885 2576 Αίγύ-

336 2613 467 2649 πτου
486 2613 500 2627 ο
533 2598 625 2650 καὶ
647 2596 882 2669 ἐφήσεις,
910 2598 1002 2650 καὶ
1031 2599 1177 2669 φαγῇ
1202 2599 1258 2650 ἐν
1290 2597 1364 2669 τῷ
1388 2598 1537 2670 τόπῳ
1567 2593 1611 2668 ᾧ
1645 2599 1708 2654 ἂν
1738 2600 1886 2653 ἐκλέ-

338 2686 489 2757 ξηται
516 2686 714 2759 Κύριος
750 2689 778 2740 6
818 2686 949 2751 Θεός
976 2705 1088 2741 σου.
1126 2708 1144 2739 ι
1213 2687 1270 2741 '0
1297 2690 1391 2759 μὲν
1416 2690 1479 2761 δὴ
1525 2691 1623 2760 τῆς
1650 2690 1744 2744 τοῦ
1771 2692 1884 2744 Πά-

338 2793 441 2848 σχα
465 2778 653 2849 ἑορτῆς
680 2779 841 2849 νόμος
870 2778 1101 2842 τοιοῦτος
1120 2795 1134 2809 ·
1164 2780 1191 2832 6
1218 2779 1274 2832 δέ
1309 2780 1406 2850 τῆς
1441 2781 1811 2853 Πεντηκοστῆς
1836 2780 1886 2834 τί

339 2887 521 2939 φησιν,
552 2872 811 2925 ἄκουσονο
840 2890 859 2924 ι
896 2872 1064 2925 Ἑπτὰ
1109 2871 1405 2943 ἐὸδομάδας
1442 2872 1761 2945 ὁλοκλήρους
1800 2873 1887 2941 ἐξ·

338 2961 655 3034 αριθμήσεις
699 2962 937 3034 σεαυτῷ,
990 2962 1292 3033 ἀρξαμένου
1342 2980 1432 3017 σου
1491 2963 1751 3036 δρέπανον
1801 2967 1886 3018 ἐπ’

338 3054 565 3125 ἁμητὸν,
601 3056 692 3109 καὶ
740 3058 981 3128 ποιήσεις
1022 3057 1208 3129 ἐορτὴν
1250 3054 1549 3128 ἑϐδομάδων
1593 3059 1778 3129 Κυρίῳ
1810 3058 1886 3130 τῷ
1914 3075 1956 3134 ο

336 3147 459 3217 Θεῷ
494 3166 605 3211 σου,
655 3148 796 3203 καθά
843 3148 1011 3220 ἰσχύει
1054 3152 1087 3221 ἡ
1138 3150 1255 3222 χείρ
1300 3168 1411 3213 σου,
1444 3152 1539 3203 ὅσα
1570 3150 1633 3204 ἂν
1672 3150 1745 3221 δῷ
1786 3168 1887 3215 σοι,

337 3241 529 3296 καθότι
580 3242 836 3313 εὐλόγηκέ
886 3261 943 3297 σε
979 3242 1180 3315 Κύριος
1230 3246 1257 3297 6
1306 3243 1435 3307 Θεός
1478 3261 1607 3298 σοιν
1665 3246 1758 3299 καὶ
1804 3247 1891 3299 εὑ-

336 3333 622 3405 φρανθήσῃ
647 3334 866 3388 ἐνώπιον
887 3336 1087 3408 Κυρίου
1111 3335 1201 3390 τοῦ
1226 3335 1357 3390 Θεοῦ
1388 3354 1499 3399 σου,
1521 3339 1584 3390 σὺ
1610 3336 1701 3390 καὶ
1727 3340 1755 3391 6
1779 3338 1891 3403 υἱός

336 3440 460 3490 σου,
489 3426 581 3478 καὶ
619 3424 913 3498 ήθυγάτηρ
945 3444 1057 3492 σου,
1085 3430 1112 3481 6
1138 3431 1266 3491 παῖς
1301 3445 1412 3491 σου,
1442 3428 1535 3482 καὶ
1566 3431 1597 3501 ή
1632 3430 1888 3501 παιδίσκη

337 3535 457 3581 σου,
487 3518 579 3570 καὶ
606 3519 634 3571 6
659 3519 907 3588 Λευῖτης,
929 3521 957 3571 6
985 3522 1041 3573 ἐν
1060 3523 1180 3583 ταῖς
1203 3520 1382 3574 πόλεσί
1413 3538 1526 3586 σου,
1556 3523 1648 3575 καὶ
1672 3523 1699 3574 6
1726 3540 1893 3594 προσ·

337 3604 557 3675 ήλυτος,
593 3607 684 3659 καὶ
708 3609 734 3659 6
765 3608 1013 3679 ὀρφανὸς,
1048 3610 1141 3662 καὶ⁵
1172 3612 1202 3681 ή
1237 3611 1377 3681 χήρα
1406 3613 1437 3681 ἡ
1473 3612 1530 3664 ἐν
1555 3613 1701 3683 ὑμῖν,
1727 3614 1783 3665 ἐν
1814 3613 1891 3685 τῷ

335 3699 487 3768 τόπῳ
517 3692 561 3766 ᾧ
594 3698 657 3751 ἂν
684 3698 963 3771 ἐκλέξηται
995 3702 1193 3773 Κύριος
1220 3704 1248 3755 6
1279 3702 1409 3766 Θεός
1437 3721 1528 3756 σου
1564 3704 1727 3775 αὐτῷ,
1773 3706 1892 3758 ἐπι-

334 3791 600 3862 κληθῆναι
634 3794 692 3846 τὸ
738 3794 905 3865 ὄνομα
935 3795 1097 3847 αὑτοῦ
1132 3798 1263 3848 ἐκεῖ.
1301 3814 1318 3847 ι
1358 3796 1467 3849 Καὶ
1497 3795 1595 3868 τὴν
1625 3798 1814 3869 τρίτην
1846 3798 1891 3851 δ’

338 3881 531 3953 ἑορτήν
560 3882 686 3935 ἔνθα
710 3883 1029 3954 προστάττει
1063 3884 1320 3950 ἐκτελεῖν,
1345 3885 1665 3939 ἐπάκουσον·
1702 3906 1720 3938 ι
1742 3888 1893 3959 Ἐορ-

339 3972 438 4043 τὴν
475 3973 581 4026 τῶν
615 3974 833 4045 Σκηνῶν
866 3977 1104 4045 ποιήσεις
1143 3975 1349 4046 σεαυτῷ
1385 3976 1522 4029 ἑπτά
1564 3977 1794 4050 ἡμέρας,
1835 3982 1892 4031 ἐν

337 4065 417 4137 τῷ
451 4071 770 4135 συναγαγεῖν
810 4085 866 4121 σε
896 4069 1001 4121 ἀπὸ
1033 4068 1132 4138 τῆς
1164 4069 1363 4133 ἆλωνός
1407 4087 1498 4123 σου
1530 4071 1622 4124 καὶ
1661 4071 1766 4125 ἀπὸ
1796 4072 1894 4143 τῆς

338 4158 499 4228 ληνοῦ
529 4177 643 4221 σου,
672 4161 763 4213 καὶ
793 4160 1135 4234 εὐφρανθήσῃ
1162 4163 1217 4214 ἐν
1244 4164 1309 4233 τῇ
1342 4163 1497 4233 ἑορτῇ
1534 4180 1645 4228 σου,
1683 4165 1767 4231 σὺ,
1798 4163 1893 4218 καὶ

340 4249 455 4312 υἱὸς
484 4266 597 4311 σου,
632 4251 727 4303 καὶ
756 4253 787 4321 ἡ
812 4251 1057 4325 θηγάτηρ
1087 4268 1200 4313 σου,
1229 4255 1257 4305 6
1288 4255 1411 4315 παῖς
1442 4271 1555 4316 σου,
1588 4254 1680 4306 καὶ
1710 4257 1740 4324 ἡ
1770 4272 1893 4308 παι-

1983 1856 2136 1916 serva
2176 1879 2411 1919 mensem
2458 1883 2716 1921 novarum
2760 1868 3002 1938 frugum,
3027 1881 3077 1924 et
3118 1868 3283 1924 facies
3322 1868 3531 1925 Pascha

1983 1951 2210 2007 Domino
2238 1954 2343 2009 Deo
2376 1967 2484 2019 tuo,
2521 1974 2649 2014 oves
2678 1968 2731 2014 et
2752 1961 2945 2021 boves,
2978 1962 3032 2015 in
3075 1961 3197 2015 loco
3236 1976 3393 2031 quem
3420 1963 3533 2017 ele-

1985 2045 2120 2114 gerit
2147 2045 2402 2101 Dominus
2431 2048 2571 2103 Deus
2597 2060 2720 2105 tuus
2743 2051 2810 2104 “.
2842 2070 2858 2101 ι
2900 2050 3109 2106 Rursus
3158 2052 3409 2106 admonet
3446 2052 3534 2109 bis

1987 2138 2164 2191 verbis
2195 2156 2207 2191 :
2241 2155 2259 2188 ι
2297 2137 2413 2192 Non
2452 2144 2652 2209 poteris
2699 2142 3002 2196 sacriﬁcare
3041 2143 3241 2211 pascha
3270 2144 3324 2196 in
3354 2144 3533 2212 aliqua

1986 2229 2201 2284 urbium
2239 2238 2472 2295 tuarum,
2512 2246 2647 2300 quas
2688 2230 2944 2287 Dominus
2973 2232 3114 2288 Deus
3156 2243 3281 2289 tuus
3328 2235 3535 2291 dederit

1984 2321 2103 2384 tibi,
2141 2321 2234 2374 sed
2264 2322 2460 2375 inloco
2504 2322 2766 2377 duntaxat
2809 2338 2966 2393 quem
3022 2324 3242 2395 elegerit
3278 2323 3536 2380 Dominus

1984 2410 2125 2466 Deus
2179 2420 2322 2466 tuus.
2360 2413 2472 2466 Illic
2514 2414 2819 2468 immolabis
2881 2414 3082 2484 pascha
3129 2429 3159 2468 a
3207 2431 3431 2487 vespere
3469 2417 3537 2473 ad

1984 2503 2117 2556 solis
2144 2516 2419 2565 occasum,
2443 2506 2495 2557 in
2523 2510 2765 2573 tempore
2796 2520 2906 2575 quo
2932 2521 3186 2576 egressus
3214 2523 3274 2563 es
3298 2508 3364 2564 de
3392 2516 3537 2564 terra

1985 2590 2202 2664 IEgypti
2248 2613 2262 2649 :
2305 2602 2352 2649 et
2399 2610 2621 2664 coqucs,
2662 2606 2715 2651 et
2758 2597 3010 2653 comedcs
3063 2597 3118 2651 in
3176 2599 3295 2652 loco
3344 2613 3535 2669 quem-

1985 2698 2195 2753 cunque
2242 2684 2461 2753 elegerit
2512 2682 2774 2740 Dominus
2822 2684 2965 2741 Deus
3010 2688 3207 2741 tuus"
3245 2707 3263 2739 ι
3294 2686 3403 2743 Lex
3433 2689 3535 2759 igi-

1986 2782 2073 2827 tur
2097 2776 2163 2829 de
2191 2775 2415 2830 solemni
2443 2774 2548 2837 die,
2595 2778 2687 2846 qui
2719 2776 2926 2831 Pascha
2967 2777 3184 2843 dicitur,
3224 2778 3535 2850 hujusmodi

1986 2865 2255 2937 descripta
2279 2875 2382 2922 est.
2411 2865 2581 2922 Porro
2609 2875 2790 2923 autem
2822 2869 2890 2924 de
2922 2866 3377 2941 Quinquagesima
3404 2871 3534 2942 quid

1986 2959 2151 3023 dicat,
2182 2960 2306 3013 audi
2356 2979 2368 3014 :
2415 2978 2433 3009 ι
2473 2958 2638 3016 Totas
2682 2967 2887 3031 septem
2942 2960 3301 3018 hebdomadas
3342 2978 3535 3017 nume-

1986 3052 2133 3107 rabis
2164 3052 2259 3106 tibi
2290 3051 2415 3122 ipsi,
2449 3067 2513 3106 ex
2544 3068 2651 3122 quo
2678 3051 2868 3108 falcem
2905 3053 2957 3106 in
2986 3061 3217 3124 segetem
3248 3053 3536 3108 immittere

1990 3143 2238 3212 cmperis,
2269 3151 2323 3198 et
2345 3142 2644 3197 celebrabis
2669 3142 2811 3197 diem
2852 3141 3047 3199 festum
3078 3144 3535 3199 hebdomadarum

1989 3228 2216 3286 Domino
2274 3229 2382 3287 Deo
2430 3240 2554 3295 tuo,
2611 3240 2874 3301 quantum
2932 3233 3130 3301 poterit
3182 3248 3374 3288 manus
3418 3242 3532 3299 tua,

1988 3339 2055 3379 ex
2117 3324 2368 3379 omnibus
2424 3339 2757 3395 quaecunque
2818 3323 3016 3380 dedero
3073 3324 3199 3390 tibi,
3255 3336 3536 3396 propterea

1989 3415 2130 3486 quod
2183 3415 2280 3469 tibi
2328 3414 2659 3471 benedixerit
2724 3414 2985 3470 Dominus
3049 3413 3192 3471 Deus
3256 3422 3412 3480 tuus,
3482 3421 3539 3469 et

1988 3505 2291 3575 epulaberis
2338 3519 2520 3559 coram
2568 3504 2796 3560 Domino
2852 3506 2960 3561 Deo
3010 3515 3121 3574 tuo,
3176 3514 3234 3560 tu
3289 3513 3343 3561 et
3393 3504 3538 3561 ﬁlius

1988 3598 2040 3669 3
2074 3596 2411 3660 tuus,etﬁlia
2438 3604 2549 3660 tua,
2584 3612 2772 3652 servus
2800 3606 2928 3653 tuus
2952 3598 3212 3654 etancilla
3232 3606 3410 3663 tua,et
3432 3596 3533 3651 Le~

1990 3688 2120 3751 vita,
2150 3686 2242 3757 qui
2277 3685 2437 3741 fuerit
2464 3687 2519 3741 in
2548 3686 2772 3741 urbibus
2803 3689 2946 3752 tuis,
2980 3694 3032 3742 et
3074 3688 3300 3753 advena,
3350 3696 3403 3742 et
3435 3702 3538 3756 pu—

1990 3779 2175 3848 pillus,
2198 3786 2251 3834 et
2277 3778 2437 3833 vidua
2460 3793 2579 3848 qua:
2598 3776 2738 3847 apud
2765 3792 2859 3832 vos
2912 3777 3074 3832 fuerit
3122 3779 3177 3832 in
3224 3779 3342 3831 loco
3374 3792 3536 3846 quem

1990 3877 2212 3947 elegerit
2240 3875 2498 3932 Dominus
2528 3873 2670 3928 Deus
2717 3881 2842 3926 tuus
2903 3872 3031 3938 sibi,
3085 3872 3151 3926 ad
3177 3871 3536 3927 invocandum

1992 3985 2185 4025 nomen
2215 3983 2371 4023 suum
2395 3967 2465 4020 ibi
2507 3966 2570 4017 “.
2613 3985 2632 4017 ι
2699 3962 2940 4019 Tertium
2977 3978 3106 4019 vero
3165 3963 3404 4018 solemne
3444 3963 3535 4027 ubi

1992 4064 2218 4133 imperet
2240 4058 2641 4122 celebrandum,
2677 4056 2838 4111 audi:
2869 4074 2885 4106 ι
2926 4053 3534 4110 SolemneTabernacu-

1990 4151 2164 4205 lorum
2200 4147 2499 4203 celebrabis
2536 4147 2632 4200 tibi
2679 4145 2782 4215 ipsi
2825 4151 3027 4215 septem
3076 4144 3287 4211 diebus,
3343 4143 3436 4198 ubi
3470 4143 3537 4198 de

1991 4258 2114 4298 area
2145 4249 2236 4294 tua
2260 4248 2313 4296 et
2336 4239 2401 4295 de
2418 4239 2672 4294 torculari
2703 4247 2796 4293 tuo
2820 4237 3124 4307 collegeris,
3146 4244 3199 4292 et
3230 4235 3536 4307 epulaberis

339 4340 497 4412 δίσκη
532 4360 643 4405 σου,
674 4344 767 4396 καὶ
797 4346 828 4414 ή
864 4345 1026 4415 χήρα,
1056 4346 1112 4396 ἐν
1144 4345 1220 4416 τῷ
1252 4346 1397 4415 τόπῳ
1438 4339 1481 4414 ᾧ
1513 4346 1577 4399 ἂν
1608 4347 1887 4419 ἐκλέξηται

1994 4335 2047 4387 in
2075 4332 2303 4389 solemni
2332 4338 2443 4395 tuo,
2480 4341 2535 4385 tu
2565 4338 2618 4386 et
2652 4330 2790 4386 illius
2820 4339 2964 4393 tuus,
3007 4336 3083 4382 et’
3117 4329 3223 4383 tilia
3279 4338 3394 4391 tua,
3422 4343 3539 4383 ser-

340 4432 542 4506 Κύριος
572 4436 599 4488 ὁ
645 4436 774 4500 Θεός
813 4454 903 4489 σου
945 4436 1138 4508 ἐαυτῷ.
1184 4457 1201 4488 ι
1240 4438 1338 4490 Δια
1382 4438 1647 4493 τοσούτων
1677 4436 1768 4494 οῦν
1800 4440 1887 4494 τὸν

1994 4443 2091 4482 vus
2114 4434 2240 4480 tuus
2262 4438 2313 4481 et
2333 4425 2524 4479 ancilla
2554 4432 2665 4489 tua,
2689 4431 2741 4478 et
2764 4424 2925 4478 vidua
2940 4424 2993 4477 in
3024 4424 3143 4477 loco
3160 4435 3537 4493 quemcunque

338 4522 502 4576 τόπον
545 4525 1051 4595 ἐπισημαινόμενος,
1103 4526 1425 4589 τοσαυτάκις
1476 4544 1534 4579 τε
1591 4528 1758 4581 εἰπὼν
1814 4531 1892 4592 είς

339 4615 502 4668 αὐτὸν
528 4617 770 4686 ἁπαντᾷν
802 4620 1061 4687 παγγενεῖ
1084 4619 1177 4671 καὶ
1199 4620 1434 4681 πανοικὶ,
1458 4617 1574 4681 πῶς
1597 4618 1660 4673 ἂν
1686 4619 1891 4690 ἥρμοζε

337 4708 454 4769 τοῖς
479 4705 578 4775 τῆς
630 4705 880 4770 Ἰουδαίας
910 4709 1003 4761 καλ⁸
1029 4708 1120 4760 ἐπὶ⁹
1151 4708 1343 4778 μικρὸν
1374 4706 1641 4772 διεστῶσι,
1673 4711 1800 4781 μήτι
1830 4726 1893 4777 γε

338 4800 460 4860 τοῖς
491 4795 610 4849 καθ’
655 4797 781 4869 ὅλης
809 4798 910 4868 τῆς
938 4798 1256 4870 οἰκουμένης
1297 4797 1505 4864 ἐθνεσις
1545 4799 1773 4869 μάλιστα
1806 4802 1890 4853 ὅτε

337 4888 461 4940 οὐδὲ
514 4889 835 4960 συγγνώμην
880 4889 1002 4943 τινὰ
1042 4891 1193 4961 νέμει
1229 4893 1340 4954 τοῖς
1394 4891 1779 4963 παραϐαίνουσι
1824 4892 1893 4946 τὰ

337 4978 687 5050 διωρισμένα,
718 4981 855 5053 ἀρὰν
878 4982 933 5035 δέ
962 4982 1101 5036 κατὰ
1125 4983 1339 5037 πάντων
1380 4983 1487 5035 τῶν
1519 4984 1591 5055 μὴ
1624 4984 1692 5038 τά
1720 4984 1893 5037 πάντα

338 5069 649 5140 τηρούντων
686 5072 897 5141 ἐπάγει,
933 5076 1165 5145 ῥήμασιν
1207 5075 1389 5137 αὐτοῖς
1430 5075 1630 5144 λέγων·
1671 5094 1689 5128 ι
1741 5077 1889 5128 Ἐπι-

341 5160 645 5231 κατάρατος
672 5162 729 5226 ὃς
753 5164 849 5216 οὐκ
877 5166 1102 5235 ἐμμενεί
1127 5167 1257 5219 πᾶσι
1284 5169 1394 5230 τοῖς
1418 5166 1816 5237 γεγραμμένοις
1836 5169 1891 5219 ἐν

339 5250 476 5322 τῷδε
503 5252 579 5324 τῷ
604 5254 751 5325 νόμῳ
778 5254 871 5308 τοῦ
907 5257 1125 5326 ποιῆσαι
1155 5256 1310 5310 αὑτά.
1345 5274 1363 5308 ι
1402 5256 1685 5328 Θεώρησον
1713 5256 1769 5308 δέ
1800 5257 1892 5310 καὶ

342 5342 517 5408 ἄλλως
566 5345 635 5400 τὰ
681 5345 914 5399 ἀδύνατα
962 5349 1123 5400 πᾶσιν
1155 5345 1458 5417 ἀνθρώποις
1484 5349 1581 5420 τῆς
1614 5349 1888 5412 Μωῦσὲως

344 5435 679 5507 νομοθεσίας.
712 5439 1157 5510 Διαστειλάμενος
1194 5438 1263 5492 τὰ
1292 5438 1510 5494 ἑκούσια
1538 5441 1647 5494 ικαὶ
1680 5440 1885 5510 χαλεπὰ

452 5638 495 5668 ²’
535 5636 688 5691 Deut.
725 5653 835 5704 xiv,
886 5634 1079 5693 24-26.

346 5709 391 5741 "’
433 5707 566 5763 Ibid.
608 5702 791 5763 13-15.

1991 4516 2210 4588 elegerit
2234 4515 2490 4571 Dominus
2528 4513 2669 4568 Deus
2723 4524 2847 4569 tuus
2885 4514 2986 4569 si‘bi
3012 4514 3076 4568 ".
3112 4533 3132 4565 ›
3190 4513 3323 4566 Cum
3374 4511 3537 4581 igitur

1992 4620 2113 4659 eum
2146 4606 2318 4659 locum
2347 4612 2457 4658 tam
2488 4604 2674 4657 multis
2720 4603 2889 4673 signis
2948 4602 3220 4661 ostendat.
3270 4601 3537 4670 totiesque

1990 4696 2119 4751 illuc
2141 4711 2262 4749 cum
2292 4702 2405 4749 toto
2434 4708 2629 4763 genere
2658 4734 2673 4761 ,
2697 4699 2917 4763 totaque
2937 4694 3097 4748 domo
3140 4693 3326 4748 venire
3374 4707 3536 4760 oporo

1991 4798 2104 4844 tere
2128 4787 2420 4858 praecipiat,
2454 4786 2546 4857 qui
2580 4784 2694 4840 ﬁeri
2724 4791 2920 4855 potest,
2947 4792 3005 4839 ut
3030 4799 3091 4838 ea
3116 4798 3234 4853 qua:
3256 4783 3410 4847 dicit,
3452 4780 3535 4834 vel

1990 4880 2058 4935 iis
2127 4878 2467 4942 conveniant,
2517 4877 2609 4947 qui
2649 4875 2798 4931 brevi
2838 4876 3119 4930 intervallo
3161 4891 3190 4928 a
3219 4872 3405 4929 Iudaea
3452 4870 3535 4924 di-

1993 4981 2157 5041 stant,
2195 4973 2390 5028 nedum
2419 4972 2690 5043 gentibus,
2722 4987 2842 5041 quze
2874 4971 2928 5026 in
2952 4980 3065 5027 toto
3094 4972 3222 5026 orbe
3266 4979 3535 5024 terrarum

1991 5065 2183 5136 degere
2207 5064 2606 5135 intelligantur?
2628 5079 2699 5118 eo
2724 5063 2895 5133 magis
2919 5063 3061 5133 quod
3090 5078 3156 5116 ne
3179 5060 3388 5116 veniam
3416 5057 3536 5128 qui-

1991 5159 2109 5214 dem
2145 5159 2305 5212 ullam
2333 5158 2521 5213 tribuit
2568 5158 2636 5213 iis
2683 5158 2775 5227 qui
2833 5158 3139 5213 transiliant
3202 5169 3537 5225 quaecunque

1996 5251 2308 5321 praescripta
2332 5258 2481 5317 sunt,
2512 5264 2575 5304 ac
2606 5250 2787 5319 potius
2808 5246 3233 5304 exsecrationem
3264 5244 3533 5307 omnibus.

1994 5346 2300 5417 quicunque
2328 5359 2435 5399 non
2466 5344 2686 5399 omnino
2733 5342 2914 5397 omnia
2946 5338 3299 5403 servaverint,
3336 5336 3541 5392 denun-

1992 5440 2104 5495 tict.
2133 5438 2198 5492 ad
2228 5437 2449 5493 verbum
2475 5440 2553 5494 sic
2575 5437 2759 5492 dicens
2798 5452 2812 5487 :
2843 5452 2862 5486 ι
2900 5429 3261 5487 Exsecrabilis
3312 5431 3543 5503 quicun-

1210 5642 1256 5673 υ
1295 5640 1425 5696 lb'd.
1469 5658 1569 5706 xv,
1612 5643 1714 5710 49,
1771 5642 1857 5699 ao.

2018 5640 2149 5698 Ibid.
2192 5654 2315 5704 ενι,
2358 5641 2411 5704 1,
2447 5641 2501 5700 2.
2609 5637 2656 5669 "
2691 5635 2822 5691 Ibid.
2861 5632 2986 5691 5-7.
3092 5637 3140 5670 ’θ
3176 5635 3313 5693 Ibid.
3392 5632 3551 5690 9-H.
