4068 6206
592 267 665 324 55
1220 257 1488 319 EUSEBII
1524 255 2000 314 CESAHIENSIS
2031 253 2182 311 OPP.
2219 250 2399 307 PARS
2435 251 2503 307 ll.
2528 281 2612 308 .—-
2649 251 3148 309 APOLOGETICA.
3730 259 3797 313 S6

593 399 700 455 que
726 397 836 438 non
863 379 1071 439 steterit
1100 378 1353 434 omnibus
1382 393 1504 449 quae
1531 378 1587 432 in
1627 377 1731 432 hac
1779 377 1895 447 lege
1943 375 2130 445 scripta

2243 370 2350 426 τῶν
2392 370 2817 441 ἁμαρτημάτων,
2862 371 2958 424 κα)⁸
2994 374 3260 444 τιμωρίας
3299 371 3535 443 περιθεὶς
3584 373 3796 444 ἑκάστῳ

593 483 742 538 sunt,
798 484 859 532 ut
916 473 1078 528 faciat
1132 485 1216 527 ea.
1258 487 1279 522 ι
1331 468 1708 539 Contemplare
1751 467 1943 523 deinde
1983 481 2146 537 quam

504 605 508 614 .
595 582 787 621 omnes
814 565 956 618 vires
981 562 1249 616 humanas
1277 568 1555 630 superent,
1592 561 1814 629 fierique
1871 557 2018 611 nulla
2067 571 2150 611 ra-

595 660 743 714 tione
765 655 994 726 possint,
1026 669 1148 724 qua:
1169 653 1225 707 in
1255 653 1372 723 lege
1394 651 1557 708 Mosis
1589 653 1763 722 posita
1786 657 1934 706 sunt.
1964 649 2147 719 Siqui-

593 748 712 802 dem
739 748 826 802 ubi
858 746 1106 802 distinxit
1130 761 1249 815 qua:
1275 744 1582 799 voluntaria
1629 752 1872 815 peccata,
1921 755 2146 813 quaeque

591 839 822 894 difIicilia
853 845 982 893 sunt
1025 847 1080 893 et
1111 852 1300 908 pmnas
1333 836 1624 906 unicuique
1657 849 1845 889 eorum
1876 833 2142 903 adjunxit,

590 942 709 997 qua:
732 928 966 981 maximo
995 927 1261 996 supplicio
1291 925 1453 996 digna
1485 931 1633 989 sunt,
1674 931 1789 979 tum
1817 938 1946 978 vero
1998 923 2144 993 leges

587 1015 763 1084 ponit,
793 1016 996 1085 quibus
1024 1016 1127 1068 alia
1175 1015 1409 1085 quadam
1463 1014 1674 1068 ratione
1720 1027 1816 1068 eos
1871 1012 1998 1066 item
2050 1011 2142 1079 qui

589 1107 744 1162 inviti
776 1106 1138 1176 peccaverint,
1157 1112 1465 1171 convertat;
1516 1117 1744 1174 quarum
1797 1117 1902 1156 una
1927 1100 2143 1172 quidem

589 1200 670 1256 sic
693 1215 752 1255 se
777 1199 976 1254 habet:
1013 1218 1032 1250 ι
1074 1198 1131 1253 Si
1162 1201 1340 1254 anima
1365 1214 1470 1252 una
1497 1199 1802 1267 peccaverit
1843 1199 2036 1253 nolens
2073 1213 2140 1252 ex

589 1293 792 1365 populo
815 1300 994 1357 terrae,
1034 1292 1162 1346 dum
1191 1291 1321 1346 facit
1361 1307 1529 1346 unum
1553 1307 1619 1347 ex
1647 1293 1898 1347 omnibus
1937 1307 2140 1362 przece-

589 1383 698 1452 ptis
731 1382 964 1446 Domini,
997 1381 1082 1436 vel
1111 1382 1239 1436 dum
1274 1398 1380 1437 non
1410 1382 1558 1446 facit,
1592 1390 1646 1437 et
1692 1390 1899 1452 peccat,
1951 1383 2140 1454 cogni-

587 1481 811 1544 tumque
839 1474 941 1543 ipsi
976 1472 1138 1528 fuerit
1167 1482 1466 1544 peccatum,
1488 1474 1630 1544 quod
1671 1476 1933 1544 peccavit,
1977 1483 2031 1530 et
2058 1475 2141 1531 of-

587 1562 724 1618 feret
743 1578 939 1618 munus
958 1578 1116 1618 suum
1143 1579 1358 1634 capram
1388 1565 1695 1619 anniculam
1717 1566 2136 1630 immaculatam,

585 1652 639 1706 id
671 1651 858 1708 offeret
888 1668 986 1722 pro
1016 1663 1238 1722 peccato
1269 1668 1368 1708 suo
1404 1653 1550 1723 quod
1603 1655 1865 1724 peccavit,
1918 1655 1973 1709 in
2020 1655 2138 1712 loco

2247 460 2354 516 τῶν
2389 461 2650 532 μεγίστης
2693 461 2962 526 κολάσεως
3004 463 3190 528 ἀξίων,
3215 464 3406 533 νόμους
3431 465 3631 536 τίθησι,
3674 465 3795 518 καθ’

2246 552 2338 617 οὓς
2375 553 2543 624 ἐτέρῳ
2571 553 2754 624 τρόπῳ
2782 555 2874 606 καὶ
2903 554 3026 618 τοὺς
3059 554 3323 618 ἀκουσίως
3354 553 3796 626 πλημμελοῦντας

2245 643 2590 712 ἐπιστρέφει·
2627 635 2701 695 ὧν
2733 644 2761 696 6
2795 643 2891 712 μὲν
2920 641 3089 706 οὕτως
3119 643 3268 714 ἔχει’
3311 661 3330 694 ι
3375 644 3495 696 Ἐάν
3524 645 3666 716 ψυχή
3700 646 3796 717 μία

2247 733 2464 805 ἁμάρτῃ
2493 733 2756 796 ἀκουσίως
2783 734 2847 786 ὲκ
2875 733 2966 786 τοῦ
3000 734 3126 787 λαοῦ
3156 735 3253 805 τῆς
3277 733 3398 804 γῆς,
3442 736 3500 788 ὲν
3527 736 3603 806 τῷ
3636 737 3795 806 ποιῆ-

2247 839 2333 876 σαι
2393 825 2520 894 μίαν
2568 823 2674 876 ἀπὸ
2725 823 2910 878 πασῶν
2958 824 3064 877 τῶν
3113 824 3336 879 ἐντολῶν
3371 826 3594 896 Κυρίου,
3645 828 3676 899 ἦ
3733 831 3794 884 ού

2244 913 2612 985 ποιηθήσεται,
2649 915 2742 968 καὶ
2777 913 3158 986 πλημμελήσῃ,
3195 916 3286 969 καὶ
3328 917 3541 990 γνωσθῇ
3587 919 3734 992 αὑτῷ
3759 925 3792 993 ή

2243 1004 2484 1075 ἁμαρτία
2515 1005 2580 1074 ἣν
2603 1005 2864 1075 ἥμαρτεν,
2885 1005 2977 1057 καὶ
2997 1006 3130 1057 οῖσει
3157 1005 3322 1077 δῶρον
3344 1007 3506 1059 αὑτοῦ
3531 1007 3788 1081 χίμαιραν

2242 1096 2303 1162 ἐξ
2349 1098 2516 1166 αἰγῶν
2548 1098 2794 1170 ἄμωμον,
2825 1098 3044 1170 θήλειαν
3071 1098 3200 1153 οἴσει
3230 1101 3353 1170 περὶ
3381 1101 3478 1171 τῆς
3518 1103 3791 1174 ἁμαρτίας

2241 1191 2403 1244 αὑτοῦ
2439 1187 2505 1262 ἦς
2536 1191 2798 1264 ἥμαρτεν,
2829 1194 2886 1246 ἐν
2917 1194 2992 1264 τῷ
3019 1194 3166 1264 τόπῳ
3202 1187 3260 1247 οὗ
3289 1195 3548 1263 σφάζουσι
3578 1197 3646 1249 τὰ
3677 1197 3792 1252 ὁλο-

2242 1281 2592 1354 καυτώματα,
2617 1285 2708 1338 καὶ
2736 1284 2958 1356 λήψεται
2991 1287 3019 1337 6
3055 1286 3228 1356 ἱερεὺς
3250 1285 3356 1338 ἀπὸ
3377 1285 3468 1339 τοῦ
3492 1288 3739 1359 αἳματος.
3765 1311 3783 1341 ι

2241 1370 2343 1426 Kal
2365 1374 2466 1446 ὅρα
2499 1393 2562 1444 γε
2593 1376 2667 1439 ὡς
2693 1377 2784 1429 καὶ
2812 1375 3044 1430 ἐνταῦθα
3079 1377 3168 1430 τὸν
3203 1377 3501 1431 πταίσαντά
3543 1396 3594 1433 τι
3639 1380 3789 1452 παρά

2240 1463 2461 1536 γνώμην
2493 1467 2549 1518 ἐν
2574 1467 2651 1537 τῷ
2687 1468 2836 1539 τόπῳ
2879 1468 2988 1522 δεῖν
3014 1469 3278 1539 ἀπαντᾷν,
3310 1463 3370 1521 οὗ
3424 1469 3684 1538 σφάζουσι
3719 1472 3788 1526 τά

2239 1554 2673 1627 ὁλοκαυτώματα.
2712 1551 2878 1622 Οὗτος
2923 1559 2980 1612 δὲ
3017 1553 3105 1630 ἦν,
3141 1553 3200 1613 οὗ
3239 1559 3324 1612 διά
3374 1561 3638 1616 πλείστων
3684 1563 3783 1634 ἤδη

2240 1644 2497 1716 πρότερον
2529 1645 2788 1718 ἐμνήσθη,
2829 1648 3017 1715 λέγων·
3058 1665 3078 1698 ε
3121 1650 3215 1702 Ὃν
3262 1649 3327 1703 ἂν
3367 1650 3646 1722 ἐκλέξηται
3675 1652 3788 1706 Κύ-

585 1743 680 1797 ubi
709 1751 947 1797 mactant
978 1743 1267 1808 sacrificia,
1307 1751 1362 1798 et
1390 1744 1620 1815 accipiet
1645 1746 1900 1801 sacerdos
1930 1745 1996 1802 de
2013 1762 2130 1801 san-

2241 1755 2351 1809 ριος
2378 1740 2406 1792 6
2435 1738 2563 1803 Θεός
2609 1757 2720 1794 σου.
2768 1761 2787 1793 ι
2835 1741 3004 1794 Τοῦτο
3049 1742 3095 1795 δ’
3135 1741 3216 1795 ὅτι
3262 1743 3336 1814 μὴ
3382 1743 3603 1798 δυνατὸν
3646 1746 3784 1817 πρὸς

585 1833 746 1903 guine
777 1835 841 1887 ’⁸.
868 1854 883 1886 ι
901 1835 967 1889 Et
984 1848 1114 1890 sane
1129 1834 1411 1890 considera
1432 1835 1878 1905 quemadmodum
1900 1835 1986 1890 hic
2005 1849 2140 1906 quu-

585 1941 692 1995 que
723 1940 844 1980 eum
868 1925 961 1996 qui
994 1925 1305 1995 imprudens
1322 1926 1646 1995 peccaverit,
1682 1927 1748 1981 ad
1784 1927 1958 1982 locum
1990 1927 2140 1982 veni-

584 2033 646 2072 re
673 2026 937 2088 Oporteat,
979 2018 1070 2072 ubi
1105 2025 1339 2073 mactant
1398 2019 1684 2074 sacrificia.
1726 2017 1776 2073 ls
1804 2027 1981 2075 autem
2031 2028 2135 2086 est,

583 2107 651 2163 de
678 2124 785 2178 quo
812 2109 997 2163 multis
1033 2108 1211 2164 verbis
1236 2109 1559 2178 jampridem
1619 2109 1864 2164 meminit
1907 2110 2134 2167 dicens:

588 2219 608 2252 ι
640 2201 1024 2272 Quemcunque
1071 2201 1292 2271 elegerit
1342 2199 1604 2256 Dominus
1655 2201 1797 2258 Deus
1843 2209 1971 2259 tuus
2015 2204 2078 2257 ”.
2114 2222 2132 2254 ι

581 2288 737 2362 Quod
779 2294 993 2364 quidem
1045 2309 1169 2348 cum
1221 2295 1288 2348 ab
1329 2297 1606 2362 omnibus,
1649 2297 1956 2366 quicunque
2012 2305 2138 2352 sunt

579 2385 636 2440 in
670 2393 814 2440 terra
863 2385 1174 2440 hominibus
1207 2386 1366 2454 plane
1413 2386 1550 2442 effici
1603 2403 1713 2441 non
1767 2403 1958 2457 posse,
2022 2389 2136 2459 ipse

579 2494 796 2548 quoque
858 2487 1047 2531 auctor
1098 2478 1232 2547 legis
1284 2479 1519 2544 videret;
1573 2488 1689 2534 tum
1740 2480 2021 2549 perspicue
2063 2481 2137 2535 si-

580 2567 852 2638 gnificavit
910 2568 1078 2637 legem
1141 2567 1402 2625 inducens
1456 2586 1562 2624 non
1624 2571 1830 2625 inlinite
1877 2571 2135 2626 adversus

581 2673 793 2722 omnes,
828 2657 921 2712 sed
949 2657 1211 2727 adjiciens
1235 2679 1248 2715 :
1271 2659 1328 2714 Si
1360 2661 1539 2715 anima
1566 2663 1870 2731 peccaverit
1923 2662 2131 2726 nolens,

579 2762 645 2802 ex
681 2749 878 2818 populo
923 2757 1080 2804 terra:
1106 2749 1172 2803 ³⁸³.
1211 2769 1229 2802 ι
1279 2751 1516 2805 Alteram
1570 2768 1694 2807 vero
1747 2752 1915 2822 legem
1958 2752 2129 2822 ponit,

577 2855 700 2910 qua:
733 2841 812 2895 sic
843 2840 1002 2896 habet
1029 2858 1041 2892 :
1075 2861 1093 2894 ι
1137 2842 1366 2914 ἀρυοά
1399 2845 1442 2897 si
1473 2845 1654 2899 anima
1692 2846 1923 2900 audierit
1945 2862 2132 2902 vocem

573 2930 955 3000 jurisjurandi,
1009 2939 1172 3003 atque
1208 2934 1295 2988 hic
1323 2936 1479 2990 testis
1519 2942 1612 2990 aut
1634 2937 1825 2990 viderit
1864 2945 1957 2992 aut
1997 2953 2131 2993 con-

578 3025 727 3078 scius
757 3023 952 3089 fuerit;
1000 3025 1046 3078 si
1099 3041 1206 3080 non
1243 3027 1580 3092 indicaverit,
1635 3037 1911 3098 peccatum
1952 3030 2129 3084 susci-

2237 1829 2485 1882 ἁπάντων
2516 1829 2620 1882 τῶν
2669 1831 2758 1883 ἐπὶ
2802 1831 2904 1900 γῆς
2952 1831 3250 1903 ἀνθρώπων
3289 1833 3642 1898 ἐκτελεῖσθαι,
3693 1836 3787 1887 καὶ

2236 1920 2396 1985 αὐτὸς
2424 1923 2451 1973 6
2483 1921 2776 1994 νομοθέτης
2823 1921 3066 1988 συνιδὼν,
3110 1923 3348 1995 ἀκριϐῶς
3392 1928 3786 1998 ἐπισημήνατο,

2235 2012 2335 2064 οὐκ
2365 2012 2628 2083 ἀορίστως
2672 2011 2812 2066 κατά
2845 2013 3058 2066 πάντων
3101 2013 3426 2085 προαγαγὼν
3466 2015 3557 2068 τὸν
3601 2019 3787 2087 νόμον,

2235 2102 2350 2158 ἀλλ’
2388 2103 2647 2157 ἐπειπώνο
2689 2124 2707 2156 ι
2733 2105 2855 2158 Ἐὰν
2883 2104 3026 2176 ψυχὴ
3053 2104 3271 2176 ἁμάρτῃ
3295 2106 3560 2170 ἀκουσίως
3588 2107 3652 2159 ἐκ
3695 2107 3787 2162 τοῦ

2234 2194 2362 2250 λαοῦ
2395 2197 2494 2268 τῆς
2524 2198 2648 2268 γῆς.
2687 2217 2706 2249 ι
2743 2199 2854 2252 Kal
2883 2198 3128 2269 δεύτερον
3164 2199 3221 2252 δὲ
3253 2199 3413 2270 νόμον
3440 2200 3669 2272 τίθησιν,
3700 2201 3790 2255 οὔ-

2233 2307 2339 2354 τως
2365 2289 2556 2362 ἔχοντα
2575 2307 2587 2319 °
2625 2310 2644 2342 ι
2684 2292 2808 2345 Ἑάν
2827 2292 2882 2345 δὲ
2901 2292 3044 2363 ψυχὴ
3063 2292 3270 2365 ἀκούσῃ
3294 2292 3474 2363 φωνὴν
3501 2294 3783 2364 ὁρκισμοῦ,

2235 2382 2326 2435 καὶ
2373 2376 2523 2446 οὗτος
2575 2383 2843 2455 μάρτυςῆ
2883 2383 3144 2456 ἑώρακεν,
3193 2385 3226 2456 ἦ
3275 2385 3528 2450 σύνοιδεν,
3580 2386 3673 2438 ἐὰν
3709 2387 3784 2458 μὴ

2233 2474 2556 2548 ἀπαγγείλῃ,
2585 2475 2812 2546 λήψεται
2835 2476 2933 2546 τὴν
2960 2475 3252 2547 ἁμαρτίαν.
3284 2493 3304 2528 ι
3329 2478 3392 2530 Τί
3416 2472 3507 2531 οὖν
3539 2478 3640 2549 χρὴ
3663 2477 3786 2530 τοῦ·

2232 2583 2323 2620 τον
2372 2569 2562 2631 ποιεῖν,
2591 2567 2703 2621 ἀλλ’
2735 2569 2767 2640 ἦ
2797 2567 3026 2622 λαϐόντα
3069 2569 3204 2639 μετά
3243 2571 3429 2640 χεῖρας
3462 2569 3520 2620 τὸ
3569 2570 3782 2639 ἱερεῖον,

2235 2658 2481 2712 σπεύδειν
2513 2661 2602 2712 ἐπὶ
2628 2659 2696 2712 τά
2728 2660 3028 2733 καθάρσια;
3063 2660 3171 2715 Ποῦ
3200 2662 3378 2726 πάλιν,
3416 2660 3528 2713 ἀλλ’
3559 2659 3591 2730 ἦ
3625 2664 3680 2713 ἐν
3707 2659 3784 2730 τῷ

2231 2751 2396 2822 τόπῳ,
2429 2745 2490 2805 οὗ
2540 2750 2799 2821 σφάζουσι
2837 2752 2905 2806 τά
2945 2753 3401 2824 ὁλοκαυτώματα;
3454 2753 3564 2806 Kal
3604 2752 3782 2822 τρίτον

2236 2841 2423 2895 πάλινο
2463 2860 2482 2892 ι
2535 2843 2733 2913 Ψυχὴ,
2796 2844 2996 2914 φησὶν,
3055 2845 3176 2915 ἥτις
3221 2845 3286 2898 ἂν
3330 2843 3530 2915 ἅψηται
3582 2843 3780 2907 παντὸς

2231 2931 2547 3002 πράγματος
2570 2932 2894 3004 ἀκαθάρτου,
2938 2932 2969 3004 ἢ
3009 2934 3113 2986 τῶν
3144 2935 3474 3004 θνησιμαίων
3512 2935 3618 2988 τῶν
3648 2952 3778 3006 κτη-

2230 3023 2334 3076 νῶν
2359 3023 2462 3076 τῶν
2492 3024 2830 3096 ἀκαθάρτων.
2868 3026 2961 3078 καὶ
2990 3025 3126 3098 λάϐῃ
3154 3027 3247 3079 ἀπ’
3278 3026 3461 3092 αὑτοῦ,
3498 3028 3591 3080 καὶ
3623 3028 3780 3091 αὐτὸς

577 3115 776 3185 piet".
820 3133 839 3167 ι
870 3115 1138 3182 Quidnam
1169 3117 1330 3187 igitur
1357 3119 1501 3172 aliud
1551 3119 1695 3174 hunc
1750 3119 1926 3176 facere
1976 3135 2130 3191 opor-

2234 3116 2548 3186 μεμίανται,
2583 3117 2675 3167 καὶ
2716 3115 3075 3187 πλημμελήσῃ
3113 3116 3145 3187 ἣ
3191 3117 3390 3187 ἅψηται
3441 3116 3779 3187 ἀκαθαρσίας

575 3213 708 3268 teat,
737 3222 898 3278 quam
931 3216 1142 3277 sumpta
1178 3209 1232 3262 in
1265 3225 1458 3264 manus
1488 3210 1685 3275 hostia,
1725 3225 1952 3281 propere
1977 3212 2129 3269 abire

576 3298 646 3352 ad
676 3300 1036 3369 expiandum?
1073 3300 1160 3353 ubi
1193 3316 1354 3371 porro
1407 3302 1665 3372 expiabit,
1702 3304 1804 3358 nisi
1826 3305 1879 3357 in
1906 3303 2023 3360 loco
2073 3306 2128 3360 in

577 3406 685 3461 quo
720 3400 960 3446 mactant
988 3394 1292 3448 sacrificia?
1321 3395 1532 3448 tertiam
1558 3410 1770 3466 quoque
1809 3395 1934 3451 dum
1992 3398 2128 3453 scri-

573 3483 675 3546 bit,
711 3501 730 3536 ι
763 3483 976 3548 Anima,
1011 3485 1206 3556 inquit,
1239 3503 1358 3556 qua:
1387 3489 1623 3557 tetigerit
1651 3489 1863 3557 quidvis
1896 3490 2129 3546 immun-

572 3571 723 3633 dum,
754 3573 869 3626 sive
898 3589 1017 3642 qua:
1045 3576 1226 3630 occisa
1255 3576 1453 3631 fuerint
1476 3577 1542 3632 de
1578 3581 1867 3648 pecoribus
1893 3581 2128 3636 immun-

574 3664 680 3728 dis,
723 3674 778 3720 et
818 3669 1109 3738 sumpserit
1140 3684 1206 3723 ex
1235 3685 1320 3732 eo,
1353 3671 1468 3740 ipse
1495 3672 1734 3741 pollutus
1769 3681 1876 3737 est,
1907 3681 1960 3727 et
2002 3689 2128 3743 pec-

571 3757 741 3820 cabit,
769 3761 814 3812 si
856 3760 1093 3827 attigerit
1139 3760 1536 3815 immunditiam
1596 3761 1832 3817 hominis
1873 3779 1937 3817 ex
1977 3764 2125 3818 omni

572 3848 912 3903 immunditia
948 3850 1084 3918 ejus,
1143 3866 1303 3920 quam
1331 3851 1454 3922 quis
1486 3853 1753 3922 attingens
1777 3853 1939 3922 pollui
1967 3855 2123 3920 solet,

571 3949 625 3994 et
647 3941 843 3995 oblitus
872 3939 1052 4004 fuerit,
1093 3950 1144 3996 et
1179 3951 1362 4010 postea
1387 3943 1697 4012 cognoverit
1753 3952 1805 3996 et
1868 3958 2121 4012 peccave-

570 4033 644 4086 rit
678 4033 742 4088 ".
775 4052 794 4084 ι
835 4032 974 4104 Ergo
1007 4033 1134 4102 quid
1166 4033 1381 4088 tandem
1418 4035 1563 4088 hunc
1586 4036 1747 4091 etiam
1780 4036 1872 4105 qui
1905 4037 1974 4091 sit
2001 4037 2122 4106 pol-

572 4123 720 4177 lntus
752 4122 928 4178 facere
957 4125 1262 4187 conveniet,
1293 4125 1398 4180 nisi
1433 4141 1626 4180 rursus
1671 4127 1738 4180 ad
1803 4127 1980 4182 locum
2033 4144 2123 4184 ve-

570 4213 690 4267 nire
714 4219 766 4267 et
795 4213 987 4268 offerre
1015 4231 1112 4285 pro
1143 4223 1364 4284 peccato
1392 4232 1490 4271 suo
1536 4218 1678 4286 quod
1719 4220 1980 4286 peccavit,
2029 4227 2122 4274 aut

570 4319 746 4368 ovem,
779 4313 871 4356 aut
899 4321 1112 4375 agnam,
1141 4316 1234 4360 aut
1261 4323 1478 4377 capram
1514 4310 1818 4363 anniculam
1845 4311 1985 4364 rite?
2019 4311 2123 4364 Ea-

571 4394 692 4448 dem
733 4410 862 4450 vero
894 4397 976 4450 lex
1007 4404 1090 4450 est
1117 4398 1278 4451 etiam
1326 4397 1392 4452 de
1437 4399 1613 4452 anima
1669 4415 1786 4468 qua:
1836 4400 2117 4468 juraverit,

571 4485 698 4541 dum
726 4487 858 4556 ipsis
906 4487 1061 4542 labiis
1091 4489 1377 4558 distinguit
1415 4489 1498 4543 vel
1546 4491 1684 4545 male
1718 4506 1777 4546 se
1829 4490 2116 4560 facturam,

570 4577 654 4631 vel
685 4577 840 4643 bene,
873 4578 1168 4634 secundum
1217 4580 1396 4633 omnia
1449 4596 1782 4652 quaecunque
1837 4585 2120 4640 enuntiare

572 4669 706 4724 solet
738 4669 898 4724 homo
917 4685 1039 4722 cum
1069 4670 1441 4739 jurejurando,
1495 4678 1549 4726 et
1593 4672 1792 4726 oblitus
1846 4673 2025 4738 fuerit,
2064 4682 2119 4728 et

571 4757 712 4814 idem
743 4768 864 4828 post
892 4761 1222 4829 cognoverit,
1271 4768 1324 4815 et
1357 4763 1658 4831 peccaverit
1706 4778 1873 4816 unum
1914 4764 2118 4834 aliquid

569 4863 636 4904 ex
684 4849 772 4913 iis,
815 4856 868 4903 et
917 4850 1214 4919 prodiderit
1276 4859 1552 4920 peccatum
1612 4851 1755 4922 quod
1810 4854 2052 4922 peccavit
2099 4871 2113 4907 :

576 4959 595 4990 ι
634 4941 796 4996 etiam
830 4941 939 5006 hic,
965 4941 1160 5011 inquit,
1189 4942 1374 4997 eadem
1399 4951 1612 5014 sumpta
1661 4944 1856 5008 hostia,
1904 4943 2120 5000 festinet

569 5031 634 5085 ad
666 5031 865 5097 locum,
892 5039 945 5086 et
970 5033 1146 5085 orabit
1173 5046 1268 5101 pro
1297 5032 1414 5102 ipso
1457 5033 1732 5098 sacerdos,
1784 5043 1838 5088 et
1895 5041 2118 5102 peccato

570 5114 762 5184 ipsius,
798 5126 852 5172 et
873 5118 1177 5172 dimittetur
1211 5118 1261 5172 ei
1290 5130 1569 5189 peccatum
1597 5121 1662 5176 ⁸³.
1694 5139 1714 5172 ι
1751 5120 1868 5175 Alia
1896 5129 2116 5192 praeter-

567 5221 632 5261 ea
663 5217 746 5263 est
773 5209 856 5264 lex
880 5225 1122 5265 seorsum
1159 5211 1226 5264 ab
1258 5213 1357 5274 eis,
1388 5228 1508 5282 qua:
1534 5214 1789 5281 exposita:
1816 5225 1964 5277 sunt,
1999 5230 2117 5284 quae

570 5298 625 5352 in
650 5300 789 5354 hunc
815 5301 924 5356 lbre
953 5301 1172 5356 modum
1202 5303 1502 5370 praescribit
1538 5322 1550 5356 :
1580 5320 1598 5352 ι
1624 5305 1815 5358 Anima
1845 5321 1964 5374 qua:
1981 5304 2118 5360 obli-

567 5390 727 5445 vione
750 5392 913 5446 oblita
954 5392 1134 5456 fuerit,
1162 5400 1217 5447 et
1239 5392 1552 5463 imprudens
1586 5396 1887 5466 peccaverit
1946 5397 2000 5450 in
2051 5398 2117 5452 iis

568 5496 688 5552 qua:
709 5491 894 5536 sancta
944 5493 1069 5539 sunt
1119 5485 1349 5547 Domini,
1379 5486 1585 5555 .oll‘eret
1633 5486 1858 5543 Domino
1895 5491 2116 5543 arietem

635 5665 682 5696 ’⁸
720 5662 885 5718 Levit.
928 5683 996 5733 tv,
1036 5668 1222 5724 27-30.

2227 3205 2531 3278 ἀνθρώπου,
2565 3207 2671 3259 ἀπὸ
2700 3207 2878 3278 πάσης
2902 3207 3232 3278 ἀκαθαρσίας
3265 3207 3430 3261 αὑτοῦ
3455 3205 3523 3280 ἦς
3547 3208 3611 3262 ἂν
3642 3209 3780 3278 ἁψά-

2231 3315 2386 3369 μενος
2417 3297 2632 3369 μιανθῇ,
2672 3298 2763 3351 καὶ
2797 3299 2980 3353 ἔλαθεν
3007 3300 3185 3363 αὑτὸν,
3225 3301 3360 3371 μετά
3392 3301 3546 3354 τοῦτο
3568 3301 3612 3354 δ’
3643 3303 3780 3371 ἐγνω

2227 3393 2321 3445 καὶ
2361 3391 2747 3462 πλημμελήσῃ.
2791 3411 2809 3444 ι
2867 3392 2931 3446 Τί
2974 3393 3037 3464 δὴ
3079 3389 3172 3450 οὖν
3211 3395 3303 3448 καὶ
3346 3393 3436 3449 τὸν
3490 3396 3777 3465 μιανθέντα

2227 3485 2497 3556 προσῆκον
2529 3483 2596 3556 ἦν
2635 3489 2825 3548 ποιεῖν,
2871 3486 2982 3540 ἀλλ’
3032 3487 3063 3558 ἦ
3099 3489 3368 3559 ἀπαντᾷν..
3395 3489 3553 3543 πάλιν
3593 3493 3650 3542 ἐν
3700 3490 3777 3560 τῷ

2225 3570 2392 3640 τόπῳ,
2423 3572 2514 3624 καὶ
2553 3571 2880 3642 προσφέρειν
2908 3573 3034 3643 περὶ
3073 3573 3170 3642 τῆς
3219 3575 3487 3646 ἁμαρτίας
3519 3572 3678 3630 αὑτοῦ
3710 3571 3776 3647 ἦς

2224 3659 2454 3730 ἥμαρτε,
2481 3661 2611 3733 θῆλυ
2636 3663 2742 3717 ἀπὸ
2767 3662 2870 3715 τῶν
2891 3663 3191 3735 προϐάτων,
3221 3665 3252 3735 ἢ
3281 3667 3512 3736 ἀμνάδα,
3542 3669 3574 3739 ἣ
3601 3668 3776 3738 χίμαι-

2227 3769 2324 3823 ραν
2365 3753 2421 3820 ἐξ
2447 3754 2632 3822 αίγῶν,
2662 3756 2788 3826 περ).
2819 3756 3124 3828 ἀμαρτίας;
3167 3756 3222 3808 '0
3253 3756 3296 3808 δ’
3325 3756 3484 3821 αὐτὸς
3520 3755 3586 3830 ἦν
3615 3760 3774 3829 νόμος

2224 3845 2317 3898 καὶ
2340 3846 2429 3898 ἐπὶ
2457 3845 2632 3917 ψυχῆς
2656 3847 2690 3918 ἢ
2719 3847 2782 3900 ἂν
2813 3849 2985 3921 ὀμόσῃ
3012 3849 3386 3902 διαστέλλουσα
3413 3853 3523 3914 τοῖς
3551 3852 3773 3922 χείλεσι,

2225 3939 2602 4008 κακοποιῆσαι,
2642 3939 2675 4009 ἢ
2713 3939 2891 4003 καλῶς
2921 3939 3140 4010 ποιῆσαι
3183 3940 3322 3994 κατὰ
3355 3943 3528 3996 πάντα
3571 3944 3669 3995 ὃσα
3708 3942 3776 3997 ἂν

2222 4027 2489 4100 διαστείλῃ
2518 4028 2799 4100 ἄνθρωπος
2835 4030 2952 4101 μεθ’
2983 4032 3274 4102 ὄρκου,καὶ
3305 4032 3441 4104 λάθῃ
3476 4035 3656 4100 αὑτὸν,
3684 4037 3775 4089 καὶ

2222 4112 2372 4182 οὗτος
2402 4120 2513 4190 γνῷ
2535 4122 2627 4174 καὶ
2647 4123 2866 4195 ἁμάρτῃ
2888 4121 2943 4175 ἐν
2962 4140 3065 4175 τινι
3088 4124 3312 4188 τούτων,
3337 4127 3429 4180 καὶ
3445 4126 3778 4203 ἐξαγορεύσῃ

2221 4211 2318 4282 τὴν
2370 4211 2642 4284 ἁμαρτίαν
2691 4214 2816 4284 περὶ
2847 4210 2913 4285 ἦς
2949 4213 3182 4284 ἥμαρτε,
3233 4235 3252 4268 ι
3289 4219 3381 4271 καὶ
3429 4213 3577 4281 οὗτος
3623 4218 3777 4291 δῆτα,

2222 4304 2403 4372 φησὶν,
2464 4304 2523 4356 τὸ
2567 4303 2697 4356 αὐτὸ
2747 4303 2921 4357 λαϐὼν
2973 4308 3165 4378 ἱερεῖον
3192 4347 3207 4369 ,
3284 4309 3554 4362 σπευδέτω
3600 4311 3658 4362 ἐν
3705 4309 3781 4381 τῷ

2221 4395 2388 4466 τόπῳ,
2423 4396 2514 4448 καὶ
2546 4395 2845 4460 ἐξιλάοοεται
2879 4399 3008 4470 περὶ
3036 4400 3200 4454 αὐτοῦ
3241 4403 3270 4454 6
3318 4403 3492 4475 ἱερεὺς
3525 4404 3652 4475 περὶ
3684 4404 3781 4474 τῆς

2225 4485 2494 4556 ἁμαρτίας
2525 4487 2708 4552 αὑτοῦ,
2744 4489 2836 4541 καὶ
2869 4489 3198 4560 ἀφεθήσεται
3220 4493 3364 4564 αύτῷ
3391 4495 3425 4564 ἡ
3457 4495 3720 4566 ἁμαρτία.
3757 4515 3777 4547 ι

2225 4579 2331 4632 Kal
2356 4578 2511 4642 ἄλλος
2536 4581 2684 4651 παρά
2707 4582 2830 4645 τοὺς
2855 4584 3172 4654 εἰρημένους
3198 4584 3358 4654 νόμος
3387 4579 3489 4637 ὧδέ
3515 4604 3587 4656 πη
3618 4587 3779 4658 διορί-

2223 4669 2322 4734 ζει·
2379 4688 2398 4720 ι
2452 4672 2612 4742 Ψυχὴ
2653 4673 2686 4742 ἢ
2723 4673 2789 4727 ἂν
2829 4673 2966 4747 λάθῃ
3015 4675 3170 4728 αὐτὸν
3218 4675 3378 4748 λήθῃ,
3423 4677 3516 4730 καὶ
3560 4680 3777 4752 ἁμάρτῃ

2223 4760 2488 4826 ἀκουσίως
2519 4762 2626 4816 ἀπὸ
2657 4763 2762 4818 τῶν
2792 4767 2960 4835 ἁγίων
2992 4766 3214 4839 Κυρίου,
3249 4768 3342 4822 καὶ
3373 4769 3591 4822 εἰσοίσει
3629 4771 3776 4842 κριὸν

2221 4851 2322 4922 τῆς
2354 4851 2728 4924 πλημμελείας
2766 4857 2926 4911 αὑτοῦ
2973 4857 3048 4928 τῷ
3093 4857 3309 4930 Κυρίῳ·
3352 4861 3505 4929 οἴσει,
3532 4861 3587 4914 δὲ
3618 4861 3773 4915 πάλιν

2221 4943 2370 5015 παρὰ
2399 4943 2489 4996 τὸν
2536 4945 2816 5018 ἀρχιερέα,
2849 4951 2904 5002 ἐν
2931 4947 3008 5019 τῷ
3048 4951 3195 5021 τόπῳ
3241 4951 3441 5022 δηλαδὴ
3479 4952 3552 5023 τῷ
3582 4953 3772 5017 ἐξειλε-

2219 5035 2421 5106 γμένῳ.
2462 5054 2480 5088 ι
2531 5038 2640 5090 Kal
2693 5037 2848 5092 ἕκτον
2893 5037 2949 5093 δὲ
2988 5040 3149 5112 νόμον
3190 5039 3392 5108 τούτοις
3438 5043 3772 5114 προστίθησι,

2221 5123 2410 5194 λέγων·
2469 5145 2488 5177 ι
2539 5127 2698 5199 Ψυχὴ
2732 5129 2798 5182 ἂν
2843 5131 3082 5207 ἁμάρτῃ,
3130 5135 3225 5187 xal
3267 5137 3465 5207 ποιήσῃ
3515 5135 3638 5206 μίαν
3667 5136 3775 5188 ἀπὸ

2224 5216 2412 5270 πασῶν
2436 5217 2544 5271 τῶν
2575 5219 2822 5286 ἐντολῶν,
2857 5215 2930 5274 ὧν
2961 5225 3018 5277 οὐ
3049 5225 3129 5278 δεῖ
3155 5230 3348 5290 ποιεῖν,
3378 5228 3470 5281 καὶ
3495 5228 3592 5280 οὐκ
3614 5226 3774 5297 ἔγνω,

2221 5309 2313 5361 καὶ
2345 5309 2728 5382 πλημμελήσῃ,
2762 5314 2856 5366 καὶ
2880 5313 3017 5387 λάϐῃ
3045 5318 3140 5388 τὴν
3161 5321 3437 5393 άμαρτίαν
3467 5321 3654 5388 αὑτοῦ,
3686 5323 3775 5376 καὶ

2220 5401 2354 5454 οίσει
2393 5401 2551 5455 πάλιν
2584 5402 2734 5472 κριὸν
2760 5404 2837 5474 τῷ
2875 5407 3141 5481 ἀρχιερεῖ,
3172 5413 3266 5464 καὶ
3305 5413 3609 5477 ἐξιλάσεται
3651 5415 3773 5486 περὶ

2221 5491 2385 5544 αὐτοῦ
2418 5495 2446 5544 6
2481 5492 2674 5562 ἱερεὺς,
2708 5496 2834 5565 περὶ
2864 5499 2960 5568 τῆς
2985 5501 3209 5568 ἀγνοίας⁸
3233 5503 3395 5556 αὐτοῦ
3428 5498 3494 5574 ἧς
3521 5509 3771 5577 ἠγνόησε.

1325 5675 1370 5704 ’⁸
1406 5669 1564 5727 Num.
1609 5689 1715 5728 xvi.
1761 5675 1807 5729 7.
1884 5672 1929 5708 ³⁸
1968 5672 2130 5730 Levit.

2231 5694 2253 5737 '.
2293 5676 2381 5732 27.
2460 5677 2497 5710 ³⁸
2541 5677 2711 5735 Levit.
2751 5698 2802 5746 γ,
2847 5683 2894 5736 l.
2973 5683 3018 5714 "
3057 5683 3188 5737 ibid.
3233 5684 3285 5747 2,
3325 5685 3378 5738 3.
3454 5684 3500 5716 ³³
3538 5683 3674 5740 Ibid.
3719 5689 3769 5746 6,
