4068 6206
308 362 313 373 ,
354 316 419 370 57
1230 303 1885 363 DEMONSTBATIONIS
1926 304 2389 364 EVANGELICAE
2427 308 2558 363 LIB.
2599 310 2646 367 l.
3516 315 3584 371 δε

356 431 445 487 καὶ
467 424 617 495 οὗτος
643 429 747 482 οὐκ
776 426 919 500 ⁴ᾔδει,
960 427 1049 481 καὶ
1079 424 1402 497 ἀφεθήσεται
1434 425 1601 497 αὐτῷ.
1634 444 1651 478 ι
1691 427 1832 499 Ἤδη
1861 426 1894 480 δί

2020 440 2120 495 pro
2142 436 2365 497 peccato
2392 443 2493 483 suo
2521 430 2565 461 ³⁸
2590 448 2605 497 ;
2650 449 2668 482 ι
2709 429 2895 486 offeret
2923 438 3105 487 autem
3124 446 3321 490 rursus
3353 433 3420 488 ad
3438 432 3582 488 Pon-

356 524 573 597 ἕϐδομόν
601 538 759 594 φησι’
803 538 822 573 ι
856 519 1009 589 Ψυχὴ
1037 518 1101 572 ἂν
1127 519 1367 591 ἁμάρτῃ,
1397 520 1491 573 καὶ
1512 516 1751 591 παρὶδὼν
1770 536 1916 592 παρ-

358 617 435 691 ίδῃ
486 616 588 679 τὰς
631 610 856 674 ἐντολὰς
893 610 1108 691 Κυρίου,
1166 611 1262 663 καὶ
1302 609 1567 681 ψεύσηται
1628 612 1763 683 πρὸς
1826 611 1894 665 τὸς

2017 624 2232 679 quoque
2266 611 2435 681 legem
2478 611 2755 681 prioribus
2779 613 3026 683 adjungit
3050 614 3137 671 bis
3166 616 3340 671 verbis
3366 636 3377 670 :
3405 634 3423 667 ι
3450 616 3583 669 Ani-
3670 614 3676 621 ’

351 707 579 779 πλησίον
613 703 789 758 αὐτοῦ
816 705 869 755 ἐν
907 700 1359 772 παρακαταθήκῃ,
1393 702 1521 770 περὶ
1562 703 1848 766 κοινωνίας
1880 703 1913 775 ἢ

347 799 639 874 ἁρπαγῆς,
680 796 714 866 ἢ
746 791 954 863 ἠδίκησέ
995 808 1047 843 τι
1080 792 1173 846 τὸν
1209 792 1457 863 πλησίον,
1498 794 1531 865 ἢ
1564 788 1721 864 εὗρεν
1762 794 1913 848 ἀπώ-

342 892 526 956 λειαν,
570 892 666 944 καὶ
696 889 948 961 ψεύσηται
984 887 1115 959 περὶ
1143 888 1333 959 αὐτῆς,
1373 889 1467 942 καὶ
1507 890 1680 961 ὀμόσῃ
1715 890 1915 955 ἀδίκως

342 985 488 1055 περὶ
532 982 651 1045 ἐνὸς
684 980 784 1033 ἀπὸ
827 978 1041 1031 πάντων
1089 972 1163 1032 ὧν
1210 978 1307 1032 ἐὰν
1357 981 1559 1053 ποιήσῃ
1606 981 1909 1053 ἄνθρωπος,

346 1073 499 1127 ὥστε
551 1074 802 1145 ἁμαρτεῖν
848 1071 906 1124 ἐν
953 1070 1183 1136 τούτοις,
1226 1070 1321 1125 καὶ
1368 1072 1534 1143 ἡνίκα
1579 1071 1645 1125 ἂν
1691 1074 1910 1145 ἁμάρτῃ

348 1168 451 1223 καὶ
508 1164 861 1237 πλημμελήσῃ
908 1164 1004 1218 καὶ
1056 1164 1238 1235 ἀποδῷ
1303 1164 1364 1218 τὸ
1419 1166 1689 1237 ἅρπαγμα
1738 1166 1766 1219 ὃ
1814 1167 1912 1237 ἥρ-

353 1279 544 1327 πασεν,
602 1260 632 1330 ἦ
690 1256 747 1311 τὸ
808 1256 1050 1329 ἀδίκημα
1115 1257 1145 1311 δ
1195 1258 1470 1331 ἠδίκησεν,
1517 1260 1682 1331 ἢτὴν
1736 1277 1912 1331 παρα-

350 1352 672 1425 καταθήκην,
714 1351 835 1421 ἥτις
880 1348 1149 1423 παρετέθη
1212 1350 1379 1421 αὐτῷ,
1427 1352 1460 1422 ἢ
1499 1350 1595 1422 τὴν
1638 1350 1910 1405 ἀπώλειαν

346 1446 412 1517 ἣν
446 1440 618 1517 εὗρεν,
682 1443 790 1497 ἀπὸ
829 1442 1028 1506 παντὸς
1087 1442 1407 1515 πράγματος
1470 1439 1530 1498 οὗ
1570 1444 1748 1515 ὤμοσε
1781 1445 1908 1518 περὶ

345 1537 505 1592 αὑτοῦ
561 1536 797 1601 ἀδίκως,
853 1535 946 1588 καὶ
992 1534 1236 1590 ἀποτίσει
1297 1536 1429 1590 αὐτὸ
1493 1536 1554 1589 τὸ
1618 1538 1907 1607 κεφάλαιον

341 1631 429 1683 καὶ
471 1629 533 1683 τὸ
580 1630 945 1700 ἐπίπεμπτον.
988 1646 1007 1681 ι
1045 1628 1240 1700 Ἐχρῆν
1278 1629 1323 1681 δ’
1366 1628 1432 1682 ἂν
1461 1628 1598 1699 μετὰ
1627 1628 1686 1682 το
1708 1630 1907 1698 ἐξαγο-

337 1721 521 1794 ρεῦσαι
546 1721 608 1775 τὸ
655 1721 977 1794 ἁμάρτημα,
1016 1720 1112 1773 καὶ
1156 1720 1293 1791 μετὰ
1327 1721 1388 1773 τὸ
1431 1721 1703 1785 ἀποτῖσαι,
1739 1721 1903 1773 σπεύ-

2015 516 2240 582 tilicem,
2269 518 2324 573 in
2349 521 2468 575 loco
2493 520 2746 576 videlicet
2773 522 2841 577 de
2868 522 3189 591 quodictum
3218 532 3323 579 est.
3361 523 3578 580 Sextam

2017 715 2105 753 ma
2136 700 2180 755 si
2215 704 2520 771 peccaverit
2545 711 2600 758 et
2628 702 2820 759 fecerit
2839 704 3100 759 adversus
3125 722 3295 759 unum
3313 721 3376 760 ex
3404 707 3581 760 omni-

2014 791 2115 845 bus
2145 794 2448 862 praeceptis,
2488 794 2693 864 aliquid
2740 810 2950 862 eorum,
2975 813 3095 868 quae
3117 812 3227 851 non
3255 805 3466 868 oportet
3499 796 3581 851 fa-

2013 897 2155 947 cere,
2188 891 2242 939 et
2268 901 2377 939 non
2405 886 2739 956 cognoverit,
2794 896 2848 943 et
2899 888 3210 961 deliquerit,
3264 899 3316 945 et
3357 906 3578 961 accepe-

1998 974 2085 1027 ‘rit
2114 984 2395 1044 peceatum
2426 992 2607 1042 suum,
2639 994 2833 1035 rursus
2849 980 3037 1037 offeret
3072 980 3323 1036 Pontiﬁci
3353 983 3575 1038 arietem

2011 1076 2065 1122 et
2096 1069 2273 1155 orabit
2306 1086 2403 1139 pro
2448 1072 2566 1141 ipso
2622 1074 2904 1141 sacerdos,
2956 1090 3056 1144 pro
3106 1074 3413 1145 ignorantia
3457 1076 3577 1144 ejus

2010 1180 2172 1234 quam
2207 1165 2499 1236 ignoravit,
2531 1178 2583 1223 et
2607 1169 2698 1223 hic
2731 1169 2848 1238 ipse
2878 1185 2987 1225 non
3022 1172 3193 1238 novit,
3255 1179 3310 1225 et
3337 1170 3579 1228 dimitte.

2010 1261 2100 1308 tur
2135 1256 2185 1310 ei
2218 1256 2284 1312 ³⁵.
2321 1276 2339 1308 ι
2376 1256 2674 1329 Septimam
2713 1259 2843 1316 item
2884 1262 3077 1316 scribit
3102 1261 3272 1332 legem
3312 1261 3416 1316 hoc
3465 1276 3577 1316 mo-

2007 1347 2342 1403 doztAnima
2370 1350 2416 1405 si
2447 1352 2775 1420 peccaverit,
2793 1360 2847 1407 et
2863 1362 3217 1409 contemnens
3241 1360 3578 1423 contempseo

2006 1443 2079 1497 rit
2108 1451 2373 1513 praecepta
2404 1439 2690 1499 Domini'et
2708 1445 2931 1500 mentita
2962 1445 3125 1500 fuerit
3173 1444 3419 1516 proximo
3473 1459 3574 1500 suo

2007 1538 2061 1591 in
2092 1537 2363 1607 deposito,
2392 1538 2901 1595 communicationis
2930 1552 3024 1594 aut
3053 1539 3257 1610 rapinae
3280 1554 3465 1605 causa,
3486 1539 3571 1595 vel

2005 1631 2207 1701 injuria
2237 1631 2420 1701 aliqua
2450 1630 2688 1688 aﬂ'ecerit
2718 1633 3027 1703 proximum
3056 1633 3263 1699 suum,’
3283 1633 3366 1689 vel
3418 1634 3570 1687 inve-

2004 1722 2147 1777 nerit
2179 1737 2290 1777 rem
2330 1723 2617 1791 perditam,
2649 1738 2713 1779 ac
2743 1722 2809 1778 de
2854 1739 2918 1780 ea
2949 1725 3065 1794 ipse
3113 1724 3338 1779 mentita
3384 1722 3568 1788 fuerit,

334 1813 437 1868 δειν
472 1814 656 1879 πάλιν,
691 1814 869 1867 πάντα
903 1811 1292 1883 ὑπερθέμενον,
1322 1813 1402 1875 είς
1430 1811 1520 1863 τὸν
1556 1812 1715 1864 τόπον
1751 1812 1810 1863 ὃν
1843 1810 1894 1863 ἂι

2008 1821 2063 1869 et
2123 1814 2386 1883 juraverit
2450 1816 2637 1887 inique
2694 1831 2793 1886 pro
2844 1831 2953 1871 uno
2991 1832 3058 1872 ex
3118 1817 3371 1872 omnibus
3423 1831 3571 1887 quae-

334 1904 611 1977 ἐκλέξηται
645 1906 848 1976 Κύριος
892 1906 925 1957 ὁ
964 1903 1114 1969 Θεὸς,
1164 1903 1257 1956 καὶ
1304 1902 1631 1973 προσφέρειν
1668 1918 1731 1970 γε
1772 1901 1899 1971 περὶ

329 1995 423 2067 τῆς
450 1994 831 2065 πλημμελείας
863 1994 1011 2065 κριὸν
1034 1994 1265 2064 ἄμωμον
1283 2009 1298 2023 ο
1327 1993 1422 2045 καὶ
1450 1992 1753 2055 ἐξιλάσεται
1775 1991 1902 2062 περὶ

232 2126 235 2129 -
328 2088 499 2143 αὑτοῦ
528 2090 556 2141 ὁ
590 2090 764 2161 ἱερεὺς
792 2088 968 2141 ἔναντι
995 2087 1223 2159 Κυρίου,
1255 2085 1348 2139 καὶ
1373 2084 1706 2155 ἀφηθήσεται
1730 2083 1896 2153 αὐτῷ.

331 2178 521 2232 Ταῦτα
554 2181 646 2233 καὶ
679 2179 805 2249 περὶ
837 2178 1003 2232 τῶνδε
1049 2180 1078 2231 ὁ
1127 2176 1425 2249 θαυμάσιος
1467 2175 1722 2245 Μωῦσῆς,
1776 2173 1902 2244 περί

327 2288 387 2325 τε
429 2270 540 2324 τῶν
582 2270 847 2334 ἀκουσίως
881 2270 1299 2342 ἡμαρτηκότων,
1342 2268 1434 2322 καὶ
1468 2268 1595 2340 περὶ
1630 2267 1736 2320 τῶν
1780 2266 1901 2321 κατ’

330 2364 569 2432 ἄγνοιαν,
604 2361 1024 2435 ὲξηκριδώσατο,
1070 2361 1350 2434 πόρρωθεν
1404 2359 1511 2412 τῶν
1567 2358 1707 2412 κατά
1764 2376 1898 2430 προ-

332 2455 534 2528 αίρεσιν
568 2454 1066 2527 πλημμελημάτων,
1116 2454 1204 2523 ἐφ’
1231 2447 1309 2516 οἷς
1360 2452 1452 2505 καί¹
1496 2450 1899 2522 ἀπαραιτήτους

329 2550 493 2622 ὁρίζει
537 2548 804 2619 τιμωρίας
844 2548 971 2610 τοὺς
1008 2546 1241 2609 οἰκείους
1281 2544 1636 2599 ἀναστέλλων.
1674 2544 1733 2596 '0
1787 2543 1895 2614 γὰρ

330 2641 420 2695 ἐπὶ
450 2642 559 2703 τοῖς
593 2637 866 2701 ἀκουσίοις
902 2638 977 2709 μὴ
1025 2637 1287 2709 πρότερον
1316 2637 1505 2708 νείμας
1545 2635 1891 2709 συγγνώμην,

329 2730 361 2803 ἢ
392 2729 742 2802 ἐξαγορεῦσαι
765 2728 827 2782 τὸ
855 2730 1174 2800 ἁμάρτημα,
1204 2728 1655 2799 κᾶπειταῶσπερ
1692 2729 1894 2800 μικρὰν

327 2822 588 2896 τιμωρίαν
619 2822 706 2877 διὰ
738 2822 838 2892 τῆς
864 2821 1340 2894 προστεταγμένης
1380 2820 1566 2884 θυσίας
1600 2820 1895 2892 εἰσπραξά-

330 2932 487 2986 μενος
517 2914 605 2968 τὸν
635 2914 1013 2987 ἡμαρτηκότα,
1040 2913 1127 2966 διά
1151 2929 1209 2965 τε
1252 2912 1353 2981 τῆς
1376 2912 1466 2964 ἐπὶ
1493 2913 1582 2964 τὸν
1615 2912 1775 2980 ἁγνὸν
1802 2912 1893 2965 τό-

325 3025 427 3062 πον
456 3007 754 3079 ἀμελλήτου
790 3007 1013 3077 πορείας
1042 3005 1137 3078 τὴν
1170 3005 1401 3074 σπουδὴν
1434 3002 1566 3074 ὁμοῦ
1597 3004 1689 3058 καὶ
1718 3004 1779 3056 τὸ
1806 3004 1895 3057 εὑ-

323 3102 485 3165 λαϐὲς
510 3101 776 3164 ἐπιτείνας
797 3099 905 3153 τῶν
935 3100 1052 3153 κατ’
1088 3099 1246 3151 αὑτὸν
1280 3096 1547 3151 θεοσεϐεῖν
1575 3098 1891 3172 προῃρημέ-

2006 1920 2221 1975 cunque
2278 1905 2408 1962 facit
2458 1908 2621 1964 homo
2652 1949 2667 1973 ,
2732 1917 2786 1964 et
2826 1919 3015 1979 peccat
3055 1928 3067 1963 :
3126 1916 3179 1964 et
3213 1908 3570 1979 quandocun-

2006 2011 2113 2063 que
2162 2001 2466 2065 peccaverit
2516 2018 2579 2057 ac
2632 2003 2942 2073 deliquerit,
3007 2011 3062 2058 et
3104 2004 3409 2060 restituerit
3452 2015 3570 2057 rem

2006 2100 2168 2154 quam
2203 2087 2446 2156 abstulit,
2482 2098 2574 2144 aut
2608 2092 2819 2161 injuria.-
2849 2109 2877 2146 a
2904 2110 2963 2148 se
2986 2095 3165 2159 illatae,
3218 2093 3566 2159 satisfecerit,

2009 2176 2170 2246 5aut
2200 2176 2507 2247 depositum
2534 2183 2678 2250 quod
2708 2198 2819 2237 suae
2848 2183 3340 2240 ﬁdeicommissum
3371 2185 3568 2252 fuerat,
3592 2174 3595 2187 ¹

2006 2267 2326 2336 reddiderit,
2364 2279 2455 2325 aut
2486 2287 2599 2327 rem
2631 2274 2895 2340 perditam
2925 2290 3087 2344 quam
3113 2277 3337 2339 invenit,
3357 2293 3424 2330 ex
3454 2292 3566 2332 om-

2004 2361 2145 2415 nire
2178 2376 2276 2429 pro
2298 2378 2404 2431 qua
2437 2364 2619 2434 inique
2646 2364 2851 2434 juravit
2878 2366 3050 2420 solvet
3100 2366 3275 2435 ipsum
3298 2375 3487 2431 totum,
3515 2375 3570 2423 et

2002 2451 2121 2521 ejus
2154 2455 2380 2524 insuper
2405 2457 2648 2526 quintam
2693 2467 2903 2527 partem
2932 2458 3313 2514 ".tCaeterum
3349 2468 3569 2529 oporte—

2001 2542 2094 2597 bat
2144 2552 2432 2615 postquam
2478 2546 2791 2615 prodiderat
2858 2556 3145 2617 peccatum
3193 2565 3258 2604 ac
3309 2552 3566 2619 solverat,

2002 2642 2255 2691 omnibus
2289 2634 2518 2707 negotiis
2548 2638 2874 2706 posthabitis
2904 2654 3155 2708 propere,
3207 2642 3357 2697 abire
3388 2643 3455 2699 ad
3483 2644 3566 2700 lo-

2002 2738 2146 2790 cum,
2194 2741 2353 2795 quem
2406 2727 2642 2798 elegerat
2682 2727 2947 2784 Dominus
2976 2731 3140 2797 Deus,
3169 2741 3223 2788 et
3247 2734 3439 2790 oﬂ‘erre
3468 2751 3568 2807 pro

2001 2817 2198 2872 delicto
2229 2819 2455 2874 arietem
2503 2818 2931 2882 immaculatum,
2977 2831 3030 2876 et
3062 2823 3142 2878 sic
3188 2840 3345 2881 orare
3378 2842 3476 2896 pro
3498 2843 3568 2884 eo

2001 2910 2335 2966 sacerdotem
2366 2912 2504 2982 apud
2536 2911 2845 2974 Dominum,
2871 2920 2924 2967 ct
2951 2914 3144 2970 dimitti
3172 2918 3244 2973 ei.
3281 2917 3405 2974 Haec
3431 2936 3563 2978 sane

2001 2999 2174 3057 Moses
2201 3002 2290 3057 ille
2323 3002 2675 3057 admirandus
2698 3011 2807 3058 tam
2836 3005 2903 3059 de
2935 3005 3001 3060 iis
3027 3008 3120 3076 qui
3158 3010 3313 3063 inviti
3372 3027 3564 3081 pecca-

2000 3094 2192 3158 verint,
2225 3110 2385 3165 quam
2412 3094 2478 3150 de
2511 3096 2576 3151 iis
2598 3097 2689 3166 qui
2716 3113 2812 3167 per
2842 3098 3224 3167 ignorantiam,
3253 3103 3559 3173 diligentis-

320 3211 451 3258 νων,
486 3192 601 3255 πῶς
637 3194 753 3263 οὐχὶ
782 3194 889 3245 τῶν
920 3191 1178 3254 ἑκουσίως
1214 3191 1503 3261 δρωμένων
1532 3191 1665 3244 πολὺ
1697 3191 1892 3263 πρότε-

1996 3190 2132 3243 sime
2178 3191 2431 3244 tractavit
2470 3207 2714 3246 seorsum
2760 3192 2828 3246 ab
2856 3192 2924 3246 iis
2952 3208 3071 3262 quae
3112 3195 3414 3250 voluntarie
3438 3212 3561 3266 pec.

325 3304 423 3358 ρον
463 3286 673 3356 ἐπίσχοι
718 3286 782 3339 ἂν
831 3285 926 3349 τὰς
972 3285 1182 3356 ὁρμάς;
1224 3285 1289 3337 Τί
1327 3284 1391 3356 δὴ
1421 3280 1513 3338 οὖν
1550 3285 1686 3357 πρὸς
1722 3284 1892 3338 ταῦτα

323 3377 729 3446 συλλογίζεσθαι
761 3378 916 3449 χρῆν,
951 3377 1037 3430 ὅτε
1086 3377 1171 3449 δὴ,
1210 3375 1286 3440 ὡς
1341 3377 1570 3449 εἴρηται,
1615 3393 1891 3446 συγκεφα-

317 3470 640 3541 λαιούμενος
673 3470 738 3524 τὰ
768 3470 943 3524 πάντα
968 3473 996 3524 ὁ
1028 3470 1264 3541 Μωῦσῆς
1305 3472 1648 3543 ἐπισκήπτει,
1684 3469 1886 3537 λέγων·

321 3581 344 3616 ι
399 3563 824 3634 Ἐπικατάρατος
857 3565 962 3627 πᾶς
999 3563 1058 3625 ὃς
1098 3563 1197 3616 οὐκ
1236 3564 1462 3633 ἐμμενεῖ
1508 3565 1565 3615 ἐν
1606 3564 1738 3616 πᾶσι
1779 3564 1889 3627 τοῖς

318 3656 789 3728 ἐγγεγραμμένοις
844 3655 936 3708 τοῦ
993 3655 1187 3726 νόμου,
1237 3653 1331 3707 τοῦ
1390 3654 1611 3724 ποιῆσαι
1666 3654 1823 3719 αὑτάς
1864 3673 1883 3706 ι

314 3743 464 3818 Ἀρα
487 3748 591 3820 γὰρ
619 3750 745 3811 τοὺς
770 3748 835 3801 ἐκ
861 3747 1105 3819 περάτων
1129 3748 1229 3818 γῆς
1255 3746 1543 3818 μέλλοντας
1570 3745 1708 3799 κατὰ
1736 3747 1889 3799 Maii}-

319 3840 418 3892 σέα
453 3839 739 3903 θεοσεϋείν,
767 3839 842 3901 ὠς
874 3839 939 3892 ἂν
966 3838 1186 3907 φύγοιεν
1223 3838 1318 3909 μὲν
1353 3836 1449 3909 τὴν
1497 3836 1758 3908 κατάραν,
1796 3835 1889 3889 τύ-

316 3948 465 4002 χοιεν
489 3931 546 3983 δὲ
577 3931 674 4001 τῆς
711 3930 1120 4001 ἐπηγγελμένης
1159 3929 1293 4002 πρὸς
1324 3930 1414 3983 τὸν
1458 3928 1704 4000 Ἀϐραὰμ
1740 3927 1888 3981 εὐλο-

317 4023 461 4090 γίας,
495 4022 669 4076 ταῦτα
716 4022 891 4075 πάντα
932 4023 1068 4092 χρῆν
1106 4021 1383 4092 πράττειν,
1432 4021 1524 4073 καὶ
1571 4019 1749 4091 τρίτον
1791 4018 1885 4074 τοῦ

321 4114 472 4175 ἔτους
497 4112 742 4183 ἀπαντᾷν
770 4112 848 4175 είς
879 4112 945 4165 τὰ
991 4109 1361 4182 Ἰεροσόλυμα;
1398 4111 1490 4164 καὶ
1529 4109 1626 4173 τὰς
1659 4111 1722 4163 ἐκ
1754 4111 1888 4164 πάν-

318 4221 425 4258 των
446 4204 502 4258 δὲ
527 4202 636 4256 τῶν
664 4203 830 4258 ἐθνῶν
861 4202 1131 4256 θεοσεϐεῖν
1155 4201 1585 4275 προκεκριμένας
1604 4205 1882 4270 γυναῖκας,

320 4297 443 4369 ἄρτι
464 4296 637 4350 τόκων
666 4297 760 4350 καὶ
797 4295 998 4349 ὠδίνων
1027 4294 1397 4366 παυσαμένας,
1428 4292 1692 4364 τοσαύτην
1731 4296 1883 4349 στέλ-

318 4389 503 4444 λεσθαι
556 4389 800 4461 πορείαν,
857 4387 933 4451 ὡς
985 4387 1050 4441 ἂν
1106 4386 1202 4457 τὴν
1256 4384 1728 4457 προστεταγμένην
1781 4385 1885 4439 ὑπὸ

317 4483 590 4548 Μωῦσέως
626 4482 816 4536 θυσίαν
857 4481 941 4550 ἐφ’
987 4480 1201 4550 ἑκάστῳ
1247 4478 1355 4531 τῶν
1400 4477 1748 4549 γεννωμένων
1787 4480 1882 4531 ἁν-

1994 3293 2206 3347 cantur,
2229 3282 2425 3353 quibus
2449 3283 2610 3338 etiam
2638 3282 2998 3339 inexorabiles
3027 3286 3229 3354 irrogat
3261 3300 3471 3354 pmnas.
3500 3292 3562 3340 ut

1993 3393 2121 3432 suos
2166 3377 2239 3429 ita
2280 3375 2573 3439 cohibeat,
2631 3390 2693 3431 ac
2755 3375 3012 3431 refrenet.
3075 3374 3177 3442 Qui
3229 3379 3374 3430 enim
3437 3377 3507 3433 iis
3539 3418 3555 3443 ,

1990 3470 2081 3542 qui
2106 3469 2259 3524 inviti
2304 3469 2649 3539 peccaverint
2708 3486 2816 3525 non
2867 3470 3019 3541 prius
3074 3471 3287 3525 veniam
3342 3472 3555 3539 tribuit,

1991 3576 2153 3632 quam
2188 3568 2469 3631 peccatum
2518 3560 2978 3623 aununtiaverint,
3029 3574 3092 3614 ac
3124 3558 3318 3615 deinde
3367 3560 3418 3615 ei
3462 3561 3557 3631 qui

1990 3656 2233 3726 peccavit
2264 3654 2421 3725 quasi
2451 3654 2619 3709 levem
2643 3668 2857 3722 poenam
2892 3669 2989 3724 per
3018 3654 3280 3709 indictum
3310 3653 3440 3709 illud
3466 3670 3558 3710 sa-

1990 3749 2252 3803 crificium
2285 3748 2506 3818 irrogat,
2533 3754 2586 3801 et
2616 3760 2711 3816 per
2740 3749 3106 3801 accessionem
3143 3748 3263 3801 sine
3301 3763 3451 3801 mora
3486 3747 3554 3803 ad

1989 3837 2167 3893 locum
2194 3848 2461 3903 sanctum,
2491 3837 2731 3892 studium
2763 3837 2923 3890 simul
2952 3848 3005 3891 et
3030 3837 3341 3905 religionem
3365 3853 3551 3892 eorum

1990 3928 2240 3994 intendit,
2272 3930 2364 3999 qui
2394 3947 2453 3984 se
2482 3940 2703 3983 auctore
2727 3930 2783 3982 in
2818 3928 3000 3983 divino
3047 3929 3197 3982 cultu
3249 3931 3327 3983 uti
3362 3930 3549 3994 velint,

1988 4023 2081 4092 qui
2107 4022 2220 4075 fieri
2254 4030 2432 4092 potest
2470 4031 2526 4074 ut
2568 4036 2678 4073 non
2721 4020 2893 4073 multo
2927 4020 3076 4089 prius
3116 4021 3183 4074 ab
3210 4019 3277 4074 iis
3300 4037 3419 4090 quae
3466 4037 3553 4076 νοο

1989 4115 2222 4169 luntarie
2251 4113 2682 4175 committuntur,
2716 4112 3020 4167 cohibuerit
3046 4112 3314 4182 appetitus
3347 4114 3369 4166 ?
3409 4112 3550 4179 Quid

1988 4207 2054 4259 ad
2080 4208 2192 4261 hzec
2225 4206 2386 4277 igitur
2407 4205 2777 4276 argumentari
2807 4211 3044 4274 oportet,
3064 4204 3302 4275 quando,
3342 4213 3401 4259 ut
3428 4206 3549 4260 dic-

1986 4303 2100 4349 tum
2129 4304 2231 4361 est,
2266 4303 2459 4349 cuncta
2486 4295 2736 4365 redigens
2763 4294 2816 4348 in
2840 4310 3103 4350 summam
3133 4294 3328 4359 Moses,
3347 4296 3425 4350 sic
3448 4296 3548 4350 im-

1986 4394 2239 4455 precatur
2264 4385 2286 4438 ?
2314 4405 2331 4437 ‹
2364 4385 2730 4441 Exsecrabilis
2759 4387 2938 4441 omnis
2976 4387 3285 4456 quicunque
3305 4404 3412 4441 non
3444 4395 3551 4443 ste~

1988 4480 2112 4533 terit
2143 4478 2416 4542 omnibus,
2453 4494 2573 4548 quze
2602 4479 2656 4532 in
2689 4479 2803 4548 lege
2862 4478 3062 4549 scripta
3116 4486 3264 4541 sunt,
3297 4488 3354 4532 ut
3387 4479 3548 4536 faciat

320 4576 631 4644 ενέγκαιεν;
671 4574 704 4645 ἢ
748 4575 871 4636 τοὺς
906 4570 1282 4641 ἐφαψαμένους
1327 4569 1516 4641 νεκροῦ
1555 4568 1820 4639 σώματος,
1853 4568 1886 4640 ἦ

1995 4586 2054 4625 ea
2123 4572 2165 4602 ³⁷
2243 4590 2287 4627 ι.
2330 4569 2471 4641 Ergo
2521 4570 2682 4624 etiam
2728 4571 2781 4623 in
2834 4572 3090 4625 extremis
3138 4580 3295 4626 terrce
3348 4572 3546 4629 ﬁnibus

315 4669 440 4731 τοὺς
464 4667 714 4739 ἐπίορκον
741 4662 1117 4735 ὀμωμοκότας,
1147 4662 1178 4732 ἢ
1208 4662 1331 4724 τοὺς
1353 4660 1602 4714 ἀκούσιόν
1623 4679 1673 4714 τι
1701 4662 1881 4732 δεδρα-

316 4762 479 4823 κότας
506 4762 570 4813 ἐκ
602 4758 849 4827 περάτων
869 4756 969 4827 γῆς
996 4755 1168 4825 ἥκειν,
1193 4753 1401 4825 τρέχειν
1424 4770 1483 4805 τε
1512 4753 1605 4806 καὶ
1630 4753 1878 4807 σπεύδειν

316 4857 409 4909 ἐπὶ
452 4854 544 4908 τὸν
582 4849 1065 4922 νενομοθετημένον
1108 4847 1466 4918 καθαρισμὸν,
1504 4846 1579 4911 ὡς
1612 4846 1677 4900 ἂν
1711 4846 1877 4915 ἐκφύ-

313 4962 463 5015 γοιεν
508 4944 608 5016 τὴν
642 4943 740 5013 τῆς
774 4941 1014 5010 κατάρας
1056 4938 1380 5009 ἐπίσκηψιν;
1431 4938 1590 4993 Ἀλλὰ
1632 4940 1878 5011 συνορᾷς,

311 5038 388 5102 ὡς
418 5037 511 5092 καὶ
539 5037 719 5099 αὐτοῖς
750 5036 860 5099 τοῖς
889 5032 1031 5105 ἀμφὶ
1062 5033 1130 5087 τὰ
1175 5031 1514 5104 Ἰεροσόλυμα
1544 5031 1873 5097 κατοικοῦσι,
1908 5054 1911 5057 <

313 5128 408 5183 καὶ
439 5129 531 5181 ἐπὶ
549 5127 718 5199 μόνης
730 5125 827 5197 τῆς
855 5123 1110 5187 Ἰουδαίας
1125 5122 1221 5186 τὰς
1242 5120 1517 5194 διατριϐὰς
1540 5121 1878 5192 ποιουμένοις

311 5220 344 5271 ὁ
371 5219 509 5273 κατὰ
539 5216 775 5273 Μωῦσέα
812 5214 923 5288 βίος
948 5214 1382 5288 δυσκατόρθωτος
1408 5208 1496 5285 ἦν’
1532 5215 1659 5285 μήτι
1694 5230 1757 5282 γε
1785 5213 1875 5267 δυ-

311 5311 469 5374 νατὸς
494 5308 854 5365 ἐπιτελεῖσθαι
873 5307 968 5364 καὶ
985 5309 1097 5371 τοῖς
1122 5307 1324 5370 λοιποῖς
1343 5305 1553 5360 ἔθνεσιν
1569 5305 1665 5377 (5).
1688 5306 1877 5359 Ἔνθεν

381 5457 429 5490 ³⁸
464 5455 637 5512 Levit.
662 5472 718 5521 ν,
762 5454 850 5510 15.
927 5454 972 5487 ³⁵
1008 5451 1144 5509 Ibid.
1184 5452 1271 5514 ΓΙ,
1315 5452 1402 5509 18.
1477 5452 1524 5485 ³⁸
1560 5450 1696 5508 Ibid.
1736 5470 1811 5517 vi,
1851 5453 1967 5512 2-7.

377 5572 452 5643 (ὅ)
488 5571 641 5640 Μήτι
685 5588 751 5642 γε
787 5569 1041 5643 δυνατὸς
1060 5568 1453 5643 ἐπιτελεῖσθαι
1476 5570 1589 5643 καί
1608 5569 1730 5643 τοῖς
1749 5573 1868 5624 λοι-

309 5639 443 5709 ποῖς
474 5639 703 5697 sarem;
732 5660 750 5693 ι
784 5639 991 5696 Nedum
1025 5640 1133 5711 tale
1158 5648 1216 5693 ut
1238 5650 1419 5710 posset
1444 5657 1473 5695 a
1495 5640 1719 5711 reliquis
1745 5656 1870 5711 gen-

311 5715 455 5770 tibus
472 5714 803 5771 observari.»
838 5712 997 5768 vertit
1032 5709 1293 5773 Donatus,
1329 5712 1500 5777 male;
1538 5709 1691 5767 mens
1718 5709 1861 5765 enim

311 5784 531 5840 Eusebii
555 5792 642 5841 est
668 5783 841 5839 multo
890 5783 1068 5838 minus
1110 5781 1211 5837 hoc
1239 5781 1455 5837 vivendi
1497 5782 1803 5837 institutum
1834 5796 1862 5834 a

1983 4662 2308 4728 habitantes,
2353 4664 2397 4719 si
2442 4662 2579 4717 ritus
2618 4661 2881 4718 Mosaicos
2930 4679 3148 4718 servare
3178 4665 3445 4727 volebant,
3487 4674 3546 4719 ut

1983 4756 2143 4810 talem
2159 4755 2584 4809 exsecrationem
2602 4755 2853 4817 vitarent,
2872 4755 3306 4824 promissamque
3318 4755 3545 4809 Abrahae

1982 4846 2413 4903 benedictionem
2472 4847 2891 4918 contingerent,
2950 4847 3062 4901 haec
3118 4849 3298 4901 omnia
3365 4850 3541 4902 facere

1981 4940 2266 5009 oportebat
2298 4940 2321 4993 ?
2349 4954 2413 4993 ac
2451 4946 2533 4993 ter
2562 4939 2790 5009 singulis
2845 4940 3001 4994 annis
3032 4938 3403 5011 Hierosolyma
3449 4955 3542 5008 pe-

1981 5040 2098 5087 tere
2126 5033 2149 5086 ?
2181 5048 2245 5088 ex
2270 5033 2413 5087 omni
2448 5040 2706 5102 praeterea
2740 5032 2979 5095 natione,
3020 5049 3139 5103 quae
3170 5034 3305 5087 tales
3338 5031 3439 5088 sibi
3468 5033 3543 5086 ri-

1982 5131 2073 5178 tus
2100 5124 2397 5180 servandos
2428 5124 2836 5194 proposuisset,
2877 5123 3105 5178 feminas
3164 5134 3318 5192 partu
3382 5124 3541 5177 modo

1982 5230 2047 5270 ac
2100 5216 2379 5271 doloribus
2413 5216 2620 5270 levatas
2673 5223 2782 5269 tam
2816 5216 3033 5286 longum
3065 5218 3165 5268 iter
3193 5213 3399 5283 ingredi
3432 5254 3446 5278 ,
3482 5223 3542 5269 ut

1982 5304 2129 5376 quod
2179 5305 2497 5375 imperasset
2548 5303 2723 5360 Moses
2762 5303 3089 5359 sacrificium
3115 5342 3129 5367 ,
3164 5314 3263 5371 pro
3312 5300 3541 5374 singulis

2079 5453 2123 5484 ³⁷
2164 5453 2320 5508 Deut.
2360 5469 2522 5513 χχιιι.
2549 5453 2640 5509 26.

1971 5568 2173 5625 Iudaeis
2199 5569 2340 5639 apud
2367 5570 2502 5624 alia:
2531 5577 2702 5638 gentes
2731 5564 3049 5639 degentibus
3080 5564 3323 5636 potuisse
3340 5566 3545 5639 “obser-

1971 5643 2112 5696 vari.
2145 5635 2450 5711 Legendum
2480 5635 2642 5711 igitur
2664 5640 2719 5689 ἐν
2739 5640 2848 5699 τοῖς
2880 5635 3101 5711 λοιποῖς,
3122 5648 3171 5693 et
3189 5646 3325 5711 post_
3338 5635 3547 5690 ἔθνεσιν

1972 5704 2276 5766 addendum
2294 5709 2432 5767 forte
2446 5704 2739 5773 Ἰὄυδαίοις,
2755 5704 3207 5779 νονῑειιςίιιιιιψιθὶ
3226 5704 3419 5779 nedum
3436 5715 3474 5757 t.
3490 5722 3548 5779 ιι.

1969 5797 2018 5851 ρ.
2050 5801 2080 5837 a
2102 5781 2307 5836 Jutlwis
2339 5786 2480 5855 apud
2530 5779 2666 5834 alias
2703 5790 2874 5849 gentes
2924 5774 3223 5849 degeniibus
3259 5774 3549 5831 observari.
