3974 6208
564 280 631 335 59
1192 281 1457 338 EUSEBll
1488 280 1966 339 CESARIENSIS
2002 280 2153 339 ουρ.
2193 281 2372 339 PARS
2410 283 2473 339 Π.
2514 313 2583 325 -
2618 285 3113 346 ΑΡοιοοΕτιεΑ.
3696 302 3767 355 ιο

561 398 859 471 puerperiis
893 397 1149 453 oli‘errent
1177 399 1203 452 2
1230 399 1354 453 item
1380 399 1471 470 qui
1500 405 1592 453 aut
1623 405 1891 454 mortuum
1910 414 2077 471 corpu

2181 458 2182 461 η
2210 398 2430 463 εἰκότως
2452 400 2479 453 6
2513 400 2697 472 Σωτὴρ
2724 402 2814 454 καὶ
2840 402 3041 475 Κύριος
3064 408 3096 476 ἡ
3106 405 3219 477 μῶν
3250 410 3448 481 Ἰησοῦς
3471 414 3499 467 6
3521 413 3645 478 Υἰὸς
3668 415 3768 468 τοῦ

559 493 891 563 attigissent,
922 498 1014 545 aut
1044 490 1379 561 peierassent
1407 532 1423 556 ,
1458 499 1550 546 aut
1583 490 1736 545 inviti
1780 491 1979 561 aliquid
2028 490 2107 547 fe-

558 584 783 647 cissent,
817 597 913 638 eos
947 582 1016 637 ab
1057 564 1316 639 extremis
1362 591 1520 639 terrae
1560 583 1756 639 tinibns
1814 584 2013 648 venire,
2041 598 2107 638 ac

558 682 915 746 properantes
937 689 1223 730 excurrere
1261 674 1327 729 ad
1349 689 1467 730 eam
1493 690 1611 746 qua:
1642 676 1755 746 lege
1777 678 1986 732 sancita
2016 693 2105 733 es-

559 770 661 825 set,
693 763 1087 833 purgationem,
1116 771 1173 817 ut
1209 766 1599 821 exsecrationis
1638 780 1853 836 poenam
1903 767 2102 839 etl'uge-

556 855 718 910 rent?
748 851 854 908 Sed
884 854 1043 923 plane
1084 855 1342 925 perspicis
1387 862 1445 909 ut
1474 856 1557 911 vel
1590 857 1703 927 ipsa
1733 856 2101 930 Hierosolyma

554 944 915 1000 incolentibus
942 986 956 1009 ,
1003 951 1162 1014 atque
1192 943 1247 998 in
1284 960 1391 999 una
1438 943 1619 1000 Iudaea
1665 949 2006 1004 versantibus
2037 964 2100 1004 ac

552 1034 868 1107 degentibus
908 1033 1201 1091 Mosaicum
1237 1036 1369 1091 illud
1397 1038 1608 1092 vivendi
1642 1038 1949 1094 institutum
1980 1056 2099 1096 ser-

550 1135 678 1183 vatu
742 1125 955 1181 diﬂlcile
1022 1134 1207 1190 esset,
1269 1128 1467 1182 nedum
1534 1130 1640 1185 tale
1706 1140 1765 1184 ut
1822 1141 2005 1200 posset
2067 1147 2099 1186 a

551 1216 773 1286 reliquis
809 1215 1060 1286 gentibus
1110 1217 1407 1272 observari.
1457 1216 1687 1274 Proinde
1740 1218 1986 1275 Salvator
2035 1235 2098 1275 ac

550 1307 808 1362 Dominus
848 1317 1035 1363 noster
1069 1306 1228 1364 Jesus
1268 1307 1438 1365 Filius
1491 1308 1581 1365 Dei
1621 1317 1742 1381 post
1790 1310 2020 1366 reditum
2063 1326 2096 1367 a

546 1406 718 1453 morte
749 1398 814 1452 ad
836 1398 1021 1463 vitam,
1052 1400 1108 1470 6
1139 1415 1262 1453 cum
1315 1399 1380 1453 ad
1414 1400 1710 1470 discipulos
1743 1416 1871 1457 suos
1926 1401 2097 1458 dixis-

546 1498 671 1542 set:
711 1504 730 1538 ι
770 1486 845 1543 lte
890 1502 955 1542 ac
986 1488 1176 1543 docete
1207 1504 1394 1545 omnes
1424 1499 1609 1560 gentes
1640 1491 1704 1555 ³⁸,
1749 1509 1765 1542 ι
1822 1498 1932 1545 tum
1980 1507 2093 1546 me-

543 1579 651 1631 rito
674 1577 955 1646 adjunxit:
1015 1597 1035 1629 ι
1062 1579 1317 1634 docentes
1340 1594 1433 1634 eos
1468 1595 1683 1635 servare
1709 1581 1911 1644 omnia,
1945 1595 2091 1650 quae-

2205 489 2338 544 Θεοῢ
2372 491 2506 562 μετὰ
2535 493 2634 564 τὴν
2666 496 2729 547 ὲκ
2765 496 2970 568 νεκρῶν
2998 498 3288 557 ἀνάστασιν
3314 505 3425 567 τοῖς
3456 504 3618 559 αὑτοῦ
3654 523 3768 576 μα-

2206 581 2394 653 θηταῖς
2443 583 2642 636 εἰπὼν’
2696 603 2714 636 ι
2760 586 3115 659 Πορευθέντες
3175 592 3541 664 μαθητεύσατε
3586 596 3767 652 πάντα

2203 673 2271 726 τὰ
2321 673 2467 744 ἔθνη,
2508 693 2526 725 ι
2566 675 2840 746 ἐπιλέγει,
2891 695 2911 733 ι
2942 678 3275 746 διδάσκοντες
3324 685 3520 750 αὐτοὺς
3574 690 3766 760 τηρεῖν

2202 764 2378 818 πάντα
2404 766 2503 818 ὅσα
2535 767 2881 838 ἐνετειλάμην
2912 768 3057 839 ὑμῖν.
3100 790 3119 822 ι
3148 773 3221 826 Οὐ
3254 774 3360 846 γάρ
3386 776 3455 831 τά
3483 778 3765 846 Μωῧσέως

2199 856 2710 938 νόμιμαᾉδιδάσκειν
2771 860 2942 914 πάντα
2998 860 3066 915 τά
3118 862 3242 935 ἔθνη
3292 866 3759 938 παρεκελεύσατο,

2198 936 2441 1002 ἀλλ’ὂσᾶ
2463 948 2623 1012 αὐτὸς
2653 950 2963 1003 ἐνετείλατο.
2990 951 3171 1006 Ταῦτα
3218 954 3259 1007 δ’
3438 957 3506 1011 τὰ
3547 961 3599 1013 ἐν
3644 936 3760 1027 τοῖς

2196 1038 2541 1107 Εὑαγγελίοις
2591 1039 2752 1093 αὑτοῦ
2807 1042 3094 1113 φερόμενα.
3142 1045 3377 1111 Εἰκότως
3418 1044 3512 1103 οὖν
3563 1052 3656 1106 καὶ
3703 1056 3758 1108 οἰ

2194 1129 2358 1182 αὑτοῦ
2413 1129 2646 1202 μαθηταὶ
2694 1132 2787 1185 καὶ
2829 1132 2878 1184 οἱ
2925 1132 3207 1188 ἀπόστολοι
3254 1137 3312 1190 ἐν
3352 1139 3417 1209 τῇ
3466 1142 3594 1211 περὶ
3644 1143 3756 1197 τῶν

2196 1217 2362 1271 ἐθνῶν
2395 1219 2580 1288 σκέψει
2620 1219 2933 1290 ὁμολογοῦσι
2979 1221 3052 1292 μὴ
3083 1222 3337 1276 δύνασθαι
3369 1225 3437 1277 τὰ
3469 1227 3756 1294 ,Μωῡσέως

2193 1309 2395 1380 νόμιμα
2444 1312 2555 1373 τοῖς
2605 1310 2811 1364 ἔθνεσιν
2858 1312 3211 1384 ἐφαρμόζειν
3263 1314 3349 1368 ὅτε
3394 1316 3529 1387 μήτε
3570 1317 3753 1382 αὐτοῖς

2197 1399 2332 1469 μήτε
2356 1401 2465 1461 τοῖς
2492 1399 2755 1469 πατράσιν
2783 1400 2954 1454 αὐτῶν
2994 1401 3371 1474 εὐκατόρθωτα
3400 1403 3608 1472 γέγονε.
3643 1407 3748 1462 Λέο

2194 1506 2279 1557 γει
2304 1490 2347 1543 δ’
2379 1487 2469 1542 οὖν
2505 1492 2561 1543 ἐν
2607 1493 2726 1554 ταῖς
2756 1492 3019 1563 Πράξεσιν
3040 1495 3069 1545 6
3100 1493 3325 1565 Πέτρος’
3358 1513 3376 1544 ι
3411 1494 3522 1549 Νῦν
3564 1493 3655 1550 οὖν
3692 1499 3748 1551 τί

2191 1580 2473 1651 πειράζετε
2493 1580 2581 1633 τὸν
2608 1578 2759 1645 Θεδν,
2791 1582 3051 1636 ἐπιθεῖναι
3074 1582 3234 1650 ζυγὸν
3254 1583 3343 1636 ἐπὶ
3371 1582 3458 1637 τὸν
3483 1585 3744 1655 τράχηλον

543 1682 755 1737 cunque
783 1670 1009 1738 przecepi
1032 1670 1185 1723 vobis
1214 1670 1281 1724 ".
1317 1688 1337 1722 ι
1381 1667 1497 1724 Non
1526 1672 1668 1724 enim
1698 1685 1818 1740 qua:
1845 1671 1899 1724 in
1928 1670 2082 1726 Musis

2188 1672 2294 1725 τῶν
2326 1671 2601 1744 μαθητῶν,
2630 1671 2687 1725 ὃν
2716 1671 2838 1725 οὔτε
2878 1674 2926 1725 οἰ
2968 1674 3197 1745 πατέρες
3233 1674 3387 1744 ήμῶν
3424 1673 3545 1728 οὔτε
3584 1678 3743 1745 ἡμεῖς

541 1756 750 1827 legibus
779 1766 924 1826 sunt,
952 1760 1147 1815 docere
1198 1776 1386 1816 omnes
1408 1768 1591 1830 gentes
1624 1762 1922 1831 imperabat
1947 1780 1962 1817 :
1994 1762 2082 1818 sed

2192 1765 2485 1835 ἰσχύσαμεν
2530 1764 2824 1835 βαστάσαις
2890 1784 2908 1816 ι
2960 1766 3195 1828 Εἰκότως
3247 1766 3303 1818 δὲ
3360 1766 3453 1819 καὶ
3507 1765 3667 1828 αὐτὸς
3712 1766 3743 1820 ό

540 1864 874 1922 quaecunque
903 1867 1018 1923 ipse
1048 1866 1391 1924 praeceperat.
1427 1853 1552 1910 Haec
1589 1872 1751 1926 porro
1790 1863 1936 1919 sunt,
1972 1870 2091 1923 qua:

540 1945 594 1999 in
619 1945 761 1999 illius
791 1944 1096 2015 Evangeliis
1117 1948 1463 2001 continentur
1506 1947 1876 2019 Meritoigitur
1903 1957 1956 2004 et
1980 1948 2090 2004 dis-

537 2038 702 2107 cipuli
753 2038 1017 2108 ejusdem,
1051 2049 1105 2094 et
1133 2043 1383 2111 apostoli,
1442 2057 1564 2096 cum
1617 2043 1815 2098 habere
1849 2043 2089 2113 gentium

536 2130 801 2184 rationem
841 2131 1059 2195 vellent,
1096 2132 1150 2185 in
1181 2133 1283 2188 hoc
1313 2134 1455 2188 inter
1483 2150 1542 2189 se
1571 2143 1940 2189 convenerunt
1972 2153 1985 2189 :
2029 2143 2090 2189 ut

534 2236 654 2291 quae
686 2221 741 2275 in
775 2221 938 2278 Mosis
967 2223 1176 2292 legibus
1206 2226 1569 2289 continentur,
1592 2241 1928 2296 nequaquam
1959 2242 2087 2297 gen-

533 2314 680 2368 tibus
715 2323 939 2384 possent
972 2317 1394 2380 accommodari,
1441 2318 1637 2387 quippe
1664 2333 1782 2387 qua;
1816 2333 1989 2386 neque
2018 2318 2086 2372 ab

532 2401 690 2473 ipsis,
721 2421 892 2475 neque
911 2420 941 2459 a
962 2407 1205 2475 patribus
1237 2407 1476 2477 ipsorum
1512 2410 1713 2461 servari
1744 2408 1924 2478 potius
1960 2422 2085 2464 con-

531 2502 721 2551 staret.
756 2495 895 2565 Ergo
927 2497 979 2549 in
1008 2497 1159 2551 Actis
1190 2495 1381 2550 Petrus
1414 2496 1688 2565 loquitur:
1726 2516 1745 2547 ι
1779 2494 1932 2551 Nunc
1953 2511 2082 2563 ergo

530 2588 659 2659 quid
692 2589 908 2642 tentatis
939 2587 1129 2652 Deum,
1187 2587 1465 2657 imponere
1504 2590 1691 2657 jugum
1726 2604 1887 2658 super
1909 2588 2082 2644 cervi-

530 2694 621 2735 ces
642 2679 1051 2747 discipulorum,
1090 2678 1235 2746 quod
1278 2693 1452 2748 neque
1479 2689 1657 2749 patres
1684 2677 1879 2740 nostri,
1905 2691 2079 2747 neque

529 2783 630 2824 nos
656 2776 872 2837 portare
925 2767 1197 2837 potuimus
1227 2767 1272 2799 ⁴⁰
1303 2768 1326 2821 ἳ
1360 2786 1379 2820 ›
1426 2768 1519 2823 sed
1546 2768 1709 2823 etiam
1759 2767 1873 2837 ipse
1904 2766 2080 2822 Moses

527 2868 745 2932 propter
788 2861 900 2914 haec
930 2860 1047 2929 ipsa
1079 2875 1200 2929 quae
1244 2858 1504 2923 diximus,
1532 2860 1725 2914 merito
1752 2868 1804 2914 et
1850 2860 2078 2913 alterum

527 2960 722 3020 praeter
750 2964 808 3004 se
840 2956 1210 3003 surrecturum
1237 2947 1313 2999 ait
1344 2945 1666 3016 Prophetam
1697 2984 1711 3008 ,
1748 2953 1799 2998 et
1825 2944 1968 2998 hunc
1998 2943 2079 3011 ip-

526 3054 645 3095 sum
695 3039 873 3108 legum
933 3044 1207 3091 auctorem
1270 3035 1509 3090 futurum
1560 3033 1771 3101 cunctis
1828 3032 2077 3103 gentibus

2187 1856 2423 1927 Μωῦσῆς
2468 1855 2666 1911 τούτων
2711 1856 2885 1910 αὐτῶν
2933 1858 3136 1922 ἕνεκεν,
3178 1858 3358 1928 ἕτερον
3396 1859 3521 1929 παρ’
3554 1856 3740 1911 ἑαυτὸν

2186 1947 2577 2017 ἀναστήσεσθαι
2608 1946 2709 2018 ἔφη
2744 1947 3045 2018 προφήτην,
3087 1948 3181 1999 καὶ
3222 1945 3408 1999 τοῦτον
3442 1945 3739 2018 νομοθέτην

2186 2033 2400 2087 ἔσεσθαι
2428 2034 2534 2087 τῶν
2568 2034 2732 2087 ἐθνῶν
2764 2032 3460 2101 ἁπάντωνέύαγγελίζεται,
3488 2032 3577 2086 τὸν
3607 2035 3739 2105 Χρι·

2187 2122 2308 2179 στὸν
2338 2124 2717 2194 αἰνιττόμενος,
2759 2123 2904 2195 αὐτῷ
2943 2141 3001 2177 τε
3050 2122 3325 2177 πείθεσθαι
3373 2126 3483 2187 τοῖς
3525 2123 3741 2190 οἰκείοις

2186 2221 2455 2288 παραινεῖ,
2488 2214 2592 2271 ὧδέ
2629 2235 2704 2287 πη
2738 2217 2830 2269 καὶ
2874 2216 3030 2269 τοῦτο
3060 2215 3327 2280 θεσπίζων
3348 2234 3362 2248 ο
3397 2235 3415 2267 ι
3438 2218 3739 2289 ,Προφήτην

2185 2306 2311 2376 ὑμῖν
2339 2306 2627 2375 ἀναστήσει
2657 2305 2855 2375 Κύριος
2880 2309 2908 2358 6
2933 2306 3061 2367 Θεὸς
3091 2307 3153 2358 ὲκ
3183 2306 3289 2359 τῶν
3317 2305 3556 2374 ἀδελφῶν
3585 2307 3735 2375 ὑμῶν

2182 2393 2257 2455 ὼς
2286 2393 2410 2463 ὲμὲ·
2437 2393 2597 2445 αὑτοῦ
2626 2391 2916 2447 ἀκούσεσθε
2941 2392 3078 2444 κατά
3106 2392 3280 2445 πάντα
3302 2393 3399 2445 ὅσα
3430 2393 3495 2446 ἂν
3527 2393 3731 2467 λαλήσῃ

2182 2483 2328 2553 ὑμῖν.
2368 2482 2556 2535 Ἔσται
2585 2482 2660 2546 δὲ,
2697 2484 2844 2535 πᾶσα
2873 2480 3037 2551 ψυχὴ,
3062 2482 3182 2550 ἥτις
3211 2480 3276 2535 ἂν
3308 2483 3381 2555 μὴ
3408 2481 3612 2556 ἀκούσῃ
3637 2483 3731 2537 τοῦ

2180 2572 2453 2643 προφήτου
2505 2570 2728 2633 ἐκείνου,
2772 2569 3268 2641 ἐξολοθρευθήσεται
3311 2572 3374 2623 ἐκ
3413 2570 3505 2624 τοῦ
3544 2571 3731 2639 γένους

2179 2659 2366 2729 αὑτῆς.
2411 2678 2430 2711 ι
2470 2659 2579 2712 Καὶ
2607 2658 2789 2713 τοῦτον
2823 2659 2881 2713 δὲ
2919 2659 3008 2714 τὸν
3041 2660 3342 2732 προφήτην,
3374 2661 3609 2732 δηλονότι
3639 2662 3731 2718 τὸν

2177 2748 2428 2818 Χριστὸν,
2455 2750 2513 2816 ἐξ
2552 2749 2814 2803 Ἰουδαίων
2843 2749 3185 2823 προελθόντα,
3208 2753 3419 2805 πάντων
3438 2752 3543 2805 τῶν
3562 2751 3730 2807 ἐθνῶν

2176 2842 2603 2912 κατακρατήσειν
2636 2842 2793 2895 πάλιν
2826 2844 3110 2912 ἀναφωνεῖ,
3159 2842 3328 2912 λέγων
3347 2860 3360 2873 ο
3396 2863 3415 2895 ι
3459 2845 3545 2908 Ὠς
3575 2844 3729 2899 καλοὶ

2175 2932 2222 2985 οἰ
2261 2928 2396 2984 οἶκοί
2430 2949 2540 2995 σου,
2587 2934 2796 2997 Ἰακὼϐ,
2834 2936 2889 2987 αἱ
2914 2935 3130 3006 ,σκηναί
3178 2951 3291 3000 σου,
3328 2934 3557 3006 Ἰσραὴλ,
3595 2936 3727 2990 ὡσεὶ

2175 3021 2341 3077 νάπαι
2370 3024 2699 3089 σκιάζουσαι,
2726 3026 2818 3079 καὶ
2844 3026 2971 3080 ὡσεὶ
2996 3025 3315 3097 παράδεισος
3344 3027 3434 3080 ἐπὶ
3462 3027 3722 3099 ποταμὸν,

526 3098 775 3191 nuntiat:
784 3127 1060 3183 Christum
1090 3142 1154 3181 eo
1181 3125 1338 3181 modo
1376 3123 1711 3195 signiﬁcans,
1744 3098 1796 3177 et
1816 3098 1987 3177 eidem
2015 3129 2073 3174 ut

2181 3113 2248 3177 ὡς
2274 3115 2467 3183 σκηναὶ
2498 3114 2561 3179 ἃς
2587 3115 2779 3187 ἔπηξεν
2800 3117 3015 3189 Κύριος.
3056 3116 3417 3183 Ἑξελεύσεται
3445 3098 3725 3190 ἄνθρωπος

524 3225 770 3290 pareant,
821 3218 937 3272 suis
995 3216 1251 3271 omnibus
1304 3216 1577 3284 imperat:
1638 3228 1799 3283 quam
1837 3227 1949 3266 rem
1989 3211 2071 3266 his

523 3308 691 3365 ferme
719 3310 897 3364 verbis
922 3308 1128 3363 divinat
1159 3325 1171 3361 :
1208 3326 1226 3358 ι
1248 3305 1574 3377 PrOphetam
1605 3304 1759 3358 vobis
1782 3301 2071 3358 suscitabit

524 3402 780 3458 Dominus
813 3401 951 3456 Deus
977 3415 1043 3454 ex
1074 3398 1337 3453 fratribus
1360 3396 1557 3451 vestris
1594 3404 1846 3464 tanquam
1871 3409 1976 3456 me,
2002 3393 2070 3446 il-

523 3491 633 3545 lum
661 3490 891 3544 audietis
917 3490 969 3542 in
1004 3487 1258 3543 erunibus
1283 3501 1403 3555 quae
1434 3487 1685 3555 loquetur
1715 3484 1888 3539 vobis.
1915 3483 2069 3550 Qua:-

521 3595 738 3649 cunque
762 3593 892 3633 vero
923 3577 1103 3631 anima
1140 3592 1246 3630 non
1285 3575 1512 3629 audierit
1548 3573 1869 3645 Prophetam
1896 3576 2066 3637 illum,

520 3672 788 3728 delebitur
819 3670 886 3725 de
918 3684 1111 3740 genere
1140 3684 1238 3723 suo
1263 3669 1304 3699 δι
1337 3686 1382 3721 ι.
1419 3665 1585 3721 Porro
1623 3674 1799 3721 autem
1839 3666 2069 3737 prophe-

521 3774 630 3819 tam
662 3764 805 3817 hunc
848 3761 1124 3817 Christum
1173 3760 1348 3830 ipsum
1377 3759 1623 3813 videlicet
1654 3773 1684 3811 a
1714 3756 1917 3813 Iudaeis
1958 3759 2068 3812 ori-

520 3855 763 3918 undnm,
822 3853 948 3907 alibi
1000 3852 1125 3906 item
1182 3849 1437 3904 omnibus
1493 3848 1743 3918 gentibus
1775 3848 2069 3918 imperatu-

519 3960 661 4005 rum.
693 3944 937 3998 enuntiat
958 3941 1042 3995 his
1069 3937 1470 4003 verliischuam
1490 3937 1725 4006 pulchra?
1751 3937 1941 3992 domus
1963 3948 2067 3991 une

518 4035 702 4098 Iacob,
748 4034 981 4089 tentoria
1014 4041 1126 4097 tua,
1159 4030 1355 4095 Israel;
1385 4037 1443 4083 ut
1472 4030 1641 4085 saltus
1696 4031 1956 4091 umbrosi,
2006 4038 2065 4083 ut

520 4129 706 4181 hortus
734 4127 889 4194 juxta
941 4125 1161 4177 tlnvium
1189 4161 1203 4185 ,
1242 4129 1301 4175 ut
1352 4121 1700 4176 tabernacula
1726 4163 1740 4184 ,
1773 4139 1892 4192 qum
1952 4122 2064 4177 ﬁxit

520 4217 797 4272 Dominus.
856 4214 1101 4268 Prodibit
1153 4213 1314 4268 homo
1354 4230 1421 4269 ex
1450 4214 1655 4269 semine
1707 4214 1844 4283 ejus,
1875 4222 1927 4268 et
1962 4215 2062 4267 do-

517 4304 807 4359 minabitur
871 4303 1119 4372 gentibus
1176 4301 1472 4366 multis,et
1500 4301 1787 4356 extolletur
1836 4316 2060 4371 regnum

515 4396 632 4466 ejus
659 4397 757 4449 ⁸³.»
791 4395 932 4461 Quin
960 4396 1146 4456 etiam,
1188 4409 1311 4447 cum
1340 4392 1621 4447 duodecim
1672 4394 1891 4448 omnino
1918 4393 2058 4463 apud

2172 3206 2235 3259 ἐκ
2266 3206 2358 3260 τοῦ
2393 3207 2697 3279 σπέρματος
2722 3208 2903 3274 αὐτοῦ,
2941 3209 3035 3263 καὶ
3080 3208 3353 3280 κυριεύσει
3398 3208 3565 3263 ἐθνῶν
3590 3212 3711 3265 πολ-

2169 3298 2293 3362 λῶν,
2320 3299 2414 3351 καὶ
2437 3299 2776 3370 ὑψωθήσεται
2818 3302 2851 3371 ἡ
2884 3298 3124 3369 βασιλεία
3160 3299 3342 3354 αὐτοῦ.
3383 3319 3401 3352 ι
3447 3300 3601 3354 Ἀλλά
3628 3301 3724 3355 καὶ

2171 3390 2228 3458 ἐξ
2252 3391 2436 3454 ὁποίας
2459 3391 2643 3462 φυλῆς,
2665 3390 2867 3444 δώδεκα
2891 3390 2997 3444 τῶν
3022 3389 3155 3443 ὅλων
3180 3390 3306 3463 παρ’
3339 3391 3606 3462 Ἑϐραίοις
3631 3393 3723 3445 οὑ-

2170 3483 2295 3548 σῶν,
2317 3486 2397 3537 ὃτι
2423 3483 2486 3556 δὴ
2511 3482 2616 3537 ἀπὸ
2635 3483 2734 3553 τῆς
2772 3481 2937 3536 Ἰούδα
2967 3485 2995 3536 6
3018 3482 3398 3554 θεσπιζόμενος
3427 3483 3531 3539 τῶν
3551 3484 3719 3537 ἐθνῶν

2168 3573 2460 3644 νομοθέτης
2502 3574 2733 3646 Χριστὸς
2769 3572 3180 3645 προελεύσεταιο
3217 3573 3309 3627 καὶ
3352 3573 3491 3626 κατά
3535 3572 3718 3636 ποίους

2166 3665 2404 3736 χρόνους,
2430 3665 2510 3718 ὃτι
2542 3663 2675 3735 μετά
2707 3664 2801 3735 τὴν
2828 3664 3065 3734 ἔκλειψιν
3090 3663 3196 3717 τῶν
3221 3666 3283 3717 ἐκ
3308 3664 3581 3735 προγόνων
3605 3664 3719 3718 δια·-

2164 3757 2321 3828 δοχῆς
2344 3757 2435 3811 τοῦ
2481 3757 2741 3811 Ἰουδαίων
2784 3756 2967 3820 ἔθνους
2999 3756 3290 3829 ἀρξάντων,
3323 3758 3470 3828 δηλοῖ
3504 3759 3673 3827 λέγων
3696 3777 3711 3790 ·

2172 3866 2191 3899 ι
2231 3848 2343 3902 Ούκ
2372 3848 2603 3917 ἐκλείψει
2642 3847 2819 3920 ἄρχων
2865 3847 2925 3911 ἐξ
2957 3846 3140 3912 Ἰούδα,
3174 3847 3267 3900 καὶ
3314 3847 3607 3918 ἡγούμενος
3651 3854 3716 3904 ὲκ

2165 3937 2271 3990 τῶν
2308 3938 2491 4009 μηρῶν
2516 3938 2698 4001 αὐτοῦ,
2732 3938 2833 3999 ἓως
2865 3936 2929 3989 ἂν
2957 3936 3083 4010 ἔλθῃ
3106 3938 3172 3991 τὰ
3194 3938 3523 4008 ἀποκείμενα
3548 3939 3712 4010 αὐτῷ,

2162 4028 2255 4081 καὶ
2287 4028 2443 4089 αὐτὸς
2470 4028 2753 4099 προσδοκία
2786 4026 2968 4080 ἐθνῶν.
3004 4046 3022 4078 ι
3051 4028 3187 4081 Ποία
3219 4028 3275 4081 δὲ
3307 4028 3593 4099 προσδοκία
3623 4025 3710 4099 ἦν,

2163 4121 2273 4173 ἀλλ’
2307 4120 2338 4192 ἢ
2372 4123 2404 4191 ὴ
2436 4119 2511 4190 τῷ
2550 4119 2790 4191 Ἀϐραὰμ
2814 4120 3185 4191 ἐπηγγελμένη
3215 4121 3339 4192 περὶ
3367 4119 3459 4173 τοῦ
3483 4120 3593 4172 δεῖν
3621 4120 3712 4172 εὐ-

2161 4210 2545 4282 λογηθήσεσθαι
2579 4211 2636 4263 ὲν
2666 4209 2811 4281 αὐτῷ
2838 4211 3013 4264 πάντα
3048 4210 3118 4263 τὰ
3165 4211 3290 4281 ἔθνη
3326 4212 3425 4280 τῆς
3449 4212 3579 4282 γῆς;
3608 4212 3716 4266 Πέο

2161 4320 2294 4373 φηνε
2322 4301 2601 4372 τοιγαροῦν
2622 4301 2712 4354 καὶ
2730 4302 2887 4365 αὐτὸς
2915 4303 2943 4353 6
2973 4303 3207 4373 Μωῦσῆς
3228 4302 3466 4373 ἀκριϐῶς
3488 4303 3713 4357 ἐπιστά-

2164 4410 2319 4466 μενος
2336 4394 2431 4463 τὴν
2455 4393 2551 4464 μὲν
2580 4392 2712 4463 πρὸς
2739 4392 2900 4446 αὑτοῦ
2928 4393 3263 4461 διαταγεῖσαν
3283 4391 3597 4464 νομοθεσίαν
3619 4393 3710 4458 ἐξ·

517 4487 767 4542 llebraeos
798 4492 982 4540 essent
1009 4485 1204 4549 tribus,
1234 4500 1299 4539 ex
1332 4499 1435 4554 qua
1469 4483 1681 4537 illarum
1700 4485 1939 4539 oriturus
1971 4484 2059 4538 hic

2181 4485 2426 4548 ισθενεῖν,
2460 4486 2539 4547 εἰς
2577 4484 2638 4537 τὸ
2671 4486 2832 4538 πᾶσιν
2868 4484 3167 4555 ἐφαρμόσαι
3209 4487 3317 4547 τοῖς
3349 4484 3583 4537 ἔθνεσιν·
3630 4487 3714 4551 εἰς

517 4577 653 4648 apud
684 4583 868 4644 gentes
907 4576 1082 4644 legum
1107 4582 1327 4636 auctor,
1355 4573 1448 4643 qui
1478 4572 1691 4626 canitur
1712 4587 1742 4625 a
1773 4573 2054 4643 propheta,

2181 4577 2501 4648 εκπλήρωσιν
2527 4576 2583 4629 δὲ
2603 4575 2708 4628 τῶν
2732 4575 2861 4649 πρὸς
2888 4576 2976 4629 τὸν
3014 4574 3258 4646 Ἀϐραὰμ
3288 4576 3565 4647 χρησμῶν,
3597 4578 3714 4632 ἑτέ-

512 4677 567 4725 et
595 4669 791 4739 quibus
819 4667 1147 4736 temporibus
1179 4666 1392 4720 futurus
1419 4675 1597 4727 esset,
1642 4665 1786 4735 quod
1817 4665 1884 4721 de
1910 4667 2054 4722 tribu

2181 4686 2256 4722 mu
2287 4668 2487 4721 δεῖσθαι
2517 4669 2807 4739 προφήτου.
2832 4662 2995 4731 Οὗτος
3022 4666 3077 4719 δὲ
3101 4667 3207 4737 ἀρα
3236 4662 3323 4737 ἦν,
3355 4667 3414 4721 ὃν
3445 4668 3501 4735 ἐξ
3546 4670 3713 4726 Ἰούδα

510 4759 646 4816 Juda
678 4742 946 4823 videlicet,
978 4759 1227 4829 quodque
1258 4766 1407 4821 tunc,
1433 4773 1554 4812 cum
1591 4757 1883 4812 defecerint
1909 4759 1998 4828 qui
2027 4773 2058 4813 a

2181 4760 2323 4831 >υλῆς
2353 4758 2790 4829 προελεύσεσθαι,
2825 4759 2918 4811 καὶ
2950 4757 3154 4811 πολλῶν
3195 4757 3363 4812 ἐθνῶν
3406 4761 3711 4833 κυριεύσειν

511 4847 809 4916 majoribus
839 4847 940 4900 sibi
971 4844 1225 4900 traditum
1273 4844 1510 4901 Iudaicae
1549 4848 1725 4915 gentis
1769 4847 2056 4917 imperium

2181 4849 2672 4922 ιρομαρτυρόμενος
2703 4848 3096 4918 εὐηγγελίζετο.

509 4952 694 5000 tenere
739 4943 1165 5005 conisuevisscnt,
1201 4942 1513 5011 planissime
1556 4942 1757 4996 indicat
1788 4944 1873 4997 his
1916 4945 2128 5002 verbis:
2164 4963 2183 4996 ι
2213 4962 2319 5000 non
2344 4944 2575 5009 deficiet,
2610 4946 2803 5014 inquit,
2834 4944 3084 5015 princeps
3117 4944 3184 5000 de
3209 4944 3369 5010 Iuda,
3394 4964 3567 5019 neque
3594 4948 3699 5005 dux

508 5042 575 5096 de
606 5040 897 5097 femoribus
924 5038 1062 5107 ejus,
1094 5037 1265 5092 donec
1294 5039 1509 5093 veniant
1531 5054 1649 5108 quae
1674 5039 1910 5108 reposita
1968 5049 2096 5094 sunt
2133 5042 2257 5111 ipsi,
2288 5050 2342 5096 et
2370 5042 2485 5111 ipse
2508 5040 2838 5109 exspectatio
2872 5042 3110 5109 gentium
3144 5039 3225 5094 υτ
3272 5060 3290 5093 ι
3331 5042 3423 5098 sed
3465 5057 3705 5113 quaenam

506 5131 621 5187 haec
646 5129 974 5202 exspectatio
1000 5137 1117 5183 erat
1160 5138 1349 5199 pra-ter
1380 5145 1496 5185 eam
1529 5145 1649 5200 qua:
1678 5129 1910 5186 Abrahae
1964 5132 2233 5202 quondam
2286 5134 2554 5203 promissa
2605 5133 2778 5187 fuerat
2798 5132 2820 5185 ‘i
2841 5131 2984 5202 qUud
3020 5131 3271 5188 videlicet
3299 5134 3353 5189 in
3378 5135 3495 5205 ipso
3520 5147 3707 5188 omnes

505 5233 693 5291 gentes
724 5232 881 5278 terrae
910 5232 1091 5279 essent
1123 5224 1518 5279 benedicendaa.
1553 5223 1739 5295 ltaque
1778 5236 1937 5281 etiam
1965 5227 2080 5296 ipse
2129 5225 2303 5282 Moses
2360 5230 2510 5283 visus
2556 5234 2639 5281 est
2702 5226 2899 5297 Optime
2959 5226 3257 5285 intelligere
3295 5229 3532 5283 futurum
3584 5242 3710 5284 esse

505 5316 796 5383 aiiquando
829 5356 845 5381 ,
890 5326 948 5371 ut
974 5318 1118 5387 leges
1151 5318 1202 5387 7
1233 5333 1368 5387 quas
1402 5319 1517 5388 ipse
1545 5318 1778 5382 tulisset,
1830 5324 2084 5377 omnibus
2115 5323 2366 5392 gentibus
2412 5320 2810 5376 accommodari
2838 5337 2945 5376 non
2965 5331 3204 5393 possent.
3222 5323 3300 5377 Ad
3322 5338 3382 5375 ea
3412 5335 3539 5376 vero
3584 5336 3712 5377 ora-

507 5414 629 5463 cula
668 5412 1065 5481 comprobanda
1088 5418 1141 5467 et
1167 5413 1503 5467 conﬁcienda
1559 5430 1680 5483 quae
1729 5416 1959 5469 Abrahae
2015 5415 2225 5471 reddita
2256 5424 2404 5481 sunt,
2438 5418 2609 5472 altero
2657 5432 2793 5488 opus
2842 5433 2963 5474 esse
3015 5415 3297 5485 propheta,
3339 5415 3431 5471 sed
3464 5414 3555 5472 hic
3593 5427 3713 5473 erat

512 5517 667 5570 quem
694 5502 762 5559 de
791 5506 931 5559 tribu
956 5506 1093 5561 .luda
1127 5507 1487 5579 proditurum,
1536 5510 1829 5582 multisque
1864 5512 2115 5582 gentibus
2142 5512 2539 5568 dominaturum
2591 5514 2854 5584 superiori
2914 5512 3222 5569 testimonio
3273 5511 3706 5569 conlirmaverat.

580 5614 625 5645 ’δ
655 5614 844 5671 Matth.
893 5632 1097 5683 xxvtn,
1141 5620 1227 5676 49.
1304 5622 1352 5654 ⁸⁸
1404 5620 1539 5678 Ibid.
1580 5622 1671 5678 20.
1746 5624 1792 5657 “
1830 5623 1949 5679 Act.
1994 5640 2082 5691 xv,

517 5681 561 5721 ⁸³
595 5681 730 5740 Cen.
761 5701 905 5750 χιιι,
949 5687 1032 5744 lO.

2181 5625 2227 5691 ἰ,
2305 5624 2347 5657 δ’
2390 5624 2544 5681 Dent.
2585 5642 2744 5694 xvnt,
2786 5628 2887 5697 i5,
2928 5627 3012 5683 l9.
3091 5627 3134 5660 “
3170 5624 3325 5682 Num.
3366 5640 3511 5698 ntv,
3557 5627 3611 5695 5,
3653 5628 3699 5685 7.
