4068 6206
320 291 387 349 ιι
1198 288 1849 349 DEMONSTRATIONIS
1887 290 2357 349 EVANGELICA‘J
2397 293 2525 348 LIB.
2571 295 2614 353 l.
3490 297 3559 348 I‘z

866 408 1252 463 ΚΕΦΑΛΑΙΟΝ
1285 411 1355 463 A'.

322 520 385 577 Τί
411 520 665 591 δήποτε,
696 519 772 574 τὰ
810 519 965 587 παρὰ
1003 518 1299 591 Ἰουδαίοις
1340 521 1768 591 ἀποδεχόμενοι
1793 521 1896 575 λό-

435 607 558 664 για,
592 590 705 645 τὸν
730 592 864 658 παρ’
894 590 1091 656 αὐτοῖς
1109 591 1255 655 βίον
1286 590 1773 662 παρῃτησάμεθα.

381 745 493 799 Διὰ
519 744 589 816 δὴ
620 739 714 797 οὖν
754 743 917 796 ταῦτα
947 743 1095 797 ὠσὰν
1127 745 1196 799 τὰ
1238 747 1365 816 περὶ
1391 746 1548 817 ἡμῶν
1586 747 1693 800 τῶν
1726 748 1894 802 ἐθνῶν

310 837 675 907 θεσπίσματα
718 836 1065 907 περιεχούσας
1116 839 1215 901 τάς
1257 840 1385 909 παρ’
1430 838 1696 910 Ἑϐραίοις
1746 840 1896 912 ἱερὰς

315 934 567 1005 βίϐλους,
607 934 697 986 ἅτε
738 934 828 985 καὶ
881 932 1036 1003 ἡμῶν
1081 934 1286 997 οἰκείας
1326 934 1489 998 οὔσας
1529 933 1789 1005 είλάμεθά
1833 953 1893 988 τε

320 1027 423 1080 καὶ
446 1025 784 1096 ἐστέρξαμεν,
819 1024 908 1077 ὅτε
972 1025 1204 1095 μάλιστα
1234 1028 1295 1079 οὐ
1337 1027 1494 1097 μόνον
1524 1027 1729 1098 Μωσῆς
1764 1029 1892 1098 περὶ

324 1119 422 1171 τοῦ
454 1120 566 1189 μετ’
591 1116 745 1170 αὑτὸν
765 1116 987 1186 ἥξοντος
1011 1116 1294 1186 νομοθέτου
1322 1117 1432 1169 τῶν
1464 1116 1631 1170 ἐθνῶν
1660 1135 1890 1189 προανε-

330 1211 510 1281 φὼνει,
536 1211 661 1265 ἀλλὰ
706 1211 802 1265 κα)⁵
851 1212 899 1263 οί
950 1212 1064 1281 μετ’
1089 1212 1248 1265 αὑτὸν
1284 1212 1559 1284 προφῆται
1596 1212 1891 1284 συλλήϐδην

325 1307 494 1359 εἰπεῖν
551 1304 784 1367 ἅπαντες
825 1303 896 1357 τὰ
934 1304 1094 1373 ὅμοια
1136 1306 1558 1377 προεκήρυττον.
1597 1304 1890 1376 Ὡσπεροῦν

320 1395 351 1449 ὁ
392 1395 547 1447 Δασὶδ
592 1394 844 1463 φάσκων·
876 1414 894 1446 ι
932 1396 1307 1469 Κατάστησον,
1355 1395 1546 1467 Κύριε,
1596 1396 1889 1468 νομοθέτην

315 1486 403 1539 ἐπ’
430 1487 636 1549 αὐτοὺς,
679 1486 972 1554 γνώτωσαν
1016 1488 1162 1560 ἔθνη,
1217 1489 1297 1542 ὅτι
1344 1488 1621 1563 ἄνθρωποί
1671 1492 1826 1544 είσιν.
1863 1509 1882 1542 ι

315 1576 452 1649 Ὅρα
495 1578 569 1643 ὡς
616 1580 867 1650 δευτέρου
923 1581 1194 1653 μέμνηται
1247 1584 1340 1636 καὶ
1392 1574 1548 1646 οὗτος
1597 1583 1884 1655 νομοθέτου

305 1669 488 1725 ἐθνῶν.
517 1672 609 1725 Διὸ
642 1674 734 1726 καὶ
758 1674 815 1752 ἐν
846 1674 1017 1746 ἐτέρῳ
1052 1674 1252 1746 ψαλμῷ
1280 1679 1391 1741 τοῖς
1424 1676 1600 1730 ἔθνεσι
1638 1696 1887 1750 προσφω-

2594 411 2823 468 CAPUT
2870 412 2959 470 IV.

2003 519 2245 587 Quanam
2275 522 2338 576 de
2368 538 2551 587 causa,
2580 541 2699 577 cum
2730 527 2959 579 omnium
3003 525 3308 581 Juda'orum
3339 527 3561 582 oracufa

2070 594 2438 673 acceperimus,
2465 596 2765 651 earumdem
2795 597 2992 651 vivendi
3023 598 3321 652 institutum
3347 615 3561 654 recusa-

2069 679 2257 718 rimus.

2077 755 2174 813 llis
2209 757 2374 828 igitur
2400 758 2466 813 de
2513 759 2697 813 causis
2734 773 2919 814 sacros
2965 757 3313 814 Hebrmorum
3363 760 3555 823 libros,

1996 858 2185 922 utpote
2210 850 2303 920 qui
2333 848 2401 904 dc
2442 850 2598 904 nobis
2650 851 2904 921 gentibus
2954 850 3178 904 oracula
3220 851 3553 916 contineant,

1995 945 2153 1016 quasi
2194 944 2442 1014 preprios
2498 954 2735 1006 nostros,
2790 954 2845 1000 et
2900 945 3213 1014 accepimus
3245 952 3298 1000 et
3327 948 3557 1017 amplexi

1996 1050 2187 1090 sumus
2212 1053 2224 1087 :
2246 1048 2418 1104 eoque
2448 1034 2621 1104 magis
2655 1037 2798 1104 quod
2853 1052 2960 1091 non
3004 1052 3144 1091 unus
3180 1035 3357 1092 Moses
3385 1037 3452 1092 de
3480 1038 3557 1092 Ie-

1993 1143 2121 1199 gum
2180 1134 2405 1181 auctore
2437 1126 2579 1195 apud
2610 1136 2796 1196 gentes
2826 1136 2948 1199 post
2983 1128 3222 1199 scipsum
3258 1127 3441 1182 futuro
3474 1137 3558 1183 est

1993 1221 2341 1281 vaticinatus.
2406 1219 2501 1275 sed
2553 1221 2715 1276 etiam
2758 1222 2875 1291 ipso
2910 1220 3055 1276 Mose
3074 1221 3402 1291 posteriores
3430 1236 3558 1292 pro-

1991 1314 2186 1383 pbette,
2217 1322 2277 1369 ut
2297 1312 2534 1368 breviter
2556 1313 2755 1378 dicam,
2781 1313 3019 1369 universi
3046 1313 3219 1368 eidem
3249 1313 3325 1368 illi
3356 1313 3557 1370 similia

1989 1405 2326 1468 cecinerunt,
2363 1413 2420 1458 ut
2445 1403 2636 1468 David,
2668 1406 2759 1475 qui
2798 1407 2872 1458 ait
2905 1424 2916 1457 :
2958 1423 2977 1454 ‹
3017 1403 3332 1468 Constitue,
3370 1401 3556 1457 Domi-

1988 1512 2079 1560 ne,
2108 1494 2517 1561 legumlatorem
2542 1512 2708 1565 super
2726 1511 2841 1561 eos,
2862 1508 3159 1566 agnoscant
3180 1486 3388 1566 gentes,
3407 1495 3555 1565 quod

1987 1585 2235 1647 homines
2274 1592 2401 1640 sunt
2429 1584 2492 1639 “.
2536 1605 2555 1638 ›
2584 1584 2749 1650 Vide,
2780 1601 2985 1656 quaeso,
3022 1594 3080 1639 ut
3115 1586 3203 1640 hic
3230 1602 3446 1656 quoque
3473 1589 3554 1640 al-

1986 1676 2157 1731 terius
2196 1674 2567 1745 legumlatoris
2608 1676 2872 1732 meminit.
2924 1675 3189 1742 Quocirca
3229 1677 3356 1731 alibi
3408 1676 3550 1732 idem

305 1767 384 1817 νεῖ
410 1765 560 1836 ᾅδειν
603 1766 662 1819 οὺ
716 1766 777 1821 τὸ
812 1767 1036 1821 παλαιὸν
1084 1770 1177 1822 καὶ
1224 1771 1514 1823 Μωσαῖκδν
1552 1766 1722 1841 ᾆσμα,
1766 1768 1871 1823 ἁλλ¹

1982 1765 2069 1818 bic
2097 1765 2348 1835 gentibus
2367 1766 2595 1835 imperat
2625 1781 2824 1821 canere
2853 1780 2963 1820 non
2993 1766 3278 1837 antiquum
3312 1768 3549 1837 amplius
3588 1834 3591 1835 ν

306 1856 487 1928 ἕτερον
539 1856 755 1920 καινὸν,
811 1857 1012 1927 λέγων·
1048 1878 1067 1910 ί
1108 1860 1312 1932 ’ᾼσατε
1361 1860 1438 1931 τῷ
1486 1861 1674 1932 Κυρίῳ
1727 1856 1879 1931 ᾆσμα

300 1948 512 2011 καινὸν,
565 1947 731 2017 ᾅσατε
782 1947 859 2017 τῷ
917 1950 1107 2020 Κυρίῳ
1165 1952 1314 2003 πᾶσα
1360 1953 1393 2021 ἡ
1445 1950 1539 2020 γῆ.
1598 1951 1877 2018 Ἀναγγεί-

298 2037 433 2090 λατε
463 2039 519 2089 ἐν
557 2041 668 2100 τοῖς
718 2038 892 2091 ἔθνεσι
942 2040 1040 2110 τὴν
1100 2040 1255 2104 δόξαν
1296 2041 1456 2093 αὑτοῦ
1482 2082 1496 2105 ,
1529 2042 1585 2093 ἐν
1615 2042 1747 2094 πᾶσι
1770 2043 1881 2103 τοῖς

302 2127 458 2191 λαοῖς
498 2127 566 2181 τὰ
611 2127 886 2199 θαυμάσια
939 2130 1121 2183 αὑτοῦ.
1174 2132 1297 2184 Ὀτι
1352 2131 1522 2202 μέγας
1558 2131 1763 2202 Κύριος
1789 2131 1882 2185 καὶ

303 2219 518 2282 αίνετὸς
577 2220 819 2291 σφόδρα’
880 2219 1105 2291 φοϐερός
1160 2222 1309 2275 ἐστιν
1368 2222 1459 2275 ἐπὶ
1500 2223 1704 2287 πάντας
1757 2224 1882 2286 τοὺς

303 2309 479 2374 θεούς,
522 2312 638 2364 Ὅτι
682 2314 881 2376 πάντες
918 2315 967 2365 0i
1018 2314 1128 2367 θεοὶ
1154 2314 1263 2367 τῶν
1298 2312 1484 2379 ἐθνῶν,
1527 2314 1803 2385 δαιμόνιαο
1851 2318 1881 2369 ὁ

299 2403 356 2455 δέ
395 2402 596 2475 Κύριος
652 2404 777 2467 τοὺς
836 2405 1097 2476 οὐρανοὺς
1142 2404 1414 2473 ἐποίησεν.
1480 2405 1764 2472 Ἐνέγκατε
1802 2406 1879 2477 τῷ

301 2496 492 2567 Κυρίῳ
525 2498 580 2549 αἱ
618 2496 843 2567 πατριαὶ
890 2496 995 2548 τῶν
1039 2495 1226 2556 ἐθνῶν,
1271 2495 1523 2563 ἐνέγκατε
1571 2495 1648 2565 τῷ
1688 2498 1877 2569 Κυρίῳ

302 2587 456 2652 δόξαν
487 2588 707 2658 ὀνόματι
740 2588 924 2640 αὐτοῦ.
968 2608 985 2638 ι
1023 2588 1133 2640 Καὶ
1165 2587 1355 2642 πάλιν’
1394 2606 1411 2637 ι
1446 2587 1649 2641 Εἴπατε
1681 2590 1737 2641 ἐν
1765 2592 1875 2654 τοῖς

304 2677 528 2744 ἔθνεσιν,
560 2683 640 2734 ὅτι
671 2682 875 2753 Κύριος
907 2682 1222 2735 ἐϐασίλευσε
1243 2699 1256 2712 ·
1292 2683 1385 2734 καὶ
1410 2682 1516 2753 γὰρ
1548 2681 1875 2752 κατώρθωσε

303 2768 398 2840 τὴν
433 2772 773 2843 οἰκουμένην,
808 2773 929 2842 ἥτις
960 2773 1020 2825 οὑ
1064 2770 1467 2843 σαλευθήσεται.
1499 2789 1516 2820 ι
1540 2771 1650 2824 Καὶ
1679 2771 1838 2825 πάλιν
1858 2789 1870 2800 ⁶

306 2878 328 2912 ε
356 2861 552 2932 ’ᾼσατε
573 2863 651 2934 τῷ
668 2863 853 2933 Κυρίῳ
876 2860 1025 2935 ᾆσμα
1054 2864 1257 2929 καινὸν,
1279 2864 1362 2916 ὅτι
1388 2862 1876 2934 θαυμαστὰέποίη-

301 2969 408 3007 σεν.
441 2954 731 3025 Ἐγνώρισε
771 2954 973 3027 Κύριος
1005 2955 1062 3007 τὸ
1095 2956 1360 3026 σωτήριον
1411 2954 1573 3008 αὐτοῦ
1598 2972 1609 2984 ·
1635 2956 1873 3008 ἐναντίον

300 3044 406 3098 τῶν
432 3046 597 3099 ἐθνῶν
625 3046 939 3117 ἀπεκάλυψε
974 3048 1071 3117 τὴν
1112 3047 1452 3119 δικαιοσύνην
1490 3047 1673 3101 αὑτοῦ.
1722 3046 1871 3099 Εἶδο-

1982 1858 2135 1921 illud,
2176 1868 2230 1914 et
2284 1858 2578 1914 Mosaicum
2617 1859 2915 1924 canticum,
2945 1858 3038 1913 sed
3087 1858 3236 1913 aliud
3272 1858 3548 1928 quoddam

1983 1964 2204 2015 novum,
2240 1950 2296 2004 in
2335 1952 2479 2004 hunc
2509 1951 2732 2006 modum
2768 1970 2780 2005 :
2821 1970 2838 2002 ι
2878 1950 3108 2007 Cantate
3152 1951 3381 2007 Domino
3414 1966 3548 2006 can-

1982 2040 2151 2093 ticum
2183 2057 2401 2108 novum,
2429 2050 2645 2097 cantate
2670 2043 2899 2097 Domino
2928 2044 3106 2099 omnis
3125 2051 3293 2100 terra.
3316 2043 3547 2099 Annuu-

1983 2131 2115 2185 tiate
2142 2131 2198 2185 in
2228 2116 2474 2201 gentibus
2504 2134 2731 2203 gloriam
2767 2135 2888 2203 ejus
2918 2153 2930 2187 :
2957 2135 3010 2188 in
3042 2136 3298 2191 omnibus
3328 2137 3545 2208 populis

1983 2222 2252 2277 mirabilia
2282 2223 2423 2292 ejus.
2463 2225 2732 2290 Quoniam
2787 2240 3018 2297 magnus
3047 2227 3312 2284 Dominus
3333 2236 3387 2283 et
3427 2230 3545 2282 lau-

1982 2311 2179 2368 dabilis
2210 2314 2367 2370 valde
2412 2334 2425 2368 :
2473 2315 2731 2371 terribilis
2788 2327 2872 2371 est
2925 2333 3092 2387 supra
3147 2333 3338 2375 omnes
3391 2320 3542 2376 deos.

1981 2402 2247 2468 Quoniam
2275 2418 2463 2461 omnes
2506 2405 2581 2459 dii
2636 2408 2900 2476 gentium,
2942 2409 3207 2462 daemonia
3239 2428 3253 2464 :
3285 2409 3546 2466 Dominus

1977 2505 2159 2549 autem
2185 2497 2355 2552 caelos
2402 2495 2551 2552 fecit.
2584 2498 2786 2554 Aﬂ‘erte
2816 2498 3045 2553 Domino
3074 2502 3247 2556 tribus
3281 2502 3543 2571 gentium,

1977 2588 2162 2642 all‘erte
2188 2587 2414 2643 Domino
2430 2590 2656 2659 gloriam
2684 2590 2892 2643 nomini
2924 2592 3125 2660 ejus“.
3165 2611 3182 2643 ι
3220 2590 3283 2644 Et
3310 2608 3541 2649 rursus:

1980 2697 2001 2730 ι
2039 2676 2209 2731 Dicite
2256 2679 2310 2731 in
2355 2678 2609 2748 gentibus
2640 2678 2786 2748 quod
2838 2677 3101 2734 Dominus
3137 2680 3383 2750 regnavit
3452 2681 3544 2734 Et-

1980 2770 2125 2826 enim
2156 2773 2393 2825 correxit
2439 2772 2627 2827 orbem
2675 2779 2853 2834 terrae,
2885 2771 2977 2840 qui
3013 2787 3123 2826 non
3176 2774 3546 2828 commovebi-

1974 2870 2063 2916 tur
2096 2862 2163 2915 “.
2210 2882 2228 2914 ι
2264 2861 2329 2917 Et
2358 2862 2525 2918 alibi:
2567 2881 2585 2914 ι
2622 2862 2849 2917 Cantate
2893 2862 3119 2918 Domino
3153 2864 3420 2918 canticum
3452 2880 3543 2917 no-

1973 2969 2120 3017 vum,
2158 2953 2287 3024 quia
2335 2954 2608 3009 mirabilia
2650 2952 2796 3009 fecit.
2854 2951 3051 3008 Notum
3106 2954 3231 3010 fecit
3276 2955 3540 3012 Dominus

1973 3046 2211 3100 salutare
2269 3062 2451 3111 suum,
2499 3047 2555 3100 in
2620 3054 2918 3116 conspectu
2985 3046 3226 3117 gentium
3282 3049 3540 3104 revelavit

302 3155 400 3191 σαν
429 3139 602 3191 πάντα
628 3139 692 3192 τὰ
723 3141 931 3211 πέρατα
960 3140 1059 3210 τῆς
1091 3139 1194 3209 γῆς
1224 3139 1285 3193 τὸ
1330 3142 1591 3211 σωτήριον
1618 3139 1709 3193 τοῦ
1737 3138 1870 3193 Θεοῦ

1974 3139 2237 3208 justitiam
2267 3155 2444 3195 suam.
2482 3138 2747 3195 Viderunt
2772 3155 2960 3195 omnes
2995 3140 3127 3197 lines
3150 3149 3307 3197 terra:
3335 3142 3542 3198 saluta-

300 3231 477 3301 ἡμῶν.
524 3250 542 3281 ›
578 3232 686 3283 Καὶ⁹
712 3234 806 3302 ὅρα
842 3232 961 3285 τίνα
993 3233 1191 3303 τρόπον
1234 3232 1291 3284 ἐν
1332 3231 1539 3296 τούτοις
1581 3232 1641 3285 τὸ
1689 3232 1871 3286 καινὸν

302 3318 454 3393 ᾆσμα
482 3323 542 3376 οὺ
570 3324 644 3394 τῷ
685 3325 947 3378 Ἰουδαίων
980 3325 1142 3389 ἔθνει,
1188 3325 1323 3378 ἀλλὰ
1355 3328 1466 3389 τοῖς
1503 3327 1666 3379 πᾶσιν
1696 3326 1870 3379 ἔθνεσι

301 3415 672 3483 καταγγέλλει,
731 3416 823 3470 τοῦ
857 3418 944 3471 διὰ
974 3418 1216 3481 Μωσέως
1258 3417 1484 3471 παλαιοῦ
1526 3418 1703 3488 μόνοις
1745 3419 1872 3470 Ἰου-

293 3505 463 3569 δαίοις
488 3509 872 3579 προσήκοντος.
898 3508 1064 3563 Τοῦτό
1087 3527 1166 3562 τοι
1182 3509 1241 3563 τὸ
1270 3509 1451 3562 καινὸν
1475 3507 1644 3580 ᾆσμα,
1666 3511 1858 3579 καινὴν

293 3600 869 3673 ΔιαθήκηνῚερεμίας,
904 3603 1086 3673 ἕτερος
1112 3602 1240 3673 παρ’
1272 3602 1541 3673 Ἑϐραίοις
1566 3604 1867 3676 προφήτης,

294 3694 575 3759 ἀποκαλεῖ,
600 3695 804 3763 λέγων·
836 3718 850 3745 ο
894 3696 1021 3749 Ἰδοὺ
1056 3695 1255 3766 ἡμέραι
1285 3695 1551 3767 ἔρχονται,
1586 3694 1731 3763 λέγει
1758 3693 1869 3746 Κύ-

296 3804 430 3860 ριος,
459 3790 553 3841 καὶ
584 3788 907 3860 διαθήσομαι
938 3789 1017 3859 τῷ
1050 3788 1184 3858 οἴκῳ
1224 3788 1456 3859 Ἰσραὴλ,
1487 3787 1581 3841 γα).
1616 3787 1694 3858 τῷ
1733 3786 1868 3856 οἴκῳ

306 3878 477 3933 Ἰούδα
508 3881 783 3953 Διαθήκην
811 3884 1030 3954 καινήν·
1080 3883 1139 3935 οὑ
1166 3880 1308 3935 κατὰ
1346 3879 1443 3951 τὴν
1483 3879 1755 3950 Διαθήκην
1801 3880 1866 3949 ἢν

294 3968 551 4044 διεθέμην
580 3976 691 4036 τοῖς
719 3974 985 4045 πατράσιν
1026 3971 1223 4034 αὐτῶν,
1252 3973 1308 4023 ἐν
1333 3969 1512 4041 ἡμέρᾳ
1534 3971 1593 4022 ἐν
1673 3967 1866 4021 ἐπελα-

293 4060 468 4135 εόμην
501 4065 600 4135 τῆς
633 4067 810 4137 χειρὸς
854 4065 1051 4129 αὐτῶν,
1102 4063 1384 4132 ἐξαγαγεῖν
1431 4062 1624 4125 αὐτοὺς
1663 4063 1726 4114 ἐκ
1764 4061 1864 4132 γῆς

293 4159 588 4226 Δίγύπτου’
611 4159 691 4211 ὅτι
707 4159 858 4210 αὐτοὶ
883 4158 981 4209 οὐκ
1010 4155 1287 4225 ἐνέμειναν
1313 4156 1370 4207 ἐν
1394 4157 1459 4225 τῇ
1485 4154 1719 4225 Διαθήκῃ
1742 4171 1861 4223 μου,

296 4250 449 4321 κάγὼ
498 4250 745 4322 ἠμέλησα
790 4232 994 4312 αὗτῶν,
1034 4248 1178 4316 λέγει
1231 4246 1453 4318 Κύριος.
1480 4247 1601 4300 Ὅτι
1648 4247 1785 4318 αὕτη
1830 4249 1863 4319 ἡ

294 4345 532 4415 Διαθήκη
581 4343 647 4414 ἣν
699 4342 1020 4413 διαθήσομαι
1071 4339 1148 4410 τῷ
1182 4340 1416 4411 Ἰσραὴλ,
1445 4340 1593 4408 λέγει
1639 4339 1859 4411 Κύριος,

292 4437 464 4502 διδοὺς
502 4438 699 4508 νόμους
747 4454 868 4507 μου,
902 4436 993 4489 ἐπὶ
1021 4435 1118 4507 τὴν
1146 4434 1381 4487 διάνοιαν
1412 4432 1588 4486 αὐτῶν
1632 4434 1724 4485 καὶ
1768 4431 1860 4485 ἐπὶ

292 4532 390 4593 τὰς
422 4530 646 4602 καρδίας
680 4528 856 4582 αὐτῶν
884 4528 1096 4600 γράψω,
1127 4528 1221 4580 καὶ
1247 4526 1437 4596 ἔσομαι
1487 4524 1665 4577 αὐτῶν
1703 4524 1853 4588 Θεὸς,

291 4622 388 4675 καὶ
448 4622 600 4675 αὐτοὶ
659 4619 870 4674 ἔσονταί
908 4637 1007 4689 μου
1054 4618 1200 4681 λαός.
1249 4636 1268 4669 ι
1310 4617 1473 4687 Ὁρᾷς
1513 4615 1606 4668 καὶ
1650 4613 1858 4678 τοῦτον,

291 4714 368 4777 ῶς
400 4713 835 4782 διαστελλόμενος
871 4712 962 4765 δύο
1004 4710 1296 4781 Διαθήκας,
1339 4708 1433 4779 τὴν
1482 4708 1579 4778 μὲν
1623 4706 1858 4760 παλαιὰν

290 4806 564 4876 ὀνομάζει,
606 4805 701 4875 τὴν
740 4806 794 4859 δέ
842 4806 1062 4875 καινήν;
1107 4803 1200 4856 καί
1254 4819 1383 4873 φησι
1425 4800 1521 4872 τὴν
1574 4799 1761 4871 καινὴν
1796 4799 1856 4851 οὐ

288 4899 431 4953 κατὰ
471 4898 568 4970 τὴν
619 4897 849 4951 παλαιὰν
898 4895 1133 4959 ἔσεσθαι,
1173 4894 1240 4965 ἣν
1289 4893 1492 4947 διέθετο
1518 4894 1629 4955 τοῖς
1654 4890 1859 4963 πατρά-

289 5007 403 5057 σιν;
443 4989 508 5042 Ἦ
547 4989 642 5059 μὲν
676 4987 781 5059 γὰρ
809 4990 919 5051 τοῖς
950 4984 1280 5039 ἁποπεσοῦσι
1318 4985 1413 5053 τῆς
1440 4983 1545 5037 τῶν
1579 4982 1855 5054 προγόνων

285 5078 569 5142 εὐσεϐείας
616 5078 904 5141 Ἰουδαίοις,
950 5076 1040 5129 τὸν
1082 5074 1452 5143 Αίγυπτιακὸν
1503 5074 1559 5126 δέ
1602 5072 1713 5142 βίον
1759 5071 1854 5124 καὶ

285 5174 485 5243 τρόπον
512 5169 836 5242 ζηλώσασιν,
874 5170 966 5222 ἐπί
998 5186 1056 5222 τε
1093 5168 1187 5239 τὴν
1216 5167 1469 5220 πολύθεον
1508 5166 1732 5235 πλάνην,
1760 5164 1853 5217 καὶ

285 5263 382 5333 τὴν
412 5265 558 5333 ἀμφὶ
590 5262 659 5314 τὰ
689 5261 880 5315 εἴδωλα
927 5259 1033 5313 τῶν
1076 5259 1240 5313 ἐθνῶν
1285 5255 1695 5325 δεισιδαιμονίαν
1739 5254 1852 5306 ὀλι-

289 5353 549 5425 σθήσασιν
581 5353 982 5423 νενομοθέτητο,
1034 5350 1179 5404 ὠσὰν
1218 5349 1478 5410 πεσόντας
1500 5345 1848 5417 ἀνεγείρουσα

287 5446 381 5499 καὶ
411 5444 715 5519 ἀνορθοῦσα
745 5446 867 5509 τοὺς
900 5446 1121 5515 πρηνεῖς
1176 5442 1454 5513 κειμένους
1504 5439 1852 5511 καταλλήλοῠς

286 5539 678 5603 διδασκαλίαις·
723 5557 742 5590 t
789 5538 1024 5599 Δικαίοις
1069 5535 1198 5604 γάρ,
1248 5554 1267 5587 ι
1315 5536 1467 5607 φησὶ,
1508 5551 1528 5586 t
1580 5533 1740 5605 νόμος
1790 5534 1851 5586 οὐ

1971 3247 2028 3285 re
2060 3230 2154 3285 Dei
2185 3234 2359 3286 nostri
2387 3231 2455 3286 ⁸⁷.
2496 3251 2516 3286 ι
2545 3231 2657 3286 Hoc
2693 3231 2857 3286 etiam
2886 3233 3004 3287 loco
3039 3234 3323 3289 considera
3348 3251 3539 3304 quem-

1972 3322 2262 3377 admodum
2288 3338 2489 3378 novum
2528 3326 2797 3379 canticum
2834 3339 2942 3378 non
2971 3325 3063 3378 uni
3092 3324 3330 3381 Iudaicae
3365 3328 3531 3395 genti,

1971 3415 2063 3469 sed
2102 3417 2353 3472 omnibus
2384 3417 2609 3471 omnino
2656 3418 2909 3486 gentibus
2958 3418 3170 3485 indicit,
3215 3418 3432 3489 quando
3468 3418 3535 3470 il-

1972 3506 2063 3560 lud
2087 3507 2368 3576 antiquum
2396 3505 2693 3564 Mosaicum
2726 3510 2858 3565 solis
2913 3512 3269 3567 conveniebat
3309 3508 3531 3565 Judzeis.

1971 3596 2086 3652 Hoc
2127 3613 2258 3654 sane
2285 3615 2487 3654 novum
2513 3601 2786 3656 canticum
2814 3604 2871 3673 8
2914 3603 3179 3662 Jeremias
3215 3605 3355 3661 alius
3388 3606 3532 3675 apud

1970 3686 2224 3744 Hebraeos
2268 3689 2530 3761 propheta
2584 3690 2792 3744 Novum
2841 3692 3247 3749 Testamentum
3299 3697 3534 3766 appellat

1970 3779 2055 3835 bis
2084 3780 2265 3837 verbis
2295 3798 2309 3836 :
2356 3799 2375 3832 ι
2412 3779 2552 3836 Ecce
2583 3780 2701 3835 dies
2720 3782 2965 3850 veniunt,
2993 3784 3127 3838 dicit
3161 3783 3443 3852 Dominus,
3479 3796 3534 3841 et

1970 3870 2253 3941 disponam
2274 3873 2459 3928 domui
2495 3872 2680 3936 Israel,
2715 3881 2769 3927 et
2798 3872 2985 3928 domui
3033 3874 3173 3928 Iuda
3212 3873 3533 3930 Testamen-

1969 3973 2085 4018 tum
2133 3962 2364 4030 Novutn,
2400 3979 2509 4019 non
2564 3964 2865 4020 secundum
2921 3963 3350 4030 Testamentum,
3387 3968 3532 4038 quod

1969 4057 2214 4128 disposui
2238 4057 2486 4127 patribus
2516 4072 2708 4117 eorum
2757 4076 2770 4112 :
2802 4071 2910 4128 quo
2942 4057 3030 4113 die
3052 4057 3385 4140 apprehendi
3414 4076 3531 4113 ma-

1968 4165 2098 4204 num
2124 4164 2335 4215 eorum,
2367 4158 2424 4204 ut
2460 4149 2748 4204 educerem
2778 4164 2872 4204 eos
2903 4148 2969 4205 de
3001 4159 3147 4205 terra
3170 4149 3387 4222 Egypti
3419 4172 3433 4206 :
3462 4168 3531 4208 eo

1966 4244 2111 4315 quod
2137 4245 2240 4314 ipsi
2268 4255 2377 4298 non
2416 4252 2736 4299 manserunt
2786 4243 2839 4297 in
2884 4243 2950 4298 iis
2998 4259 3120 4315 quae
3158 4254 3312 4298 erant
3343 4243 3532 4300 Testa-

1965 4336 2135 4390 menti
2168 4337 2293 4402 mei,
2322 4349 2423 4406 ego
2453 4335 2583 4390 item
2638 4336 2848 4407 neglexi
2901 4350 3017 4400 eos,
3058 4336 3190 4390 dicit
3240 4334 3525 4393 Dominus.

1965 4428 2232 4496 Quoniam
2266 4428 2370 4484 hoc
2398 4427 2806 4483 Testamentum
2836 4429 2983 4499 quod
3017 4429 3303 4500 disponant
3332 4430 3521 4496 Israel,

1961 4517 2095 4571 dicit
2124 4516 2407 4581 Dominus,
2436 4518 2573 4573 dans
2606 4517 2753 4588 leges
2788 4534 2937 4572 meas
2974 4518 3029 4573 in
3055 4519 3365 4575 interiorem
3396 4537 3525 4595 seu:

1959 4624 2081 4664 sum
2102 4624 2308 4671 eorum.
2340 4619 2393 4663 et
2421 4607 2476 4662 in
2499 4608 2756 4664 cordibus
2784 4625 2973 4664 eorum
3002 4610 3325 4677 describam,
3352 4620 3406 4667 et
3431 4628 3525 4667 ero

1956 4696 2199 4774 ipSorum
2224 4701 2389 4767 Deus,
2416 4710 2469 4757 et
2488 4702 2595 4773 ipsi
2626 4712 2784 4758 erunt
2815 4704 2948 4758 mihi
2979 4705 3213 4774 populus
3241 4706 3308 4756 ⁸⁸.
3348 4724 3367 4755 ι
3395 4707 3525 4759 Cer-

1958 4798 2046 4853 nis
2076 4798 2201 4852 item
2229 4796 2393 4858 bunc,
2424 4795 2552 4850 dum
2584 4795 2692 4850 duo
2730 4794 3076 4851 Testamenta
3124 4797 3427 4867 distinguit,
3466 4808 3524 4851 ut

1960 4892 2064 4946 hoc
2098 4888 2315 4959 quidem
2346 4893 2523 4950 vetus,
2572 4886 2705 4941 illud
2758 4902 2886 4942 vero
2930 4901 3130 4959 novum
3180 4887 3523 4957 appellet?et

1962 4999 2162 5039 novum
2193 4982 2341 5036 dicat
2374 4995 2482 5034 non
2515 4978 2683 5035 veteri
2725 4978 2799 5033 illi
2832 4979 2977 5049 quod
3008 4979 3253 5049 patribus
3279 4978 3524 5036 condidit

1963 5076 2138 5131 simile
2169 5072 2452 5127 futurum?
2490 5071 2622 5126 illud
2650 5070 2795 5125 enim
2831 5071 3000 5142 lapsis
3027 5088 3056 5125 a
3100 5071 3366 5139 majorum
3404 5072 3521 5141 pie-

1962 5178 2072 5223 tate
2093 5166 2294 5223 Judmis
2326 5168 2599 5235 vitamque
2637 5162 3010 5234 IEgyptiacam
3042 5178 3103 5215 ac
3143 5177 3321 5218 mores
3350 5178 3521 5218 azmu.

1960 5262 2219 5325 lantibus,
2251 5269 2303 5314 et
2331 5258 2398 5313 ad
2426 5274 2668 5313 errorem
2688 5257 2898 5311 colendi
2918 5256 3118 5309 multos
3140 5253 3293 5316 deos,
3329 5269 3521 5325 super~

1960 5354 2341 5421 stitionemque
2386 5351 2649 5420 gentium,
2698 5364 2818 5419 qua:
2858 5347 3150 5401 simulacra
3182 5348 3520 5403 veneraban-

1958 5454 2069 5507 tur,
2105 5443 2505 5497 declinantibus
2553 5440 2688 5510 legis
2735 5439 2854 5492 loco
2884 5436 3193 5505 impositum
3245 5446 3351 5501 est,
3382 5450 3439 5491 ut
3464 5444 3520 5492 et

1960 5546 2056 5589 eos
2086 5528 2182 5601 qui
2213 5530 2524 5587 ceciderant
2561 5527 2823 5582 excitaret
2843 5566 2856 5591 ,
2884 5534 2934 5578 et
2961 5527 3167 5580 mutuis
3196 5526 3342 5586 inter
3373 5528 3526 5598 ipsos

365 5717 408 5748 “
444 5717 587 5776 Psal.
632 5734 706 5779 ix,
748 5717 838 5771 2i.
916 5716 961 5747 "
1016 5714 1159 5769 Psal.
1202 5731 1322 5780 xcv,
1371 5715 1468 5773 I-7
1500 5759 1512 5773 .
1591 5716 1636 5749 ‘°
1677 5714 1806 5772 Ibid.
1852 5715 1937 5771 I0.
2016 5716 2058 5748 ‘7
2094 5711 2255 5769 Psalp
2284 5729 2448 5784 xcvtt,
2490 5710 2605 5764 1-5.
2662 5708 2725 5795 f'
2763 5705 2873 5765 Jer.
2914 5727 3060 5779 xxxx,
3105 5708 3316 5770 51-333.

608 5817 875 5880 PATROL.
916 5813 1033 5875 Gn.
1070 5811 1279 5872 XXII.

3210 5797 3268 5860 ἦ
