4068 6206
526 261 595 318 43
1164 257 1431 318 EUSEBII
1469 256 1948 316 CESARIENSIS
1988 254 2140 315 OPP.
2180 254 2364 314 PARS
2398 256 2464 313 ιι.
2503 288 2573 298 -
2607 255 3112 318 Αροιοϐιῖτιω.
3704 265 3777 325 ιι
3826 206 3841 225 ⁸

524 381 792 438 doctrinis
846 380 1133 437 confossos
1165 419 1180 442 ,
1238 387 1400 448 atque
1458 386 1763 448 prostratos
1836 377 2086 449 erigeret.

2194 379 2402 442 κεῖται,
2446 376 2665 449 ἀνόμοις
2715 377 2773 432 δὲ
2820 378 2915 432 καὶ
2960 379 3370 445 ἀνυποτάκτοις,
3410 382 3631 438 ἀσεϐέσι
3683 392 3780 444 καὶ

530 492 552 527 ι
581 473 754 530 Justis
776 472 954 535 enim,
991 469 1186 537 inquit,
1228 470 1312 524 lex
1351 469 1526 540 posita
1570 485 1680 525 non
1717 475 1824 533 est,
1859 469 1952 525 sed
1984 469 2094 524 ini-

524 569 652 639 quis
679 572 734 622 et
768 561 1165 636 pervicacibus,
1195 567 1248 614 et
1272 561 1476 632 impiis,
1509 571 1564 617 et
1592 563 1990 633 peccatoribus,
2038 572 2094 619 et

525 657 718 716 borum
747 654 1017 711 similibus
1048 653 1114 709 δ’.
1150 672 1167 704 ι
1207 652 1416 708 Novum
1459 664 1642 711 autem
1693 671 1813 722 eos,
1854 656 1950 728 qui
1998 672 2095 728 per

525 749 860 808 Salvatorem
893 756 1140 802 nostrum
1185 738 1278 803 Dei
1319 746 1583 804 beneficio
1613 762 1676 809 ac
1707 762 1932 805 munere
1959 763 2095 803 con-

523 842 880 908 surrexerint,
912 840 979 896 ad
1016 841 1350 912 promissum
1380 840 1477 896 Dei
1504 856 1732 913 regnum
1765 848 1826 897 ut
1864 851 1994 898 eant
2039 850 2094 897 et

523 942 838 1009 prOperent,
863 926 1021 1006 quasi
1053 928 1395 999 nianuducit,
1435 940 1600 1005 atque
1624 935 1868 998 instruit,
1901 949 2092 991 omnes

521 1044 674 1102 atque
700 1027 952 1085 homines
977 1041 1181 1082 vocans
1214 1027 1270 1081 in
1309 1042 1473 1081 unam
1521 1014 1685 1099 atque
1713 1028 1958 1082 eamdem
1992 1028 2091 1083 bo-

523 1136 719 1177 nnrum
769 1122 1238 1175 communitatem.
1276 1117 1391 1173 Hoc
1431 1117 1596 1187 igitur
1650 1116 1861 1172 Novum
1902 1115 2093 1173 Testa-

524 1212 971 1282 mexituchgem
984 1226 1179 1267 novam
1197 1219 1354 1266 vocat
1368 1210 1506 1265 alius
1535 1208 1704 1280 itemla
1714 1209 1817 1280 pud
1838 1207 2092 1266 llebraaos

520 1304 785 1375 propheta
812 1301 985 1360 lsaias
1008 1302 1200 1360 dicens
1234 1321 1248 1357 :
1282 1320 1300 1352 ι
1332 1300 1466 1354 Nam
1496 1298 1564 1356 de
1611 1300 1743 1355 Sion
1779 1301 1949 1356 exibit
1983 1301 2088 1364 lex,

522 1402 577 1450 et
606 1392 831 1450 verbum
866 1392 1080 1449 Domini
1110 1392 1179 1449 de
1209 1390 1510 1449 Jerusalem
1567 1409 1580 1446 :
1628 1398 1682 1447 et
1713 1390 1984 1462 iudicabit
2008 1393 2093 1445 in-

521 1500 607 1545 ter
653 1498 863 1558 gentes,
890 1498 944 1545 et
976 1488 1192 1544 venient
1214 1501 1405 1541 omnes
1442 1493 1650 1556 gentes,
1693 1490 1748 1539 ct
1796 1498 2093 1554 congrega-

524 1584 730 1638 buntur
756 1596 944 1638 omnes
984 1581 1192 1653 populi,
1225 1587 1279 1635 et
1312 1578 1495 1635 dicent
1529 1597 1543 1633 :
1579 1576 1793 1640 Venite,
1828 1576 2092 1631 ascenda-

522 1691 647 1732 mus
675 1677 728 1731 in
761 1684 996 1730 montem
1019 1672 1232 1728 Domini
1255 1680 1309 1728 et
1334 1671 1391 1726 in
1421 1671 1642 1727 domum
1670 1668 1763 1725 Dei
1789 1667 2037 1725 Iacob".
2064 1690 2083 1723 ι

525 1765 631 1822 Sed
678 1782 797 1837 qum
841 1765 1056 1821 tandem
1095 1767 1179 1821 lex
1212 1764 1282 1821 de
1312 1762 1441 1819 Sion
1468 1763 1842 1833 proliciscens,
1874 1762 2086 1819 diversa

522 1856 789 1914 duntaxat
818 1860 884 1913 ab
906 1873 969 1914 ea
996 1873 1117 1930 quae
1140 1858 1193 1913 in
1230 1842 1414 1913 monte
1442 1855 1571 1912 Sina
1603 1873 1701 1928 per
1729 1854 1931 1912 Moscm
1962 1857 2088 1913 data

520 1959 607 2007 est
658 1950 960 2021 reperietur
1000 1969 1014 2005 :
1053 1950 1157 2006 nisi
1181 1950 1360 2020 ipsum
1409 1948 1788 2021 Evangelicum
1838 1950 2088 2018 verbum,

519 2041 664 2114 quod
691 2057 787 2112 per
801 2038 1138 2096 Salvatorem
1167 2046 1412 2094 nostrum
1438 2036 1624 2093 Jesum
1648 2035 1947 2099 Christum,
1967 2048 2089 2107 pero‘

521 2150 629 2205 que
660 2133 901 2203 ejusdem
935 2133 1214 2204 apostolos
1241 2131 1309 2187 de
1342 2129 1472 2186 Sion
1508 2129 1814 2202 profectum
1844 2136 1947 2193 est,
1966 2144 2092 2200 per-

520 2241 626 2297 que
654 2240 842 2282 omnes
869 2232 1057 2297 gentes
1087 2222 1538 2280 disseminatum?
1566 2230 1781 2279 constat
1829 2221 1973 2277 enim
2020 2220 2089 2276 de

524 2316 824 2375 Jerusalem
874 2333 939 2373 ac
969 2317 1037 2375 de
1070 2332 1134 2374 eo
1161 2317 1254 2388 qui
1309 2317 1384 2372 illi
1429 2315 1757 2387 coniunctus
1778 2322 1882 2379 est,
1905 2315 2091 2369 monte

523 2412 679 2476 Sion.
710 2413 802 2487 ubi
830 2412 1084 2469 Salvator
1112 2425 1175 2465 ac
1196 2408 1530 2479 Dominus9
1553 2416 1759 2472 noster,
1786 2408 1839 2462 et
1860 2407 2086 2460 multum

520 2511 771 2559 versatus
791 2510 898 2568 est,
913 2509 967 2558 et
997 2499 1293 2571 plurimum
1318 2497 1581 2552 doctrinae
1604 2510 1717 2551 suae
1743 2493 1931 2557 edidit,
1954 2492 2088 2548 Novi

521 2590 858 2651 Testamenti
889 2594 1063 2663 legem
1095 2592 1166 2647 ab
1209 2591 1365 2646 initio
1396 2587 1699 2661 profectam
1747 2587 1801 2641 in
1858 2595 2089 2641 cunctos

520 2687 768 2765 homines
801 2701 954 2743 suam
996 2685 1173 2741 lucem
1221 2683 1498 2746 effudisse,
1558 2698 1677 2754 qum
1726 2681 1944 2753 quidem
2000 2691 2088 2739 res

518 2783 882 2835 consentanea
914 2777 981 2832 iis
1012 2777 1238 2833 vocibus
1274 2776 1394 2840 fuit,
1425 2774 1626 2846 quibus
1651 2774 1739 2829 ille
1762 2773 1828 2828 ad
1853 2788 1986 2829 suos
2005 2781 2089 2828 est

518 2886 656 2928 usus
682 2870 1004 2942 discipulos,
1041 2869 1170 2926 dum
1196 2870 1329 2927 dicit
1357 2889 1370 2925 :
1411 2888 1430 2922 ι
1463 2868 1538 2925 lte
1567 2882 1632 2923 ac
1663 2867 1854 2923 docete
1898 2881 2088 2922 omnes

516 2971 728 3039 gentes,
773 2962 1032 3021 docentes
1071 2977 1167 3019 eos
1225 2976 1448 3020 servare
1507 2960 1691 3017 omnia
1748 2948 2088 3033 quaecunque

2193 469 2553 542 ἁμαρτωλοῖς,
2585 471 2804 535 καὶτοῖς
2820 472 3242 544 παραπλησίοις.
3258 495 3275 528 ι
3310 474 3445 530 Ἡδὲ
3468 477 3627 550 καινὴ
3648 483 3777 547 τοὺς

2193 559 2280 614 διὰ
2306 559 2399 615 τοῦ
2428 561 2678 635 Σωτῆρος
2709 562 2868 634 ἡμῶν
2902 563 3085 637 χάριτι
3149 566 3245 620 καὶ
3285 565 3464 640 δωρεᾷ
3500 568 3635 623 Θεοῦ
3677 571 3774 627 ἀν·

2194 653 2584 724 εγηγερμένοις
2618 655 2710 707 ἐπὶ
2757 654 2820 708 τὸ
2871 655 3105 727 βαδίζειν
3150 659 3246 714 καὶΙ
3280 659 3530 715 σπεύδειν
3568 664 3648 727 είς
3675 664 3775 738 τὴν

2194 744 2610 817 ἐπηγγελμένην
2639 745 2736 800 τοῦ
2768 747 2902 801 Θεοῦ
2934 747 3210 820 βασιλείαν
3256 758 3604 825 χειραγωγεῖ,
3635 758 3774 812 πάν-

2193 852 2289 901 τας
2322 836 2516 909 ὲπίσης
2545 836 2864 912 ἀνθρώπους
2899 841 2979 905 είς
3016 841 3143 912 μίαν
3188 844 3284 897 καὶ
3326 844 3427 916 τὴν
3470 847 3640 921 αὐτὴν
3666 850 3777 906 τῶν

2194 928 2413 998 ἀγαθῶν
2466 929 2753 1000 μετουσίαν
2785 930 3223 1005 προκαλουμένη.
3268 935 3483 1011 Ταύτην
3520 940 3623 1012 τὴν
3662 960 3779 1000 και-

2193 1018 2290 1090 νὴν
2327 1016 2600 1091 Διαθήκην
2632 1014 2786 1083 αὖθις
2806 1020 2967 1092 νόμον
3009 1022 3264 1094 ὀνομάζει
3298 1026 3491 1103 καινὸν⁵
3523 1028 3777 1099 Ἡσαΐας,

2193 1109 2351 1174 ἄλλος
2375 1110 2532 1164 πάλιν
2568 1113 2694 1185 παρ’
2736 1111 3011 1185 Ἑϐραίοις
3043 1119 3347 1190 προερήτης,
3370 1116 3572 1189 λέγων’
3612 1140 3632 1175 ι
3677 1125 3774 1180 Ἐκ

2193 1200 2301 1275 γὰρ
2332 1204 2472 1257 Σιὼν
2517 1203 2852 1270 ἐξελεύσεται
2902 1208 3085 1279 νόμος,
3126 1210 3221 1263 καὶ
3273 1211 3427 1281 λόγος
3467 1216 3672 1289 Κυρίου
3711 1218 3773 1286 ἐξ

2204 1295 2579 1369 Ἰερουσαλὴμ,
2613 1298 2707 1351 καὶ
2736 1301 2910 1371 κρινεῖ
2940 1298 3044 1354 ἀνά
3094 1301 3257 1370 μέσον
3302 1302 3411 1358 τῶν
3457 1282 3648 1372 ἐθνῶν,

2191 1386 2379 1459 ἥξουσι
2411 1389 2587 1444 πάντα
2620 1390 2688 1445 τά
2723 1391 2872 1464 ἔθνη,
2909 1391 3004 1447 καὶ
3036 1382 3471 1467 συναχθήσονται
3495 1399 3694 1466 πάντες
3718 1400 3770 1456 οἱ

2190 1478 2329 1541 λαοὶ,
2362 1481 2455 1535 καὶ
2488 1481 2672 1563 ἐροῦσι
2692 1500 2706 1513 ·
2737 1483 2924 1550 Δεῦτε,
2970 1487 3064 1539 καὶ
3092 1487 3380 1556 ἀναδῶμεν
3425 1491 3506 1553 εἰς
3545 1493 3608 1546 τὸ
3640 1493 3766 1566 ὅρος

2192 1572 2419 1641 Κυρίου,
2450 1574 2543 1629 καὶ
2575 1576 2654 1638 εἰς
2676 1569 2928 1630 τδνοῖκον
2950 1576 3045 1631 τοῦ
3072 1578 3207 1633 Θεοῦ
3248 1580 3458 1636 Ἰακώϐ.
3490 1584 3584 1648 Τίς
3621 1585 3669 1640 δ’
3697 1583 3767 1641 ἂν

2194 1664 2279 1755 εῖη
2306 1666 2334 1718 6
2360 1665 2422 1718 ἐκ
2451 1664 2588 1755 Siti»:
2613 1667 2997 1741 προεληλυθὼς
3020 1671 3202 1743 νόμος,
3233 1672 3419 1746 ἕτερος
3446 1674 3520 1730 ῶν
3544 1676 3640 1731 τοῦ
3672 1677 3768 1734 ἐπὶ

2188 1753 2288 1826 τῆς
2312 1753 2518 1826 ἐρήμου
2539 1757 2627 1811 διὰ
2668 1758 2911 1824 Μωσέως
2943 1761 3000 1814 ἐν
3026 1761 3105 1832 τῷ
3127 1762 3258 1818 Σινὰ
3280 1764 3397 1837 ὅρει
3420 1769 3770 1844 νενομοθετη-

2193 1843 2376 1915 μένου,
2403 1845 2515 1900 ἀλλ’
2542 1846 2577 1919 ἦ
2603 1850 2631 1902 6
2655 1844 3021 1920 Εὐαγγελικὸς
3044 1851 3222 1923 λόγος,
3238 1855 3271 1907 6
3291 1856 3378 1911 διὰ
3403 1857 3492 1912 τοῦ
3520 1861 3772 1933 Σωτῆρος

2187 1939 2345 2011 ημῶν
2377 1940 2549 2011 Ἰησοῦ
2574 1942 2668 1996 τοῦ
2690 1944 2926 2015 Χριστοῦ
2951 1947 3046 2001 καὶ
3058 1947 3166 2001 τῶν
3186 1948 3496 2005 ἀποστόλων
3519 1951 3685 2006 αὑτοῦ
3708 1955 3774 2008 ὲκ

2187 2032 2287 2104 τῆς
2319 2032 2458 2087 Σιὼν
2492 2034 2896 2121 προεληλυθῲς,
2926 2039 3020 2092 καὶ
3054 2038 3279 2093 διελθὼν
3303 2042 3480 2096 πάντα
3503 2043 3573 2097 τὰ
3605 2043 3732 2114 ἔθνη
3758 2060 3775 2110 ;

2188 2125 2455 2198 πρόδηλον
2474 2127 2545 2197 γά
2554 2145 2584 2201 ρ
2600 2128 2676 2193 ὡς
2700 2128 2809 2183 ἀπὸ
2823 2130 2925 2218 τῇς
2959 2131 3334 2204 Ἰερουσαλὴμ,
3361 2134 3457 2187 καὶ
3485 2133 3580 2189 τοῦ
3601 2134 3779 2210 ταύτῃ

2189 2220 2739 2291 προσπαρακειμένου
2784 2221 2922 2275 Σιὼν
2968 2221 3160 2294 ὅρους,
3205 2221 3332 2276 ἔνθα
3380 2223 3475 2289 τὰς
3516 2223 3778 2290 πλείστας

2186 2312 2466 2386 διατριϐάς
2511 2331 2573 2368 τε
2625 2314 2718 2368 καὶ
2767 2314 3113 2380 διδασκαλίας
3151 2317 3180 2368 6
3208 2316 3396 2389 Σωτὴρ
3422 2317 3513 2371 καὶ
3566 2318 3772 2390 Κύριος

2189 2405 2344 2478 ἡμῶν
2373 2407 2655 2477 πεποίητο,
2688 2407 2716 2460 6
2756 2406 2856 2478 τῆς
2884 2409 3087 2480 Καινῆς
3115 2409 3389 2482 Διαθήκης
3412 2408 3574 2465 αὐτοῦ
3599 2410 3769 2483 ἀρξά-

2192 2501 2350 2572 μενος
2377 2501 2558 2572 νόμος,
2593 2499 2846 2555 κάκεῖθεν
2877 2500 3174 2573 προελθὼν,
3200 2505 3279 2568 εἰς
3306 2503 3511 2569 πάντας
3535 2502 3769 2575 ἐξέλαμ-

2187 2589 2288 2660 ψεν
2324 2589 2644 2665 ἀνθρώπους
2689 2590 2996 2657 ἀκολούθως
3035 2596 3154 2658 ταῖς
3202 2593 3366 2648 αὑτοῦ
3409 2593 3612 2662 φωναῖς
3634 2632 3650 2657 ,
3699 2591 3771 2659 ἃς

2190 2682 2326 2754 πρὸς
2346 2683 2470 2747 τοὺς
2500 2681 2665 2737 αὑτοῦ
2695 2681 2941 2755 μαθητὰς
2965 2685 3247 2756 πεποίητο,
3284 2685 3490 2756 φήσας·
3516 2704 3534 2735 ι
3566 2684 3774 2757 Πορευ-

2188 2773 2371 2839 θέντες
2401 2773 2778 2847 μαθητεύσατε
2812 2775 2987 2829 πάντα
3014 2774 3085 2829 τὰ
3122 2775 3269 2848 ἔθνη,
3295 2776 3633 2840 διδάσκοντες
3665 2775 3768 2829 αὑ-

2152 2902 2159 2909 .
2187 2865 2311 2930 τοὺς
2337 2869 2524 2939 τηρεῖν
2562 2866 2738 2921 πάντα
2777 2868 2878 2922 ὃσα
2911 2868 3263 2941 ἐνετειλάμην
3307 2870 3455 2941 ὑμῖν.
3490 2890 3509 2922 ι
3548 2869 3681 2924 Τίνα
3708 2869 3766 2923 δὲ

2185 2957 2354 3012 ταῦτα
2376 2953 2464 3031 ἦν,
2495 2957 2608 3013 ἀλλ’
2644 2959 2678 3031 ἢ
2710 2958 2781 3013 τὰ
2804 2958 2905 3031 τῆς
2936 2959 3145 3033 Καινῆς
3171 2959 3445 3033 Διαθήκης
3471 2961 3768 3034 μαθήματά

517 3057 748 3135 praecepi
773 3058 819 3093 ’ί
853 3056 1027 3113 vobis.
1062 3070 1082 3110 ι
1120 3054 1377 3123 Quaenam
1411 3068 1576 3126 porro
1606 3051 1719 3109 haec
1769 3059 1946 3119 erant,
1981 3052 2085 3108 nisi

2187 3060 2246 3107 τε
2311 3051 2408 3106 καὶ
2456 3050 2837 3124 παιδεύματας
2879 3051 3098 3126 Ἐπειδὴ
3151 3054 3329 3108 τοίνυν
3383 3053 3535 3109 ταῦθ’
3593 3054 3766 3122 οῦτως

518 3148 655 3205 Novi
680 3146 1013 3203 ‘l'cstamenti
1045 3144 1296 3203 instituta
1318 3160 1380 3199 ac
1402 3143 1709 3216 praecepta?
1732 3143 1951 3215 quando
1977 3143 2081 3215 igi-

2189 3145 2330 3217 ἔχειν
2353 3143 2744 3212 ἀποδέδεικται,
2769 3144 2887 3219 ὥρα
2913 3145 3008 3201 νῦν
3030 3146 3158 3202 ἰδεῖν
3186 3147 3277 3202 τὸν
3302 3148 3503 3221 τρόπον
3516 3148 3613 3221 τῆς
3635 3152 3774 3205 Και-

515 3254 604 3298 tur
636 3241 749 3297 haec
776 3241 856 3296 sic
885 3255 945 3296 se
976 3239 1177 3294 habere
1205 3247 1483 3294 ostensum
1515 3246 1618 3304 est,
1644 3251 1790 3291 nunc
1809 3236 1921 3307 jam
1942 3244 2082 3292 tem-

2190 3238 2286 3309 γῆς
2337 3236 2646 3309 Διαθὴκης,
2702 3238 2795 3292 καὶ
2846 3237 2939 3293 τοῦ
3001 3243 3522 3315 προκεκηρυγμένον
3580 3242 3769 3302 καινοῦ

512 3350 616 3407 pus
652 3334 809 3391 fuerit
840 3331 1110 3403 inspicere
1136 3330 1363 3403 hujusce
1398 3330 1532 3386 Novi
1560 3328 1913 3393 Testamenti,
1945 3328 2086 3399 ejus-

2192 3327 2433 3399 ᾄσματὸς
2465 3344 2523 3381 τε
2552 3328 2646 3381 καὶ
2669 3328 2855 3400 νόμου.

511 3448 617 3504 que
647 3430 793 3503 quod
813 3428 1129 3501 przedictnm
1158 3427 1334 3485 fuerat
1359 3426 1558 3483 cantici
1576 3426 1724 3493 novi,
1759 3440 2020 3496 novaeque
2043 3424 2176 3497 legis
2205 3424 2469 3480 rationem
2505 3438 2569 3479 ac
2599 3425 2838 3480 modum.

1138 3523 1365 3582 CAPUT
1392 3523 1459 3579 γ.

514 3620 774 3689 Quisnam
801 3620 984 3676 modus
1006 3616 1144 3673 Novi
1176 3612 1516 3686 Testamenti,
1548 3617 1699 3689 hujus
1732 3614 1977 3673 Christus
2005 3620 2083 3669 est

1183 3699 1386 3744 αιιειον.

585 3782 662 3837 Ita
709 3781 927 3854 quidem
979 3780 1264 3840 oStensum
1309 3781 1422 3854 jam
1473 3787 1578 3844 est,
1623 3777 2082 3850 quemadmodum

512 3868 680 3929 Vetus
711 3866 840 3928 illud
882 3870 1310 3937 Testamentum,
1347 3873 1542 3943 lexque
1588 3869 1825 3927 Mosaica
1856 3871 1948 3925 uni
1981 3870 2082 3927 Ju-

513 3964 680 4021 daieae
718 3966 901 4036 genti,
948 3975 1002 4022 et
1038 3965 1168 4021 huic
1210 3965 1314 4036 ipsi
1357 3964 1632 4036 propriam
1681 3969 1884 4020 terram
1930 3963 2079 4018 incoo

514 4057 644 4112 lenti
679 4055 1079 4112 accommodari
1133 4063 1342 4128 posset,
1373 4072 1437 4110 ac
1470 4072 1643 4127 neque
1682 4054 1911 4126 reliquis
1954 4069 2085 4126 gen-

512 4150 684 4213 tibus,
736 4165 858 4221 quaa
896 4156 1014 4203 toto
1049 4156 1318 4204 terrarum
1348 4149 1486 4205 orbe
1529 4154 1867 4213 tenerentur,
1909 4162 2085 4219 neque

513 4243 716 4298 alienas
738 4249 915 4296 terras
939 4240 1297 4297 incolentibus
1317 4238 1518 4298 Iudaeis
1537 4239 1851 4296 conveniret
1875 4256 1888 4291 :
1908 4239 2085 4312 quod-

2716 3512 3107 3579 ΚΕΦΑΛΑῙΟΝ
3155 3526 3231 3581 E'.

2192 3617 2289 3682 Τίς
2331 3616 2364 3669 δ
2407 3614 2515 3669 τοῦ
2567 3612 2825 3684 Χριστοῦ
2880 3614 2991 3683 τῆς
3014 3617 3240 3687 Καινῆς
3284 3618 3580 3691 Διαθήκὴς
3627 3623 3762 3692 τρό-

2897 3702 3031 3754 πος.

2270 3775 2335 3831 Ἥ
2396 3775 2496 3847 μὲν
2540 3774 2604 3846 δὴ
2652 3775 2851 3830 παλαιά
2882 3777 3120 3850 Διαθήκη
3177 3780 3272 3833 καὶ
3314 3781 3343 3834 6
3385 3780 3472 3835 διὰ
3517 3781 3761 3848 Μωσέως

2189 3868 2351 3941 νόμος
2398 3868 2543 3940 μόνῳ
2566 3867 2644 3939 τῷ
2692 3869 2961 3925 Ἰουδαίων
3001 3869 3166 3935 ἔθνει,
3200 3872 3294 3925 καὶ
3338 3872 3513 3945 τούτῳ
3535 3874 3625 3927 ἐπὶ
3660 3873 3762 3945 τῆς

2186 3961 2392 4025 οἰκείας
2413 3960 2516 4032 γῆς
2543 3960 2799 4025 οἰκοῦντι,
2833 3961 3169 4034 κατάλληλος
3197 3964 3600 4030 ἀποδέδεικται,
3636 3960 3759 4019 οὔτε

2186 4053 2244 4108 δὲ
2271 4055 2383 4116 τοῖς
2411 4052 2613 4117 λοιποῖς
2641 4050 2817 4107 ἔθνεσι
2844 4054 2957 4118 τοῖς
2985 4054 3106 4109 καθ’
3131 4056 3260 4128 ὅλης
3282 4056 3383 4128 τῆς
3411 4042 3756 4129 οἰκουμένης,

2188 4146 2311 4202 οὔτε
2336 4148 2447 4212 τοῖς
2466 4146 2556 4200 ἐπὶ
2581 4147 2681 4218 γῆς
2704 4147 3007 4220 ἀλλοδαπῆς
3024 4148 3426 4221 ἀπῳκισμένοις
3454 4148 3721 4214 Ἰουδαίοις
3737 4166 3755 4184 °

2188 4238 2281 4292 τὸν
2299 4238 2354 4292 δὲ
2374 4237 2479 4310 τῆς
2497 4238 2704 4309 Καινῆς
2720 4237 2995 4311 Διαθὴκης
3007 4240 3206 4311 τρόπον
3227 4242 3390 4296 πᾶσιν
3404 4241 3609 4296 ἔθνεσιν
3627 4246 3760 4313 βιω-

460 4332 618 4404 ""que
648 4329 783 4387 Novi
832 4329 1165 4387 Testamenti
1206 4332 1474 4387 rationem
1503 4332 1578 4387 ita
1619 4339 1896 4402 oporteret
1924 4332 2079 4387 insti-

2187 4330 2320 4403 φελῆ
2350 4330 2486 4403 χρῆν
2504 4331 2674 4404 δήπου
2699 4332 3052 4403 καταστῆναι,
3079 4333 3155 4397 ὡς
3171 4333 3431 4406 μηδαμῶς
3451 4334 3759 4407 μηδαμόθεν

513 4426 615 4495 tui,
642 4433 704 4480 ut
730 4424 987 4481 omnibus
1018 4425 1273 4497 gentibus
1293 4424 1361 4481 ad
1391 4424 1554 4481 vitam
1594 4424 1853 4496 prodesse
1876 4434 2079 4496 posset,

514 4528 672 4575 utne
708 4534 936 4590 prorsus
969 4518 1080 4575 ullo
1119 4516 1302 4583 modo,
1353 4515 1534 4574 ullaVe
1580 4517 1807 4584 ratione,
1839 4520 1931 4590 qui
1980 4519 2083 4575 hoc

512 4614 638 4669 vitae
664 4613 971 4668 institutum
1004 4609 1214 4682 ingredi
1253 4609 1473 4677 vellent,
1513 4609 1907 4682 impedirentur
1938 4631 1951 4667 :
1985 4629 2083 4668 ne-

511 4720 620 4778 que
643 4712 737 4761 aut
766 4705 1027 4781 regionis,
1058 4713 1152 4759 aut
1182 4704 1422 4777 generis,
1455 4711 1550 4758 aut
1576 4703 1705 4768 loci,
1735 4712 1830 4759 aut
1858 4704 2083 4764 alterius

511 4798 816 4870 cuiuspiam
863 4799 941 4855 rei
996 4798 1218 4853 omnino
1278 4811 1481 4864 causa,
1537 4804 1760 4870 possent
1806 4799 2079 4854 excusari.-

511 4893 659 4951 Talis
690 4908 854 4966 porro
884 4900 939 4948 et
984 4891 1093 4955 lex,
1115 4897 1169 4945 et
1198 4890 1306 4946 vita
1358 4891 1517 4963 plane
1547 4890 1754 4947 exstitit
1783 4906 1869 4956 ea,
1900 4908 2021 4964 quae
2050 4908 2080 4948 a

512 4986 795 5044 Salvatore
856 4991 1046 5040 nostro
1087 4980 1217 5038 Jesu
1276 4981 1503 5038 Christo
1549 4982 1798 5038 instituta
1830 4991 1936 5050 est,
1972 4998 2081 5055 qua

509 5077 688 5149 prisca
721 5078 833 5141 illa,
868 5084 922 5135 et
963 5076 1082 5147 ipso
1113 5075 1263 5132 Mose
1307 5074 1587 5147 antiquior
1633 5074 1974 5132 instauratur
1996 5091 2082 5133 re-

510 5171 661 5243 ligio,
693 5170 762 5225 ad
784 5171 945 5240 cujus
974 5183 1221 5224 normam
1246 5176 1302 5225 et
1338 5168 1636 5235 Abraham,
1666 5176 1722 5224 et
1753 5167 1873 5238 ejus
1903 5168 2078 5239 majo-

509 5282 601 5323 res
649 5264 851 5321 vivisse
904 5263 1065 5320 facile
1108 5262 1578 5337 demonstrantur.
1632 5260 1789 5329 Quod
1844 5261 1890 5317 si
1943 5261 2081 5316 velis

506 5355 941 5415 Christianorum
982 5353 1200 5412 vivendi
1242 5354 1531 5418 rationem,
1571 5363 1733 5424 atque
1762 5368 1881 5408 cam
1916 5367 2078 5423 quant

505 5448 759 5505 Christus
790 5464 883 5520 per
909 5463 1098 5504 omnes
1115 5455 1304 5520 gentes
1336 5442 1713 5502 disseminsvit
1734 5442 2075 5514 religionem,

505 5558 628 5596 cum
659 5558 724 5598 eo
749 5549 803 5597 et
834 5541 1111 5612 religionis
1131 5549 1185 5595 et
1202 5538 1432 5611 iustitia
1453 5535 1710 5595 instituto
1737 5549 2075 5605 comparare,

501 5643 557 5690 et
597 5632 950 5702 contendere,
984 5646 1093 5702 quo
1124 5643 1178 5688 et
1198 5631 1472 5687 Abraham
1503 5636 1558 5687 et
1606 5626 1838 5683 Abraba:
1858 5625 2075 5697 similes

2185 4424 2642 4496 παραποδίζεσθαι
2671 4426 2797 4488 τοὺς
2833 4424 2975 4480 κατά
3006 4424 3193 4481 τοῦτον
3222 4425 3595 4482 πολιτεύεσθαι
3626 4427 3759 4500 μέλ·-

2183 4519 2391 4583 λοντας,
2429 4519 2553 4590 μήτ’
2577 4517 2685 4571 ἀπὸ
2722 4516 2926 4589 χώρας,
2958 4518 3086 4590 μήτ’
3114 4518 3222 4573 ἀπὸ
3260 4518 3472 4588 γένους,
3503 4520 3631 4592 μήτ’
3650 4520 3762 4576 ἀπὸ

2181 4610 2370 4677 τόπου,
2392 4610 2529 4681 μήτε
2562 4607 2624 4661 εκ
2656 4626 2801 4673 τινος
2831 4609 3020 4682 ἑτέρον
3059 4611 3119 4665 τὸ
3149 4609 3383 4667 σύνολον.
3415 4611 3670 4678 Τοιοῦτος
3701 4613 3761 4669 δι

2184 4701 2421 4775 πέφηνεν
2444 4704 2474 4756 6
2489 4700 2625 4775 πρὸς
2651 4701 2746 4754 τοῦ
2767 4701 3017 4775 Σωτῆρος
3035 4703 3191 4776 ἡμῶν
3220 4703 3399 4776 Ἰησοῦ
3420 4704 3659 4778 Χριστοῦ
3673 4722 3760 4760 νε·-

2181 4795 2439 4868 νομοθετη
2448 4795 2609 4866 μένος
2633 4794 2796 4868 νόμος
2827 4812 2887 4849 τε
2903 4796 2996 4879 καὶ
3019 4795 3154 4867 βίος,
3172 4798 3269 4871 τὴν
3286 4798 3649 4870 παλαιοτάτην
3665 4798 3758 4853 καὶ

2183 4888 2557 4963 πρεσϐυτέραν
2614 4888 2857 4953 Μωσέως
2886 4888 3167 4944 εὐσέϐειαν
3192 4891 3601 4963 ἀνανεούμενος,
3633 4890 3755 4946 καθ’

2181 4980 2248 5052 ἢν
2272 4983 2301 5035 6
2341 4980 2592 5053 θεοφιλὴς
2634 4979 2915 5053 Ἀϐραὰμ,
2958 4981 3055 5035 καὶ⁸
3074 4983 3129 5035 οἱ
3170 4981 3361 5036 τούτου
3410 4982 3752 5056 προπάτορες

2180 5069 2481 5126 δείκνυνται
2508 5068 2971 5142 πεπολιτευμένοι.
3000 5073 3066 5127 El
3087 5072 3218 5143 γοῦν
3245 5072 3557 5145 ἐθελήσειας
3577 5071 3667 5126 τόν
3691 5087 3755 5126 τι

2179 5162 2520 5236 Χριστιανῶν
2569 5163 2703 5234 βίον,
2746 5163 2841 5217 καὶ
2879 5163 2979 5237 τὴν
3015 5164 3122 5219 ὑπὸ
3170 5164 3265 5220 τοῦ
3305 5164 3543 5237 Χριστοῦ
3588 5165 3755 5218 πᾶσιν

2180 5252 2356 5307 ἔθνεσι
2408 5251 2891 5325 καταϐεϐλημένην
2927 5251 3237 5308 θεοσέϐειαν
3283 5252 3634 5319 συνεξετασαι
3675 5250 3757 5324 τῷ

2178 5344 2366 5416 τρόπῳ
2392 5344 2498 5399 τῶν
2525 5346 2667 5416 ἀμφὶ
2708 5343 2800 5398 τὸν
2832 5345 3082 5419 Ἀϐραὰμ
3123 5348 3211 5400 ἐπ’
3239 5346 3491 5414 εὐσεϐείᾳ
3531 5345 3626 5399 καὶ
3671 5343 3760 5398 δι-

2180 5437 2439 5512 καιοσύνῃ
2468 5439 2997 5511 μεμαρτυρημένων,
3029 5439 3124 5493 ἕνα
3150 5440 3244 5494 καὶ
3278 5438 3373 5494 τὸν
3396 5437 3559 5493 αὑτὸν
3589 5435 3757 5508 εὑρήο

2182 5545 2313 5593 σεις.
2351 5530 2583 5583 *Εκεῖνοί
2616 5547 2675 5585 τε
2697 5531 2827 5604 γὰρ,
2861 5531 2962 5604 τῆς
2998 5532 3263 5587 πολυθὲου
3294 5529 3501 5600 πλάνης
3529 5530 3757 5600 ἀποχωά

2181 5626 2248 5698 ρή
2255 5641 2464 5694 σαντες,
2488 5625 2582 5682 καὶ
2611 5626 2711 5700 τὴν
2740 5626 2870 5701 περ)⁸
2905 5627 2971 5684 τὰ
3010 5627 3298 5700 ἀγάλματα
3336 5619 3758 5696 δεισιδαιμονίαν

573 5753 622 5792 ⁸⁸
652 5754 687 5813 1
724 5752 868 5810 Tim.
912 5770 949 5815 ι,
992 5753 1045 5808 θ.
1126 5753 1173 5786 ³⁸
1209 5747 1312 5809 lsa.
1356 5765 1416 5820 ιι,
1458 5747 1576 5804 5-6.
1654 5747 1697 5780 ⁸³
1741 5744 1928 5802 Matth.
1970 5758 2086 5801 xxvi

2206 5744 2294 5814 t9,
2332 5745 2422 5803 ευ.
