4068 6206
382 218 455 274 45
1235 207 1884 265 DEMONSTRATIONIS
1919 204 2376 262 EVANGELICE
2412 205 2545 262 LIB.
2584 204 2629 263 l;
3532 201 3611 266 46

382 328 847 403 ἀποστραφέντες,
880 322 1283 407 ὖτςερκύψαντες
1314 324 1370 378 δὲ
1410 326 1506 378 καὶ
1532 324 1629 396 τὴν
1665 324 1947 395 ὁρωμένην

2056 338 2181 378 usos
2216 322 2411 377 divinae
2459 322 2654 375 littera:
2678 319 2994 390 praedicant,
3032 321 3190 379 facile
3239 340 3407 380 unum
3455 333 3618 397 atque

381 422 596 479 ἃπασαν
627 418 831 479 κτίσιν,
870 416 960 469 καὶ
991 412 1112 484 μήθ’
1145 412 1314 484 ἥλιον,
1355 414 1489 483 μήτε
1522 411 1769 483 σελήνην,
1810 412 1945 482 μήτε

380 532 432 569 τι
476 513 585 567 τῶν
632 508 819 582 μερῶν
868 504 955 559 τοῦ
1001 503 1198 566 παντὸς
1239 501 1681 574 θεοποιήσαντες,
1722 501 1805 569 ἐφ’
1851 500 1948 553 ἕνα

378 606 472 659 τὸν
497 597 943 661 ἀνωτάτω.Θεὸν,
969 595 1127 650 αὐτὸν
1146 594 1209 666 δὴ
1231 593 1321 646 τὸν
1352 590 1568 663 ὕψιστον
1597 593 1689 646 τοῦ
1720 592 1777 646 ού
1788 592 1946 664 ρανοῦ

381 698 479 753 καὶ
505 696 610 766 γῆς
650 689 985 763 δημιουργὸν,
1012 687 1237 749 ἑαυτοὺς
1285 686 1585 756 ἀνήγαγον·
1618 684 1646 738 ὃ
1687 684 1781 737 καὶ
1828 702 1949 737 συν-

388 790 606 860 ίστησιν
647 784 799 846 αὐτὸς
838 783 864 834 6
900 778 1104 849 Μωσῆς
1170 779 1228 832 ὲν
1270 779 1388 840 ταῖς
1426 777 1523 848 τῆς
1568 768 1949 848 ἀρχαιολογίας

387 878 673 951 ἱστορίαις,
697 875 782 927 τὸν
822 869 1066 943 Ἀϐραὰμ
1106 868 1435 941 ἀναγράφων
1463 868 1753 937 φάσκοντα·
1785 885 1803 918 ι
1837 868 1950 921 Ἐκ-

389 971 535 1025 τενῶ
558 971 650 1039 τὴν
676 966 824 1039 χεῖρά
860 982 959 1036 μου
990 963 1125 1036 πρὸς
1148 962 1237 1016 τὸν
1261 962 1392 1015 Θεὸν
1421 961 1660 1031 ὕψιστον,
1687 959 1746 1024 ὃς
1768 960 1947 1013 ἔκτισε

394 1065 487 1118 τὸν
522 1059 732 1133 οὐρανὸν
774 1057 867 1111 καὶ
903 1056 1001 1127 τὴν
1032 1057 1167 1127 γῆν·
1194 1076 1211 1108 ι
1255 1056 1349 1109 καὶ
1382 1056 1486 1126 πρό
1513 1072 1574 1123 γε
1618 1046 1806 1107 τούτου
1840 1054 1952 1105 είσ-

397 1156 539 1224 άγων
567 1152 651 1205 τὸν
686 1150 1036 1220 Μελχισεδὲκ,
1072 1144 1128 1201 ὃν
1172 1149 1233 1220 δή
1283 1165 1444 1218 φησιν
1490 1146 1637 1219 ἱερέα
1670 1148 1949 1217 γεγονέναι

393 1248 483 1301 τοῦ
516 1245 639 1299 Θεοῦ
662 1243 755 1296 τοῦ
792 1243 1016 1312 ὑψίστου
1040 1280 1053 1303 ,
1094 1242 1183 1294 τὸν
1218 1240 1469 1313 Ἀϐραὰμ
1512 1235 1614 1293 ὧδέ
1646 1259 1763 1304 πως
1801 1241 1949 1293 εὐλο-

386 1336 576 1406 γοῦντα
594 1349 607 1364 ·
638 1354 655 1385 ι
686 1332 1066 1404 Εὐλογημένος
1100 1332 1347 1405 Ἀϐραὰμ
1368 1331 1445 1403 τῷ
1468 1332 1585 1403 Θεῷ
1614 1332 1691 1403 τῷ
1718 1334 1946 1406 ὑψίστῳ,

382 1428 442 1491 ὃς
478 1428 652 1479 ἔκτισε
683 1425 771 1478 τὸν
802 1425 1028 1496 οὐρανὸν
1073 1425 1166 1477 καὶ
1212 1426 1307 1497 τὴν
1334 1426 1455 1496 γῆν.
1496 1445 1513 1476 ι
1568 1425 1759 1498 Εῦροις
1796 1427 1841 1479 δ’
1883 1427 1949 1480 ἂν

378 1516 582 1571 καὶτὸν
619 1513 814 1586 Ἑνὼχ,
848 1517 941 1569 καὶ
965 1516 1053 1568 τὸν
1083 1516 1204 1569 Νῶε
1222 1514 1606 1581 δικαιωθέντας
1637 1519 1729 1570 καὶ
1758 1520 1950 1591 εὐαρεσ-

380 1612 681 1682 στήσαντας
707 1608 785 1679 τῷ
820 1608 937 1679 Θεῷ
967 1610 1109 1662 κατὰ
1136 1609 1225 1662 τὸν
1255 1611 1414 1663 αὑτὸν
1445 1609 1523 1681 τῷ
1561 1610 1807 1682 Ἀϐραὰμ
1827 1612 1950 1683 τρό⁴

2047 412 2189 467 idem
2238 427 2524 482 agnosces.
2559 411 2841 481 Siquidem
2888 414 2967 468 illi
2997 429 3026 467 a
3056 416 3349 471 multorum
3390 415 3617 473 deorum

2048 505 2218 569 cultu,
2249 512 2410 574 atque
2441 519 2626 559 errore
2655 503 2988 570 recedentes,
3011 514 3064 561 et
3097 507 3166 562 ab
3189 524 3271 573 ea,
3302 524 3422 580 qua:
3448 510 3620 565 simu-d

2048 597 2212 650 lacris
2257 595 2471 650 addicta
2510 604 2645 657 erat,
2697 597 3084 667 superstitione
3131 607 3434 655 avertentes
3475 600 3620 672 seip-

2050 704 2141 743 sos
2175 687 2272 759 (2),
2310 688 2509 742 mentis
2564 689 2752 745 oculos
2788 705 2953 759 supra
2989 705 3206 745 omnem
3236 730 3250 755 ,
3287 706 3621 762 quaecunque

2049 780 2222 834 oculis
2269 778 2417 834 cerni
2473 779 2668 850 possit,
2718 770 2966 833 naturam
3018 778 3360 837 sustulerunt
3398 801 3411 837 :
3445 798 3621 853 neque

2048 887 2179 927 vero
2212 872 2287 926 illi
2319 880 2411 926 aut
2439 872 2628 938 solem,
2655 879 2747 924 aut
2769 872 2972 936 lunam,
3002 883 3095 928 aut
3120 874 3279 927 aliam
3309 875 3620 944 quampiam

2050 962 2288 1018 universi
2334 971 2542 1033 partem
2574 979 2672 1034 pro
2707 962 2817 1018 Deo
2861 980 3098 1035 unquam
3132 964 3387 1021 coluere:
3428 966 3522 1021 sed
3551 966 3621 1022 ad

2051 1071 2217 1110 unum
2245 1072 2580 1126 supremum,
2614 1057 2791 1126 ipsum
2826 1056 3015 1127 utique
3062 1058 3388 1114 altissimum
3420 1058 3546 1113 coeli
3568 1069 3624 1115 et

2048 1156 2208 1204 terrae
2230 1150 2501 1220 opiﬁcem,
2536 1146 2639 1220 ιο
2662 1150 2872 1219 seipsos
2889 1150 3134 1207 attollere
3155 1166 3264 1206 non
3282 1151 3621 1210 dubitarunt.

2050 1243 2225 1308 Quam
2249 1258 2381 1297 sane
2404 1258 2515 1298 rem
2545 1244 2661 1313 ipse
2683 1248 2844 1299 etiam
2862 1242 3037 1300 Moses
3065 1244 3118 1297 in
3144 1243 3261 1298 suis
3281 1245 3624 1315 antiquitatis

2050 1332 2292 1388 historiis
2321 1337 2683 1395 commendat,
2721 1336 2848 1390 dum
2881 1335 3056 1404 ipsum
3096 1335 3368 1390 Abraham
3412 1340 3491 1392 sic
3539 1339 3626 1395 in-

2049 1422 2201 1477 ducit
2224 1425 2491 1481 dicentem
2515 1446 2527 1480 :
2554 1446 2572 1477 ι
2597 1426 2892 1483 Extendam
2925 1442 3145 1481 manum
3167 1443 3342 1483 meam
3363 1429 3429 1483 ad
3454 1429 3625 1488 Deum

2050 1516 2393 1583 altissimum,
2413 1520 2503 1588 qui
2527 1520 2768 1574 condidit
2790 1521 2990 1575 ccelum
3004 1534 3067 1574 ac
3090 1528 3289 1575 terram
3311 1520 3356 1551 ⁸²
3386 1542 3403 1573 ι
3426 1538 3438 1573 :
3460 1523 3625 1577 dum-

2052 1621 2156 1675 que
2186 1613 2311 1661 ante
2344 1606 2511 1669 Imne,
2553 1606 2937 1675 Melchisedec,
2972 1620 3132 1678 quem
3174 1608 3249 1662 ait
3285 1613 3623 1667 sacerdotem

380 1718 493 1758 πον.
535 1702 695 1756 Ἀλλά
725 1703 817 1755 καὶ
849 1704 877 1755 ὁ
913 1702 1052 1767 Ἰὼϐ,
1087 1702 1367 1774 ἄνθρωπος
1386 1702 1619 1767 δίκαιος,
1665 1704 1914 1775 ἀληθινὸς
1934 1746 1947 1769 ,

2056 1696 2143 1751 Dei
2186 1698 2435 1754 altissimi
2475 1699 2665 1763 fuisse,
2695 1701 2798 1770 ipsi
2837 1700 3072 1756 Abrahm
3115 1700 3199 1756 his
3233 1699 3407 1756 ferme
3442 1703 3625 1757 verbis

377 1790 685 1863 ἄμεμπτος,
709 1792 984 1863 θεοσεϐὴς,
1003 1792 1336 1862 ἀπεχόμενος
1360 1792 1467 1845 ἀπὸ
1492 1794 1693 1857 παντὸς
1715 1793 1951 1865 πονηροῦ

381 1885 727 1956 πράγματος,
774 1884 879 1954 πρὸ
899 1885 1005 1937 τῶν
1020 1884 1262 1949 Μωσέως
1282 1886 1487 1958 χρόνων
1513 1886 1950 1957 μεμαρτύρηται·

376 1975 436 2038 ὃς
471 1976 539 2046 δὴ
588 1974 681 2027 καὶ
708 1978 896 2048 πεῖραν
911 1975 1009 2045 τῆς
1038 1976 1115 2039 εἰς
1133 1975 1222 2027 τὸν
1242 1977 1347 2028 τῶν
1375 1977 1507 2029 ὅλων
1519 1977 1647 2030 Θεὸν
1678 1974 1955 2041 εὐσεϐείας

381 2066 450 2119 δι’
485 2065 685 2136 ἀθρόας
720 2066 815 2137 τῆς
851 2065 959 2119 τῶν
1004 2062 1355 2137 ὑπαρχόντων
1385 2067 1650 2139 ἀποϐολῆς
1686 2064 1954 2140 ὑποσχὼν,

387 2155 931 2227 μέγιστον-εὐσεϐοῦς
976 2152 1276 2226 ὑπόδειγμα
1321 2157 1519 2229 τρόπου
1556 2159 1648 2211 καὶ
1693 2162 1804 2224 τοῖς
1842 2162 1956 2230 μετ’

383 2244 547 2299 αὐτὸν
570 2244 911 2307 ἀπολέλοιπε,
937 2235 1027 2297 τὸν
1052 2243 1337 2313 φιλόσοφον
1370 2247 1576 2300 ἐκεῖνον
1608 2250 1957 2320 ἐπιφωνήσας

382 2337 574 2407 λόγον·
607 2355 626 2389 ι
663 2332 871 2407 Γυμνὸς
918 2334 1141 2407 ἐξῆλθον
1197 2338 1260 2389 ἐκ
1317 2338 1522 2401 κοιλίας
1565 2340 1769 2411 μητρός
1817 2342 1953 2411 μου,

382 2429 584 2500 γυμνὸς
606 2431 701 2482 καὶ
728 2423 1118 2499 ἀπελεύσομαι.
1155 2427 1211 2481 Ὀ
1233 2427 1437 2501 Κύριος
1462 2429 1679 2493 ἔδωκεν,
1703 2431 1731 2483 ὁ
1751 2431 1956 2503 Κύριος

384 2519 631 2592 ἀφείλετο
652 2538 665 2552 ·
696 2522 770 2586 ὡς
806 2520 883 2592 τῷ
914 2521 1106 2593 Κυρίῳ
1153 2520 1326 2587 ἔδοξεν
1348 2561 1363 2586 ,
1396 2520 1538 2574 οὕτω
1572 2522 1666 2575 καὶ
1708 2521 1950 2590 ἐγένετο.

386 2617 468 2688 εἴη
491 2609 549 2670 τὸ
580 2617 751 2687 ὄνομα
779 2615 983 2687 Κυρίου
1011 2616 1203 2688 εὐλογη
1213 2616 1391 2687 μένον.
1415 2636 1432 2667 ρ
1455 2617 1565 2670 Καὶ
1584 2616 1675 2669 τὸν
1701 2617 1955 2672 ἁπάντων

384 2708 585 2782 Κύριον
624 2709 818 2774 σέϐων,
853 2706 1054 2771 ταύτας
1098 2707 1247 2779 ἠφίει
1272 2708 1370 2771 τὰς
1401 2707 1583 2776 φωνὰς
1604 2746 1620 2770 ,
1654 2706 1720 2771 ἃς
1750 2707 1955 2780 προῖὼν

385 2800 413 2855 ὁ
432 2802 589 2866 αὐτὸς
616 2801 886 2870 διασαφεῖ,
920 2801 985 2854 δι’
1012 2793 1086 2854 ὧν
1120 2817 1286 2872 φησι·
1317 2819 1336 2851 ι
1368 2799 1529 2869 σοφὸς
1558 2800 1666 2872 γάρ
1700 2804 1813 2854 ἐστι
1837 2801 1955 2855 δια-

386 2894 520 2966 νοίᾳ,
543 2894 797 2966 κραταιός
819 2911 877 2947 τε
910 2891 1003 2947 καὶ
1036 2893 1226 2964 μέγας,
1249 2894 1277 2945 6
1311 2892 1467 2945 σείων
1492 2892 1589 2962 τὴν
1620 2892 1711 2945 ὑπ’
1730 2890 1956 2965 οὐρανὸν

386 2987 450 3041 ἐκ
477 2986 739 3059 θεμελίων
756 3026 772 3053 ,
800 2987 848 3039 οἱ
874 2984 929 3039 δὲ
956 2984 1135 3039 στῦλοι
1158 2985 1326 3056 αὐτῆς
1352 2976 1691 3037 σαλεύονται·
1733 2987 1761 3038 6
1781 2984 1954 3055 λέγων

387 3074 464 3147 τῷ
500 3076 653 3147 ἡλίῳ,
688 3077 782 3131 καὶ
805 3076 904 3129 οὐκ
929 3074 1229 3138 ἀνατέλλει,
1275 3074 1416 3128 κατά
1441 3074 1495 3127 δὲ
1531 3075 1745 3145 ἄστρων
1783 3093 1952 3130 κατα-

392 3168 699 3241 σφραγίζει·
737 3171 765 3221 ὁ
797 3166 1031 3231 τανύσας
1056 3167 1145 3220 τὸν
1166 3166 1390 3238 οὐρανὸν
1420 3165 1595 3237 μόνος.
1629 3186 1647 3217 ι
1689 3168 1750 3220 Εἰ
1774 3167 1836 3240 δὴ
1863 3164 1955 3222 οὖν

389 3259 580 3313 τοῦτον
611 3259 772 3312 αὑτὸν
834 3254 1038 3311 ἐκεῖνον
1073 3258 1162 3311 τὸν
1205 3258 1407 3320 πάλαι,
1439 3260 1531 3311 καὶ
1572 3258 1677 3329 πρὸ
1717 3259 1955 3324 Μωσέως

392 3349 649 3420 θεοφιλῶν
682 3349 831 3416 Θεὸν,
865 3349 1090 3421 ἔναγχος
1126 3350 1259 3403 πᾶσι
1296 3352 1407 3412 τοῖς
1432 3348 1639 3402 ἔθνεσιν
1664 3352 1691 3403 6
1720 3350 1954 3422 Χριστοῦ

387 3441 542 3512 λόγος
589 3442 788 3514 ὁμοίως
840 3442 1068 3505 ἐκείνοις
1127 3441 1284 3510 μόνον
1347 3441 1589 3495 εὐσεϐεῖν
1642 3441 1953 3507 διετάξατο,

387 3535 625 3606 πέφηνεν
657 3535 804 3597 ὅπως
844 3533 1088 3587 κοινωνοὶ
1117 3532 1459 3605 γεγενήμεθα
1490 3532 1587 3603 τῆς
1622 3534 1743 3603 ἴσης
1780 3532 1956 3586 αὐτῶν

388 3626 609 3681 ἐκείνων
640 3624 951 3690 εὐσεϐείας·
1001 3626 1099 3697 τῆς
1131 3625 1187 3679 δὲ
1232 3625 1514 3688 εὐσεϐείας
1571 3622 1954 3697 μετασχόντες,

384 3719 544 3792 δῆλον
567 3762 581 3786 ,
618 3721 691 3783 ὠς
725 3720 818 3773 καὶ
863 3719 961 3790 τῆς
1004 3716 1252 3787 εὐλογίας
1308 3719 1743 3795 μεταληψόμεθα,
1801 3720 1959 3775 Ἀ),λά

388 3813 483 3866 καὶ
514 3812 603 3868 τὸν
638 3812 731 3865 τοῦ
765 3810 900 3865 Θεοῦ
947 3811 1139 3879 Λόγον,
1168 3811 1226 3865 ὃν
1256 3811 1320 3883 δὴ
1349 3806 1582 3884 Χριστὸν
1623 3814 1754 3885 ἡμῖν
1792 3830 1957 3886 προσ-

389 3902 671 3975 αγορεύειν
693 3902 865 3973 φίλον,
895 3901 1092 3973 ὁμοίως
1124 3904 1254 3973 ἡμῖν
1275 3903 1515 3956 κάκεῖνοι
1544 3903 1761 3971 γνόντες
1790 3907 1960 3976 ἐμαρ-

388 3995 727 4068 τυρήθησαν·
753 3995 867 4063 οἶγε
897 3996 988 4049 καὶ
1021 3994 1152 4048 πολὺ
1178 3995 1541 4066 διαφερόντως
1569 3988 1665 4068 τῆς
1685 3997 1960 4069 ἐμφανοῦς

393 4087 557 4142 αὐτοῦ
586 4089 884 4160 παρουσίας
922 4106 982 4142 τε
1007 4088 1099 4143 καὶ
1126 4086 1437 4157 θεοφανείας
1472 4087 1799 4163 ἠξιώθησαν.
1829 4094 1960 4145 Ἐπ-

395 4180 621 4234 ἀκουσον
680 4179 830 4249 γοῦν,
865 4181 940 4245 ὡς
971 4181 1131 4235 πάλιν
1166 4182 1327 4245 αὐτὸς
1364 4182 1392 4234 6
1422 4182 1625 4254 Μωσῆς
1652 4183 1742 4236 τὸν
1762 4186 1961 4255 ἐπιφα-

395 4270 550 4324 νέντα
585 4274 696 4335 τοῖς
753 4266 1055 4342 θεοφιλέσι,
1103 4271 1195 4325 καὶ
1242 4271 1499 4336 πολλάκις
1549 4276 1962 4345 χρηματίσαντα

2053 1788 2489 1848 beuetlieentem:
2518 1812 2535 1844 (
2561 1793 2885 1849 Benedictus
2902 1793 3177 1848 Abraham
3198 1794 3306 1849 Deo
3331 1796 3621 1861 altissime,

2054 1876 2145 1946 qui
2176 1882 2634 1937 οοηόἰάἰιοαιιυῐη
2650 1893 2704 1939 et
2735 1892 2933 1959 terram
2971 1884 3038 1938 ⁸³.
3091 1902 3109 1937 ›
3149 1884 3396 1941 Invenies
3441 1894 3625 1942 autem

2056 1978 2109 2025 et
2139 1969 2325 2027 Enoch
2379 1982 2432 2028 et
2470 1974 2581 2031 Noe
2622 1977 2810 2032 eadem
2844 1977 3056 2033 ratione
3099 1993 3203 2048 qua
3249 1978 3543 2042 Abraham,
3572 1986 3628 2035 et

2058 2062 2298 2119 evasisse
2335 2066 2534 2134 justus,
2571 2076 2624 2121 et
2658 2067 2768 2123 Deo
2804 2070 3097 2139 placuisse.
3130 2072 3272 2136 Quin
3303 2072 3466 2126 etiam
3497 2070 3625 2138 Job,

2062 2150 2145 2204 vir
2176 2160 2230 2206 et
2272 2153 2476 2221 justus,
2510 2166 2562 2210 et
2592 2172 2772 2222 verus,
2804 2166 2858 2213 et
2903 2159 3270 2229 inculpabilis,
3301 2171 3355 2217 et
3382 2163 3450 2217 ab
3478 2163 3629 2218 omni

2058 2242 2201 2295 mala
2234 2258 2292 2298 re
2321 2244 2624 2309 abstinens,
2669 2254 2794 2302 ante
2827 2247 2993 2304 MOsis
3037 2257 3251 2306 aetatem
3298 2252 3627 2318 celebratur,

2056 2338 2149 2406 qui
2181 2354 2304 2393 cum
2345 2340 2564 2409 pietatis
2609 2357 2738 2411 erga
2799 2340 2969 2397 Deum
3016 2344 3255 2399 universi
3294 2345 3489 2413 gratia,
3534 2359 3632 2415 per

2056 2430 2299 2484 omnium
2345 2430 2614 2486 bonorum
2654 2432 2889 2486 subitam
2931 2432 3332 2503 ademptionem
3379 2445 3634 2501 vexatus,

2056 2524 2373 2574 constanter
2395 2521 2577 2573 omnia
2607 2520 2952 2584 sustinuerit,
2988 2521 3285 2575 maximum
3337 2538 3478 2578 verse
3507 2524 3632 2579 reli-

2057 2611 2235 2681 gionis
2280 2611 2589 2681 exemplum
2647 2612 2793 2666 omni
2845 2626 2957 2667 suae
3014 2613 3321 2683 posteritati
3366 2616 3628 2686 reliquit,

2056 2703 2255 2773 quippe
2298 2703 2390 2773 Qui
2428 2718 2553 2759 vere
2592 2702 3027 2774 philosophicum
3066 2704 3198 2760 illud
3241 2706 3466 2762 verbum
3498 2709 3629 2765 olim

2057 2796 2467 2851 acclamaverit:
2502 2815 2520 2848 ι
2557 2795 2746 2852 Nudus
2774 2808 3030 2867 egressus
3054 2806 3174 2852 eum
3210 2797 3277 2854 de
3298 2808 3487 2855 ventre
3509 2816 3629 2854 maa

2056 2888 2155 2943 tris
2179 2904 2331 2955 meae,
2366 2896 2418 2944 et
2450 2888 2629 2945 nudus
2654 2889 2836 2945 abibo.
2872 2887 3135 2946 Dominus
3166 2891 3334 2957 dedit,
3367 2890 3630 2950 Dominus

2058 2979 2316 3034 abstulit:
2343 2981 2487 3035 sicut
2529 2981 2758 3037 Domino
2792 2984 3015 3054 placuit,
3049 2983 3125 3037 ita
3164 2982 3366 3039 factum
3399 2992 3483 3041 est
3520 2987 3632 3041 :sit

2057 3089 2256 3130 nomen
2293 3070 2503 3129 Domini
2535 3076 2879 3132 benedictum
2904 3077 2971 3131 “.
3003 3094 3022 3129 ι
3056 3076 3199 3133 ldem
3229 3094 3358 3133 vero
3383 3094 3632 3134 commu-

2056 3180 2178 3219 nem
2209 3166 2452 3220 omnium
2481 3165 2646 3222 Deum
2675 3168 2883 3234 colens,
2907 3181 3068 3224 voces
3100 3169 3262 3224 etiam
3304 3170 3425 3224 illas
3455 3168 3629 3238 picta.-

2059 3258 2131 3311 tis
2180 3256 2383 3324 emisit,
2418 3274 2553 3329 quas
2606 3261 2721 3330 ipse
2748 3260 2963 3332 longius
3002 3275 3325 3333 progressus
3353 3263 3624 3332 explanat,

2059 3348 2186 3402 dum
2220 3350 2335 3403 ait:
2379 3364 2396 3403 ι
2439 3350 2668 3422 Sapiens
2709 3354 2853 3408 enim
2907 3363 2993 3409 est
3029 3363 3227 3419 mente,
3273 3355 3540 3427 fortisque
3573 3360 3630 3413 et

2057 3456 2308 3511 magnus,
2339 3442 2433 3510 qui
2468 3444 2708 3499 concutit
2741 3456 2941 3500 terram
2972 3458 3003 3501 a
3034 3448 3421 3515 fundamentis,
3453 3459 3508 3508 et
3534 3468 3629 3509 co-

2058 3529 2262 3584 lumnae
2295 3528 2417 3599 ejus
2463 3533 2890 3588 contremiscunt
2922 3551 2935 3587 :
2964 3537 3057 3607 qui
3093 3539 3223 3594 dicit
3258 3541 3380 3608 soli,
3412 3551 3466 3598 et
3511 3559 3625 3602 non

2060 3618 2255 3684 oritur,
2288 3626 2341 3675 et
2368 3620 2553 3676 stellas
2582 3623 2733 3691 quasi
2770 3627 2926 3695 signo
2956 3627 3223 3698 impresso
3258 3632 3459 3687 claudit
3488 3655 3501 3690 :
3536 3637 3629 3706 qui

2061 3714 2257 3768 caslum
2292 3714 2532 3770 extendit
2564 3714 2713 3770 solus
2747 3716 2811 3767 ⁵³.
2854 3736 2872 3768 ›
2907 3717 2963 3772 Si
2999 3719 3163 3789 igitur
3184 3724 3431 3777 eumdem
3474 3726 3628 3781 illum

2059 3821 2219 3877 quem
2252 3807 2440 3877 prisci,
2483 3822 2548 3862 ac
2589 3808 2711 3879 ipso
2745 3808 2894 3865 Mose
2943 3811 3304 3882 antiquiores,
3342 3813 3434 3869 Dei
3466 3818 3634 3872 amici

2059 3900 2165 3953 viri
2198 3900 2486 3955 coluerunt
2515 3900 2707 3968 Deum,
2748 3917 2923 3973 nuper
2962 3903 3150 3958 itidem
3183 3912 3242 3958 ut
3291 3905 3400 3962 illis
3449 3908 3631 3963 solum

2063 3990 2149 4060 pie
2180 3990 2472 4045 colendum
2500 4007 2644 4056 esse,
2687 3992 2894 4048 Christi
2930 3988 3181 4049 doctrina
3218 3995 3473 4066 gentibus
3507 3998 3633 4052 unia-

2061 4083 2237 4139 versis
2266 4083 2679 4150 demonstravit,
2720 4086 2865 4141 haud
2903 4087 3126 4143 dubium
3163 4097 3267 4155 est,
3302 4088 3437 4160 quin
3484 4090 3637 4160 ejus«

2064 4173 2187 4229 dem
2219 4190 2341 4229 cum
2372 4176 2480 4232 illis
2520 4176 2692 4232 divini
2718 4179 2900 4236 cultus
2924 4178 3051 4233 facti
3083 4181 3255 4237 simus
3286 4183 3582 4255 participes
3612 4201 3628 4241 :

2065 4280 2406 4321 communem
2430 4283 2595 4339 porro
2625 4269 2886 4326 habentes
2919 4271 3258 4343 religionem,
3286 4289 3631 4330 communem

396 4363 577 4427 αὐτοῖς
614 4362 681 4416 τά
718 4362 1181 4435 ἀναγεγραμμένα
1220 4363 1369 4431 ποτὲ,
1417 4362 1515 4434 μὲν
1554 4358 1685 4418 Θεὸν
1728 4366 1820 4418 καὶ
1844 4366 1954 4419 Κύ-

2067 4372 2283 4427 quoque
2321 4359 2756 4416 benedictionem
2810 4363 3103 4419 sortituros
3143 4378 3287 4430 esse,
3322 4365 3501 4436 palam
3526 4375 3632 4422 est.

402 4473 532 4528 ριον,
562 4448 692 4509 ποτε
737 4448 792 4508 δὲ
837 4456 931 4509 καὶ
974 4456 1201 4525 ἄγγελον
1248 4454 1383 4509 Θεοῦ
1426 4456 1820 4529 προσαγορεύει
1846 4459 1955 4530 (5)·

397 4546 528 4610 Θεὸς
570 4545 668 4617 μὲν
709 4546 802 4599 καὶ
835 4545 1039 4617 Κύριος
1067 4544 1174 4598 τῶν
1204 4543 1463 4613 θεοφιλῶν
1510 4546 1718 4618 ἀνδρῶν
1760 4547 1957 4620 ἀνηγο-

398 4638 691 4709 ρευμένος,
760 4636 1021 4707 Ἀγγελος
1089 4630 1145 4690 δὲ
1213 4635 1305 4689 τοῦ
1390 4637 1663 4691 ἀνωτάτου
1719 4632 1952 4712 Πατρός.

392 4731 556 4800 Λέγει
588 4732 629 4785 δ’
666 4727 757 4786 οῦν
790 4732 971 4795 αὐτοῖς
1021 4730 1263 4802 ῥήμασι·
1322 4747 1341 4781 ι
1393 4731 1503 4783 Καὶ
1543 4721 1813 4804 ἐπορεύθη
1856 4735 1959 4787 Ἰα-

394 4821 511 4875 acch
541 4825 617 4887 εἰς
647 4823 855 4895 Χαράν,
905 4822 998 4875 καὶ
1036 4821 1315 4893 ἀπήντησε
1356 4814 1524 4891 τόπῳ,
1563 4821 1659 4874 καὶ
1690 4821 1956 4893 ἐκοιμήθη

393 4914 539 4967 ἐκεῖ·
571 4913 660 4966 ἔδυ
685 4912 793 4984 γὰρ
818 4913 846 4965 6
873 4911 1021 4982 ἥλιος
1038 4927 1051 4940 ·
1083 4910 1177 4963 καὶ
1204 4908 1393 4965 ἔλαϐεν
1422 4907 1530 4963 ἀπὸ
1551 4911 1658 4965 τῶν
1682 4910 1842 4964 λίθων
1867 4909 1960 4963 τοῦ

393 5006 581 5069 τόπου,
610 5007 703 5059 καὶ
730 5006 920 5076 ἔθηκεν
940 5002 1075 5076 πρὸς
1102 5002 1344 5072 κεφαλῆς
1370 5000 1555 5066 αὐτοῦ,
1578 5005 1671 5056 καὶ
1697 5002 1961 5074 ἐκοιμήθη

2064 4448 2167 4503 Sed
2199 4466 2298 4506 nec
2321 4451 2502 4507 minus
2533 4451 2627 4507 Dei
2654 4451 2915 4517 Verbum,
2941 4470 3100 4525 quem
3131 4454 3408 4511 Christum
3442 4457 3631 4528 appel-

2060 4539 2174 4595 lare
2211 4556 2311 4597 nos
2342 4545 2750 4610 consuevimus,
2792 4546 2900 4602 illis
2923 4546 3199 4619 cognitum
3246 4546 3418 4605 fuisse
3467 4562 3634 4618 quam

2059 4633 2240 4699 nobis,
2261 4649 2540 4690 sacrarum
2556 4636 2858 4691 litterarum
2886 4639 3195 4695 testimonio
3211 4649 3492 4694 ostensum
3509 4647 3593 4692 est
3613 4650 3627 4688 :

2060 4723 2261 4795 quippe
2290 4724 2382 4795 qui
2422 4725 2580 4797 longe
2620 4726 2976 4782 excellentius
3008 4728 3075 4782 ad
3113 4728 3262 4783 illius
3295 4737 3348 4782 et
3393 4723 3630 4780 manife-

2063 4822 2205 4871 stum
2235 4815 2547 4882 adventum,
2576 4824 2630 4873 et
2650 4817 2890 4873 divinam
2906 4819 3251 4889 praesentiam
3274 4816 3632 4881 cemendam,

2065 4908 2247 4964 idonei
2280 4909 2451 4963 habiti
2481 4916 2630 4966 sunt.
2658 4909 2799 4963 Audi
2840 4910 3024 4982 igitur,
3054 4916 3114 4965 ut
3144 4925 3339 4966 rursus
3369 4909 3485 4979 ipse
3517 4905 3636 4962 Μοι

2068 5016 2176 5066 ses,
2200 5015 2323 5056 cum
2354 5001 2448 5073 qui
2478 5002 2669 5058 amicis
2696 5001 2789 5058 Dei
2822 5004 3060 5074 seipsum
3085 5002 3405 5068 ostenderit,
3431 5001 3635 5072 quique

394 5098 454 5150 ιν
484 5096 560 5168 *ᾧ
589 5094 738 5168 τόπῳ
767 5095 978 5168 ἐκείνῳ,
1010 5097 1105 5150 καὶ
1149 5094 1479 5167 ἐνυωιάσθη
1501 5106 1513 5125 ⁸
1556 5096 1649 5148 καὶ
1698 5095 1805 5148 ίδοὺ
1852 5081 1954 5148 κλί-

2068 5093 2263 5149 iisdem
2306 5095 2529 5150 oracula
2566 5096 2801 5166 publicis
2845 5097 3213 5153 monumentis
3255 5093 3631 5150 commendata

469 5254 515 5287 "
552 5253 689 5309 Gen.
728 5268 836 5318 xxv,
874 5253 966 5310 22.
1039 5252 1087 5286 ⁸³
1126 5249 1260 5309 Ibid.
1322 5253 1409 5309 19.
1489 5246 1663 5308 “Job
1702 5268 1741 5319 ι,
1782 5248 1873 5305 2|.
1952 5256 1954 5283 λ

2056 5250 2137 5309 lob
2178 5269 2255 5324 ιι,
2289 5254 2409 5311 5-8.

465 5409 545 5482 (ε)
573 5402 781 5468 Forsan
819 5411 872 5467 in
910 5410 1155 5467 eamdem
1204 5425 1325 5465 cum
1357 5410 1650 5482 Clemente.
1701 5406 1955 5482 Iustino,

392 5477 806 5553 Chrysostomo,
847 5482 1171 5537 sententiam
1213 5480 1461 5553 concedit
1494 5489 1703 5553 auctor,
1728 5481 1829 5553 qui
1855 5479 1960 5534 ista

394 5550 524 5607 oliui
560 5554 839 5609 sutl'ecisse
875 5553 1169 5607 credebant
1199 5551 1264 5604 ad
1310 5552 1559 5614 salutem,
1610 5550 1817 5606 Christi
1869 5564 1956 5603 co.

398 5625 659 5692 gnitione,
683 5624 776 5695 qui
800 5623 1038 5680 nondum
1081 5623 1388 5695 advenerat,
1414 5622 1636 5695 minime
1674 5620 1959 5695 requisita.

471 5694 546 5766 (ὅ)
575 5689 717 5752 Post-
734 5695 1123 5767 προσαγορεύει
1168 5692 1281 5746 ὴωο
1324 5708 1425 5749 ms.
1467 5689 1619 5745 addit
1657 5710 1670 5745 :
1712 5689 1965 5758 ἄντικρυς

2062 5412 2325 5497 περιστὰς
2362 5406 2443 5467 ὃτι
2474 5417 2547 5488 μὴ
2576 5417 2603 5469 6
2646 5414 2739 5468 ἐπὶ
2782 5412 2998 5468 πάντων
3020 5410 3150 5476 Θεὸς
3180 5402 3333 5496 οὗτος
3374 5400 3632 5492 manu

2065 5482 2315 5551 δευτερος
2363 5484 2492 5551 Θεὸς
2528 5487 2624 5551 μὲν
2680 5484 2792 5539 καί.
2842 5484 3114 5551 lnterpres
3147 5484 3357 5540 videtur
3423 5480 3630 5551 aliquid

2068 5498 2315 5606 δευτεροᾶ
2363 5498 2492 5551 υἱὸς
2526 5498 2624 5569 μεν
2680 5498 2792 5539 και.
2846 5498 3114 5565 interpres
3147 5498 3357 5565 videtur
3423 5498 3630 5551 anqqu

2068 5554 2275 5621 ejusmo
2318 5554 2329 5606 i
2372 5555 2427 5609 in
2455 5573 2570 5614 Slll3
2601 5556 2880 5612 codicibus
2909 5553 3204 5615 invenisse.
3228 5554 3513 5612 Arianizat
3536 5557 3635 5603 ast-

2068 5631 2175 5679 tem
2211 5621 2491 5686 Eusebius.
