4068 6206
516 259 589 315 47
1109 219 1119 236 ’
1155 259 1420 316 enses"
1455 257 1941 315 CAESARIENSIS
1991 257 2141 315 opp.
2181 258 2365 316 mas
2401 260 2465 318 ιι.
2507 291 2578 304 -
2614 260 3117 322 APOLOGE'I'ICA.
3682 267 3756 324 ts

515 378 840 448 reddiderit,
885 380 1048 435 modo
1095 380 1285 444 Deum,
1338 395 1401 434 ac
1439 379 1749 447 Dominum,
1795 382 1958 436 modo
1990 381 2077 437 Dei

2193 383 2298 453 μαξ
2336 382 2702 455 ἐστηριγμένη
2735 385 2792 436 ἐν
2818 386 2882 455 τῇ
2931 387 3025 455 γῇ,
3057 380 3125 457 ἦς
3156 384 3190 454 ἡ
3235 374 3439 456 κεφαλὴ
3486 387 3764 453 ἀφικνεῖτο

517 475 774 544 angelum
818 473 1047 544 appellet
1087 492 1100 528 :
1144 473 1223 528 sic
1258 473 1494 542 oquidem
1547 475 1707 544 plane
1761 473 2082 540 declarans,

517 581 630 621 non
671 567 814 621 hunc
843 565 1012 622 fuisse
1063 565 1238 636 ipsum
1277 564 1518 632 Patrem,
1562 567 1658 622 sed
1703 566 1823 636 ejus
1863 566 2083 632 Filium,

519 659 614 730 qui
665 659 805 714 idem
859 666 915 713 et
959 656 1103 713 Deus
1163 673 1227 714 ac
1281 657 1547 714 Dominus
1599 660 1900 714 amicorum
1955 658 2080 726 Dei,

517 758 572 803 et
643 748 880 819 supremi
959 747 1138 804 Patris
1209 749 1449 820 Angelus
1525 750 1630 805 dici
1703 751 2081 808 consueverit.

521 842 619 911 ιι
652 841 790 896 Dicit
813 841 982 912 igitur
1015 843 1100 898 bis
1126 842 1238 898 fere
1269 844 1450 898 verbis
1479 863 1492 899 :
1531 863 1550 896 ι
1591 843 1654 899 Et
1679 845 1956 915 prolectus
1993 851 2086 900 est

512 931 681 986 Jacob
707 933 760 985 in
786 931 1028 999 Charan,
1053 935 1310 1006 venitque
1335 935 1389 988 in
1424 935 1624 1001 locum,
1656 946 1710 991 et
1749 937 2004 992 dormivit
2029 938 2084 993 in

511 1037 578 1077 eo
609 1041 621 1076 :
653 1023 930 1078 occiderat
959 1024 1102 1080 enim
1138 1027 1250 1090 sol,
1284 1033 1338 1081 et
1367 1029 1576 1098 accepit
1611 1028 1819 1098 lapides
1848 1029 1916 1082 de
1939 1030 2081 1095 loco,

510 1123 565 1169 et
596 1115 885 1184 supposuit
908 1116 1074 1186 capiti
1108 1131 1240 1180 suo,
1283 1125 1338 1170 et
1375 1116 1626 1171 dormivit
1655 1118 1709 1172 in
1741 1118 1861 1172 loco
1893 1119 2006 1184 illo,
2031 1128 2085 1176 et

510 1207 804 1260 somniavit
830 1227 843 1262 :
876 1217 930 1264 et
958 1224 1086 1264 ecce
1117 1211 1262 1265 scala
1299 1209 1400 1264 lixa
1424 1210 1595 1274 humi,
1629 1211 1787 1281 cujus
1813 1221 1978 1283 caput
2001 1221 2084 1267 at-

509 1297 753 1368 tingebat
796 1299 1016 1366 caelum,
1043 1310 1098 1355 et
1142 1302 1314 1372 angeli
1349 1301 1443 1356 Dei
1478 1302 1844 1358 ascendebant
1889 1319 1952 1358 ac
1989 1304 2086 1360 de-

501 1392 844 1448 scendebant
881 1409 978 1463 per
1020 1395 1190 1461 illam,
1219 1403 1275 1451 et
1309 1395 1570 1452 Dominus
1601 1397 1820 1454 innixus
1845 1404 1963 1452 erat
1991 1399 2079 1464 ei,

505 1491 563 1542 et
591 1484 728 1540 dixit
758 1505 771 1541 :
804 1486 916 1558 Ego
938 1487 1198 1545 Dominus
1229 1489 1370 1545 Deus
1398 1490 1670 1546 Abraham
1701 1491 1870 1562 patris
1895 1491 1997 1554 tui,
2028 1499 2082 1546 et

507 1577 652 1636 Deus
682 1580 851 1644 Isaac,
898 1582 1009 1638 noli
1045 1585 1276 1650 timere,
1329 1593 1534 1640 terram
1587 1586 1728 1640 hanc
1784 1585 1839 1639 in
1883 1599 1989 1656 qua
2021 1593 2079 1639 tu

2191 479 2270 540 είς
2301 477 2392 529 τὸν
2421 477 2667 548 οὐρανὸν,
2704 478 2798 530 καὶ
2828 477 2877 529 οἱ
2905 477 3125 545 ἄγγελοι
3169 476 3263 531 τοῦ
3295 477 3427 531 Θεοῦ
3478 479 3763 534 ἀνέϐαινον

2189 569 2282 623 καὶ
2313 569 2631 623 κατέϐαινον
2666 570 2752 622 ἐπ’
2778 570 2966 641 αὑτήν.
3007 570 3062 624 Ὀ
3093 570 3150 623 δὲ
3175 569 3377 642 Κύριος
3400 572 3764 644 ἐπεστήρικτο

2189 661 2274 715 ἐπ’
2317 661 2506 731 αὐτῆς,
2537 661 2632 714 καὶ
2664 657 2812 715 εἶπεν
2832 678 2846 692 ·
2887 660 3029 731 Ἐγὼ
3053 661 3255 734 Κύριος
3289 665 3317 716 6
3341 662 3473 728 Θεὸς
3516 653 3764 737 visme

2187 751 2280 806 τοῦ
2312 753 2516 824 πατρός
2545 770 2660 816 σου,
2703 753 2795 806 xal
2839 755 2867 806 6
2909 753 3040 818 Θεὸς
3084 755 3267 809 Ἰσαάκ
3293 773 3308 788 ο
3361 758 3438 830 μὴ
3489 757 3676 826 φοϐοῦ,
3727 763 3760 833 ἡ

2187 845 2258 914 γῆ
2318 845 2402 913 ἐφ’
2430 839 2498 916 ἦς
2529 846 2592 898 σὺ
2618 845 2896 909 καθεύδεις
2928 846 3014 900 ἐπ’
3053 848 3245 919 αὐτῆς,
3285 849 3366 902 col
3403 849 3558 904 δώσω
3594 850 3762 924 αὐτὴν

2187 938 2283 990 xal
2307 937 2384 1008 τῷ
2416 937 2689 1010 σπέρματί
2723 955 2846 992 σου·
2874 940 2967 993 καὶ
3002 938 3152 993 ἔσται
3177 941 3236 993 τὸ
3274 940 3494 1013 σπέρμα
3549 959 3642 996 σου
3686 943 3762 1007 ῶς

2185 1033 2219 1102 ὴ
2256 1032 2437 1102 ἄμμος
2460 1032 2559 1103 τῆς
2585 1032 2688 1104 γῆς
2713 1049 2728 1062 ·
2765 1050 2783 1082 ι
2810 1025 2891 1095 οἷς
2923 1031 3052 1102 ἑξῆς
3080 1032 3320 1101 ἐπιλέγει
3343 1049 3358 1065 ο
3394 1052 3412 1084 ι
3444 1033 3538 1087 καὶ
3561 1032 3761 1107 ἀνέστη

2183 1122 2390 1177 ’Ἰακὼϐ
2435 1124 2497 1176 τὸ
2544 1123 2709 1194 πρωῒ,
2755 1123 3046 1177 καὶνέλαϐε
3093 1123 3184 1176 τὸν
3221 1122 3367 1176 λίθον
3411 1121 3468 1176 ὃν
3517 1123 3761 1198 ὑπέθηκε

2187 1215 2322 1288 πρὸς
2355 1215 2596 1287 κεφαλῆς
2640 1214 2826 1277 αὑτοῦ,
2859 1214 2953 1267 καὶ
2999 1211 3224 1283 ἔστησεν
3276 1212 3437 1266 αὑτὸν
3483 1215 3703 1286 στήλην.
3733 1237 3754 1271 ι

2185 1304 2317 1362 Εἶτα
2366 1305 2509 1379 πρωῒ
2557 1306 2719 1361 αὐτὸν
2763 1307 2827 1376 δὴ
2880 1303 3066 1359 τοῦτον
3111 1305 3201 1358 τὸν
3239 1305 3568 1375 ἐπιφανέντα
3611 1307 3760 1379 αὐτῷ

2179 1398 2316 1452 Θεὸν
2344 1399 2437 1452 καὶ
2484 1397 2706 1469 Κύριον,
2736 1396 2962 1466 ἄγγελον
2991 1395 3242 1467 ὀνομάζει
3277 1396 3433 1452 Θεοῦ.
3471 1399 3607 1470 Φησὶ
3629 1400 3756 1468 γοῦν

2182 1493 2211 1546 6
2253 1491 2478 1545 Ἰακώϐ·
2515 1509 2534 1542 ‹
2574 1491 2682 1546 Kal
2710 1488 2832 1546 εἷπέ
2879 1508 2968 1562 μοι
2997 1493 3026 1544 6
3055 1489 3282 1559 ἄγγελος
3324 1489 3416 1543 τοῦ
3473 1491 3606 1544 Θεοῦ
3635 1491 3754 1545 καθ’

2184 1581 2375 1635 ῦπνονο
2423 1581 2637 1636 Ἰακώϐ.
2679 1581 2817 1650 Ἐγὼ
2847 1577 3045 1635 δὲιεῖπα
3069 1597 3082 1611 ⁸
3116 1580 3180 1634 Τί
3209 1582 3357 1633 ἐστιν
3381 1597 3394 1643 ;
3421 1599 3438 1631 ι
3473 1582 3581 1634 Kal
3607 1582 3752 1652 ἑξῆς,

506 1670 750 1737 dormis,
813 1674 910 1728 tibi
961 1674 1104 1729 dabo
1153 1682 1208 1730 et
1259 1675 1454 1731 semini
1513 1686 1645 1732 tuo:
1678 1684 1731 1731 et
1760 1677 1862 1730 erit
1892 1691 2077 1732 semen

2188 1693 2206 1724 ι
2247 1672 2514 1746 Ἑώρακα,
2549 1674 2704 1744 φησὶ,
2745 1674 2922 1727 πάντα
2945 1673 3043 1726 ὅσα
3076 1671 3260 1726 Λάϐαν
3301 1675 3446 1726 ποιεῖ
3477 1689 3576 1726 σοι.
3612 1671 3755 1741 Ἐγώ

506 1774 684 1829 tuum,
710 1773 772 1820 ut
798 1781 961 1821 arena
987 1778 1151 1823 terrae
1177 1768 1244 1826 ".
1285 1787 1304 1820 ι
1335 1767 1544 1836 Quibus
1593 1769 1852 1840 deinceps
1883 1770 2078 1840 adjun-

507 1858 625 1926 git:
665 1875 684 1908 ‹
726 1855 792 1910 Ει
827 1858 1064 1912 surrexit
1093 1856 1264 1912 Jacob
1295 1873 1473 1920 mane,
1502 1865 1556 1912 et
1587 1858 1792 1928 accepit
1823 1858 2078 1929 lapidem,

507 1963 668 2018 quem
702 1957 1060 2019 supposuerat
1093 1948 1409 2019 capiti-suo,
1444 1957 1499 2005 et
1533 1950 1705 2005 erexit
1737 1950 1887 2004 illum
1923 1949 1982 2008 in
2013 1949 2082 2004 ti-

505 2041 682 2094 tulum
700 2042 767 2097 ⁸⁷.
797 2060 816 2093 ι
847 2041 1104 2097 Oratione
1132 2041 1326 2097 deinde
1347 2041 1854 2113 progressus,hunc
1879 2042 2078 2112 ipsum,

506 2132 599 2202 qui
632 2131 709 2186 illi
741 2147 800 2187 se
823 2133 1155 2200 ostenderat,
1186 2131 1354 2188 Deum
1385 2148 1448 2187 ac
1484 2131 1804 2196 Dominum,
1839 2131 1935 2188 Dei
1980 2148 2080 2186 an-

504 2225 686 2296 gelum
738 2227 1003 2281 nominat.
1055 2225 1322 2296 Loquitur
1349 2243 1479 2299 ergo
1531 2226 1727 2296 Jacob;
1781 2247 1800 2279 1
1853 2236 1913 2282 et
1944 2229 2083 2285 dixit

504 2319 638 2374 mihi
668 2318 905 2390 Angelus
959 2318 1055 2375 Dei
1090 2319 1146 2373 in
1196 2320 1438 2376 somnis:
1475 2319 1686 2376 Jacob:
1735 2319 1845 2391 Ego
1899 2330 2080 2378 autem

505 2411 640 2476 dixi,
667 2410 810 2478 Quid
843 2419 929 2468 est
955 2412 1043 2465 πί
1082 2431 1100 2464 ι
1137 2410 1214 2465 Ac
1271 2411 1529 2480 deinceps
1560 2432 1572 2466 :
1615 2430 1635 2462 ‹
1682 2410 1842 2476 Vidi,
1877 2411 2076 2482 inquit,

504 2505 688 2559 omnia
720 2519 1061 2574 quaecunque
1091 2503 1217 2558 fecit
1244 2502 1450 2558 Laban.
1497 2503 1610 2574 Ego
1636 2520 1756 2558 sum
1793 2505 1956 2569 Deus,
1985 2506 2079 2576 qui

503 2596 660 2653 visus
682 2611 804 2652 sum
823 2595 924 2650 tibi
956 2596 1010 2650 in
1039 2595 1160 2650 loco
1178 2593 1296 2658 Dei,
1317 2596 1407 2649 ubi
1439 2598 1642 2651 unxisti
1670 2596 1801 2650 mihi
1823 2599 2078 2668 lapidem,

501 2700 801 2758 votumque
831 2687 1028 2743 vovisti
1077 2688 1142 2740 δ’.
1181 2706 1199 2738 ›
1241 2687 1340 2742 Hic
1373 2704 1505 2744 sane
1554 2689 1730 2753 idem,
1771 2693 1865 2760 qui
1915 2693 2076 2747 etiam

503 2781 734 2837 Abrahae
762 2781 911 2837 visus
939 2789 1043 2843 est,
1081 2779 1224 2837 Deus
1251 2796 1314 2835 ac
1349 2780 1610 2836 Dominus
1645 2783 2079 2854 appellatur,qui

502 2890 602 2946 per
637 2874 913 2945 mysteria,
948 2873 1220 2928 hominem
1249 2873 1342 2928 Dei
1372 2875 1626 2940 amicum,
1662 2874 1747 2930 sui
1789 2877 1958 2946 patris
1987 2877 2078 2946 jus

502 2975 558 3022 et
591 2973 912 3038 potestatem
937 2965 1128 3031 docet,
1173 2981 1237 3020 ac
1267 2967 1526 3020 nonnulla
1556 2967 1771 3021 interim
1804 2970 1962 3038 quasi
2013 2967 2080 3025 de

2183 1767 2298 1838 είμι
2321 1768 2350 1820 ὸ
2372 1767 2502 1830 Θεὸς
2522 1770 2550 1821 6
2570 1767 2755 1838 ὀφθείς
2783 1784 2862 1820 σοι
2879 1767 2937 1820 ἐν
2969 1766 3120 1837 τόπῳ
3147 1765 3308 1832 Θεοῦ,
3332 1762 3392 1821 οῦ
3414 1765 3637 1838 ἤλειψας
3664 1784 3754 1837 μοι

2183 1859 2300 1912 ἐκεῖ
2332 1859 2552 1931 στήλην,
2580 1862 2675 1914 καὶ
2708 1859 2857 1932 ηὔξω
2889 1877 2978 1932 μοι
3023 1861 3139 1913 ἐκεῖ
3166 1859 3353 1931 εὐχήν.
3385 1879 3402 1910 ι
3446 1861 3504 1913 '0
3525 1859 3568 1912 δ’
3594 1859 3756 1922 αὐτὸς

2181 1943 2357 2016 οὗτος,
2398 1952 2491 2004 καὶ
2523 1951 2603 2023 τῷ
2646 1952 2894 2023 Ἀϐραὰμ
2934 1952 3296 2024 παραφανεὶς,
3331 1949 3464 2014 Θεὸς
3507 1952 3601 2004 καὶ
3644 1950 3759 2004 Κύ-

2186 2062 2298 2117 ριος
2331 2046 2708 2118 ἀνηγόρευται,
2749 2045 3122 2116 μυσταγωγῶν
3145 2045 3235 2097 τὸν
3267 2045 3488 2115 θεοφιλῆ
3513 2045 3606 2108 τὰς
3632 2045 3762 2115 περὶ

2181 2137 2276 2190 τοῦ
2311 2137 2515 2208 πατρὸς
2545 2137 2848 2201 αὑθεντίας,
2873 2136 2968 2190 καί
2989 2154 3110 2190 τινα
3139 2137 3213 2201 ὼς
3252 2139 3379 2210 περὶ
3411 2137 3597 2209 ἐτέρου
3624 2137 3760 2191 Θεοῦ

2181 2231 2466 2295 διδάσκων,
2501 2231 2538 2284 ἃ.
2572 2231 2668 2285 καὶ
2713 2230 2852 2284 κατὰ
2896 2229 3085 2302 καιρὸν
3128 2229 3555 2301 ἐπισκεψόμεθα.
3602 2229 3759 2283 Ἀλλὰ

2181 2325 2276 2378 καὶ⁵
2303 2323 2378 2396 τῷ
2416 2323 2532 2376 Ἰὼϐ
2556 2324 2744 2377 οὐδένα
2771 2325 2803 2396 ἢ
2838 2323 3024 2377 τοῦτον
3056 2319 3194 2376 εἶναι
3224 2323 3314 2376 τὸν
3335 2321 3755 2394 ⁴χρηματίσαντα

2183 2415 2323 2488 μετὰ
2349 2416 2446 2487 τὴν
2493 2414 2740 2488 αὐτάρκη
2769 2415 3182 2486 διαγυμνασίαν,
3207 2416 3269 2468 οῦ
3313 2415 3527 2486 θεμιτὸν
3557 2416 3748 2469 εἰπεῖν.

2180 2511 2453 2582 Πρότερον
2481 2508 2578 2580 μὲν
2612 2509 2719 2581 γὰρ
2751 2509 2838 2562 διὰ
2867 2509 3126 2574 λαίλαπος
3153 2511 3246 2562 καὶ
3273 2509 3447 2578 νεφῶν
3469 2508 3754 2577 ἐπιφανεὶς

2181 2602 2354 2674 αὐτῷ,
2382 2603 2471 2656 τὸν
2513 2601 2649 2655 ὅλων
2677 2601 2808 2655 Θεὸν
2841 2602 3030 2656 ἐαυτὸν
3070 2602 3198 2656 ὄντα
3229 2603 3468 2673 παρίστη
3491 2618 3505 2633 ο
3553 2600 3754 2670 προῖὼν

2179 2693 2235 2748 δὲ
2279 2694 2407 2764 ἑξῆς
2448 2693 2638 2747 ἑαυτὸν
2685 2692 3038 2756 ἐπιδείκνυσι,
3083 2692 3223 2746 ὥστε
3263 2693 3426 2761 φάναι
3460 2691 3549 2744 τὸν
3590 2689 3708 2744 Ἰὡϐ
3736 2707 3751 2721 ⁸

2186 2805 2204 2836 ι
2245 2786 2508 2839 ’Ἄκουσον
2539 2785 2596 2839 δὲ
2620 2803 2742 2857 μου,
2771 2784 2965 2856 Κύριε,
2999 2785 3087 2840 ἵνα
3116 2783 3272 2855 κάγὼ
3295 2785 3528 2856 λαλήσω.
3566 2783 3756 2855 ’Λκοὴν

2183 2879 2280 2950 μὲν
2304 2866 2487 2948 φωνῆς
2519 2878 2714 2948 ἤκουόν
2744 2895 2836 2930 σου
2866 2881 2929 2932 τὸ
2963 2879 3244 2950 πρότερον,
3272 2880 3386 2932 νυνὶ
3417 2879 3472 2932 δὲ
3501 2879 3528 2930 ό
3559 2877 3757 2946 ὀφθαλ-

2185 2970 2284 3041 μός
2315 2987 2416 3041 μου
2449 2968 2660 3041 ἑώρακέ
2697 2985 2774 3023 σε.
2807 2972 2826 3021 ὸ
2856 2971 2918 3023 El
2952 2970 3007 3023 δὲ
3042 2970 3116 3042 μὴ
3145 2968 3254 3024 οἷόν
3284 2988 3343 3023 τε
3378 2969 3470 3022 τὸν
3500 2969 3756 3024 ἐπέκεινα

503 3061 612 3115 alio
636 3061 871 3132 quodam
901 3059 1226 3131 refert,qua3
1257 3077 1390 3116 sane
1420 3075 1520 3118 nos
1549 3075 1650 3118 suo
1679 3061 1802 3115 loco
1827 3061 2077 3118 conside-

2180 3064 2331 3128 Θεὸν,
2373 3063 2464 3116 τὸν
2513 3062 2743 3134 ἀόρατον
2773 3061 2866 3115 καὶ
2908 3062 3217 3132 ἀγέννητον,
3269 3063 3361 3115 καὶ
3411 3060 3756 3132 παμϐασιλέα

502 3151 769 3207 rabimus.
823 3151 968 3220 Quin
1012 3155 1174 3209 etiam
1213 3169 1377 3218 eum,
1427 3154 1520 3225 qui
1570 3160 1688 3208 tum
1717 3154 1938 3208 demum
1972 3154 2076 3224 ipsi

500 3242 624 3310 Job,
656 3253 779 3315 post
829 3245 964 3302 satis
1013 3245 1226 3314 longam
1267 3246 1713 3302 exercitationem
1757 3247 2072 3316 respondit,

500 3339 668 3394 alium
697 3345 894 3410 praeter
918 3339 1065 3393 hunc
1095 3339 1280 3394 dicere
1301 3339 1476 3396 nefas.
1501 3339 1638 3394 Nam
1669 3341 1762 3410 qui
1797 3347 1976 3404 antea,
2008 3340 2076 3396 de

499 3431 740 3496 turbine,
767 3441 822 3486 et
866 3430 1104 3486 nubibus
1151 3429 1230 3483 illi
1273 3446 1334 3486 se
1366 3430 1709 3494 ostenderat,
1746 3430 1915 3485 Deum
1950 3431 2076 3485 uni-

501 3522 646 3578 versi
675 3537 732 3578 se
773 3536 894 3576 esse
937 3520 1231 3576 indicabat.
1287 3519 1460 3575 Porro
1493 3528 1673 3577 autem
1709 3536 2032 3592 progressus
2055 3559 2072 3586 ,

501 3616 574 3671 ita
606 3615 843 3686 seipsum
873 3617 1080 3686 praebet
1119 3615 1432 3682 videndum,
1462 3624 1520 3670 ut
1570 3615 1687 3686 ipse
1715 3613 1818 3669 Job
1847 3623 1960 3667 tum
1991 3612 2076 3667 di-

501 3719 590 3764 cat
622 3728 637 3766 :
677 3730 694 3762 ι
740 3709 880 3766 Audi
910 3726 1019 3776 me,
1051 3709 1299 3775 Do‘mine,
1331 3718 1391 3764 ut
1422 3711 1582 3764 etiam
1598 3724 1696 3779 ego
1729 3709 1937 3778 loquar.
1972 3705 2076 3761 So-

499 3803 676 3859 nitum
705 3803 922 3874 quidem
960 3804 1108 3858 vocis
1151 3810 1260 3858 tua:
1291 3803 1472 3858 audivi
1504 3801 1676 3872 prius,
1711 3816 1857 3855 nunc
1891 3810 2072 3855 autem

499 3895 693 3951 oculus
722 3910 876 3951 meus
905 3895 1040 3950 vidit
1095 3904 1148 3951 te
1175 3897 1242 3951 ⁸ο.
1297 3915 1318 3947 ι
1357 3893 1514 3961 Quod
1558 3895 1606 3950 si
1655 3892 1769 3949 ﬁeri
1809 3909 1915 3949 non
1976 3910 2074 3964 po-

497 3995 625 4054 test,
661 3997 720 4042 ut
752 3988 1054 4045 altissimus
1100 3987 1243 4045 Deus
1285 3988 1574 4044 invisibilis
1607 3995 1661 4042 et
1693 3987 1987 4058 ingenitus,
2019 3995 2074 4042 et

495 4096 595 4139 rex
625 4082 869 4138 universi
896 4097 927 4137 a
958 4082 1172 4138 mortali
1207 4090 1402 4137 natura
1447 4091 1705 4138 cernatur
1726 4122 1742 4147 ,
1799 4082 1920 4152 quis
1949 4087 2073 4134 tan-

499 4174 622 4231 dem
648 4174 758 4243 hic,
798 4175 892 4245 qui
919 4175 1000 4232 sic
1034 4175 1184 4232 visus
1215 4185 1318 4240 est,
1353 4175 1492 4231 alius
1516 4175 1678 4231 fuerit
1703 4215 1718 4240 ,
1755 4184 1952 4245 praeter
1977 4172 2072 4228 Dei

497 4264 762 4332 Verbum,
793 4264 938 4335 quod
973 4265 1214 4336 seipsum
1248 4264 1316 4319 ad
1361 4273 1574 4334 tempus
1609 4263 1676 4319 de
1703 4263 1923 4334 propria
1953 4275 2071 4315 ma-

498 4356 783 4428 gnitudine
814 4355 1116 4422 demiserit,
1150 4363 1210 4411 ut
1237 4355 1364 4410 alibi
1393 4369 1608 4426 quoque
1640 4355 1933 4410 dicendum
1955 4354 2069 4408 est?

2177 3155 2286 3210 τῶν
2315 3157 2477 3220 ὅλων,
2503 3155 2669 3228 θνητῇ
2707 3156 2871 3224 φάναι
2915 3155 3235 3228 θεωρεῖσθαι
3269 3155 3449 3226 φύσει,
3494 3155 3578 3218 τίς
3621 3153 3687 3208 ἂν
3726 3155 3754 3207 ὁ

2176 3249 2502 3322 δηλούμενος
2544 3249 2630 3319 εἴη
2662 3249 2800 3321 πλὴν
2832 3248 2928 3302 τοῦ
2960 3250 3094 3322 πρὸς
3140 3248 3297 3319 ἡμῶν
3340 3247 3484 3301 κατὰ
3529 3247 3618 3301 τὸν
3653 3263 3755 3300 πα-

2177 3344 2312 3415 τέρα
2380 3343 2866 3414 κυριολογουμένου
2927 3342 3064 3396 Θεοῦ
3114 3343 3326 3410 Λόγου;
3390 3343 3500 3395 Kal
3551 3341 3605 3394 τί
3675 3340 3756 3394 δεῖ

2179 3437 2399 3490 πλείονα
2441 3439 2568 3509 περὶ
2611 3437 2800 3490 τούτου
2835 3438 3178 3504 συναγαγεῖν,
3210 3433 3385 3504 παρὸν
3432 3434 3496 3485 ἐκ
3525 3432 3632 3484 τῶν
3674 3433 3751 3483 ie-

2179 3529 2290 3600 ρῶν
2324 3528 2520 3598 βίϐλων
2568 3529 2666 3592 τὰς
2709 3528 2911 3582 τούτων
2955 3528 3240 3590 συστάσεις
3279 3525 3611 3597 λαμϐάνειν;
3655 3523 3752 3587 “At;

2176 3623 2272 3676 καὶ
2304 3621 2458 3674 αὐτοὶ
2497 3622 2636 3675 κατὰ
2665 3621 2762 3693 τὴν
2808 3623 3172 3693 προκειμένην
3204 3618 3456 3672 ὑπόθεσιν
3502 3617 3595 3671 ἐπὶ
3629 3631 3753 3689 σχο-

2177 3714 2274 3786 λῆς
2294 3715 2687 3786 ἀναλεξόμεθα,
2721 3717 2800 3780 είς
2829 3714 3098 3778 ἀπόδειξιν
3128 3712 3222 3766 τοῦ
3245 3713 3383 3783 μηδὲ
3410 3711 3566 3765 ἄλλον
3597 3711 3630 3784 ἢ
3663 3710 3754 3764 τὸν

2174 3806 2268 3860 τοῦ
2291 3806 2425 3860 Θεοῦ
2452 3807 2621 3876 Λόγον
2648 3803 2782 3860 εἷναι
2816 3808 2906 3861 τὸν
2930 3809 3042 3871 τοῖς
3071 3804 3338 3874 θεοφιλέσι
3380 3803 3754 3876 προπάτορσιν

2175 3897 2505 3970 ἑωραμένον.
2542 3898 2748 3953 Οὐκοῦν
2779 3898 2916 3970 μετὰ
2942 3898 3041 3970 τὴν
3081 3896 3326 3970 περὶτοῦ
3358 3897 3464 3950 τῶν
3495 3895 3628 3950 ὅλων
3659 3894 3753 3966 δη-

2178 3991 2440 4064 μιουργοῦ
2469 3991 2739 4064 διάληψιν,
2783 3991 2968 4046 καὶτὰ
3002 3991 3127 4063 περὶ
3159 3990 3250 4044 τοῦ
3288 3987 3524 4062 Χριστοῦ
3560 3984 3750 4052 κοινῶς

2172 4085 2304 4155 ἡμῖν
2335 4103 2395 4138 τε
2427 4085 2696 4148 κάκείνοις
2723 4084 3100 4158 παραδέδοται.
3136 4083 3326 4136 Ἔνθεν
3355 4082 3447 4134 καὶ
3482 4077 3750 4150 Χριστοῦς

2174 4175 2371 4238 αὐτοὺς
2420 4175 2486 4246 δὴ
2559 4175 2804 4238 ἐκείνους
2847 4175 2972 4238 τοὺς
3020 4173 3126 4245 πρὸ
3172 4171 3410 4234 Μωσέως
3459 4167 3746 4237 Θεοφιλεῖς,

2174 4265 2455 4338 ῶσπεροῦν
2515 4267 2663 4338 ἡμᾶς
2702 4266 3082 4338 Χριστιανοὺς,
3132 4263 3312 4335 εὕροις
3370 4261 3435 4314 ἂν
3474 4257 3749 4329 κεκλημέ-

2174 4375 2318 4421 νους.
2351 4357 2460 4410 Kal
2487 4357 2643 4418 τοῦτο
2683 4357 2739 4410 δὲ
2781 4356 3106 4420 ἐπάκουσον,
3144 4354 3218 4418 ῶς
3252 4369 3382 4422 φησι
3411 4350 3538 4422 περὶ
3569 4347 3749 4403 αὐτῶν

496 4446 764 4504 Caeterum
794 4448 923 4518 quid
965 4449 1119 4518 plura
1162 4447 1230 4502 de
1256 4447 1446 4502 eadem
1488 4461 1548 4501 re
1592 4445 1648 4500 in
1697 4445 1843 4498 hunc
1891 4445 2070 4499 locum

2180 4449 2232 4502 ἐν
2255 4448 2501 4532 Ψαλμοῖς
2525 4447 2584 4502 τὸ
2606 4447 2785 4517 λόγιον
2811 4464 2824 4476 ·
2858 4466 2877 4499 ι
2922 4448 3010 4500 Ἐν
3039 4445 3116 4517 τῷ
3147 4441 3282 4498 εῖναι
3309 4443 3502 4506 αὐτοὺς
3528 4439 3748 4514 ἀριθμῷ

497 4552 790 4609 congerere
817 4553 956 4610 opus
980 4548 1082 4602 est,
1104 4553 1228 4592 cum
1262 4537 1452 4592 barum
1499 4550 1679 4591 rerum
1706 4533 2077 4590 conﬁrmatio-

497 4645 599 4686 nes
631 4645 662 4685 e
691 4630 863 4686 sacris
889 4631 1045 4686 libris
1077 4631 1324 4702 accipere
1351 4627 1494 4683 haud
1521 4627 1737 4684 diliicile
1787 4628 1899 4683 sit?
1927 4625 2075 4694 Quas

497 4721 688 4793 utique
719 4720 884 4778 etiam
929 4737 1030 4778 nos
1079 4722 1134 4777 in
1165 4722 1391 4776 materia
1434 4721 1713 4792 proposita
1759 4734 1860 4792 per
1903 4719 2074 4774 otium

497 4815 780 4870 coliecturi
837 4831 1068 4878 sumus,
1127 4823 1188 4870 ut
1245 4814 1596 4870 ostendamus
1646 4814 1854 4869 nullum
1910 4813 2074 4867 alium

497 4905 671 4962 fuisse
700 4907 807 4964 nisi
837 4907 930 4963 Dei
951 4906 1216 4974 Verbum,
1244 4909 1336 4979 qui
1367 4908 1436 4963 ab
1479 4906 1718 4978 antiquis
1748 4905 1841 4961 Dei
1877 4904 2069 4960 amicis

501 4997 753 5065 patribus
781 5007 866 5053 est
893 4998 1066 5054 visus.
1095 4997 1280 5069 Itaque
1302 5006 1424 5072 post
1469 5011 1652 5052 rerum
1683 4996 1926 5051 omnium
1949 4994 2068 5064 opi-

502 5087 620 5143 ﬁcis
649 5105 869 5154 nomen,
907 5090 1010 5160 12
1043 5089 1206 5143 etiam
1239 5104 1301 5144 ea
1334 5103 1455 5160 qua:
1484 5087 1551 5142 ad
1575 5086 1852 5143 Christum
1901 5085 2072 5154 perti-

501 5190 651 5246 nent,
675 5198 826 5254 aaque
849 5185 1030 5250 nobis,
1055 5192 1218 5254 atque
1263 5181 1371 5238 illis
1391 5222 1406 5248 ,
1447 5181 1831 5250 communique
1856 5180 2070 5234 ratione

503 5273 719 5346 prodita
754 5284 903 5333 sunt.
958 5275 1131 5344 Quam
1162 5276 1234 5332 ob
1261 5291 1374 5332 rem
1417 5275 1654 5330 christos
1711 5287 1926 5344 quoque
1975 5288 2071 5328 eos

2179 4539 2416 4613 βραχεῖς,
2451 4540 2758 4608 ὀλιγοστοὺς
2780 4539 2874 4593 xal
2903 4539 3195 4610 παροίκους
3220 4539 3278 4590 ἐν
3301 4537 3458 4606 αὐτῇ,
3487 4533 3582 4587 καὶ
3610 4532 3749 4600 διῆλ-

2178 4627 2270 4680 θον
2301 4626 2358 4694 ἐξ
2403 4626 2588 4690 ἔθνους
2613 4629 2694 4691 εἰς
2731 4627 2908 4691 ἔθνος,
2944 4629 3039 4681 καὶ
3090 4628 3154 4679 ἐκ
3189 4624 3460 4696 βασιλείας
3509 4624 3590 4685 εἰς
3621 4622 3748 4676 λαὸν

2176 4718 2382 4790 ἕτερον,
2416 4719 2515 4772 οὐκ
2545 4718 2753 4789 ἀφῆκεν
2785 4718 3068 4790 ἄνθρωπον
3111 4717 3367 4788 ἀδικῆσαι
3399 4716 3615 4778 αὐτοὺς,
3655 4713 3746 4767 καὶ

2177 4810 2398 4881 ἤλεγξεν
2441 4810 2582 4882 ὑπὲρ
2614 4809 2792 4864 αὐτῶν
2835 4810 3093 4881 βασιλεῖς,
3124 4809 3297 4878 λέγων
3321 4825 3334 4838 ·
3377 4807 3467 4879 Μὴ
3512 4805 3744 4860 ἅπτεσθε

2176 4902 2282 4956 τῶν
2309 4903 2557 4974 Χριστῶν
2586 4920 2707 4974 μου,
2740 4902 2832 4956 xal
2858 4903 2914 4955 ἐν
2945 4905 3057 4966 τοῖς
3083 4903 3386 4974 προφήταις
3419 4918 3518 4971 μου
3553 4900 3626 4970 μὴ
3653 4915 3747 4952 πο-

2175 4995 2488 5068 νηρεύεσθε.
2541 5014 2559 5046 ι
2607 4994 2789 5048 Ταῦτα
2817 4994 2922 5065 γὰρ
2964 4995 3054 5046 ἐπὶ
3080 4994 3173 5047 τοῦ
3219 4993 3486 5065 Ἀϐραὰμ,
3531 4987 3742 5044 καὶτοῦ

2183 5088 2385 5151 Ἰσαὰκ,
2411 5088 2505 5143 καὶ
2532 5088 2623 5142 τοῦ
2657 5087 2852 5142 Ἰακὼϐ
2878 5089 3220 5162 ἁνειρῆσθαι,
3247 5089 3447 5159 ἠπᾶσα
3475 5085 3744 5156 σύμφασις

2175 5179 2270 5233 τοῦ
2301 5181 2460 5250 λόγου
2487 5181 2832 5253 παρίστησιν.
2867 5181 3028 5234 Ὥστε
3073 5182 3166 5236 xal
3215 5181 3316 5251 τῆς
3364 5165 3456 5233 τοῦ
3507 5174 3746 5248 Χριστοῦ

2172 5273 2542 5346 προσηγορίας
2561 5276 2694 5345 ἠ⁶μῖν
2722 5271 2921 5344 ὁμοίως
2952 5272 3287 5329 ἐκοινώνουν.

504 5367 655 5438 ipsos
695 5372 788 5440 qui
847 5379 974 5429 ante
1024 5371 1226 5430 Mosem
1280 5371 1442 5426 amici
1489 5370 1894 5441 familiaresque
1958 5368 2053 5425 Dei
2102 5367 2344 5435 fuerunt,
2401 5370 2544 5424 sicut
2565 5385 2664 5426 nos
2709 5369 3073 5436 Christianos,
3116 5369 3413 5441 appellatos
3461 5365 3741 5429 invenies,

503 5467 599 5526 sed
636 5470 782 5537 audi,
819 5487 1022 5542 qua-so,
1053 5472 1181 5545 quid
1214 5469 1280 5526 de
1327 5470 1435 5525 illis
1463 5469 1745 5526 oraculum
1773 5468 1829 5523 in
1855 5465 2087 5522 Psalmis
2115 5465 2295 5520 dicat:
2337 5482 2356 5517 ι
2396 5456 2532 5521 Cum
2585 5478 2768 5522 essent
2819 5482 3049 5523 numero
3095 5464 3307 5531 breves,
3337 5459 3650 5534 paucissimi
3691 5466 3746 5512 et

457 5561 459 5563 ’
504 5565 700 5624 incola:
733 5564 785 5618 in
819 5580 902 5632 ea,
930 5577 980 5621 et
1016 5565 1352 5622 transierunt
1381 5562 1447 5618 de
1477 5568 1634 5644 gente
1675 5561 1730 5615 in
1758 5567 1996 5631 gentem,
2024 5564 2078 5611 et
2110 5556 2177 5611 de
2224 5571 2390 5628 regno
2437 5556 2492 5609 in
2550 5557 2810 5628 populum
2843 5558 3070 5614 alterum
3091 5594 3108 5624 ,
3153 5571 3264 5610 non
3316 5551 3523 5609 dimisit
3569 5550 3746 5606 homi-

575 5754 623 5788 ⁸⁸
665 5750 799 5807 Gen.
845 5761 1039 5816 xxvtll,
1083 5748 1270 5802 10-14.
1350 5748 1394 5780 ³⁷
1439 5748 1572 5805 Ibid.
1615 5745 1702 5803 18.
1781 5746 1825 5779 ⁸⁸
1865 5743 1999 5800 Gen.
2039 5761 2077 5798 ι

2191 5787 2205 5812 ,
2249 5747 2334 5800 ll.
2414 5748 2458 5781 "
2498 5745 2631 5807 Ibid.
2679 5745 2876 5815 12,15.

2955 5744 3000 5776 ⁶⁰
3030 5740 3132 5798 Job
3193 5754 3325 5806 XLII,
3362 5735 3416 5800 4,
3460 5735 3514 5792 ε.
