4068 6206
429 240 504 299 49
1353 235 2014 294 DEMONSTRATIONIS
2050 235 2510 292 EVANGELICAE
2543 237 2670 294 LIB.
2713 237 2754 292 l.
3601 228 3682 299 50¹

416 373 540 417 nem
569 370 768 413 nocere
785 355 888 416 eis.
905 361 961 410 et
985 353 1254 425 increpuit
1270 370 1366 425 pro
1386 355 1493 410 illis
1521 370 1675 428 reges
1697 353 1885 410 dicens
1917 350 2125 408 :Nolite
2150 362 2368 425 tangere
2391 354 2628 410 christos
2657 370 2832 418 meos,
2869 357 2991 410 etin
3025 354 3308 425 prophetis
3333 355 3470 412 meis
3502 355 3671 412 nolite

413 452 794 521 malignari“.
830 469 849 501 ι
889 448 1010 504 Haec
1033 465 1165 506 sane
1188 450 1256 506 de
1277 451 1573 515 Abraham,
1614 459 1667 506 et
1692 449 1862 514 Isaac,
1903 457 1958 504 et
1987 446 2154 503 JaCOb
2179 447 2322 503 edita
2355 464 2475 504 esse
2511 449 2751 514 oracula,
2777 455 2885 504 tota
2913 448 3231 520 compositio
3253 457 3306 504 et
3328 448 3671 504 continuatio

409 545 684 600 orationis
707 541 965 598 ostendit.
987 541 1253 608 Quocirca
1275 542 1482 600 Christi
1512 559 1730 616 quoque
1757 540 2176 614 appellationem
2195 540 2478 595 nobiseum
2508 555 2850 596 communem
2882 541 3084 611 pariter
3116 540 3372 596 habuere.

914 656 1312 711 ΚΕΦΑΛΑΙΟΝ
1349 660 1438 724 cr.

416 752 516 817 Τίς
544 753 578 804 ὁ
625 749 782 803 κατὰ
803 749 914 820 τὴν
942 747 1169 820 Καινὴν
1185 750 1488 820 Amarian
1509 747 1995 820 ίκατηγγελμένος

559 820 686 874 ὑπὸ
719 819 822 873 τοῦ
846 819 1094 888 Χριστοῦ
1121 819 1312 874 πᾶσιν
1333 819 1664 890 ἀνθρώποις
1689 819 1848 886 βίος.

455 961 460 966 .
509 911 668 965 Ἀλλὰ
701 912 790 965 καὶ
833 913 862 963 6
906 910 1024 964 κατ’
1055 910 1254 982 ἀρετὴν
1285 909 1420 980 βίος,
1464 913 1498 982 ἦ
1545 929 1604 965 τε
1651 913 1792 965 κατὰ
1839 911 1991 964 εὑσὲ-

421 1004 579 1060 δειαν
617 1004 868 1069 πολιτεία,
903 1002 1090 1077 ὥσπερ
1129 1007 1242 1068 τοῖς
1283 1004 1492 1059 ἔθνεσιν
1537 1005 1718 1059 ἅπασι.
1752 1005 1839 1059 διὰ
1889 1005 1989 1074 τῆς

423 1098 519 1151 τοῦ
563 1094 789 1169 Χριποῦ
834 1095 1115 1160 νουθεσίας
1154 1097 1495 1168 κεκήρυκται
1541 1097 1666 1168 δίχα
1708 1097 1804 1167 τῆς
1848 1095 1988 1149 κατὰ

421 1192 619 1246 Μωσέα
675 1191 955 1261 διαταγῆς,
986 1189 1160 1254 οὕτως
1182 1190 1405 1254 καὶτοῖς
1432 1189 1679 1254 παλαιοῖς
1707 1189 1932 1252 ἐκείνοις
1958 1190 1987 1241 6

419 1282 578 1346 αὐτὸς
617 1281 712 1352 τῆς
742 1280 1026 1345 εὐσεϐείας
1071 1280 1416 1352 κατωρθοῦτο
1461 1281 1680 1352 τρόπος.
1727 1282 1851 1334 οὑτ⁹
1893 1274 1986 1333 οὖν

415 1373 660 1446 σώματος
701 1375 884 1438 αὑτοῖς
923 1374 1225 1446 περιτομῆς
1272 1373 1484 1444 ἔμελεν,
1533 1378 1614 1429 ὅτι
1659 1374 1781 1445 μηδ’
1830 1375 1982 1446 ἡμῖν,

411 1463 532 1517 οὑτε
560 1465 770 1536 ἀποχῆς
805 1464 914 1518 τῶν
956 1465 1174 1520 τοιῶνδε
1207 1464 1361 1530 ζώων
1409 1464 1682 1537 βρώσεως,
1725 1466 1806 1519 ὅτι
1843 1465 1982 1536 μηδὲ

409 1557 554 1626 ἡμῖν.
595 1557 804 1610 Αὐτίκα
835 1557 925 1610 τὸν
953 1557 1290 1629 Μελχισεδὲκ
1315 1560 1344 1612 6
1383 1558 1580 1630 Μωσῆς
1649 1559 1858 1628 εἰσάγει
1904 1559 1981 1610 ἱε-

407 1648 502 1718 ρέα
527 1648 622 1702 τοῦ
657 1647 793 1702 Θεοῦ
824 1648 1068 1718 ὑψίστου,
1099 1651 1160 1704 οὑ
1185 1650 1247 1704 τὸ
1293 1650 1452 1722 σῶμα
1495 1651 1978 1722 περιτετμημένοι),

401 1742 462 1794 οὑ
499 1742 658 1814 μύρῳ
688 1742 982 1814 ξσκευαστῷ
1029 1743 1170 1797 κατὰ
1213 1744 1415 1798 Μωσέα
1465 1745 1849 1816 κεχρισμένον,
1917 1745 1976 1797 οὑ

400 1833 675 1888 σάϐϐατον
731 1834 783 1886 τί
818 1837 932 1888 ποτ’
979 1836 1130 1889 ἐστὶν
1180 1835 1376 1901 εἰδότα,
1423 1837 1532 1890 οὐδ’
1573 1837 1709 1899 ὅλως
1765 1853 1818 1888 τι
1873 1836 1979 1889 τῶν

397 1927 541 1996 μετὰ
579 1925 754 1980 ταῦτα
793 1926 872 1997 τῷ
905 1929 1069 1980 παντὶ
1113 1928 1382 1981 Ἰουδαίων
1414 1928 1555 1981 ἔθνει
1613 1929 1704 1981 διὰ
1733 1929 1978 1994 Μωσέως

2018 661 2067 714 Α

2690 650 2918 707 CAPUT
2974 652 3074 710 Ἣ..

2099 742 2355 816 Quaenam
2387 754 2562 816 mea,
2589 761 2715 816 quq;
2749 747 2803 798 in
2838 743 2983 799 Novo
3040 745 3372 802 Testamento
3427 746 3666 802 (inanibus

2261 815 2555 870 hominibus
2590 814 2621 868 ὰ
2653 814 2861 870 Christo
2895 819 3205 870 denuntiata
3237 829 3337 881 est,
3369 818 3494 873 vita.

2167 906 2270 963 Sed
2294 917 2348 965 et
2379 924 2440 964 ea
2479 924 2599 979 quae
2643 909 2898 963 virtutem
2944 917 3186 965 sectatur
3213 911 3337 964 vita:
3387 911 3554 973 ratio,
3611 919 3666 966 et

2092 1015 2213 1068 qua:
2242 1001 2494 1070 pietatem
2526 1001 2770 1071 amplexa
2811 1009 2894 1056 est
2932 1001 3107 1056 civilis
3157 1001 3466 1066 institutio,
3523 1003 3666 1056 sicut

2081 1088 2294 1159 absque
2353 1089 2520 1144 Mosis
2577 1091 3006 1155 constitutione,
3071 1091 3324 1147 clunibus
3376 1093 3661 1162 gentibus,

2089 1177 2308 1235 Christo
2339 1182 2608 1237 monitore
2659 1181 2928 1253 patefacta
2983 1191 3102 1248 est,
3159 1186 3231 1237 ita
3284 1185 3441 1255 plane
3473 1183 3662 1239 eadem

2086 1271 2304 1342 pietatis
2337 1289 2400 1328 ac
2423 1275 2702 1346 religionis
2731 1275 2874 1345 apud
2904 1275 3112 1345 priscos
3144 1275 3263 1330 illos
3289 1277 3664 1346 complebatur

2087 1365 2244 1419 ratio.
2265 1364 2446 1436 Neque
2479 1367 2643 1436 igitur
2674 1377 2732 1421 ut
2753 1383 2954 1438 corpus
2981 1367 3460 1431 circumciderent-,
3485 1383 3664 1438 neque

2087 1467 2146 1516 ut
2175 1460 2242 1513 ab
2273 1460 2488 1525 horum,
2524 1470 2618 1516 aut
2664 1462 2878 1517 illorum
2901 1463 3215 1518 animalium
3246 1463 3504 1519 carnibus
3533 1463 3662 1519 abs-

2085 1553 2352 1618 tinerent,
2398 1554 2475 1607 illi
2523 1557 2830 1610 curabant:
2867 1557 3122 1626 quoniam
3167 1572 3236 1613 ne
3278 1573 3376 1613 nos
3416 1558 3657 1628 quidem.

2083 1644 2294 1700 Etenim
2353 1647 2603 1716 protinus
2660 1647 3020 1704 Melchisedec
3069 1648 3285 1704 inducit
3321 1649 3532 1714 Moses,
3570 1664 3662 1705 sa-

2082 1737 2355 1793 cerdotem
2379 1738 2472 1794 Dei
2501 1739 2775 1806 altissimi,
2807 1741 2900 1811 qui
2933 1757 3109 1812 neque
3150 1756 3377 1811 corpore
3410 1752 3526 1798 erat
3556 1741 3661 1796 cir-

2082 1832 2395 1896 cumcisus,
2465 1849 2640 1904 neque
2715 1842 2992 1904 unguento
3057 1841 3374 1904 comparato
3425 1849 3488 1888 ex
3542 1834 3660 1904 lege

2083 1921 2249 1977 Mosis
2292 1923 2584 1990 delibutus,
2621 1941 2794 1996 neque
2833 1926 2961 1997 quid
3011 1925 3298 1981 sabbatum
3345 1933 3514 1988 esset,
3545 1925 3657 1979 ullo

394 2017 871 2091 παρηγγελμένων
900 2019 1179 2083 ἐπαΐοντα,
1205 2019 1462 2090 ἄντικρυς
1489 2021 1546 2073 δὲ
1586 2019 1728 2072 κατὰ
1752 2020 1813 2072 τὸ
1846 2023 1966 2094 X9:-

2083 2016 2247 2069 modo
2299 2017 2548 2081 edoctus,
2581 2034 2754 2088 neque
2802 2027 3060 2088 praaterea
3095 2019 3392 2090 quidquam
3429 2019 3656 2074 omnino

400 2109 535 2162 στοῦ
569 2110 894 2178 Εὑαγγέλιον
929 2110 1166 2180 βιοῦντα.
1196 2111 1343 2182 Πλὴν
1371 2112 1484 2165 ἀλλ’
1515 2113 1663 2182 ὅμως
1693 2113 1842 2184 ἱερέα
1885 2113 1977 2166 τοῦ

396 2197 538 2253 Θεοῦ
592 2199 684 2254 τοῦ
732 2201 954 2270 ὑψίστου
1002 2202 1168 2273 φησὶν
1213 2201 1374 2255 αὑτὸν
1420 2203 1449 2254 6
1514 2204 1718 2275 Μωσῆς
1763 2205 1980 2274 γεγονέ-

394 2305 508 2350 ναι,
550 2290 644 2343 καὶ
679 2289 769 2344 τοῦ
815 2290 1065 2362 Ἀϐραὰμ
1102 2291 1405 2362 κρείττονα,
1435 2294 1704 2364 Εἰσῆκται
1723 2294 1853 2362 γοῦν
1887 2295 1977 2349 τὸν

410 2381 659 2454 Ἀϐραὰμ
698 2382 954 2451 εὐλογῶν.
1003 2383 1256 2448 Τοιοῦτός
1296 2403 1380 2448 τις
1423 2381 1492 2456 ἦν
1540 2388 1634 2440 καὶ
1682 2387 1828 2449 Νῶε,
1879 2389 1974 2442 ἄν·

397 2473 613 2545 θρωπος
639 2474 846 2538 δίκαιος
877 2477 934 2528 ἐν
977 2478 1043 2546 τῇ
1077 2477 1241 2547 γενεᾷ
1274 2476 1462 2539 αὑτοῦ,
1499 2477 1556 2530 ὃν
1589 2478 1678 2531 καὶ
1719 2477 1974 2552 ζώπυρον

396 2567 619 2639 σπέρμα
651 2566 730 2638 τῷ
755 2568 898 2637 γένει
936 2568 1044 2622 τῶν
1075 2567 1378 2641 ἀνθρώπων
1401 2570 1458 2621 ἐν
1482 2573 1548 2642 τῇ
1576 2570 1667 2624 τοῦ
1696 2573 1972 2626 κατακλυ-

397 2657 532 2727 σμοῦ
563 2657 756 2730 φθορᾷ,
778 2658 995 2712 πάντων
1018 2659 1126 2712 τῶν
1149 2659 1242 2712 ἐπὶ
1253 2660 1353 2732 γῆς
1375 2660 1779 2732 ἀπολλυμένων,
1812 2665 1840 2716 6
1863 2664 1971 2718 τῶν

392 2751 529 2804 ὅλων
561 2751 691 2816 Θεὸς
731 2751 1068 2819 διεφύλαξεν.
1115 2753 1280 2806 Οὑδὲν
1324 2753 1456 2821 γοῦν
1500 2755 1619 2807 οὑδὲ
1663 2749 1819 2820 οὗτος
1858 2757 1969 2810 τῶν

409 2841 709 2896 Ἰουδαϊκῶν
740 2841 877 2894 ἐθῶν
911 2843 1294 2914 ἐπιστάμενος,
1317 2843 1440 2898 οὔτε
1474 2846 1531 2899 ὲν
1572 2851 1838 2920 περιτομῇ
1867 2848 1970 2902 σώ-

399 2949 588 3002 ματος,
649 2933 762 2988 οὔτ’
792 2937 849 2987 ὲν
883 2937 995 2998 τοῖς
1034 2934 1212 2999 ἄλλοις
1242 2937 1354 3000 τοῖς
1383 2937 1486 2991 ὑπὸ
1520 2939 1762 3004 Μωσέως
1789 2941 1966 2995 διατει-

389 3026 702 3097 ταγμένοις,
733 3027 884 3098 ὅμως
909 3029 1140 3094 δίκαιος,
1168 3031 1216 3083 εἰ
1242 3030 1334 3083 καί
1352 3049 1434 3094 τις
1463 3031 1642 3098 ἄλλος,
1673 3034 1971 3106 ἀνηγόρευ-

389 3135 500 3174 ται.
543 3121 655 3173 Καὶ
697 3121 802 3192 πρό
852 3138 916 3190 γε
964 3121 1154 3175 τούτου
1201 3125 1231 3176 6
1294 3123 1481 3194 Ἑνὼχ,
1525 3124 1583 3189 ὃς
1631 3127 1725 3180 καὶ
1750 3127 1966 3197 λέγεται

391 3213 815 3283 εὑηρεστηκέναι
843 3213 919 3285 τῷ
967 3214 1123 3285 Θεῷ,
1171 3215 1267 3270 καὶ
1309 3218 1740 3288 μετατεθεῖσθαι,
1771 3220 1846 3284 ὡς
1891 3221 1965 3294 μὴ

389 3304 742 3376 εὑρίσκεσθαι
787 3305 949 3360 αὑτοῦ
999 3307 1246 3362 θάνατον.
1283 3309 1537 3374 Τοιοῦτος
1582 3311 1638 3364 δὲ
1679 3313 1774 3365 καὶ
1814 3308 1968 3377 οὗτος

385 3396 779 3466 γεγονὼς,οῦτε
794 3401 950 3472 σῶμα
976 3401 1359 3474 περιτέτμητο,
1384 3402 1811 3476 οὑτ“ἓτιτῆς(5⁶)
1837 3407 1969 3460 Μω-

385 3489 525 3552 σέως
552 3490 741 3562 μετῄει
775 3492 1118 3562 νομοθεσίας,
1145 3493 1404 3566 ἄντικρυς
1443 3495 1500 3548 δὲ
1544 3497 1964 3567 Χριστιανικῶς,

381 3582 498 3635 ἀλλ’
545 3583 666 3653 οὐχὶ
717 3585 1026 3649 Ἰουδαϊκῶς
1063 3585 1172 3650 ζῶν
1206 3587 1542 3660 ἀναπέφηνε.
1582 3589 1692 3641 Καὶ
1724 3588 1887 3652 αὑτὸς
1921 3588 1965 3642 δ’

380 3674 410 3727 6
467 3673 744 3746 Ἀϐραὰμ,
791 3676 929 3747 μετὰ
964 3678 1090 3742 τοὺς
1134 3679 1660 3752 προωνομασμένους
1703 3679 1962 3750 γεγονὼς,

381 3768 476 3820 καὶ
513 3766 777 3840 νεώτερος
809 3771 940 3842 παρ’
993 3771 1192 3835 αὑτοὺς
1228 3775 1342 3836 τοῖς
1385 3774 1621 3844 χρόνοις,
1653 3775 1965 3846 πρεσϐύτης

377 3858 435 3912 δὲ
457 3859 545 3913 διὰ
572 3859 671 3930 τὴν
705 3860 944 3932 ἠλικίαν,
973 3862 1063 3917 διὰ
1093 3865 1219 3928 τοὺς
1247 3864 1542 3936 μέλλοντας
1573 3866 1631 3932 ἐξ
1660 3867 1824 3921 αὑτοῦ
1857 3867 1962 3938 φῦ-

376 3967 489 4012 ναι,
538 3951 722 4026 ὥσπερ
770 3951 890 4006 τινὰ
934 3955 1205 4026 σφραγῖδα
1245 3955 1346 4027 τὴν
1388 3957 1691 4030 περιτομὴν
1745 3959 1960 4030 πρῶτος

378 4042 637 4114 ὑπέμεινε
657 4041 753 4097 τοῦ
777 4043 1050 4115 σώματος,
1079 4045 1370 4118 γνώρισμα
1395 4048 1494 4119 τῆς
1521 4049 1688 4104 αὐτοῦ
1709 4050 1960 4121 διαδοχῆς

375 4136 488 4198 τοῖς
534 4133 592 4200 ἐξ
643 4135 807 4188 αὑτοῦ
850 4135 993 4189 κατὰ
1045 4138 1223 4210 σάρκα
1262 4139 1648 4210 γενησομένοις
1696 4143 1850 4195 τουτὶ
1899 4142 1960 4194 τὸ

378 4227 602 4296 σημεῖον
639 4227 967 4299 παραδιδοὺς
1014 4229 1233 4301 φέρειν’
1265 4231 1372 4302 πρὸ
1418 4231 1475 4286 δέ
1521 4249 1585 4300 γε
1630 4233 1730 4304 τῆς
1774 4234 1958 4287 παιδο-

374 4316 578 4380 ποιίας,
600 4317 695 4372 καὶ
709 4319 815 4388 πρὸ
839 4319 938 4390 τῆς
960 4322 1282 4393 περιτομῆς,
1314 4324 1410 4378 καὶ
1432 4323 1594 4390 αὑτὸς
1611 4324 1699 4378 διὰ
1711 4325 1810 4396 τῆς
1829 4325 1953 4398 (5“)

372 4407 482 4461 τῶν
521 4408 753 4464 εἰδώλων
797 4413 1220 4485 ἀναχωρήσεως,
1271 4417 1367 4469 καὶ
1417 4415 1516 4487 τῆς
1566 4418 1686 4482 ὲνδς
1720 4418 1814 4472 τοῦ
1859 4421 1954 4472 ἐπὶ

373 4501 590 4558 πάντων
617 4502 753 4558 Θεοῦ
784 4505 1091 4576 ὁμολογίας,
1127 4507 1222 4560 καὶ
1243 4507 1328 4562 διὰ
1358 4510 1522 4580 μόνου
1546 4510 1641 4564 τοῦ
1671 4512 1789 4565 κατ’
1823 4513 1954 4585 ἀρε-

369 4595 474 4667 τὴν
500 4597 614 4667 βίου
651 4599 927 4654 δείκνυται
967 4601 1391 4673 Χριστιανικῶς,
1425 4603 1539 4658 ἀλλ’
1566 4605 1688 4676 οὑχ).
1729 4605 1948 4659 Ἰουδαῖ-

2080 2121 2306 2170 eorum,
2358 2125 2478 2179 qum
2525 2111 2790 2164 universa:
2839 2099 3150 2165 Judaei-um
3202 2113 3346 2181 genti
3388 2127 3483 2182 per
3540 2110 3656 2164 Mo-

2079 2213 2194 2254 sem
2224 2199 2497 2270 descripta
2559 2202 2933 2272 imperataque
2989 2212 3136 2266 sunt,
3195 2204 3500 2275 intelligens
3559 2213 3664 2259 aut

2077 2290 2260 2346 sciens
2293 2332 2306 2354 ,
2379 2292 2476 2346 sed
2535 2293 2694 2364 plane
2737 2301 2795 2347 ut
2853 2293 3056 2350 Christi
3107 2293 3458 2366 Evangelium
3517 2312 3654 2366 prte-

2076 2381 2254 2451 cipit,
2302 2385 2513 2439 vivens.
2564 2385 2819 2439 Attamen
2869 2385 3047 2456 ipsum
3105 2385 3254 2441 hunc
3311 2386 3654 2441 sacerdotem

2075 2470 2172 2526 Dei
2221 2457 2474 2528 altissimi
2522 2472 2728 2539 fuisse,
2787 2474 2928 2528 idem
2991 2474 3169 2532 Moses
3229 2475 3522 2545 aiiirmat',
3570 2478 3654 2548 ip-

2075 2579 2246 2633 soque
2308 2563 2582 2618 Abraham
2652 2567 3104 2636 prastautiorem.
3192 2565 3427 2622 Proinde
3489 2569 3651 2622 indu-

2073 2657 2220 2710 citur
2286 2661 2379 2726 qui
2430 2657 2705 2711 Abraham
2759 2658 3069 2713 beuedicat.
3134 2656 3282 2714 Talis
3341 2659 3486 2713 enim
3538 2657 3652 2714 Non

2072 2747 2206 2815 fuit,
2265 2748 2427 2803 homo
2468 2749 2648 2804 aetatis
2700 2765 2811 2804 suae
2845 2749 3188 2818 iustissimus
3214 2790 3228 2814 ,
3286 2765 3448 2821 quem
3489 2751 3648 2821 quasi

2076 2841 2370 2896 scintillam
2420 2841 2675 2896 exstincti
2716 2843 2888 2914 ignis,
2929 2851 2984 2899 et
3034 2843 3190 2914 quasi
3238 2860 3423 2900 semen
3474 2843 3650 2914 quod-

2070 2931 2194 2986 dam
2243 2931 2463 2986 humani
2495 2931 2710 3003 generis
2734 2972 2748 2995 ,
2806 2933 2858 2986 iu
2890 2935 3005 3004 ipsa
3044 2934 3233 2988 diluvii
3281 2936 3645 3005 grassatione,

2075 3023 2175 3094 13
2200 3023 2266 3079 iis
2295 3025 2550 3080 omnibus
2583 3027 2922 3096 reparandis,
2958 3027 3049 3096 qui
3079 3027 3132 3080 in
3167 3035 3311 3081 terra
3343 3028 3646 3098 perierant,

2071 3117 2215 3172 Deus
2251 3117 2492 3174 universi
2528 3122 2896 3176 conservavit.
2939 3119 3040 3175 Hic
3070 3122 3237 3192 igitur
3265 3122 3517 3192 quamvis
3546 3138 3645 3179 co-

2068 3223 2214 3270 rum,
2247 3224 2369 3278 qua:
2393 3210 2462 3263 ad
2495 3209 2756 3265 Judaicos
2787 3227 2968 3268 mores
2993 3221 3262 3282 spectant,
3294 3214 3427 3267 nihil
3453 3215 3642 3278 sciret;

2071 3313 2250 3368 neque
2284 3299 2340 3354 in
2364 3302 2612 3372 corporis
2645 3302 3084 3366 circumcisione,
3115 3310 3208 3357 aut
3235 3303 3380 3370 aliis,
3413 3319 3536 3372 quae
3554 3320 3646 3358 aua-

2073 3399 2228 3446 ctore
2257 3391 2406 3448 Mose
2429 3394 2725 3449 constituta
2757 3401 2903 3459 sunt,
2937 3393 3187 3466 degeret:
3221 3402 3403 3452 tamen
3434 3395 3640 3465 justus,

2073 3479 2120 3534 si
2149 3480 2272 3548 quis
2309 3497 2548 3552 unquam
2577 3484 2739 3550 alius,
2771 3491 2854 3540 est
2885 3487 3208 3556 appellatus.
3245 3485 3465 3542 Et-ante
3497 3487 3643 3543 hune

2070 3581 2330 3642 prmterea
2369 3574 2588 3640 Enoch,
2631 3578 2724 3647 qui
2759 3586 2812 3634 et
2847 3577 2956 3634 Deo
2999 3579 3200 3635 dicitur
3244 3579 3546 3649 placuisse,
3589 3588 3646 3637 et

2069 3668 2370 3724 translatus
2406 3685 2560 3734 esse,
2596 3679 2655 3722 ut
2687 3686 2957 3742 nusquam
2995 3688 3142 3727 mors
3174 3673 3322 3730 illius
3356 3681 3638 3745 appareat.

2045 3765 2236 3835 flgitur
2280 3765 2368 3818 hic
2408 3777 2623 3834 quoque
2661 3776 2785 3815 cum
2829 3764 2976 3818 talis.
3004 3774 3180 3828 esset,
3227 3772 3409 3819 tamen
3462 3777 3643 3833 neque

2063 3879 2265 3934 corpus
2307 3858 2692 3916 circumcisum
2741 3856 3234 3926 habebat,,ncque
3278 3858 3332 3911 in
3362 3857 3574 3927 legibus
3597 3871 3652 3914 ιι.

2065 3961 2212 4016 Mose
2257 3955 2597 4028 positisullo
2638 3952 2800 4008 modo
2832 3952 3638 4020 versatustuerat,sed‘Chri-

2065 4053 2248 4108 stiano
2283 4062 2511 4120 prorsus
2546 4060 2698 4101 more
2719 4086 2734 4112 ,
2761 4062 2874 4101 non.
2898 4045 3126 4100 Iudaico
3148 4044 3352 4100 vixisse
3382 4045 3637 4115 perbibe-

2061 4152 2174 4199 tur.
2225 4142 2372 4209 Quin
2411 4145 2575 4196 etiam
2610 4140 2727 4207 ipse
2755 4139 3028 4196 Abraham
3060 4147 3187 4209 post
3214 4154 3340 4203 eos,
3377 4137 3470 4207 qui
3501 4136 3635 4192 dicti

2061 4245 2227 4300 sunt,
2274 4246 2472 4301 natus,
2521 4244 2576 4290 et
2622 4235 2731 4290 illis
2780 4235 2914 4304 ipsis
2954 4236 3167 4290 ratione
3197 4243 3502 4304 temporum
3543 4233 3634 4304 ju-

2058 4331 2201 4394 nior,
2235 4343 2402 4384 senex
2428 4341 2558 4382 vero
2579 4367 2596 4390 ,
2641 4334 2802 4397 atque
2845 4333 3006 4380 aetate
3051 4334 3378 4396 provectus,
3411 4335 3633 4396 propter

2055 4437 2152 4480 eos
2181 4421 2274 4490 qui
2304 4419 2600 4477 orituri..ab
2637 4419 2755 4490 ipso
2782 4425 2971 4482 erant,
3006 4419 3164 4488 quasi
3193 4420 3408 4490 signum
3455 4421 3632 4490 quod?

2057 4515 2182 4569 dam
2217 4513 2429 4588 primus
2462 4510 2938 4566 circumcisionem
2967 4511 3214 4581 corporis
3247 4511 3388 4576 tulit,
3419 4511 3630 4586 hocque

2056 4607 2236 4678 ipsum
2269 4622 2382 4662 suae
2417 4603 2802 4676 dignoscendae
2839 4603 3044 4659 sobolis
3083 4604 3296 4674 signum
3317 4603 3564 4674 ,.iis.qui
3596 4619 3629 4658 a

371 4688 486 4753 κῶς
515 4689 806 4760 βεδιωκώς.
837 4695 1272 4767 Μεμαρτύρηται
1295 4697 1426 4766 γοῦν
1451 4697 1522 4752 τὰ
1544 4700 1948 4771 προστάγματα

2068 4717 2113 4757 se
2157 4699 2368 4756 ratione
2417 4696 2702 4768 sanguinis
2745 4712 2917 4767 genus
2961 4695 3182 4752 ducturi
3226 4703 3416 4760 erant,
3449 4693 3631 4751 feren-

370 4783 466 4834 καὶ
503 4783 600 4848 τὰς
636 4785 875 4850 ἐντολὰς,
905 4788 974 4842 τά
1004 4805 1066 4841 τε
1107 4789 1451 4861 δικαιώματα
1493 4792 1588 4845 καὶ
1623 4791 1693 4845 τὰ
1736 4792 1942 4863 νόμιμα

365 4872 464 4927 τοῦ
501 4873 656 4940 Θεοῦ,
699 4877 806 4949 πρὸ
834 4879 934 4951 τῆς
969 4881 1216 4946 Μωσέως
1252 4882 1514 4954 διαταγῆς
1585 4884 1941 4957 πεφυλαγμέ-

365 4985 473 5031 νος.
520 4969 682 5039 Λέγει
719 4970 766 5024 δ⁹
816 4967 909 5027 οῦν
966 4973 1102 5045 πρὸς
1154 4975 1246 5030 τὸν
1299 4977 1482 5031 Ἰσαὰκ
1519 4978 1548 5031 6
1588 4979 1942 5051 χρηματίζων

365 5055 526 5121 Θεός·
567 5077 587 5110 ι
631 5061 744 5114 Καὶ
769 5061 927 5117 δώσω
950 5063 1031 5136 τῷ.
1059 5066 1336 5139 σπέρματί
1369 5085 1462 5122 σου
1501 5071 1681 5122 πᾶσαν
1703 5071 1800 5142 τὴν
1836 5072 1941 5142 γῆν

364 5147 586 5222 ταύτην,
630 5153 724 5206 καὶ
766 5154 1276 5229 ὲνευλοτγηθήσονται
1323 5160 1382 5212 ἐν
1416 5159 1495 5231 τῷ
1536 5161 1811 5234 σπέρματί
1845 5181 1938 5218 σου

363 5241 542 5296 πάντα
568 5244 636 5298 τὰ
657 5245 783 5318 ἔθνη
812 5248 914 5318 τῆς
937 5248 1063 5319 γῆς,
1086 5250 1202 5302 ἀνθ’
1231 5243 1307 5304 ὧν
1344 5252 1650 5325 ὑπήκουσεν
1690 5256 1937 5328 Ἀϐραὰμ

361 5337 390 5387 6
413 5338 596 5410 πατήρ
628 5357 720 5392 σου
763 5342 862 5413 τῆς
891 5341 1032 5414 ἐμῆς
1058 5345 1259 5414 φωνῆς,
1287 5347 1378 5400 καὶ
1403 5346 1636 5418 ἐφύλαξε
1665 5349 1763 5416 τὰς
1787 5355 1934 5406 ἐντο-

362 5428 458 5493 λάς
490 5447 614 5500 μου,
651 5433 744 5486 καὶ
784 5434 853 5487 τὰ
890 5435 1288 5506 προστάγματὰ
1321 5456 1442 5508 μου,
1477 5441 1570 5494 καὶ
1609 5442 1676 5497 τὰ
1715 5443 1934 5498 δικαιώ-

435 5545 501 5576 ⁶¹·
518 5544 666 5602 Psal.
696 5563 807 5612 etv,
850 5549 917 5603 12
931 5550 1053 5606 45.

431 5639 527 5709 (5‘)
554 5640 684 5719 Τῆς.
716 5640 881 5719 Forte
907 5643 1162 5719 τάς-,τιἰεί
1197 5653 1376 5719 tamen
1407 5648 1532 5719 quis
1554 5648 1704 5702 malit
1729 5649 1922 5719 legere,

360 5708 458 5781 τὴν
475 5708 634 5781 νομοθ
653 5718 741 5773 et;
762 5730 820 5777 ν;
859 5716 938 5770 vel
962 5715 1178 5783 addere,
1197 5717 1365 5786 οὐδέν,
1387 5708 1443 5773 u'i.
1461 5734 1512 5785 p.
1531 5719 1678 5790 52.0.
1703 5708 1860 5775 Ευῖτ.

2052 4793 2183 4849 dum
2229 4792 2494 4847 tradidit:
2543 4798 2669 4845 ante
2723 4805 2852 4845 vero
2880 4803 3046 4859 quam
3089 4787 3389 4861 susciperet
3423 4786 3626 4842 liberos

2053 4894 2220 4958 atque
2269 4895 2395 4941 ante
2447 4899 2612 4954 quam
2666 4881 3176 4947 circumcideretur,
3228 4883 3332 4953 ipsi
3367 4897 3624 4952 quoque,

2050 4985 2342 5051 propterea
2392 4977 2537 5047 quod
2574 4992 2604 5030 a
2636 4975 3058 5032 simulacrorum
3103 4975 3254 5030 cultu
3289 4981 3625 5039 secesserat,

2052 5086 2331 5141 unumque
2363 5084 2529 5140 super
2555 5068 2740 5123 omnia
2778 5065 2948 5125 Deum
2984 5066 3276 5125 confessus
3318 5063 3537 5130 fuerat,
3571 5073 3624 5120 et

2051 5179 2218 5220 unam
2249 5177 2370 5218 eam
2391 5199 2408 5224 ,
2443 5175 2565 5230 quae
2589 5174 2714 5218 cum
2748 5159 2953 5214 virtute
2988 5166 3108 5224 est,
3156 5157 3324 5211 vitam
3372 5156 3622 5212 sectaba-

2047 5265 2159 5321 tur,
2190 5254 2506 5311 Christiano
2537 5268 2690 5308 more
2720 5252 2957 5316 vixisse,
2991 5265 3102 5306 non
3133 5248 3362 5306 Judaico
3391 5249 3620 5306 demon-

2045 5356 2274 5406 stratur.
2321 5347 2531 5403 Idcirco
2567 5347 2644 5400 illi
2691 5344 3066 5401 testimonium
3117 5342 3427 5410 exhibetur,
3467 5345 3620 5416 quod-

2042 5452 2312 5515 prazcepta
2339 5450 2396 5498 et
2421 5441 2679 5497 mandata
2709 5448 2763 5494 et
2782 5435 3140 5494 ca’remonias
3159 5478 3178 5504 ,
3210 5445 3266 5494 et
3294 5454 3417 5510 quae
3445 5439 3504 5495 in
3532 5439 3614 5498 ιε.

2106 5649 2236 5721 (5"),
2265 5647 2618 5721 Desideratur
2641 5649 2775 5721 ἀπὸ,
2807 5649 2892 5703 vel
2920 5653 3004 5715 ὲκ,
3046 5665 3105 5710 ut
3133 5654 3374 5712 etinfrav
3409 5656 3426 5720 (
3445 5669 3499 5721 p.
3551 5654 3621 5706 65

2039 5719 2112 5784 D)
2141 5719 2358 5788 legitur,
2387 5730 2517 5788 τοὺς
2545 5720 2607 5786 et”;
2639 5719 2903 5789 Ἑλλήνων
2926 5724 3371 5793 ἀναχωροῦντας,
3410 5719 3567 5777 Enn.
