4068 6206
543 273 609 334 σι
1179 276 1448 333 EUSEBII
1477 273 1964 333 οιΕδΑιιιΕΝειε
2000 276 2083 337 ΟΡ

2183 280 2363 340 PARS
2389 281 2455 340 ιι.
2491 314 2562 324 -
2588 280 3103 344 .ιΡοι.οι;ΕΤιι;Α.·
3701 277 3780 348 '53

542 393 704 465 gibus
738 395 914 465 posita
943 397 1068 446 sunt
1102 388 1237 455 Dei,
1264 397 1390 446 ante
1421 388 1590 446 Mosis
1617 391 2064 449 constitutionem

2207 397 2352 467 ματά
2379 415 2500 468 μου,
2534 399 2628 456 καὶ
2651 400 2718 454 τὰ
2759 400 2970 472 νόμιμά
3017 369 3143 473 μου.
3195 421 3214 456 ι
3247 398 3357 457 Ἦν
3387 403 3496 477 γὰρ
3534 406 3631 459 καὶ
3671 408 3780 479 πρὸ

543 485 861 542 servaverit.
891 483 1032 537 Dicit
1061 481 1226 552 igitur
1257 481 1327 535 ad
1353 481 1526 545 Isaac,
1559 483 1606 538 is
1636 482 1729 552 qui
1759 485 1979 540 oracula
2013 484 2105 538 illa

537 576 804 634 reddebat
834 575 975 630 Deus
1003 591 1016 627 :
1050 591 1069 625 ι
1099 571 1164 625 Et
1203 572 1346 627 dabo
1387 573 1580 629 semini
1621 582 1716 628 tuo
1743 590 1961 654 omnem
1994 583 2107 631 ter-

537 683 658 726 ram
700 670 872 730 hanc,
902 673 955 720 et
983 664 1382 720 benedicentur
1422 666 1478 720 in
1524 667 1743 745 semine.
1769 675 1866 723 tuo
1911 684 2104 736 omnes

535 768 726 832 gentes
772 765 946 822 teme,
996 771 1063 812 eo
1112 755 1258 826 quod
1310 755 1576 812 obedierit
1621 757 1894 813 Abraham
1949 769 2106 829 pater

537 858 666 906 tuus
694 848 814 902 voci
851 861 1013 913 meae,
1047 853 1103 901 et
1129 845 1454 902 custodierit
1477 854 1745 918 praecepta
1771 855 1822 901 et
1846 849 2102 906 mandata

533 955 684 1004 mea,
715 946 770 993 et
795 937 1150 996 caeremonias
1169 951 1342 1003 meas,
1367 945 1420 992 et
1445 953 1565 1014 qua}
1594 938 1650 994 in
1679 939 1891 1010 legibus
1920 942 2100 1012 posita

530 1041 661 1092 sunt
682 1032 748 1086 “.
779 1031 988 1088 iErant
1019 1031 1164 1086 enim
1195 1030 1357 1098 etiam
1387 1037 1514 1114 ante
1540 1029 1706 1088 llosis
1741 1021 1913 1104 legem
1946 1048 2100 1088 man-

530 1124 656 1182 data
685 1123 783 1180 Dei
813 1125 919 1178 alia
946 1131 1000 1180 et
1029 1122 1397 1201 caeremoniae,
1427 1138 1535 1178 non
1565 1123 1764 1194 similia
1801 1117 1882 1180 iis
1921 1141 2040 1196 quae
2067 1142 2098 1182 a

528 1215 681 1274 Mose
713 1215 915 1277 tradita
945 1221 1096 1278 sunt,
1131 1215 1386 1286 legesque
1412 1214 1550 1276 aliae,
1581 1229 1646 1268 ac
1680 1224 1953 1287 praecepta
1986 1216 2096 1272 Do-

524 1309 699 1374 mini,
735 1323 830 1382 per
861 1323 981 1379 quae
1011 1307 1088 1360 illi
1113 1305 1383 1376 justitiam
1411 1305 1588 1375 adepti
1625 1315 1774 1380 sunt.
1805 1305 1977 1365 Porro
2007 1323 2100 1360 au-

524 1410 634 1456 tem
665 1400 809 1472 quod
839 1415 950 1454 non
979 1399 1166 1454 eadem
1198 1407 1383 1469 essent
1410 1412 1533 1452 cum
1571 1397 1638 1453 iis
1658 1437 1672 1460 ,
1704 1413 1825 1470 quae
1856 1412 1951 1468 per
1982 1397 2096 1452 Mo-

525 1508 644 1551 sem
692 1493 748 1572 in
795 1475 1006 1563 legibus
1036 1491 1214 1565 posita
1243 1498 1404 1556 sunt,
1439 1489 1617 1546 Moses
1655 1489 1782 1572 ipse
1804 1492 2094 1562 perspicue

527 1569 905 1663 demonstrat,
939 1572 1136 1668 ubi-ait
1181 1584 1250 1638 ad
1297 1583 1555 1656 populum
1583 1603 1596 1638 :
1629 1603 1648 1636 ι
1679 1569 1858 1658 Audi,
1894 1584 2090 1668 Israel,

2206 487 2298 540 τοῦ
2336 489 2581 554 Μωσέως
2623 491 2788 561 νόμου
2834 493 3233 564 προστάγματα
3291 493 3428 549 Θεοῦ
3468 495 3654 568 ἔτερα,
3683 501 3779 554 καὶ

2204 578 2568 661 δικαιῶματα,
2637 584 2734 654 οὐχ
2773 584 2933 655 ὃμοια
2967 587 3082 649 τοῖς
3125 585 3276 658 παρὰ
3315 588 3525 654 Μωσεῖ,
3570 590 3780 662 νόμιμά

2204 690 2263 727 τε
2308 673 2443 728 ἄλλα
2489 676 2582 732 καὶ
2617 676 2826 730 ἐντολαὶ
2853 676 3110 750 Χριστοῦ,
3140 679 3207 732 δι’
3237 673 3312 733 ὧν
3359 680 3773 754 ὲδικαιὼθησαν.

2207 763 2330 816 Ὀτι
2358 763 2403 816 δ’
2429 765 2490 817 οὐ
2523 764 2592 818 τὰ
2629 765 2769 820 αὐτὰ
2821 761 2893 839 ἦν
2926 771 3040 832 τοῖς
3084 759 3173 825 διὰ
3203 771 3446 842 Μωσέως
3487 775 3780 848 νομοθετηο

2203 855 2360 921 θεῖσι,
2421 857 2607 927 σαφῶς
2651 859 2680 911 6
2731 855 2936 931 Μωσῆς
2985 859 3335 938 παρίστησιν.
3379 865 3437 917 ὲν
3485 860 3567 930 οἷς
3613 884 3775 938 φησιν

2200 948 2337 1019 πρὸς
2359 947 2448 1002 τὸν
2462 949 2588 1004 λαόν
2606 967 2620 981 ο
2646 969 2665 1002 ι
2705 951 2926 1017 Ἀκουε,
2961 953 3196 1026 Ἰσραὴλ,
3213 955 3280 1009 τά
3307 957 3652 1031 δικαιώματα
3680 960 3775 1016 καὶ

2198 1038 2268 1094 τὰ
2297 1041 2557 1112 κρίματα,
2585 1041 2686 1096 ὅσα
2722 1043 2832 1113 ἐγὼ
2861 1044 3008 1098 λαλῶ
3045 1048 3102 1099 ὲν
3130 1050 3244 1112 τοῖς
3268 1033 3406 1103 ὠσὶν
3435 1033 3681 1122 ὑμῶν’ὲν
3705 1056 3773 1126 τῇ

2197 1129 2380 1204 ἡμέρᾳ
2409 1132 2600 1204 ταύτῃ,
2644 1135 2736 1188 καὶ
2781 1134 3089 1206 μαθήσεσθε
3133 1138 3291 1202 αὐτὰ,
3333 1140 3427 1194 καὶ
3472 1141 3774 1210 φυλάξεσθε

2200 1226 2372 1276 ποιεῖν
2402 1223 2560 1278 αὐτά.
2593 1225 2798 1298 Κύριος
2830 1229 2858 1280 6
2879 1227 3011 1292 Θεὸς
3039 1229 3192 1301 ὑμῶν
3223 1230 3428 1284 διέθετο
3461 1234 3598 1305 πρὸς
3626 1211 3776 1306 ὗμᾶς

2197 1314 2257 1367 ὲν
2287 1315 2488 1389 Χωρῂϐ
2544 1317 2816 1390 Διαθήκην
2836 1336 2850 1350 ο
2883 1321 3002 1391 οὐχὶ
3033 1325 3144 1385 τοῖς
3190 1323 3461 1392 πατράσιν
3507 1326 3660 1396 ὑμῶν
3693 1329 3774 1382 δι-

2197 1403 2349 1458 έθετο
2371 1406 2573 1476 Κύριος
2585 1409 2682 1480 τὴν
2697 1409 2971 1482 Διαθήκην
2991 1411 3212 1482 ταύτην,
3235 1411 3370 1466 ἀλλὰ
3394 1413 3532 1484 πρὸς
3555 1415 3717 1485 ὑμᾶς.
3743 1435 3763 1470 ι

2196 1500 2305 1553 Καὶ
2327 1499 2426 1573 δρα
2457 1518 2520 1569 γε
2549 1502 2695 1565 ὅπως
2738 1504 2982 1574 ἀκριϐῶς
3030 1523 3160 1576 φησι
3189 1505 3286 1577 τὴν
3323 1507 3599 1584 Διαθήκην
3639 1510 3770 1564 ταύ-

2193 1607 2312 1662 την,
2345 1592 2468 1645 ἐπεὶ
2499 1593 2572 1665 μὴ
2603 1594 2701 1664 τὴν
2730 1595 2901 1666 αὐτὴν
2943 1599 3057 1662 τοῖς
3083 1599 3354 1670 πατράσιν
3395 1599 3572 1654 αὐτῶν
3599 1602 3767 1656 διετέ-

517 1678 980 1754 justiﬁcationes,
1012 1686 1065 1736 et
1091 1677 1334 1748 judicia,
1371 1692 1712 1748 quaecunque
1756 1693 1856 1749 ego
1896 1680 2083 1749 loquor

2197 1683 2360 1742 θειτο.
2395 1686 2457 1768 Ei
2488 1686 2532 1740 δ’
2557 1683 2650 1742 οὖν
2677 1688 2955 1752 άπολύτως
2989 1689 3062 1762 μὴ
3091 1691 3336 1758 δεδόσθαι
3359 1696 3472 1757 τοῖς
3497 1696 3764 1768 πατράσιν

520 1769 579 1846 in
604 1753 838 1824 auribus
867 1769 1069 1824 vestris
1105 1768 1159 1824 in
1189 1768 1276 1822 die
1302 1767 1426 1844 hac,
1457 1774 1511 1822 et
1537 1766 1766 1824 discetis
1789 1785 1874 1834 ea,
1901 1779 1955 1825 et
1982 1787 2083 1830 ser.-

2196 1775 2373 1828 αὐτῶν
2394 1763 2667 1858 Δίαοήκην
2692 1781 2924 1850 εἰρήκει,
2951 1781 3152 1854 ψευδὴς
3184 1784 3250 1837 ἂν
3276 1779 3345 1854 ἦν
3366 1787 3394 1838 6
3419 1785 3575 1854 λόγος
3595 1786 3762 1858 αὑτῷ.

521 1849 752 1930 vabitis,
790 1870 850 1915 ut
881 1877 945 1917 ea
977 1860 1217 1916 faciatis.
1260 1859 1522 1915 Dominus
1554 1858 1698 1918 Deus
1746 1868 1923 1938 vester
1964 1878 2093 1918 con-

520 1953 661 2024 didit
690 1953 847 2008 vobis
879 1953 933 2007 in
967 1952 1184 2014 Choreb
1212 1961 1619 2019 testamentum,
1654 1953 1973 2025 neutiquam
2002 1970 2094 2025 pa-

518 2045 698 2118 tribus
728 2046 930 2100 vestris
957 2045 1204 2120 condidit
1236 2043 1501 2100 Dominus
1531 2053 1920 2111 testamentum
1949 2048 2052 2120 hoc
2073 2088 2086 2114 ,

520 2135 627 2209 14
657 2137 753 2193 sed
785 2137 943 2206 vobis
969 2138 1037 2193 “.
1071 2157 1090 2190 ι
1119 2137 1184 2204 Et
1214 2153 1345 2204 sane
1385 2145 1570 2210 specta
1597 2179 1612 2204 ,
1655 2148 1715 2194 ut
1755 2141 1912 2208 plane
1955 2131 2088 2200 dicit

515 2225 929 2284 Testamentum
957 2228 1062 2286 hoc
1087 2269 1101 2294 ,
1132 2236 1420 2299 propterea
1455 2230 1601 2300 quod
1636 2246 1744 2284 non
1781 2231 1923 2286 idem
1954 2232 2087 2290 illud

514 2323 765 2400 patribus
816 2338 1007 2380 eorum
1057 2307 1366 2380 constituit.
1413 2325 1572 2404 Quod
1610 2327 1656 2383 si
1691 2327 1940 2403 absolute
1975 2345 2086 2383 non

513 2416 702 2471 datum
735 2431 857 2473 esse
885 2416 1134 2488 patribus
1161 2433 1350 2473 eorum
1391 2427 1774 2474 testamentum
1815 2420 2081 2487 dixisset,

511 2508 568 2564 in
602 2508 946 2566 mendacium
981 2525 1113 2566 sane
1140 2510 1217 2564 illi
1243 2511 1529 2568 recidisset
1550 2513 1749 2568 oratio.
1779 2511 1976 2582 Datum
2000 2522 2084 2580 est

509 2601 679 2673 igitur
707 2599 941 2658 Abrahre
972 2609 1360 2659 testamentum
1383 2643 1398 2670 ,
1427 2604 1615 2659 datum
1643 2615 1729 2661 est
1753 2607 1913 2662 etiam
1948 2607 2081 2677 Noe,

510 2695 656 2752 sicut
695 2709 852 2752 sacra
898 2703 1173 2752 testantur
1222 2698 1466 2753 oracula.
1510 2699 1688 2771 Atque
1719 2702 1926 2759 idcirco
1956 2720 2079 2759 cum

509 2777 863 2858 adjunctione
889 2789 1026 2870 dixit
1070 2789 1272 2858 Moses,
1307 2807 1417 2847 non
1450 2791 1556 2849 hoc
1597 2794 1782 2849 datum
1823 2811 1948 2852 esse
1985 2813 2084 2868 pa-

507 2878 685 2938 tribus
712 2894 932 2944 eorum,
961 2880 1042 2936 sic
1066 2895 1198 2936 sane
1217 2881 1447 2936 alterum
1475 2883 1790 2956 signiﬁcans
1818 2897 2083 2956 praestan-

508 2971 620 3028 tius
651 2982 815 3044 atque
844 2972 1219 3049 excellentius,
1253 2988 1351 3044 per
1381 2975 1526 3044 quod
1557 2976 1752 3041 amici,
1789 2977 2080 3050 dilectique

2194 1867 2410 1950 ᾼέδοται
2435 1869 2564 1938 γοῦν
2593 1870 2670 1941 τῷ
2713 1872 2962 1943 Ἀϐραὰμ
3003 1874 3256 1946 διαθήκη,
3283 1875 3379 1930 καὶ
3406 1877 3483 1948 τῷ
3512 1877 3655 1941 Νῶε,
3688 1877 3768 1944 ὡς

2191 1948 2260 2012 τὰ
2296 1948 2415 2030 ἱερά
2455 1964 2720 2032 μαρτυρεῖ
2745 1960 2918 2030 λόγια.
2957 1963 3055 2016 Διὰ
3078 1962 3240 2018 τοῦτο
3284 1965 3422 2036 μετὰ
3448 1965 3768 2040 προσθήκης

2190 2050 2218 2101 6
2267 2049 2471 2118 Μωσῆς
2503 2051 2564 2103 οὐ
2621 2049 2826 2128 ταύτην
2879 2053 3014 2122 φησι¹
3062 2053 3305 2108 δεδόσθαι
3345 2058 3457 2120 τοῖς
3500 2056 3771 2128 πατράσιν

2187 2140 2392 2204 αὐτῶν,
2421 2141 2610 2213 ἑτέραν
2638 2145 3007 2216 αἰνιττόμενος
3047 2146 3145 2216 τὴν
3190 2148 3422 2218 κρείττω
3453 2149 3546 2202 καὶ
3585 2149 3772 2219 διαφέν-

2192 2249 2410 2306 ρουσαν,
2452 2235 2519 2288 δι’
2545 2231 2613 2309 ἧς
2655 2238 2748 2290 καὶ
2795 2236 3062 2307 θεοφιλεῖς
3100 2240 3512 2311 ἀπεφάνθησαν.
3557 2241 3769 2316 Αὐτίκα

2185 2325 2263 2397 τῷ
2304 2327 2550 2399 Ἀϐραὰμ
2573 2328 2660 2405 διὰ
2684 2329 2782 2400 τῆς
2816 2331 2896 2394 είς
2925 2331 3018 2383 τὸν
3045 2331 3152 2385 τῶν
3181 2331 3318 2386 ὅλων
3350 2332 3482 2386 Θεὸν
3527 2331 3766 2408 πίστεως

2184 2418 2252 2471 τὰ
2275 2420 2376 2490 τῆς
2400 2419 2742 2490 δικαιοσύνης
2762 2421 3173 2500 κατωρθῶσθαι,
3223 2423 3637 2495 μεμαρτύρηται
3665 2423 3758 2477 ὑπ’

2184 2511 2348 2566 αὑτοῦ
2381 2512 2620 2575 Μωσέως
2650 2512 2902 2582 λέγοντος
2942 2531 2956 2544 ο
2993 2533 3011 2564 ι
3049 2497 3380 2572 Ἔπίστευσε
3408 2513 3465 2566 δὲ
3508 2513 3761 2586 ’Δϐραὰμ

2181 2606 2261 2678 τῷ
2299 2605 2436 2678 Θεῷ,
2470 2607 2562 2660 καὶ
2591 2605 2840 2677 ἐλογίσθη
2881 2604 3028 2676 αὑτῷ
3060 2589 3140 2670 είς
3175 2606 3545 2678 δικαιοσύνην.
3585 2625 3605 2658 ι
3637 2607 3762 2662 ’Ότι

2181 2699 2240 2752 δὲ’
2274 2697 2411 2770 μετά
2440 2698 2536 2774 τὴν
2572 2698 2670 2770 τῆς
2706 2698 3051 2768 δικαιοσύνης
3093 2697 3449 2771 κατόρθωσιν,
3479 2698 3573 2752 καὶ
3623 2698 3762 2770 μετὰ

2180 2779 2278 2866 τὴν
2303 2793 2396 2867 ὑπ’
2425 2792 2674 2864 εὐσεϐείᾳ
2705 2791 3007 2864 μαρτυρίαν
3033 2791 3094 2846 τὸ
3117 2777 3214 2862 τῆς
3236 2781 3546 2863 περιτομῆς
3570 2791 3760 2863 εἴληφε

2183 2886 2557 2955 σημεῖον,,καὶ
2601 2884 2764 2955 μηδὲν
2792 2883 2928 2956 πρὸς
2973 2884 3253 2948 εὐσεϐείας
3295 2885 3577 2937 δικαίωσιν
3609 2883 3759 2955 αὐτῷ

2179 2977 2329 3030 τουτὶ
2374 2959 2746 3040 συνεϐάλλετο,
2783 2976 2967 3047 σαφῶς
3005 2979 3034 3030 6
3069 2976 3225 3045 λόγος
3257 2977 3606 3047 παρίστησιν.
3647 2976 3756 3048 Εὔέ

507 3064 621 3123 Deo
651 3065 856 3136 agniti,
880 3065 1124 3136 dictique
1154 3076 1301 3126 sunt.
1329 3067 1467 3124 Nam
1499 3070 1751 3141 protinus
1778 3071 1878 3142 ipsi
1910 3072 2079 3127 Abra-

2187 3086 2300 3141 ροις
2325 3068 2369 3122 δ’
2399 3068 2465 3123 ἂν
2502 3071 2596 3137 καὶ
2618 3070 2708 3122 τὸν
2749 3069 2946 3140 Ἰωσὴφ
2977 3069 3084 3142 πρὸ
3107 3069 3216 3124 τῶν
3248 3071 3491 3135 Μωσέως
3547 3071 3758 3143 χρόνων

507 3160 621 3224 hae,
653 3175 720 3215 eo
751 3158 898 3234 quod
933 3175 1146 3215 summo
1178 3159 1288 3216 Deo
1320 3163 1609 3220 crediderit
1641 3165 1795 3234 plene
1827 3180 2079 3222 servasse

2183 3165 2238 3215 ὲν
2267 3164 2378 3225 τοῖς
2424 3163 2736 3230 Αἰγυπτίων
2769 3163 3060 3234 βασιλείοις
3105 3165 3605 3236 ἀπαραφυλάκτως,
3641 3165 3756 3220 ἀλλ’

499 3249 805 3324 justitiam",
835 3253 1139 3331 exhibitum
1170 3262 1256 3312 est
1285 3255 1658 3310 testimonium
1688 3257 1755 3312 ab
1786 3257 1908 3328 ipso
1933 3256 2080 3314 Mose

503 3345 585 3402 sic
612 3344 862 3400 dicente:
894 3363 912 3396 ι
941 3344 1189 3424 Credidit
1212 3346 1487 3401 Abraham
1522 3345 1652 3412 Deo,
1679 3355 1734 3403 et
1767 3356 2076 3420 reputatum

502 3443 590 3493 est
618 3435 696 3490 illi
721 3436 789 3490 ad
809 3435 1083 3503 justitiam
1117 3436 1182 3493 σθ.
1217 3456 1236 3492 ι
1265 3435 1421 3504 Quod
1454 3446 1637 3494 autem
1668 3447 1789 3509 post
1822 3430 1966 3511 illam
1986 3439 2078 3512 ju-

505 3527 673 3583 stitia:
707 3527 922 3602 plenam
957 3528 1394 3586 observationem
1413 3570 1427 3594 ,
1459 3538 1513 3585 et
1543 3541 1666 3600 post
1695 3533 1773 3586 illi
1802 3531 2076 3594 redditum

507 3618 575 3674 de
605 3619 807 3688 pietate
839 3620 1249 3698 testimonium,
1285 3623 1461 3692 ipsum
1502 3609 1950 3698 'circumcisio‘nis
1997 3627 2076 3680 si-

512 3726 680 3782 gnum
712 3714 1020 3794 acceperit,
1053 3705 1115 3770 et.
1141 3705 1278 3770 nihil
1307 3717 1411 3772 hoc
1441 3719 1592 3772 illum
1630 3720 1698 3774 ad
1731 3719 1984 3788 pietatem
2011 3737 2076 3789 ac

505 3805 779 3874 justitiam
807 3809 1244 3885 consequendam
1269 3809 1566 3880 adjuvet-it,
1597 3812 1882 3882 perspicue
1912 3813 2073 3866 verba

506 3898 625 3970 ipsa
653 3887 1050 3958 demonstrant.
1079 3902 1325 3968 Invenies
1350 3917 1513 3973 porro
1534 3903 1697 3957 etiam
1718 3901 1917 3974 Joseph
1948 3917 2074 3959 ante

505 3989 674 4046 Mosis
705 3999 948 4061 tempora
979 3991 1034 4072 in
1065 3975 1230 4061 regiis
1259 3991 1466 4048 aedibus
1506 3991 1886 4063 Egyptioruni
1906 4034 1918 4058 ,
1955 3994 2074 4066 sine

501 4080 854 4140 Judaicarum
888 4084 1335 4138 Observationum
1383 4085 1754 4140 sollicitudine
1797 4085 2072 4142 incuriose

502 4181 803 4229 versatum.
841 4175 1161 4239 Postremo,
1191 4161 1239 4231 si
1273 4175 1392 4241 vis,
1441 4186 1594 4246 potes
1634 4177 1809 4252 ipsum
1854 4193 2073 4248 quoque

501 4279 777 4320 summum
827 4263 1138 4337 Judzeorum
1187 4265 1550 4338 legislatoretn
1584 4263 1819 4330 Mosem,
1854 4282 1884 4320 a
1919 4277 2070 4322 tene-

499 4357 633 4412 τίοι-ἰ
662 4340 1027 4414 ιιᾶιιιιόωωιο
1057 4357 1199 4427 apud
1231 4349 1375 4427 regis
1405 4343 1646 4428 ZEgyptii
1682 4357 1844 4411 tiliam
1872 4339 2073 4430 degen-

2177 3255 2277 3308 οὐκ
2310 3254 2616 3318 Ἰουδαϊκῶς
2652 3255 2902 3326 ἀχθέντα.
2937 3257 3000 3309 Εἰ
3032 3255 3088 3309 δὲ
3129 3256 3322 3320 θέλεις,
3352 3258 3444 3316 καὶ
3471 3257 3563 3311 τὸν
3597 3274 3758 3332 κορυ-

2179 3351 2334 3418 φαῖον
2356 3348 2517 3402 αὑτὸν
2547 3349 2641 3402 καὶ
2663 3333 2960 3420 νομοθέτην
2981 3348 3075 3402 τοῦ
3108 3347 3378 3402 Ἰουδαίων
3429 3349 3614 3414 ἔθνους
3633 3350 3758 3405 Μω-

2180 3439 2298 3506 σέα,
2328 3437 2521 3508 γνοίης
2544 3437 2609 3492 ἂν
2640 3437 2782 3501 ὲξέτι
2811 3439 3009 3509 νηπίας
3039 3436 3258 3508 ἡλικίας
3274 3437 3426 3509 παρὰ
3451 3441 3518 3509 τῇ
3541 3438 3633 3492 τοῦ
3656 3439 3754 3492 Δί-

2175 3530 2405 3600 γυπτίου
2435 3528 2695 3599 βασιλέως
2725 3528 2956 3602 θυγατρὶ
2987 3529 3086 3592 τὰς
3123 3529 3410 3600 διατριϐὰς
3447 3530 3752 3601 πεποιημέ-

2177 3639 2286 3686 νον.
2314 3621 2520 3693 τροφῆς
2547 3639 2608 3675 τε
2639 3622 2738 3690 τῆς
2764 3621 3064 3689 Αἰγυπτίας
3089 3621 3530 3694 ἀπαρατηρήτως
3573 3639 3755 3694 μετει-

2175 3714 2395 3785 ληχότα.
2429 3715 2492 3767 Τί
2542 3714 2622 3766 δεῖ
2662 3712 2836 3782 λέγειν
2883 3713 2974 3766 τὸν
3020 3713 3420 3784 τρισμακάριον
3478 3713 3618 3778 Ἰὼϐ,
3661 3713 3753 3767 τὸν

2177 3806 2350 3878 άληθῆ
2383 3806 2666 3876 ἄνθρωπον
2694 3807 2923 3870 ἐκεῖνον,
2954 3805 3044 3859 τὸν
3074 3805 3382 3876 ἄμεμπτον,
3409 3805 3501 3859 τὸν
3523 3806 3750 3882 δίκαιον,

2173 3900 2263 3953 τὸν
2309 3897 2536 3971 θεοσεϐῆ
2562 3915 2576 3964 ;
2605 3899 2704 3969 τῆς
2735 3901 2813 3962 εἰς
2858 3898 3026 3968 άκρον
3067 3896 3348 3962 εὐσεϐείας
3379 3897 3527 3968 αὐτῷ
3557 3897 3650 3974 καὶ
3676 3897 3754 3950 δι-

2175 3992 2538 4063 καιοπραγίας
2573 3993 2654 4065 τίς
2687 3989 2796 4063 ἆρα
2857 3991 3004 4045 αἰτία
3025 3986 3127 4061 ira;
3191 3992 3386 4062 μήτιγε
3418 3990 3486 4044 τὰ
3510 3990 3754 4055 Μωσέως

2177 4080 2646 4153 παραγγέλματα;
2683 4080 2965 4150 Οὐδαμῶς.
3021 4079 3181 4133 Ἀλλὰ
3218 4080 3495 4133 Σαϐϐάτου
3539 4079 3749 4151 ἡμέρας

2174 4165 2614 4242 ἐπιτήρησις.ἦν,
2648 4172 2683 4242 ἠ
2712 4188 2855 4235 τινος
2895 4170 3061 4242 ἄλλης
3118 4170 3414 4239 Ἰουδαϊκῆς
3466 4167 3748 4240 ἐθελοθρη-

2176 4263 2361 4326 σκείας
2412 4262 2666 4335 φυλακῆς
2722 4264 2882 4335 πόθεν
2910 4305 2924 4328 ,
2974 4261 3328 4338 πρεσϐυτέρῳ
3375 4265 3486 4325 τοῖς
3535 4262 3747 4340 χρόνοις

2173 4343 2434 4421 Μωσέως,
2468 4358 2564 4410 καὶ
2613 4357 2713 4428 τῆς
2745 4359 2866 4410 κατ’
2900 4357 3062 4410 αὑτὸν
3090 4354 3406 4426 νομοθεσίας
3435 4355 3746 4428 γενομένῳς

497 4459 608 4506 tem
643 4465 977 4522 agnoscere,
1009 4451 1105 4522 qui
1151 4450 1369 4522 quidem
1418 4449 1676 4526 Egyptio
1721 4449 1881 4530 plane
1917 4467 2068 4507 more

2185 4449 2243 4499 Ὀ
2267 4447 2365 4518 μὲν
2396 4439 2506 4519 γὰρ
2526 4448 2728 4520 Μωσῆς
2779 4447 3008 4518 ἕϐδομος
3035 4447 3094 4514 ἐξ
3133 4446 3383 4519 Ἀϐραὰμ
3419 4447 3752 4517 γενεαλογεί-

497 4541 704 4611 absque
727 4538 970 4596 Judaicis
1001 4533 1476 4598 observationibus
1531 4541 1674 4612 apud
1712 4544 1956 4598 eamdem
2001 4535 2073 4600 sit
2115 4537 2120 4542 ’

498 4621 787 4690 educatus.
823 4631 929 4688 Sed
960 4624 1220 4699 quidnam
1244 4618 1316 4690 de
1346 4633 1666 4690 beatissimo
1695 4621 1827 4698 Job,
1859 4633 1927 4690 de
1953 4635 2068 4700 illo,

496 4727 718 4800 inquam
741 4771 756 4793 ,
788 4742 916 4783 vero
949 4715 1203 4803 homine,
1233 4712 1325 4782 illo
1356 4727 1706 4798 inculpabili,
1737 4727 1889 4804 justo
1909 4767 1925 4792 ,
1953 4729 2067 4800 pio,

494 4818 780 4875 dicemus?
821 4818 952 4886 Qua:
978 4801 1194 4873 tandem
1225 4818 1370 4892 illius
1407 4831 1634 4873 summae
1671 4801 1889 4888 pietatis
1915 4823 1968 4872 et
1990 4817 2072 4887 ju-

495 4915 660 4972 stitia:
705 4927 873 4968 causa
919 4912 1177 4970 exstitit?
1207 4911 1452 4982 nunquid
1486 4919 1754 4983 prazcepta
1791 4908 2070 4966 Mosaica?

495 5007 740 5064 minime.
769 5006 908 5064 Num
939 4987 1046 5062 diei
1078 5005 1300 5059 Sahhati
1322 5045 1338 5070 ,
1369 5014 1462 5060 aut
1497 5003 1724 5060 alterius
1757 5000 2066 5072 cujuspiam

491 5099 702 5157 Judaici
736 5100 874 5155 ritus
901 5098 1258 5160 observatio?
1281 5097 1420 5152 unde
1446 5097 1521 5152 illi
1549 5097 1681 5160 hoc,
1711 5096 1805 5166 qui
1834 5103 1887 5150 et
1909 5102 2069 5150 aetate

497 5190 675 5262 ipsum
699 5190 902 5247 Mosem
929 5171 1224 5255 antecedit,
1247 5197 1301 5243 et
1323 5195 1450 5243 ante
1473 5187 1618 5258 leges
1647 5186 1832 5241 abillo
1859 5186 2068 5256 positas

493 5295 579 5339 est
612 5285 813 5340 natus?
858 5281 1074 5340 Etenim
1115 5281 1296 5338 Moses
1337 5280 1603 5353 septimus
1651 5288 1970 5334 numeratur
1999 5278 2069 5333 ab

494 5376 802 5443 Abraham,
849 5377 940 5432 hic
989 5385 1168 5433 autem
1225 5373 1483 5446 quintus,
1528 5379 1588 5426 ut
1634 5372 1714 5426 sic
1759 5371 1906 5426 .‘llose
1951 5372 2068 5442 ipso

493 5468 770 5538 antiquior
797 5469 1009 5525 duabus
1043 5467 1350 5526 inveniatur
1373 5449 1650 5520 aetatibus.
1683 5463 2068 5535 Contemplare

491 5563 657 5636 igitur
685 5562 916 5633 hujusce
949 5563 1150 5628 vitam,
1185 5577 1305 5634 qua:
1347 5560 1414 5617 de
1457 5560 1666 5631 legibus
1712 5574 1741 5612 a
1787 5557 1933 5614 Mose
1969 5574 2066 5628 po-

558 5741 601 5774 ⁸³
642 5743 781 5799 Gen.
821 5755 970 5806 XXVI,
1206 5742 1249 5774 ’³
1290 5742 1445 5801 Deut,
1492 5760 1544 5812 v,
1589 5741 1701 5796 L5.

2172 4558 2282 4605 ται,
2316 4541 2497 4594 οὑτοσὶ
2534 4541 2592 4593 δὲ
2625 4541 2892 4611 πέμπτος.
2925 4541 3045 4602 δυσὶ¹
3084 4540 3375 4615 προτέραις
3424 4540 3514 4593 τὸν
3543 4539 3751 4600 Μωσέα.

2174 4635 2387 4702 γενεαῖς
2425 4626 2699 4704 προάγων.
2735 4631 2845 4686 Θέα
2871 4632 2916 4686 δ’
2961 4626 3054 4685 οὗν
3099 4632 3197 4685 καὶ
3245 4629 3437 4684 τούτου
3473 4631 3563 4684 τὸν
3612 4630 3746 4702 βίον,

2179 4724 2426 4788 Μωσέως
2481 4725 2578 4795 μὲν
2606 4724 2704 4795 τῆς
2738 4724 3057 4795 νομοθεσίας
3087 4725 3240 4784 οὐδὲν
3266 4724 3623 4794 ἐπαγόμενον,
3651 4724 3750 4794 τῆς

2130 4835 2134 4838 ·
2173 4814 2231 4867 δὲ
2259 4813 2353 4868 τοῦ
2383 4814 2635 4885 Σωτῆρος
2661 4814 2814 4886 ὴμῶν
2862 4814 3222 4886 εὐαγγελικῆς
3259 4815 3604 4879 διδασκαλίας
3650 4815 3751 4868 οὐκ

2177 4905 2472 4978 ἀλλότριον.
2511 4907 2672 4976 Λέγει
2707 4907 2752 4961 δ’
2802 4903 2895 4960 οὖν
2937 4908 3118 4972 αὐτὸς,
3157 4909 3250 4966 τὸν
3297 4907 3490 4961 ἑαυτοῦ
3537 4905 3749 4972 διεξιὼν

2175 4999 2307 5068 βίον,
2337 5000 2396 5076 έν
2429 5002 2496 5072 τῇ
2528 5001 2665 5072 πρὸς
2694 5000 2818 5063 τοὺς
2846 4999 3094 5072 ἑταίρους
3122 4999 3407 5072 ἀπολογίᾳ·
3448 5020 3467 5053 ι
3506 4999 3752 5054 Διέσωσα

2172 5092 2282 5166 γὰρ
2324 5093 2534 5163 πτωχὸν
2581 5095 2645 5146 ὲκ
2673 5091 2854 5163 χειρὸς
2880 5091 3160 5157 δυνάστου,
3194 5094 3290 5148 καὶ
3314 5091 3552 5166 ὀρφανῷ,
3576 5084 3620 5160 ᾧ
3647 5091 3749 5144 οὐκ

2171 5183 2240 5259 ἦν
2301 5170 2512 5257 βοηθὸς,
2563 5183 2856 5257 ἐϐοήθησα.
2905 5185 3087 5256 Στόμα
3135 5184 3194 5238 δὲ
3217 5169 3220 5172 ’
3243 5185 3419 5257 χήρας
3476 5201 3544 5255 με
3595 5181 3746 5236 εὐλό-

2173 5295 2350 5350 γησε,
2411 5277 2756 5348 δικαιοσύνην
2819 5275 2876 5330 δὲ
2937 5275 3286 5331 ὲνεδεδύκειν.
3360 5272 3748 5347 Ἦμφιεσάμην

2171 5370 2231 5424 δὲ
2285 5369 2460 5440 κρίμα
2515 5369 2604 5422 ίσα
2665 5367 2892 5422 διπλοῖδι
2919 5409 2935 5433 ,
2983 5369 3260 5440 ὀφθαλμὸς
3312 5368 3460 5440 ήμην
3510 5365 3744 5435 τυφλῶν,

2176 5462 2324 5526 ποῦς
2375 5462 2433 5516 δὲ
2490 5461 2702 5532 χωλῶν·
2763 5461 2874 5532 ἐγὼ
2907 5463 3054 5536 ἢμην
3118 5461 3303 5534 πατὴρ
3361 5460 3657 5515 ἀδυνάτων.
3719 5475 3742 5512 ι

2173 5555 2318 5610 Αὑτὰ
2347 5555 2410 5628 δὴ
2440 5554 2630 5619 ταῦτα,
2653 5555 2908 5627 ἄντικρυς
2927 5557 2993 5611 τα
3024 5557 3185 5611 πᾶσιν
3210 5557 3338 5626 ἡμῖν
3365 5553 3452 5608 διὰ
3466 5551 3564 5624 τῆς
3584 5549 3746 5621 εὐαγ-

1782 5741 1824 5772 ⁸⁷⁵
1860 5741 1991 5797 Gen.
2036 5756 2136 5808 xv,
2179 5739 2230 5796 6.
