4068 6206
360 272 432 328 55
1293 266 1948 326 DEMONSTRATIONIS
1989 269 2449 326 EVANGELICAS
2487 271 2613 327 LIB.
2657 272 2696 330 1.
3538 282 3607 340 54

351 391 576 462 γελικῆς
612 385 967 449 διδασκαλία-ς
998 386 1295 458 μαθήματα
1328 390 1726 462 κηρυττόμενα.
1778 391 1921 444 Ἀλλέ

2040 391 2161 446 sitis
2194 391 2329 446 nihil
2366 392 2616 458 inducit,
2647 394 2715 448 ab
2742 394 3054 464 evangelica
3086 408 3266 454 autem
3307 400 3607 456 Salvatoris

348 486 443 538 καὶ
463 483 541 547 ὡς
572 479 733 543 εἰδὼς
760 475 817 532 εὖ
852 477 998 550 μάλα
1023 479 1085 531 τὸ
1115 499 1133 530 ι
1167 480 1373 534 κλαίειν
1403 481 1545 552 μετά
1571 482 1883 536 κλαιόντων·
1910 502 1930 534 ›

347 577 440 630 καὶ
471 575 556 638 τὸ,
599 592 619 625 ι
659 571 936 642 Μακάριοι
979 571 1026 623 oi
1075 571 1370 639 κλαίοντες,
1411 574 1493 631 ὅτι
1527 575 1865 644 γελάσονται,
1910 593 1928 626 ι

347 669 442 722 καὶ
486 667 572 730 τὸ,
623 684 643 718 ι
696 665 761 717 Ei
787 664 976 733 πάσχει
1005 662 1062 717 ἓν
1100 665 1279 734 μέλος,
1317 667 1628 738 συμπάσχει
1663 668 1838 720 πάντα
1869 667 1937 720 τὰ

351 759 520 831 μέλη,
573 778 592 810 ι
640 758 700 809 ἐν
738 759 848 819 τοῖς
881 755 975 826 τῆς
1007 756 1372 829 εὐαγγελικῆς
1394 758 1739 824 διδασκαλίας
1764 759 1937 831 μαθή-

355 866 497 919 μασι
528 849 904 920 περιεχόμενα,
935 847 996 900 τὸ
1021 848 1159 920 πρὸς
1192 851 1320 914 τοὺς
1345 853 1401 903 ἐν
1425 851 1504 922 τῷ
1538 851 1638 922 βίῳ
1658 851 1936 905 ταλαιπω-

360 942 664 1013 ρουμένους
707 939 1079 1011 φιλάνθρωπον
1151 942 1485 1007 ἐπεδείκνυε,
1530 943 1722 1013 λέγων·
1797 944 1935 1014 Ἐγὼ

359 1035 421 1089 δὲ
466 1036 556 1088 ἐπὶ
589 1033 743 1088 παντὶ
776 1033 1021 1105 ἀδυνάτῳ
1051 1034 1308 1090 ἔκλαυσα·
1348 1056 1366 1088 ι
1406 1037 1668 1104 ἐστέναξα
1709 1038 1764 1092 δὲ
1811 1038 1934 1093 ἰδὼν

366 1128 529 1198 ἄνδρα
575 1129 632 1179 ἐν
677 1125 962 1195 ἀνάγκαις.
1004 1147 1022 1178 ι
1061 1124 1192 1182 Εἶτα
1232 1131 1412 1198 πάλιν,
1445 1130 1547 1201 τῆς
1577 1132 1934 1204 εὐαγγελικῆς

362 1220 697 1282 διδασκαλίας
722 1219 852 1282 τοὺς
884 1220 1151 1291 ἀσέμνους
1189 1223 1642 1296 ἀπαγορευούσης
1670 1225 1936 1296 γέλωτας,-

358 1311 638 1384 προλαϐὼν
670 1311 700 1362 ὁ
746 1311 1013 1384 μακάριος
1039 1314 1242 1380 οὑτοσὶ,
1283 1320 1466 1388 φησιν·
1519 1337 1537 1370 ι
1595 1319 1655 1372 Εί
1686 1319 1742 1372 δὲ
1786 1321 1932 1391 ἥμην

355 1404 757 1475 πεπορευμένος
787 1405 924 1476 μετὰ
973 1406 1322 1473 γελοιαστῶν·
1355 1410 1404 1462 εί
1436 1410 1493 1464 δὲ
1533 1413 1628 1466 καὶ
1667 1412 1934 1466 ἐσπούδα-

355 1511 443 1547 σεν
470 1497 498 1548 ό
526 1496 659 1560 ποῦς
685 1514 784 1568 μου
809 1500 889 1561 εἰς
907 1498 1074 1563 δόλον,
1099 1499 1334 1572 ’ἐσταμαι
1365 1504 1422 1556 δέ
1445 1505 1504 1557 ἐν
1539 1504 1686 1575 ζυγῷ
1716 1505 1934 1577 δικαίῳ,

349 1583 452 1641 οἶδε
477 1588 531 1641 δὲ
558 1591 587 1642 ὁ
612 1589 817 1660 Κύριος
839 1590 938 1662 τὴν
966 1593 1203 1647 ἀκακίαν
1229 1612 1351 1664 μου.
1397 1596 1614 1669 Ἐπειδὴ
1637 1597 1693 1650 δέ
1722 1599 1750 1650 ὁ
1777 1597 1928 1670 παρᾶ

351 1681 533 1734 Μωσεῖ
556 1682 714 1751 λόγος
762 1683 1056 1754 νομοθετεῖ,
1081 1685 1272 1754 λέγων,
1295 1705 1311 1737 ι
1339 1689 1412 1740 Ού
1436 1685 1758 1758 μοιχεύσεις,
1787 1709 1804 1740 ›
1831 1690 1928 1742 θά-

2043 482 2218 536 nostri
2267 483 2516 536 doctrina
2576 498 2687 536 non
2738 483 3014 541 abhorret.
3059 484 3200 539 Dicit
3247 488 3410 558 igitur
3455 489 3607 559 ipse,

2041 573 2134 627 ubi
2169 589 2320 650 suam
2354 573 2525 642 ipsius
2556 574 2722 628 vitam
2753 578 3009 646 exponit,
3061 587 3114 634 et
3162 579 3516 651 arguentibus
3548 593 3610 638 se

2039 665 2229 720 amicis
2263 665 2551 736 respondet
2577 687 2588 719 :
2625 685 2642 716 ι
2674 666 2895 723 Servavi
2927 672 3072 726 enim
3106 671 3319 742 inopem
3347 673 3413 727 de
3440 688 3606 726 manu

2039 757 2318 826 potentis:
2359 767 2412 812 et
2463 757 2704 827 pupillo,
2738 762 2824 814 cui
2881 777 2987 816 non
3038 772 3154 816 erat.
3201 762 3437 833 adjutor,
3479 765 3608 819 sub-

2036 850 2180 906 veni.
2209 849 2282 904 Os
2310 859 2490 904 antem
2526 851 2704 906 viduae
2735 852 2866 906 mihi
2900 853 3176 908 benedixit
3202 895 3216 918 ,
3244 867 3296 910 et
3337 855 3606 925 justitiam

2039 941 2344 1005 indumenti
2393 941 2512 996 loco
2563 942 2768 1013 accepi.
2821 943 3097 998 Adornavi
3153 957 3336 1000 autem
3393 962 3478 1002 me
3517 947 3608 1018 ju-

2035 1031 2209 1096 dicio,
2263 1033 2421 1102 quasi
2453 1033 2658 1102 duplici
2721 1035 3084 1106 vestimento;
3137 1039 3332 1096 oculus
3379 1039 3456 1096 fui
3503 1057 3608 1098 caa-

2035 1138 2222 1178 corum
2245 1163 2259 1188 ,
2289 1139 2384 1193 pes
2415 1125 2772 1194 claudorum:
2804 1143 2906 1198 ego
2937 1126 3012 1184 [ui
3042 1137 3198 1200 pater
3228 1133 3450 1202 inepum
3487 1135 3552 1187 ⁸⁵.
3581 1155 3603 1190 ι

2039 1215 2140 1286 15
2173 1214 2293 1285 ipsa
2338 1217 2451 1272 hwc
2489 1217 2653 1288 igitur
2695 1219 3021 1276 documenta
3069 1222 3226 1292 plane
3253 1225 3440 1278 eadem
3481 1235 3609 1282 sunt

2034 1323 2156 1368 cum
2185 1309 2274 1375 iis,
2317 1325 2437 1380 qua:
2465 1311 2720 1367 omnibus
2766 1313 2924 1368 nobis
2968 1329 3065 1384 per
3108 1315 3478 1384 evangelicum
3510 1317 3609 1373 d0.-

2033 1400 2268 1454 ctrinam
2321 1403 2464 1456 tradi
2503 1405 2855 1476 nuntiarique
2897 1407 3058 1468 solita
3101 1417 3230 1463 sunt
3263 1426 3276 1462 :
3309 1411 3608 1481 quinetiam

2030 1494 2195 1549 veluti
2228 1495 2274 1552 is
2305 1497 2395 1566 qui
2429 1497 2563 1551 bene
2589 1499 2718 1552 illud
2752 1510 2974 1558 nosset:
3013 1519 3034 1558 I,
3062 1500 3217 1559 Flere
3261 1519 3384 1558 cum
3431 1503 3609 1560 ﬂenti-

2031 1587 2132 1642 bus
2155 1589 2240 1641 “:
2283 1609 2302 1641 ›
2335 1598 2388 1645 et
2437 1591 2590 1653 illud.
2624 1612 2639 1640 ι
2682 1592 2830 1647 Beati
2871 1594 2964 1664 qui
3013 1596 3218 1667 lugent,
3251 1599 3506 1668 quoniam
3532 1599 3609 1655 ri-

2031 1677 2312 1746 debunt",
2346 1701 2363 1733 ι
2403 1689 2455 1736 et
2485 1683 2655 1737 illud:
2697 1703 2713 1734 ι
2757 1683 2811 1737 Si
2847 1702 3012 1740 unum
3050 1689 3348 1743 membrum
3383 1691 3604 1760 patitur,

346 1772 498 1824 νατόν
526 1791 587 1826 τε
617 1773 760 1826 κατά
790 1775 992 1845 μοιχῶν
1035 1775 1443 1848 ἐπιψηφίξεται·
1477 1779 1505 1832 ὁ
1537 1779 1592 1832 δὲ
1629 1781 1728 1851 τῆς
1759 1782 1921 1848 εὐαγ-

2030 1784 2151 1824 cum
2179 1787 2244 1826 eo
2291 1775 2452 1828 simul
2487 1777 2669 1831 omnia
2718 1778 2961 1833 membra
3008 1781 3377 1850 patiuntur“.
3418 1803 3434 1834 ι
3474 1786 3606 1851 Quae

345 1863 568 1936 γελικῆς
619 1866 967 1931 διδασκαλίας
1019 1869 1110 1923 τὸν
1167 1870 1328 1941 νόμον
1381 1872 1681 1937 ἐπιτείνων,
1745 1876 1927 1945 φησίν·

350 1975 370 2008 ι
436 1958 670 2029 Ἐρρέθη
703 1963 816 2020 τοῖς
871 1961 1145 2032 ἀρχαίοις·
1189 1964 1263 2016 Οὐ
1327 1965 1650 2034 μοιχεύσεις·
1716 1965 1827 2034 ἐγὼ
1875 1967 1930 2020 δέ

340 2048 492 2116 λέγω
522 2051 671 2119 ὑμῖν,
697 2051 826 2122 μηδέ
845 2051 944 2122 τὴν
956 2053 1140 2124 ἀρχὴν,
1157 2054 1464 2125 ἐπιθυμεῖν·
1494 2075 1512 2106 ι
1535 2057 1803 2126 σκέψασθε
1831 2077 1932 2111 κα-

344 2139 459 2204 λῶς
497 2141 590 2194 τὸν
639 2145 765 2213 περὶ
804 2141 866 2197 οὗ
908 2144 1003 2198 νῦν
1047 2149 1076 2199 ὀ
1107 2146 1283 2215 λόγος,
1314 2148 1392 2212 ὃς,
1428 2150 1568 2204 κατά
1599 2152 1659 2204 τὸ
1697 2153 1930 2223 Χριστοῦ

346 2231 499 2302 βιοὺς
519 2233 863 2301 Εύαγγέλιον,
897 2237 990 2288 καὶ
1016 2236 1078 2288 τὸ
1107 2239 1227 2307 μετ’
1258 2238 1548 2310 ἐπιθυμίας
1571 2241 1931 2295 ἀκολαστότε-

347 2343 437 2399 ρον
467 2324 759 2397 ἐμϐλέπειν
793 2329 1258 2398 παρεφυλάττετο,
1283 2331 1366 2400 ἐφ’
1390 2326 1434 2400 ᾧ
1462 2335 1554 2386 καὶ
1582 2333 1924 2404 ἐσεμνύνετο,

341 2421 530 2490 λέγων·
564 2440 582 2473 ι
615 2422 677 2474 Ei
697 2422 751 2475 δέ
773 2422 866 2476 καὶ
888 2421 970 2492 τῷ
989 2423 1252 2494 ὀφθαλμῷ
1279 2425 1712 2498 ἐπηκολούθησεν
1737 2430 1770 2498 ἡ
1791 2446 1928 2501 κιιιρ⁴

340 2513 429 2569 δία
465 2531 566 2585 μου
607 2514 826 2583 γυναικὶ
871 2514 1066 2586 ἀνδρὸς
1106 2515 1317 2587 ἐτέρου·
1363 2536 1380 2568 ι
1425 2519 1638 2572 καὶτὸν
1667 2519 1924 2590 λογισμὸν

342 2600 661 2654 ἀποδίδωσιν
689 2601 817 2672 ἐξῆς
845 2602 1086 2670 ἐπάγων·
1134 2622 1153 2654 ι
1191 2603 1374 2676 Θυμδς
1419 2605 1528 2678 γάρ
1565 2607 1756 2680 ἀνδρὸς
1783 2610 1922 2663 ἀκα-

342 2693 597 2764 τάσχετος
639 2693 700 2747 τὸ
759 2696 945 2766 μιᾶναι
997 2696 1188 2767 ἀνδρὸς
1233 2700 1488 2766 γυναῖκα·
1525 2700 1636 2772 πῦρ
1668 2701 1776 2772 γάρ
1809 2703 1922 2757 ἐστι

342 2789 624 2857 καιόμενον
654 2788 746 2840 ἐπὶ
780 2789 996 2842 πάντων
1035 2788 1143 2841 τῶν
1189 2790 1389 2862 μερῶν·
1420 2784 1480 2844 οῦ
1509 2793 1554 2846 δ’
1581 2791 1647 2846 ἂν
1685 2794 1918 2868 εἰσέλθῃ,

341 2883 405 2936 ἐκ
436 2882 596 2954 ῥιζῶν
622 2881 924 2936 ἀπώλεσεν.
963 2901 982 2934 ι
1028 2881 1186 2936 Ἀλλά
1218 2884 1312 2936 καλ⁸
1339 2884 1400 2937 τὸ
1430 2884 1524 2938 τοῦ
1555 2886 1756 2958 τρόπου
1786 2889 1922 2942 ἀδω-

343 2975 625 3046 ροδόκητον
656 2975 983 3048 παρίστησιν
1011 2968 1130 3028 ὧδε·
1165 2994 1183 3026 ι
1214 2976 1346 3030 Είδὲ
1375 2979 1466 3030 καὶ
1484 2981 1604 3042 ea};
1630 2980 1784 3051 χερσί
1818 2999 1920 3052 μου

340 3067 564 3138 ἡψάμην
610 3067 818 3140 δώρων,
874 3068 1160 3139 σπείραιμι
1197 3067 1325 3139 ἄρα,
1363 3070 1455 3122 καὶ
1485 3070 1634 3123 ἄλλοι
1675 3071 1914 3141 φάγοιεν·

339 3159 563 3230 (topica;
590 3160 645 3212 δέ
672 3160 928 3231 γενοίμην
959 3160 1051 3212 ἐπὶ
1071 3160 1192 3230 γῆς.
1227 3180 1244 3212 ι
1288 3162 1473 3224 Ὅπως
1493 3162 1549 3215 δέ
1585 3164 1676 3217 καὶ
1708 3166 1821 3227 τοῖς
1842 3166 1920 3216 οἰ-

342 3251 513 3314 κείοις
544 3251 924 3321 προσεφέρετο,
973 3251 1162 3323 μαθεῖν
1195 3252 1362 3315 ἐστιν,
1407 3254 1500 3323 ἀφ’
1540 3247 1616 3310 ὧν
1657 3254 1919 3320 διδάσκει,

340 3343 586 3413 φάσκων·
625 3363 642 3394 ι
683 3344 745 3396 Εἰ
767 3343 821 3396 δέ
856 3345 949 3397 καὶ
974 3344 1240 3413 ἐφαύλισα
1259 3345 1434 3417 κρίμα
1463 3346 1794 3418 θεράποντός
1819 3364 1920 3418 μου

334 3432 373 3504 ἥ
399 3433 746 3506 θεραπαίνης,
778 3435 1110 3506 κρινομένων
1130 3435 1308 3488 αὐτῶν
1338 3436 1472 3506 πρὸς
1496 3437 1612 3508 ἐμέ·
1645 3456 1663 3488 ι
1690 3437 1784 3490 καὶ
1819 3438 1922 3492 πά-

332 3528 420 3580 λιν
437 3527 528 3580 τὸν
543 3526 800 3597 λογισμὸν
821 3527 1134 3581 ἀποδίδωσι·
1157 3546 1174 3578 ι
1208 3528 1273 3580 Τί
1291 3528 1400 3598 γὰρ
1431 3530 1657 3600 ποιήσω,
1681 3530 1774 3583 ἐάν
1795 3529 1919 3586 ἕτα-

335 3619 423 3672 σίν
453 3637 552 3690 μου
569 3621 782 3689 ποιῆται
807 3621 834 3671 ό
857 3618 1016 3685 Θεός;
1054 3621 1277 3692 πότερον
1309 3621 1404 3690 οὐχ
1425 3620 1500 3683 ὡς
1525 3620 1634 3696 ἐγὼ
1655 3623 1920 3694 ἐγενόμην

331 3714 395 3765 ἐν
411 3713 594 3784 σαρκὶ,
617 3710 792 3767 οὕτως
805 3712 1043 3765 κάκεῖνοι
1065 3711 1323 3780 γεγόνασι
1339 3728 1353 3770 ;
1377 3713 1678 3784 γεγόναμεν
1697 3714 1753 3768 δέ
1776 3716 1832 3766 ἐν
1850 3718 1916 3786 τῇ

331 3804 472 3874 αὐτῇ
503 3804 698 3874 κοιλία.
737 3823 755 3855 i
790 3803 1011 3866 Τούτοις
1037 3801 1297 3871 ἐπιλέγει·
1341 3820 1360 3853 ι
1395 3803 1586 3874 Χήρας
1613 3802 1704 3856 τὸν
1728 3804 1921 3874 ὀφθαλ-

335 3895 436 3967 μδν
463 3898 563 3949 οὐκ
593 3895 838 3966 ἐξέτηξα·
889 3896 937 3948 εί
987 3895 1169 3949 δὲκαὶ
1211 3896 1301 3948 τὸν
1337 3895 1528 3966 ψωμόν
1571 3913 1672 3966 μου
1716 3896 1917 3965 ἔφαγον

336 3988 515 4059 μόνος,
549 3989 640 4042 καὶ
660 3989 780 4059 οὐχὶ
803 3987 1025 4060 ὀρφανῷ
1061 3988 1336 4059 μετέδωκα
1364 3989 1422 4054 ἐξ
1451 3989 1636 4042 αὑτοῦ·
1670 3991 1718 4043 εἰ
1745 3990 1801 4043 δὲ
1823 3991 1916 4042 καὶ

332 4079 470 4135 εἶδον
511 4081 717 4152 γυμνὸν
750 4081 1136 4152 ἀπολλύμενον,
1185 4081 1280 4134 καὶ
1329 4083 1430 4134 οὐκ
1457 4081 1718 4151 ἡμφίεσα.
1755 4100 1772 4132 ι
1807 4082 1916 4134 Καὶ

334 4173 494 4228 πάλιν
526 4173 732 4238 ὑποϐάς
763 4174 910 4242 λέγει
936 4191 948 4204 ·
982 4192 1002 4224 ι
1045 4175 1107 4226 Ei
1140 4173 1196 4225 δέ
1229 4175 1323 4227 καὶ
1353 4172 1484 4243 λίθῳ
1499 4172 1787 4225 πολυτελεῖ
1815 4175 1914 4226 ἐπ-

334 4266 617 4337 εποίθησα·
651 4268 698 4318 εί
740 4266 798 4319 δέ
833 4265 926 4318 καὶ
961 4264 1278 4336 ηὐφράνθην
1328 4263 1520 4318 πολλοῦ
1557 4264 1784 4317 πλούτου
1825 4281 1912 4334 μοι

332 4358 640 4429 γενομένου·
670 4359 717 4411 εί
743 4358 797 4411 δὲ
823 4358 915 4411 καὶ
959 4359 1043 4410 ἐπ’
1083 4357 1469 4429 ἀναριθμήτοις
1517 4356 1718 4429 ἐθέμην
1755 4357 1914 4428 χεῖρά.

337 4468 510 4521 μου..)
561 4451 674 4503 Καὶ
714 4450 804 4503 τὸν
850 4449 1109 4519 λογισμὸν
1144 4444 1299 4512 αὖθις
1333 4447 1592 4516 ἐπιλέγει·
1633 4466 1652 4500 ι
1699 4447 1769 4500 Ἢ
1811 4447 1909 4516 οὺχ
1947 4473 1987 4527 ι)

329 4544 542 4617 ὁρῶμεν
580 4542 1167 4622 ἥλιον-ἐπιφαύσκοντα
1195 4539 1288 4593 καὶ
1319 4538 1657 4600 ἐκλείποντα,
1695 4540 1788 4592 καὶ
1828 4556 1911 4592 σε·

328 4631 495 4704 λήνην
536 4631 594 4685 δέ
627 4630 956 4700 φθίνουσανς
1000 4649 1018 4681 ι
1058 4625 1188 4682 Εἶτα
1221 4628 1384 4683 πάλιν
1418 4630 1516 4701 τῆς
1550 4627 1908 4700 εύαγγελικῆς

328 4725 676 4788 διδασκαλίας
749 4723 1024 4794 φησάσης,
1079 4741 1100 4775 ι
1172 4721 1401 4794 Ἐρρέθη
1450 4724 1565 4786 τοῖς
1618 4721 1905 4794 ἀρχαίοις·

341 4818 672 4889 Ἀγαπήσεις
690 4815 783 4869 τὸν
806 4814 1032 4887 πλησίον
1060 4832 1179 4886 σου,
1205 4815 1298 4868 καὶ
1326 4815 1576 4886 μισήσεις
1596 4814 1687 4866 τὸν
1717 4810 1908 4884 ἐχθρόν

328 4927 445 4978 σου.
486 4908 628 4978 Ἐγὼ
667 4908 727 4962 δέ
777 4907 919 4978 λέγω
967 4909 1113 4980 ὑμῖν·
1173 4908 1446 4977 Ἀγαπᾶτε
1510 4907 1635 4970 τοὺς
1682 4904 1910 4976 ἐχθροὺς

327 4979 504 5072 ὑμῶν,
542 5020 561 5053 ι
593 5001 856 5069 αὑτοφυεῖ
889 4979 1205 5070 διδασκαλία
1229 4997 1514 5070 προλαϐὼν
1543 4998 1571 5049 ὁ
1604 4991 1904 5068 θαυμάσιος

325 5089 554 5167 τοῦργον
585 5093 921 5166 ἀπεπληρου.
948 5093 1036 5146 Διό
1065 5110 1247 5166 φησιν·
1290 5110 1308 5143 ι
1348 5090 1484 5144 Είδέ
1517 5091 1610 5143 καὶ
1632 5088 1904 5162 ἐπιχαρὴς

325 5186 592 5259 ἐγενόμην
621 5187 714 5240 ἐπὶ
745 5185 996 5258 πτώματι
1024 5185 1216 5258 ἐχθροῦ
1247 5201 1368 5256 μου,
1406 5182 1500 5237 καὶ
1530 5179 1681 5236 εἶπεν
1705 5183 1740 5254 ἡ
1763 5197 1902 5252 καρ-

322 5281 409 5334 δία
434 5298 558 5352 μου,
593 5274 758 5348 Εὖγε,
798 5269 1164 5350 ἥκουσεεϊᾶρα
1189 5277 1251 5330 τὸ
1283 5273 1376 5339 οῦς
1404 5293 1502 5347 μου
1531 5275 1630 5347 τὴν
1655 5273 1900 5345 κατάραν

325 5390 482 5443 μου.»
509 5374 618 5428 Καὶ
644 5371 930 5439 ἐπιλέγει-ι
958 5368 1104 5435 ’Έξω
1117 5369 1174 5422 δέ
1197 5369 1296 5421 οὐκ
1320 5366 1569 5440 ηὐλίζετο
1598 5366 1765 5432 ξένος,
1791 5365 1899 5436 ἡδὲ

320 5466 459 5539 θύρα
488 5484 586 5538 μου
620 5465 780 5520 παντὶ
808 5464 1007 5518 ἐλθόντι
1036 5462 1294 5532 ἀνέῳκτο,
1325 5482 1344 5514 ι
1379 5461 1502 5514 ἐπεὶ
1521 5460 1594 5532 μὴ
1614 5459 1894 5530 ἀλλότριος

412 5625 456 5657 ⁸³
512 5623 619 5682 Job
673 5641 842 5688 nix,
899 5622 1086 5676 il-lG.
1164 5621 1209 5651 “
1273 5618 1430 5674 Rom.
1477 5635 1578 5680 sn,
1643 5619 1732 5672 15.

317 5695 418 5749 Joh
463 5713 589 5754 uti.
642 5696 731 5752 25.
847 5695 892 5724 ⁷⁸
929 5691 1030 5746 Joh
1109 5706 1258 5752 xxxi,
1299 5693 1351 5754 6,
1411 5691 1469 5743 7.

318 5767 362 5800 τι
400 5767 529 5847 mu.
573 5767 653 5845 ιει.
731 5767 775 5800 τ·
811 5764 940 5845 Ibid.
988 5764 1102 5818 7-8.
1147 5762 1225 5845 λδ
1263 5761 1393 5848 Ibid.
1437 5761 1518 5816 ιδ.

1950 3125 1994 3180 (ἶ
2029 3141 2151 3195 dico
2181 3143 2357 3208 vobis,
2401 3161 2469 3202 ne
2503 3125 2572 3202 ab
2619 3147 2774 3203 initio
2819 3149 3037 3219 quidem
3077 3156 3338 3224 cupere"
3371 3173 3385 3208 :

1811 5618 1855 5648 ⁸⁷
1905 5617 2098 5674 Matth.
2143 5637 2197 5686 ν,
2265 5621 2333 5688 5;

1570 5690 1612 5722 τι
1659 5689 1829 5744 Exod.
1896 5706 1991 5754 xx,
2035 5691 2121 5747 Η.

1612 5760 1828 5842 ἠν-ΗΜ.
1871 5760 2052 5818 ιι-ιε.

2033 1858 2088 1912 in
2124 1859 2424 1933 disciplina:
2473 1867 2799 1937 evangelica:
2842 1868 3188 1926 documentis
3235 1873 3604 1940 continemur,

2032 1949 2327 2007 humanum
2378 1964 2431 2010 et
2475 1959 2886 2015 misericordem
2939 1978 3065 2032 erga
3111 1963 3340 2019 miseros
3397 1965 3450 2018 in
3494 1967 3603 2038 vita

2033 2041 2276 2097 animum
2312 2046 2704 2104 demonstravit
2743 2052 2931 2108 dicens
2961 2073 2972 2108 :
3015 2073 3032 2104 ι
3068 2054 3180 2126 Ego
3228 2067 3406 2112 autem
3439 2073 3602 2128 super

2032 2133 2184 2187 omni
2219 2135 2382 2206 inope
2424 2137 2566 2203 ﬂevi,
2605 2149 2660 2195 et
2699 2145 2973 2212 suspiravi
3013 2161 3136 2199 cum
3177 2148 3353 2214 virum
3397 2150 3506 2214 vidi
3549 2149 3613 2213 in

2032 2226 2458 2284 necessitatibus
2479 2231 2544 2285 ⁸³.
2581 2252 2600 2283 ι
2639 2231 2838 2290 Deinde
2867 2251 3062 2294 rursus
3091 2255 3215 2293 cum
3249 2241 3618 2303 immodestos,

2029 2317 2176 2371 risus
2235 2316 2484 2374 doctrina
2539 2325 2847 2394 evangelica
2887 2339 3128 2398 respuat,
3162 2331 3351 2388 beatus
3401 2333 3488 2388 hic
3519 2335 3604 2389 vir

2027 2416 2180 2463 tanto
2213 2419 2341 2466 ante
2374 2417 2730 2482 pronuntiat:
2765 2437 2783 2468 ι
2817 2417 2871 2473 Si
2907 2438 3034 2477 vero
3063 2423 3334 2480 ambulavi
3363 2441 3486 2482 cum
3508 2428 3603 2482 de-

2027 2501 2314 2566 risoribus,
2347 2512 2402 2558 et
2433 2505 2478 2559 si
2510 2505 2785 2562 festinavit
2811 2525 2905 2579 pes
2946 2527 3100 2568 meus
3126 2513 3193 2568 ad
3227 2514 3432 2578 dolum,
3469 2531 3603 2574 con-

2025 2593 2139 2646 stiti
2168 2595 2223 2648 in
2255 2603 2459 2658 statera
2493 2597 2664 2666 justa,
2696 2609 2750 2655 et.
2781 2604 2932 2670 n‘ovit
2970 2603 3233 2662 Dominus
3277 2608 3602 2677 simplicita-

2024 2689 2130 2736 tem
2158 2700 2333 2739 meam
2356 2687 2422 2741 ⁷ο.
2463 2706 2480 2739 ι
2517 2686 2782 2753 Quoniam
2821 2707 2950 2746 vero
2983 2691 3148 2750 Mosis
3171 2697 3331 2750 verba
3360 2697 3446 2752 illa
3472 2699 3603 2769 legis

2024 2774 2142 2829 loco
2161 2788 2508 2847 proponunt:
2543 2799 2561 2830 ι
2595 2779 2714 2844 Non
2741 2782 3063 2841 adulterium
3090 2789 3397 2846 committcs
3419 2791 3517 2854 ",i
3549 2801 3603 2847 et

2023 2875 2250 2924 mortem
2289 2877 2478 2925 contra
2513 2872 2790 2931 adulteros
2829 2892 3047 2946 pmnam
3101 2880 3475 2936 constituunt:
3507 2884 3602 2953 qui
3617 2939 3624 2955 ,γ

2023 2968 2200 3016 autem
2232 2962 2498 3020 doctrina:
2544 2969 2873 3040 evangelicae
2897 2971 3068 3039 legem
3087 2970 3368 3041 describit,
3389 2975 3462 3028 ita
3485 2975 3596 3028 ait:

2030 3068 2048 3108 ι
2087 3049 2296 3106 Dictum
2318 3061 2400 3108 est
2425 3055 2706 3126 antiquis:
2743 3055 2862 3111 Non
2904 3060 3305 3126 mmchaberis;
3341 3077 3441 3130 ego
3473 3079 3619 3120 vero.

3429 3177 3447 3208 ι
3477 3172 3601 3226 spe-

2029 3245 2237 3292 ctemus
2276 3239 2444 3307 probe
2469 3239 2631 3304 hunc,
2666 3241 2732 3296 de
2763 3257 2872 3313 quo
2903 3258 3082 3299 sermo
3111 3253 3213 3310 est,
3241 3248 3598 3317 quemadmoy

2018 3326 2154 3380 dum
2195 3330 2492 3385 secundum
2523 3332 2729 3389 Christi
2761 3334 3109 3406 Evangelium
3141 3339 3350 3401 vivens,
3375 3355 3443 3394 ne
3475 3355 3606 3397 cum

2026 3419 2323 3489 cupiditate
2369 3423 2624 3486 licentius
2677 3427 2967 3497 aspiceret,
3004 3431 3167 3491 cavit.
3205 3430 3258 3484 in
3289 3446 3398 3500 quo
3434 3433 3612 3501 etiam,

2023 3509 2382 3578 gloriabatur,
2419 3512 2610 3570 dicens
2641 3535 2652 3570 :
2685 3535 2702 3566 ι
2743 3516 2798 3571 Si
2821 3535 2953 3574 vero
2979 3522 3197 3575 oculum
3235 3531 3483 3578 secutum
3514 3535 3598 3581 est

2022 3618 2118 3664 cor
2147 3619 2323 3658 meum
2359 3605 2413 3658 in
2445 3597 2671 3664 muliere
2697 3609 2922 3668 alterius
2957 3614 3152 3668 viri”:
3193 3636 3210 3668 ι
3249 3624 3303 3672 et
3331 3618 3594 3674 rationem

2022 3695 2265 3766 assignat
2301 3696 2558 3770 deinceps
2605 3700 2906 3774 adiungens
2938 3725 2950 3758 :
2991 3725 3009 3758 ι
3047 3707 3276 3764 Animus
3317 3712 3460 3764 enim
3496 3713 3598 3766 viri

2020 3791 2321 3850 dissolutus
2375 3793 2442 3848 ad
2492 3795 2882 3864 inquinandam
2931 3798 3035 3852 viri
3087 3800 3410 3862 mulierem.
3455 3802 3596 3872 ignis

2019 3884 2164 3952 enim
2203 3893 2286 3943 est
2318 3887 2516 3942 ardens
2557 3888 2613 3941 in
2664 3889 2916 3944 omnibus
2974 3891 3224 3958 partibus
3281 3891 3371 3946 ’δι
3431 3895 3596 3962 quod-

2021 3991 2240 4046 cunque
2278 3984 2459 4032 autem
2498 3978 2779 4041 invaserit.
2810 3980 3073 4036 radicitus
3106 3983 3332 4052 perdere
3363 3999 3597 4042 consue-

2018 4071 2125 4135 vit;
2157 4091 2174 4122 ι
2197 4069 2289 4125 sed
2306 4070 2467 4124 etiam
2487 4071 2831 4143 incorruptos
2849 4073 3135 4144 injudiciis
3158 4092 3336 4131 mores
3363 4079 3590 4146 indm-it,

2015 4167 2096 4222 sic
2120 4186 2176 4224 ι.«
2219 4169 2274 4223 Si
2308 4179 2486 4227 autem
2511 4173 2761 4228 manibus
2791 4174 2923 4229 meis
2953 4173 3106 4243 attigi
3135 4187 3380 4233 munera.
3414 4189 3607 4243 seram,

2017 4261 2166 4331 ipse.
2209 4273 2262 4317 et
2305 4264 2395 4318 alii
2435 4263 2824 4329 comedant,et
2860 4265 2979 4321 sine
3023 4266 3195 4335 stirpe
3241 4265 3502 4320 exsistam
3535 4267 3602 4325 in

2017 4357 2162 4406 tetra
2185 4351 2252 4406 ".
2290 4370 2307 4402 ι
2334 4350 2615 4419 Quomodo
2639 4363 2818 4409 autem
2844 4371 2903 4410 se
2921 4371 3047 4425 erga
3077 4354 3408 4414 domesticos
3437 4373 3590 4428 gere-

2015 4453 2098 4498 ret
2119 4459 2182 4498 es
2209 4444 2276 4500 iis
2297 4445 2420 4502 licet
2443 4445 2641 4501 intueri
2665 4462 2786 4518 qua:
2809 4447 2988 4510 docet,
3018 4461 3142 4500 cum
3171 4448 3296 4513 ait:
3322 4465 3341 4499 ι
3375 4445 3431 4501 Si
3455 4463 3588 4503 con-

2011 4536 2204 4606 tempsi
2243 4537 2426 4593 subire
2451 4539 2718 4608 judicium
2751 4553 2892 4594 cum.
2920 4555 3077 4597 servo
3123 4554 3267 4602 meo,
3306 4545 3370 4594 et.
3393 4540 3608 4595 ancilla.

2016 4642 2168 4696 mea,
2187 4642 2314 4682 cum
2345 4628 3026 4699 disceptarentadversum
3048 4632 3229 4686 me":
3252 4650 3286 4690 ι,
3307 4640 3361 4686 et
3394 4631 3592 4700 deinde

2012 4720 2279 4784 rationem
2307 4722 2550 4793 assignat
2575 4741 2588 4776 :
2627 4741 2645 4775 ι
2675 4722 2815 4789 Quid
2838 4723 2982 4778 enim
2999 4723 3219 4791 faciam,
3251 4724 3296 4780 si
3317 4723 3597 4792 judicium

2013 4822 2204 4870 contra
2237 4831 2326 4872 me
2357 4816 2663 4872 exercuerit
2686 4816 3158 4888 Deus?~nunquid-
3179 4834 3289 4872 non
3324 4821 3589 4888 quemad-

2014 4907 2234 4961 modum
2269 4921 2369 4979 ego
2412 4908 2589 4964 factus
2623 4925 2745 4966 sum
2795 4909 2851 4965 in
2897 4924 3082 4976 carne,
3117 4917 3171 4967 et
3216 4909 3295 4964 sic
3343 4909 3418 4963 illi
3459 4907 3587 4964 facti

2014 4997 2338 5054 sunt-‘iiacti
2376 5015 2541 5069 porro
2584 5016 2775 5058 sumus
2817 5001 2874 5060 in
2914 5001 3104 5058 eodem
3147 5009 3304 5058 utero
3331 5001 3399 5055 ".
3431 5020 3450 5054 ι
3491 4999 3588 5056 llis

2008 5089 2302 5162 adiungit:
2339 5086 2586 5148 «Vidua:
2626 5093 2844 5148 oculum
2888 5108 2998 5148 non
3027 5093 3330 5162 liquescere
3361 5089 3464 5148 feci
3493 5112 3506 5148 :
3537 5094 3587 5149 si

2009 5189 2188 5238 autem
2211 5189 2265 5237 et
2288 5181 2590 5252 buccellam
2619 5200 2794 5240 meam
2809 5184 3022 5240 comedi
3053 5182 3225 5247 solus,
3244 5192 3298 5238 et
3323 5196 3431 5237 non
3460 5198 3586 5238 cum

2007 5271 2216 5344 pupillo
2241 5275 2641 5341 communicavi
2666 5292 2682 5328 :
2708 5282 2768 5331 et
2793 5277 2840 5332 si
2870 5276 2979 5331 vidi
3010 5276 3212 5332 nudum
3244 5282 3584 5345 pereuntem,

2007 5372 2062 5421 et
2093 5380 2199 5420 non
2225 5365 2504 5420 vestivi".
2547 5388 2565 5420 ι
2604 5367 2677 5422 Et.
2710 5368 2969 5438 deinceps
3005 5381 3332 5437 progressus
3382 5361 3472 5422 sic'
3495 5365 3583 5422 di-

2003 5455 2080 5512 cit
2105 5476 2118 5510 :
2153 5475 2174 5508 ¢
2213 5455 2272 5512 Si
2303 5474 2432 5514 vero
2463 5468 2517 5516 et
2559 5461 2613 5514 in
2638 5459 2816 5530 lapide
2840 5459 3082 5532 pretioso
3111 5459 3364 5515 iiduc’tam
3391 5460 3583 5542 habui,

2885 5622 2930 5654 ⁸⁸
2968 5619 2989 5675 1
3026 5621 3152 5681 Cor.
3197 5639 3309 5685 xu,
3369 5622 3462 5676 26.
3541 5624 3585 5654 ⁸³

2979 5694 3042 5762 ’³-
3083 5695 3186 5754 Job
3242 5709 3397 5759 mu,
3439 5691 3586 5760 ⁸Ῐ-9.

2401 5623 2535 5680 Luc.
2579 5638 2658 5684 vx.
2713 5622 2774 5677 2i
2793 5664 2807 5678 .

2229 5692 2277 5766 "_’_
2307 5693 2518 5766 Matth.
2558 5711 2608 5766 ξι,
2649 5692 2742 5762 27,
2780 5693 2886 5766 ἢδη

2161 5762 2206 5796 ⁷⁸
2245 5762 2377 5824 ibid.
2422 5763 2606 5828 lii-l9.
