3974 6208
411 296 481 350 55
1040 307 1308 367 EUSEBII
1344 313 1822 374 CASSARIENSIS
1855 315 2004 375 OPP.
2032 318 2224 404 PARS
2264 319 2330 375 Η.
2370 350 2440 362 ——
2471 318 2973 376 APOLOGETICA.
3567 318 3640 375 55

410 434 461 480 et
484 424 694 481 lmtatus
725 442 866 489 sum,
896 442 1017 481 cum
1049 429 1230 482 multa:
1249 430 1375 484 mihi
1400 431 1599 487 divitia:
1621 445 1822 498 essent,
1851 443 1903 490 et
1927 438 1970 491 si

2075 437 2168 491 τοῦ
2204 440 2528 508 φήσαντοςοσ
2555 438 2760 509 Ξένοςῆ
2769 456 2895 508 μην,
2914 438 3008 490 καὶ
3030 435 3361 509 συνηγάγετέ
3382 455 3467 508 με.
3483 457 3503 490 ι
3536 435 3636 492 Οἷα

413 516 479 568 ad
517 518 928 572 innumerabilia
953 520 1108 588 posui
1131 537 1350 576 manum
1383 541 1556 578 meam
1579 527 1643 582 ⁷⁸³.
1678 547 1696 580 ›
1737 531 1839 601 ιθ
1866 531 1971 584 Ra-

409 610 719 680 tionemque
746 610 871 664 item
902 611 1147 681 adjungit
1175 629 1188 664 :
1227 633 1244 665 ι
1281 615 1362 668 An
1393 632 1500 670 non
1530 618 1777 675 videmus
1802 623 1969 677 solem

407 700 542 754 oriri
581 715 644 752 ac
683 699 936 763 deficere,
978 701 1272 772 lunamque
1315 704 1666 762 desinere”?
1699 727 1718 760 ι
1757 709 1968 767 Rursus

408 804 536 844 cum
568 791 813 845 doctrina
852 794 1162 862 evangelica
1202 795 1348 848 dicat
1376 815 1388 850 :
1421 815 1440 847 ‹
1477 797 1686 854 Dictum
1717 810 1801 856 est
1829 804 1964 858 anti-

409 885 533 954 quis
560 902 573 936 :
607 882 806 954 Diliges
834 886 1135 954 proximum
1169 893 1342 951 tuum,
1373 897 1427 943 et
1461 891 1584 946 odio
1611 893 1837 951 habebis
1869 896 1972 950 ini-

407 977 608 1032 micum
631 985 804 1030 tuum.
836 976 944 1048 Ego
979 987 1155 1032 autem
1188 981 1313 1034 dico
1347 982 1522 1048 vobis,
1556 985 1761 1056 diligite
1790 989 1972 1042 inimi-

409 1081 504 1124 cos
532 1077 744 1124 vestros
762 1070 803 1101 ³¹
827 1088 838 1122 :
874 1090 891 1122 ι
918 1070 1252 1127 admirabilis
1277 1073 1366 1127 hic
1400 1075 1482 1129 vir
1510 1076 1694 1132 innata
1719 1079 1968 1136 doctrina

407 1161 762 1232 praeveniens,
797 1165 969 1230 ipsum
999 1178 1136 1233 opus
1183 1166 1494 1236 complevit.
1527 1168 1669 1240 Ergo
1693 1172 1772 1226 sic
1801 1174 1972 1244 loqui-

406 1262 536 1305 tur:
575 1271 593 1304 ‹
627 1252 680 1307 Si
715 1254 934 1323 gavisus
973 1271 1092 1309 sum
1129 1272 1298 1326 super
1340 1260 1493 1313 ruina
1524 1261 1729 1317 inimici
1757 1266 1882 1329 mei,
1916 1274 1972 1321 et

408 1344 545 1399 dixit
575 1361 671 1399 cur
695 1362 895 1414 meum,
927 1346 1090 1418 Euge,
1119 1349 1303 1403 audiat
1329 1365 1460 1407 sane
1488 1355 1638 1410 auris
1668 1371 1785 1410 mea
1813 1373 1970 1413 exse-

407 1439 704 1494 crationem
749 1455 920 1495 meam
939 1443 1006 1498 ⁸³.
1046 1462 1064 1494 ›
1101 1443 1240 1498 Tum
1281 1447 1530 1520 adjungit
1567 1465 1580 1501 :
1624 1469 1643 1502 ι
1676 1450 1831 1507 Foris
1874 1468 1971 1507 au-

407 1539 516 1586 tem
549 1548 657 1586 non
688 1533 888 1588 mansit
915 1533 1262 1606 Peregrinus,
1303 1549 1356 1594 et
1377 1541 1578 1595 ostium
1609 1558 1790 1598 meum
1824 1546 1971 1601 omni

405 1624 642 1679 venienti
674 1627 936 1695 patuit“.
979 1647 996 1680 ι
1029 1644 1095 1683 eo
1128 1631 1270 1699 quod
1312 1648 1419 1686 non
1461 1634 1672 1692 alienus
1713 1646 1858 1692 esset
1903 1640 1972 1695 ab

405 1729 472 1770 eo
495 1716 738 1786 quidixit
763 1737 776 1772 :
813 1736 832 1770 ι
864 1718 1187 1790 Peregrinus
1213 1739 1353 1791 sum,
1376 1732 1430 1779 et
1445 1726 1737 1797 collegistis
1762 1745 1846 1783 me
1865 1729 1964 1784 ⁸⁵.)

2075 529 2131 581 δὲ
2160 530 2321 583 αὐτοῦ
2345 530 2438 582 καὶ
2465 528 2533 581 τὰ
2555 529 2810 600 περὶτῶν
2835 528 3101 581 ἀκουσίων
3135 528 3635 599 πλημμελημάτων,

2077 623 2374 676 ἐπάκουσον
2410 621 2674 690 λέγοντος·
2714 640 2732 673 ι
2784 622 2846 674 Εἰ
2885 620 2940 672 δὲ
2965 621 3058 673 καὶ
3088 619 3344 691 ἁμαρτὼν
3373 617 3641 684 ἀκουσίως

2076 713 2284 787 ἔκρυψα
2308 715 2405 786 τὴν
2456 715 2727 786 ἁμαρτίαν
2761 731 2881 784 μου,
2925 713 2984 766 οὐ
3027 713 3133 784 γάρ
3155 712 3447 784 διετράπην
3474 713 3637 764 πολυ-

2076 808 2257 878 οχλίαν
2285 807 2540 880 πλήθους,
2554 807 2646 860 τοῦ
2681 807 2754 878 μὴ
2790 805 3142 877 ἐξαγορεῦσαι
3181 804 3407 858 ἐνώπιον
3441 803 3638 857 αὐτῶν.

2075 899 2140 952 Εἰ
2170 899 2226 952 δὲ
2253 899 2346 952 καὶ
2369 901 2522 953 είασα
2542 897 2799 951 ἀδύνατον
2821 893 3052 964 ἐξελθεῖν
3078 898 3174 969 τὴν
3194 897 3364 968 θύραν
3391 914 3487 968 μου
3516 895 3638 949 κόλ-

2079 1009 2164 1062 πῳ
2200 991 2358 1063 κενῷ,
2389 994 2546 1062 χεῖρα
2567 990 2624 1044 δὲ
2658 990 2860 1061 Κυρίου
2885 993 2931 1043 εἰ
2961 989 3033 1060 μὴ
3065 989 3368 1053 ἐδεδοίκειν,
3404 1005 3642 1059 συγγρα-

2078 1081 2183 1152 φὴν
2213 1081 2269 1134 δὲ
2291 1083 2356 1152 ῆν
2391 1077 2534 1152 εἶχον
2577 1080 2717 1134 κατά
2734 1097 2898 1144 τινος,
2933 1082 2981 1132 εἰ
3031 1079 3104 1150 μὴ
3141 1078 3307 1150 ῥήξας
3339 1079 3506 1148 αὐτὴν
3535 1078 3640 1130 ἀπ-

2077 1173 2272 1238 έδωκα,
2293 1175 2442 1228 οὐδὲν
2480 1175 2656 1228 λαϐὼν
2689 1175 2835 1246 παρὰ
2877 1171 3282 1245 χρεωφειλέτου.
3315 1191 3334 1222 ι
3361 1171 3545 1224 Ταῦτα
3571 1166 3648 1241 ἦν

2077 1267 2169 1318 καί
2192 1266 2258 1318 τά
2288 1267 2508 1320 τοιαῦτα
2535 1267 2643 1319 τῶν
2675 1266 2779 1337 πρὸ
2825 1266 3068 1327 Μωσέως
3131 1263 3388 1333 θεοφιλῶν
3432 1263 3642 1333 ἀνδρῶν

2079 1356 2158 1425 (ἐξ
2189 1358 2305 1420 ἑνὸς
2328 1357 2435 1428 γάρ
2471 1359 2563 1411 καὶ
2587 1359 2677 1411 τὸν
2707 1357 2815 1410 τῶν
2836 1356 3036 1409 λοιπῶν
3059 1354 3450 1426 τεκμαίρεσθαι
3481 1371 3642 1425 προσ-

2077 1449 2200 1520 ήκει
2232 1449 2386 1521 βίον),
2420 1449 2487 1502 τὰ
2521 1450 2862 1522 περιύμνητα
2900 1449 2998 1519 τῆς
3039 1448 3344 1511 θεοσεϐείας
3373 1445 3530 1510 ἆθλα,
3571 1447 3638 1500 δι’

2075 1538 2111 1592 ἃ.
2135 1539 2275 1608 φίλοι
2299 1539 2432 1594 Θεοῦ
2476 1541 2571 1595 καὶ
2609 1541 2883 1612 προφῆται
2909 1537 3337 1610 κατηξιώθησαν.
3371 1536 3644 1598 Τοιούτοις

2075 1633 2119 1686 δ’
2139 1629 2277 1698 οὖσι,
2305 1634 2388 1697 τίς
2417 1633 2495 1686 ἔτι
2518 1634 2674 1706 χρεία
2695 1628 2762 1704 ῆν
2784 1631 2892 1685 τῶν
2939 1631 3089 1703 παρὰ
3114 1632 3302 1684 Μωσεί
3330 1629 3639 1700 παραγγελ-

2081 1725 2263 1796 μάτων
2311 1724 2531 1794 φαύλοις
2573 1723 2794 1796 ἀνδράσι
2829 1724 2920 1776 καὶ
2955 1723 3244 1795 μοχθηροῖς
3286 1722 3644 1794 παραδεδομέ-

406 1809 601 1876 Qualia
632 1826 795 1880 porro
839 1813 967 1877 sint,
1007 1830 1128 1883 qua:
1167 1815 1308 1871 idem
1352 1819 1552 1872 sentiat
1591 1820 1658 1874 de
1707 1823 1966 1892 peccatis,

2074 1829 2204 1878 νων;
2242 1812 2449 1865 Οὐκοῦν
2491 1811 2578 1865 διά
2607 1811 2809 1865 τούτων
2849 1813 3103 1866 ἁπάντων
3137 1811 3228 1866 τὸν
3263 1813 3639 1884 ἀρχαιότατον»

405 1916 529 1973 qua:
569 1915 764 1974 praeter
810 1906 1144 1962 voluntatem
1199 1909 1634 1979 committuntur,
1669 1914 1796 1968 audi
1838 1930 1974 1969 eun-

408 1996 528 2050 dem
555 1995 822 2053 dicentem
851 2016 866 2053 :
894 2017 912 2049 ε
953 1998 1107 2065 Quod
1139 2001 1185 2054 si
1230 2002 1422 2058 nolens
1456 2005 1572 2074 ipse
1615 2007 1971 2073 peccaverim,

406 2093 460 2139 et
485 2094 766 2155 peccatum
811 2103 989 2143 meum
1033 2090 1443 2157 occultaverim,
1475 2109 1583 2148 non
1613 2095 1756 2148 enim
1785 2095 1971 2150 horrui

405 2178 791 2233 turbulentiam
837 2179 1221 2242 multitudinis,
1270 2198 1339 2237 ne
1372 2184 1713 2241 enuntiarem
1758 2187 1811 2241 in
1838 2203 1972 2242 con-

411 2281 597 2339 spectu
644 2286 831 2325 eorum
865 2292 876 2326 :
921 2275 964 2328 si
1004 2289 1130 2328 vero
1166 2273 1387 2344 permisi
1420 2275 1632 2346 inopem
1669 2278 1817 2332 abire
1849 2281 1971 2332 sinu

407 2375 602 2428 vacuo,
634 2370 688 2416 et
715 2377 933 2416 manum
977 2361 1188 2416 Domini
1231 2365 1276 2418 si
1321 2379 1430 2417 non
1471 2366 1714 2430 extimui,
1747 2381 1974 2437 syngra-

405 2450 568 2519 pham
613 2459 817 2514 autem,
849 2468 1010 2523 quam
1043 2453 1207 2506 habui
1243 2454 1503 2510 adversus
1542 2457 1884 2526 quempiam,
1925 2459 1968 2512 si

405 2553 516 2592 non
547 2541 776 2595 scissam
825 2557 942 2596 eam
986 2543 1218 2605 reddidi,
1272 2544 1404 2598 nihil
1454 2547 1726 2616 accipiens
1759 2560 1788 2598 a
1817 2545 1968 2600 dehi-

407 2640 525 2687 ture
539 2633 607 2690 ⁸⁵,
640 2650 660 2684 ι
692 2631 815 2686 Haec
854 2633 1016 2702 igitur
1045 2644 1205 2702 atque
1238 2634 1546 2704 hujusmodi
1582 2644 1737 2692 erant
1767 2637 1820 2690 in
1866 2637 1967 2700 iis,

408 2726 502 2796 qui
565 2730 692 2779 ante
745 2721 946 2780 Mosem
994 2724 1235 2791 fuerunt,
1285 2727 1418 2782 viris
1473 2729 1679 2782 sanctis
1725 2729 1811 2800 (de
1861 2731 1970 2783 vita

407 2816 553 2871 enim
580 2814 741 2868 unius
775 2814 1105 2884 reliquorum
1136 2815 1262 2869 item
1295 2817 1571 2886 conjicere
1595 2819 1760 2872 vitam
1798 2821 1968 2892 licet),

407 2923 507 2977 pro
537 2906 793 2976 religione
818 2907 1067 2962 videlicet
1115 2908 1314 2964 divinis
1348 2910 1599 2966 laudibus
1645 2913 1968 2969 celebranda

407 2997 730 3059 certamina,
765 3012 862 3068 per
903 3014 1022 3068 qua:
1066 3008 1120 3054 et
1171 3001 1328 3054 amici
1357 3000 1471 3064 Dei,
1512 3009 1565 3056 et
1604 3003 1878 3072 prophetm
1909 3011 1970 3057 ut

407 3087 754 3152 exsisterent,
801 3089 948 3160 digni
979 3091 1150 3146 etl‘ecti
1210 3099 1357 3146 sunt.
1409 3092 1566 3148 Tales
1625 3103 1803 3149 autem
1844 3111 1967 3150 cum

408 3191 610 3243 essent,
640 3181 769 3252 quid
799 3181 905 3236 illis
937 3192 1201 3254 praecepta
1238 3184 1404 3240 Musis
1428 3186 1686 3255 prodesse
1700 3194 1969 3256 poterant,

407 3287 529 3343 qua:
561 3273 873 3344 vulgaribus
919 3284 1080 3347 atque
1129 3277 1490 3332 insolentibus
1531 3277 1666 3332 viris
1699 3277 1972 3348 descripta

407 3374 462 3420 et
493 3365 692 3420 tradita
723 3368 889 3422 sunt?
914 3367 988 3422 Ex
1023 3369 1106 3424 his
1147 3369 1309 3439 igitur
1352 3371 1606 3424 omnibus
1633 3369 1778 3440 quod
1820 3378 1976 3426 vetu-

411 3455 710 3510 stissimum
766 3458 1066 3527 primorum
1117 3457 1337 3512 Patrum
1387 3459 1665 3530 religionis
1731 3475 1969 3524 morem,

409 3550 622 3602 cunctis
648 3549 898 3618 gentibus
927 3550 1127 3607 Christi
1157 3551 1380 3606 verbum
1410 3551 1831 3625 denuntiaverit,
1853 3566 1972 3605 ma-

408 3639 760 3697 nifestissime
792 3650 1033 3712 apparet,
1058 3658 1126 3697 ne
1156 3641 1557 3698 Testamentum
1587 3641 1795 3698 Novum
1827 3645 1975 3699 aliud

410 3748 531 3787 esse.
553 3739 825 3802 putemus,
861 3749 1021 3804 quam
1051 3733 1489 3804 antiquissimam
1523 3734 1668 3788 illam
1703 3733 1970 3790 Mosaico—

409 3840 530 3880 rum
555 3833 858 3896 temporum
892 3826 1139 3898 religioni
1169 3826 1512 3895 conjunctam
1542 3826 1754 3881 civilem
1776 3827 1974 3882 oratio-

409 3932 555 3981 nem,
583 3924 643 3972 ut
669 3927 723 3974 et
753 3926 907 3974 vetus
957 3919 1180 3987 pariter,
1210 3925 1264 3972 et
1297 3917 1439 3972 idem
1471 3930 1670 3971 novum
1700 3918 1973 3987 possimus

409 4011 594 4066 dicere
621 4027 635 4063 :
671 4019 826 4066 vetus
857 4011 1073 4082 quidem
1117 4018 1340 4080 propter
1367 4023 1430 4066 ea
1456 4025 1579 4080 quze
1602 4009 1973 4064 demonstrata

407 4109 538 4156 sunt
566 4117 582 4153 :
609 4117 806 4156 novum
836 4110 1013 4157 autem
1047 4110 1351 4171 propterea,
1385 4100 1531 4171 quod
1555 4101 1714 4171 longo
1739 4108 1864 4170 post
1892 4101 1974 4156 in-

407 4193 638 4247 tervallo
665 4193 822 4263 quasi
865 4191 1179 4246 hominibus
1220 4189 1622 4256 absconditum,
1653 4207 1847 4247 rursus
1875 4207 1973 4262 per

411 4285 708 4340 Salvatoris
729 4286 901 4339 nostri
931 4284 1234 4339 doctrinam
1262 4281 1517 4338 revixerit
1541 4299 1555 4334 :
1579 4292 1693 4337 toto
1724 4299 1852 4338 vero
1871 4283 1974 4336 hoc

409 4377 590 4432 medio
621 4377 689 4432 de
718 4393 830 4447 quo
879 4377 1084 4431 dictum
1118 4383 1203 4432 est
1253 4384 1510 4445 tempore,
1557 4375 1796 4446 quandiu
1838 4375 1969 4430 Novi

409 4467 743 4523 Testamenti
763 4484 900 4532 mos,
926 4477 986 4523 ut
1015 4469 1261 4522 homines
1286 4468 1499 4528 lateret,
1528 4477 1581 4522 et
1610 4469 1768 4538 quasi
1791 4469 1971 4538 quiete

2071 1901 2172 1971 τῆς
2197 1900 2305 1954 τῶν
2338 1902 2697 1973 προπατόρων
2719 1900 3024 1964 θεοσεϐείας
3065 1901 3286 1974 τρόπον,
3322 1904 3350 1954 6
3403 1902 3638 1974 Χριστοῦ

2073 1995 2242 2063 Λόγος
2265 1995 2397 2047 πᾶσι
2433 1994 2792 2063 καταγγείλας
2822 1996 2933 2058 τοῖς
2969 1993 3144 2048 ἔθνεσι
3182 1995 3472 2066 προφανῶς
3502 1997 3640 2049 ἀπο-

2072 2083 2353 2148 δέδεικται,
2367 2084 2442 2147 ώς
2451 2081 2586 2136 εἶναι
2601 2084 2700 2155 τὴν
2714 2085 2916 2155 Καινὴν
2928 2083 3195 2157 Διαθήκην
3205 2085 3459 2154 οὐδ’ᾤω)
3477 2084 3642 2156 ἄλλην

2075 2177 2286 2246 ἐκείνης
2304 2177 2402 2246 τῆς
2431 2176 2790 2248 ἀρχαιοτάτης
2820 2176 2926 2229 τῶν
2956 2177 3196 2240 Μωσέως
3229 2177 3432 2248 χρόνων
3486 2178 3641 2230 εὐσε-

2073 2267 2201 2330 ϐοῦς
2242 2267 2535 2331 πολιτείας,
2571 2269 2711 2321 ὥστε
2751 2269 2885 2339 ὁμοῦ
2921 2270 3014 2320 καὶ
3043 2269 3276 2322 παλαιὰν
3297 2269 3465 2339 αὐτὴν
3498 2266 3636 2322 εἶναι

2073 2359 2166 2411 καὶ
2215 2359 2356 2410 νέαν·
2404 2358 2766 2428 παλαιοτάτην
2809 2361 2904 2429 μὲν
2942 2359 3030 2411 διὰ
3077 2359 3144 2410 τὰ
3191 2359 3634 2428 ἀποδεδειγμένα,

2072 2449 2196 2500 νέαν
2230 2449 2286 2501 δὲ
2332 2445 2485 2512 αὖθις
2521 2449 2607 2502 διὰ
2651 2451 2731 2514 τὸ,
2772 2453 3000 2520 μακροῖς
3045 2454 3157 2514 τοῖς
3201 2451 3400 2520 μεταξὺ
3425 2452 3634 2522 χρόνοις

2071 2541 2257 2613 ῶσπερ
2284 2543 2683 2614 ἀποκρυϐεῖσαν
2710 2543 2770 2607 ἐξ
2801 2543 3118 2614 ἀνθρώπων,
3153 2541 3305 2608 αὖθις
3333 2544 3634 2598 ἀναϐεϐιω-

2071 2634 2222 2686 κέναι
2253 2633 2340 2686 διά
2364 2635 2464 2704 τῆς
2494 2635 2587 2688 τοῦ
2610 2635 2857 2706 Σωτῆρος
2876 2635 3028 2705 ἡμῶν
3047 2635 3408 2698 διδασκαλίας.
3433 2635 3644 2688 Τοῦτόν

2070 2727 2133 2794 γέ
2159 2744 2240 2779 τοι
2271 2727 2362 2779 τὸν
2398 2726 2596 2796 μεταξὺ
2623 2726 2944 2798 δηλούμενον
2985 2727 3172 2798 χρόνον
3209 2726 3313 2788 ἓως
3360 2725 3636 2780 συνέϐαινε

2069 2818 2346 2871 λανθάνειν
2363 2818 2698 2890 ἀνθρώπους,
2721 2818 2812 2871 καὶ
2829 2818 3014 2889 ὥσπερ
3043 2817 3347 2888 ἐφησυχάζε
3357 2836 3401 2869 ιν
3424 2818 3514 2870 τὸν
3538 2818 3636 2889 τῆς

2070 2908 2276 2979 Καινῆς
2316 2908 2586 2979 Διαθήκης
2615 2910 2833 2980 τρόπον,
2879 2911 2907 2961 ὁ
2937 2909 3174 2972 Μωσέως
3202 2911 3259 2962 ἐν
3308 2909 3384 2980 τῷ
3435 2910 3634 2981 μεταξὺ

2071 2998 2440 3069 παρεισελθὼν
2468 3001 2650 3071 νόμος,
2680 2997 2768 3054 οἶά
2787 3018 2869 3063 τις
2891 3001 3098 3073 νηπίων
3119 3003 3212 3054 καὶ
3232 3001 3436 3054 ἀτελῶν
3449 3001 3636 3071 ψυχῶν

2073 3091 2360 3162 ἐπίτροπος
2381 3093 2474 3145 καὶ
2491 3093 2789 3163 οἰκονόμος,
2815 3092 2847 3163 ἢ
2870 3093 2962 3145 καὶ
2982 3092 3182 3164 ἰατρὸς,
3199 3093 3344 3164 δεινῇ
3369 3093 3635 3162 καὶΑίγυ-

2076 3185 2278 3254 πτιακῇ
2301 3183 2440 3253 νόσῳ
2461 3185 2856 3255 τετρυχωμένῳ
2883 3184 2958 3255 τῷ
2987 3186 3146 3237 παντὶ
3179 3184 3447 3238 Ἰουδαίων
3475 3185 3638 3249 ἔθνει,

2075 3275 2259 3338 αὐτοῖς
2290 3275 2352 3346 δὴ
2384 3279 2496 3340 τοῖς
2530 3275 2624 3329 τοῦ
2684 3277 2930 3348 Ἀϐραὰμ
2967 3277 3254 3344 ἀπογόνοις
3289 3277 3362 3348 μὴ
3401 3277 3532 3340 οἵοις
3578 3294 3642 3330 τε

2073 3361 2220 3421 οὖσιν
2249 3367 2447 3438 ὁμοίως
2476 3370 2588 3430 τοῖς
2629 3368 2966 3439 προπάτορσι
3010 3368 3326 3439 κατορθοῦν,
3372 3369 3463 3421 τὸν
3505 3369 3637 3422 ὑποο

2073 3462 2342 3533 ϐεϐηκότα
2366 3462 2460 3514 καὶ
2493 3461 2653 3532 ἀτελῆ
2690 3460 2802 3530 βίον
2845 3461 3150 3531 παρεδίδου.
3204 3461 3420 3532 Ἐπειδὴ
3446 3459 3551 3531 γὰρ
3577 3463 3636 3514 ἐν

2071 3558 2137 3626 τῇ
2169 3555 2298 3626 παρ’
2327 3554 2640 3622 Αἰγυπτίοις
2665 3553 2910 3624 διατριϐῇ
2929 3548 3073 3608 οὗτοι
3108 3553 3245 3624 μετά
3272 3553 3368 3624 τὴν
3385 3553 3496 3608 τῶν
3517 3553 3636 3606 θεο-

2075 3645 2242 3716 φιλῶν
2307 3645 2662 3720 προπατόρων
2722 3644 2997 3715 τελευτὴν,
3041 3647 3163 3708 ταῖς
3241 3646 3635 3714 Αἰγυπιακαίς

2071 3736 2471 3808 όμοιοτροπίαις
2491 3735 2844 3805 ἀπαχθέντες,
2863 3737 3062 3808 ἐπὶτὴν
3085 3736 3362 3800 πολύθεον,
3381 3737 3455 3800 ώς
3479 3737 3636 3808 ἔφην,

2071 3829 2488 3898 δεισιδαιμονίαν
2521 3829 3007 3893 ἁποπεπτώκεσαν,
3036 3831 3110 3894 ὠς
3142 3829 3306 3901 μηδὲν
3340 3831 3448 3882 τῶν
3474 3834 3638 3900 Αἰγυ-

2074 3921 2242 3976 πτίων
2271 3922 2429 3975 πλέον
2459 3921 2603 3992 ἐχειν
2646 3922 2840 3984 δοκεῖν,
2885 3923 3162 3991 γεγονέναι
3201 3923 3256 3977 δέ
3296 3924 3434 3978 κατά
3462 3924 3638 3978 πάντα

2072 4013 2290 4084 ὁμοίους
2315 4013 2516 4081 αὑτοξ,
2549 4014 2690 4069 κατά
2714 4032 2774 4068 τε
2807 4015 2904 4086 τὴν
2933 4015 3040 4068 τῶν
3071 4015 3300 4070 εἰδώλων
3322 4017 3552 4086 πλάνην,
3580 4015 3636 4069 ἐν

2072 4123 2130 4157 τε
2155 4108 2267 4169 τοῖς
2295 4105 2474 4170 ἄλλοις
2507 4107 2899 4178 ἐγχειρήμασιν
2917 4124 2930 4137 ⁸
2961 4107 3203 4174 εἰκότως,
3231 4107 3417 4178 ῶσπερ
3446 4110 3510 4160 ἐκ
3541 4107 3636 4177 βυο

2077 4195 2170 4249 θοῦ
2207 4196 2389 4249 κακῶν
2421 4195 2764 4268 ἁνιμώμενος
2792 4197 2985 4261 αὐτοὺς
3009 4199 3036 4250 6
3057 4197 3280 4268 Μωσῆς,
3311 4197 3512 4269 ἀφίστη
3540 4197 3637 4267 μὲν

2074 4287 2174 4358 τῆς
2206 4285 2364 4340 ἀθέου
2408 4286 2713 4351 πολυθεῖας,
2751 4287 2921 4357 ἀνῆγε
2952 4289 3008 4342 δὲ
3053 4289 3144 4342 ἐπὶ
3176 4289 3267 4342 τὸν
3300 4288 3514 4340 πάντων
3545 4288 3639 4359 δη-

2079 4376 2335 4450 μιουργὸν
2384 4378 2536 4443 Θεὸν,
2583 4379 2796 4452 πρῶτον
2833 4381 3040 4433 ἐκεῖνον
3084 4380 3287 4451 βαθμὸν
3337 4379 3635 4445 εὐσεϐείας,

2075 4469 2151 4533 ὡς
2191 4470 2249 4521 ἐν
2291 4471 2620 4538 εἰσαγωγαῖς
2663 4472 2756 4526 καλ⁸
2790 4469 3111 4542 προθύροις,
3156 4469 3264 4524 τῶν
3296 4470 3638 4542 τελεωτέρων

411 4575 474 4615 ac
531 4561 748 4616 silentio
797 4568 1094 4625 teneretur,
1135 4563 1358 4618 evenit:
1404 4560 1568 4616 Mosis
1632 4561 1836 4617 interea
1880 4562 1966 4616 lex

2075 4559 2530 4632 προϐεϐλημένος.
2569 4563 2798 4615 Ἔπειτα
2839 4563 2898 4615 οὐ
2954 4563 3218 4632 φονεύειν,
3249 4564 3309 4616 οῦ
3346 4563 3637 4634 μοιχεύειν,

409 4653 655 4723 ingressa
698 4655 853 4725 qnasi
898 4654 1185 4725 puerilium
1241 4653 1788 4722 imperfectorumque
1852 4653 1970 4709 ani-

410 4759 624 4799 marum
681 4746 921 4801 curatrix
971 4745 1255 4816 qumdam,
1307 4753 1362 4801 et
1424 4746 1816 4815 gubernatrix,
1876 4753 1971 4800 aut

411 4838 575 4892 etiam
609 4837 803 4892 medici
845 4836 1132 4906 cujusdam
1169 4837 1366 4901 instar,
1410 4838 1559 4907 gravi
1615 4836 1972 4908 Egyptiaco-

407 4946 516 4999 que
544 4929 657 5000 l7
701 4929 892 4984 morbo
917 4929 1180 4983 laboranti
1211 4928 1477 4984 universa:
1517 4927 1828 4984 Judaeorum
1870 4945 1971 4984 na-

407 5024 568 5087 tioni,
619 5022 751 5093 ipsis
795 5023 1043 5078 videlicet
1081 5021 1310 5076 Abrahae
1351 5022 1668 5092 nepotibus,
1716 5032 1770 5078 et
1813 5025 1882 5078 ab
1907 5039 1971 5078 eo

409 5131 581 5184 genus
628 5115 987 5177 trahentibus,
1033 5115 1123 5184 qui
1177 5127 1282 5167 non
1325 5115 1778 5183 quemadmodum
1810 5115 1971 5183 primi

411 5214 613 5272 patres,
641 5206 715 5258 ita
755 5205 857 5276 ipsi
895 5222 1072 5271 suam,
1100 5217 1220 5273 qua:
1253 5203 1547 5259 subsecuta
1575 5211 1679 5270 est,
1711 5205 1970 5274 imperte-

409 5299 637 5352 ctiorem
665 5298 832 5352 vitam
866 5299 1100 5368 dirigere
1137 5307 1407 5371 poterant,
1455 5293 1655 5353 tradita
1700 5303 1802 5351 est.
1836 5295 1970 5350 Nam

410 5390 537 5456 quia
572 5405 698 5444 cum
732 5390 1001 5462 Egyptiis
1045 5402 1323 5448 versantes
1367 5398 1490 5463 post
1530 5397 1842 5442 sanctorum
1873 5387 1975 5440 Pa-

409 5485 554 5534 trum
591 5490 842 5548 mortem,
875 5482 1318 5555 Egyptiaeorum
1363 5496 1574 5538 morum
1625 5479 1975 5535 similitudine

2073 4653 2134 4705 ού
2180 4653 2460 4720 κλέπτειν,
2510 4655 2610 4708 οῦκ
2659 4657 2956 4727 ἐπιορκεῖν,
3010 4656 3110 4708 οὐκ
3146 4652 3381 4727 ἄρρενας
3418 4656 3643 4728 ἄρρεσιν

2077 4745 2478 4816 ἐπιμαίνεσθαι,
2507 4747 2566 4798 ού
2608 4747 2896 4818 μητράσιν,
2925 4746 3024 4799 οῦκ
3063 4746 3348 4814 ἀδελφαῖς,
3381 4747 3441 4799 οὐ
3473 4746 3641 4815 θυγα-

2078 4837 2267 4909 τράσιν
2321 4837 2727 4909 ἐπιμίγνυσθαι,
2787 4839 2894 4892 οὐδ’
2935 4840 3036 4890 ὅσα
3079 4838 3306 4893 τοιαῦτα
3352 4842 3463 4902 τοῖς
3519 4838 3642 4892 τότε

2075 4929 2336 5001 πράττειν
2388 4930 2534 5000 ἐξῆν,
2575 4930 2799 4998 ἀφόϐως
2848 4927 3159 4998 συνεχώρει.
3199 4929 3533 5001 Παραλαϐὼν
3583 4929 3645 4984 δὲ

2074 5013 2135 5085 ἐξ
2163 5021 2435 5092 ἀνημέρου
2467 5022 2560 5075 καὶ
2591 5020 2885 5092 θηριώδους
2909 5021 3022 5092 βίου
3039 5020 3403 5093 λογικωτέραν
3427 5021 3520 5074 καὶ
3552 5020 3632 5073 εῦ-

2073 5131 2236 5185 νομον
2270 5116 2328 5166 ἐν
2366 5116 2475 5176 τοῖς
2523 5112 2640 5165 τότε
2683 5113 2894 5183 χρόνοις
2938 5112 3232 5176 πολιτείαν,
3278 5112 3490 5184 πρῶτος
3548 5113 3640 5164 ἐπὶ

2073 5208 2176 5276 γῆς
2211 5206 2298 5259 διὰ
2323 5204 2542 5277 γραφῆς
2577 5205 2938 5274 συνεστήσατο
2959 5243 2973 5268 ,
3006 5201 3166 5274 οὕπω⁴
3192 5205 3311 5258 τότε
3344 5205 3505 5258 πᾶσιν
3545 5203 3638 5256 ἀν-

2078 5296 2314 5368 θρώποις
2363 5295 2626 5363 ἐκφανοῦς
2674 5295 2826 5358 ὄντος
2883 5293 3004 5360 οὐδέ
3041 5295 3135 5349 τοῦ
3178 5295 3376 5348 τοιουδὶ
3415 5293 3639 5363 τρόπου.

2079 5384 2208 5440 Εἶτα
2239 5387 2295 5439 δέ
2319 5386 2464 5440 ὡσάν
2493 5385 2734 5439 ἀτελέσιν
2776 5385 3022 5440 ἀπειπὼν
3053 5386 3149 5456 τὴν
3182 5384 3640 5456 εἰδωλολατρείαν,

2081 5478 2290 5541 θυσίαις
2337 5477 2426 5530 καί
2469 5494 2574 5530 τισι
2631 5477 3101 5548 σωματικωτέροις
3143 5478 3231 5530 τὸν
3271 5476 3367 5529 ἕνα
3413 5473 3506 5528 καὶ
3546 5474 3640 5527 ἐπὶ

482 5573 527 5605 ⁷⁸
571 5571 675 5628 Job
717 5588 870 5631 χχχι.
899 5576 1084 5630 24-25.
1162 5578 1208 5611 ⁸⁸
1241 5578 1372 5632 ibid.
1413 5573 1503 5630 9.6.
1577 5572 1620 5604 ⁸⁸
1656 5570 1844 5628 Matth.
1900 5591 1952 5640 v,

2074 5600 2078 5622 ι
2111 5573 2195 5628 «Η.
2272 5572 2314 5604 δ’
2345 5569 2444 5625 Job
2539 5587 2684 5631 ςκπι,
2711 5570 2896 5636 99,30.
2972 5571 3018 5602 ⁸³
3050 5569 3180 5624 Ibid.
3216 5569 3302 5624 5‘2.
3377 5567 3422 5599 ⁸³
3447 5568 3635 5623 Matth.

414 5657 540 5704 lxv,
562 5642 651 5696 55.
723 5643 773 5673 ⁸⁸
799 5643 900 5699 Joh
932 5663 1078 5712 χχχι,
1111 5648 1304 5702 55-55.

487 5733 630 5804 (5⁸⁸⁸)
667 5731 823 5786 Οὐδ’.
851 5733 1009 5790 Forte
1042 5736 1324 5805 legendum
1354 5739 1468 5793 οὐκ.
1511 5737 1665 5796 Ευιτ.
