4068 6206
365 292 444 349 57
1272 279 1929 339 DEMONSTRATIONIS
1963 275 2419 333 EVANGELleE
2460 274 2587 331 LIB.
2630 274 2668 328 1.
3517 267 3585 325 58

366 408 580 462 πάντων
634 400 768 456 Θεὸν
829 396 1147 470 θεραπεύειν
1216 396 1573 467 παρεκέλευε,
1629 396 1717 449 διά
1769 412 1921 450 τινων

2032 392 2209 445 allecti
2232 398 2405 455 erant,
2439 395 2492 443 et
2527 389 2577 440 in
2612 387 2905 442 multorum
2952 384 3197 451 deorum,
3233 392 3291 436 ut
3330 383 3462 448 dixi,
3491 399 3588 438 su-

362 493 818 569 ἀπορῤητοτέρων
850 491 956 561 ἰδίᾳ
991 489 1267 560 συμϐόλων
1304 490 1402 559 τὴν
1445 490 1563 542 κατ’
1601 487 1761 542 αὑτὸν
1794 487 1928 559 θρη-

365 589 554 643 σκείαν
582 584 850 639 ἐπιτελεῖν
877 582 1260 653 νομοθετήσας,
1289 582 1355 651 ἣν
1392 581 1485 633 καὶ
1517 579 1829 650 θαυμασίως
1853 576 1929 648 τῷ

361 680 501 748 θείῳ
521 677 811 746 Πνεὺματι
868 672 1084 727 συνιδὼν
1119 674 1217 727 οὐκ
1254 674 1333 736 εἰς
1375 674 1596 742 ἄπειρον
1629 672 1737 724 δεῖν
1776 686 1930 737 περι-

362 772 549 836 έπειν,
585 770 676 838 ὑφ’
713 768 806 821 ἕνα
832 767 985 819 τόπον
1004 765 1388 837 περιέγραψεν,
1432 766 1616 836 ὁρίσας
1653 762 1725 834 μὴ
1765 761 1927 815 ἀλλα-

366 866 502 935 χόσε
535 860 799 916 συντελεῖν
833 857 898 911 τὰ
938 859 1056 910 κατ’
1085 859 1244 911 αὑτὸν
1272 858 1477 928 νόμιμα
1511 856 1544 927 ἢ
1577 858 1635 907 ὲν
1672 856 1813 925 μόνῳ
1848 854 1928 906 ἑνὶ

370 955 553 1025 τόπῳο
580 946 723 1013 οὗτος
755 950 796 1002 δ’
822 945 889 1020 ἦν
923 950 951 1001 ὁ
977 951 1033 1003 ὲν
1072 947 1489 1020 Ἱεροσολύμοις·
1520 947 1623 1013 ἔξω
1657 947 1711 999 δὲ
1740 945 1926 999 τούτου

302 1028 309 1045 ’
381 1045 609 1118 μηκέτιο
636 1042 749 1095 ὅθεν
795 1042 874 1098 εἰς
896 1039 977 1092 ἔτι.
1010 1040 1103 1093 καὶ
1146 1040 1303 1110 δεῦρο
1329 1040 1513 1092 παισὶν
1558 1037 1819 1109 Ἐϐραίων
1865 1038 1924 1090 ού

383 1134 594 1207 θεμιτὸν
628 1132 812 1187 ἄλλοσε
870 1132 1024 1195 ἐκτὸς
1053 1132 1152 1201 τῆς
1191 1131 1576 1204 καθῃρημένης
1610 1130 1784 1183 αὐτῶν
1820 1149 1925 1201 μη-

326 1220 329 1223 λ
381 1227 671 1299 τροπόλεως
699 1222 823 1275 οὔτε
868 1222 1013 1276 θύειν
1052 1222 1192 1276 κατά
1226 1222 1317 1276 τὸν
1362 1223 1545 1291 νόμον,
1595 1220 1716 1274 οὔτε
1763 1220 1923 1291 ἱερὸν,

306 1304 329 1382 ,ἦ
375 1320 497 1373 οὔτε
528 1316 900 1387 θυσιαστήριον
933 1316 1182 1386 ἐγείρειν,
1212 1312 1333 1366 οὔτε
1367 1314 1539 1385 χρίειν
1576 1312 1771 1383 ἱερέας,
1802 1311 1925 1365 οὕτε

374 1410 637 1480 βασιλέας,
682 1406 805 1461 οὔτε
850 1407 948 1471 τὰς
999 1408 1136 1461 κατά
1190 1407 1387 1460 Μωσέα
1438 1405 1767 1477 πανηγύρεις
1830 1408 1926 1460 καὶ

368 1503 552 1574 ἑορτὰς
583 1501 842 1564 ὲκτελεῖν,
873 1500 934 1552 οὐ
981 1498 1217 1573 μιασμού
1247 1498 1621 1568 καθαίρεσθαι,
1654 1498 1714 1549 οὐ
1744 1497 1925 1568 πλημ-

371 1598 582 1666 μελείας
608 1593 954 1656 ἀπολύεσθαι,
979 1594 1038 1646 ού
1058 1594 1204 1665 δῶρα
1227 1592 1303 1663 τῷ
1316 1592 1431 1663 Θεῷ
1458 1593 1799 1663 προσφέρειν,
1829 1592 1924 1661 οὐχ

369 1687 633 1740 ἱλεοῦσθαι
678 1686 817 1739 κατά
859 1685 929 1737 τὰ
967 1684 1446 1755 νενομοθετημένα.
1500 1683 1698 1754 Διόπερ
1730 1684 1826 1737 καὶ
1858 1686 1922 1754 τῇ

363 1778 603 1842 Μωσέως
630 1778 852 1841 εἰκότως
886 1777 1277 1846 ὑποϐέϐληνται
1314 1775 1546 1845 κατάρᾳ,
1573 1776 1629 1827 ὲν
1658 1775 1810 1845 μέρει
1829 1775 1924 1843 μὲν
1956 1797 1997 1850 Β

363 1868 650 1940 φυλάττειν
678 1868 798 1921 τινὰ
830 1869 1176 1938 πειρώμενοι,
1205 1869 1261 1919 ὲν
1290 1867 1345 1919 δὲ
1371 1869 1482 1929 τοῖς
1513 1867 1652 1928 ὅλοις
1687 1882 1925 1935 παρανο-

364 1961 614 2032 μοῦντες,
656 1960 943 2031 διαρρήδην
980 1961 1219 2021 Μωσέως
1261 1957 1695 2027 ἀποφηναμένου·
1728 1975 1747 2007 ι
1806 1957 1923 2007 ’Ότι

360 2052 430 2122 δὴ
470 2052 861 2121 ὲπικατάρατος
897 2052 1024 2114 πᾶς,
1057 2050 1113 2111 ὃς
1144 2050 1243 2101 οὐκ
1290 2051 1514 2118 ὲμμενεῖ
1543 2049 1599 2101 ὲν
1634 2049 1765 2099 πᾶσι
1814 2048 1925 2109 τοῖς

367 2142 832 2211 ἐγγεγραμμένοις
861 2141 940 2211 τῷ
960 2141 1129 2210 νόμῳ,
1160 2140 1250 2193 τοῦ
1285 2140 1504 2208 ποιῆσαι
1535 2140 1689 2192 αὐτὰ.
1735 2157 1752 2190 ι
1786 2138 1925 2190 Τού-

361 2247 475 2292 τοις
510 2230 567 2282 δὲ
600 2232 728 2283 πᾶσι
779 2229 1286 2301 περιπεπτὼκασιν,
1319 2229 1481 2283 αὑτοῦ
1507 2228 1748 2291 Μωσέως
1796 2227 1924 2298 θείῳ

363 2317 636 2388 Πνεύματι
664 2318 1067 2389 προειληφότος,
1091 2319 1170 2370 ὅτι
1196 2318 1279 2387 δὴ,
1307 2318 1405 2387 τῆς
1430 2317 1516 2369 διὰ
1544 2318 1779 2388 Χριστοῦ
1798 2319 1925 2370 Και-

364 2411 458 2479 νῆς
498 2408 768 2479 Διαθήκης
800 2408 1227 2478 ἀνανεωοείσης,
1263 2410 1355 2460 καὶ
1390 2411 1501 2471 τοῖς
1541 2411 1703 2461 πᾶσιν
1748 2410 1922 2462 ἔθνεσι

364 2498 840 2567 καταγγελθείσης,
876 2499 1099 2569 περιττή
1136 2514 1216 2560 τις
1249 2497 1399 2550 ἔσται
1428 2499 1460 2569 ἡ
1497 2498 1621 2550 κατ’
1650 2498 1810 2552 αὐτὸν
1840 2517 1924 2551 νο-

367 2590 587 2661 μοθεσία
610 2608 623 2620 ’
652 2591 719 2661 ἣν
747 2591 967 2652 εἰκότως
994 2592 1081 2658 ὑφ’
1114 2589 1208 2643 ἕνα
1235 2579 1397 2641 τόπον
1431 2572 1753 2661 περιώρισεν
1774 2631 1788 2653 ,
1815 2593 1920 2653 ἵνα,

364 2681 545 2734 εἴποτε
584 2681 772 2734 τούτου
801 2681 1128 2752 στερηθεῖεν,
1164 2681 1254 2733 καὶ
1293 2681 1695 2734 ἀποκλεισθεῖεν
1723 2682 1821 2753 τῆς
1847 2683 1923 2734 οἰ-

364 2776 517 2839 κείας
542 2776 867 2847 ἐλευθερίας,
902 2774 1091 2845 μηκέτ’
1119 2775 1298 2837 αὐτοῖς
1329 2774 1446 2838 ἐξὸν
1476 2775 1561 2844 εἴη
1591 2776 1680 2827 ἐπὶ
1706 2775 1805 2844 τῆς
1839 2775 1924 2828 ἁλ-

362 2866 593 2938 λοδαπῆς
619 2867 687 2919 τὰ
716 2869 834 2920 κατ’
866 2866 1024 2920 αὑτὸν
1049 2866 1253 2936 νόμιμα
1288 2866 1582 2929 συντελεῖν,
1611 2867 1684 2929 ὡς
1729 2868 1823 2919 καὶ
1864 2866 1923 2931 ἐξ

362 2959 602 3030 ἀνάγκης
621 2958 717 3030 τὴν
743 2955 996 3028 δευτέραν
1021 2957 1289 3028 Διαθήκην
1316 2956 1412 3027 τὴν
1437 2957 1524 3010 διὰ
1556 2957 1789 3029 Χριστοῦ
1823 2976 1920 3011 κα-

361 3050 558 3122 τηγγε)
570 3052 738 3122 μένην
760 3050 1004 3120 γενέσθαι
1022 3050 1397 3120 παραδεκτέον.
1415 3051 1554 3103 Αὐτὸ
1575 3051 1637 3122 δὴ
1655 3048 1746 3106 οὖν
1767 3051 1923 3105 τοῦτο

2030 483 2399 551 perstitionem
2431 478 2764 541 deciderant,
2796 477 2929 530 adeo
2975 476 3215 544 quidem,
3240 483 3297 528 ιιι
3321 474 3587 545 :Egyptiis

2029 574 2263 643 amplius
2294 571 2428 626 nihil
2477 570 2695 634 habere,
2723 576 2777 623 et
2813 569 2919 622 illis
2963 569 3017 620 in
3064 567 3315 621 omnibus
3358 567 3584 631 similes,

2028 675 2141 719 tum
2190 665 2245 718 in
2281 678 2464 719 errore
2496 662 2936 723 simulacrorum,
2980 666 3092 712 tum
3125 659 3178 712 in
3223 659 3344 713 aliis
3372 673 3587 727 quoque

2028 756 2363 812 facinoribus
2401 755 2640 810 evasisse
2681 753 3042 807 viderentur:
3073 750 3266 803 merito
3315 749 3466 818 quasi
3521 764 3589 804 ex

2028 846 2296 917 profundo
2319 845 2583 897 malorum
2622 842 2769 911 ipsos
2818 840 3075 894 hauriens
3102 838 3300 902 Moses,
3324 839 3391 892 ab
3428 838 3591 906 impia

2027 938 2252 994 deorum
2276 935 2618 990 multitudine
2641 933 2861 995 amovit,
2894 939 2945 985 et
2977 930 3043 983 ad
3073 930 3320 998 opiﬁcem
3354 927 3590 982 universi

2025 1030 2195 1085 Deum
2231 1028 2470 1095 reduxit,
2508 1026 2895 1096 perfectiorum
2943 1024 3157 1075 illorum
3204 1020 3393 1083 vitam,
3432 1018 3591 1089 quasi

2026 1123 2083 1177 in
2116 1121 2450 1193 ingressibus
2497 1130 2549 1174 et
2600 1116 2904 1179 vestibulis,
2945 1129 3044 1183 pro
3067 1112 3242 1181 primo
3272 1109 3440 1181 gradu
3475 1110 3590 1180 pie-

2024 1215 2154 1269 tatis
2185 1213 2467 1283 objiciens.
2498 1208 2702 1264 Deinde
2730 1224 2837 1263 non
2872 1206 3139 1268 occidere,
3165 1218 3271 1257 non
3304 1201 3588 1266 mceehari,

2025 1321 2135 1361 non
2180 1303 2374 1367 furari,
2422 1318 2531 1356 non
2571 1302 2833 1371 peierare,
2874 1312 2984 1353 non
3024 1310 3204 1350 mares
3250 1294 3305 1347 in
3348 1292 3592 1347 maribus

2027 1398 2286 1460 insanire,
2307 1411 2414 1451 non
2449 1394 2735 1454 matribus,
2768 1405 2875 1444 non
2906 1386 3206 1451 sororibus,
3240 1400 3345 1439 non
3378 1383 3591 1437 ﬁliabus

2024 1489 2245 1544 misceri
2279 1506 2293 1543 :
2326 1503 2426 1542 nec
2476 1486 2582 1539 alia
2626 1482 2940 1554 hujusmodi
2986 1493 3324 1550 quaecunque
3369 1477 3591 1545 impune

2025 1581 2093 1635 ab
2127 1580 2340 1634 illorum
2370 1586 2671 1648 temporum
2693 1573 3000 1629 hominibus
3026 1568 3290 1624 committi
3318 1572 3589 1636 poterant,

2024 1674 2305 1743 permisit:
2350 1678 2626 1741 acceptam
2674 1682 2801 1723 vero
2850 1682 2915 1721 ex
2957 1662 3154 1717 immiti
3196 1669 3250 1715 et
3296 1659 3408 1714 fera
3461 1657 3589 1721 vita,

2026 1766 2226 1819 rationi
2260 1766 2433 1835 magis
2460 1763 2829 1832 conjunctam,
2868 1756 3137 1825 bonisque
3162 1752 3482 1807 innitentem
3512 1750 3592 1803 le-

2025 1858 2203 1927 gibus,
2240 1873 2336 1927 per
2364 1857 2456 1910 illa
2502 1863 2743 1924 tempora
2786 1850 2998 1904 civilem
3039 1844 3437 1901 institutionem
3477 1840 3593 1911 pri-

2024 1961 2145 2000 mus
2182 1947 2236 2000 in
2263 1948 2425 2002 terris
2468 1946 2671 2014 scripto
2703 1938 3120 2003 commendavit,
3157 1935 3248 2005 qui
3297 1948 3426 1988 sane
3471 1945 3590 1985 mos

2025 2037 2598 2091 omnibushominibus
2619 2033 2856 2088 nondum
2883 2032 3018 2085 satis
3044 2035 3204 2082 notus
3220 2034 3357 2080 erat.
3384 2022 3591 2079 Deinde

2027 2126 2183 2196 quasi
2225 2125 2556 2195 imperfectis
2598 2123 2727 2185 illis,
2760 2120 3179 2173 simulacrorum
3222 2114 3371 2167 cultu
3418 2111 3592 2165 inter-

2027 2220 2195 2282 dicto,
2232 2232 2326 2287 per
2355 2216 2601 2287 quredam
2643 2225 2842 2266 arcana
2878 2223 3123 2263 seorsum
3171 2206 3349 2274 signa,
3377 2211 3470 2255 aut
3502 2216 3593 2253 re-

2024 2310 2279 2381 ligionem
2318 2322 2480 2378 quam
2512 2305 2627 2374 ipse
2658 2300 2916 2372 probabat
2944 2298 3451 2366 complecterentur,
3470 2291 3589 2344 edi-

2025 2420 2176 2467 cens,
2211 2400 2496 2459 sacriﬁciis
2537 2409 2589 2453 et
2626 2395 2952 2466 quibusdam
3002 2387 3379 2457 corporalibus
3419 2398 3589 2437 caere-

2022 2496 2244 2562 moniis,
2278 2509 2447 2547 unum
2478 2504 2642 2559 supra
2666 2487 2846 2541 omnia
2878 2484 3044 2538 Deum
3074 2488 3133 2533 ut
3162 2479 3423 2535 colerent,
3448 2490 3585 2544 prm-

2024 2588 2199 2657 ecpit;
2229 2599 2389 2655 quam
2424 2597 2555 2637 sane
2590 2578 2905 2648 religionem
2940 2587 3063 2627 cum
3096 2567 3487 2622 admirabiliter
3517 2566 3595 2620 di-

2021 2682 2149 2736 vino
2198 2677 2439 2732 monitus
2482 2672 2710 2743 spiritu,
2755 2681 2864 2720 non
2908 2666 2962 2719 in
3014 2668 3334 2733 perpetuum
3380 2655 3590 2712 servari

2023 2777 2273 2840 oportere
2321 2764 2687 2832 intelligeret:
2726 2746 2894 2811 unum
2932 2754 3196 2808 duntaxat
3239 2747 3590 2803 circumscri-

2022 2862 2129 2931 psit
2151 2860 2351 2924 locum,
2397 2855 2581 2909 addito
2613 2856 2901 2922 praecepto,
2934 2861 3001 2899 ne
3028 2858 3256 2912 usquam
3299 2840 3427 2895 alibi
3469 2854 3587 2904 eos,

2022 2954 2115 3023 qui
2147 2952 2215 3006 ab
2252 2951 2372 3020 ipso
2412 2947 2768 3001 tradebantur
2797 2942 2960 3003 ritus,
3005 2952 3166 3006 quam
3203 2945 3348 2989 certo
3394 2932 3487 2987 illo
3532 2931 3589 2984 in

2022 3045 2142 3099 loco
2171 3042 2494 3114 perﬁcerent
2529 3054 2542 3090 :
2576 3038 2666 3091 hic
2696 3043 2872 3089 autem
2903 3038 3019 3086 erat
3054 3026 3466 3097 Hierosolymis,
3495 3039 3589 3078 ex-

359 3115 599 3207 ιιᾶέέωξ
628 3115 1114 3214 προηγορευκότος,
1144 3143 1275 3214 ὁμοῦ
1334 3160 1390 3196 τε
1421 3145 1449 3196 ὀ
1471 3115 1701 3214 Χριστὸς
1730 3144 1921 3216 ἐπεδή-

2025 3144 2111 3188 tra
2153 3136 2301 3188 hunc
2332 3147 2462 3188 vero
2499 3129 2813 3198 neutiquam
2846 3145 2859 3180 :
2888 3141 2953 3180 ex
2995 3138 3102 3192 quo
3138 3121 3314 3174 adhuc
3347 3115 3588 3170 Hebraeis

367 3254 456 3307 μει
492 3236 569 3306 τῷ
747 3237 835 3288 καὶ
863 3236 960 3304 τῆς
1003 3236 1209 3306 Καινῆς
1235 3235 1506 3306 Διαθήκης
1562 3234 1922 3307 προεϐάλλετο

361 3332 473 3392 τοῖς
527 3327 701 3380 ἔθνεσι
752 3328 1098 3390 διδασκαλία,
1152 3328 1492 3400 παραχρῆμά
1535 3344 1594 3379 τε
1662 3324 1920 3398 Ῥωμαῖοι

358 3419 459 3491 τὴν
480 3419 629 3473 πόλιν
650 3420 857 3482 ἑλόντες
881 3418 1163 3491 πολιορκίᾳ
1181 3419 1427 3473 καθεῖλον
1449 3420 1515 3473 τὰ
1549 3419 1812 3490 ἰεροσόλυ
1821 3437 1917 3490 μα,

356 3515 451 3569 καὶ
479 3513 569 3566 τὸν
597 3512 783 3565 αὐτόθι
816 3510 950 3565 νεών
969 3529 983 3541 ’
1016 3512 1204 3565 λέλυτὸ
1232 3530 1291 3565 τε
1336 3513 1531 3566 αὐτίκα
1556 3514 1704 3565 πᾶσα
1730 3514 1763 3577 ἡ
1794 3514 1921 3565 Μω-

359 3605 496 3668 σέως
518 3604 775 3669 διάταξις,
811 3606 902 3658 καὶ
922 3605 989 3658 τὰ
1010 3606 1106 3675 τῆς
1135 3606 1373 3669 Παλαιᾶς
1401 3605 1697 3678 περιῄρητο
1728 3605 1922 3677 Διαοή-

358 3716 481 3770 κης,
514 3698 583 3752 τά
621 3716 679 3751 τε
718 3700 817 3769 τῆς
861 3700 998 3769 ἀρᾶς
1043 3699 1227 3770 μετῄει
1272 3700 1397 3763 τοὺς
1438 3700 1587 3771 παρὰ
1633 3700 1821 3771 καιρὸν
1853 3699 1920 3753 τὰ

356 3790 597 3854 Μωσέως
634 3791 890 3860 πράττειν
924 3789 1386 3861 παρανομοῦντας,
1446 3791 1525 3853 εἰς
1562 3789 1699 3842 αύτά
1736 3788 1917 3859 βιαζο-

362 3880 583 3951 μένους·
620 3882 967 3951 ἀντεισήγετο
1004 3882 1059 3933 δὲ
1088 3881 1221 3951 ὁμοῦ
1264 3882 1356 3933 καὶ
1397 3880 1537 3934 κατά
1572 3881 1633 3934 τὸ
1667 3882 1796 3935 αὐτὸ
1821 3881 1918 3950 τῆς

357 3974 483 4037 νέας
508 3973 600 4026 καὶ
628 3972 870 4035 ἐντελοῦς
894 3972 1237 4036 διδασκαλίας
1261 3973 1330 4025 τὰ
1357 3973 1579 4043 νόμιμα.
1612 3972 1808 4043 Διόπερ
1838 3974 1915 4024 εἰ·

358 4061 528 4124 κότως
562 4061 590 4112 ὁ
616 4060 804 4131 Σωτὴρ
836 4063 927 4115 καὶ
960 4061 1162 4132 Κύριος
1206 4061 1364 4132 ἡμῶν
1408 4064 1519 4124 τοῖς
1560 4062 1821 4132 οἰομένοις
1858 4064 1917 4115 ὲν

362 4153 496 4224 μόνῃ
518 4154 583 4222 τῇ
626 4152 995 4224 Ἰερουσαλὴμ,
1023 4154 1055 4223 ἦ
1085 4154 1142 4207 ὲν
1166 4152 1313 4223 ὄρεσί
1340 4171 1479 4207 τισιν
1519 4154 1551 4223 ἦ
1590 4153 1774 4218 τόποις
1815 4155 1918 4224 ἀφ-

355 4246 675 4316 ωρισμένοις
696 4247 803 4299 δεῖν
828 4246 917 4299 τὸν
932 4246 1061 4303 Θεὸν
1086 4249 1425 4318 προσκυνεῖν,
1455 4246 1615 4317 φησίν
1634 4264 1647 4277 ο
1682 4266 1700 4298 ι
1730 4248 1919 4319 Ἔρχε-

356 4352 446 4391 ται
467 4336 604 4407 ὥρα,
637 4338 730 4389 καὶ
758 4336 851 4389 νῦν
888 4338 1054 4401 ἐστιν,
1078 4337 1164 4390 ὅτε
1206 4339 1253 4389 οἱ
1279 4335 1518 4407 ἀληθινοὶ
1550 4337 1916 4409 προσκυνηταὶ

356 4429 822 4499 προσκυνήσουσιν
851 4427 973 4480 οὗτε
1012 4430 1068 4481 ὲν
1099 4427 1176 4498 τῷ
1212 4427 1326 4497 ὄρει
1354 4428 1545 4498 τούτῳ,
1576 4427 1698 4481 οὔτε
1724 4429 1780 4483 ἐν
1820 4429 1915 4481 Ἰε-

359 4520 635 4591 ρουσαλὴμ
660 4519 752 4590 τῷ
783 4520 956 4592 Πατρί
976 4538 987 4548 ·
1030 4519 1246 4591 πνεῦμα
1274 4519 1381 4592 γὰρ
1408 4523 1435 4574 ὁ
1462 4520 1615 4588 Θεὸς,
1665 4522 1758 4575 καὶ
1789 4522 1914 4585 τοὺς

356 4608 791 4679 προσκυνοῦντας
836 4610 1017 4672 αὑτὸν,
1043 4612 1100 4663 ἐν
1141 4610 1406 4681 πνεύματι
1447 4611 1539 4665 κα)⁸
1571 4612 1795 4683 ἀληθεία
1836 4613 1917 4665 δεῖ

357 4703 696 4769 προσκυνεῖν.
739 4720 759 4752 ι
792 4702 901 4754 Καὶ
929 4701 1100 4755 ταῦτα
1134 4703 1419 4773 φήσαντος,
1454 4704 1791 4776 παραχρῆμα
1821 4706 1915 4757 καὶ

356 4791 459 4843 ούκ
494 4792 569 4855 εἰς
598 4791 806 4863 μακρὸν
855 4792 1315 4864 πολιορκηθέντων
1346 4793 1453 4846 τῶν
1509 4793 1911 4866 Ἱεροσολύμων,

352 4880 447 4936 τοῦ
471 4882 517 4933 τ’
545 4884 729 4936 αὐτόθι
763 4884 1114 4954 ἀγιάσματος,
1150 4884 1347 4939 καὶτοῦ
1382 4884 1515 4954 πρὸς
1550 4885 1694 4955 αὐτῷ
1725 4884 1912 4939 θυσια·

357 4975 603 5046 στηρίου,
630 4975 731 5046 τῆς
752 4993 812 5028 τε
842 4976 982 5029 κατά
1034 4977 1237 5031 Μωσέα
1262 4976 1512 5047 λατρείας
1540 4976 1679 5030 κατά
1703 4978 1798 5049 τὴν
1819 4979 1916 5031 αὐ-

351 5066 448 5121 τοῦ
490 5068 731 5132 Μωσέως
769 5069 1008 5135 διάταξιν
1070 5070 1511 5143 περιῃρημένης,
1544 5069 1805 5139 ἀνέφανεν
1834 5071 1915 5133 εἰς

352 5159 559 5224 πάντας
573 5159 888 5230 ἀνθρώπους
903 5162 994 5213 καὶ
1008 5160 1305 5233 ἐξέλαμψεν
1321 5164 1352 5232 ἡ
1372 5161 1570 5233 ἀρχέτυ
1577 5179 1672 5225 πος
1687 5162 1797 5215 τῶν
1811 5163 1914 5233 πρὸ

353 5250 592 5315 Μωσέως
632 5252 893 5320 θεοφιλῶν·
932 5253 1135 5325 ἀνδρῶν
1164 5253 1431 5317 εὐσέϐεια,
1462 5254 1496 5325 ἢ
1528 5271 1588 5307 τε
1639 5255 1704 5307 δι’
1746 5256 1914 5325 αὐτῆς

352 5345 489 5394 πᾶσι
500 5346 609 5407 τοῖς
623 5343 829 5397 ἔθνεσιν
845 5345 1223 5416 ἐπηγγελμένη
1235 5344 1578 5413 εύλογία,ἀπὸ
1592 5343 1685 5397 τοῦ
1699 5344 1911 5415 πρώτου

358 5431 564 5502 βαθμοῦ
596 5435 689 5487 καὶ
719 5437 827 5488 ἀπὸ
861 5437 955 5506 τῆς
986 5434 1205 5506 πρώτης
1234 5439 1619 5507 στοιχειώσεως
1637 5437 1733 5506 τῆς
1767 5436 1905 5488 κατὰ

356 5524 552 5578 Μωσέα
586 5525 834 5598 λατρείας
872 5529 965 5581 ἐπὶ
1004 5528 1091 5581 τὸν
1137 5529 1415 5601 κρείττονα
1457 5531 1549 5584 καὶ
1583 5528 1906 5600 τελειότερον

422 5702 467 5732 ³⁸
496 5701 650 5759 Deut.
687 5720 852 5770 xxvii,
873 5704 958 5759 ‘26.

2021 3225 2176 3280 nefas
2204 3230 2308 3286 est,
2341 3228 2495 3276 extra
2544 3220 2788 3288 ipsorum
2825 3227 3073 3270 eversam
3121 3208 3463 3278 nietrcpolim
3495 3222 3588 3261 us-

2022 3332 2206 3389 quam,
2240 3322 2331 3369 aut
2361 3330 2425 3368 ex
2462 3314 2577 3383 lege
2622 3309 2952 3371 sacriﬁcare,
2987 3312 3084 3358 aut
3120 3303 3328 3364 fanum,
3372 3312 3587 3352 aramve

2021 3409 2252 3478 erigere,
2285 3414 2378 3459 aut
2411 3404 2723 3459 sacerdotes
2748 3414 2969 3470 regesve
3008 3398 3291 3464 inungere,
3324 3399 3416 3444 aut
3445 3391 3586 3443 cele-

2020 3501 2249 3558 britates
2277 3496 2633 3565 solenuiaque
2663 3510 2758 3564 per
2777 3492 2978 3548 Mosen)
3015 3488 3261 3543 instituta
3291 3482 3581 3553 perﬁcere:

2021 3611 2131 3649 non
2162 3592 2230 3645 ab
2251 3590 2427 3659 aliqua
2454 3587 2791 3641 immunditie
2821 3583 3063 3655 purgari,
3090 3598 3201 3636 non
3231 3579 3364 3634 solvi
3398 3593 3429 3632 a
3458 3592 3585 3649 pec-

2020 3696 2162 3749 cato,
2196 3699 2306 3738 non
2326 3681 2517 3736 oll‘erre
2546 3678 2656 3732 Deo
2682 3692 2925 3739 munera,
2961 3692 3070 3730 non
3100 3675 3162 3730 ad
3188 3672 3585 3744 propitiandum

2021 3775 2225 3848 aliquid
2254 3774 2433 3828 facere
2465 3788 2533 3826 ex
2576 3769 2804 3840 legibus.
2835 3767 3102 3832 Quocirca
3143 3765 3197 3818 in
3235 3764 3401 3817 Mosis
3430 3777 3585 3817 exse-

2019 3871 2314 3927 orationem
2346 3866 2541 3921 merito
2567 3862 2765 3931 relapsi
2796 3860 3192 3928 intelliguntur,
3236 3857 3432 3923 quippe
3460 3869 3584 3906 cum

2018 3965 2073 4018 in
2104 3970 2255 4035 parte
2286 3961 2391 4029 18
2418 3957 2635 4028 quidem
2675 3955 2967 4009 observare
3012 3948 3270 4005 nonnulla
3294 3954 3584 4010 conentur,

2018 4057 2076 4110 in
2116 4054 2372 4109 universo
2414 4057 2592 4104 autem
2636 4063 2666 4100 a
2704 4046 2913 4117 legibus
2960 4043 3076 4099 suis
3127 4042 3415 4102 aberrent,
3466 4037 3580 4106 ipse

2018 4146 2176 4215 plane
2209 4140 2356 4196 Mose
2386 4137 2771 4210 pronuntiante
2805 4143 2966 4204 atque
2997 4130 3294 4185 aﬁirmante
3321 4147 3333 4182 :
3372 4144 3390 4177 ι
3429 4124 3582 4193 Quod

2017 4232 2367 4292 exsecrabilis
2395 4231 2466 4286 sit
2495 4229 2671 4285 omnis
2689 4228 3001 4299 quicunque
3046 4237 3154 4277 non
3197 4227 3304 4275 stet
3331 4218 3582 4274 omnibus

2016 4344 2137 4399 quae
2178 4326 2381 4395 scripta
2430 4330 2557 4378 sunt
2594 4323 2649 4375 in
2695 4320 2832 4389 lege,
2862 4324 2923 4372 ut
2963 4331 3028 4371 ea
3074 4312 3317 4368 faciat“.
3354 4331 3373 4363 ›
3418 4308 3579 4379 Lapsi

2018 4428 2199 4479 autem
2220 4418 2332 4487 jam
2360 4422 2488 4471 sunt
2524 4414 2578 4467 in
2608 4412 2722 4466 haec
2756 4410 2961 4472 omnia,
2994 4422 3120 4463 cum
3162 4414 3216 4459 et
3249 4404 3363 4475 ipse
3403 4400 3580 4455 Moses

1944 4483 1989 4538 Ι)
2017 4513 2200 4567 divino
2221 4483 2432 4579 'Spiritu
2450 4504 2682 4566 amatus,
2712 4500 3010 4572 providerit
3037 4513 3175 4553 novo
3190 4512 3285 4567 per
3305 4493 3581 4549 Christum

2015 4604 2317 4656 instaurato
2342 4596 2713 4661 Testamento,
2746 4590 3123 4659 universisque
3155 4586 3407 4658 gentibus
3436 4599 3580 4638 nun-

2013 4694 2168 4756 tiato,
2202 4704 2590 4761 supervacuam
2641 4688 2878 4741 futuram
2913 4698 3055 4747 esse,
3098 4695 3216 4751 quae
3242 4679 3308 4732 ab
3331 4678 3449 4745 ipso
3476 4689 3578 4745 po—

2016 4786 2122 4842 sita
2152 4794 2256 4848 est,
2289 4784 2465 4854 legum
2496 4778 2952 4840 observationem,
2982 4789 3142 4844 quam
3172 4786 3281 4826 uno
3316 4770 3578 4825 duntaxat

2017 4879 2159 4941 loco,
2193 4876 2387 4931 merito
2434 4870 2768 4933 terminavit,
2811 4880 2868 4924 ut
2911 4869 2956 4929 si
2997 4866 3213 4937 quando
3252 4880 3317 4919 ex
3363 4877 3427 4916 eo
3456 4861 3576 4917 loco

2014 4968 2362 5038 pellerentur,
2397 4974 2450 5019 et
2484 4963 2713 5033 patriam
2746 4962 3050 5014 libertatem
3096 4958 3425 5016 amitterent,
3465 4965 3576 5004 non

2014 5059 2245 5129 amplius
2271 5057 2377 5111 illis
2408 5055 2489 5111 fas
2512 5062 2676 5121 esset,
2708 5068 2845 5124 quas
2862 5052 2975 5121 ipse
2996 5050 3290 5120 posuisset,
3317 5046 3462 5113 leges
3484 5052 3576 5097 aut

2011 5153 2150 5205 ritus
2171 5164 2389 5204 servare
2424 5166 2438 5203 :
2475 5155 2535 5200 ut
2559 5146 2669 5216 jam
2703 5143 3066 5200 conﬁtendum
3100 5141 3190 5205 sit,
3224 5139 3451 5191 alterum
3493 5144 3575 5191 te-

2015 5251 2342 5300 stamentum
2382 5242 2526 5311 quod
2578 5257 2674 5311 per
2721 5239 2999 5294 Christum
3045 5235 3118 5291 sit
3169 5231 3569 5295 denuntiatum,

2015 5338 2323 5393 necessario
2348 5351 2469 5391 esse
2499 5329 3035 5388 introductum.Cum
3060 5329 3240 5395 itaque
3267 5322 3444 5376 Moses
3468 5321 3574 5377 hoc

2014 5434 2189 5504 ipsum
2222 5434 2461 5486 futurum
2499 5442 2622 5484 esse
2664 5423 3022 5495 przedixisset,
3059 5432 3289 5488 moxque
3318 5423 3369 5469 et
3409 5412 3572 5469 Chri-

2012 5535 2130 5583 stus
2160 5527 2279 5583 vita'
2312 5525 2475 5598 hujus
2506 5518 2994 5597 peregrinationem
3017 5514 3362 5586 explevisset,
3398 5520 3450 5566 et
3472 5523 3573 5582 pa-
