3974 6208
416 317 487 376 59
1054 308 1326 387 sust-2m!
1362 311 1847 377 cmsamavsns
1876 311 2029 371 ore.
2062 309 2246 368 PARS
2276 309 2345 383 ιι,
2382 340 2453 353 -ο
2481 304 2980 377 Αροιοοενιηοι.
3556 306 3631 365 eo

414 434 550 492 riter
583 432 653 491 ad
699 448 889 491 omnes
936 438 1124 504 gentes
1162 428 1300 487 Novi
1347 427 1680 486 Testamenti
1723 429 1971 486 doctrina

2076 428 2419 503 προσάγουσα
2444 426 2569 489 τοὺς
2603 421 2919 496 προσιόντας
2944 421 3079 494 αὐτῇ
3104 422 3239 497 βίον,
3265 422 3465 477 Λύτίκα
3501 423 3634 493 γοῦν

412 525 770 601 perferretur,
804 533 919 578 tum
948 523 1199 594 protinus
1228 521 1477 588 Romani,
1505 537 1632 577 cum
1666 523 1854 577 urbem
1878 521 1977 577 ob-

412 617 629 675 sidione
671 615 993 679 cinxissent,
1022 612 1395 688 Hierosolyma
1438 613 1577 684 ipsa,
1622 621 1677 669 et
1714 611 1862 684 quod
1900 612 1974 667 ili

411 715 531 762 erat
566 704 825 774 templum
863 709 1198 768 everterunt,
1240 703 1526 774 solutaque
1567 710 1653 757 est
1684 700 1974 758 confestim

410 795 593 852 omnis
622 793 790 850 Mosis
833 794 1177 859 constitutio,
1216 800 1271 850 et
1303 808 1642 867 quaecunque
1671 793 1741 849 de
1782 791 1974 849 Vetere

412 885 763 944 Testamento
803 888 1183 951 servabantur,
1216 886 1429 942 sublata
1468 892 1615 941 sunt.
1655 884 1972 942 Exsecratio

413 986 593 1034 autem
616 978 681 1033 ad
705 979 829 1035 illos
859 979 1026 1046 venit,
1061 979 1187 1049 quia
1218 992 1343 1033 cum
1368 991 1431 1049 ea
1455 991 1576 1047 qua:
1600 993 1629 1031 a
1657 976 1805 1033 Mose
1835 992 1974 1052 prte-

415 1077 573 1141 cepta
612 1077 741 1125 sunt
769 1078 966 1140 praeter
999 1069 1169 1147 legem
1204 1068 1384 1125 facere
1413 1069 1633 1134 vellent,
1657 1070 1714 1124 in
1745 1084 1864 1124 eam
1890 1070 1975 1139 ip-

415 1175 531 1217 sam
557 1161 983 1217 exsecrationem
1012 1161 1064 1215 vi
1087 1159 1319 1233 quadam
1341 1160 1515 1217 coacti
1548 1167 1678 1216 sunt
1710 1161 1971 1216 recidere.

415 1249 459 1305 E
490 1252 769 1307 contrario
811 1260 990 1308 autem
1033 1242 1197 1309 simul
1228 1256 1282 1307 et
1318 1253 1507 1307 eodem
1555 1260 1797 1323 tempore
1831 1252 1971 1323 ejus,

416 1359 536 1415 qua:
564 1344 621 1399 in
640 1342 789 1398 Novo
810 1343 1159 1415 perfectoque
1181 1343 1533 1399 Testamento
1556 1344 1864 1399 continetur
1882 1343 1977 1403 do-

417 1436 623 1500 ctrinae,
675 1446 730 1490 et
774 1436 939 1507 leges,
989 1443 1045 1489 et
1079 1435 1220 1490 ritus
1257 1435 1554 1490 introducti
1603 1443 1751 1492 sunt.
1794 1433 1976 1502 Quare

416 1525 612 1579 merito
642 1524 894 1581 Salvator
923 1533 979 1582 et
1008 1524 1292 1590 Dominus,
1327 1528 1393 1582 ad
1438 1541 1536 1585 eos
1572 1526 1666 1598 qui
1712 1527 1975 1598 putabant

413 1612 473 1671 in
510 1617 629 1671 sola
667 1615 993 1683 Jerusalem,
1060 1626 1155 1673 aut
1200 1618 1256 1677 in
1296 1619 1571 1674 montibus
1618 1618 1971 1689 quibusdam,

414 1705 532 1763 sive
555 1708 720 1764 certis
742 1706 1224 1783 determinatisque
1238 1710 1370 1766 locis
1388 1709 1554 1766 Deum
1575 1710 1789 1764 adorari
1812 1724 1974 1779 opor-

2070 520 2179 574 τῶν
2205 517 2489 590 μακαρίων
2528 513 2753 568 ἐκείνων
2794 513 2890 567 καὶ
2933 512 3213 584 θεοφιλῶν,
3241 512 3348 567 τῶν
3371 515 3513 586 ἀμφὶ
3538 514 3632 569 τὸν

2084 607 2332 681 Ἀϐραὰμ
2351 607 2511 676 λέγω,
2536 605 2636 659 οὐκ
2656 604 3049 677 ἀφωρισμένως
3076 602 3133 659 ἐν
3157 618 3263 661 τινι
3293 603 3443 675 τόπῳ
3465 619 3635 676 προσ-

2071 703 2406 770 κυνούντων,
2462 702 2584 756 οὐδὲ
2635 700 2723 755 διὰ
2765 699 3047 772 συμϐόλων
3087 699 3181 755 καὶ
3215 697 3423 765 τύπων,
3450 691 3631 774 ἀλλ“ᾖ

2072 813 2236 868 φησιν
2286 797 2316 850 ό
2345 794 2531 867 Σωτὴρ
2577 794 2673 847 καὶ
2708 791 2912 864 Κύριος
2942 790 3119 864 ἡμῶν,
3150 792 3208 844 ὲν
3241 789 3509 862 πνεύματι
3535 791 3634 845 καὶ

2071 887 2320 960 ἀληθείᾳ,
2345 886 2381 958 ἠ
2411 872 2511 939 διά
2547 884 2649 955 τῆς
2690 882 2784 937 τοῦ
2832 883 3080 955 Σωτῆρος
3115 881 3272 953 ἡμῶν
3313 881 3633 950 ἐπιφανείας

2072 979 2242 1049 ἀπασι
2269 980 2381 1042 τοῖς
2410 976 2618 1047 ἔθνεσιν
2650 975 2880 1048 ὑπῆρξε,
2907 975 3015 1029 τῶν
3044 974 3206 1029 πάλαι
3222 974 3511 1046 προφητῶν
3536 975 3633 1030 καὶ

2070 1069 2227 1123 τοῦτο
2246 1068 2676 1142 τεθεωρηκότων.
2692 1067 2851 1136 Λέγει
2877 1065 2921 1119 δ’
2947 1062 3040 1121 οὖν
3064 1066 3319 1140 ἄντικρυς
3340 1066 3595 1135 Σοφονίας
3610 1082 3627 1098 ⁸

2077 1179 2097 1212 ι
2121 1161 2538 1233 Ἐπιφανήσεται
2557 1159 2760 1231 Κύριος
2779 1161 2867 1212 ἐπ’
2899 1158 3114 1222 αὐτοὺς,
3140 1159 3235 1213 καὶ
3264 1157 3630 1229 ἐξολοθρεύσει

2073 1255 2279 1317 πάντας
2308 1254 2432 1318 τοὺς
2455 1251 2609 1316 θεοὺς
2633 1250 2743 1305 τῶν
2775 1250 2943 1303 ἐθνῶν
2974 1249 3073 1320 τῆς
3113 1250 3236 1319 γῆς,
3265 1251 3360 1303 καὶ
3395 1266 3633 1321 προσκυ-

2072 1348 2322 1418 νήσουσιν
2356 1345 2532 1417 αὐτῷ,
2565 1345 2793 1409 ἕκαστος
2839 1344 2905 1396 ὲκ
2934 1342 3030 1396 τοῦ
3057 1342 3220 1397 τόπου
3267 1342 3465 1396 αὐτῶν.
3498 1360 3519 1396 ι
3567 1341 3629 1395 '0

2072 1438 2130 1492 δὲ
2164 1439 2447 1509 Μαλαχίας
2479 1438 2612 1510 όμοῦ
2658 1437 2795 1510 πρὸς
2830 1437 2956 1500 τοὺς
2990 1438 3052 1490 ὲκ
3086 1436 3380 1507 περιτομῆς
3411 1435 3630 1490 irrorato

2073 1547 2239 1596 νεται,
2260 1531 2354 1583 καὶ
2401 1530 2529 1601 περὶ
2560 1527 2669 1582 τῶν
2700 1527 2867 1582 ἐθνῶν
2894 1528 3064 1582 ταῦτα
3100 1530 3492 1600 προαναφωνεῖ,
3526 1526 3635 1596 φά-

2075 1623 2394 1678 σκωνοιοὺκ
2415 1621 2527 1674 ἔστι
2555 1637 2655 1692 μου
2678 1618 2907 1691 θέλημα,
2931 1618 3083 1688 λέγει
3102 1617 3303 1691 Κύριος
3328 1617 3630 1689 παντοκρά-

2073 1730 2207 1787 τωρ,
2259 1715 2354 1768 καὶ
2398 1713 2588 1777 θυσίας
2639 1713 2701 1766 οὐ
2744 1710 3102 1784 προσδέξομαι
3152 1713 3218 1764 ὲκ
3279 1710 3388 1763 τῶν
3432 1708 3628 1781 χειρῶν

415 1807 550 1862 tere,
582 1799 670 1886 sic
699 1799 818 1854 ait:
857 1819 878 1855 ι
922 1798 1084 1860 Venit
1120 1801 1277 1866 hora,
1327 1811 1382 1859 et
1419 1816 1566 1857 nunc
1608 1810 1726 1867 est,
1756 1801 1971 1872 quando

2076 1806 2248 1878 ὑμῶν,
2276 1806 2410 1860 διότι
2456 1806 2552 1859 ἀπ’
2592 1803 2876 1875 ἀνατολῆς,
2938 1804 3032 1857 καὶ
3075 1803 3236 1877 μέχρι
3267 1801 3523 1873 δυσμῶν,
3565 1800 3628 1854 τὸ

412 1890 526 1946 veri
553 1889 873 1946 adoratorcs
905 1889 1210 1946 adorabunt
1239 1891 1475 1961 Patrem,
1508 1907 1680 1963 neque
1709 1892 1765 1946 in
1794 1898 1976 1959 monte

415 1982 555 2046 hoc,
592 1998 765 2054 neque
796 1983 853 2038 in
882 1981 1204 2040 Jerusalem.
1240 1982 1476 2055 Spiritus
1517 1983 1664 2039 enim
1701 1981 1863 2049 Deus,
1920 1990 1976 2041 et

413 2074 591 2145 ipsum
619 2074 933 2143 adorantes,
963 2075 1018 2130 in
1049 2076 1245 2147 spiritu
1272 2083 1328 2132 et
1361 2064 1589 2134 veritate
1608 2085 1823 2149 Oportet
1843 2076 1975 2132 ado-

410 2180 534 2222 rare
550 2167 617 2223 ⁸⁷.
658 2186 678 2220 ι
706 2165 916 2234 Quibus
952 2171 1114 2225 rebus
1150 2169 1221 2223 ita
1250 2170 1319 2225 ab
1355 2171 1448 2226 illo
1477 2169 1771 2242 praedictis,
1799 2171 1975 2227 conti-

410 2269 521 2309 nuo
545 2268 646 2310 uec
663 2254 824 2328 longo
854 2264 974 2333 post
997 2264 1258 2330 tempore,
1279 2257 1667 2332 Hierosolymis
1690 2261 1974 2317 obsidione

409 2348 712 2419 oppressis,
742 2357 797 2406 et
828 2350 951 2423 ejus
977 2351 1082 2407 loci
1130 2352 1517 2419 sanctificatio,
1544 2360 1599 2408 et
1621 2352 1688 2407 ad
1721 2354 1969 2411 eumdem

410 2455 565 2495 usum
601 2426 974 2498 constructum
1009 2445 1197 2508 altare.
1221 2452 1275 2499 et
1309 2443 1574 2508 adoratio,
1600 2459 1720 2514 qua:
1766 2460 1795 2496 a
1824 2443 1971 2500 Mose

409 2529 610 2587 tradita
650 2531 848 2599 fuerat,
894 2535 1106 2590 sublata
1142 2550 1437 2606 eversaque
1479 2543 1625 2590 sunt.
1663 2534 1969 2607 Eodemque

407 2631 652 2696 ampore
675 2626 730 2680 in
753 2641 942 2681 omnes
967 2626 1216 2682 homines
1235 2626 1505 2696 patefacta
1530 2633 1636 2692 est,
1671 2633 1726 2693 et
1746 2628 1969 2681 emicuit

406 2729 493 2781 ea,
528 2730 650 2786 quae
672 2724 799 2771 ante
839 2715 1042 2773 Mosem
1078 2717 1213 2772 viris
1252 2717 1458 2774 sanctis
1493 2732 1524 2771 a
1559 2719 1824 2789 principio
1846 2719 1968 2773 data

407 2804 609 2872 fuerat,
644 2806 819 2877 pietas
862 2814 916 2863 et
961 2809 1168 2879 religio,
1210 2816 1266 2865 et
1310 2825 1430 2880 qua:
1470 2824 1566 2880 per
1606 2809 1753 2864 illam
1790 2811 1967 2866 omni-

407 2896 512 2963 bus
555 2897 809 2970 gentibus
856 2899 1121 2970 promissa
1170 2898 1345 2956 fuerat
1387 2900 1712 2971 benedictio,
1755 2918 1876 2973 qua:
1934 2917 1967 2956 a

407 2988 587 3061 primo
617 3004 881 3046 ascensus
905 2990 1100 3062 gradu,
1130 2999 1183 3047 et
1207 3007 1237 3046 a
1274 2991 1464 3062 primis
1499 2992 1607 3049 illis
1632 2993 1966 3051 adorationis

411 3081 517 3152 19
548 3080 796 3137 Mosaicae
840 3083 1141 3151 elementis,
1180 3099 1297 3147 eos,
1352 3084 1446 3154 qui
1475 3083 1544 3139 ad
1568 3099 1627 3139 se
1673 3084 1961 3151 accedunt,

407 3171 788 3229 ad.meliorem
812 3173 1301 3246 perfectioremque
1340 3177 1504 3231 vitam
1545 3175 1786 3232 adducit.
1854 3176 1965 3231 Ita-

406 3279 514 3335 que
536 3264 787 3336 protinus
815 3266 1034 3338 quando
1067 3267 1255 3323 beatas
1301 3269 1445 3333 illos,
1508 3266 1726 3343 Deoque
1760 3268 1967 3329 amicos

407 3359 577 3423 viros,
607 3372 702 3415 eos
725 3357 848 3414 dico
872 3359 966 3430 qui
1015 3358 1322 3415 Abrahamo
1373 3361 1579 3417 similes
1619 3350 1965 3428 exstiterunt,

405 3464 519 3507 non
542 3449 601 3506 in
631 3450 813 3525 aliquo
838 3458 987 3507 certo
1024 3450 1490 3523 determinatoque
1545 3453 1664 3508 loco
1707 3454 1968 3511 adorasse

405 3550 646 3607 constat.
688 3558 863 3614 neque
906 3543 1011 3600 sub
1057 3545 1183 3601 ullis
1242 3544 1415 3616 signis
1464 3554 1559 3599 aut
1614 3544 1821 3619 figuris,
1871 3545 1967 3601 sed

406 3634 680 3707 quomodo
710 3632 958 3692 Salvator
978 3643 1164 3703 noster
1196 3642 1251 3691 et
1270 3634 1531 3692 Dominus
1557 3626 1737 3700 uocet,
1766 3636 1820 3690 in
1855 3635 1969 3708 spi-

404 3730 518 3784 ritu
546 3734 601 3783 et
640 3728 890 3793 veritate,
919 3728 1106 3784 eadem
1137 3727 1402 3785 adorandi
1428 3726 1569 3782 ratio
1602 3743 1699 3801 per
1721 3728 1965 3799 ejusdem

408 3822 709 3879 Salvatoris
729 3820 904 3878 nostri
941 3819 1230 3876 adventum
1261 3821 1515 3877 omnibus
1554 3821 1804 3892 gentibus
1834 3821 1969 3878 insi-

405 3923 574 3971 nuata
605 3921 709 3972 est.
736 3913 892 3982 Quod
915 3912 1135 3985 quidem
1165 3912 1430 3977 futurum,
1476 3912 1638 3970 etiam
1690 3913 1968 3986 propbctze

405 4015 617 4065 veteres
649 4015 801 4063 tanto
826 4014 953 4063 ante
978 4014 1364 4077 cognoverant.
1399 4005 1536 4062 Dicit
1597 4006 1783 4077 itaque
1812 4006 1969 4078 plane

408 4096 715 4170 Sophonias
746 4114 759 4152 :
796 4116 816 4150 ι
848 4097 1142 4168 Apparebit
1158 4096 1419 4155 Dominus
1445 4112 1607 4167 super
1628 4112 1744 4163 eos,
1768 4104 1821 4152 et
1847 4111 1971 4166 per-

407 4186 501 4242 det
523 4201 713 4243 omnes
740 4187 872 4243 deos
900 4187 1146 4258 gentium
1183 4197 1362 4255 terrae,
1393 4199 1449 4245 et
1477 4190 1785 4245 adorabunt
1843 4203 1967 4243 eum

405 4276 784 4348 unusquisque
802 4277 870 4335 de
904 4279 1025 4334 loco
1049 4293 1149 4335 suo
1177 4278 1243 4333 ⁸⁸.
1290 4299 1311 4333 ι
1347 4280 1645 4337 Malachias
1675 4290 1855 4337 autem
1895 4280 1970 4335 sic

406 4368 545 4449 mul,
575 4378 629 4424 et
647 4369 715 4424 ad
737 4385 834 4426 eos
861 4371 957 4441 qui
1001 4386 1070 4427 ex
1102 4373 1521 4428 circumcisione
1550 4383 1698 4439 sunt,
1763 4387 1970 4428 sermo-

404 4476 530 4517 nem
556 4461 760 4534 dirigit,
779 4471 833 4517 et
856 4462 1195 4533 degentibus
1221 4465 1349 4518 talia
1380 4464 1621 4533 pmdicit
1646 4483 1659 4520 :
1684 4481 1703 4515 ι
1740 4462 1858 4519 Non
1888 4475 1972 4521 est
2003 4454 2047 4509 υ

403 4554 658 4622 voluntas
695 4568 838 4631 mea,
888 4553 1021 4610 dicit
1070 4554 1332 4612 Dominus
1386 4558 1751 4629 omnipotens.
1779 4565 1833 4614 et
1879 4574 1969 4615 sa-

408 4644 673 4703 crificium
694 4660 803 4701 non
832 4647 1126 4718 suscipiam
1155 4648 1224 4704 de
1254 4649 1507 4706 manibus
1564 4650 1784 4715 vestris,
1832 4667 1968 4723 quo-

405 4736 555 4813 niam
587 4737 657 4793 ab
683 4744 808 4795 ortu
833 4753 1006 4810 usque
1033 4739 1103 4795 ad
1128 4755 1383 4796 occasum
1413 4756 1613 4798 nomen
1642 4757 1821 4798 meum
1848 4744 1968 4816 glo-

406 4829 679 4886 riticatum
730 4837 815 4907 est
871 4830 929 4886 in
986 4832 1261 4913 gentibus,
1312 4841 1368 4889 et
1421 4834 1478 4889 in
1517 4833 1666 4889 omni
1712 4834 1833 4891 loco
1884 4835 1970 4892 in-

407 4937 633 4981 censum
660 4921 884 4983 offertur
904 4924 1112 5001 nomini
1136 4940 1279 4994 meo,
1332 4935 1387 4984 et
1429 4926 1760 4984 sacrificium
1805 4943 1967 4984 mun-

407 5016 538 5072 dum
554 5016 622 5073 ⁸⁸.
653 5035 674 5072 ι
706 5015 863 5085 Quod
896 5018 1041 5075 enim
1074 5017 1129 5075 in
1151 5018 1299 5092 ompi
1321 5017 1443 5093 loco
1476 5017 1630 5084 dicit,
1681 5020 1965 5081 incensum

406 5112 464 5163 et
510 5108 836 5167 sacriﬁcium
884 5108 1066 5167 offerri
1124 5109 1254 5176 Deo,
1304 5111 1435 5182 quid
1477 5110 1625 5189 aliud
1672 5111 1962 5187 significat,

406 5198 517 5256 nisi
551 5218 572 5253 ι
610 5217 721 5258 non
748 5199 1139 5275 Hierosolymis
1159 5202 1228 5272 ”,
1259 5223 1278 5255 ι
1311 5219 1488 5275 neque
1530 5203 1750 5275 definite
1777 5205 1834 5283 in
1862 5205 1967 5262 hoc

407 5300 506 5348 aut
533 5292 589 5348 in
614 5294 708 5352 illo
737 5295 858 5352 loco
883 5296 934 5352 id
966 5296 1246 5375 futurum?
1278 5295 1372 5352 sed
1406 5297 1461 5352 in
1484 5298 1632 5352 omni
1666 5297 1884 5374 regione
1912 5304 1968 5369 et

410 5382 468 5440 in
502 5386 756 5447 omnibus
782 5389 1059 5459 gentibus.
1097 5405 1219 5461 qua:
1247 5389 1463 5460 quidem
1491 5396 1546 5447 et
1584 5389 1846 5447 orationis
1886 5392 1970 5459 in:-

408 5490 631 5531 eensum
656 5485 712 5533 et
740 5481 1090 5545 sacrificium,
1125 5481 1272 5552 quod
1316 5480 1577 5537 mundum
1620 5482 1827 5538 dictum
1860 5490 1964 5547 est.

408 5581 518 5624 non
557 5583 653 5637 per
682 5583 928 5631 cruores.
983 5573 1079 5628 sed
1127 5588 1225 5643 per
1289 5574 1406 5644 pias
1450 5573 1714 5640 actiones,
1753 5588 1968 5629 summo

2073 1897 2246 1969 δνομά
2297 1914 2396 1970 μου
2439 1894 2742 1962 δεδόξασται
2767 1897 2826 1950 ὲν
2848 1898 2960 1960 τοῖς
3004 1894 3200 1959 ἔθνεσι,
3245 1895 3337 1969 καὶ
3372 1896 3430 1949 ὲν
3466 1895 3627 1949 παντὶ

2072 1989 2224 2060 τόπῳ
2249 1989 2497 2060 θυμίαμα
2528 1988 2859 2060 προσάγεται
2879 1986 2957 2058 τῷ
2999 1986 3221 2058 ὀνόματί
3249 2003 3371 2057 μου,
3417 1986 3509 2039 καὶ
3534 1985 3628 2040 θυο

2075 2083 2166 2137 σία
2197 2082 2429 2156 καθαρά.
2471 2100 2489 2131 ι
2533 2081 2606 2135 Τὸ
2635 2081 2745 2153 γάρ
2768 2082 2824 2134 ὲν
2848 2081 3007 2134 παντὶ
3049 2080 3200 2150 τόπῳ
3248 2079 3495 2151 θυμίαμα
3534 2078 3628 2133 καὶ

2073 2175 2261 2231 θυσίαν
2298 2173 2658 2246 ἀναφέρεσθαι
2707 2172 2845 2244 Θεῷ,
2878 2173 2933 2226 τί
2983 2171 3165 2244 ἕτερον
3204 2171 3545 2243 παρίστησιν,
3588 2170 3623 2242 ἢ

2071 2269 2152 2322 ὅτι
2181 2269 2254 2340 μὴ
2296 2271 2353 2321 ὲν
2406 2266 2812 2338 Ἱεροσολύμοις,
2844 2264 2964 2335 μηδ’
2990 2265 3381 2334 ἀφωρισμένως
3430 2266 3489 2316 ὲν
3520 2262 3628 2332 τῷ·

2069 2359 2127 2412 δε
2176 2357 2255 2429 τῷ
2294 2358 2462 2428 τόπῳ,
2497 2358 2556 2409 ἐν
2610 2357 2759 2428 πάσῃ
2789 2355 2846 2408 δὲ
2896 2354 3067 2427 χώρᾳ,
3123 2355 3213 2408 καὶ
3252 2356 3310 2406 ὲν
3346 2355 3479 2406 πᾶσι
3508 2356 3623 2417 τοῖς

2069 2451 2265 2510 ἔθνεσι,
2292 2449 2539 2521 μέλλουσι
2568 2448 2629 2501 τὸ
2654 2448 2722 2501 δι’
2755 2446 2928 2516 εὐχῶν
2946 2445 3210 2517 Θυμίαμα,
3232 2446 3326 2499 καὶ
3344 2444 3439 2516 τὴν
3468 2446 3530 2498 οὐ
3551 2445 3619 2499 δι’

2068 2543 2333 2614 αἱμάτων,
2369 2540 2504 2597 ἀλλά
2538 2541 2605 2595 δι’
2640 2539 2813 2611 ἔργων
2850 2536 3087 2593 εὐσεϐῶν
3118 2535 3362 2609 καθαράν
3409 2537 3623 2608 ὠνομα-

2069 2632 2270 2705 σμένην
2312 2631 2500 2686 θυσίαν
2549 2630 2629 2703 τῷ
2660 2630 2751 2684 ἐπὶ
2784 2630 2947 2683 πᾶσιν
2987 2630 3277 2701 ἀναφέρειν
3324 2628 3477 2703 Scip;
3514 2628 3623 2700 Βοᾷ

2066 2724 2122 2778 δὲ
2162 2724 2474 2801 διαρρήδην,
2520 2725 2615 2778 καὶ
2654 2723 2922 2795 κέκραγεν
2975 2724 3006 2777 ό
3058 2721 3305 2785 Ἡσαΐας,
3352 2721 3621 2787 θεσπίζων

2067 2816 2182 2889 ἅμα
2211 2817 2304 2869 καὶ
2325 2815 2495 2884 λέγων
2513 2832 2527 2847 ’
2562 2834 2581 2867 ι
2622 2816 2813 2868 Ἔσται
2846 2814 3221 2885 θυσιαστήριον
3240 2810 3319 2884 τῷ
3347 2810 3535 2884 Κυρίῳ
3561 2813 3625 2882 ἐν

2066 2906 2219 2981 χώρᾳ
2246 2907 2543 2977 Αἰγύπτου,
2570 2908 2664 2962 καὶ
2705 2905 2943 2976 γνωστὸς
2975 2905 3127 2960 ἔσται
3157 2906 3359 2977 Κύριος
3377 2898 3489 2969 τοῖς
3517 2905 3619 2959 ΔΞ-

2065 2998 2332 3067 γυπτίοις,
2364 2997 2457 3052 καὶ
2509 2997 2795 3051 ἀποστελεῖ
2823 2997 3004 3060 αὐτοῖς
3054 2995 3333 3068 ἄνθρωπον
3366 2994 3427 3059 ὃς
3459 2992 3622 3051 σώσει

1991 3116 2034 3173 C
2065 3088 2279 3153 αὐτοὺς,
2327 3090 2420 3143 καὶ
2466 3087 2763 3157 γνώσονται
2808 3088 2858 3141 oi
2902 3085 3184 3156 Αἰγύπτιοι
3210 3087 3301 3141 τὸν
3334 3087 3535 3159 Κύριον
3564 3089 3622 3144 ὲν

2063 3184 2132 3255 τῇ
2159 3182 2341 3254 ἡμέρᾳ
2365 3182 2569 3255 ἐκείνῃ,
2603 3179 2697 3234 καὶ
2724 3180 3003 3251 ποιήσουσι
3036 3178 3244 3245 θυσίας,
3264 3178 3359 3232 καὶ
3380 3177 3623 3244 εὔξονται

2065 3289 2230 3362 εὐχὰς
2251 3287 2328 3360 τῷ
2368 3288 2577 3359 κυρίῳ,
2634 3284 2728 3340 καὶ
2773 3282 3127 3345 ἀποδώσουσι.
3155 3282 3247 3338 καὶ
3293 3283 3625 3354 ἐπιστραφή-

2066 3398 2247 3436 σονται
2292 3381 2428 3454 πρὸς
2468 3378 2690 3452 Κύριον,
2744 3378 2839 3439 καὶ
2893 3377 3267 3431 είσακούσεται
3305 3374 3503 3438 αὐτῶν,
3531 3376 3625 3429 xei.

2069 3473 2275 3528 ἰάσεται
2334 3470 2549 3534 αὐτούς.
2587 3466 2779 3542 »Ἆρά
2818 3485 2899 3522 σοι
2929 3466 3190 3538 δοκοῦμεν
3232 3466 3403 3537 ἀληθῆ
3448 3466 3625 3534 λέγειν

2069 3562 2355 3636 μετάθεσιν
2382 3560 2476 3615 τοῦ
2498 3559 2739 3624 Μωσέως
2761 3558 2946 3633 νόμου,
3004 3557 3200 3629 μᾶλλον
3218 3555 3275 3609 δὲ
3304 3553 3512 3609 παῦλαν
3532 3555 3626 3608 καὶ

2064 3654 2214 3710 λύσιν
2237 3654 2532 3725 φάσκοντες
2562 3651 2649 3706 διά
2687 3650 2796 3704 τῶν
2824 3648 3179 3722 προφητικῶν
3217 3648 3408 3719 φωνῶν
3435 3645 3626 3700 θεσπί-

2065 3748 2280 3814 ζεσθαι;
2309 3747 2368 3801 Ὀ
2400 3745 2498 3818 μέν
2509 3762 2574 3815 γε
2585 3745 2787 3816 Μωσῆς
2802 3743 3179 3813 θυσιαστήριον
3193 3741 3286 3793 καὶ
3305 3739 3495 3802 θυσίας
3512 3736 3620 3790 οὐδ’

2069 3840 2236 3911 (5⁶⁶“)
2280 3837 2541 3909 ἀλλαχόσε
2556 3837 2658 3908 γῆς
2686 3836 2719 3907 ἢ
2745 3837 2804 3889 ὲν
2823 3836 2957 3908 μόνῃ
2968 3836 3032 3905 τῇ
3048 3830 3296 3903 Ἰουδαίᾳ,
3316 3830 3411 3884 καὶ
3423 3828 3627 3899 ταύτης

2067 3932 2124 3985 ὲν
2148 3932 2246 4003 μιᾷ
2277 3930 2427 3984 πόλει
2452 3927 2819 4000 συστήσασθαι
2846 3926 3124 3997 νομοθετεῖ
3142 3941 3155 3955 ο
3185 3925 3217 3994 ὴ
3242 3923 3299 3977 δὲ
3322 3921 3628 3992 προφητεία

2066 4024 2125 4075 ὲν
2160 4021 2314 4094 χώρᾳ
2365 4021 2527 4092 φησὶν
2572 4020 2845 4089 Αἰγύπτου
2888 4016 2967 4089 τῷ
3016 4016 3204 4088 Κυρίῳ
3248 4014 3626 4086 θυσιαστήριον

2069 4110 2463 4187 ἱδρυθήσεσθαι,
2492 4111 2732 4170 καὶτοὺς
2758 4108 3084 4178 Αἰγυπτίους
3107 4107 3303 4170 αὐτοὺς
3332 4107 3410 4177 τῷ
3439 4104 3629 4176 Κυρίῳ

2066 4212 2175 4269 τῶν
2204 4211 2514 4286 προφητῶν,
2545 4210 2658 4265 ἀλλ’
2680 4210 2859 4264 οὐκέτι
2891 4211 3004 4273 τοῖς
3028 4206 3297 4280 πατρῴοις
3326 4206 3466 4270 θεοῖς
3495 4204 3627 4259 καλ-

2066 4312 2333 4384 λιερήσειν
2355 4310 2449 4374 τὰς
2480 4308 2690 4371 θυσίας,
2723 4307 2816 4360 καὶ
2841 4305 2940 4376 τῆς
2967 4301 3287 4372 θεογνωσίας
3317 4301 3379 4353 ού
3424 4299 3626 4357 Μωσέα

2069 4403 2259 4468 αἴτιον,
2288 4402 2394 4455 οὐδ’
2419 4401 2603 4471 ἕτερον
2624 4398 2732 4453 τῶν
2752 4394 3044 4470 προφητῶν
3070 4396 3249 4457 αὐτοῖς
3283 4390 3624 4467 γενήσεσθαι,

2070 4494 2206 4550 ἀλλά
2229 4510 2351 4549 τινα
2381 4492 2562 4546 καινὸν
2585 4491 2679 4545 καὶ
2700 4492 2819 4545 νέον
2847 4489 3128 4562 ἄνθρωπον
3155 4484 3336 4539 θεόθεν
3361 4482 3628 4561 ἀπεσταλ-

2073 4594 2252 4666 μένον.
2302 4591 2734 4664 Μετατιθεμένου
2753 4590 2809 4644 δὲ
2838 4588 2930 4643 τοῦ
2964 4585 3343 4658 θυσιαστηρίου
3374 4584 3525 4658 παρὰ
3558 4583 3626 4637 τά

2068 4683 2153 4755 τῷ
2182 4684 2369 4737 Mona!
2388 4680 2668 4748 δοκοῦντα,
2720 4680 2932 4750 ἀνάγκη
2977 4679 3126 4731 πᾶσα
3149 4677 3243 4730 καὶ
3265 4674 3359 4729 τοῦ
3384 4674 3626 4738 Μωσέως

2068 4774 2235 4850 νόμου
2265 4773 2562 4847 μεταϐολὴν
2581 4772 2850 4843 γενέσθαι.
2870 4766 3002 4824 Εἶτα
3025 4769 3081 4823 δὲ
3098 4768 3318 4832 θύοντες
3343 4765 3627 4836 Αἰγύπτιοι

2068 4869 2147 4942 τῷ
2186 4868 2278 4922 ἐπὶ
2329 4866 2545 4922 πάντων
2589 4865 2740 4937 Θεῷ,
2778 4863 2991 4926 πάντως
3029 4877 3130 4915 που
3175 4860 3272 4915 καὶ
3332 4857 3630 4932 ἱερωσύνης

2059 4959 2471 5031 ἀξιωθήσονται.
2506 4956 2835 5029 Ἱερωμένων
2882 4953 3018 5026 δῆτα
3052 4950 3363 5022 Αἰγυπτίων
3397 4951 3465 5005 τά
3502 4949 3630 5023 περὶ

2059 5061 2298 5125 Λευῖτῶν
2329 5060 2423 5116 καὶ
2471 5058 2580 5113 τῶν
2635 5060 2699 5112 ὲκ
2734 5055 2982 5127 διαδοχῆς
3027 5053 3230 5126 ’Δαρὼν
3266 5055 3491 5108 Μωῦσεῖ
3515 5051 3629 5106 δια-

2058 5161 2384 5241 τεταγμένα,
2399 5159 2576 5215 οὐκέτ’
2589 5158 2655 5214 ἂν
2672 5157 2879 5228 γένοιτο
2894 5158 3004 5220 τοῖς
3023 5155 3341 5225 Αἰγυπτίοις
3363 5156 3623 5226 χρήσιμα.

2062 5272 2205 5347 Ὥρα
2241 5270 2305 5341 δὴ
2340 5264 2434 5325 οὗν
2459 5265 2651 5335 καινῆς
2675 5263 2994 5337 νομοθεσίας
3014 5264 3126 5320 δεῖν
3149 5267 3229 5330 είς
3256 5266 3353 5336 τὴν
3385 5262 3493 5316 τῶν
3532 5260 3628 5333 δη-

2065 5354 2338 5434 λουμένων
2385 5356 2662 5415 σύστασιν.
2697 5357 2764 5411 Τί
2789 5357 2847 5412 δὲ
2896 5352 3036 5429 ipa;
3081 5358 3200 5429 είκῇ
3245 5355 3396 5410 ταῦτ’
3423 5355 3627 5408 ἀναπε-

2067 5463 2342 5536 φώνηται;
2374 5462 2407 5533 ἢ
2430 5463 2524 5516 καὶ
2552 5460 2703 5526 τέλος
2736 5462 3092 5534 ὲπενήνεκται
3116 5465 3231 5526 τοῖς
3260 5461 3465 5529 λόγοις;
3489 5458 3626 5514 Σκό-

2065 5570 2163 5643 ψαι
2189 5570 2235 5624 δ’
2256 5565 2349 5623 οὖν
2379 5569 2429 5621 εί
2458 5565 2533 5638 μὴ
2561 5567 2820 5640 σήμερον,
2844 5567 2985 5638 λέγω
3007 5566 3070 5641 δὴ
3092 5567 3212 5622 καθ’
3237 5566 3381 5637 ἡμᾶς
3401 5562 3623 5632 αὐτοὺς,

474 5660 518 5692 ⁸⁷
548 5659 708 5716 Joan.
748 5674 824 5722 Iv.
853 5663 1043 5716 τιὸ-24.
1107 5663 1153 5695 ⁸³
1188 5662 1431 5735 Sophon.
1471 5681 1530 5730 ιι,
1566 5667 1651 5722 ll.
1727 5668 1772 5702 δ’
1797 5664 1966 5722 Malae

2067 5679 2099 5731 I,
2135 5662 2317 5731 10,“.
2354 5734 2355 5737 η
2394 5660 2442 5693 ⁹⁰
2468 5657 2631 5720 Joan.
2662 5675 2736 5730 tv,
2767 5661 2858 5718 2f.

478 5750 645 5825 (3”)
677 5752 832 5808 οὐδ’.
858 5753 1018 5813 Forte
1051 5756 1170 5814 οὐκ.
1200 5755 1357 5813 Eutr.
