4068 6206
240 5760 285 5791 ἦν

1202 254 1858 326 enumerantem
1884 268 2345 341 annosum
2387 270 2516 326 LIB.
2554 270 2595 327 ι.

3443 271 3514 328 62

278 393 569 465 ὀφθαλμοῖς
603 388 682 459 (4)
724 386 956 460 ὁρῶνται
982 386 1041 440 ού
1070 387 1229 458 μόνον
1260 391 1565 459 Αἰγύπτιοι,
1588 390 1724 445 ἀλλὰ
1755 390 1850 444 καὶ

1969 386 2063 445 )eo
2097 399 2281 467 essent
2300 390 2603 446 oblaturae?
2631 389 2863 445 Clamat
2890 398 3070 464 autem
3117 390 3292 463 palam
3332 396 3387 444 et
3417 405 3509 443 vo-

280 485 381 539 πᾶν
398 484 555 553 γένος
580 478 695 533 τῶν
721 478 852 548 πρὶν
896 476 1291 552 εἰδωλολατρῶν
1347 478 1665 552 ἀνθρώπων,
1690 478 1784 544 οὓς
1813 481 1848 551 ἡ

279 577 581 649 πρόρρησις
613 570 703 647 διὰ
723 569 831 623 τῶν
852 570 1164 637 Αἰγυπτίων
1193 573 1456 645 ᾐνίττετο,
1490 572 1589 643 τῆς
1622 572 1719 643 μὲν
1752 589 1851 625 που

277 648 466 722 λυθέου
491 666 595 720 καὶ
611 664 928 735 δαιμονικῆς
954 648 1374 738 ἀπηλλαγμένον
1407 665 1635 737 πλάνης,
1665 666 1759 719 τὸν
1796 666 1853 719 δὲ

277 762 385 817 τῶν
414 756 718 833 προφητῶν
742 755 867 810 Θεὸν
898 756 1353 829 ἀνακαλούμενον.
1390 759 1498 810 Καὶ
1531 756 1775 828 εὔχονται
1797 757 1854 812 δὲ

281 856 470 911 οὐκέτι
493 852 702 905 πλείοσι
737 848 961 921 κυρίοις,
1011 851 1089 903 ὲνὶ
1112 849 1169 903 δὲ
1199 850 1278 921 τῷ
1311 850 1457 921 μόνῳ
1494 850 1684 924 Ιςυρίῳ
1713 850 1855 904 κατά

285 946 349 1000 τὸ
409 945 560 1017 ἱερὸν
606 942 793 1010 λόγιον,
835 941 926 994 καί
977 940 1151 1012 τούτῳ
1189 926 1853 1012 θυσιαστήριονάναίμων

292 1040 390 1093 καὶ
424 1034 649 1105 λογικῶν
698 1031 915 1097 θυσιῶν,
945 1032 1086 1087 κατὰ
1138 1034 1206 1088 τὰ
1251 1034 1412 1088 καινὰ
1449 1034 1720 1109 μυστήρια
1755 1036 1855 1106 τῆς

296 1129 421 1191 νέας
454 1126 541 1180 καὶ
569 1123 757 1193 καινῆς
778 1122 1072 1194 Διαθήκης,
1104 1122 1226 1176 καθ’
1250 1122 1380 1195 ὅλης
1409 1124 1509 1194 τῆς
1556 1118 1854 1195 ἀνθρώπων

301 1219 606 1289 οἰκουμένης
651 1216 1033 1287 ἀνεγήγερται,
1063 1217 1120 1268 ὲν
1170 1215 1307 1287 αὐτῇ
1345 1233 1404 1269 τε
1438 1216 1718 1288 Αἰγύπτῳ,
1762 1216 1855 1270 καί

282 1313 403 1373 τοῖς
420 1309 614 1371 λοιποῖς
641 1306 816 1361 ἔθνεσι
858 1304 949 1359 τὸν
999 1306 1201 1377 τρόπον
1248 1304 1676 1376 Αἰγυπτιάζουσι
1714 1307 1856 1361 κατά

293 1401 388 1472 τήν
419 1398 778 1469 δεισιδαίμονα
817 1397 1056 1468 πλάνην·
1086 1397 1182 1452 νῦν
1225 1398 1348 1453 καθ’
1380 1400 1528 1471 ἡμᾶς
1555 1400 1588 1469 ἡ
1612 1398 1705 1452 τοῦ
1748 1399 1857 1453 τῶν

290 1494 419 1548 ὅλων
441 1492 570 1547 Θεοῦ
603 1491 805 1569 γνῶσις
822 1490 1222 1561 διαλάμπουσα,
1262 1492 1362 1564 τὴν
1392 1493 1575 1547 πίστιν
1621 1492 1859 1563 ἀναμφί-

289 1586 470 1639 λεκτον
510 1584 619 1640 τῶν
646 1584 1156 1657 προθεσπισθέντων
1176 1583 1647 1656 ἐπισφραγίζεται.
1674 1583 1858 1637 Ταῦτα

287 1677 342 1729 δὲ
368 1677 544 1748 ἔργοις
578 1675 966 1748 ἐπιτελούμενα
994 1676 1156 1748 ὀρῶν,
1185 1676 1299 1730 ἀλλ’
1326 1676 1504 1731 οὐκέτ’
1528 1677 1664 1747 ἀκοῇ
1690 1692 1858 1747 προσ-

284 1770 582 1843 δοκώμενα,
615 1772 705 1824 τὸν
746 1772 952 1843 καιρὸν,
989 1770 1185 1825 ὁπόθεν
1222 1771 1320 1844 τὴν
1353 1772 1527 1844 ἀρχὴν
1566 1772 1675 1827 τῶν
1720 1788 1862 1842 πρα-

284 1861 507 1931 γμάτων
529 1861 765 1933 εἴληχεν,
785 1862 893 1915 οὐδ’
913 1861 1011 1933 (4⁵)
1031 1861 1187 1916 ἄλλον
1203 1862 1547 1933 ἀναζητήσας
1559 1861 1812 1932 εὑρήσεις
1826 1860 1860 1930 ἦ

281 1953 371 2005 τὸν
414 1955 517 2024 τῆς
560 1952 824 2023 σωτηρίου
865 1953 1204 2021 ἐπιφανείας.
1238 1954 1410 2016 Αὐτὸς
1449 1953 1557 2023 ἄρα
1592 1944 1750 2014 οὗτος
1795 1946 1865 2021 ἦν

280 2046 518 2106 ἐκεῖνος,
552 2042 611 2097 ὃν
654 2044 682 2096 ὁ
704 2040 946 2114 χρησμὸς
989 2040 1199 2112 ἐδήλου,
1229 2042 1406 2110 φήσας
1427 2038 1746 2093 ἀποστελεῖν
1775 2036 1867 2091 τὸν

275 2135 398 2188 τῶν
447 2135 585 2190 ὅλων
614 2133 766 2198 Θεὸν,
796 2133 894 2188 καὶ
925 2133 1131 2204 Κύριον
1165 2134 1279 2195 τοῖς
1310 2131 1628 2200 Αἰγυπτίοις
1661 2128 1870 2201 ἀνθρω-

280 2242 413 2289 τσον,
439 2226 499 2289 ὃς
523 2224 685 2278 σώσει
717 2223 934 2289 αὐτούς·
970 2223 1030 2294 ὃν
1055 2224 1149 2276 καὶ
1176 2222 1244 2276 τὰ
1269 2222 1514 2285 Μωσέως
1563 2221 1751 2295 ἐδήλου
1784 2221 1869 2275 λό-

281 2334 404 2387 για,
430 2317 497 2371 δι’
520 2310 596 2371 ῶν
622 2316 820 2388 ἔφησεν
840 2334 854 2346 ·
895 2335 914 2368 ι
969 2313 1342 2382 Ἐξελεύσεται
1374 2312 1655 2383 ἄνθρωπος
1682 2315 1746 2366 ὲκ
1772 2312 1866 2366 τοῦ

288 2409 603 2481 σπέρματος
656 2406 855 2470 αὐτοῦ,
896 2405 991 2459 καὶ
1034 2404 1310 2476 κυριεύσει
1380 2402 1550 2457 ἐθνῶν
1588 2403 1861 2456 πολλῶν-ι

287 2503 349 2555 ὲν
375 2492 456 2563 οἷς
486 2499 662 2553 ἔθνεσι
695 2499 790 2553 καὶ
820 2496 1105 2565 Αἰγύπτιοι
1151 2495 1418 2567 δήπουθεν
1456 2494 1865 2568 καταριθμοῖντ⁹

288 2592 377 2647 ἄν.
419 2591 576 2645 Ἀλλά
606 2591 734 2663 περὶ
767 2590 866 2661 μὲν
898 2588 1102 2645 τούτοιν
1131 2588 1339 2659 μακρὸς
1373 2587 1440 2643 ἂν
1461 2587 1544 2659 εἴη
1568 2587 1746 2656 λόγος,
1778 2589 1865 2640 ἐπ’

287 2683 492 2747 οἰκείας
508 2682 701 2753 σχολῆς
717 2680 987 2734 ὲντελέστε
996 2696 1086 2752 ρον
1102 2678 1403 2749 ἀποδοθησό
1410 2694 1585 2749 μενος·
1605 2678 1665 2731 τό
1680 2694 1743 2745 γε
1762 2676 1867 2749 μὴν

289 2775 462 2845 παρὸν
492 2760 922 2847 ἐπιτετηρήσθω,
962 2775 1043 2827 ὅτι
1076 2772 1147 2826 τὰ
1172 2770 1562 2842 προηγούμενα
1608 2768 1718 2822 οὐδ’
1741 2768 1866 2840 (4“)

291 2868 484 2923 ἄλλοτε
498 2868 530 2939 ἢ
549 2867 687 2939 μετὰ
708 2866 808 2938 τὴν
826 2866 1147 2935 ἐπιφάνειαν
1162 2861 1337 2935 Ἰησοῦ
1352 2862 1695 2934 τοῦΣωτῆρος
1710 2860 1870 2934 ἡμῶν

292 2961 613 3034 ἐπληροῦτο.
645 2959 737 3025 Ἐξ
752 2958 958 3013 ἐκείνου
975 2959 1084 3029 γάρ
1098 2975 1180 3011 τοι
1197 2958 1290 3011 καὶ
1312 2958 1393 3021 εἰς
1408 2956 1568 3027 δεῦρο
1583 2956 1733 3026 παρὰ
1760 2957 1871 3019 τοῖς

1952 481 2213 537 ciferatur
2242 482 2410 547 Isaias
2425 482 2732 538 vaticinans
2752 482 2937 548 simul,
2983 498 3047 537 ac
3076 481 3263 538 dicens
3300 501 3313 538 :
3344 500 3363 533 ι
3397 480 3516 537 Erit

1952 574 2123 630 altare
2146 572 2373 630 Domino
2399 573 2455 628 in
2487 581 2629 629 terra
2657 572 2897 644 Egypti,
2925 581 2980 629 et
3023 581 3383 643 cognoscetur
3410 572 3516 626 Do-

1952 664 2133 719 minus
2168 664 2235 718 ab
2263 662 2555 734 IEgyptiis,
2585 669 2638 718 et
2661 662 2838 717 mittet
2865 664 2945 719 eis
2977 664 3247 718 hominem
3285 664 3377 733 qui
3405 662 3517 717 sal-

1952 768 2050 808 vos
2080 752 2240 823 faciet
2266 737 2380 825 eos,
2419 759 2474 807 et
2500 762 2830 823 cognoscent
2874 751 3113 824 [Egyptii
3143 752 3429 807 Dominum
3461 752 3517 805 in

1953 847 2041 903 die
2072 847 2182 912 illa,
2215 855 2269 903 et
2296 846 2495 902 facient
2514 846 2803 911 sacriﬁcia,
2835 853 2890 901 et
2912 845 3185 905 vovobunt
3238 852 3363 899 vota
3418 843 3522 899 Do-

1953 942 2123 1007 mino.
2149 950 2202 997 et
2234 940 2480 1006 reddent,
2513 948 2566 997 et
2591 949 2978 996 convertentur
3005 939 3073 993 ad
3106 939 3420 997 Dominum.
3464 944 3521 992 et

1954 1032 2206 1087 exaudiet
2233 1047 2348 1095 eos,
2375 1040 2428 1088 et
2456 1032 2671 1088 sanabit
2695 1048 2789 1090 eos
2818 1033 2884 1087 ".
2922 1050 2940 1083 ι
2980 1030 3188 1101 Ecquid
3212 1031 3315 1085 tibi
3364 1028 3522 1084 vide-

1954 1140 2077 1179 mur
2100 1125 2429 1195 veramlegis
2460 1124 2595 1179 Mosi
2624 1126 3039 1181 conversionem
3072 1122 3294 1177 dicere?
3324 1137 3390 1176 an
3422 1138 3522 1191 po-

1954 1218 2064 1279 tius
2096 1218 2257 1274 ﬁnem
2281 1226 2335 1273 et
2372 1220 2693 1274 solutionem
2725 1219 3042 1285 enuntiare,
3085 1224 3140 1272 et
3186 1216 3523 1286 propheticis

1956 1313 2183 1367 vocibus
2218 1312 2502 1371 vaticinari
2532 1313 2555 1367 ?
2591 1312 2801 1367 Etenim
2820 1312 2996 1368 Moses
3039 1312 3210 1365 altare
3231 1317 3284 1363 et
3316 1308 3526 1365 sacriﬁ~

1957 1404 2041 1465 cia
2072 1420 2340 1475 nusquam
2357 1413 2624 1460 terrarum
2661 1406 2716 1459 in
2756 1406 2871 1460 sola
2922 1403 3107 1458 Iudaea
3138 1410 3192 1458 et
3250 1404 3306 1457 in
3360 1404 3526 1473 hujus

1957 1511 2065 1549 una
2087 1494 2353 1550 duntaxat
2378 1496 2597 1551 civitate
2626 1495 2909 1561 constitui,
2946 1496 3065 1566 lege
3086 1511 3116 1548 a
3147 1511 3204 1551 se
3232 1496 3409 1565 posite
3436 1495 3529 1566 ju-

1956 1587 2085 1643 bet:
2120 1588 2401 1659 prophetia
2432 1599 2613 1643 autem
2668 1590 2722 1642 in
2758 1595 2906 1643 terra
2953 1586 3173 1658 Egypti
3226 1587 3302 1639 ait
3355 1588 3527 1643 altare

1963 1680 2188 1736 Domino
2218 1683 2536 1738 struendum
2575 1681 2976 1753 dicandumque
2997 1697 3138 1747 esse,
3160 1689 3213 1737 et
3241 1680 3527 1751 Aigyptios

1965 1774 2113 1843 ipsos
2136 1791 2244 1829 non
2274 1776 2506 1849 amplius
2537 1776 2644 1831 diis
2679 1775 2871 1846 patriis
2902 1791 3015 1830 rem
3046 1789 3281 1838 sacram,
3308 1776 3400 1830 sed
3423 1774 3529 1845 ipsi

1964 1867 2345 1936 prephetarum
2376 1867 2484 1925 Deo
2515 1867 2793 1923 facturos:
2827 1875 2881 1922 et
2936 1867 3083 1937 quod
3138 1882 3325 1921 verum
3358 1866 3530 1921 Deum

1967 1958 2075 2011 sint
2104 1960 2359 2029 agnituri,
2408 1975 2516 2015 non
2546 1956 2728 2015 Mosen
2759 1960 2867 2015 illis
2889 1973 3065 2029 neque
3114 1959 3279 2013 alium
3304 1975 3371 2012 ex
3401 1973 3532 2028 pro-

1968 2051 2145 2121 phetis
2167 2053 2481 2124 quempiam
2508 2060 2781 2107 auctorem
2815 2054 2949 2114 fore,
2983 2052 3075 2106 sed
3112 2066 3311 2105 novum
3341 2066 3531 2121 quem-

1967 2141 2091 2194 dam
2126 2142 2384 2197 divinitus
2415 2142 2641 2198 missum
2669 2143 2966 2197 hominem.
3003 2142 3110 2210 20
3139 2141 3310 2195 Porro
3348 2147 3532 2194 autem

1969 2232 2235 2288 translato
2284 2240 2722 2302 commutataque
2764 2232 2918 2285 altari
2956 2243 3150 2301 praeter
3199 2230 3367 2285 Mosis
3395 2245 3533 2286 con-

1968 2323 2281 2378 stitutiones
2308 2333 2467 2394 atque
2493 2323 2730 2392 decreta,
2766 2338 2989 2378 necesse
3012 2331 3095 2378 est
3125 2322 3341 2392 penitus
3369 2324 3536 2377 etiam

1967 2414 2102 2483 legis
2134 2410 2300 2468 Mosis
2330 2412 2444 2468 ﬁeri
2478 2414 2851 2477 mutationem.
2881 2412 3033 2479 Quod
3071 2413 3115 2467 si
3156 2427 3370 2467 summo
3424 2412 3539 2466 Deo

1926 2548 1929 2549 ν
1968 2505 2324 2561 sacriﬁcaturi
2357 2515 2484 2561 sunt
2511 2504 2770 2575 :‘Egyplii,
2807 2520 3033 2574 prorsus
3070 2505 3235 2559 etiam
3280 2504 3538 2560 sacerdo-

1969 2598 2029 2652 tii
2061 2613 2257 2653 munus
2286 2606 2412 2652 sunt
2441 2596 2709 2667 adepturi.
2735 2596 2803 2651 At
2834 2596 3103 2668 Egyptiis
3151 2598 3219 2651 ad
3255 2598 3363 2651 tale
3414 2610 3538 2649 mu-

1968 2706 2092 2757 nus,
2118 2689 2412 2759 assumptis
2442 2704 2563 2758 qua:
2577 2688 2645 2743 de
2673 2688 2876 2746 Levitis
2896 2697 2950 2743 et
2990 2689 3172 2744 Aaron
3204 2688 3541 2744 successori-

1969 2783 2073 2837 bus
2098 2797 2129 2836 a
2150 2781 2298 2837 Moss
2331 2789 2458 2838 sunt
2485 2780 2804 2847 constituta,
2837 2782 2968 2838 nulli
2999 2783 3159 2852 plane
3205 2780 3330 2835 usui
3370 2778 3539 2851 Egy-

1970 2873 2099 2943 ptiis
2120 2874 2352 2945 amplius
2393 2889 2515 2929 esse
2552 2889 2712 2943 posse
2754 2872 3102 2945 perspicuum
3160 2880 3266 2927 est.
3300 2869 3541 2940 Tempus

1972 2967 2259 3038 igiturjam
2287 2975 2401 3021 tum
2433 2967 2618 3032 fuerit,
2658 2969 2828 3039 legem
2851 2982 3046 3023 novam
3075 2966 3142 3020 ad
3194 2981 3259 3021 ea
3309 2980 3428 3035 quae
3456 2964 3543 3019 di-

288 3036 889 3119 Δίγυπτίοιςμαὶπαρὰ
904 3045 1236 3119 Πέρσαις,Σύ
1245 3064 1357 3119 ροις
1367 3063 1427 3099 τε
1440 3048 1532 3101 καὶ
1547 3046 1869 3118 Ἀρμενίοις,

1974 3036 2061 3108 οιιι
2087 3036 2212 3110 sunt
2235 3054 2630 3120 conﬁrmanda,
2661 3036 2865 3125 ponere
2900 3072 3040 3126 opus
3063 3072 3207 3111 esse.
3264 3056 3403 3121 Quid
3440 3055 3542 3125 igi-

292 3143 395 3197 καὶ
416 3142 567 3213 παρὰ
579 3145 687 3205 τοῖς
700 3130 799 3204 τὰς
816 3140 1071 3211 ἐσχατιὰς
1089 3140 1189 3210 τῆς
1205 3140 1310 3209 γῆς
1323 3137 1531 3192 οἰκοῦσι
1550 3137 1869 3211 βαρϐάροις,

290 3237 480 3300 αὐτοῖς
508 3252 568 3289 τε
596 3239 708 3299 τοῖς
743 3236 800 3288 τὸ
834 3236 962 3307 πρὶν
998 3232 1443 3306 ἀνημερωτάτοις
1488 3233 1581 3286 καὶ
1617 3231 1874 3303 θηριωδε-

296 3328 516 3392 στάτοις
558 3328 764 3390 ἔθνεσι,
807 3328 895 3381 ναὶ
924 3326 1029 3398 μὴν
1070 3327 1164 3380 καὶ
1209 3325 1361 3398 παρὰ
1393 3327 1505 3388 τοῖς
1536 3324 1635 3388 τὰς
1679 3324 1874 3395 νήσους

290 3422 535 3478 οἰκοῦσιν
570 3420 677 3493 (ὅτι
703 3421 766 3493 δὴ
798 3422 889 3474 καὶ
923 3419 1130 3473 τούτων
1184 3418 1386 3489 ἠξίωσε
1429 3419 1705 3489 μνήμηνή
1744 3434 1878 3489 προ-

293 3516 496 3588 φητεία
526 3513 897 3591 ποιήσασθαι),
918 3513 1053 3584 αὐτὴ
1076 3512 1257 3583 ἐκείνη
1281 3514 1314 3583 ή
1343 3511 1484 3565 κατά
1514 3511 1602 3564 τὸν
1630 3509 1878 3582 Ἀϐραὰμ

294 3611 564 3675 πολιτεία,
593 3610 688 3664 καὶ
717 3611 745 3663 ὁ
773 3608 1129 3670 παλαιότατος
1161 3606 1257 3660 καὶ
1280 3605 1497 3659 πάντων
1519 3604 1877 3676 ἀρχαιότατος

293 3706 401 3775 τῆς
429 3703 738 3767 θεοσεϐείας
765 3703 964 3775 τρόπος
1002 3700 1382 3764 σπουδάζεται.
1412 3699 1524 3753 Καὶ
1563 3698 1647 3761 τίς
1685 3698 1784 3749 οὐκ
1812 3696 1878 3750 ἂν

297 3795 602 3866 ἐκπλαγείη
644 3794 707 3847 τὸ
746 3792 1049 3865 παράδοξον
1095 3791 1188 3845 τοῦ
1226 3791 1577 3862 πράγματος,
1629 3789 1676 3841 εἰ
1719 3788 1784 3859 δὴ
1830 3787 1879 3839 οἱ

298 3888 359 3957 ἐξ
393 3888 589 3952 αἰῶνος
620 3887 809 3950 λίθοις,
831 3887 924 3941 καί
954 3885 1148 3951 ξύλοις,
1184 3885 1278 3939 καὶ
1309 3883 1548 3954 δαίμοσι,
1580 3881 1788 3954 Θηρίοις
1819 3896 1879 3933 τε

301 3981 763 4053 ἀνθρωποϐόροις,
788 3980 881 4033 καὶ
927 3980 1175 4050 ἑρπετοῖς
1205 3976 1450 4039 ἰοϐόλοις,
1482 3975 1638 4040 ζώοις
1661 3992 1720 4027 τε
1749 3989 1884 4026 παν-

301 4074 488 4137 τοίοις,
524 4073 619 4127 καὶ
650 4071 911 4143 εἰδεχθὲσι
945 4070 1256 4133 κνωδάλοις,
1285 4070 1417 4142 πυρί
1450 4086 1508 4121 τε
1544 4068 1639 4121 καὶ
1670 4069 1762 4137 γῇ,
1788 4066 1885 4120 καὶ

304 4166 417 4229 τοῖς
462 4163 556 4218 τοῦ
603 4164 800 4227 παντὸς
843 4162 1070 4233 ἀψύχοις
1118 4160 1401 4231 στοιχείοις
1453 4159 1552 4231 τὴν
1595 4156 1885 4226 σεϐάσμιον

308 4262 474 4333 τιμὴν
502 4261 901 4335 περιτιθέντες,
934 4260 1025 4313 τὸν
1085 4258 1309 4328 ὕψιστον
1340 4256 1493 4318 Θεὸν,
1530 4254 1621 4307 τὸν
1654 4250 1885 4323 ούρανοῦ,

1970 3148 2093 3204 tur?
2120 3155 2323 3203 temere
2355 3148 2469 3202 haec
2501 3151 2781 3205 enuntiata
2814 3149 2981 3204 sunt?
3007 3164 3075 3203 an
3094 3149 3301 3203 exitum
3337 3149 3545 3203 invenit

1972 3240 2187 3295 oratio?
2221 3239 2427 3310 inspice
2450 3242 2615 3312 igitur
2642 3241 2688 3297 si
2714 3255 2822 3295 non
2849 3241 3034 3305 hodie,
3073 3242 3175 3295 hoc
3213 3250 3297 3295 est
3339 3240 3545 3296 nostris

1973 3331 2192 3385 interim
2230 3330 2469 3400 ipsorum
2504 3333 2862 3401 temporibus,
2889 3332 3022 3405 ipsis
3046 3332 3220 3387 oculis
3247 3339 3547 3385 cernuntur

1975 3420 2290 3477 nonrsolum
2314 3422 2575 3492 Aigyptii,
2602 3439 2791 3477 verum
2820 3423 2983 3477 etiam
3022 3438 3185 3478 omne
3241 3437 3413 3493 genus
3449 3424 3548 3476 ho-

1976 3513 2183 3568 minum
2221 3512 2310 3583 qui
2347 3514 2576 3567 antehac
2598 3514 2909 3569 simulacris
2934 3514 3133 3570 addicti
3158 3522 3335 3578 erant,
3381 3530 3548 3581 quos-

1977 3619 2082 3674 que
2109 3601 2484 3674 Aﬁgyptiorum
2508 3604 2867 3673 appellatione
2899 3606 3216 3675 prophetica
3262 3605 3542 3675 praedictio

1980 3695 2267 3765 signiﬁcat,
2303 3709 2333 3748 a
2358 3694 2653 3749 multorum
2686 3694 2916 3749 deorum
2933 3711 2996 3750 ac
3038 3696 3347 3751 daemonum
3382 3697 3549 3766 impio

1981 3787 2131 3840 cultu
2158 3785 2466 3851 liberatum,
2498 3794 2552 3840 ct
2581 3800 2769 3840 verum
2803 3788 3194 3855 prophetarum
3238 3785 3410 3840 Deum
3460 3793 3550 3841 in-

1981 3892 2181 3932 vocans
2212 3884 2266 3931 et
2289 3877 2547 3932 adorans.
2586 3873 2725 3930 Vota
2748 3884 2929 3931 autem
2970 3876 3200 3940 faciunt,
3229 3892 3339 3930 non
3382 3877 3552 3946 pluri-

1981 3968 2085 4024 bus
2120 3967 2355 4038 amplius
2396 3967 2657 4032 dominis,
2693 3968 2784 4024 sed
2820 3968 2913 4022 uni
2948 3968 3048 4023 soli
3081 3968 3330 4032 Domino,
3362 3984 3555 4039 quem-

1982 4059 2272 4133 admodum
2296 4074 2512 4114 sacrum
2534 4060 2783 4129 pratdixit
2814 4060 3119 4115 oraculum.
3176 4058 3240 4114 Et
3270 4059 3397 4113 huic
3433 4061 3556 4129 qui-

1984 4149 2105 4205 dem
2143 4150 2312 4205 altare
2339 4152 2744 4205 iucruentarum
2771 4158 2823 4206 et
2846 4152 3191 4206 rationalium
3216 4152 3548 4210 hostiarum.

1986 4249 2045 4296 ut
2086 4256 2226 4297 nova
2252 4240 2387 4296 Novi
2428 4241 2762 4297 Testameuti
2813 4244 3071 4315 mysteria
3112 4242 3411 4314 postularat,
3460 4256 3555 4311 per

306 4331 544 4427 uta—171?};
579 4331 919 4427 δημιουργὸν
943 4393 957 4416 ,
989 4351 1149 4405 αὐτὸν
1192 4350 1259 4422 δὴ
1311 4349 1403 4402 τὸν
1451 4347 1567 4401 τῶν
1592 4345 1869 4418 προφητῶι

1989 4341 2160 4389 totum
2189 4340 2459 4407 terrarum
2479 4334 2666 4389 orbem
2697 4343 2941 4390 erectum
2962 4343 3047 4390 est
3082 4350 3096 4386 :
3127 4342 3324 4390 etcum
3358 4334 3412 4387 iu
3465 4331 3558 4386 ΑΞ-

309 4422 534 4519 Κύριον,
570 4422 675 4500 τὸν*
698 4422 847 4501 Θεον
875 4443 1124 4514 Ἀϐραὰμ
1160 4441 1254 4497 καὶ
1300 4440 1407 4494 τῶν
1434 4438 1622 4492 τούτου
1673 4453 1869 4507 προπα-

1988 4435 2181 4499 gypto,
2203 4437 2316 4482 tum
2346 4428 2403 4484 in
2431 4427 2657 4497 reliquis
2682 4428 2957 4498 gentibus,
2990 4443 3112 4497 qua:
3146 4443 3327 4482 mores
3383 4425 3556 4496 Egy-

303 4518 506 4611 πόρων,
543 4538 679 4610 μετά
704 4537 804 4609 τὴν
835 4536 928 4590 τοῦ
954 4534 1205 4606 Σωτῆρος
1236 4531 1392 4603 ἡμῶν
1424 4529 1725 4603 παρουσίαν
1750 4528 1869 4581 ἀνα-

1988 4521 2223 4591 ptiorum
2248 4518 2546 4583 imitantes,
2563 4518 2971 4589 superstitionis
2984 4534 3169 4575 errore
3199 4519 3553 4574 tenebantur:

308 4608 636 4695 καλοῦνται;
671 4608 769 4683 καί
793 4629 842 4700 οἰ
875 4626 1053 4699 μικρῷ
1080 4623 1315 4700 πρόσθεν
1354 4620 1758 4694 μητρογαμίαις
1791 4619 1869 4681 κα¹

1988 4611 2091 4666 hac
2117 4611 2235 4681 ipsa
2262 4618 2423 4665 wtate
2449 4618 2637 4665 nostra
2669 4611 2913 4681 cognitio
2951 4610 3065 4666 veri
3123 4608 3219 4664 Dei
3279 4609 3556 4670 relucens,

310 4721 760 4793 θυγατρομιξίαις
788 4696 819 4783 ,ι’
855 4696 1299 4790 ἀλληλοφθορίαις
1350 4732 1411 4768 τε
1463 4714 1556 4769 καὶ
1603 4712 1869 4785 παντοίαις

1988 4704 2148 4787 ﬁdem
2180 4704 2248 4759 iis
2296 4718 2416 4774 quae
2443 4716 2475 4756 a
2507 4702 2787 4773 prophetis
2816 4702 3072 4772 praedicta
3102 4710 3251 4765 sunt,
3283 4701 3561 4755 indubita-

316 4814 648 4889 μιαιφονίαις
676 4811 1167 4883 ὲγκαλινδούμενοι,
1195 4809 1244 4863 οἱ
1299 4807 1463 4879 μηδέν
1502 4824 1557 4860 τι
1598 4805 1869 4878 ἀνημέρωι

1989 4807 2102 4854 tam
2140 4796 2407 4867 adjungit.
2439 4794 2566 4851 Haec
2599 4803 2780 4850 autem
2812 4812 2936 4851 cum
2967 4797 3148 4866 reipsa
3178 4796 3395 4851 interim
3438 4809 3562 4863 per-

313 4910 523 4984 θηρίων
556 4909 648 4963 τὸν
705 4908 901 4980 τρόπον
946 4905 1321 4977 διαφέροντες,
1367 4900 1486 4955 νυνὶ
1526 4898 1614 4952 διὰ
1655 4899 1754 4969 τῆς
1791 4898 1885 4952 τοῦ

312 5002 569 5075 Σωτῆρος
596 5000 754 5073 ήμῶν
782 4998 962 5053 ἐνθέου
1000 4998 1280 5068 δυνάμεως
1316 4992 1759 5067 μεταϐληθὼτες,
1792 4991 1888 5046 καὶ

314 5095 508 5167 ὥσπερ
540 5094 599 5161 ἐξ
632 5093 831 5165 ἑτέρων
872 5091 1052 5163 ἕτεροι
1091 5088 1394 5158 γεγονότες,
1423 5085 1615 5154 λόγους
1659 5082 1889 5155 ἀρετῆς,

1995 4889 2081 4945 ﬁci
2109 4889 2316 4953 videas,
2349 4901 2450 4943 nec
2506 4888 2759 4958 amplius,
2818 4894 2878 4943 ut
2923 4888 3195 4959 quondam
3254 4887 3431 4943 audita
3465 4903 3564 4941 ex-

1994 4980 2250 5051 spectari,
2279 4979 2328 5035 si
2351 4986 2570 5049 tempus
2605 4994 2817 5050 quaeras
2850 4980 2996 5036 unde
3042 4979 3369 5052 principium
3412 4981 3562 5047 ejus-

1995 5073 2141 5130 modi
2169 5088 2259 5129 res
2290 5074 2581 5143 acceperit,
2614 5089 2722 5128 non
2754 5073 2902 5129 aliud
2931 5073 3195 5137 invenies,
3232 5087 3397 5142 quam
3437 5088 3561 5129 cum

1999 5167 2251 5224 Salvator
2280 5175 2471 5225 noster
2495 5165 2735 5222 advenit.
2760 5166 2880 5238 Ipse
2908 5166 3074 5237 igitur
3102 5164 3191 5220 ille
3221 5164 3345 5232 fuit,
3399 5179 3559 5233 quem

1994 5261 2277 5321 oraculum
2307 5257 2671 5331 signiﬁcabat,
2697 5273 2823 5312 cum
2851 5257 3058 5313 diceret
3084 5255 3253 5309 Deum
3283 5265 3338 5309 et
3380 5252 3563 5309 Domi-

1996 5369 2130 5413 num
2153 5353 2415 5418 universi,
2464 5353 2761 5409 missurum
2817 5349 3088 5421 Egyptiis
3142 5347 3415 5407 hominem
3468 5347 3563 5420 qui

320 5189 415 5243 καὶ
437 5186 789 5260 σωφροσύνης
821 5183 1180 5254 παιδεύματα,
1229 5179 1502 5243 συνιόντες
1525 5179 1606 5242 είς
1640 5176 1710 5231 τά
1736 5175 1892 5231 κοινὰ

319 5280 687 5341 διδασκαλεῖα,
727 5277 1084 5350 μανθάνουσιν
1106 5292 1119 5306 ’
1149 5274 1226 5338 ὠς
1253 5274 1353 5345 τὴν
1389 5270 1646 5326 ἀνωτάτω
1674 5269 1892 5338 φιλοσο-

322 5373 450 5439 ῳίαν
475 5410 489 5433 ,
542 5370 639 5442 τὴν
689 5369 815 5441 μηδ’
856 5366 1145 5438 ἐμϐλέπειν
1194 5364 1510 5426 ἀκολάστοις
1561 5360 1889 5431 ὀφθαλμοῖς,

395 5513 445 5545 ’⁸
478 5513 581 5568 lsa.
614 5528 730 5578 nx,
771 5510 969 5577 19,20.

398 5652 474 5725 (il
504 5652 665 5725 Forte
698 5653 825 5725 leg.,
856 5650 973 5725 καθ’
1004 5651 1168 5725 ἡμᾶς.
1205 5652 1385 5712 αὐτοῖς
1424 5650 1530 5711 τοῖς
1556 5646 1677 5717 όφθ.
1716 5661 1862 5706 non.

2065 5640 2183 5716 (ἅμ”)
2219 5641 2373 5698 Οὐδ’.
2399 5641 2564 5703 Forte
2595 5638 2711 5695 οὐκ.
2743 5636 2920 5695 Εοιτ.-

401 5720 497 5797 (4⁸)
535 5724 687 5808 Οὐδ’.
716 5720 875 5780 Forte
902 5720 1031 5777 οὐκ.
1054 5720 1207 5777 Eutr.
