4068 6206
536 260 608 318 65
1188 258 1459 315 EUSEBII
1496 257 1974 318 CIESARIENSIS
2001 260 2152 319 OPP.
2197 259 2375 317 PARS
2407 260 2468 317 l1.
2513 289 2582 301 —-
2621 257 3124 316 APOLOGETICA.
3704 255 3774 315 δι

535 384 718 439 salvos
750 381 912 438 faciat
934 397 1048 446 eos,
1080 397 1242 451 quem
1263 391 1318 437 et
1343 380 1509 439 Mosis
1529 383 1788 439 vaticinia
1844 385 2083 454 perhibe-

2199 385 2334 456 μηδὲ
2361 383 2520 455 μέχρι
2544 383 2718 452 λόγων
2739 382 3228 454 ἀδιαφορεϊν,.μηδὲ
3257 379 3327 436 τὰ
3344 376 3498 436 κοινά
3526 380 3624 435 καὶ
3659 381 3774 443 τοῖς

535 474 686 538 bant,
709 474 800 528 ubi
827 474 931 527 ait:
952 472 1271 542 Egredietur
1289 472 1452 528 homo
1468 474 1537 531 de
1554 475 1763 530 semine
1792 476 1912 545 ejus
1940 485 1994 532 et
2008 476 2105 530 do-

534 565 832 621 minabitur
852 564 1100 635 gentibus
1125 564 1312 620 multis
1339 567 1421 633 ⁹²;
1455 567 1510 620 in
1537 567 1739 637 quibus
1759 583 1890 624 sane
1923 570 2102 640 genti-

534 654 642 710 bus
657 664 710 710 et
727 653 1010 726 Egyptios
1027 656 1301 710 numerari
1329 672 1426 727 par
1447 666 1550 713 est.
1570 659 1768 714 Verum
1786 659 1956 715 dehis
1981 662 2105 732 qui-

532 748 654 804 dem
683 748 892 817 longior
915 756 1061 803 esset
1092 748 1289 812 oratio,
1313 756 1367 804 et
1403 765 1499 820 per
1526 750 1699 805 otium
1728 752 1856 807 huic
1888 752 1990 822 ipsi
2023 753 2102 809 rei

531 842 790 905 dicatum,
841 842 1145 899 absolutius
1183 844 1477 899 reddenda.
1544 843 1698 912 Quod
1743 856 1924 903 autem
1963 865 2102 918 prae-

532 935 700 990 sentis
728 935 833 989 loci
863 938 934 991 sit
967 937 1271 1006 proprium,
1313 937 1444 991 illud
1489 946 1741 994 teneatur
1794 957 1807 992 :
1856 957 1920 997 ea
1980 959 2101 1014 qua:

529 1027 788 1097 praedicta
816 1035 965 1092 sunt,
999 1043 1106 1082 non
1143 1029 1278 1084 alias
1301 1044 1463 1099 quam
1503 1038 1625 1100 post
1652 1032 1942 1087 adventum
1968 1033 2098 1090 Jesu

529 1115 830 1172 Salvatoris
882 1119 1057 1173 nostri
1087 1134 1206 1174 esse
1231 1119 1520 1188 completa.
1552 1121 1634 1176 Ab
1684 1123 1776 1176 illo
1831 1124 1974 1178 enim
2029 1125 2098 1179 ad

527 1207 673 1262 hunc
702 1225 876 1277 usque
912 1209 1055 1264 diem
1100 1211 1242 1281 apud
1291 1211 1596 1283 Egyptios,
1655 1214 1798 1284 apud
1857 1214 2052 1272 Persas
2079 1257 2095 1282 ,

529 1299 718 1371 Syros,
770 1302 1080 1369 Armenios,
1139 1303 1282 1374 apud
1329 1313 1602 1360 extremas
1646 1316 1914 1362 terrarum
1969 1323 2096 1364 oras

524 1393 825 1450 incolentes
877 1395 1175 1460 barbaros,
1223 1404 1277 1450 et
1334 1412 1458 1451 cum
1487 1398 1590 1467 21
1623 1399 1765 1469 apud
1803 1399 1902 1455 has
1947 1401 2096 1470 ipsas

525 1483 676 1552 prius
736 1485 1161 1540 immanissimas
1204 1491 1260 1541 et
1304 1484 1606 1542 ferissimas
1662 1489 1932 1554 nationes,
1980 1498 2096 1546 tum

524 1590 652 1630 vero
683 1577 844 1630 etiam
893 1577 1036 1647 apud
1082 1593 1177 1633 eos
1229 1578 1322 1648 qui
1365 1579 1818 1636 insulas_colunt
1851 1581 2093 1652 (quando

523 1676 578 1724 et
626 1669 693 1724 de
741 1669 825 1724 bis
875 1670 1162 1740 prophetia
1210 1686 1319 1725 non
1361 1671 1644 1742 indignum
1679 1673 1888 1744 putavit
1913 1674 2092 1730 facere

521 1759 886 1828 mentionem)
955 1761 1074 1830 ipsa
1133 1760 1270 1824 illa,
1337 1775 1458 1828 quae
1528 1770 1752 1817 auctore
1813 1762 2087 1818 Abraham

523 1852 914 1924 comprobatur
965 1852 1142 1907 civilis
1196 1853 1374 1919 ratio,
1428 1862 1481 1909 et
1527 1855 1770 1909 omnium
1819 1856 2088 1926 antiquis-

523 1945 695 1999 simus
727 1945 938 2000 colendi
973 1943 1140 1999 Deum
1171 1960 1310 2012 mos,
1360 1946 1688 2003 celebratur.
1719 1947 1786 2002 Et
1817 1955 1942 2018 quis
1975 1965 2086 2004 non

521 2035 638 2105 ipsa
691 2036 768 2090 rei
797 2035 1146 2091 mirabilitate
1195 2037 1597 2112 Obstupescat?
1633 2055 1757 2095 cum
1787 2055 1883 2096 eos
1925 2043 2019 2112 qui
2052 2059 2085 2096 ιι

519 2129 741 2184 condito
774 2144 923 2195 aavo,
960 2129 1260 2200 lapidibus,
1293 2138 1347 2186 et
1372 2131 1554 2203 lignis,
1618 2141 1672 2188 et
1721 2135 2081 2204 daemonibus,

518 2221 821 2292 belluisque
846 2222 1083 2277 humana
1112 2239 1275 2278 carne
1303 2224 1680 2281 victitantibus
1711 2233 1764 2282 et
1798 2229 2084 2298 reptilibus

517 2320 818 2383 venenatis,
875 2319 1307 2390 animalibusque
1361 2321 1541 2376 omnis
1583 2324 1818 2392 generis,
1852 2331 1905 2378 et
1953 2323 2082 2380 feris

517 2408 864 2477 informibus,
918 2412 1157 2481 ignique,
1192 2422 1245 2466 et
1280 2421 1467 2478 terrae,
1523 2421 1578 2468 et
1624 2414 1796 2482 ipsius
1841 2413 2082 2469 universi

516 2498 832 2556 inanimatis
880 2502 1183 2566 elementis,
1217 2502 1460 2556 divinum
1508 2505 1768 2560 honorem
1794 2515 1847 2560 et
1876 2507 2081 2560 cultum

512 2592 828 2646 tribuebant
865 2611 877 2647 :
921 2594 1246 2648 altissimum
1289 2591 1456 2649 Deum
1485 2635 1499 2660 ,
1553 2603 1609 2650 et
1660 2597 1783 2650 caeli
1831 2612 1895 2651 ac
1925 2606 2083 2653 terrae

513 2681 782 2752 opiﬁcem,
841 2683 1018 2752 ipsum
1071 2685 1257 2754 utique
1309 2687 1695 2756 prophetarum
1753 2689 2078 2756 Dominum,

515 2770 793 2844 Deumque
836 2775 1128 2839 Abraham,
1165 2786 1217 2831 et
1239 2793 1462 2832 avorum
1502 2779 1770 2848 ejusdem,
1803 2790 1926 2852 post
1962 2782 2083 2837 Sal-

513 2863 720 2918 vatoris
749 2867 920 2919 nostri
953 2866 1264 2930 adventum,
1295 2869 1475 2924 videat
1509 2871 1832 2926 invocantes
1867 2889 1880 2925 :
1913 2880 1967 2926 et
1986 2886 2083 2927 eos

511 2954 608 3024 qui
642 2955 802 3024 paulo
835 2963 959 3009 ante
981 2972 1009 3008 a
1041 2959 1304 3015 matribus
1353 2969 1407 3016 et
1440 2961 1654 3017 ﬁliabus
1680 2961 1954 3017 libidinem
1972 2977 2083 3017 non

513 3050 897 3114 abstinebant,
929 3066 1094 3122 seque
1129 3061 1319 3107 mutuo
1373 3055 1514 3110 inter
1551 3071 1612 3112 se
1636 3059 2080 3128 corrumpebant,

509 3148 565 3196 et
589 3143 770 3200 omnis
795 3144 1012 3213 generis
1043 3146 1518 3203 cruentationibus
1545 3157 1599 3203 et
1633 3148 1874 3204 caedibus
1897 3150 2079 3220 inqui-

512 3234 737 3297 nabant,
774 3237 865 3304 qui
919 3236 1053 3290 nihil
1088 3238 1157 3291 ab
1185 3237 1517 3294 immanibus
1580 3238 1729 3304 feris,
1770 3241 1910 3295 victu
1959 3242 2079 3312 ipso

509 3326 847 3394 diﬁerebant,
878 3344 1023 3383 nunc
1056 3345 1151 3399 per
1175 3328 1474 3385 Salvatoris
1507 3334 1677 3388 nostri
1707 3331 1947 3387 divinam
1976 3336 2081 3389 vir-

509 3427 682 3476 tutem
717 3428 976 3484 mutatos,
1012 3429 1065 3476 et
1109 3422 1269 3492 quasi
1301 3439 1368 3477 ex
1410 3423 1534 3479 aliis
1559 3425 1696 3480 alios
1730 3424 1927 3490 factos,
1961 3442 2079 3482 ser-

509 3527 702 3568 mones
751 3513 819 3568 de
863 3514 1082 3577 virtute,
1139 3516 1524 3586 modestiaeque
1575 3528 1839 3589 praecepta
1870 3529 1928 3574 ut
1966 3521 2080 3576 dis-

507 3615 657 3668 cant,
688 3606 742 3659 in
773 3621 1092 3663 communes
1122 3608 1343 3666 scholas
1393 3611 1612 3666 assidue
1650 3615 2033 3671 convenientes
2055 3617 2080 3669 ?

506 3704 674 3766 atque
721 3697 855 3752 adeo
887 3697 1128 3768 quidem,
1163 3712 1222 3754 ut
1249 3709 1356 3756 tam
1384 3702 1597 3758 feminae
1626 3719 1787 3773 quam
1815 3706 1936 3768 viri,
1966 3715 2076 3760 tam

509 3804 777 3860 pauperes
806 3807 968 3861 quam
982 3793 1198 3857 divites.
1233 3803 1342 3848 tam
1366 3797 1617 3867 vulgares
1645 3807 1700 3852 et
1729 3799 2077 3869 ignariquam

506 3879 654 3936 docti
685 3883 846 3938 etiam
879 3885 1053 3953 pueri,
1076 3893 1128 3942 et
1157 3888 1448 3958 mancipia,
1500 3904 1607 3944 non
1632 3890 1811 3946 minus
1837 3892 1888 3945 in
1907 3892 2074 3962 agris,

506 3988 673 4044 quam
696 3976 750 4028 in
781 3975 1031 4039 urbibus.
1061 3977 1116 4030 in
1167 3978 1285 4032 loca
1333 3986 1483 4033 certa
1517 3982 1860 4047 conveniant,
1894 3991 1953 4036 ut
1983 3998 2078 4038 su-

508 4079 750 4134 premam
773 4065 916 4119 illam
936 4067 1330 4137 philosophiam
1354 4069 1622 4134 ediscant,
1648 4086 1769 4140 qua:
1796 4073 2073 4139 admonet,

507 4169 579 4209 ne
608 4155 806 4210 intueri
837 4156 1055 4225 quidem
1086 4158 1456 4226 petulantibus
1485 4161 1660 4216 oculis
1694 4163 1774 4225 las
1803 4179 1948 4228 esse,
1981 4180 2076 4220 nev

507 4260 615 4317 que
639 4245 863 4301 verbum
896 4249 1143 4303 emittere
1181 4251 1436 4315 otiosum,
1479 4268 1653 4323 neque
1681 4269 1743 4308 ea
1771 4271 1892 4325 qua:
1919 4271 2075 4310 com.

505 4337 694 4392 munia
723 4345 872 4405 sunt,
911 4345 965 4392 et
1005 4340 1258 4396 omnibus
1317 4351 1578 4398 consueta
1627 4357 1862 4414 patrare,
1889 4355 1944 4402 et
1972 4347 2072 4401 do-

505 4437 736 4485 ceantur
760 4445 945 4484 verum
981 4430 1130 4485 illum
1149 4448 1375 4499 morem,
1407 4453 1567 4506 quem
1596 4437 1797 4507 ubique
1832 4439 2071 4494 locorum
2104 4459 2150 4514 ο

504 4518 564 4574 in
595 4520 744 4574 cultu
766 4529 820 4574 et
851 4519 1114 4590 obsequio
1137 4525 1334 4578 summi
1362 4523 1455 4580 Dei
1505 4543 1724 4584 servare
1764 4532 2072 4596 conveniat,

505 4611 650 4666 sicut
680 4611 816 4665 dixit
860 4611 1142 4682 prophetia
1182 4634 1193 4668 :
1239 4632 1258 4666 ι
1298 4614 1362 4669 Et
1390 4614 1698 4673 adorabunt
1743 4635 1868 4674 eum
1903 4637 2075 4678 unus-

504 4702 738 4773 quisque
761 4703 828 4758 de
862 4703 980 4761 loco
1030 4720 1130 4760 suo
1173 4706 1238 4761 ".
1287 4724 1305 4758 ι
1339 4707 1581 4766 Adorant
1604 4712 1769 4784 igitur
1800 4730 2070 4770 summum

502 4793 675 4850 Deum
719 4811 908 4852 omnes
964 4797 1181 4852 barbari
1227 4809 1280 4853 et
1332 4800 1527 4869 Graeci,
1559 4821 1666 4858 non
1697 4804 2072 4878 Hierosolyma

503 4897 994 4960 currentes,neque
1015 4893 1304 4949 cruoribus
1337 4903 1430 4949 aut
1460 4897 1746 4953 sacriﬁciis
1768 4900 2068 4969 placantes,

501 4983 599 5040 sed
628 4983 772 5039 domi
813 4999 926 5040 sua:
960 4985 1102 5056 apud
1147 4987 1357 5057 seipsos
1390 4991 1442 5043 in
1487 4990 1681 5060 spiritu
1733 5000 1786 5046 et
1815 5004 2064 5058 veritate,

502 5075 790 5132 incruento
833 5091 1078 5146 puroque
1106 5079 1369 5149 obsequio
1400 5081 1550 5134 illum
1589 5083 1848 5137 colentes.
1889 5083 2067 5138 Ethoc

500 5166 682 5224 fuerat
710 5166 886 5238 ipsum
910 5167 1119 5223 Novum
1141 5167 1734 5241 Testamentum,quod
1761 5189 1868 5228 non
1893 5175 2068 5228 instar

500 5263 701 5330 prioris
727 5261 892 5328 illius,
923 5269 976 5316 et
1001 5263 1199 5318 veteris
1232 5262 1435 5318 factum
1457 5273 1560 5318 est.
1581 5262 1750 5321 Vetus
1782 5277 1962 5322 autem
1985 5269 2066 5322 in-

500 5356 752 5424 itelligito,
783 5371 893 5410 non
926 5364 1239 5412 sanctorum
1279 5356 1556 5411 hominum
1582 5359 1673 5428 qui
1710 5367 1837 5413 ante
1861 5358 2064 5415 Mosem

500 5448 675 5512 fuere,
716 5446 815 5502 sed
839 5449 984 5516 quod
1015 5451 1148 5520 legis
1172 5451 1291 5506 loco
1309 5451 1576 5506 universae
1603 5448 1915 5506 Iudaeorum
1960 5468 2062 5506 na-

499 5539 637 5599 tioni
660 5541 728 5596 ab
751 5539 868 5610 ipso
899 5539 1047 5598 Mose
1074 5543 1310 5613 positum
1333 5551 1436 5598 est.
1471 5543 1740 5609 Quocirca
1775 5544 2060 5600 oraculum

569 5699 618 5735 ”
650 5703 810 5758 Deut.
849 5714 1004 5769 mn,
1043 5701 1132 5766 13,
1199 5703 1242 5735 θ’
1281 5704 1384 5758 lsa.
1421 5718 1542 5771 xcv,
1583 5702 1662 5758 Η.

2205 474 2338 526 πᾶσι
2377 472 2578 544 συνήθη
2622 473 3048 544 διαπράττεσθαι
3082 473 3480 544 παραινοῦσαν,
3518 471 3577 524 οὐ
3615 471 3772 541 μόνον

2203 565 2424 636 ἄνδρας,
2446 565 2582 617 ἀλλά
2600 564 2694 617 καὶ
2715 568 2998 634 γυναῖκας,
3017 565 3255 635 πένητάς
3277 583 3332 619 τε
3361 564 3456 618 καὶ
3468 563 3770 627 πλουσίους,

2202 655 2414 725 λογίους
2438 672 2496 708 τε
2519 655 2612 708 καὶ
2633 655 2870 720 ἰδιώτας,
2903 657 3062 727 μέχρι
3087 657 3181 709 καὶ
3210 656 3435 718 παίδων,
3460 651 3560 709 καῖ
3573 655 3770 727 ἀνδρα-

2203 747 2398 810 πόδων,
2423 748 2480 798 ὲν
2507 748 2628 810 ταῖς
2653 746 2796 800 κατά
2822 747 2976 800 πόλιν
2996 748 3088 800 καὶ
3118 748 3237 798 κατ’
3258 745 3462 817 ἀγροὺς
3475 743 3773 816 διατριϐαῖς

2202 838 2572 903 παιδεύεσθαι,
2605 839 2892 910 μανθάνειν
2917 856 2977 891 τε
3005 838 3180 910 ἀληθῆ
3205 839 3423 909 τρόπον,
3453 837 3574 890 καθ’
3605 837 3661 889 ὂν
3680 836 3772 889 τὸν

2202 932 2294 984 ἐπὶ
2331 931 2547 984 πάντων
2589 933 2854 1004 προσήκει
2902 931 3032 985 Θεὸν
3064 930 3273 994 σέϐειν,
3308 929 3403 984 καὶ
3450 928 3774 1001 θεραπεύειν

2201 1025 2259 1078 ὲν
2290 1025 2450 1078 παντὶ
2476 1025 2642 1095 τόπῳ,
2664 1025 2802 1078 κατά
2831 1023 2930 1096 τὴν
2960 1027 3204 1096 φήσασαν
3233 1023 3596 1096 προφητείανο
3621 1023 3774 1077 (Καὶ
3799 1039 3802 1041 ‘

2202 1121 2667 1189 προσκυνήσουσιν
2696 1117 2862 1189 αύτῷ,
2885 1118 3112 1182 ἕκαστος
3145 1120 3208 1171 ἐκ
3227 1118 3318 1170 τοῦ
3340 1118 3506 1170 τόπου
3533 1116 3719 1170 αὐτοῦ.
3747 1137 3765 1168 ι

2199 1209 2502 1279 Προσκυνεί
2543 1207 2676 1278 δῆτα
2708 1205 2801 1262 οὖν
2833 1211 2941 1273 πᾶς
2973 1208 3050 1280 τῷ
3096 1209 3187 1262 ἐπὶ
3222 1209 3436 1262 πάντων
3466 1207 3583 1278 Θεῷ
3634 1207 3770 1279 βάρ-

2199 1300 2362 1372 ϐαρος
2401 1303 2495 1354 καὶ
2539 1301 2756 1372 Ἕλλην,
2808 1302 2867 1354 οὐ
2919 1302 3129 1373 τρέχων
3166 1301 3259 1355 ἐπὶ
3293 1300 3361 1354 τά
3402 1298 3767 1371 Ἰεροσόλυμα,

2197 1393 2303 1447 οὐδ’
2338 1395 2528 1465 αἵμασι
2562 1395 2655 1448 καὶ
2679 1395 2888 1459 θυσίαις
2917 1395 3325 1466 ἀφοσιούμενος,
3347 1395 3556 1449 οἴκοθεν
3586 1395 3645 1450 δὲ
3674 1393 3769 1448 καὶ

2195 1487 2280 1556 ἐφ’
2329 1487 2506 1558 ἑαυτῷ
2548 1487 2756 1559 μένων,
2807 1488 2902 1540 καὶ
2943 1486 3214 1558 πνεύματι
3252 1488 3345 1541 καὶ
3397 1485 3624 1557 ἀληθείᾳ
3667 1484 3767 1556 τὴν

2194 1577 2420 1648 ἄναιμον
2456 1579 2549 1632 καὶ
2588 1578 2835 1650 καθαρὰν
2867 1578 3151 1642 ἀποδιδοὺς
3177 1578 3323 1650 αύτῷ
3353 1578 3625 1650 λατρείαν.
3656 1578 3768 1632 Καὶ

2193 1669 2330 1741 αὐτή
2366 1687 2430 1738 γε
2457 1666 2526 1742 ἦν
2557 1671 2590 1741 ἡ
2625 1672 2802 1743 Καινὴ
2831 1671 3092 1744 Διαθήκη,
3136 1671 3196 1724 οὐ
3227 1670 3367 1724 κατά
3398 1669 3495 1741 τὴν
3533 1669 3766 1725 παλαιὰν

2124 1738 2166 1797 Β
2193 1738 2550 1832 τυγχάνουσα.
2580 1738 2829 1817 ’Παλαιάν
2853 1763 2909 1816 δὲ
2947 1738 3106 1835 μήτοι
3137 1763 3363 1835 νομίσῃς
3393 1738 3643 1830 λέγεσθαι
3667 1762 3768 1832 τὴν

2193 1852 2302 1906 τῶν
2362 1854 2468 1925 πρὸ
2501 1855 2743 1918 Μωσέως
2785 1855 3045 1924 θεοφιλῶν
3088 1855 3316 1926 ἀνδρῶν,
3350 1855 3487 1909 ἀλλά
3533 1855 3629 1926 τὴν
3663 1853 3770 1908 ὑπὸ

2192 1945 2436 2010 Μωσέως
2493 1947 2657 2000 αὑτοῦ
2681 1947 2758 2018 τῷ
2792 1948 3058 2002 Ἰουδαίων
3086 1947 3226 2001 ἔθνει
3247 1947 3766 2019 νενομοθετημένην.

2206 2037 2483 2108 Ἐπιφέρει
2517 2037 2647 2104 γοῦν
2671 2041 2700 2092 ὁ
2735 2037 2888 2106 λόγος
2921 2037 3221 2108 διασαφῶν,
3249 2040 3372 2091 τίνα
3391 2038 3590 2108 ἔφησεν
3629 2033 3768 2091 εἶναι

2190 2129 2294 2202 τὴν
2325 2130 2580 2196 παλαιὰν,
2701 2130 2865 2202 μηδὲν
2908 2132 3092 2202 ὅμοιον
3125 2131 3347 2202 σχήσειν
3389 2131 3628 2185 διδάσκει
3667 2131 3770 2203 τὴν

2191 2223 2403 2294 καινὴν,
2444 2223 2649 2292 λέγων·
2695 2243 2714 2275 ι
2747 2223 3080 2296 Διαθήσομαι
3127 2224 3400 2296 Διαθήκην
3437 2226 3670 2297 Καινὴν,
3701 2225 3764 2280 οὐ

2193 2315 2334 2366 κατά
2362 2315 2461 2385 τὴν
2495 2314 2790 2385 Διαθήκην,
2817 2317 2882 2386 ἣν
2923 2315 3179 2387 διεθέμην
3209 2319 3319 2380 τοῖς
3364 2319 3661 2390 πατράσιν,
3705 2320 3766 2371 ὲν

2189 2405 2374 2476 ἡμέρᾳ
2413 2405 2806 2476 ἐπιλαϐομένου
2841 2424 2942 2476 μου
2976 2407 3075 2477 τῆς
3107 2407 3288 2478 χειρὸς
3331 2409 3544 2475 αὐτῶν,
3570 2410 3766 2479 ἐξαγα-

2189 2499 2305 2564 γεῖν
2351 2497 2546 2560 αὐτοὺς
2594 2499 2659 2549 ὲκ
2708 2498 2810 2567 γῆς
2857 2498 3149 2566 Αίγύπτου.
3180 2518 3198 2550 ι
3252 2501 3326 2553 Ού
3374 2503 3512 2555 κατά
3560 2501 3766 2574 ταύτην

2189 2587 2320 2656 γοῦν
2351 2605 2480 2659 φησι
2513 2588 2608 2659 τὴν
2641 2589 2745 2642 ὑπὸ
2771 2591 3014 2654 Μωσέως
3073 2591 3588 2666 νενομοθετημένην.
3615 2594 3774 2667 Δῦτη.

2189 2680 2298 2751 γὰρ
2324 2677 2391 2752 ἦν
2417 2683 2558 2734 κατά
2585 2681 2684 2751 τὴν
2717 2681 2892 2748 ἔξοδον
2929 2683 3026 2753 τὴν
3059 2684 3153 2736 ἀπ’
3181 2684 3455 2753 Αἰγύπτου
3484 2690 3596 2751 τοῖς
3633 2688 3764 2741 Ίου-

2188 2771 2360 2836 δαίοις
2391 2777 2772 2846 παραδοθεῖσα.
2802 2775 3017 2842 Ἔδοξεν
3044 2774 3109 2829 ἂν
3136 2771 3228 2829 οὖν
3247 2777 3493 2831 ἐναντίαν
3518 2779 3764 2848 εἰσάγειν

2189 2863 2286 2933 τὴν
2313 2865 2520 2936 Καινὴν
2553 2865 2824 2937 Διαθήκην
2848 2865 2940 2919 τοῦ
2967 2866 3169 2938 τρόπου
3194 2868 3290 2938 τῆς
3320 2867 3625 2933 θεοσεϐείας
3653 2869 3764 2925 τῶν

2188 2955 2332 3027 ἀμφὶ
2358 2956 2448 3009 τὸν
2484 2957 2733 3028 Ἀϐραὰμ
2769 2957 3048 3025 θεοφιλῶν,
3081 2959 3130 3010 εί
3173 2958 3245 3030 μὴ
3276 2961 3519 3028 ἀκριϐῶς
3559 2963 3762 3034 ἐπεση-

2193 3051 2417 3122 μήνατο,
2451 3052 2657 3122 φήσας’
2710 3071 2728 3102 ‹
2771 3053 3014 3106 Ού·κατά
3053 3051 3150 3123 τὴν
3185 3053 3459 3125 Διαθήκην
3499 3057 3564 3126 ἥν
3591 3057 3764 3111 διεθέ-

2186 3159 2294 3214 μην
2321 3145 2434 3206 τοῖς
2464 3144 2735 3213 πατράσιν
2760 3143 2938 3197 αὐτῶν
2968 3143 3088 3196 κατ’
3110 3145 3284 3198 έκεῖνο
3317 3145 3532 3217 καιροῦ,
3563 3146 3682 3200 καθ’
3701 3148 3761 3200 ὃν

2180 3237 2446 3308 ἐξήγαγον
2475 3238 2669 3301 αὐτοὺς
2701 3239 2765 3291 ὲκ
2795 3238 2898 3309 γῆς
2924 3238 3216 3307 Αἰγύπτου.
3249 3258 3269 3290 ι
3300 3239 3372 3291 Ού
3391 3239 3530 3293 κατά
3544 3240 3641 3311 τὴν
3657 3239 3763 3292 ὑπὸ

2184 3330 2425 3394 Μωσέως
2463 3331 2569 3402 ἄρα
2616 3330 2708 3382 ἐπὶ
2763 3330 2862 3400 τῆς
2903 3328 3105 3395 ἐξόδου.
3136 3331 3228 3384 καὶ
3251 3331 3343 3384 ἐπὶ
3364 3332 3463 3402 τῆς
3493 3330 3634 3385 κατά
3663 3333 3761 3402 τήν

2180 3420 2385 3494 ἔρημον
2448 3420 2726 3492 διατριϐῆς
2786 3422 3318 3493 νενομοθετημένην,
3381 3422 3597 3476 ἔσεσθαι
3659 3423 3760 3494 τὴν

2179 3513 2384 3585 Καινὴν
2409 3512 2712 3576 ὲθέσπιξεν,
2732 3511 2866 3566 ἀλλά
2899 3515 3016 3566 κατ’
3038 3514 3252 3584 ἐκείνην
3282 3513 3481 3585 δηλαδὴ
3512 3515 3610 3586 τὴν
3636 3515 3762 3588 πρό-

2181 3605 2348 3658 παλαι
2393 3604 2874 3676 πολιτευσαμένην,
2908 3605 2974 3658 δι’
2997 3600 3065 3676 ἦς
3088 3606 3530 3677 κατορθώσαντες
3555 3607 3762 3678 ἀνεφάπ

2178 3715 2346 3769 νησαν
2377 3699 2425 3750 oi
2456 3699 2559 3770 πρὸ
2591 3697 2848 3761 Μωσέως.
2890 3699 2966 3750 Δι’
2991 3697 3027 3752 ἀ
3059 3698 3123 3770 δὴ
3153 3699 3340 3752 λοιπὸν
3381 3699 3484 3770 ήδη
3518 3699 3759 3772 θαρρῶν,

2176 3792 2275 3855 τὰς
2293 3791 2400 3844 τῶν
2416 3790 2684 3843 θεοσεϐεἰν
2701 3791 3180 3862 ἐπαγγελλομένων
3201 3792 3544 3864 προαιρέσεις
3567 3794 3642 3864 μὴ
3666 3794 3759 3847 ἐπὶ

2177 3884 2288 3949 δύο,
2318 3881 2451 3936 ἀλλά
2479 3882 2601 3953 τρία
2628 3883 2834 3954 διαιροῦ
2865 3884 3140 3954 τάγμα-ια’
3169 3886 3230 3938 τό
3261 3903 3319 3938 τε
3342 3885 3448 3939 τῶν
3484 3887 3759 3950 παντελῶς

2177 3973 2596 4046 είδωλολατρῶν,
2624 3974 2732 4028 τῶν
2761 3975 2824 4047 δὴ
2860 3976 2953 4028 ἐπὶ
2976 3977 3074 4048 τὴν
3107 3976 3364 4030 πολύθεον
3394 3978 3597 4048 πλάνην
3621 3979 3756 4031 ἀπο-

2177 4065 2561 4130 πεπτωκότων,
2598 4066 2777 4119 καὶτὸ
2811 4065 2919 4119 τῶν
2949 4069 3012 4120 ὲκ
3038 4068 3338 4139 περιτομῆς
3385 4067 3474 4121 διά
3507 4067 3750 4130 Μωσέως

2177 4157 2269 4209 ἐπὶ
2299 4156 2390 4210 τὸν
2417 4155 2630 4229 πρῶτον
2652 4157 3055 4228 ἀνεληλυθότων
3087 4157 3188 4226 τῆς
3208 4158 3487 4220 εὐσεϐείας
3517 4156 3749 4227 βαθμὸνο

2178 4249 2274 4302 καὶ
2301 4250 2482 4321 τρίτον
2509 4249 2570 4302 τὸ
2598 4248 2706 4303 τῶν
2735 4248 3221 4320 ἐπαναϐεϐηκότων
3260 4249 3346 4304 δὶἀ
3378 4247 3480 4319 τῆς
3510 4244 3752 4314 εὐαγγε-

2175 4341 2332 4414 λικῆς
2363 4342 2732 4404 διδασκαλίας,
2771 4342 2800 4394 ὃ
2832 4341 3059 4395 καὶτῶν
3093 4341 3236 4394 δυεῖν
3265 4340 3430 4411 μέσον
3463 4341 3753 4412 παρεμϐα-

2177 4433 2313 4498 λὼν,
2352 4433 2542 4505 μηκέθ’
2579 4432 2712 4504 ἡγοῦ
2744 4435 2866 4497 τοὺς
2904 4433 3010 4486 ἀπὸ
3056 4433 3323 4486 Ἰουδαίων
3357 4431 3754 4502 ἀφισταμένους

2183 4528 2397 4592 πάντως
2421 4527 2530 4580 δεῖν
2573 4529 2657 4596 ἐφ’
2700 4525 3051 4597 Ἐλληνισμὸν
3093 4525 3412 4591 ἐκπίπτειν,
3450 4524 3584 4596 μηδὲ
3627 4524 3755 4587 τοὺς

2181 4618 2241 4684 ἐξ
2269 4619 2534 4690 Ἑλλήνων
2567 4617 2979 4690 ἀναχωροῦντας
3007 4615 3066 4682 ἐξ
3092 4616 3339 4686 ἀνάγκης
3379 4617 3575 4688 χρῆναι
3620 4612 3751 4669 ’1ου-

2180 4711 2365 4774 δαίους
2415 4710 2661 4764 ἐσεσθαι’
2709 4709 2818 4764 τῶν
2860 4709 2916 4763 δὲ
2971 4709 3150 4781 μέσων
3200 4707 3333 4761 ἑλὼν
3384 4709 3474 4761 τὸν
3526 4707 3749 4779 τρόπον,

2178 4802 2430 4873 εὑρήσεις
2454 4801 2565 4855 ἀνω
2592 4820 2692 4856 που
2719 4801 2948 4865 ἑστῶτα,
2974 4802 3068 4854 καὶ
3087 4800 3273 4871 ὥσπερ
3300 4801 3384 4870 ἐφ’
3413 4799 3749 4871 ὑψηλοτάτης

2177 4893 2486 4966 ἀκρωρείας
2529 4892 2936 4965 ἀναϐεϐηκότα,
2973 4891 3310 4964 ἑκατέρωθεν
3351 4892 3408 4946 δὲ
3440 4892 3588 4947 κάτω
3625 4892 3752 4956 τοὺς

2175 4985 2394 5049 λοιποὺς
2420 4986 2828 5040 ἀπολελοιπότα.
2862 4985 3128 5056 Ἑλλήνων
3161 4984 3259 5055 μὲν
3305 4983 3414 5056 γὰρ
3445 4984 3748 5054 ἐκπέφευγε

2175 5081 2273 5150 τὴν
2309 5079 2464 5133 ἄθεον
2515 5080 2609 5132 καὶ
2653 5078 2966 5150 πολυπλανῆ
3015 5078 3432 5148 δεισιδαιμονίαν
3458 5119 3472 5142 ,
3524 5080 3618 5130 καὶ
3650 5077 3746 5140 τὰς

2175 5172 2462 5242 ἀνειμένας
2497 5172 2754 5243 πορνείας
2798 5189 2856 5224 τε
2902 5173 2998 5226 καὶ
3043 5171 3346 5241 ἀκοσμίας·
3387 5170 3648 5224 Ἰουδαίων
3691 5167 3747 5220 δὲ

2175 5262 2436 5325 ὡσαύτως
2466 5261 2563 5334 τὴν
2625 5263 2731 5316 ὑπὸ
2771 5263 3013 5326 Μωσέως
3054 5262 3220 5334 ἀτελῆ
3270 5262 3364 5314 καὶ
3411 5257 3498 5315 οἷα
3536 5259 3747 5330 νηπίοις

2176 5357 2269 5409 καὶ
2291 5355 2536 5409 ἀσθενέσι
2564 5357 2895 5428 κατάλληλον
2917 5355 3384 5428 ὲθελοθρησκείαν.
3411 5353 3518 5408 Τὸν
3550 5354 3746 5406 οἰκεῖον

2168 5446 2225 5500 δὲ
2261 5446 2462 5500 ἄνωθεν
2490 5448 2549 5500 οὐ
2603 5448 2762 5519 μόνον
2829 5449 3136 5513 Ἰουδαίοις,
3189 5446 3323 5501 ἀλλά
3375 5447 3470 5502 καὶ
3519 5443 3744 5513 Ἕλλησι

2169 5538 2261 5591 καὶ
2297 5536 2622 5612 βαρϐάροις,
2679 5543 2772 5596 καὶ
2828 5543 2938 5605 τοῖς
2988 5542 3076 5611 ὑφ’
3127 5540 3264 5611 ήλίῳ
3317 5539 3481 5594 πᾶσιν
3536 5535 3747 5591 ἔθνεσιν
