4068 6206
364 240 434 297 65
1269 232 1923 293 DEMONSTRATIONIS
1961 236 2422 297 EVANGELICAE
2466 243 2593 297 LIB.
2634 244 2676 300 1.
3533 239 3602 291 66

358 355 728 425 ἐπιϐοώμενος
781 350 984 421 νόμον,
1038 352 1137 423 δρα
1182 351 1233 403 τί
1292 371 1483 424 φησιν’
1521 351 1589 407 Ὦ
1643 355 1916 428 ἄνθρωπε,

2031 355 2205 425 ipsum
2232 357 2337 426 22
2368 357 2612 427 adjungit
2637 373 2724 422 ea,
2749 357 2944 430 quibus
2965 362 3183 431 planum
3210 363 3394 429 faciat,
3416 352 3605 435 quod“

352 450 447 504 καὶ
480 446 706 517 σύμπαν
752 443 814 495 τὸ
865 442 1068 513 θνητῶν
1105 445 1295 513 γένος,
1351 445 1379 495 ὁ
1431 446 1529 516 μὲν
1561 446 1623 517 δὴ
1682 447 1931 510 Μωσέως

352 542 516 615 νόμος
543 581 557 604 ,
634 539 726 608 ἀφ’
783 535 899 598 ἑνὸς
969 537 1155 605 γένους
1223 534 1521 609 ἀνθρώπων
1586 538 1886 609 ἀρξάμενος
1912 578 1927 602 ,

352 636 574 706 πρῶτον
630 629 881 685 ἁπάντων
934 627 995 680 τὸ
1060 627 1326 682 Ἰουδαίων
1392 629 1545 697 γένος
1572 669 1587 691 ,
1641 629 1739 699 τῆς
1794 629 1931 702 πρὸς

351 729 484 789 τοὺς
532 722 803 792 θεοφιλεῖς
844 721 1186 792 προπάτορας
1233 721 1407 774 αὐτῶν
1453 721 1779 789 ἐπαγγελίας
1815 724 1931 777 ἕνε-

353 836 479 880 κεν,
510 817 609 869 ἐπὶ
647 814 741 885 τὴν
770 812 856 865 τοῦ
898 813 1015 876 ἐνὸς
1054 811 1189 865 Θεοῦ
1228 813 1428 880 γνῶσιν
1473 814 1800 877 ἀνεκαλεῖτο,
1831 816 1929 887 τῆς

358 908 578 977 πικρᾶς
622 904 724 956 τῶν
774 902 1034 970 δαιμόνων
1086 901 1328 964 δουλείας
1378 904 1502 966 τοὺς
1562 904 1929 968 ὑπακούοντας

365 998 723 1053 ἀπαλλάττων
744 1011 757 1023 ·
788 993 895 1061 ἐγὼ
922 991 978 1045 δὲ
1010 994 1173 1045 πᾶσιν
1200 992 1521 1065 ἀνθρώποις,
1552 996 1643 1048 καὶ⁸
1673 999 1781 1060 τοῖς
1804 996 1925 1049 καθ’

370 1091 498 1161 ὅλης
528 1091 622 1159 τῆς
658 1084 976 1155 οἰκουμένης
1002 1083 1178 1137 ἔθνεσι
1200 1084 1297 1156 τὴν
1336 1084 1804 1157 ἐπαναϐεϐηκυῖαν
1833 1087 1925 1140 τοῦ

373 1181 506 1235 Θεοῦ
536 1180 725 1249 γνῶσιν
764 1177 857 1231 καὶ
898 1176 1176 1230 εὐσέϐειαν
1205 1176 1607 1248 προαγγέλλων,
1639 1180 1774 1231 κατά
1803 1179 1927 1241 τούς

370 1271 510 1340 ἀμφὶ
550 1270 637 1322 τὸν
681 1267 947 1339 Ἀϐραὰμ,
981 1266 1229 1328 καὶτοὺς
1275 1265 1352 1318 ἔτι
1400 1266 1784 1339 παλαιοτέρους
1821 1265 1925 1339 πρὸ

366 1362 605 1423 Μωσέως
642 1359 849 1431 χρόνων
885 1357 1031 1428 βιοῦν
1064 1356 1331 1427 παραινῶ,
1375 1358 1431 1409 ὲν
1494 1352 1575 1420 οἷς
1606 1356 1662 1422 ἐξ
1699 1356 1924 1410 ἀλλοδα-

358 1452 478 1505 ⁸ιτῶν
506 1451 670 1505 ἐθνῶν
704 1450 917 1514 πλείους
953 1451 1037 1502 ἐπ’
1074 1450 1321 1521 εὐσεϐείᾳ
1358 1448 1779 1520 μνημονεύονται
1813 1450 1926 1503 δια-

356 1542 687 1614 λάμψαντες.
723 1542 831 1595 Kal.
863 1541 1057 1595 πάλιν·
1094 1542 1150 1594 '0
1187 1543 1283 1612 μὲν
1334 1543 1574 1605 Μωσέως
1607 1543 1786 1613 νόμος,
1828 1544 1912 1613 ἐφ’

354 1634 448 1690 ινα
485 1636 608 1689 τινὰ
653 1634 751 1704 τῆς
777 1635 876 1704 γῆς
921 1634 1301 1706 ἀφωρισμένον
1332 1634 1493 1687 τόπον
1525 1636 1649 1699 τοὺς
1684 1637 1922 1689 εὐσεϐεῖν

353 1726 767 1800 προῃρημένους
820 1725 1067 1778 σπεύδειν
1114 1725 1446 1795 πανταχόθεν
1492 1727 1882 1797 παρεκελεύετο
1906 1745 1918 1757 ’

350 1817 460 1887 ἐγὼ
484 1818 541 1871 δὲ
572 1820 686 1879 τοῖς
709 1818 871 1869 πᾶσιν
914 1815 977 1868 ἂν
1009 1817 1089 1878 είς
1114 1817 1211 1885 τὴν
1250 1815 1579 1888 ἐλευθερίαν,
1608 1818 1706 1868 οὐκ
1736 1819 1790 1868 ἐν
1816 1834 1924 1885 γω-

347 1912 440 1983 νίᾳ
470 1912 595 1981 γῆς,
637 1910 740 1962 οὐδ’
781 1910 839 1961 ἐν
881 1909 1083 1981 δρεσιν,
1126 1910 1160 1979 ἢ
1201 1926 1312 1961 τισι
1348 1911 1741 1980 χειροποιήτοις
1780 1912 1926 1973 ναοῖς

344 2000 538 2073 ζητεῖν
566 2002 657 2054 τὸν
688 2003 777 2053 ἐπὶ
803 2002 1017 2054 πάντων
1062 2000 1214 2065 Θεὸν,
1256 2000 1464 2053 οἴκοθεν
1497 2001 1556 2053 δὲ
1585 2000 1809 2054 ’ἑκαστον
1842 2002 1927 2054 σέ-

346 2093 473 2146 ϐειν
511 2092 671 2145 αὐτὸν
697 2094 786 2146 καὶ
823 2096 1146 2164 προσκυνεῖν
1191 2093 1448 2149 παιδεύω.
1480 2095 1590 2147 Kal.
1630 2095 1788 2148 πάλιν
1812 2114 1825 2125 ·
1866 2097 1924 2149 '0

349 2184 458 2256 μὲν
489 2182 717 2246 παλαιὸς
762 2184 923 2253 νόμος
957 2184 1167 2247 θυσίαις
1206 2188 1325 2247 ταῖς
1356 2183 1441 2237 διὰ
1474 2182 1626 2247 ζώων
1671 2189 1921 2255 σφαγαῖς,

343 2275 647 2329 λιϐανωτοῦ
678 2293 735 2328 τε
776 2276 871 2328 καὶ
911 2275 1100 2345 πυρὸς,
1127 2275 1221 2328 καί
1257 2292 1419 2329 τινων
1450 2276 1622 2329 ἄλλων
1646 2279 1922 2349 ὁμοιοτρό-

343 2377 467 2415 πων
490 2361 583 2414 τοῦ
611 2360 857 2431 σώματος
883 2361 1181 2433 καθαρμῶν
1209 2361 1528 2433 θρησκεύειν
1553 2365 1641 2417 τὸν
1672 2366 1762 2418 ἐπὶ
1789 2368 1922 2421 πάν-

343 2470 458 2506 των
490 2452 618 2505 Θεὸν
651 2451 1045 2526 παρεκελεύετο
1070 2470 1082 2482 ·
1126 2451 1236 2520 ἐγὼ
1272 2452 1327 2506 δὲ
1370 2453 1436 2507 τὰ
1472 2454 1649 2525 ψυχῆς
1692 2458 1921 2528 παραδι-

341 2544 472 2608 δοὺς
515 2544 673 2616 ὄργια
705 2542 910 2613 διανοίᾳ
955 2542 1313 2616 καθαρωτάτη
1347 2544 1441 2598 καὶ
1489 2544 1563 2615 νῷ
1593 2546 1820 2615 διαυγεῖ,
1862 2550 1918 2601 ἐν

349 2635 672 2708 σωφροσύνῃ
716 2635 809 2687 καὶ
836 2635 914 2704 τῷ
948 2636 1066 2686 κατ’
1106 2635 1307 2706 ἀρετὴν
1340 2634 1458 2705 βίῳ,
1486 2636 1715 2704 δόγμασί
1741 2655 1797 2690 τε
1826 2639 1918 2709 ὀρ..

342 2726 461 2790 θοῖς
484 2728 574 2780 καὶ
607 2726 851 2779 εὐσεϐέσι
873 2726 932 2778 τὸ
965 2726 1104 2778 θεῖον
1138 2724 1412 2797 γεραίρειν
1439 2728 1777 2798 προστάττω.
1808 2730 1918 2782 Kal.

340 2821 508 2875 πάλιν
530 2838 543 2851 '
574 2821 776 2891 Μωσῆς
818 2820 915 2890 μὲν
953 2819 1097 2872 ὼσάν
1129 2820 1428 2889 μιαιφόνοις
1457 2816 1575 2873 οὖσι
1630 2824 1743 2883 τοῖς
1794 2822 1915 2874 τότε

346 2914 427 2985 μὴ
454 2912 697 2983 φονεύειν
728 2913 964 2983 παρῄνει
990 2929 1002 2941 ⁸
1031 2911 1140 2977 ἐγὼ
1173 2913 1228 2965 δὲ
1266 2916 1377 2975 τοῖς
1410 2915 1465 2966 ὲν
1496 2913 1665 2983 τούτῳ
1693 2931 1918 2984 προπαι-

2032 464 2157 503 nam
2180 448 2347 505 Vetus
2378 451 2508 505 illud
2537 451 2736 506 dixerit
2783 468 2903 508 esse
2933 473 2945 508 :
2988 456 3076 509 cui
3119 456 3337 524 quidem
3386 456 3600 513 novum‘

2033 543 2168 595 nihil
2191 544 2365 598 simile
2382 542 2695 597 habiturum
2731 546 2991 612 ostendit,
3021 548 3113 601 ubi
3141 548 3311 603 dicit:
3347 550 3593 605 Condam

2034 635 2439 690 Testamentum
2463 635 2691 699 Novum,
2726 654 2835 693 non
2869 641 3170 695 secundum
3186 640 3593 697 Testamentum

2031 726 2177 798 quod
2224 726 2443 781 condidi
2471 728 2716 797 patribus
2746 730 2801 783 in
2823 730 2931 794 die,
2971 746 3094 785 cum
3127 746 3227 801 ego
3264 732 3595 801 apprehendi

2031 821 2155 875 illos
2177 835 2363 884 manu,
2390 828 2449 873 ut
2473 820 2760 876 educerem
2793 836 2889 876 eos
2933 823 3001 877 de
3049 830 3197 878 terra
3224 823 3443 895 Egypti
3465 825 3531 877 ⁸⁸.
3572 844 3590 876 ι

2030 911 2219 983 Itaque
2247 929 2369 967 cum
2397 912 2695 967 secundum
2725 913 2829 967 hoc
2851 913 3003 978 dicit,
3039 917 3341 970 secundum
3373 915 3425 969 id
3453 916 3594 985 quod

2029 1004 2162 1075 legis
2213 1005 2333 1060 loco
2356 1020 2387 1059 a
2415 1004 2561 1059 Mose
2592 1006 2827 1074 positum
2859 1014 2962 1070 est,
2998 1007 3267 1079 intelligit.
3301 1008 3412 1062 Hoc
3450 1009 3596 1064 enim

2029 1095 2161 1151 illud
2193 1104 2297 1161 est,
2354 1096 2500 1167 quod
2538 1095 2739 1153 Judaeis
2760 1138 2775 1162 ,
2824 1114 2933 1168 quo
2993 1106 3237 1169 tempore
3267 1100 3334 1155 de
3362 1100 3596 1171 Egypto

2028 1188 2233 1259 egressi
2266 1197 2415 1253 sunt,
2470 1189 2726 1243 traditum
2755 1196 2859 1246 est.
2898 1189 3064 1246 Visus
3100 1192 3266 1261 igitur
3319 1202 3464 1248 esset
3489 1192 3596 1248 No-

2026 1297 2151 1335 vum
2182 1280 2589 1337 Testamentum
2612 1282 2989 1348 introducere,
3023 1295 3282 1354 tanquam
3317 1284 3433 1354 ejus
3453 1286 3594 1341 ritus

2026 1378 2380 1441 contrarium,
2412 1391 2569 1446 quem
2601 1379 2771 1431 sancti
2799 1378 2873 1431 illi
2904 1377 3135 1432 Abraha:
3165 1378 3369 1432 similes
3403 1378 3505 1431 viri
3536 1379 3594 1434 in

2025 1469 2209 1523 divino
2243 1470 2389 1523 cultu
2449 1470 2835 1539 sequebantur,
2866 1469 2973 1523 nisi
3026 1470 3184 1539 plane
3228 1469 3361 1537 ipsis
3410 1469 3593 1525 verbis

2026 1562 2406 1633 significasset,
2462 1563 2552 1617 ubi
2598 1563 2770 1616 dixit:
2810 1582 2828 1613 ι
2866 1561 2983 1615 Non
3036 1560 3334 1615 secundum
3398 1559 3592 1615 Testa-

2025 1663 2262 1708 mentum
2294 1654 2437 1724 quod
2466 1654 2682 1709 condidi
2708 1655 2952 1725 patribus
2974 1668 3185 1715 eorum,
3215 1668 3322 1723 quo
3350 1663 3594 1723 tempore

2026 1745 2187 1798 eduxi
2217 1760 2309 1798 eos
2331 1745 2397 1799 de
2427 1752 2571 1798 terra
2604 1744 2820 1816 ngypti
2852 1745 2955 1800 π».
2980 1741 3123 1813 Ergo
3158 1755 3263 1797 non
3290 1743 3592 1797 secundum

2026 1835 2157 1889 illud
2206 1839 2348 1905 quod
2401 1836 2528 1907 legis
2583 1838 2704 1891 loco
2740 1853 2769 1891 a
2808 1836 2957 1891 Mose
3015 1835 3251 1905 positum
3300 1845 3424 1901 est,
3463 1849 3592 1890 cum

2025 1928 2227 1996 egressi
2283 1934 2429 1989 sunt,
2475 1936 2527 1982 et
2561 1944 2682 1981 cum
2718 1928 2771 1981 in
2801 1928 3017 1982 deserto
3069 1927 3445 1985 morabantur,
3477 1924 3591 1979 No-

2024 2036 2152 2074 vum
2184 2020 2285 2075 hoc
2320 2020 2559 2074 futurum
2610 2022 2910 2091 respondit,
2962 2019 3055 2075 sed
3102 2019 3400 2075 secundum
3455 2018 3589 2073 illud

2026 2108 2297 2171 videlicet,
2322 2112 2465 2179 quod
2500 2112 2688 2179 primis
2710 2111 3048 2178 temporibus
3080 2111 3135 2163 in
3169 2111 3281 2161 vita
3310 2109 3457 2161 civili
3485 2123 3588 2161 se-

2025 2210 2255 2267 ctantes,
2286 2203 2378 2272 qui
2398 2211 2522 2257 ante
2555 2202 2757 2257 Mosem
2796 2201 3118 2265 floruerunt,
3150 2211 3407 2270 tanquam
3436 2201 3471 2254 ii
3496 2201 3589 2269 qui

2024 2296 2181 2365 plene
2214 2282 2544 2369 officio'suo
2575 2295 2745 2349 functi
2789 2301 3005 2357 essent,
3063 2293 3401 2362 comprobati
3438 2303 3585 2347 sunt.

2022 2384 2169 2449 Quas
2198 2385 2415 2454 quidem
2451 2386 2520 2440 ob
2552 2400 2667 2445 res,
2698 2383 2811 2453 jam
2840 2396 2896 2437 tu
2935 2385 3092 2453 plane
3122 2383 3405 2438 confidens
3435 2391 3589 2453 post-

2020 2477 2142 2539 hac,
2172 2493 2295 2532 cum
2349 2480 2646 2532 sententias
2674 2485 2727 2531 et
2758 2476 3033 2545 proposita
3066 2491 3277 2539 eorum,
3328 2476 3418 2545 qui
3445 2475 3587 2530 divi-

2018 2586 2149 2624 num
2180 2570 2412 2639 aliquem
2447 2571 2650 2623 cultum
2680 2568 3021 2638 profitentur,
3071 2584 3180 2622 non
3210 2569 3263 2622 in
3295 2570 3455 2632 duos,
3489 2569 3586 2623 sed

2019 2664 2072 2716 in
2112 2670 2223 2717 tres
2262 2662 2513 2717 diviseris
2546 2662 2786 2724 ordines,
2820 2676 2989 2714 unum
3018 2674 3206 2714 eorum
3232 2662 3325 2730 qui
3354 2676 3586 2730 prorsus

2017 2755 2326 2810 simulacris
2369 2754 2591 2817 addicti,
2648 2754 2702 2807 in
2747 2754 3040 2806 multorum
3072 2752 3296 2807 deorum
3341 2769 3582 2809 errorem

2016 2846 2336 2901 deciderunt
2368 2864 2381 2899 :
2412 2847 2640 2899 alterum
2695 2860 2906 2907 eorum,
2933 2844 3026 2913 qui
3060 2844 3127 2898 de
3158 2845 3580 2899 circumcisione

2016 2954 2110 3007 per
2144 2936 2343 2992 Mosem
2366 2936 2419 2989 in
2450 2936 2683 3005 primum
2704 2936 2918 3004 pietatis
2935 2933 3157 3004 gradum
3179 2935 3579 2989 ascenderunt:

334 3004 731 3075 δαγωγηθεῖσι,
765 3003 859 3057 κοιλ⁵
881 3004 979 3073 τὴν
1005 3003 1225 3075 πρώτην
1259 3004 1474 3074 ἐντολὴν
1508 3005 1911 3077 κατωρθωκόσι,

2016 3033 2233 3085 tertium
2267 3046 2453 3085 eorum
2479 3069 2491 3091 ,
2527 3034 2617 3098 qui
2655 3044 2966 3098 supremum
3021 3028 3195 3081 locum
3236 3044 3332 3097 per
3375 3028 3580 3083 doctri-

338 3098 624 3169 νομοθετῶ
650 3098 747 3169 τὴν
772 3096 1130 3166 τελειοτέραν,
1167 3097 1286 3168 μηδ’
1311 3097 1477 3167 ὀργῆς
1510 3097 1785 3167 ἐνέχεσθαι
1811 3098 1915 3150 πά-

336 3190 434 3244 θει
457 3190 821 3261 προστάττων.
850 3188 958 3240 Καὶ
1014 3184 1168 3251 αὖθις
1187 3206 1200 3219 ’
1246 3190 1301 3241 'O
1331 3189 1427 3257 μὲν
1456 3190 1656 3259 Μωσῆς
1688 3192 1912 3259 μοιχοῖς,

340 3281 444 3335 καὶ
470 3280 780 3343 ἀκολάστοις
811 3279 1111 3333 διετάττετο
1135 3280 1196 3333 τὸ
1224 3280 1295 3350 μὴ
1326 3278 1614 3349 μοιχεύειν,
1654 3281 1786 3351 μηδὲ
1818 3283 1917 3351 ἀρ-

341 3375 687 3436 σενοκοιτεῖν,
725 3372 856 3442 μηδὲ
898 3370 997 3433 τάς
1038 3370 1187 3442 παρά
1231 3370 1399 3439 φύσιν
1448 3370 1638 3441 ὴδονάς
1678 3369 1911 3433 διώκειν,

340 3462 573 3516 θάνατον
603 3463 701 3533 τὴν
739 3461 1005 3531 τιμωρίαν
1049 3463 1161 3523 τοῖς
1204 3460 1626 3531 παραϐαίνουσιν
1660 3461 1875 3527 ἐπάγων
1896 3476 1911 3490 ⁸

336 3552 456 3621 ἐγὼ
483 3553 537 3606 δὲ
570 3554 690 3624 μηδ’
724 3552 1014 3623 ἐμϐλέπειν
1048 3553 1275 3620 γυναῖκα
1312 3553 1429 3622 μετ’
1457 3552 1743 3622 ἐπιθυμίας
1788 3553 1915 3605 ἀκο-

337 3643 538 3698 λάστου
578 3646 702 3706 τοὺς
746 3645 910 3714 ἐμοὺς
954 3642 1211 3714 βούλομαι
1260 3644 1523 3713 μαθητάς.
1571 3645 1679 3697 Ka‘t
1713 3645 1870 3699 πάλιν
1895 3662 1908 3676 ⁸

354 3735 414 3787 Ὀ
446 3736 541 3805 μὲν
586 3734 785 3803 ἔλεγεν
825 3752 842 3784 ι
872 3734 984 3787 Οὐκ
1015 3735 1385 3806 ἐπιορκήσεις,
1417 3734 1711 3799 ἀποδώσεις
1738 3738 1793 3791 δὲ
1836 3738 1913 3809 τῷ

336 3826 460 3898 Θεῷ
479 3828 603 3891 τούς
637 3827 831 3897 ὅρκους
862 3843 974 3878 σουο
1016 3825 1124 3894 ἐγὼ
1152 3826 1208 3879 δὲ
1256 3826 1396 3894 λέγω
1420 3828 1568 3897 ὑμῖν,
1610 3828 1682 3899 μὴ
1718 3829 1911 3899 ὀμόσαι

336 3920 498 3983 ὅλως,
528 3920 637 3973 ἀλλ’
665 3918 815 3971 ἔσται
851 3920 879 3971 ό
904 3919 1057 3986 λόγος
1079 3917 1230 3989 ὐμῶν
1261 3918 1368 3982 ναὶ,
1390 3918 1510 3971 ναί·
1536 3917 1621 3983 οὓ,
1651 3919 1710 3972 οὐ
1736 3937 1749 3951 ο
1769 3921 1829 3973 τὸ
1854 3922 1910 3974 δὲ

336 4013 599 4084 περισσὸν
626 4012 824 4065 τούτων
857 4012 922 4063 ἐκ
948 4008 1040 4063 τοῦ
1084 4008 1317 4081 πονηροῦ
1354 4012 1488 4063 ἐστι.
1526 4030 1544 4062 ι
1572 4010 1682 4065 Καὶ
1709 4012 1868 4065 πάλιν
1892 4029 1905 4042 ο

353 4105 410 4159 Ὀ
458 4104 555 4175 μ’ὲν
599 4104 723 4166 τοὺς
766 4101 1082 4165 ἀδικοῦντας
1115 4100 1420 4171 ἀμύνασθαι
1468 4103 1561 4156 καὶ
1604 4103 1910 4157 ἁνταδικεῖν

339 4194 753 4265 παρεκελεύετο,
768 4193 991 4261 λέγων·‹
1031 4190 1337 4262 Ὀφθαλμὸν
1352 4192 1472 4245 ἀντὶ
1496 4191 1790 4263 ὀφθαλμοῦ,
1817 4194 1909 4247 καὶ

338 4286 527 4341 ὀδόντα
560 4287 680 4340 ἀντὶ
750 4286 990 4348 όδόντος’
1040 4283 1150 4352 ἐγὼ
1175 4284 1232 4337 δὲ
1268 4284 1410 4352 λέγω
1436 4285 1583 4354 ύμῖν,
1623 4285 1695 4355 μὴ
1758 4286 1907 4339 ἀντι-

343 4380 532 4449 στῆναι
578 4378 654 4448 τῷ
698 4376 940 4448 πονηρῷ,
984 4377 1097 4430 ἀλλ’
1127 4378 1274 4438 ὅστις
1312 4394 1369 4428 σε
1406 4376 1622 4447 ῥαπίσει
1668 4377 1761 4430 ἐπὶ
1810 4376 1904 4448 τὴν
1937 4373 1980 4428 D

339 4470 519 4537 δεξιὰν
568 4471 791 4539 σιαγόνα
824 4487 938 4533 σου,
982 4468 1209 4539 στρέψον
1250 4467 1395 4537 αὐτῷ
1435 4469 1527 4521 καὶ
1568 4468 1665 4539 τὴν
1704 4468 1905 4541 ἄλλην·

342 4561 437 4615 καὶ
462 4560 538 4631 τῷ
564 4558 767 4613 θέλοντί
798 4576 876 4612 σοι
909 4557 1184 4630 κριθῆναι,
1209 4560 1303 4611 καὶ
1336 4558 1425 4611 τὸν
1466 4557 1667 4628 χιτῶνά
1694 4577 1785 4612 σου
1810 4559 1906 4613 λαο

339 4654 474 4718 δεῖν,
503 4654 637 4721 ἄφες
662 4651 809 4721 αὐτῴ
841 4652 934 4705 καὶ
958 4652 1016 4704 τὸ
1048 4650 1276 4721 ἱμάτιον.
1294 4670 1311 4700 ι
1343 4650 1449 4702 Kal.
1476 4650 1634 4703 πάλιν
1657 4667 1668 4679 ·
1710 4651 1769 4703 Ὀ
1806 4651 1903 4721 μὲν

339 4746 569 4817 παρῄνει
618 4746 709 4798 τὸν
772 4746 867 4814 μὲν
928 4743 1077 4812 φίλον
1129 4744 1366 4813 ἀγαπᾷν,
1430 4746 1605 4811 μισεῖν
1666 4742 1721 4795 δὲ
1778 4726 1903 4804 τοὺς

335 4836 563 4909 ἐχθρούς
584 4855 597 4868 ·
641 4836 751 4906 ἐγὼ
777 4836 833 4889 δὲ
873 4835 992 4889 καθ’
1026 4834 1329 4906 ὑπερϐολὴν
1374 4834 1778 4904 φιλανθρωπίας
1810 4834 1902 4888 καὶ

335 4929 703 4998 ἀνεξικακίας,
738 4928 956 4999 ἀγαπᾷν
1004 4927 1130 4989 τοὺς
1171 4924 1396 4996 ἐχθροὺς
1432 4926 1561 4996 ύμῖν
1610 4925 1903 4996 νομοθετῶ.

334 5023 431 5078 καὶ
460 5018 854 5093 προσεύχεσθαι
892 5018 1030 5090 ὑπὲρ
1073 5016 1181 5069 τῶν
1210 5015 1531 5080 διωκόντων,
1562 5016 1709 5078 ὅπως
1747 5015 1907 5086 γένη-

338 5113 431 5168 σθε
460 5113 567 5165 υἱοὶ
596 5111 690 5164 τοῦ
718 5109 930 5181 Πατρὸς
952 5108 1103 5180 ὑμῶν
1134 5108 1228 5161 τοῦ
1258 5109 1313 5159 ἐν
1343 5107 1610 5178 οὐρανοῖς,
1642 5109 1788 5171 ὅστις
1815 5109 1905 5161 τὸν

332 5205 484 5277 ἥλιον
521 5203 805 5258 ἀνατέλλειῖ
838 5203 927 5255 ἐπὶ
958 5200 1224 5271 πονηροὺς
1246 5200 1338 5254 καὶ
1362 5199 1627 5269 ἀγαθοὺς,
1656 5201 1749 5253 καὶ
1782 5199 1904 5271 βρέ-

332 5313 418 5367 χει
479 5296 570 5348 “sui.
612 5294 851 5357 δικαίους
894 5293 985 5346 καὶ
1018 5292 1252 5354 ἀδίκους.
1302 5292 1411 5344 Καὶ
1449 5291 1540 5345 ἐπὶ
1562 5291 1802 5356 τούτοις·
1842 5294 1897 5346 Ὀ

335 5387 433 5457 μὲν
464 5386 599 5456 πρὸς
638 5385 734 5455 τὴν
772 5384 879 5437 τῶν
925 5383 1134 5437 πολλῶν
1181 5382 1439 5453 σκληρίαν
1476 5382 1762 5454 ἡρμόζετο,
1804 5382 1895 5435 καὶ

329 5482 441 5543 τοῖς
471 5477 741 5549 ἐμπαθέσι
781 5476 1088 5548 κατάλληλα
1128 5475 1451 5539 διετάττετο,
1497 5474 1891 5546 ἐξηλλαγμένον

402 5663 446 5693 ’⁸
472 5659 672 5719 Jerem.
708 5678 856 5721 xui,
888 5661 976 5725 3|,
1003 5659 1091 5716 5‘2.
1168 5657 1216 5690 "
1239 5655 1370 5713 ibid.
1404 5655 1492 5712 δε.

2014 3140 2139 3179 nam
2184 3123 2549 3193 evangelicam
2600 3122 2903 3175 obtinuere.
2938 3119 3002 3172 Et
3039 3121 3183 3175 hunc
3232 3121 3472 3190 quidem,
3530 3120 3578 3176 si

2015 3213 2249 3268 medium
2293 3214 2524 3266 duorum
2581 3209 2953 3271 constitueris,
3002 3225 3070 3262 ne
3104 3216 3291 3278 putato
3346 3211 3580 3280 amplius

2014 3321 2128 3369 eos,
2161 3305 2251 3374 qui
2286 3320 2315 3358 a
2342 3303 2541 3358 Judaeis
2571 3300 2873 3363 discedant,
2917 3301 2971 3353 in
2996 3300 3214 3354 Graecos
3258 3301 3396 3356 ritus
3428 3318 3581 3371 opor-

2014 3408 2130 3453 tere
2160 3398 2268 3451 ullo
2290 3397 2449 3450 modo
2487 3397 2748 3458 recidere,
2783 3412 2957 3465 neque
2980 3397 3070 3465 qui
3103 3412 3133 3448 a
3164 3393 3366 3448 Grazcis
3399 3394 3578 3448 abdu-

2013 3499 2227 3554 cantur,
2274 3489 2490 3543 Judazos
2549 3488 2662 3543 fieri
2705 3488 3051 3552 necessario,
3088 3488 3182 3543 sed
3212 3487 3304 3541 ubi
3354 3487 3578 3542 tertium

2014 3583 2310 3652 acceperis,
2339 3593 2391 3636 et
2420 3582 2598 3635 medio
2634 3581 2755 3634 loco
2814 3582 3187 3644 constitueris,
3248 3580 3577 3635 eminentem

2012 3691 2285 3746 supraque
2317 3675 2457 3728 alios
2478 3680 2783 3728 exstantem
2815 3673 3091 3735 invenies,
3128 3680 3182 3727 et
3221 3672 3377 3741 quasi
3411 3686 3578 3739 super

2012 3769 2314 3826 celsissima
2343 3766 2575 3837 quadam
2608 3766 2829 3835 specula
2880 3765 3167 3820 sublimem
3226 3762 3572 3822 collocatum,

2011 3863 2251 3932 reliquos
2283 3860 2420 3915 duos
2452 3858 2681 3912 inferius
2714 3858 2970 3926 utrinque
3012 3855 3313 3933 despicere.
3378 3852 3578 3921 Effugit

2009 3956 2152 4010 enim
2176 3961 2229 4008 et
2254 3950 2562 4005 Graecorum
2595 3947 2834 4017 impiam,
2868 3955 3029 4015 atque
3052 3944 3330 4000 erroribus
3360 3944 3575 4013 plenam

2011 4043 2455 4115 superstitionem
2491 4080 2507 4105 ,
2554 4039 2959 4108 dissolutasque
3022 4035 3435 4098 fornicationes,
3483 4041 3572 4089 at-

2009 4151 2114 4205 que
2142 4134 2457 4190 insolentias
2482 4151 2496 4185 :
2544 4139 2597 4187 et
2625 4129 2932 4185 Judreorum
2978 4128 3187 4191 itidem,
3223 4142 3343 4197 qum
3369 4142 3398 4180 a
3425 4125 3573 4182 Mosa

2010 4226 2250 4298 perfecta
2278 4232 2381 4288 est,
2432 4223 2805 4292 imperfectam
2834 4232 2883 4276 et
2925 4221 3081 4290 quasi
3124 4219 3365 4288 parvulis
3408 4228 3573 4288 atque

2010 4319 2242 4376 infirmis
2265 4316 2723 4371 accommodatam
2757 4313 3179 4369 observantiam.
3208 4310 3570 4378 Domesticam

2009 4430 2193 4487 porro,
2226 4423 2387 4482 atque
2410 4411 2476 4464 ab
2505 4411 2659 4463 initio
2682 4409 2955 4478 propriam
2986 4422 3094 4460 non
3136 4406 3312 4459 solum
3342 4405 3566 4468 Judaais,

2006 4510 2101 4565 sed
2123 4516 2176 4563 et
2204 4506 2428 4571 Graecis,
2459 4513 2511 4558 et
2538 4502 2810 4565 barbaris,
2862 4509 2916 4555 et
2941 4514 3277 4569 quaecunque
3305 4497 3406 4552 sub
3455 4496 3571 4551 sole

2002 4608 2156 4664 sunt,
2191 4599 2443 4669 gentibus
2495 4596 2797 4649 inclamans
2834 4592 3023 4661 legem,
3059 4588 3183 4644 vide
3220 4588 3351 4658 quid
3376 4587 3563 4642 dicat:

2004 4693 2048 4749 Ο
2101 4693 2285 4754 homo,
2342 4700 2396 4745 et
2456 4690 2767 4743 universum
2829 4684 3137 4737 mortalium
3216 4695 3407 4751 genus,
3459 4678 3566 4747 23

2002 4782 2168 4839 Mosis
2215 4782 2431 4852 quidem
2500 4781 2584 4833 lex
2647 4777 2712 4830 ab
2750 4792 2856 4829 uno
2895 4789 3093 4845 genere
3151 4773 3428 4827 hominum
3482 4771 3569 4824 iu-

2003 4875 2232 4943 etpiens,
2263 4871 2505 4926 omnium
2552 4869 2786 4938 primum
2833 4866 3141 4922 Judaaorum
3186 4877 3378 4933 genus,
3420 4860 3566 4914 illius

2004 4962 2383 5032 promissionis
2440 4963 2632 5031 gratia,
2664 4975 2784 5030 qua:
2838 4958 2904 5012 ad
2950 4957 3069 5027 pios
3109 4953 3311 5021 Deique
3357 4950 3564 5003 amicos

2002 5057 2241 5125 ipsorum
2275 5062 2486 5124 patres,
2519 5053 2659 5107 facta
2711 5060 2813 5113 est,
2848 5050 2915 5104 ad
2953 5049 3114 5103 unius
3155 5044 3249 5099 Dei
3294 5040 3563 5111 (ποειιὶιίοο

2000 5163 2122 5203 nem
2168 5147 2480 5215 cultumque
2523 5143 2771 5204 vocabat,
2816 5148 2875 5195 ut
2921 5140 3066 5193 dicto
3121 5132 3436 5192 audientes,
3495 5130 3565 5183 ab

2000 5239 2325 5294 intolerabili
2354 5236 2657 5291 daemonum
2685 5230 2971 5304 tyrannide
3007 5228 3281 5281 liberaret.
3314 5220 3424 5292 Ego
3464 5236 3564 5275 au-

2002 5343 2110 5391 tem
2161 5334 2412 5389 omnibus
2454 5330 2784 5392 hominibus,
2819 5337 2873 5383 et
2900 5339 3019 5395 qua:
3050 5320 3250 5391 ubique
3295 5327 3563 5371 terrarum

2001 5433 2149 5491 sunt,
2181 5426 2431 5498 gentibus
2490 5422 2777 5482 sublimius
2825 5421 3138 5488 provectam
3178 5411 3273 5468 Dei
3306 5407 3564 5483 cognitio-
