4068 6206
525 201 602 269 a7“
1158 203 1427 266 EUSEBII
1463 191 1938 262 CAISAmENSIS
1974 199 2090 258 ora

2191 197 2345 256 rans
2379 196 2448 254 ιι.
2486 228 2555 238 -
2600 166 3106 254 seditiosum.
3694 196 3765 254 es

527 341 672 390 nem,
699 330 755 382 et
791 326 1046 396 pietatem
1079 329 1398 392 apportans,
1431 328 1496 374 ut
1525 319 1592 374 ad
1617 317 1857 390 regulam
1879 329 2090 380 eorum,

2195 311 2290 366 καὶ
2319 308 2692 380 ὑποὸεῆηκότα
2736 292 2889 380 τιάρά
2927 308 3019 362 τὸν
3050 309 3278 364 παλαιον
3301 309 3500 382 τρόπον
3531 310 3768 381 παραδιὲ

527 415 620 485 qui
650 429 774 469 cum
798 412 1070 474 Abraham
1096 410 1367 471 vixerunt,
1392 407 1594 478 quique
1620 415 1746 461 ante
1770 403 1935 460 M'osis
1959 411 2090 458 aeta-

530 512 636 560 tem
679 505 953 574 degentes,
1001 501 1119 570 ipso
1168 514 1384 570 quoque
1407 497 1713 552 Ahrahamo
1756 495 2088 566 antiquiores

528 599 801 657 exstitere,
828 595 952 647 vitae
985 607 1098 647 suae
1127 591 1478 645 moderentur
1496 579 1777 652 adhortor,
1809 589 1862 642 in
1890 587 2090 657 quibus

527 689 598 744 ab
625 686 860 744 externis
900 683 1156 754 gentibus
1183 679 1435 752 profecti,
1471 680 1563 750 qui
1593 677 1661 733 de
1689 678 1849 732 laude
1873 677 2090 747 pietatis

527 779 751 847 gloriam
782 774 962 847 adepti
980 780 1127 835 sunt,
1147 771 1330 842 plures
1349 776 1741 825 memorantur.
1771 767 1835 820 Et
1855 773 2046 822 rursus
2073 785 2088 821 :

527 866 691 922 Mosis
723 866 940 935 quidem
988 864 1097 927 lex,
1140 861 1195 916 in
1236 876 1403 916 unum
1445 867 1602 915 terra:
1627 867 1834 913 certum
1866 872 1930 912 ac
1958 856 2094 911 deii-

524 959 696 1014 nitum
738 957 938 1019 lucum,
968 969 1061 1010 eos
1110 953 1203 1023 qui
1248 951 1524 1024 religionis
1563 948 1904 1024 propositum
1941 962 2092 1024 com-

525 1051 667 1121 plexi
689 1052 889 1112 essent,
913 1062 979 1102 ex
1001 1046 1123 1100 aliis
1155 1044 1410 1100 omnibus
1441 1044 1576 1099 locis
1601 1041 2086 1112 currerejuhebat:

521 1156 623 1212 ego
684 1148 864 1194 autem
905 1137 1211 1192 condonata
1258 1136 1511 1191 omnibus
1560 1135 1829 1208 libertate,
1871 1147 1980 1216 non
2034 1133 2090 1187 in

523 1230 759 1302 quodam
789 1238 943 1284 terra:
971 1227 1188 1298 angulo,
1221 1241 1396 1297 neque
1425 1226 1478 1280 in
1508 1225 1806 1291 montibus,
1838 1231 1932 1278 aut
1970 1225 2092 1295 qui-’-

523 1322 754 1378 busdam
804 1336 969 1374 manu
1015 1318 1172 1375 factis
1209 1319 1448 1390 templis,
1489 1318 1658 1374 Deum
1702 1334 1963 1389 quaerere,
1995 1317 2092 1374 sed

523 1414 670 1470 domi
689 1428 799 1468 suae
818 1425 1254 1481 unumquemque
1274 1410 1424 1464 illum
1454 1410 1632 1465 colere
1664 1419 1826 1481 atque
1860 1408 2091 1465 adorare

522 1505 799 1577 praecipio.
847 1502 912 1556 Et
950 1518 1144 1558 rursus
1172 1521 1184 1556 :
1211 1500 1379 1557 Vetus
1401 1501 1617 1573 quidem
1658 1501 1766 1566 lex,
1807 1501 2090 1558 sacrificiis

523 1592 578 1652 et
627 1595 941 1650 animalium
993 1593 1252 1658 caedibus,
1287 1593 1556 1663 thureque
1598 1600 1652 1649 et
1695 1594 1837 1664 igne,
1871 1595 1925 1649 et
1969 1592 2090 1646 aliis

2187 402 2311 466 δοὺς
2355 400 2634 464 εὐσεϐείας
2657 417 2670 431 ·
2707 399 2816 471 ἐγὼ
2849 400 2906 454 δὲ
2946 401 3040 454 ἐπὶ
3070 401 3162 455 τὸν
3191 402 3465 474 πρόπαλαι
3507 401 3770 472 θεοφιλῶν

2189 493 2398 567 ἀνδρῶν
2447 493 2643 565 εὐσεϐῆ
2677 494 2770 547 καὶ
2809 491 3030 565 θεοφιλῆ
3074 493 3187 565 βίον
3222 493 3596 566 ἀνακαλοῦμαι
3642 496 3773 558 τοὺς

2189 586 2415 650 πάντας.
2450 585 2562 638 Καὶ⁵
2608 585 2692 654 ἐφ’
2727 585 2927 639 ἅπασιν
2950 602 2964 616 ·
3002 587 3031 639 6
3084 585 3182 656 μὲν
3222 585 3328 656 γῆν
3361 586 3590 658 ῥέουσαν
3626 581 3771 656 γάλα

2189 676 2285 731 καὶ
2315 675 2452 748 μέλι,
2473 671 2562 729 οἷα
2589 675 3210 748 νηπίοις,,ὲπηγγὲλλετο
3228 692 3240 707 ο
3269 677 3380 746 ἐγὼ
3407 677 3462 730 δὲ
3491 677 3771 748 βασιλείαν

2189 768 2432 840 οὐρανῶν
2458 769 2571 831 τοῖς
2611 767 2743 831 οἵοις
2786 780 2846 820 τε
2895 769 3092 839 χωρεῖν
3131 767 3397 840 προξενῶ.
3437 769 3623 825 Ταῦτα
3672 772 3767 826 καὶ

2189 858 2259 912 τὰ
2303 855 2544 919 τοιαῦτα,
2587 859 2616 911 6
2659 857 2759 927 τῆς
2785 857 2991 929 Καινῆς
3029 856 3301 929 Διαθήκης
3335 858 3492 928 λόγος
3535 860 3624 914 διὰ
3671 862 3770 936 τῆς

2193 950 2431 1023 Χριστοῦ
2475 949 2821 1014 διδασκαλίας
2870 952 3003 1004 πᾶσι
3045 951 3370 1021 κατήγγειλε
3414 957 3526 1017 τοῖς
3569 953 3766 1010 ἔθνεσι.

2191 1043 2301 1095 Καὶ
2327 1040 2498 1094 ταῦτα
2519 1037 2608 1113 ἦν,
2645 1041 2681 1096 ἃ
2709 1046 2822 1107 τοῖς
2862 1041 3026 1096 αὐτοῦ
3059 1042 3323 1115 μαθηταῖς
3355 1045 3384 1097 ὁ
3410 1045 3646 1117 Χριστὸς
3674 1046 3768 1102 τοῦ

2190 1133 2326 1187 Θεοῦ
2369 1137 2502 1188 πᾶσι
2549 1137 2661 1198 τοῖς
2707 1133 2883 1188 ἔθνεσι
2933 1135 3319 1203 καταγγέλλειν
3364 1137 3617 1210 παρῄνει,
3661 1141 3768 1213 φή-

2192 1243 2325 1290 σαςο
2380 1245 2398 1278 ι
2446 1226 2810 1299 Πορευθέντες
2856 1226 3229 1298 μαθητεύσατε
3275 1228 3454 1282 πάντα
3502 1229 3571 1284 τὰ
3600 1230 3755 1305 ἔθνη,

2189 1321 2529 1388 διδάσκοντες
2571 1324 2768 1388 αὐτοὺς
2810 1317 2997 1396 τηρεῖν
3047 1325 3221 1378 πάντα
3267 1326 3368 1380 ὅσα
3410 1327 3766 1400 ἐνετειλάμην

2193 1411 2321 1482 ὑμῖν
2345 1429 2358 1442 ·
2393 1431 2411 1464 ι
2440 1413 2474 1466 ἃ
2502 1414 2594 1466 καὶ
2617 1415 2782 1466 πᾶσιν
2806 1412 3133 1486 ἀνθρώποις,
3165 1414 3386 1486 Ἕλλησί
3413 1433 3470 1470 τε
3499 1418 3591 1472 καὶ
3633 1418 3763 1489 βαρ-

2191 1501 2379 1574 ϐάροις
2406 1503 2691 1572 φυλάττειν
2709 1503 3052 1574 παραδιδοὺς,
3082 1505 3292 1574 σαφῶς,
3321 1506 3373 1559 τί
3401 1507 3529 1560 ποτέ
3558 1509 3707 1560 ἐστιν
3732 1509 3762 1560 6

2190 1595 2637 1666 Χριστιανισμὸς,
2667 1591 2913 1668 ἐξέφηνε,
2941 1595 3080 1661 τίνες
3112 1597 3159 1649 θ’
3177 1595 3354 1668 ἡμεῖς,
3389 1601 3482 1656 καὶ
3514 1601 3694 1663 ὁποῖος
3732 1599 3764 1652 6

521 1684 844 1756 quihusdam
877 1684 1119 1754 ejusdem
1152 1683 1366 1754 generis
1384 1678 1802 1754 purgationibus
1822 1684 2086 1754 corporis,

2191 1685 2299 1739 τῶν
2337 1686 2557 1740 τοιῶνδε
2597 1687 2768 1756 λόγων
2805 1701 2864 1741 τε
2908 1689 3001 1742 καὶ
3046 1689 3384 1761 μαθημάτων
3429 1689 3762 1757 διδάσκαλος,

521 1797 792 1838 summum
827 1777 995 1834 Deum
1025 1777 1203 1834 colere
1245 1777 1566 1833 hortabatur
1599 1797 1611 1833 :
1645 1795 1744 1850 ego
1786 1787 1965 1835 autem
1997 1795 2088 1835 sa-

521 1892 616 1931 cra
665 1875 860 1930 animae
901 1873 1143 1938 tradens,
1206 1880 1386 1928 mente
1437 1872 1750 1944 purissima,
1801 1873 2090 1943 animoque

520 1967 872 2034 nitidissima,
912 1981 1035 2021 cum
1077 1964 1344 2020 modestia
1391 1965 1763 2035 virtutumque
1801 1963 2087 2021 sectatrice

519 2062 653 2124 vita,
683 2061 956 2130 rectisque
988 2056 1298 2118 sententiis,
1319 2063 1373 2112 et
1397 2055 1654 2127 pietatem
1683 2070 1793 2126 prae
1823 2071 1881 2111 se
1913 2055 2089 2112 feren-

522 2151 689 2215 tibus,
705 2149 1040 2205 divinitatem
1055 2147 1303 2203 'venerari
1333 2147 1556 2217 impero.
1573 2144 1639 2199 Et
1659 2161 1850 2200 rursus
1872 2163 1884 2200 :
1910 2145 2086 2201 Moses

521 2241 740 2314 qui-dem
767 2242 983 2297 illorum
1021 2246 1327 2312 temporum
1355 2239 1688 2302 hominibus,
1721 2239 1876 2309 quasi
1906 2239 1972 2294 iis
1990 2233 2086 2309 qni

521 2333 1052 2407 caedibusinquinari
1073 2334 1218 2389 soliti
1241 2337 1445 2393 essent,
1461 2346 1567 2384 non
1593 2329 1843 2385 occidere
1860 2331 2088 2400 impera-

521 2428 766 2499 batzego
793 2427 974 2499 autem
1015 2427 1104 2489 iis,
1145 2424 1238 2494 qui
1268 2423 1371 2477 hoc
1402 2422 1577 2491 ipsum
1610 2428 1767 2475 antea
1793 2419 2087 2475 didicerint

521 2529 577 2577 et
589 2495 760 2591 primo
773 2495 1130 2588 illi’praacepto
1143 2513 1530 2577 satisfecerint,
1549 2515 1774 2569 alterum
1791 2511 2092 2583 perfectius

524 2610 773 2681 impono,
805 2601 967 2678 atque
994 2614 1053 2661 ut
1079 2612 1148 2660 ne
1179 2604 1272 2659 irae
1303 2603 1518 2674 quidem
1544 2603 1952 2675 perturbatione
1977 2604 2095 2658 vin-

521 2698 1031 2770 cantur,praEcipio.
1049 2696 1110 2751 Et
1125 2711 1352 2753 rursus:
1391 2694 1567 2752 Moses
1583 2695 1801 2766 quidem
1832 2695 2092 2750 adulteris

521 2791 909 2861 dissolutisque
939 2787 1252 2845 hominibus
1270 2788 1438 2858 legem
1456 2787 1639 2859 posuit
1665 2802 1774 2842 non
1799 2787 2090 2852 mmchari,

521 2886 762 2940 maribus
808 2897 919 2939 non
968 2880 1209 2948 misceri,
1248 2881 1556 2951 voluptates
1615 2887 1812 2951 praeter
1837 2887 2094 2934 naturam

2190 1777 2352 1842 αὐτὸς
2381 1780 2409 1832 ὁ
2442 1778 2630 1850 Σωτὴρ
2656 1781 2748 1833 καὶ
2790 1780 2994 1852 Κύριος
3022 1781 3178 1852 ἡμῶν
3224 1782 3429 1854 Ἰησοῦς
3473 1787 3502 1838 6
3529 1785 3765 1857 Χριστὸς
3813 1841 3828 1858 ξ,

2188 1868 2282 1922 τοῦ
2322 1869 2478 1934 Θεοῦ,
2501 1874 2530 1925 6
2556 1871 2653 1942 τὴν
2682 1870 2871 1943 καινὴν
2908 1871 3112 1944 ταύτην
3142 1875 3238 1928 καὶ
3277 1876 3580 1948 πανάρετον
3611 1878 3762 1932 πολι-

2189 1959 2340 2014 τείαν
2364 1961 2486 2015 καθ’
2508 1961 2628 2016 ὅλου
2653 1963 2746 2018 τοῦ
2773 1964 2979 2036 κόσμου
3017 1966 3426 2039 συστησάμενος
3443 1987 3455 1999 ο
3489 1971 3630 2024 ὥστε
3659 1989 3766 2025 τοι-

2189 2052 2328 2106 αῦτα
2365 2053 2676 2124 μανθάνειν,
2725 2058 2817 2110 καὶ
2859 2049 3166 2128 φιλοσοφεῖν
3219 2059 3294 2132 μὴ
3343 2061 3502 2132 μόνον
3543 2061 3761 2133 ἄνδρας,

2190 2143 2324 2198 ἀλλὰ
2369 2146 2463 2199 καὶ
2509 2150 2792 2214 γυναῖκας,
2829 2149 3118 2214 πλουσίους
3157 2165 3217 2204 τε
3251 2152 3346 2205 καὶ
3386 2154 3641 2224 πένητας,
3670 2154 3764 2208 καὶ

2190 2235 2409 2299 δούλους
2431 2237 2548 2308 ἅμα
2594 2239 2903 2304 δεσπόταιςέ
2933 2240 3182 2313 Καὶ’μὴν
3211 2243 3240 2296 6
3275 2243 3376 2312 τῆς
3417 2245 3606 2316 καινῆς
3632 2243 3762 2298 ταύ-

2190 2342 2289 2398 της
2321 2328 2641 2399 νομοθεσίας
2666 2331 3026 2400 είσαγωγεὺς,
3060 2332 3127 2386 τὰ
3156 2333 3331 2387 πάντα
3356 2331 3495 2386 κατά
3521 2334 3612 2386 τὸν
3636 2333 3760 2387 Μω-

2194 2418 2333 2483 σέως
2381 2419 2540 2491 νόμον
2591 2421 2840 2492 εἰσῆκται
2881 2423 3364 2495 πεπολιτευμένος·
3408 2424 3436 2478 ὃ
3486 2425 3580 2479 καὶ
3625 2422 3763 2479 αὐτὸ

2193 2509 2488 2580 θαυμάζειν
2519 2509 2686 2576 ἄξιον,
2728 2512 2811 2566 ὅτι
2855 2513 2941 2586 δὴ,
2986 2513 3110 2579 νέας
3155 2513 3423 2581 πολιτείας
3465 2515 3763 2590 νομοθέτης

2195 2601 2402 2673 μέλλων
2442 2603 2878 2675 καταστήσεσθαι
2916 2605 3016 2676 τῆς
3047 2606 3188 2660 κατὰ
3229 2607 3289 2662 τὸ
3321 2607 3634 2682 εὐαγγέλιον
3664 2609 3764 2662 αὖ·

2191 2692 2285 2746 τοῦ
2331 2695 2537 2765 Καινῆς
2564 2696 2854 2768 Διαθήκης,
2887 2699 2985 2770 οὐχ
3015 2701 3092 2764 ὡς
3122 2701 3290 2773 ἐχθρὰ
3321 2702 3414 2757 καὶ
3448 2701 3664 2757 ἐναντία
3696 2702 3765 2757 τά

2191 2785 2432 2850 Μωσέως
2467 2790 2835 2860 παρῃτήσατο.
2865 2783 2940 2845 Ἦ
2983 2792 3092 2866 γὰρ
3133 2793 3201 2848 ἂν
3231 2794 3490 2868 ἐνομίσθη
3554 2795 3623 2849 τά
3669 2813 3766 2850 πο-

2194 2875 2356 2948 λέμια
2386 2878 2574 2933 Μωσεῖ
2614 2879 3010 2950 διατάττεσθαι,
3057 2885 3200 2940 οὕτω
3259 2905 3320 2940 τε
3358 2886 3424 2942 ἂν
3466 2887 3560 2943 καὶ
3621 2905 3764 2962 παρα

521 2993 632 3032 non
687 2976 906 3040 sectari,
964 2982 1018 3030 et
1068 2971 1395 3044 supplicium
1450 2971 1646 3028 mortis
1691 2971 1781 3032 iis.
1831 2971 1926 3043 qui
1982 2987 2090 3026 non

2195 2969 2322 3041 ἐσχε
2373 2971 2470 3044 τῆς
2525 2973 2663 3027 κατὰ
2705 2975 2951 3040 Μωσέως
3000 2979 3094 3031 καὶ
3144 2978 3253 3034 τῶν
3305 2983 3599 3056 προφητῶν
3652 2985 3763 3048 τοῖς

520 3037 1020 3143 obtemperassent,
1055 3037 1303 3137 adjunxit
1329 3083 1344 3119 :
1375 3069 1476 3136 ego
1510 3073 1689 3120 autem
1738 3037 1890 3119 meos
1924 3062 2090 3120 disci-

2197 3037 2378 3128 άθ-ἐοις
2426 3037 2777 3136 ἀὶρεσιώταις
2827 3037 3082 3140 πλείστης
3125 3037 3440 3145 δυσφημίας
3477 3037 3759 3140 ῦπόθεσιν,

521 3167 679 3238 pulos
720 3165 844 3219 volo
892 3177 960 3218 ne
1009 3157 1209 3215 intueri
1250 3157 1467 3227 quidem
1509 3156 1792 3212 mulierem
1837 3169 1962 3210 cum
1997 3170 2093 3225 pe-

527 3255 726 3312 tulanti
775 3251 1089 3323 cupiditate.
1137 3247 1204 3302 Et
1235 3261 1430 3302 rursus
1463 3264 1477 3300 :
1521 3245 1615 3301 ille
1653 3244 1871 3316 quidem
1912 3243 2091 3298 dixit:

527 3365 548 3401 ι
587 3347 704 3402 Non
735 3343 1023 3416 pejerabis,
1055 3339 1150 3398 sed
1181 3339 1378 3396 reddes
1413 3337 1522 3394 Deo
1553 3352 1674 3408 quae
1704 3336 1922 3408 juratus
1973 3335 2092 3392 lue-

520 3442 600 3500 ris
645 3459 661 3496 :
708 3455 808 3511 ego
836 3445 1014 3493 autem
1041 3435 1166 3490 dico
1194 3432 1370 3498 vobis,
1426 3445 1529 3487 non
1585 3429 1774 3501 jurare
1839 3429 2090 3492 omnino,

2199 3156 2309 3217 τοῖς
2358 3171 2416 3207 τε
2463 3157 2528 3208 ἑκ
2577 3159 2876 3230 περιτομῆς
2907 3159 3125 3231 εὔλογον
3171 3164 3270 3236 τῆς
3315 3163 3434 3220 κατ’
3465 3169 3628 3224 αὑτοῦ
3672 3190 3762 3226 συ-

2201 3245 2397 3316 σκευῆς
2419 3246 2617 3314 αἰτίαν,
2646 3248 2696 3301 οἳ
2725 3249 2809 3322 δὴ,
2835 3250 2910 3315 ὡς
2939 3253 3227 3329 παραϐάτῃ
3256 3258 3350 3310 καὶ
3371 3259 3648 3334 ἀποστάτῃ
3669 3261 3761 3316 τοῦ

2199 3337 2385 3409 νόμου,
2431 3335 2528 3411 τὴν
2551 3341 2686 3412 πρὸς
2713 3341 2938 3400 θάνατον
2953 3347 3241 3421 ἐπιϐουλὴν
3269 3352 3418 3424 αὑτῷ
3442 3357 3765 3413 συνεσκευά-

2203 3446 2363 3483 σαντο
2370 3469 2383 3483 ο

520 3481 600 3500 ..ο
645 3481 661 3496 .
709 3481 806 3511 ιον
836 3481 1014 3493 ..υ-ν.--
1044 3481 1162 3490 ...ν-
1207 3481 1370 3498 .----,
1428 3481 1527 3487 μ---
1585 3481 1770 3501 νη--
2828 3481 2840 3505 ι

520 3535 618 3592 sed
657 3534 762 3589 erit
799 3545 978 3588 sermo
1019 3538 1196 3584 vester
1237 3544 1252 3581 :
1291 3533 1396 3590 est,
1447 3531 1532 3580 est
1562 3542 1574 3579 :
1602 3515 1733 3589 non,
1783 3538 1892 3577 non
1917 3516 1929 3576 ἑ
1959 3523 2103 3592 quod
2139 3531 2318 3578 autem
2361 3523 2448 3581 his
2480 3523 2844 3586 abundantius
2887 3531 2992 3596 εει,
3041 3547 3072 3587 a
3103 3531 3244 3591 malo“
3274 3547 3358 3594 est
3386 3538 3452 3593 ".
3491 3557 3512 3594 ι
3556 3539 3766 3600 Ειιιυιι.

523 3644 620 3686 sus
653 3648 665 3684 ;
699 3627 792 3682 Ille
844 3623 1062 3697 quidem
1107 3621 1338 3693 injurias
1386 3619 1619 3683 ulcisci,
1673 3625 1727 3673 et
1793 3616 2150 3674 inferentibus
2201 3618 2420 3674 easdem
2468 3619 2673 3678 referre
2732 3625 3054 3682 hortabatur
3086 3665 3101 3690 ,
3151 3629 3338 3687 dicens

3394 3653 3406 3689 :
3473 3652 3494 3688 ι
3534 3635 3763 3695 Oculum

519 3741 622 3794 pro
645 3723 823 3790 oculo,
845 3728 899 3777 et
933 3720 1147 3776 dentem
1171 3729 1270 3790 pro
1288 3718 1481 3774 dente:
1534 3713 1641 3786 24
1658 3729 1756 3785 ego
1772 3719 1949 3768 autem
1971 3711 2095 3768 dico
2131 3713 2306 3779 vobis,
2365 3729 2473 3770 non
2534 3718 2790 3776 resistere
2852 3707 3015 3788 malo,
3051 3725 3145 3780 sed
3175 3727 3221 3782 si
3251 3729 3374 3799 quis
3396 3737 3450 3786 te
3477 3746 3765 3801 percusse-

525 3818 598 3873 rit
622 3817 677 3872 in
705 3817 984 3872 dexteram
1017 3811 1290 3867 maxillam
1315 3817 1486 3872 tuam,
1516 3805 1816 3861 convertito
1837 3805 1902 3858 ad
1928 3804 2076 3858 illum
2117 3815 2172 3862 et
2200 3806 2422 3862 alteram
2452 3826 2466 3862 :
2495 3816 2548 3863 et
2596 3810 2690 3880 qui
2744 3809 2890 3868 velit'
2912 3822 3087 3871 tecum
3149 3816 3356 3888 judicio
3404 3824 3755 3891 contendere,

521 3923 579 3970 et
611 3913 850 3970 tunicam
890 3916 1038 3963 tuam
1076 3908 1287 3972 tollere,
1337 3902 1544 3958 dimitte
1600 3901 1649 3957 ei
1679 3908 1732 3956 et
1768 3899 1990 3971 pallium
2013 3899 2056 3932 ’τ
2101 3917 2120 3952 ι
2167 3897 2231 3954 Ει
2278 3915 2473 3956 rursus
2506 3919 2519 3956 :
2551 3901 2646 3960 llle
2687 3905 2906 3975 quidem
2961 3906 3189 3965 docebat
3225 3912 3461 3978 amicum
3508 3917 3757 3988 diligere,

520 4015 577 4066 et
599 4007 847 4063 inimicos
870 4001 1126 4059 insectari
1159 4000 1330 4056 odio:
1391 4012 1490 4069 ego
1549 4002 1727 4051 autem
1786 4009 1852 4049 ex
1905 3993 2235 4050 abundantia
2291 3994 2644 4054 humanitatis
2679 4005 2733 4054 et
2776 3999 3092 4068 clementiae,
3148 4011 3208 4057 ut
3253 4005 3502 4062 inimicos
3543 4017 3760 4064 vestros

523 4103 782 4174 diligatis,
816 4109 870 4156 et
901 4115 1000 4170 pro
1043 4093 1494 4170 persequentibus
1535 4107 1630 4146 vos
1680 4091 1869 4156 oretis,
1914 4089 2085 4160 legem
2123 4090 2279 4145 vobis
2305 4105 2470 4160 pono,
2506 4110 2524 4142 ι
2562 4100 2624 4146 ιιι
2654 4091 2775 4149 sitis
2806 4094 2897 4149 lilii
2925 4091 3104 4153 Patris
3147 4099 3336 4165 vestri,
3381 4100 3473 4172 qui
3510 4097 3756 4158 in‘cmlis

522 4196 736 4266 est,qui
761 4195 927 4250 solem
944 4205 1103 4247 suum
1129 4190 1260 4244 oriri
1289 4188 1416 4242 facit
1436 4187 1598 4258 super
1618 4187 1788 4241 bonos
1811 4191 1865 4240 et
1913 4183 2105 4248 malos,
2139 4183 2360 4266 etpluit
2387 4187 2549 4256 super
2571 4185 2751 4255 justos
2798 4194 2854 4242 et
2900 4187 3135 4259 injustos
3157 4189 3224 4247 ’⁸.
3261 4209 3283 4245 ι
3320 4191 3402 4247 Ad
3445 4193 3562 4250 haec
3608 4214 3623 4252 :
3665 4197 3761 4252 Ille

523 4289 741 4362 quidem
771 4303 829 4344 se
857 4285 924 4341 ad
958 4284 1250 4340 multorum
1305 4282 1556 4338 duritiam
1613 4279 2072 4344 accommodabat,
2113 4285 2167 4334 et
2213 4280 2279 4335 iis
2324 4288 2470 4351 apta,
2505 4282 2597 4352 qui
2630 4283 3129 4352 perturbationibus
3179 4288 3324 4358 pleni
3359 4298 3564 4357 essent,
3620 4308 3760 4362 pra:-

524 4383 780 4458 cipiebat,
831 4392 993 4453 atque
1035 4382 1378 4437 immutatum
1405 4377 1691 4448 quemdam
1726 4390 1756 4428 a
1802 4383 1984 4431 vetere
2011 4375 2124 4440 illo,
2165 4374 2584 4446 interioremque
2606 4366 2890 4448 religionis
2921 4381 3139 4435 modum
3175 4382 3463 4440 tradebat:
3513 4399 3614 4456 ego
3658 4401 3758 4440 au-

525 4486 636 4535 tem
673 4478 740 4534 ad
774 4479 940 4549 piam,
1004 4475 1426 4546 religiosamquc
1470 4471 1631 4525 vitam
1692 4484 1902 4534 eorum,
1955 4469 2045 4540 qui
2076 4469 2271 4540 priscis
2313 4469 2419 4525 illis
2462 4471 2793 4540 temporibus
2841 4481 3028 4529 sancte
3068 4473 3340 4542 vixerunt,
3389 4489 3585 4532 revoco
3639 4478 3762 4532 uni-

523 4589 732 4633 versos.
763 4573 1024 4644 Denique,
1052 4572 1142 4628 ille
1168 4569 1385 4642 quidem
1423 4577 1619 4625 terram
1643 4566 1896 4622 liuentem
1927 4567 2012 4622 lac
2059 4573 2112 4622 et
2151 4565 2279 4631 mel,
2329 4566 2484 4638 quasi
2538 4568 2778 4648 parvulis
2832 4561 3180 4640 promittebat
3225 4589 3240 4628 :
3299 4588 3400 4644 ego
3453 4581 3635 4630 autem
3689 4575 3757 4629 iis

525 4673 619 4745 qui
647 4685 842 4743 capere
871 4668 1100 4741 possint,
1133 4682 1360 4738 regnum
1401 4667 1623 4723 caeleste
1672 4661 1925 4720 concilio.
1953 4661 2078 4718 llaec
2117 4671 2280 4733 atque
2321 4661 2586 4732 ejusmodi
2619 4663 2744 4728 alia,
2797 4661 2934 4720 Novi
2973 4663 3308 4722 TeStamcnti
3337 4668 3496 4734 ratio,
3528 4669 3756 4726 docente

527 4766 768 4830 Christo,
802 4763 1053 4819 omnibus
1097 4763 1347 4834 gentibus
1397 4760 1682 4816 nuntiavit.
1720 4757 1786 4812 Et
1822 4758 1936 4812 haec
1966 4756 2084 4828 ipsa
2121 4762 2271 4820 sunt,
2320 4772 2441 4828 quae
2497 4771 2628 4813 suos
2676 4757 2975 4829 discipulos
3008 4759 3258 4816 Christus
3296 4759 3412 4827 Dei,
3465 4768 3528 4815 ut
3576 4761 3756 4816 omnia

527 4859 633 4916 bus
660 4858 907 4932 gentibus
933 4859 1265 4922 nuntiarent,
1295 4856 1614 4912 hortabatur
1659 4855 1847 4910 dicens

1901 4871 1914 4909 :
1963 4870 1982 4904 ι
2039 4851 2245 4908 Euntes
2298 4852 2641 4923 disciplinam
2694 4859 2928 4909 vestram
2966 4856 3164 4912 tradite
3202 4856 3455 4912 omnibus
3479 4858 3754 4929 gentibus,

529 4953 788 5010 docentes
839 4965 934 5008 eas
979 4965 1196 5007 servare
1233 4949 1447 5014 omnia,
1492 4963 1828 5020 quaecunque
1869 4945 2100 5018 praecepi
2139 4945 2292 5001 vobis
2339 4947 2405 4999 ’⁵.
2447 4965 2466 4999 ι
2499 4945 2630 5014 Quae
2656 4947 2817 5001 etiam
2846 4949 3058 5007 cunctis
3089 4948 3422 5014 hominibus,
3461 4958 3570 5004 tam
3621 4949 3752 5006 bar-

528 5047 677 5106 baris
716 5062 876 5120 quam
907 5044 1109 5101 Graecis
1139 5060 1262 5099 cum
1305 5041 1641 5102 observanda
1678 5041 1934 5105 traderet,
1977 5039 2136 5110 plane
2183 5037 2444 5108 quidnam
2483 5039 2556 5093 sit
2597 5038 3049 5096 Christianismus
3103 5042 3359 5108 ostendit,
3417 5053 3469 5100 et
3529 5041 3751 5114 quinam

530 5146 700 5201 simus
738 5159 860 5208 nos,
901 5121 954 5199 et
991 5138 1295 5212 cujusmodi
1345 5139 1531 5193 talium
1582 5151 1891 5193 sermonum
1947 5148 2012 5189 ac
2065 5131 2474 5203 disciplinarum
2521 5133 2800 5204 magister,
2859 5150 2975 5206 Ipse
3011 5137 3199 5208 utique
3237 5139 3490 5194 Salvator
3542 5145 3598 5194 et
3641 5137 3748 5193 Do-

530 5236 711 5291 minus
743 5242 930 5291 noster
987 5232 1165 5300 Jesus,
1205 5232 1299 5304 qui
1341 5230 1592 5287 Christus
1645 5239 1729 5287 est
1785 5227 1899 5294 Dei,
1947 5227 2042 5299 qui
2082 5239 2278 5282 novam
2329 5227 2469 5282 hanc
2493 5234 2549 5282 et
2577 5241 2768 5282 omnes
2786 5229 3084 5299 amplexam
3111 5230 3338 5288 virtutes
3358 5231 3748 5303 rempublicam

532 5328 588 5383 in
635 5337 748 5382 toto
789 5329 920 5383 orbe
970 5327 1272 5390 constituit,
1302 5324 1436 5380 adeo
1477 5321 1714 5395 quidem,
1746 5329 1807 5376 ut
1837 5321 1965 5375 talia
2015 5317 2246 5382 discere,
2278 5317 2776 5388 philosopharique,
2838 5327 2948 5374 tam
2982 5319 3196 5378 {caninae
3246 5340 3407 5394 quam
3460 5325 3584 5389 viri,
3635 5332 3748 5381 tam

532 5435 795 5493 pauperes
838 5435 997 5490 quam
1042 5420 1260 5485 divites,
1313 5424 1421 5471 tam
1473 5415 1616 5472 servi
1657 5429 1819 5485 quam
1877 5413 2086 5471 domini
2126 5412 2358 5486 possint.
2399 5409 2464 5464 Et
2503 5418 2683 5466 tamen
2727 5423 2881 5468 nova:
2929 5413 3157 5484 hujusce
3194 5416 3327 5488 legis
3381 5415 3745 5486 introductor,

602 5607 649 5638 "
673 5603 962 5673 Exoriaxx,
987 5601 1046 5667 7;
1080 5599 1250 5656 Levit.
1281 5617 1392 5662 xix,
1417 5599 1499 5673 l2;
1535 5596 1694 5673 lleut.
1725 5614 1778 5662 v,
1805 5597 1910 5673 ll_;
1936 5594 2138 5673 Matth.-
2154 5593 2423 5673 v,_53-37.
2483 5595 2528 5626 ⁸⁷
2559 5593 2730 5673 Exod.
2765 5614 2877 5666 xxi,
2905 5597 3008 5667 θός
3062 5599 3230 5658 Levit.
3267 5615 3424 5668 ntv,
3456 5601 3555 5673 20;
3584 5602 3738 5660 Deut.

533 5688 648 5744 nx,
701 5676 810 5742 2|;
853 5663 1043 5728 Matth.
1099 5689 1152 5739 v,
1197 5673 1383 5727 38-40.
1458 5670 1502 5703 "
1536 5667 1724 5722 Matth.
1751 5685 1804 5734 v,
1841 5668 1930 5722 45.
1973 5667 2052 5738 Ὶ⁹⁹
2092 5663 2279 5719 Matth.
2317 5679 2510 5726 xxvm.
2552 5667 2726 5722 meo.
