4068 6206
343 265 412 320 69
1270 265 1924 324 DEMONSTRATIONIS
1966 265 2429 325 EVANGEL‘ICE
2471 271 2604 327 LIB.
2647 272 2685 327 1.
3531 279 3600 337 70

340 400 597 460 tanquam
634 386 687 442 is
725 385 822 456 qui
875 385 929 439 in
969 388 1113 440 omni
1145 387 1252 442 vita
1285 387 1458 459 legem
1509 387 1674 444 Mosis
1731 389 2052 453 servaverit,
2107 389 2456 446 introductus
2511 399 2595 448 est
2654 392 2850 465 :quod
2910 409 3042 452 sane
3101 396 3278 468 ipsum
3338 400 3600 466 admirari

336 501 514 558 operae
536 484 773 556 pretium
799 483 1016 554 est,qui
1041 481 1289 538 videlicet
1316 483 1430 540 ﬁeri
1458 485 1652 556 possit,
1685 494 1742 540 ut
1765 499 1920 540 nova:
1957 485 2186 543 rationis
2215 493 2268 542 et
2309 487 2442 557 legis
2477 495 2670 543 auctor
2711 488 2949 556 futurus,
2995 489 3128 546 Novi
3175 495 3360 565 utique
3416 495 3601 553 Testa-

335 581 502 635 menti
537 593 636 649 per
658 577 1036 648 Evangelium,
1063 594 1173 633 non
1197 587 1454 650 tanquam
1486 582 1704 636 inimica
1727 590 1784 637 et
1830 582 2106 637 contraria
2143 593 2226 648 ea,
2278 599 2400 654 quae
2445 599 2474 638 a
2511 583 2659 641 Mose
2699 587 2897 642 tradita
2940 596 3092 656 sunt,
3133 592 3465 648 recusaverit
3535 590 3599 652 Si

333 673 484 728 enim
521 673 632 726 hoc
664 671 899 735 fecisset,
931 671 1047 742 ipse
1091 672 1334 728 vicissim
1375 667 1510 730 Mosi
1565 674 1794 732 adversa
1847 677 2192 734 existimatus
2241 685 2386 734 esset
2428 678 2744 749 praecipere,
2804 696 2872 736 ex
2930 698 3039 753 quo
3091 685 3274 755 impiis
3309 686 3595 757 impiarum

335 776 627 822 sectarum
670 766 972 822 auctoribus
1018 771 1211 822 contra
1257 767 1461 825 Mosem
1505 777 1559 826 et
1611 770 1926 841 prepbetas,
1977 771 2392 828 obtrectationis
2429 771 2536 842 25
2602 781 2656 828 et
2699 773 3092 832 maled'centiae
3138 778 3423 848 plurimam
3457 791 3596 848 prae-

338 858 566 916 buisset
595 861 886 923 materiam,
942 858 1012 916 iis
1064 866 1246 914 autem
1295 861 1388 932 qui
1425 878 1492 918 ex
1537 864 1957 920 circumcisione
2021 873 2147 920 sunt
2193 865 2618 935 conspirationis
2665 874 2854 922 contra
2897 883 2957 924 se
2995 870 3200 940 justam
3249 879 3303 927 et
3344 871 3596 942 probabi-

346 950 461 1007 lem
493 967 723 1014 causam,
747 952 839 1022 qui
872 952 1058 1023 utique
1093 953 1165 1017 ei,
1198 956 1354 1024 quasi
1377 958 1473 1028 qui
1503 968 1693 1013 contra
1741 958 1912 1028 legem
1952 957 2174 1026 faceret,
2216 967 2379 1031 atque
2417 958 2485 1014 ab
2538 969 2600 1015 ea
2635 959 2913 1028 deﬁceret,
2960 963 3188 1020 insidias
3230 965 3297 1020 ad
3351 964 3592 1022 inferen-

350 1048 478 1103 dam
509 1061 684 1102 necem
711 1052 1155 1100 construxerunt.

865 1166 1260 1222 ΚΕΦΑΛᾹΙΟΝ
1308 1171 1382 1224 Z'.

349 1259 480 1323 Πῶς
495 1261 526 1312 o'
539 1256 800 1336 Χρισττζς,
831 1263 912 1337 τὰ.
934 1260 1092 1337 παρὰ
1115 1262 1321 1337 Μωσεῖ
1353 1261 1656 1337 πρότερον.
1676 1259 1910 1314 ἐκτελέ-

412 1347 556 1403 σας,
579 1328 790 1396 καινῆς
820 1328 917 1381 καὶ
949 1330 1090 1398 νέας
1120 1331 1484 1403 είσαγωγεὺς
1521 1328 1777 1399 κατέστη
1807 1347 1912 1383 .10-

407 1401 618 1464 λιτείας
630 1439 644 1451 .

398 1514 530 1567 Νυνὶ
567 1514 624 1568 δὲ
665 1514 844 1566 πάντα
885 1516 1022 1567 κατὰ
1049 1516 1138 1569 τὸν
1201 1515 1442 1579 Μωσέως
1483 1516 1646 1588 νόμον
1682 1514 1905 1569 πεπολι-

325 1607 606 1675 τευμένος,
641 1609 752 1671 τοῖς
786 1607 1102 1673 ἀποστόλοις
1128 1608 1291 1662 αὐτοῦ
1349 1609 1610 1680 κέχρηται
1640 1609 1904 1673 διακόνοις

323 1699 422 1767 τῆς
451 1699 648 1770 καινῆς
676 1699 838 1752 αὑτοῦ
871 1702 1208 1772 νομοθεσίας
1246 1701 1379 1772 ὁμοῦ
1408 1702 1505 1772 μὲν
1535 1703 1628 1754 καὶ
1657 1701 1726 1754 τὰ
1776 1704 1905 1756 Μω-

324 1787 462 1851 σέως
483 1789 584 1842 οὐκ
610 1789 884 1860 ἀλλότρια,
912 1791 1020 1844 οὐδ’
1043 1791 1212 1863 ἐχθρὰ
1231 1792 1330 1862 τῆς
1362 1792 1568 1856 οἰκείας
1595 1791 1904 1858 θεοσεϐείας

319 1882 572 1950 ἡγεῖσθαι
602 1883 712 1935 δεῖν
741 1883 972 1949 διδάξας·
1008 1885 1142 1955 ὁμοῦ
1165 1885 1219 1937 δὲ
1247 1887 1338 1938 καὶ
1366 1885 1648 1957 αὐθέντης,
1683 1886 1775 1940 καὶ
1793 1889 1903 1938 εἰσ-

312 1974 537 2044 ηγητὴς
577 1974 700 2037 νέας
740 1976 833 2027 καὶ
881 1977 1145 2046 σωτηρίου
1183 1978 1344 2029 πᾶσιν
1388 1975 1694 2048 ἀνθρώποις
1733 1993 1901 2030 κατα-

313 2067 462 2130 στὰς
486 2067 820 2137 νομοθεσίας·
838 2069 912 2130 ὼς
937 2067 1200 2138 μηδαμῶς
1221 2070 1300 2132 εἰς
1322 2068 1390 2121 τὰ
1437 2070 1624 2121 Μωσεϊ
1645 2064 1902 2122 δοκοῦντα

312 2159 711 2229 παρανομῆσαι
743 2158 924 2223 αὐτὸν,
955 2159 1105 2222 τέλος
1135 2160 1178 2212 δ’
1212 2160 1437 2223 ἐκείνοις
1467 2159 1734 2213 ἐπιθεῖναι
1769 2161 1902 2232 πρό-

310 2268 498 2322 τερον,
530 2251 624 2304 καὶ
655 2252 943 2324 πληρωτὴν
965 2252 1144 2305 αὐτῶν
1173 2253 1442 2322 γενέσθαι,
1471 2255 1564 2307 καὶ
1577 2253 1749 2319 οὕτως
1770 2255 1896 2326 περὶ

312 2339 416 2409 τὴν
443 2341 728 2394 αὐθεντίαν
756 2341 850 2394 τοῦ
912 2343 1054 2396 κατὰ
1095 2343 1154 2396 τὸ
1199 2344 1528 2414 Εὐαγγέλιον
1565 2345 1728 2415 νόμου
1759 2363 1898 2418 παρ-

313 2433 654 2504 εληλυθέναι.
677 2434 787 2486 Καὶ
813 2434 1000 2487 τοῦτον
1011 2437 1300 2490 ἀκουστέον
1327 2437 1488 2491 αὐτοῦ
1517 2439 1764 2507 λέγοντος
1803 2439 1892 2492 τὸν

312 2527 538 2598 τρόπον’
577 2545 595 2578 ι
626 2528 737 2580 Οὐκ
767 2523 930 2599 ἦλθον
952 2527 1252 2582 καταλῦσαι
1271 2529 1360 2582 τὸν
1389 2530 1572 2601 νόμον,
1595 2529 1730 2584 ἀλλὰ
1754 2530 1890 2601 πλη-

2608 1163 2836 1220 CAPUT
2866 1151 2980 1220 VII.

2013 1261 2287 1327 Quomodo
2312 1255 2576 1317 Christus,
2605 1268 2881 1326 postquam
2914 1274 2976 1309 ea
3005 1274 3121 1327 qua:
3156 1277 3186 1312 a
3206 1258 3356 1316 Mose
3389 1267 3588 1322 tradita

2083 1341 2228 1406 sunt,
2268 1328 2416 1397 plene
2439 1327 2747 1406 observavit,
2799 1344 2945 1406 nocte
2991 1333 3212 1386 rationis
3249 1345 3298 1386 et
3338 1333 3466 1406 legis
3505 1339 3588 1392 in-

2081 1399 2352 1454 troductor
2381 1399 2611 1452 exstitit.
2925 1401 2944 1422 ‘

2076 1512 2232 1566 Nunc
2263 1522 2442 1565 autem
2466 1519 2755 1580 postquam
2789 1511 2842 1566 in
2877 1513 3028 1567 omni
3068 1514 3178 1568 vita
3213 1514 3378 1571 Mosis
3409 1515 3584 1586 legem

2007 1605 2404 1676 comprobavit,
2436 1605 2702 1676 apostolis
2731 1606 2848 1661 suis
2884 1621 3019 1660 usus
3041 1614 3126 1661 est
3163 1623 3314 1662 nova:
3361 1625 3473 1665 suae
3504 1612 3584 1667 le-

2004 1697 2088 1768 gis
2125 1696 2488 1763 administris,
2528 1697 2583 1751 in
2619 1697 2721 1751 hoc
2766 1698 2855 1753 ille
2894 1698 3118 1768 quidem
3178 1701 3340 1756 simul
3379 1702 3585 1760 docens

2003 1804 2066 1842 ea
2099 1804 2220 1858 qua:
2259 1805 2288 1842 a
2321 1789 2468 1844 Mose
2500 1789 2698 1844 tradita
2741 1799 2890 1857 sunt,
2946 1806 3047 1845 nec
3105 1805 3136 1845 a
3185 1807 3283 1847 sua
3322 1795 3584 1866 religione

2003 1879 2374 1946 abhorrentia,
2395 1897 2496 1937 nec
2525 1883 2696 1937 eidem
2725 1882 2945 1936 inimica
2963 1883 3275 1940 existimare
3305 1889 3580 1956 oper-tere,

2003 1978 2056 2024 et
2086 1971 2248 2026 simul
2291 1983 2568 2028 auctorem
2621 1990 2680 2029 se
2738 1982 2903 2046 atque
2959 1976 3390 2034 introductorem
3424 1994 3582 2035 novat

2001 2072 2055 2119 et
2084 2066 2298 2121 cunctis
2325 2066 2638 2123 hominibus
2681 2070 2939 2124 salutaris
2987 2072 3144 2142 legis,
3183 2073 3530 2129 constituens
3559 2093 3573 2131 :

2001 2164 2062 2212 ut
2091 2159 2238 2213 nullo
2273 2168 2432 2229 pacto
2467 2160 2574 2215 dici
2600 2163 2774 2230 possit
2794 2162 3072 2232 quidpiam
3126 2163 3276 2218 illum
3316 2165 3579 2224 adversus

2000 2249 2168 2305 Mosis
2202 2249 2350 2322 leges
2380 2259 2472 2304 aut
2499 2251 2718 2306 decreta
2750 2252 2980 2308 fecisse:
3009 2255 3142 2324 quin
3194 2256 3376 2325 potius
3415 2257 3576 2313 ﬁnem

1999 2340 2108 2395 illis
2124 2341 2276 2410 prius
2290 2341 2638 2413 imposuisse,
2658 2343 2956 2414 eademque
2973 2345 3210 2415 perfecte
3231 2347 3576 2416 observasse,

1995 2443 2048 2488 et
2076 2434 2157 2488 sic
2188 2433 2253 2488 ad
2301 2435 2700 2491 institutionem
2735 2438 3064 2508 evangelica:
3101 2437 3236 2509 legis
3264 2441 3571 2496 transiisse.

1997 2522 2062 2578 Et
2094 2525 2186 2594 qui
2222 2527 2440 2581 modum
2467 2528 2685 2598 quidem
2719 2527 2867 2584 hunc
2915 2531 2984 2584 ab
3045 2529 3166 2600 ipso
3225 2532 3574 2588 observatum

317 2617 511 2690 ρῶσαι.
544 2637 563 2670 ι
588 2619 651 2671 Εἰ
681 2618 780 2690 μὲν
809 2619 916 2690 γὰρ
946 2619 1270 2690 παραϐάτης
1330 2619 1422 2672 τοῦ
1453 2621 1696 2683 Μωσέως
1728 2621 1879 2692 νόμοι

1996 2618 2166 2682 dicat,
2203 2634 2312 2672 non
2342 2620 2481 2675 alius
2523 2619 2828 2676 audiendus
2875 2630 2958 2676 est
3013 2637 3176 2691 quam
3238 2621 3376 2692 ipse.
3404 2643 3421 2674 ι
3454 2622 3572 2679 Non

315 2709 571 2780 κατέστη,
604 2709 707 2763 κᾶν
736 2709 970 2778 εὐλόγως
999 2708 1256 2780 ἐνομίσθη
1295 2707 1442 2762 λύειν
1471 2709 1628 2763 αὐτὸν
1658 2710 1750 2764 καὶ
1781 2729 1887 2764 πα-

313 2805 588 2874 ρανομεῖν·
617 2802 819 2873 φαῦλος
843 2803 901 2857 δέ
926 2820 1010 2866 τις
1034 2803 1128 2856 καὶ
1151 2803 1464 2874 παράνομος
1491 2802 1767 2872 πεφυκὼς,
1789 2805 1888 2858 οὐκ

311 2893 380 2946 ἂν
421 2893 712 2966 ἐπιστεύθη
759 2893 919 2957 αὐτὸς
955 2889 1092 2947 εἶναι
1137 2895 1165 2948 6
1207 2894 1455 2966 Χριστός.
1513 2894 1671 2949 Λύων
1717 2895 1774 2948 δὲ
1817 2896 1889 2950 τὰ

308 2987 577 3054 Μωσέως,
615 2987 731 3052 πῶς
793 2987 858 3042 ἂν
897 2986 1154 3059 ἐνομίσθη
1185 2987 1342 3052 αὐτὸς
1385 2988 1670 3059 ὑπάρχειν,
1711 2989 1740 3042 6
1781 2989 1885 3043 ὑπὸ

308 3079 554 3142 Μωσέως
571 3078 665 3131 καὶ
695 3077 802 3131 τῶν
830 3078 1120 3150 προφητῶν
1139 3079 1605 3150 κατηγγελμένος;
1625 3080 1743 3145 πῶς
1759 3081 1801 3134 δ’
1819 3081 1885 3140 ἂν

309 3171 471 3240 ἔσχεν
505 3171 566 3224 τὸ
589 3173 891 3238 ἀξιόπιστον
915 3171 1109 3243 καινῆς
1137 3172 1480 3244 νομοθεσίας;
1511 3173 1654 3240 ἔδοξε
1683 3174 1792 3247 γὰρ
1819 3175 1883 3229 ἂν

307 3265 537 3328 εἰκότως
582 3265 680 3335 τῆς
713 3264 1048 3337 παρανομίας
1085 3265 1242 3337 χάριν
1280 3266 1374 3320 ἐπὶ⁵
1406 3265 1505 3338 τὴν
1537 3269 1882 3339 καινοτομίαν

305 3357 646 3429 ἐληλυθέναι,
679 3358 891 3427 φεύγων
919 3358 1018 3430 τὴν
1051 3359 1142 3412 ἐπὶ
1170 3360 1290 3423 ταῖς
1320 3358 1682 3431 παρανομίαις
1705 3379 1878 3432 τιμω-

305 3449 452 3523 ρίαν.
483 3449 597 3504 Νῦν
617 3450 672 3503 δὲ
700 3450 868 3522 μηδὲν
899 3450 1164 3522 μηδαμῶς
1187 3449 1296 3506 τῶν
1320 3452 1378 3504 ὲν
1405 3449 1481 3522 τῷ
1513 3451 1664 3524 νόμῳ
1689 3451 1876 3516 λύσας,

302 3543 601 3614 πληρωτὴς
643 3543 687 3596 δ’
717 3542 894 3596 αὐτῶν
932 3543 1254 3614 γενόμενος,
1293 3544 1388 3598 καὶ
1423 3543 1660 3607 τέλειος,
1703 3543 1778 3608 ὡς
1813 3543 1880 3597 ἄν

297 3653 386 3700 τις
398 3635 560 3700 εἴποι,
584 3635 719 3690 κατά
734 3636 954 3700 Μωσέα,
983 3638 1103 3692 ἐπεὶ
1131 3636 1327 3708 μηκέτι
1347 3639 1458 3699 τοῖς
1486 3635 1686 3699 λοιποῖς
1705 3635 1878 3690 ἔθνεσι

295 3729 521 3783 δυνατὸν
547 3724 613 3800 ἦν
629 3727 958 3800 ἐφαρμόζειν
980 3728 1048 3783 τὰ
1073 3728 1220 3800 παρὰ
1243 3727 1426 3781 Μωσεῖ
1451 3727 1656 3800 νόμιμα
1673 3729 1758 3783 διὰ
1778 3729 1877 3794 τὰς

301 3821 740 3892 προδηλωθείσας
777 3822 954 3884 αίτίας
989 3820 1150 3892 (χρῆν
1201 3819 1258 3872 δὲ
1289 3821 1460 3891 δήπου
1499 3820 1877 3894 φιλανθρωπίᾳ

299 3916 394 3969 τοῦ
437 3915 752 3985 παναγάθου
796 3914 906 3969 τῶν
945 3916 1080 3969 ὅλων
1123 3914 1256 3968 Θεοῦ
1306 3913 1512 3978 πάντας
1558 3913 1875 3986 ἀνθρώπους

1996 2712 2143 2777 veni,
2173 2712 2372 2782 inquit,
2410 2711 2660 2768 scindere
2693 2712 2886 2784 legem,
2913 2711 3008 2768 sed
3039 2713 3313 2782 complere
3356 2714 3394 2769 ¹.
3431 2733 3450 2768 ι
3486 2715 3575 2771 ΕΙ.-

1995 2805 2142 2858 enim
2176 2804 2222 2859 si
2249 2812 2596 2875 contemptor
2620 2804 2786 2861 Mosis
2813 2805 2948 2876 legis
2974 2806 3297 2873 exstitisset,
3320 2808 3570 2879 quamvis

1994 2894 2141 2950 illam
2174 2895 2518 2952 existimatus
2549 2905 2695 2953 esset
2729 2897 3084 2969 probabiliter
3128 2899 3400 2966 scindere,
3431 2915 3567 2956 con-

1993 2995 2185 3058 traque
2217 3003 2337 3044 eam
2372 2988 2552 3046 facere
2582 3008 2596 3043 :
2633 2989 2934 3060 improbam
2963 2999 3146 3046 tamen
3178 2992 3491 3062 quamdam,
3514 3003 3569 3048 et

1991 3095 2023 3134 a
2055 3081 2266 3153 legibus
2299 3082 2531 3136 alienam
2566 3092 2818 3138 naturam
2846 3096 2957 3153 pra:
2984 3099 3043 3139 se
3082 3083 3284 3148 ferens,
3311 3084 3566 3144 Christus

1991 3185 2113 3226 esse
2149 3173 2390 3228 creditus
2433 3187 2543 3228 non
2581 3189 2746 3230 esset.
2798 3171 2971 3228 Porro
3016 3182 3196 3228 autem
3248 3175 3564 3233 rescindens

1991 3276 2054 3317 ea
2080 3278 2200 3332 quae
2223 3278 2252 3316 a
2288 3263 2437 3319 Mose
2469 3265 2646 3335 posita
2673 3272 2820 3329 sunt,
2853 3262 3126 3335 quomodo
3154 3266 3422 3335 potuisset
3447 3266 3565 3321 exi-

1989 3355 2200 3411 stimari
2237 3355 2285 3410 is
2313 3371 2458 3421 esse,
2496 3372 2656 3428 quem
2687 3351 2931 3412 futurum
2979 3357 3152 3414 Moses
3203 3366 3254 3412 et
3287 3358 3563 3428 prOpbette

1985 3448 2373 3503 nuntiassent?
2396 3449 2670 3518 quomodo
2709 3458 2890 3506 autem
2922 3453 3078 3508 novis
3103 3451 3314 3522 legibUS
3351 3467 3560 3523 ponen-

1987 3540 2074 3597 dis
2099 3541 2474 3596 auctoritatem
2502 3542 2821 3598 habuisset?
2859 3545 3054 3600 merito
3093 3545 3238 3601 enim
3269 3544 3437 3601 videri
3461 3560 3560 3616 po-

1987 3635 2201 3700 tuisset,
2235 3633 2558 3706 deroganda:
2589 3634 2724 3704 legis
2756 3637 2952 3706 gratia,
2989 3637 3054 3692 ad
3091 3639 3437 3693 novationem
3466 3653 3560 3696 re-

1985 3745 2109 3784 rum
2157 3729 2394 3796 venisse,
2442 3735 2502 3783 ut
2562 3727 2908 3794 delictorum,
2960 3744 3082 3798 quae
3133 3735 3326 3784 contra
3381 3729 3555 3800 legem

1985 3821 2381 3888 commisisset,
2448 3820 2774 3891 supplicium
2827 3819 3102 3876 evaderet.
3161 3820 3318 3874 Nunc
3371 3829 3553 3876 autem

1983 3915 2120 3970 nihil
2151 3915 2218 3970 de
2246 3915 2361 3984 lege
2391 3915 2614 3968 omnino
2644 3912 2935 3982 derogans,
2971 3919 3028 3978 et,
3063 3911 3223 3982 plene
3255 3926 3376 3982 qua:
3411 3913 3464 3966 in
3488 3927 3552 3966 ea

303 4010 565 4080 σωθῆναι,
597 4010 691 4063 καὶ
719 4012 798 4073 εἰς
834 4009 1125 4079 ἐπίγνωσιν
1149 4007 1405 4080 ἀληθείας
1431 4007 1646 4079 ἐλθεῖν),
1684 4007 1753 4061 τὰ
1776 4025 1876 4062 κα-

1984 4008 2331 4064 continentur
2371 4021 2617 4069 servans,
2659 4012 2844 4073 atque,
2877 4011 2934 4058 ut
2967 4003 3046 4059 sic
3068 4003 3268 4068 dicam,
3304 4001 3371 4057 ad
3393 4018 3553 4075 regu-

300 4102 539 4174 τάλληλα
564 4105 655 4156 καὶ
688 4095 921 4174 ἁρμόδια
962 4105 1073 4166 τοῖς
1104 4103 1270 4155 πᾶσιν
1317 4099 1703 4173 ἐνομοθέτησεν
1727 4118 1740 4131 ⁸
1776 4101 1874 4155 οὐκ

297 4197 364 4252 ἂν
388 4196 660 4268 φθονήσας
686 4197 780 4250 καὶ
833 4193 904 4248 τὰ
928 4194 1174 4258 Μωσέως
1203 4193 1290 4247 διὰ
1317 4193 1425 4247 τῶν
1449 4193 1759 4248 ἀποστόλων
1777 4194 1872 4247 αὐ-

296 4290 393 4346 τοῦ
427 4293 590 4346 πᾶσιν
613 4288 922 4362 ἀνθρώποις
951 4286 1328 4357 καταγγεῖλαι,
1363 4288 1412 4340 εί
1438 4286 1512 4358 μὴ
1535 4286 1594 4340 τὸ
1617 4287 1871 4341 ἀδύνατον

294 4383 547 4454 ἐμποδὼν
574 4380 662 4457 ἦν,
694 4383 769 4447 ὡς
797 4382 1034 4436 διδάσκει
1058 4380 1229 4450 λέγων
1263 4380 1598 4443 Ἀπόστολος·
1623 4399 1642 4431 ι
1671 4379 1743 4432 Τὸ
1761 4379 1870 4451 γὰρ

294 4476 553 4530 ἀδύνατον
583 4475 676 4529 τοῦ
703 4475 889 4547 νόμου,
923 4475 980 4526 ὲν
1005 4466 1049 4541 ᾧ
1079 4471 1312 4542 ἠσθένει,
1345 4472 1374 4524 6
1401 4471 1532 4534 Θεὸς
1559 4470 1648 4524 τὸν
1677 4469 1867 4524 ἑαυτοῦ

294 4567 426 4622 Υίδν
446 4568 664 4640 πέμψας
687 4570 744 4622 ὲν
766 4565 1070 4638 ὁμοιώματι
1095 4564 1295 4637 σαρκὸς
1315 4561 1607 4635 ἁμαρτίας,
1632 4582 1650 4616 ι
1679 4563 1772 4617 καὶ
1799 4563 1867 4617 τὰ

291 4660 438 4734 ἑξῆς.
486 4659 767 4716 Ἀδύνατον
802 4659 858 4713 δὲ
895 4661 1029 4714 πᾶσι
1060 4659 1229 4731 δήπου
1261 4659 1372 4721 τοῖς
1399 4657 1604 4711 ἔθνεσιν
1634 4656 1865 4729 ὑπάρχει

288 4754 414 4826 τρὶς
459 4753 553 4809 τοῦ
586 4754 739 4818 ἔτους
774 4754 1018 4823 ἀπαντᾷν
1067 4753 1144 4814 εἰς
1175 4749 1541 4820 ’Ἱεροσόλυμα
1587 4748 1730 4802 κατὰ
1773 4749 1865 4803 τὸν

289 4847 536 4911 Μωσέως
557 4849 739 4918 νόμον,
767 4845 861 4899 καὶ
901 4843 1010 4899 ἀπὸ
1035 4842 1141 4896 τῶν
1160 4843 1409 4914 περάτων
1425 4841 1522 4912 τῆς
1544 4841 1863 4912 οἰκουμένης

287 4941 387 5012 τὴν
416 4939 524 4994 ἀπὸ
551 4939 739 5010 λέχους
770 4939 1003 5009 γυναῖκα
1037 4937 1306 5000 σπεύδειν,
1335 4934 1522 4989 αὐτόθι
1554 4933 1623 4988 τὰ
1656 4933 1861 5007 καθάρ-

288 5049 380 5088 σια
410 5031 844 5104 ἀποθησομένηνο
880 5031 972 5084 καὶ
1004 5029 1137 5084 ἄλλα
1166 5028 1354 5101 μυρία,
1387 5027 1423 5082 ὃ.
1457 5027 1550 5081 καὶ
1581 5025 1756 5097 ἑαυτῴ
1777 5045 1861 5091 τις

286 5127 383 5180 ἐπὶ
403 5125 600 5198 σχολῆς
625 5123 943 5190 ἀναλέξαιτο
971 5122 1054 5177 ἄν.
1097 5121 1310 5193 Ἐπειδὴ
1334 5121 1512 5175 τοίνυν
1540 5119 1707 5174 ταῦτα
1738 5119 1858 5173 οὐδὲ

288 5220 636 5292 βουλομένοις
671 5216 868 5274 δυνατὰ
899 5214 968 5290 ἦν
1013 5217 1123 5279 τοῖς
1155 5216 1558 5287 ἀπῳκισμένοις
1584 5214 1682 5284 τῆς
1726 5215 1854 5269 Ἰου-

281 5311 442 5376 δαίας
489 5311 663 5365 ἔθνεσι
711 5310 1016 5382 φυλάττειν,
1058 5307 1280 5371 εἰκότως
1331 5307 1494 5379 μηδὲν
1541 5305 1744 5359 τούτων
1785 5306 1853 5359 δι’

283 5404 479 5459 ἑαυτοῦ
513 5403 676 5469 λύσας
702 5405 730 5457 6
757 5402 945 5472 Σωτὴρ
986 5400 1080 5455 καὶ
1121 5398 1323 5471 Κύριος
1351 5397 1525 5470 ήμῶν,
1560 5397 1850 5470 πληρωτὴς

281 5491 338 5556 δέ
365 5503 656 5574 γενόμενος
685 5500 793 5555 τῶν
817 5502 874 5553 ὲν
905 5498 982 5569 τῷ
1015 5497 1186 5568 νόμῳ,
1223 5497 1313 5550 καὶ
1339 5497 1519 5550 πίστιν
1555 5495 1851 5568 παρασχὼν

283 5601 392 5662 τοῖς
416 5595 638 5671 ὁρῶσιν,
667 5595 873 5667 ὡςᾰρα
905 5593 1064 5656 αὐτὸς
1097 5593 1242 5644 ἐστιν
1265 5592 1293 5643 6
1317 5589 1548 5662 Χριστὸς
1574 5589 1666 5644 τοῦ
1692 5588 1848 5657 Θεοῦ,

405 5755 598 5813 Matth.
633 5771 685 5822 ν,
724 5755 811 5810 l7.
853 5757 872 5786 ’
904 5751 1059 5809 Bon).
1115 5766 1248 5820 vm,
1300 5751 1353 5806 3.

1981 4103 2088 4157 lam
2121 4101 2286 4157 Mosis
2335 4099 2630 4170 perfectus,
2680 4103 2970 4167 postquam
3005 4111 3115 4151 non
3170 4095 3404 4166 amplius
3434 4094 3549 4151 ﬁeri

1978 4202 2212 4266 poterat,
2246 4201 2306 4248 ut
2339 4209 2399 4248 ea
2435 4208 2556 4262 qua:
2582 4201 2710 4247 sunt
2737 4190 2792 4244 in
2822 4190 2938 4261 lege
2989 4188 3155 4246 Mosis
3197 4189 3424 4260 reliquis
3454 4203 3548 4243 ac-

1977 4287 2457 4344 commodarentur
2485 4285 2761 4358 gentibus,
2801 4289 3021 4354 propter
3049 4295 3144 4338 eas
3186 4292 3383 4337 causas
3423 4297 3545 4353 qua:

1977 4385 2137 4440 dictae
2153 4383 2263 4453 jam
2284 4389 2429 4446 sunt,
2453 4379 2527 4451 (et
2546 4378 2831 4450 Oportebat
2850 4378 3104 4432 nimirum
3124 4375 3368 4431 bonitate
3395 4393 3546 4431 sum.

1974 4478 2048 4532 mi
2083 4475 2179 4531 Dei
2207 4489 2396 4531 omnes
2429 4473 2677 4528 bomines
2705 4471 2886 4527 salvos
2928 4469 3043 4524 fieri
3079 4479 3132 4524 et
3177 4468 3244 4522 ad
3276 4470 3545 4541 cognitio-

1972 4585 2097 4626 nem
2125 4569 2372 4625 veritatis
2392 4568 2602 4635 venire)
2637 4581 2758 4637 quae
2791 4565 3047 4621 omnibus
3076 4568 3201 4635 apta
3235 4578 3544 4618 accommo-

1972 4663 2208 4733 dataque
2236 4667 2442 4724 essent,
2470 4657 2682 4729 legibus
2737 4660 2852 4715 suis
2909 4657 3179 4725 sancivit;
3217 4672 3282 4712 ac
3345 4673 3414 4712 ne
3449 4658 3540 4712 illa

1969 4757 2190 4826 quidem
2219 4769 2340 4825 quae
2373 4768 2402 4806 a
2436 4752 2582 4807 Mose
2617 4761 2883 4822 praecepta
2917 4757 3066 4814 sunt,
3100 4763 3230 4804 suos
3261 4748 3540 4820 apostolos

1969 4849 2291 4904 denuntiare
2325 4845 2540 4901 cunctis
2562 4845 2672 4916 26
2691 4843 3006 4899 hominibus
3035 4841 3424 4912 prohibuisset,
3450 4841 3538 4895 ni-

1969 4941 2014 4996 si
2049 4955 2112 4995 ea
2145 4955 2232 4994 res
2258 4937 2646 5008 impedimento
2678 4934 2890 5000 fuisset,
2951 4933 3094 5005 quod
3131 4933 3222 4987 illa
3277 4931 3395 4987 ﬁeri
3425 4947 3534 4987 non

1965 5038 2211 5103 possent,
2237 5026 2696 5100 quemadmodum
2725 5025 3020 5098 Apostolus
3049 5025 3227 5088 docet,
3259 5011 3354 5080 ubi
3411 5025 3484 5079 ait
3511 5035 3533 5078 :

1970 5145 1987 5174 ι
2026 5121 2162 5177 Nam
2196 5120 2340 5191 quod
2372 5118 2709 5189 impossibile
2735 5125 2852 5173 erat
2876 5117 3002 5188 legi,
3035 5117 3088 5172 in
3131 5129 3240 5186 quo
3289 5113 3534 5169 inﬁrma"-

1963 5217 2145 5282 batur,
2177 5209 2321 5271 Deus
2352 5213 2552 5268 Filium
2602 5228 2761 5268 suum
2788 5211 3011 5267 mittens
3035 5211 3089 5264 in
3121 5207 3530 5264 similitudinem

1963 5310 2146 5367 carnis
2203 5307 2411 5380 peccati
2437 5309 2480 5372 ',
2520 5325 2538 5358 ι
2579 5313 2634 5361 et
2679 5312 2896 5360 caetera.
2953 5297 3293 5371 [inpossibile
3344 5307 3531 5356 autem

1959 5411 2077 5461 erat
2105 5403 2384 5467 nimirum,
2412 5411 2472 5456 ut
2507 5415 2698 5457 omnes
2743 5407 2930 5468 gentes
2983 5400 3067 5448 ter
3107 5391 3340 5464 singulis
3366 5393 3529 5449 annis

1956 5513 2023 5554 ex
2052 5497 2169 5568 lege
2202 5493 2368 5550 Mosis
2399 5477 2775 5562 Hierosolyma
2800 5485 3173 5551 convenirent,
3230 5495 3284 5542 et
3331 5488 3532 5542 mulier

1957 5589 2134 5646 levata
2169 5594 2326 5660 partu
2351 5585 2418 5644 ab
2449 5581 2710 5647 extremis
2733 5591 2890 5637 terra:
2920 5578 3121 5638 ﬁnibus
3154 5580 3283 5636 illuc
3331 5593 3530 5654 prope-
