3974 6208
507 285 588 362 τι
1138 297 1406 356 susum:
1437 295 1923 354 cmsamrnsrs
1961 294 2110 355 ore.
2150 293 2335 350 rans
2371 294 2436 349 ιι.
2476 325 2544 335 -
2579 293 3079 352 APOLOGETICA.
3664 299 3732 356 τε

509 429 678 486 raret,
707 429 766 476 ut
795 437 912 492 qua:
939 437 1035 491 pro
1064 420 1382 490 purgatione
1410 418 1655 474 instituta
1689 427 1838 483 sunt,
1873 418 2071 474 ibidem

2175 417 2204 468 ὁ
2233 417 2368 487 πρὸς
2394 416 2500 469 τῶν
2533 416 2682 487 παρά
2722 417 2991 480 Ἰουδαίοις
3017 403 3312 486 πάλαῖἶίειν
3375 435 3504 470 ενων
3527 435 3736 490 προφη-

507 516 826 584 deponeret.
859 525 909 568 et
936 513 1041 566 alia
1092 513 1534 577 innumerabilia,
1583 527 1700 580 qua:
1755 526 1854 580 per
1902 511 2072 566 otium

509 605 882 674 unusquisque
911 609 1088 672 potest
1109 619 1206 674 per
1236 607 1472 673 seipsum
1506 601 1778 672 colligere.
1807 601 2074 668 Quoniam

510 696 677 766 igitur
711 695 823 748 haec
857 704 1045 763 gentes
1067 709 1096 747 a
1128 693 1314 749 Judaea
1332 693 1517 765 procul
1562 692 1888 753 habitantes,
1913 690 2071 745 etiam

506 789 552 842 si
585 786 906 850 voluissent,
962 800 1178 841 servare
1212 801 1320 840 non
1357 789 1608 854 poterant
1641 797 1653 832 :
1699 781 1892 836 merito
1939 780 2074 834 nihil

510 877 704 932 horum
737 895 832 949 per
861 879 1097 949 seipsum
1131 878 1448 934 rescindens
1509 875 1779 940 Salvator,
1806 882 1860 930 ct
1893 872 2074 927 Domi—

507 987 614 1028 nus
647 979 853 1034 noster,
897 971 991 1027 sed
1022 971 1176 1041 plene
1213 986 1462 1032 servans,
1487 978 1542 1024 et
1573 968 1810 1024 eﬂiciens
1862 982 1927 1023 ea
1955 981 2074 1037 quae

507 1066 566 1119 in
591 1063 708 1132 ipsa
734 1063 849 1133 lege
873 1063 1247 1126 continentur,
1279 1071 1335 1119 et
1379 1061 1748 1133 spectantibus
1799 1058 1960 1114 ﬁdem
1992 1057 2073 1111 fa-

514 1154 679 1219 ciens,
715 1155 858 1224 quod
891 1156 1006 1223 ipse
1024 1161 1169 1210 esset
1197 1154 1450 1210 Christus
1482 1153 1600 1215 Dei,
1651 1153 1718 1208 de
1766 1167 1874 1222 quo
1905 1149 2071 1221 prisci

513 1243 815 1300 Iudaeorum
831 1245 1110 1315 propheta
1136 1245 1506 1300 testimonium
1544 1243 1899 1313 protulissent
1917 1258 1932 1307 ;
1953 1249 2071 1294 tum

512 1334 650 1388 Idem
683 1335 933 1390 amnibus
961 1335 1213 1406 gentibus
1236 1335 1645 1390 accommodata
1667 1342 1954 1404 praacepta,
1976 1347 2073 1402 per

510 1424 805 1494 discipulos
827 1440 966 1481 suos
987 1426 1289 1497 proposuit.
1343 1427 1555 1482 Idcirco
1613 1441 1714 1481 nos
1761 1425 2071 1480 Judaeorum

504 1517 757 1586 pr0prios
786 1517 926 1572 ritus
956 1517 1349 1582 recusavimus,
1385 1525 1641 1588 tanquam
1672 1533 1767 1573 eos
1792 1518 1882 1588 qui
1912 1518 2071 1574 nobis

505 1605 620 1676 iege
652 1607 816 1675 positi
845 1624 953 1663 non
985 1610 1116 1673 sint,
1150 1617 1203 1664 et
1226 1609 1479 1679 gentibus
1524 1610 1920 1666 accommodari
1961 1626 2070 1663 non

504 1698 736 1766 possint.
768 1698 1172 1754 Ateorumdem
1219 1699 1531 1769 prophetias
1586 1701 1815 1756 libentes
1859 1702 2070 1771 accepi-

2173 506 2280 558 τῶν
2325 501 2843 579 μεμαρτυρημένος·
2893 507 3030 578 μετὰ
3056 507 3225 562 ταῦτα
3255 525 3387 560 ςυασι
3420 511 3530 573 τοῖς
3564 509 3737 564 ἔθνεσι

2173 598 2242 650 τὰ
2262 580 2494 670 ἁρμόδια
2519 599 2954 670 παραγγέλματα
2985 600 3070 654 διὰ
3104 599 3210 654 τῶν
3239 601 3450 654 οἰκείων
3484 599 3740 672 μαθητῶν

2174 690 2562 762 προϐέϐληται.
2618 691 2808 746 Ἔνθεν
2848 691 2943 745 καὶ
2980 693 3140 763 ἡμεῖς
3178 693 3239 746 τὸ
3291 693 3389 764 μὲν
3435 693 3738 758 ’ἰουδαΐζειν

2174 782 2558 853 παρῃτήμεθα,
2609 782 2683 846 ὡς
2737 785 2866 854 ἡμῖν
2929 782 3004 855 μὴ
3047 784 3548 856 νενομοθετημένον,
3605 785 3741 858 μηδὲ

2172 875 2500 945 ἐφαρμόζειν
2528 875 2637 936 τοῖς
2663 873 2837 928 ἔθνεσι
2866 874 3180 946 δυνάμενον·
3209 875 3308 938 τὰς
3335 875 3391 928 δὲ
3419 877 3569 941 παρά
3605 879 3740 931 ἰου-

2172 964 2340 1028 δαίοις
2405 966 2738 1037 προφητείας
2793 965 3044 1036 ἀσμένως
3098 966 3494 1038 κατεδεξάμεθα
3529 1010 3543 1034 ,
3591 968 3741 1024 ῶσὰν

2173 1054 2532 1126 περιεχούσας
2564 1055 2664 1118 τὰς
2707 1058 3058 1127 προρρήσεις.
3113 1056 3170 1109 '0
3215 1055 3273 1109 δέ
3305 1074 3367 1125 γε
3397 1056 3608 1128 Σωτὴρ,
3647 1060 3743 1113 καὶ

2171 1147 2488 1210 διδάσκαλος
2517 1147 2693 1218 ἡμῶν,
2729 1147 2823 1200 καὶ
2855 1147 3026 1210 ἄλλως
3054 1146 3347 1219 πληρωτὴς
3380 1148 3613 1220 ὑπάρχει
3643 1150 3740 1202 τοῦ

2171 1238 2410 1302 Μωσέως
2428 1238 2613 1308 νόμου,
2637 1239 2730 1290 καὶ
2751 1237 2858 1291 τῶν
2897 1240 3012 1309 μετ’
3029 1239 3190 1292 αὑτὸν
3218 1242 3529 1312 προφητῶν.
3560 1243 3743 1296 Ἐπει-

2170 1329 2233 1399 δὴ
2260 1329 2368 1402 γὰρ
2395 1333 2506 1394 τοῖς
2543 1331 2987 1400 τεθεσπισμένοις
3023 1330 3092 1384 τὰ
3123 1331 3235 1384 τῶν
3264 1333 3741 1404 συμπερασμάτων

2171 1423 2342 1488 ἔλιπε,
2377 1424 2446 1477 τά
2475 1442 2535 1477 τε
2575 1424 2685 1478 τῶν
2724 1423 2893 1492 λόγων
2923 1424 3356 1496 ἀποτελέσματα,
3399 1427 3536 1497 χρῆν
3567 1427 3738 1499 δήπου

2171 1519 2264 1570 καὶ
2303 1517 2505 1570 τούτων
2548 1517 2728 1571 αὐτῶν
2771 1518 3061 1590 πληρωτὴν
3102 1519 3261 1572 αὑτὸν
3288 1519 3556 1588 γενέσθαι.
3590 1518 3738 1588 υἷον,

2171 1607 2245 1670 ῶς
2267 1607 2358 1660 ἐπὶ
2385 1607 2839 1679 παραδείγματος,
2869 1610 2901 1678 ή
2927 1608 3025 1679 μὲν
3071 1609 3222 1680 παρὰ
3242 1610 3429 1663 Μωσεῖ
3448 1628 3580 1683 φησι
3605 1629 3743 1684 προ-

2172 1699 2380 1770 φητεία·
2419 1720 2437 1751 ι
2477 1701 2766 1772 Προφήτην
2805 1701 2930 1772 ὑμῖν
2973 1702 3267 1774 ἀναστήσει
3310 1703 3510 1776 Κύριος
3547 1707 3575 1758 ὁ
3608 1704 3742 1770 Θεὸς

503 1803 648 1853 mus,
675 1797 930 1858 tanquam
961 1806 1054 1845 eas
1077 1805 1199 1860 qua:
1255 1791 1637 1860 przedictiones
1690 1791 1758 1846 de
1792 1791 1952 1846 nobis
1991 1792 2071 1846 fa-

2174 1791 2345 1861 ύμῶν,
2376 1792 2449 1855 ὼς
2476 1791 2594 1862 ἐμέο
2623 1792 2785 1846 αὐτοῦ
2820 1793 3113 1847 ἀκούσεσθε
3140 1795 3282 1848 κατά
3318 1796 3515 1861 πάντα,
3546 1799 3647 1852 ὅσα
3674 1798 3742 1852 ἂν

503 1889 620 1936 ctas
651 1883 1098 1952 complectantur.
1132 1881 1399 1936 Catterum
1430 1883 1547 1954 ipse
1577 1883 1827 1939 Salvator
1849 1892 1902 1939 et
1929 1900 2069 1954 prte-

503 1981 691 2042 ceptor
721 1983 928 2039 noster,
961 1974 1067 2028 alia
1093 1989 1311 2044 quoque
1333 1975 1547 2030 ratione
1591 1975 1948 2044 complevisse
2003 1975 2074 2030 le-

503 2079 622 2134 gem
650 2063 814 2120 Mosis
845 2074 899 2120 et
928 2066 1312 2136 prophetarum
1347 2067 1436 2136 qui
1463 2075 1585 2137 post
1613 2066 1814 2123 Mosem
1833 2066 2070 2134 fuerunt,

503 2157 837 2228 agnoscitur.
879 2155 1145 2222 Quoniam
1175 2156 1318 2210 enim
1347 2156 1414 2211 iis
1445 2172 1565 2226 qua:
1593 2157 1856 2212 divinitus
1879 2156 2073 2226 praedi-

503 2257 591 2303 cta
609 2248 1350 2311 fuerant,consummationes
1370 2248 1615 2312 deerant,
1644 2259 1698 2304 et
1720 2251 2068 2304 oraculorum

502 2346 696 2394 eventa
719 2337 1172 2394 desiderabantur
1199 2355 1212 2404 ;
1250 2337 1505 2391 nimirum
1538 2339 1652 2407 ipsa
1675 2354 1894 2407 quoque
1957 2338 2070 2390 hmc

505 2431 574 2485 ab
597 2430 786 2486 eodem
815 2431 1074 2500 compleri
1109 2429 1363 2498 oportuit.
1403 2428 1644 2498 Exempli
1675 2429 1847 2498 gratia
1879 2445 1894 2479 ι
1925 2428 2069 2497 apud

504 2522 707 2578 Mosem
737 2532 820 2578 est
853 2523 1133 2592 prophetia
1165 2537 1284 2590 quae
1317 2520 1396 2574 sic
1428 2519 1502 2573 ait
1537 2539 1548 2574 :
1584 2538 1602 2570 ι
1641 2519 1963 2589 Prophetam
1986 2534 2070 2573 vo-

503 2615 590 2670 bis
610 2615 897 2670 suscitabit
922 2614 1180 2668 Dominus
1217 2613 1358 2668 Deus
1393 2621 1595 2676 vester,
1646 2619 1902 2682 tanquam
1959 2627 2066 2675 me,

507 2710 653 2764 illum
680 2708 909 2764 audietis
935 2709 989 2761 in
1043 2708 1298 2764 omnibus
1347 2722 1686 2777 quaecunque
1728 2706 1924 2761 dixerit
1974 2721 2068 2760 vo-

504 2801 589 2855 bis
620 2800 661 2854 ’.
701 2819 720 2852 ι
755 2797 869 2852 Hoc
905 2799 1070 2868 igitur
1123 2813 1247 2852 cum
1302 2799 1536 2859 deesset,
1601 2797 1690 2852 ille
1755 2798 2064 2866 complevit,

505 2894 639 2945 alter
660 2891 908 2946 videlicet
939 2899 1061 2960 post
1087 2889 1287 2945 Mosem
1325 2891 1500 2960 legum
1523 2899 1734 2957 auctor,
1768 2891 1856 2961 qui
1887 2907 2064 2946 veram

504 2983 757 3053 pietatem
798 2981 851 3034 in
895 2981 1063 3035 Deum
1106 2980 1369 3044 universi,
1422 2982 1734 3037 hominibus
1785 2982 2061 3037 indicavit.

503 3079 658 3146 Quod
702 3079 849 3132 enim
899 3077 1078 3154 Moses
1120 3093 1230 3131 non
1279 3077 1598 3146 simpliciter
1652 3077 1796 3131 dicat
1837 3077 2068 3149 prophe-

2174 1885 2301 1956 εἴπῃ
2328 1886 2454 1954 ὑμῖν
2485 1887 2512 1938 ὁ
2539 1887 2820 1957 προφήτης
2854 1888 3075 1950 ἐκεῖνος.
3109 1907 3128 1939 ι
3169 1888 3336 1941 Τοῦτο
3369 1889 3432 1960 δὴ
3465 1891 3524 1943 τὸ
3557 1891 3743 1944 λεῖπον
3815 1916 3834 1946 :

2172 1975 2506 2047 ἁπεπλήρου,
2529 1976 2778 2048 δεύτερος
2794 1977 2935 2032 κατὰ
2988 1979 3189 2033 Μωσέα
3211 1980 3504 2052 νομοθέτης
3534 1983 3744 2052 ἀναφα-
3783 1971 3787 1978 ί
3816 2020 3818 2022 τ

2173 2066 2283 2129 νεὶς
2311 2065 2609 2139 ἀνθρώπων
2639 2067 2736 2139 τῆς
2769 2068 3000 2139 ἀληθοῦς
3031 2070 3308 2134 εὐσεϐείας
3340 2071 3432 2125 τοῦ
3465 2074 3570 2126 τῶν
3604 2056 3743 2127 ὅλων

2172 2155 2326 2211 Θεοῦ.
2357 2158 2429 2210 Τὸ
2450 2157 2558 2230 γὰρ
2593 2161 2666 2230 μὴ
2724 2160 2908 2224 ἁπλῶς
2946 2162 3174 2231 φάσκειν
3218 2164 3422 2218 Μωσέα
3453 2166 3740 2236 προφήτην

2173 2249 2588 2319 ἀναστήσεσθαι,
2618 2251 2752 2303 ἀλλά
2782 2251 2920 2321 μετὰ
2950 2253 3267 2324 προσθήκης
3301 2254 3418 2324 τῆς,
3452 2254 3527 2316 ὠς
3577 2254 3742 2312 αὐτὸν

2174 2341 2220 2404 (ι
2257 2341 2540 2409 προφήτην
2588 2340 2695 2410 γὰρ
2739 2341 2864 2410 ύμῖν
2905 2343 3218 2413 ἀναστήσει,
3263 2346 3457 2413 φησὶν,
3487 2345 3738 2415 Κύριοςό

2170 2425 2300 2490 Θεὸς
2337 2428 2510 2498 ὑμῶν,
2547 2430 2621 2492 ῶς
2663 2431 2781 2499 ἐμέ⁸
2823 2432 2986 2484 αὐτοῦ
3037 2432 3330 2486 ἀκούσεσθε
3369 2435 3438 2505 ι),
3461 2435 3512 2486 τί
3551 2435 3737 2504 ἕτερον

2170 2519 2357 2589 ἐδήλου
2375 2560 2390 2582 ,
2427 2521 2458 2590 ἦ
2489 2522 2567 2572 ὅτι
2595 2521 2740 2591 αύτῷ
2791 2525 2978 2576 Μωσεῖ
3007 2524 3384 2595 παρισωμένος
3411 2541 3494 2588 τις
3514 2523 3736 2596 ἔμελλεν

2169 2612 2197 2663 ὁ
2228 2611 2762 2684 θεσπιζόμενος(4⁶“)
2791 2630 2806 2679 ;
2832 2614 3034 2685 Μωσῆς
3067 2615 3122 2668 δὲ
3142 2616 3432 2686 νομοίέέτης
3457 2617 3738 2681 εὐσεϐείας

2167 2699 2235 2774 ἦν
2278 2702 2370 2756 τοῦ
2415 2705 2508 2756 ἐπὶ
2555 2704 2770 2758 πάντων
2819 2705 2974 2759 Θεοῦ.
3018 2707 3224 2760 Οὐκοῦν
3274 2708 3368 2760 καὶ
3407 2709 3494 2762 τὸν
3520 2725 3739 2781 προφη-

2168 2795 2476 2866 τευὸμενον,
2501 2798 2671 2868 ὅσπερ
2691 2797 2911 2867 ἔμελλεν
2936 2799 3120 2866 ὅμοιος
3172 2798 3500 2870 γενήσεσθαι
3523 2802 3736 2866 Μωσεῖ,

2168 2887 2461 2960 νομοθέτην
2525 2889 2715 2959 ἐκείνῳ
2777 2889 3153 2960 παραπλήσιον
3219 2888 3377 2958 φῦναι
3440 2889 3585 2953 εἰκὸς
3645 2885 3738 2962 ἦν.

2167 2979 2391 3050 Μυρίων
2437 2978 2566 3048 γοῦν
2614 2979 2752 3049 μετά
2798 2979 2969 3032 ταῦτα
3013 2979 3303 3050 προφητῶν
3339 2981 3475 3050 μετά
3532 2982 3742 3037 Μωσέα

2168 3071 2502 3140 γεγονότων,
2573 3071 2743 3128 οὐδεὶς
2798 3071 2981 3142 ὅμοιος
3045 3073 3233 3124 Μωσεῖ
3295 3072 3735 3144 μεμαρτύρηται·

503 3181 610 3224 tam
642 3151 1166 3234 surrecturum,ised
1219 3183 1342 3222 cum
1388 3167 1682 3228 additione,
1725 3177 1982 3237 tanquam
2013 3183 2071 3223 se

2173 3164 2371 3226 πάντες
2415 3163 2522 3234 γὰρ
2573 3164 2651 3226 είς
2682 3165 2882 3217 ἐκεῖνον
2928 3163 3240 3234 ἀνέπεμπον
3285 3167 3408 3228 τοὺς
3453 3164 3744 3235 ἀκροωμέ-

504 3273 550 3331 (ι
584 3260 897 3332 prophetam
921 3260 1088 3323 enim,
1106 3260 1302 3330 inquit.
1326 3259 1481 3313 vobis
1503 3258 1787 3314 suscitabit
1809 3257 2069 3313 Dominus

503 3355 648 3410 Deus
667 3364 842 3410 vester
857 3362 1112 3423 tanquam
1135 3368 1242 3416 me,
1261 3353 1410 3406 illum
1429 3351 1659 3405 audietis
1683 3351 1752 3419 tv),
1777 3351 1902 3420 quid
1925 3350 2070 3404 aliud

503 3446 731 3516 intelligi
765 3445 898 3508 vult,
931 3444 1037 3498 nisi
1064 3459 1185 3498 eum
1217 3442 1310 3513 qui
1366 3441 1751 3511 przediceretur
1798 3441 1898 3512 ipsi
1933 3440 2069 3496 Mosi

504 3537 842 3609 adrequatum
887 3550 1009 3589 esse
1063 3534 1388 3588 venturum?
1439 3532 1614 3588 Moses
1647 3539 1824 3586 autem
1873 3533 2066 3602 legem,

505 3637 568 3682 ut
606 3643 854 3684 summus
885 3626 1030 3682 Deus
1059 3626 1348 3689 coleretur,
1376 3633 1654 3695 posuerat.
1683 3625 1820 3696 Ergo
1845 3624 2070 3695 prophe-

504 3735 612 3779 tam
650 3723 795 3779 hunc
843 3722 910 3777 de
959 3737 1068 3792 quo
1105 3720 1362 3773 vaticinia
1426 3717 1693 3781 feruntur,
1737 3717 1878 3789 quod
1932 3717 2066 3773 Mosi

505 3816 698 3872 similis
731 3814 948 3868 futurus
976 3821 1141 3875 esset,
1160 3811 1298 3882 legis
1329 3818 1602 3866 auctorem
1626 3811 1700 3866 illi
1733 3812 1963 3866 similem
1982 3828 2068 3866 ex—

505 3907 712 3963 stitisse
738 3921 837 3976 par
860 3911 964 3960 est.
989 3903 1059 3956 At
1084 3903 1226 3957 enim
1243 3904 1490 3972 quamvis
1509 3902 1930 3957 innumerabiles
1947 3911 2067 3973 post

504 3997 703 4053 Mosem
720 3995 993 4066 prepheta:
1004 3993 1330 4056 exstiterint,
1346 3991 1411 4046 de
1428 3992 1576 4047 nullo
1596 4001 1771 4047 tamen
1797 3991 1899 4047 tale
1917 3995 2067 4048 testi-

502 4088 745 4142 monium
770 4087 1039 4156 prolatum
1062 4095 1165 4147 est,
1197 4082 1340 4152 quod
1371 4083 1505 4138 Mosi
1541 4083 1735 4138 similis
1773 4083 2058 4139 exstiterit.

505 4179 611 4248 27
628 4176 820 4231 Cuncti
851 4175 996 4229 enim
1027 4173 1094 4226 ad
1130 4173 1278 4225 illum
1309 4173 1454 4241 ipsos
1480 4174 2067 4230 remittebantaudien-

506 4279 609 4323 tes.
640 4265 706 4320 Et
733 4282 864 4321 sane
897 4266 1074 4334 ipsum
1117 4265 1219 4317 hoc
1257 4264 1580 4318 testiﬁcatur
1615 4264 1918 4336 Scriptura,
1955 4284 2065 4322 non

508 4361 812 4416 surrexisse
840 4358 1157 4430 prophetam
1213 4356 1347 4410 Mosi
1391 4356 1644 4411 similem.
1685 4356 1870 4426 Neque
1905 4360 2067 4429 igitur

507 4451 792 4515 Jeremias,
827 4465 1003 4520 neque
1041 4447 1231 4510 Isaias,
1268 4463 1444 4517 neque
1473 4447 1612 4501 alius
1639 4449 1908 4519 quispiam
1937 4466 2064 4520 pro-

509 4544 793 4616 phetarum
835 4542 912 4595 illi
948 4542 1141 4596 similis
1175 4540 1361 4601 fuerit.
1390 4548 1673 4612 pr0pterea
1705 4542 1848 4610 quod
1889 4558 1956 4597 ne
1988 4543 2060 4598 le-

508 4650 634 4708 gum
662 4634 876 4706 quidem
908 4643 1098 4688 auctor
1139 4633 1239 4688 fuit
1270 4634 1485 4689 illorum
1535 4634 1752 4704 aliquis.
1781 4634 1915 4688 Cum
1939 4650 2066 4705 ergo

509 4744 577 4782 ex
599 4725 858 4781 vaticinio
888 4723 1074 4787 Mosis,
1106 4709 1369 4795 propheta
1403 4732 1456 4780 et
1484 4724 1762 4795 legislator
1792 4726 2068 4780 suscitan—

511 4821 613 4876 dus
634 4824 1060 4889 exspectaretur,
1086 4817 1306 4872 advenit
1342 4817 1429 4871 hic
1461 4815 1642 4878 Jesus,
1679 4818 1768 4887 qui
1811 4818 2067 4872 Christus

511 4918 596 4966 est
633 4910 750 4977 Dei,
785 4909 956 4979 legem
981 4908 1195 4962 cunctis
1212 4913 1463 4982 gentibus
1483 4924 1719 4980 ponens,
1747 4917 1800 4964 et
1827 4926 1948 4981 quae
1977 4927 2071 4964 su—

512 5012 699 5073 perent
728 5002 900 5072 ipsam
925 5001 1093 5072 legem
1127 5009 1488 5070 pertractans.
1535 4999 1671 5054 illud
1700 5003 1842 5056 enim
1875 5023 1888 5056 ε
1928 5021 1946 5053 ι
1978 5001 2070 5055 Di-

513 5103 658 5147 ctum
686 5101 769 5146 est
790 5093 1048 5162 antiquis,
1077 5107 1184 5147 non
1207 5091 1563 5147 mmchaberis
1581 5109 1594 5158 ;
1613 5107 1714 5161 ego
1733 5100 1910 5147 autem
1947 5093 2071 5148 dico

513 5183 668 5238 vobis
709 5197 816 5236 non
868 5182 1260 5252 concupiscere
1299 5180 1339 5247 ‘;
1386 5203 1402 5235 ι
1457 5189 1518 5234 et
1581 5180 1710 5235 illud
1752 5201 1764 5236 :
1808 5202 1824 5232 ι
1865 5183 2074 5238 Dictum

514 5283 598 5330 est
646 5275 906 5346 antiquis,
971 5290 1079 5328 non
1143 5274 1392 5336 occides;
1438 5289 1536 5343 ego
1591 5283 1770 5329 autem
1821 5275 1946 5330 dico
1979 5291 2073 5330 vo-

515 5369 620 5428 bis,
676 5383 743 5423 ne
796 5369 956 5423 irasci
1019 5365 1237 5436 quidem
1291 5365 1331 5428 ⁸;
1381 5383 1400 5417 ι
1461 5374 1517 5422 et
1544 5365 1674 5420 illud
1713 5384 1772 5421 τι
1814 5365 1930 5420 Non
1966 5383 2074 5420 am-

515 5461 657 5530 plius
688 5459 1098 5530 Hierosolymis,
1145 5459 1237 5514 sed
1282 5459 1336 5512 in
1377 5459 1522 5512 omni
1565 5459 1683 5512 loco
1728 5457 1944 5513 adorari
1967 5462 2006 5518 ”;
2053 5477 2072 5510 ι

526 5558 583 5603 et
618 5550 769 5615 illud,
799 5565 907 5605 non
939 5552 1096 5605 thure
1144 5559 1196 5604 et
1243 5550 1544 5613 sacriﬁciis,
1586 5569 1602 5600 ι
1641 5550 1734 5605 sed
1767 5551 1821 5604 in
1853 5551 2066 5619 spiritu,

2175 3269 2314 3315 νους.
2356 3255 2636 3326 Μαρτυρεῖ
2682 3253 2727 3306 δ’
2759 3249 2909 3324 οῦνή
2954 3254 3164 3325 Γραφὴ,
3209 3256 3289 3307 ὅτι
3317 3257 3416 3308 οὐκ
3444 3256 3741 3328 ἐγήγερται

2171 3347 2450 3416 προφήτης
2481 3347 2663 3415 ὅμοιος
2693 3346 2933 3409 Μωσέως
2966 3363 2979 3376 ο
3016 3346 3136 3400 οὔτε
3169 3343 3261 3400 οῦν
3301 3346 3586 3418 Ἱερεμίας,
3614 3346 3740 3399 οὔτε

2183 3431 2424 3500 Ἡσαΐας,
2458 3438 2579 3488 οὔτε
2613 3455 2694 3501 τις
2717 3437 2898 3508 ἕτερος
2927 3437 3034 3492 τῶν
3068 3439 3356 3510 προφητῶν
3389 3441 3570 3510 ὅμοιος
3591 3439 3744 3510 αύτῷ

2170 3529 2235 3582 ἂν
2265 3528 2373 3599 εἴη,
2423 3528 2608 3601 ἐπειδὴ
2657 3529 2787 3600 μηδέ
2841 3523 2920 3593 εἷς
2969 3529 3169 3583 τούτων
3202 3530 3496 3602 νομοθέτης
3552 3531 3748 3586 ἀναδέ-

2167 3619 2391 3672 δεικται.
2441 3619 2894 3691 Προσδοκωμένου
2974 3620 3148 3674 τοίνυν
3195 3620 3289 3672 τοῦ
3353 3621 3490 3674 κατά
3536 3622 3744 3684 Μωσέα

2171 3711 2450 3782 μέλλοντος
2484 3712 2878 3783 ἀναστήσεσθαι
2910 3713 3184 3783 προφήτου
3215 3729 3273 3765 τε
3298 3713 3390 3767 καὶ
3426 3713 3740 3782 νομοθέτου,

2169 3805 2348 3876 παρῆν
2378 3798 2531 3866 οὗτος
2572 3805 2775 3874 Ἰησοῦς
2803 3807 2830 3858 ὁ
2855 3804 3086 3876 Χριστὸς
3116 3804 3210 3857 τοῦ
3238 3805 3394 3870 Θεοῦ,
3437 3806 3743 3878 νομοθετῶν

2169 3899 2300 3949 πᾶσι
2323 3899 2433 3960 τοῖς
2450 3895 2646 3963 ἔθνεσι,
2661 3897 2752 3949 καὶ
2767 3895 2835 3950 τὰ
2849 3896 2987 3969 ὑπὲρ
2999 3897 3159 3968 νόμον
3175 3897 3644 3969 διαπραττόμενος.
3663 3899 3742 3950 Τὸ

2166 3989 2294 4060 γάρ·
2330 4007 2348 4038 ‹
2398 3987 2620 4060 Ἐλέχθη
2650 3991 2760 4052 τοῖς
2788 3988 3049 4061 ἀρχαίοις·
3082 3989 3154 4041 Οὐ
3187 3988 3520 4059 μοιχεύσεις·
3548 3987 3655 4058 ἐγὼ
3678 3988 3744 4043 δὲ

2165 4082 2306 4151 λέγω
2365 4083 2510 4152 ὑμῖν,
2571 4080 2704 4152 μηδὲ
2761 4081 3065 4152 ἐπιθυμεῖν·
3110 4101 3126 4133 ι
3167 4083 3260 4135 καὶ
3311 4083 3446 4134 τόθι
3515 4081 3740 4156 Ἐλέχθη

2165 4178 2276 4238 τοῖς
2309 4174 2572 4246 ἀρχαίοις,
2604 4175 2677 4228 Οὐ
2705 4173 2982 4242 φονεύσεις
3002 4191 3014 4203 ο
3055 4172 3164 4242 ἐγὼ
3197 4174 3252 4226 δὲ
3282 4174 3423 4240 λέγω
3449 4175 3575 4245 ύμῖν
3604 4175 3742 4246 μηδὲ

2165 4267 2474 4338 ὀργίζεσθαι
2499 4285 2512 4297 ο
2551 4267 2642 4320 κα)⁸
2672 4266 2732 4319 τὸ
2761 4265 2955 4337 μηκέτι
2997 4268 3054 4319 ἐν
3095 4267 3500 4338 Ἰεροσολύμοις,
3535 4269 3648 4323 ἀλλ’
3679 4272 3743 4324 ἐν

2166 4359 2328 4412 παντὶ
2357 4359 2504 4430 τόπῳ
2531 4361 2852 4430 προσκυνεῖν
2869 4375 2882 4388 °
2909 4360 3001 4411 καὶ
3030 4360 3090 4412 τὸ
3119 4359 3192 4431 μὴ
3217 4360 3496 4432 λιϐανωτῷ
3523 4363 3614 4415 καὶ
3643 4362 3744 4416 θυ-

2169 4453 2330 4516 σίαις,
2359 4471 2376 4503 ι
2400 4453 2455 4504 ἐν
2481 4452 2750 4522 πνεύματι
2775 4451 2834 4504 δὲ
2855 4453 2946 4504 καὶ⁹
2966 4451 3192 4524 ἀληθεία
3225 4473 3242 4505 ι
3264 4452 3582 4526 θρησκεύειν
3599 4473 3612 4487 ·
3644 4457 3746 4511 καὶ

2168 4547 2268 4599 ὅσα
2295 4544 2514 4598 τοιαῦτα
2541 4547 2598 4597 ἐν
2625 4548 2690 4615 τῇ
2726 4544 2887 4598 αὑτοῦ
2922 4543 3141 4615 φέρεται
3174 4545 3508 4618 διδασκαλίᾳ,
3539 4552 3744 4603 πανσό-

2173 4655 2273 4708 φου
2305 4633 2371 4708 ἦν
2399 4635 2656 4707 ἄντικρυς
2683 4639 2775 4690 καὶ
2811 4637 3144 4690 τελειοτάτου
3179 4638 3486 4707 νομοθέτου.
3523 4641 3613 4694 Διὸ
3643 4645 3744 4696 καὶ

2170 4731 2220 4782 οἱ
2246 4727 2580 4801 ἀκροώμενοι
2614 4748 2630 4779 ι
2655 4728 3054 4808 ἐξεπλήττοντο,
3089 4748 3107 4779 ›
3135 4731 3296 4798 φησὶν
3323 4733 3354 4801 ή
3385 4732 3501 4785 θεία
3528 4733 3740 4805 Γραφὴ,

2177 4839 2195 4870 ι
2235 4821 2314 4872 ὅτι
2344 4818 2616 4872 ἐδίδασκεν
2645 4820 2824 4882 αὑτοῖς
2867 4819 2941 4882 ὡς
2970 4819 3215 4885 ἐξουσίαν
3249 4821 3405 4892 ἔχων,
3434 4824 3525 4877 καὶ
3541 4825 3638 4894 οὐχ
3663 4825 3743 4890 ὡς

2173 4912 2220 4963 οἱ
2249 4911 2591 4980 γραμματεῖς
2629 4909 2806 4962 αὐτῶν
2836 4911 2928 4962 καὶ
2955 4912 3002 4962 οἱ
3045 4913 3343 4984 Φαρισαῖοι.
3387 4933 3405 4966 ι
3439 4917 3547 4968 Καὶ
3581 4915 3743 4970 τοῦτο

2172 5000 2346 5052 τοίνυν
2375 5000 2435 5052 τὸ
2460 4999 2667 5064 λεῖπονξ
2694 5004 2758 5071 τῇ
2814 5002 3054 5066 Μωσέως
3089 5005 3394 5077 προφητείᾳ
3431 5005 3606 5076 λόγιον
3634 5008 3742 5060 ἀπ-

2171 5090 2438 5163 επλήρου’
2467 5091 2724 5156 ὡσαύτως
2749 5093 2806 5145 δὲ
2823 5093 2915 5145 καλ⁹
2953 5094 3021 5147 τὰ
3054 5094 3215 5149 λοιπά
3245 5096 3351 5150 τῶν
3395 5099 3738 5170 προφητειῶν

2171 5182 2278 5234 τῶν
2309 5183 2432 5254 περὶ
2479 5183 2664 5244 αὐτοῦ,
2707 5185 2798 5236 καὶ
2843 5186 2970 5255 περὶ
3011 5186 3107 5256 τῆς
3132 5186 3237 5240 τῶν
3284 5187 3451 5241 ἐθνῶν
3497 5189 3742 5260 κλήσεως

2174 5274 2534 5346 θεσπίσματα.
2569 5275 2758 5345 Γέγονε
2792 5278 2965 5330 τοίνυν
2995 5279 3281 5353 πληρωτὴς
3314 5283 3405 5334 τοῦ
3452 5275 3618 5352 νόμοιί
3645 5285 3742 5336 καὶ

2176 5367 2283 5422 τῶν
2316 5368 2628 5441 προφητῶν,
2662 5371 2760 5435 τὰς
2791 5372 2917 5443 περ)⁴
2950 5374 3139 5427 ἐαυτοῦ
3174 5379 3506 5449 προρρήσεις
3535 5378 3614 5438 είς
3638 5376 3742 5429 πέ-

2179 5477 2277 5531 ρας
2309 5460 2559 5530 ἀγαγών·
2604 5463 2696 5516 καὶ
2729 5462 2887 5534 μέχρι
2923 5464 3018 5535 μὲν
3044 5465 3207 5519 αὑτοῦ
3249 5469 3448 5538 στήσας
3480 5466 3569 5520 τὸν
3603 5468 3706 5537 πρέ
3727 5498 3742 5507 -

2176 5570 2330 5625 τερον
2362 5553 2542 5624 νόμον,
2565 5555 2802 5626 ἀρχηγὸς
2833 5555 2887 5609 δὲ
2917 5558 3204 5626 ἀναφανεὶς
3231 5558 3480 5630 δευτέρου
3507 5559 3601 5612 τοῦ
3628 5561 3744 5624 τοῖς

587 5644 608 5673 ³
635 5641 794 5697 Deut.
831 5658 998 5703 xvm,
1046 5642 1131 5696 15.
1207 5647 1228 5672 ⁸
1261 5641 1444 5705 Matth,
1476 5659 1527 5706 v,
1565 5641 1751 5695 27-28.
1829 5644 1849 5674 ⁵
1879 5641 2013 5695 Ibid.
2049 5641 2071 5694 Ε

2171 5643 2236 5698 32.
2313 5645 2332 5676 '
2362 5643 2519 5700 Joan.
2557 5662 2629 5710 tv,
2657 5647 2745 5701 2i.

586 5735 727 5808 (ιω)
759 5734 1056 5792 Desiderari
1108 5736 1319 5794 videtur
1343 5734 1499 5803 εἶναι,
1530 5740 1608 5794 vel
1647 5735 1978 5792 ἐλεύσεσθαι.
2009 5736 2191 5799 Eni-LE
