4068 6206
251 296 317 350 73
1152 296 1803 359 DEMONSTBATIONIS
1839 298 2299 361 EVANGELICIE
2338 304 2468 363 LIB.
2511 307 2551 362 1.
3399 321 3463 372 7t

246 394 405 446 πᾶσιν
439 391 617 445 ἔθνεσι
676 396 1107 468 ’ζτητηγγελμένου
1159 399 1258 469 τῆς
1287 400 1496 471 Καινῆς
1534 402 1790 473 Διαθήκης

1904 408 1960 456 et
2010 403 2233 458 veritate
2284 402 2450 456 Deum
2508 404 2731 458 colere"
2768 422 2780 458 :
2820 422 2838 455 ι
2875 413 2928 459 et
2978 406 3080 459 alia
3124 424 3468 481 quaecunque

243 484 424 555 νόμου,
454 484 531 547 ὼς
564 482 723 554 611.06"
741 488 901 557 νόμου
930 490 1022 541 καὶ
1054 490 1229 560 ἀρχῆς
1256 493 1425 545 αἴτιον
1468 494 1801 562 καταστῆναι

242 576 343 629 τῶν
382 576 529 629 δυεῖν
576 576 897 642 ὑποθέσεων,
956 580 1284 652 Ἰουδαϊσμοῦ
1337 583 1477 651 λέγω
1526 585 1620 637 καὶ
1671 586 1803 654 Χρι-

244 668 578 741 στιανισμοῦ.
620 673 683 723 ὐ
711 672 802 723 καὶ
835 672 964 725 αὑτὸ
996 674 1293 744 θαυμάζειν
1321 675 1488 741 ἀξιον,
1526 678 1623 748 τὴν
1653 676 1800 730 Θείαν

241 763 538 833 πρόῤῥησιν
566 756 669 815 ὦδέ
707 781 820 827 πως
848 766 1223 834 ἀναφανοῦσαν
1246 786 1260 798 ο
1304 788 1322 820 ι
1371 770 1500 823 Ἰδοὺ
1527 770 1713 841 τίθημι
1744 772 1800 823 ἐν

241 854 376 909 Σιὼν
420 856 564 908 λίθον
610 855 880 921 ἐκλεκτὸν,
910 860 1319 930 ἀκρογωνιαῖον,
1367 862 1579 931 ἔντιμον
1598 879 1612 894 ο
1650 864 1740 915 καὶ
1770 864 1798 915 ὁ

245 947 513 1001 πιστεὺων
538 947 613 1009 είς
640 947 800 1001 αὑτὸν
824 951 885 1002 οὑ
915 953 1451 1023 καταισχυνθήσεται.
1491 974 1509 1006 ›
1540 957 1633 1018 Τίς
1661 956 1704 1008 δ’
1735 955 1800 1008 ἂν

250 1043 339 1113 εἴη
380 1044 766 1113 ἀκρογωνιαῖος,
812 1045 843 1114 ἢ
896 1042 1047 1109 οὗτος
1089 1050 1117 1099 ὁ
1152 1048 1257 1112 ζῶν
1303 1050 1395 1103 καὶ
1442 1050 1801 1120 πολυτίμητος

255 1131 398 1195 λίθος
443 1133 561 1202 μίαν
589 1134 652 1186 ὲκ
698 1134 841 1186 δυεῖν
880 1138 1191 1208 οίκοδομῶν,
1239 1136 1678 1210 ὑποστησάμενος
1713 1141 1798 1193 διὰ

259 1224 353 1291 τῆς
394 1224 549 1275 αὑτοῦ
597 1223 968 1290 διδασκαλίαςς
1000 1229 1096 1299 τὴν
1140 1230 1245 1301 γὰρ
1286 1232 1562 1296 Μωῦσέως
1610 1234 1798 1304 μέχρις

252 1316 401 1369 αὐτοῦ
430 1318 827 1389 παραταθεῖσαν
858 1324 955 1391 στή
964 1340 1080 1385 σας,
1116 1326 1178 1376 ἐκ
1211 1324 1435 1395 θατέρου
1476 1326 1669 1395 μέρους
1703 1328 1797 1397 τὴν

245 1407 506 1473 ἡμετέραν
538 1411 833 1480 ὲπισυνῆψε
867 1413 962 1484 τὴν
996 1414 1137 1466 κατά
1182 1416 1240 1468 τὸ
1288 1418 1614 1484 Εὑαγγέλιον
1652 1420 1798 1471 οἱκο-

236 1494 420 1568 ῖομήν.
461 1498 618 1552 Ὅθεν
676 1502 896 1567 εἰκότως
922 1505 1306 1575 ἀκρογωνιαῖος
1326 1505 1653 1577 ὠνόμασται.
1692 1509 1797 1561 Καὶ

238 1592 287 1642 ἐν
317 1592 568 1662 Ψαλμοῖς
599 1594 655 1647 δὲ
688 1595 897 1666 εἴρηται
920 1613 933 1626 θ
978 1615 995 1647 ι
1031 1598 1189 1650 Λίθον
1227 1597 1285 1650 δν
1310 1599 1715 1669 ἀπεδοκίμασαν
1748 1601 1797 1652 οἱ

235 1681 647 1751 οἰκοδομοῦντες,
665 1682 815 1747 οὗτος
829 1686 1053 1758 ἐγενήθη
1070 1688 1149 1749 είς
1164 1688 1401 1757 κεφαλὴν
1416 1690 1631 1756 γωνίας
1652 1690 1797 1759 παρὰ

1902 494 1988 549 bis
2020 495 2289 549 similiain
2322 495 2468 548 illius
2490 495 2735 550 doctrina
2760 496 3027 561 feruntur,
3069 502 3462 569 sapientissimi

1902 586 2060 655 plane
2089 586 2325 648 fuerunt,
2352 594 2404 641 et
2431 587 2814 656 perfectissimi
2848 590 3021 660 legum
3053 594 3310 649 auctoris.
3342 611 3360 644 ι
3386 592 3463 646 Ex

1902 691 2009 745 quo
2039 675 2236 730 factum
2254 685 2356 743 est,
2373 685 2430 731 ut
2459 678 2742 733 audientes
2787 690 3184 749 stupescerent,
3220 703 3237 735 ι
3270 700 3463 755 quem-

1902 766 2190 822 admodum
2244 768 2521 838 Scriptura
2553 769 2733 823 divina
2766 783 3153 826 commemorat
3199 774 3242 841 ⁸;
3279 793 3298 827 ι
3339 791 3465 844 pro-

1902 866 2084 928 pterea
2116 860 2260 929 quod
2307 860 2537 914 docebat
2571 876 2664 915 eos
2709 871 2962 932 tanquam
2993 873 3312 933 potestatem
3368 866 3463 920 ha-

1900 948 2054 1014 bens,
2077 957 2129 1004 et
2164 964 2271 1002 non
2305 957 2363 1003 ut
2390 947 2594 1003 Scribze
2629 951 2839 1005 illorum
2872 959 2926 1005 et
2966 951 3247 1010 Pharisaei.
3282 975 3303 1008 ι
3346 952 3460 1008 Hoc

1900 1037 2067 1107 igitur
2101 1041 2226 1094 item
2272 1042 2560 1109 complevit
2601 1043 2903 1105 oraculum,
2937 1045 3081 1112 quod
3123 1044 3286 1102 Mosis
3330 1062 3456 1117 pro-

1898 1130 2096 1198 phetiae
2126 1131 2310 1185 deerat
2340 1150 2353 1185 :
2388 1132 2574 1186 eadem
2625 1148 2787 1203 porro
2835 1133 3047 1188 ratione
3091 1143 3283 1190 car-tera
3319 1139 3442 1192 item

1904 1222 2471 1292 prophetiarum,qu:e
2517 1224 2584 1278 de
2622 1226 2739 1294 ipso
2771 1233 2825 1280 et
2878 1226 3116 1295 gentium
3176 1229 3455 1284 vocatione

1900 1313 2099 1381 scripta
2126 1323 2252 1367 sunt
2276 1315 2551 1370 vaticinia.
2598 1314 2826 1371 Constat
2863 1333 2992 1387 ergo
3035 1318 3186 1371 illum
3219 1325 3457 1389 comple-

1898 1405 2039 1459 visse
2060 1414 2113 1459 et
2146 1406 2316 1475 legem
2348 1414 2401 1460 et
2425 1407 2731 1476 prophetas,
2765 1409 2980 1478 quando
3009 1424 3073 1463 ea
3102 1426 3221 1479 quae
3242 1411 3307 1464 de
3339 1412 3456 1480 ipso

1896 1495 2153 1563 praedicta
2179 1505 2305 1549 sunt
2328 1498 2416 1563 ,ad
2439 1500 2639 1551 exitum
2659 1499 2999 1568 perduxit,et
3022 1501 3255 1571 priorem
3284 1503 3451 1572 legem

1898 1602 2070 1656 usque
2100 1588 2166 1642 ad
2201 1590 2437 1659 seipsum
2464 1600 2608 1645 stare
2628 1592 2814 1661 jussit,
2837 1593 2947 1646 dux
2978 1608 3105 1647 vero
3119 1602 3174 1647 et
3202 1594 3455 1664 princeps

1897 1679 2120 1732 alterius
2172 1680 2306 1751 legis
2349 1683 2575 1745 exstitit,
2613 1698 2733 1752 qua:
2791 1685 2846 1737 in
2902 1683 3050 1738 Novo
3109 1684 3456 1740 Testamento

238 1772 433 1842 Κυρίου
460 1775 674 1841 ἐγένετο
699 1768 856 1847 αὑτη,
875 1779 968 1830 καὶ
992 1777 1105 1831 ἐστι
1126 1778 1411 1850 θαυμαστὴ
1427 1784 1483 1833 ὲν
1503 1781 1790 1851 ὀφθαλμοῖς

1894 1773 2107 1826 cunctis
2155 1776 2405 1843 gentibus
2452 1776 2769 1831 denuntiata
2832 1785 2935 1844 est,
2992 1787 3052 1831 ut
3113 1779 3275 1833 simul
3324 1779 3454 1849 legis

237 1864 403 1931 ἡμῶν.
436 1885 457 1917 ι
497 1866 661 1920 Ἔνθα
690 1869 875 1936 σαφῶς
902 1868 961 1922 τὸ
988 1869 1162 1938 λόγιον
1198 1871 1288 1924 καὶ
1319 1873 1416 1942 τὴν
1444 1874 1508 1926 ἐκ
1536 1874 1628 1926 τοῦ
1669 1876 1799 1926 ’1ου-

238 1954 392 2009 δαίων
430 1958 615 2022 ἔθνους
647 1961 930 2031 ἐπιϐουλὴν
956 1963 1022 2032 ἢν
1056 1963 1318 2016 πέπονθεν
1342 1967 1369 2017 ὁ
1395 1964 1797 2035 θεσπιζόμενος,

239 2048 591 2120 ῖιεσάφησενθ
637 2053 1132 2125 ἀποδοκιμασθῆναι
1182 2057 1276 2123 μὲν
1328 2057 1486 2109 αὑτὸν
1521 2058 1652 2128 πρὸς
1695 2059 1799 2110 τῶν

241 2140 318 2189 τέδν
354 2140 584 2193 παλαιὸν
614 2144 788 2212 τοῖχον
814 2144 1232 2214 οᾰοδομοὺντων
1253 2147 1618 2216 γραμματέων
1644 2147 1799 2200 τινῶν

241 2231 324 2282 καὶ
353 2232 680 2301 Φαρισαίων,
710 2235 1008 2306 ἀρχιερέων
1050 2254 1108 2289 τε
1142 2238 1232 2290 καὶ
1272 2238 1487 2291 πάντων
1518 2239 1623 2292 τῶν
1654 2239 1799 2310 παρά

253 2323 515 2386 Ἰουδαίοις
549 2326 818 2395 ἀρχόντων
860 2328 1149 2395 φανέντων·
1182 2329 1317 2399 πλὴν
1358 2329 1494 2381 ἀλλά
1541 2330 1674 2399 μετὰ
1699 2330 1797 2402 τὴν

242 2413 293 2477 ἐξ
320 2414 536 2467 ἐκείνων
568 2416 788 2487 ἀτιμίαν
816 2418 909 2469 καὶ
933 2418 1202 2489 ἀποϐολὴν
1225 2417 1484 2472 θεσπίσαν
1517 2420 1673 2471 αὑτὸν
1706 2437 1796 2488 γε-

242 2505 487 2575 νήσεσθαι
524 2508 604 2571 είς
654 2508 891 2578 κεφαλὴν
922 2510 1121 2576 γωνίας
1167 2509 1406 2580 ἀρχηγὸν
1460 2511 1796 2563 καταστάντα

240 2598 332 2667 τῆς
382 2598 588 2669 Καινῆς
616 2599 906 2671 Διαθήκης,
958 2598 1259 2662 ἀκολούθως
1286 2603 1403 2663 ταῖς
1430 2600 1797 2664 ἁποδοθείσαις

236 2688 496 2760 θεωρίαις.
534 2692 644 2743 Οὑκ
696 2689 809 2753 οὖν,
849 2693 1175 2754 ἀποστάντες
1222 2694 1379 2762 ἡμεῖς
1418 2686 1791 2763 ¹Ἑλληνισμοῦ,

232 2781 327 2833 οὐκ
358 2783 447 2834 ἐπὶ
480 2783 799 2854 Ἰουδαῖσμδν
817 2784 1341 2854 καταπεπτώκαμεν,
1369 2784 1507 2843 οὑδὲ,
1541 2785 1795 2855 ἀποδεχό-

232 2889 379 2941 μενοι
410 2874 499 2927 τδν
541 2876 812 2940 Μωῦτέως
848 2877 1029 2947 νόμον,
1068 2878 1160 2930 καὶ
1190 2880 1314 2941 τοὺς
1360 2877 1623 2947 Ἐϐραίων
1662 2895 1793 2948 προ-

230 2968 428 3035 φήτας,
484 2971 555 3040 μὴ
600 2970 839 3039 βιοῦντες
868 2970 923 3023 δὲ
981 2971 1302 3036 Ἰουδαϊκῶς,
1347 2970 1482 3024 ἀλλά
1530 2972 1667 3025 κατά
1694 2972 1791 3044 τὴν

226 3059 336 3129 πρὸ
366 3061 637 3123 Μωύσέως
655 3060 761 3113 τῶν
782 3059 1037 3127 θεοφιλῶν
1060 3060 1263 3131 ἀνδρῶν
1283 3060 1573 3125 πολιτείαν,
1592 3063 1791 3116 πταίοι-

1903 1861 2343 1933 principatusque
2394 1876 2585 1921 auctor
2630 1867 2861 1923 duorum
2897 1869 3321 1938 propositorum,
3354 1867 3453 1923 Ju-

1897 1949 2091 2005 daismi
2128 1955 2373 2010 videlicet
2401 1956 2912 2030 Christianismique
2938 1961 3117 2015 fuerit.
3142 1960 3296 2027 Quod
3330 1963 3457 2032 qui-

1898 2042 2020 2097 dem
2043 2046 2218 2114 ipsum
2252 2046 2510 2103 admirari
2555 2065 2731 2119 opera:
2773 2053 3001 2121 pretium
3028 2062 3131 2119 est,
3164 2064 3221 2107 ιιι
3248 2054 3449 2109 divini-

1898 2144 1987 2190 tus
2019 2138 2337 2205 praedictum
2395 2142 2483 2195 sit.
2524 2160 2546 2192 ι
2585 2141 2746 2206 Ecce,
2773 2144 2969 2211 inquit,
3008 2159 3152 2212 pono
3205 2145 3261 2198 in
3322 2144 3449 2200 Sion

1897 2227 2130 2298 lapidem
2185 2230 2440 2295 electum,
2475 2234 2812 2302 angularem,
2869 2235 3189 2301 pretiosum,
3250 2244 3304 2289 et
3362 2241 3450 2305 qui

1897 2319 2069 2374 credit
2095 2322 2152 2375 in
2203 2337 2327 2381 eum
2362 2340 2470 2379 non
2522 2324 2885 2379 confundetur
2914 2326 2958 2380 ’.
2991 2345 3008 2377 ι
3045 2326 3113 2379 At
3141 2328 3283 2381 enim
3314 2330 3437 2398 quis

1896 2412 2111 2465 tandem
2144 2412 2306 2468 fuerit
2340 2416 2636 2487 angularis,
2685 2417 2789 2471 nisi
2830 2418 2920 2472 hic
2969 2420 3123 2474 vivus
3170 2431 3222 2473 et
3256 2423 3455 2489 pri-tio-

1896 2501 2165 2565 sissimus,
2197 2505 2291 2574 qui
2332 2520 2399 2559 ex
2453 2507 2665 2560 duabus
2696 2510 2991 2563 structuris
3033 2524 3192 2563 unam
3258 2511 3450 2565 factam

1896 2607 1993 2647 sua
2025 2593 2269 2647 doctrina
2327 2597 2746 2651 sustinet?dum
2795 2600 2938 2653 enim
2986 2600 3299 2663 Mosaicam,
3333 2619 3452 2672 qum

1894 2698 2069 2752 usque
2098 2685 2162 2737 ad
2199 2686 2375 2757 ipsum
2414 2695 2661 2757 protenta
2689 2700 2791 2752 est,
2817 2699 2961 2744 stare
2986 2692 3159 2760 jubet,
3180 2708 3248 2746 ex
3273 2694 3440 2747 altera

1895 2786 2045 2843 parte
2081 2786 2322 2831 nostram
2368 2795 2462 2848 per
2498 2779 2846 2849 Evangeliutn
2898 2782 3163 2851 adjunxit.
3224 2783 3300 2837 Ex
3343 2799 3451 2855 quo

1894 2867 2167 2938 angularis
2189 2870 2385 2925 merito
2412 2870 2594 2926 dictus
2623 2880 2742 2939 est;
2774 2873 2868 2928 sed
2911 2875 2964 2928 in
2989 2873 3219 2931 Psalmis
3236 2890 3452 2947 quoque

1892 2959 2139 3030 legitur:
2188 2981 2206 3012 ι
2258 2961 2515 3034 Lapidem
2569 2981 2728 3035 quem
2792 2968 3217 3038 reprobaverunt
3280 2971 3448 3026 aedili-

1893 3064 2099 3117 cantes,
2134 3055 2221 3109 hic
2262 3056 2437 3111 factus
2462 3064 2545 3111 est
2579 3060 2633 3112 in
2662 3068 2824 3129 caput
2873 3061 3054 3131 anguli
3090 3080 3104 3115 :
3146 3077 3175 3114 a
3218 3062 3449 3118 Domino

224 3111 326 3218 μὲν
344 3111 431 3205 ἀν.
449 3111 862 3223 τούτωήγάρ
1121 3111 1348 3216 καὶτοὺς
1363 3155 1477 3223 μετ’
1488 3111 1647 3208 αὑτὸν
1664 3172 1790 3225 προ-

1892 3145 2093 3199 l'actum
2141 3156 2225 3202 est
2276 3148 2442 3211 istud,
2493 3157 2546 3203 et
2588 3157 2671 3205 est
2722 3152 2968 3207 mirabile
3023 3155 3079 3207 in
3124 3155 3296 3210 oculis
3347 3172 3451 3210 no-

216 3243 401 3311 φήτας
424 3241 775 3312 ἀληθεύοντας
800 3244 1208 3314 ἀποδείκνυμεν,
1240 3245 1328 3298 τὸν
1352 3247 1440 3298 ὑπ’
1465 3246 1639 3299 αὑτῶν
1660 3262 1789 3316 προ-

213 3333 634 3402 κεκηρυγμένον
664 3335 890 3405 Χριστὺν
919 3336 1319 3406 ἀποδεχόμενοι,
1350 3338 1442 3389 καὶ
1464 3337 1648 3390 τούτου
1676 3342 1787 3403 τοῖς

210 3422 411 3490 νόμοις
438 3421 757 3493 πειθόμενοι,
790 3428 908 3477 κατ’
942 3425 1085 3495 ἴχνος
1109 3443 1167 3478 τε
1208 3428 1307 3497 τῆς
1334 3428 1495 3480 αὑτοῦ
1540 3429 1790 3482 διδασκα-

210 3511 337 3575 λίας
375 3510 578 3580 βαίνειν
610 3514 674 3566 δι’
703 3516 870 3586 εὑχῆς
920 3516 1207 3585 τιθέμενοι,
1244 3517 1391 3586 αὑτῷ
1432 3520 1654 3571 Μωῦσεῖ
1687 3521 1788 3572 κάν

208 3602 397 3673 ὀύτῳ
424 3603 494 3656 τὰ
522 3605 648 3672 φίλα
688 3606 986 3669 ποιοῦντες·
1027 3606 1105 3670 ὃς.
1141 3608 1435 3678 προειπὼν,
1483 3611 1563 3661 ὅτι
1594 3628 1610 3660 ι
1660 3626 1790 3680 προ-

207 3709 241 3758 ς
262 3693 398 3762 τιτην
430 3694 717 3765 ἀναστήσει
739 3695 936 3765 Κύριος
963 3700 990 3749 ὁ
1010 3698 1137 3759 Θεὸς
1170 3699 1349 3767 ὅμοιον
1374 3698 1539 3768 αὑτῷ,
1563 3718 1579 3747 ›
1610 3701 1789 3753 ἐπιλέ-

205 3803 336 3854 γειο
379 3807 400 3839 ι
438 3790 591 3843 Πᾶσα
639 3791 694 3845 δὲ
720 3792 884 3863 ψυχὴ,
934 3793 1052 3861 ἥτις
1083 3792 1155 3862 μὴ
1207 3792 1491 3845 ἀκούσεται
1530 3793 1623 3846 τοῦ
1657 3811 1787 3865 προ-

207 3882 307 3949 cfp
326 3897 391 3933 ου
449 3882 690 3945 ἐκείνου,
755 3883 1256 3954 ὲξολοθρευθήσεται
1316 3886 1380 3937 ἐκ
1441 3886 1534 3938 τοὺ
1601 3886 1787 3954 γένους

208 3974 409 4035 alb-513;.
454 3994 471 4020 ι
510 3974 714 4026 Λύτίκα
773 3974 1030 4038 Ἰουδαῖοι,
1097 3975 1169 4046 μὴ
1218 3974 1643 4046 παραδεξάμενοι
1697 3976 1786 4031 τὸν

229 4080 361 4133 τροφ
378 4066 526 4135 ίγτην,
563 4066 684 4135 μηδ’
722 4065 1121 4130 ὑπακούσαντες
1164 4066 1325 4120 αὑτοῦ
1354 4070 1464 4125 τοῖς
1499 4069 1671 4135 ἁγίοις
1697 4069 1784 4121 λό-

206 4174 353 4225 γιις,
390 4157 614 4228 ἔσχατον
639 4160 930 4230 ὑπέμειναν
963 4160 1199 4231 ὄλεθρον,
1229 4160 1494 4214 ἀκόλουθα
1525 4164 1587 4232 τῇ
1615 4166 1781 4235 προρι

209 4253 374 4320 ῥήσει
413 4251 753 4315 πεπονθότες.
792 4251 926 4306 Οὔτε
959 4252 1066 4323 γὰρ
1103 4253 1194 4305 τὸν
1226 4252 1458 4322 Χριστοῦ
1490 4256 1651 4324 νόμον
1688 4258 1784 4326 τῆς

206 4341 431 4409 Καινῆς
454 4340 720 4412 Διαθήκης
738 4342 1105 4409 κατεδέξαντο,
1129 4343 1251 4395 οὔτε
1277 4344 1342 4396 τὰ
1361 4345 1632 4403 Μωῦσέως
1651 4362 1787 4415 παρ-

1889 3239 2019 3294 stris
2058 3239 2122 3293 '°.
2157 3259 2175 3291 »
2201 3240 2310 3310 28
2333 3239 2489 3306 Quod
2534 3242 2751 3312 quidem
2799 3245 3079 3299 oraculum
3103 3246 3259 3316 plane
3286 3248 3450 3300 etiam

1888 3328 2172 3393 indicavit,
2202 3348 2339 3400 quas
2369 3347 2399 3385 a
2444 3331 2645 3388 Iudaeis
2675 3333 2920 3402 insidias,
2951 3336 3017 3391 de
3057 3351 3164 3406 quo
3188 3338 3451 3391 vaticina-

1889 3429 1998 3483 tur,
2034 3436 2228 3489 passus
2254 3431 2337 3476 est
2376 3442 2388 3476 :
2427 3426 2646 3492 quando
2686 3426 2838 3479 illum
2871 3441 2901 3479 a
2939 3426 3146 3482 Scribis
3180 3437 3233 3482 et
3256 3427 3450 3481 Phario

1889 3515 2031 3575 sacis,
2066 3523 2117 3569 et
2147 3517 2486 3569 sacerdotum
2516 3517 2875 3586 principibus,
2899 3528 2949 3573 et
2968 3520 3218 3575 omnibus
3236 3517 3451 3575 Judzeo-

1887 3623 2007 3661 rum
2042 3606 2467 3675 magistratibus.
2495 3607 2588 3674 qui
2614 3616 2848 3661 veterem
2876 3601 3131 3679 parietem
3165 3622 3449 3667 construe-

1888 3701 2038 3764 bant,
2073 3700 2412 3769 repudiatum
2441 3698 2630 3765 fuisse,
2657 3700 2939 3753 divinavit.
2964 3701 3069 3756 Sed
3088 3711 3271 3757 tamen
3299 3714 3450 3773 post-

1886 3803 2047 3858 quam
2079 3788 2275 3841 abillis
2302 3797 2641 3857 contemptus
2682 3788 2752 3841 sit
2786 3796 2839 3841 et
2875 3789 3119 3857 abjcctus
3141 3828 3157 3853 ,
3200 3791 3443 3845 futurum

1887 3880 2039 3933 illum
2064 3880 2115 3932 in
2147 3888 2309 3948 caput
2339 3879 2542 3949 anguli,
2572 3887 2626 3933 et
2655 3879 2845 3933 ducem
2872 3881 3281 3951 principemque
3311 3882 3449 3947 Novi

1888 3967 2217 4023 Testamenti
2251 3970 2690 4024 consdtuendum
2722 3985 2829 4023 non
2868 3972 3056 4035 tacuit,
3083 3985 3446 4028 consentanea

1887 4059 1955 4113 iis
1984 4059 2287 4128 proferens,
2319 4076 2439 4128 qua:
2467 4079 2495 4114 a
2550 4061 2707 4115 nobis
2769 4064 3019 4133 superius
3077 4064 3444 4120 demonstrata

1866 4163 2033 4226 ‘sunt.
2075 4151 2185 4206 Nos
2226 4153 2387 4222 igitur
2420 4154 2665 4223 quamvis
2697 4170 2727 4208 a
2769 4152 2957 4209 Graico
3005 4157 3111 4210 ritu
3150 4158 3444 4211 recesseri-

1885 4258 2025 4301 mus.
2062 4259 2168 4297 non
2218 4245 2509 4299 reeidimus
2545 4246 2599 4298 in
2637 4243 2945 4309 Iudaicum,
2976 4261 3151 4315 neque
3183 4248 3447 4318 delinqui-

1886 4349 2029 4398 mus,
2063 4334 2187 4389 licet
2232 4334 2397 4391 Mosis
2453 4338 2622 4407 legem
2654 4348 2709 4392 et
2760 4336 3109 4391 Hebmzorum
3154 4339 3445 4407 prophetas

202 4430 536 4500 αγγέλματα
583 4430 703 4501 δίχα
746 4432 1085 4503 παρανομίας
1130 4430 1228 4485 οἷοί
1273 4435 1319 4485 τ’
1352 4431 1416 4487 ἂν
1448 4430 1555 4485 είεν
1586 4434 1784 4503 φυλάσ-

1891 4428 2277 4497 acceperimus,
2325 4443 2434 4482 non
2478 4428 2702 4483 Judaice
2728 4436 2928 4493 autem,
2975 4427 3068 4483 sed
3120 4430 3187 4482 ad
3240 4445 3443 4484 morem

207 4540 335 4576 σειν
358 4539 373 4552 ⁸
401 4521 484 4574 διὸ
521 4524 613 4575 καὶ
642 4526 707 4593 τῇ
745 4523 983 4586 Μωσέως
1019 4523 1410 4594 ὑποϐέϐληνται
1443 4526 1676 4596 κατάρᾳ,
1707 4526 1784 4596 τῷ

208 4614 354 4685 μηδὲ
390 4613 613 4667 δυνατὸν
652 4616 832 4679 αὑτοῖς
861 4610 998 4668 εἶναι
1030 4614 1097 4667 τὰ
1138 4615 1288 4686 παρά
1329 4617 1549 4668 Μωῦσεῖ
1570 4634 1787 4688 νενομο-

204 4706 490 4777 θετημένα
514 4707 802 4768 συντελεῖν,
827 4722 1059 4778 περιῃρη
1070 4713 1232 4778 μένης
1257 4707 1437 4762 αὑτῶν
1456 4708 1555 4777 τῖις
1585 4726 1783 4780 μητρο-

206 4801 446 4861 πόλεως,
478 4797 570 4852 καὶ
600 4798 1087 4871 ἀποκεκλεισμένης
1115 4800 1211 4870 τῆς
1253 4802 1411 4871 μόνον
1443 4801 1626 4855 αὑτόθι
1654 4819 1781 4869 συγο

204 4890 604 4962 κεχωρημένης
657 4891 1012 4944 ἐπιτελεῖσθαι
1071 4895 1401 4965 Μωῦσαῐκῆς
1465 4894 1772 4964 θρησκείας.

214 4979 414 5049 Ἡμεῖς
443 4979 520 5042 δὲ,
576 4979 666 5032 τὸν
698 4980 801 5032 ὑπὸ
843 4980 1082 5043 Μωσέως
1127 4982 1217 5035 καὶ
1250 4981 1359 5033 τῶν
1409 4981 1607 5034 λοιπῶν
1642 4999 1775 5053 προ-

204 5072 397 5143 φητῶν
430 5071 863 5142 κατηγγελμένον
895 5072 1296 5143 ἀποδεξάμενοι,
1327 5073 1418 5126 καί
1456 5074 1627 5143 τούτῳ
1654 5074 1774 5126 πεί-

204 5164 397 5217 θεσθαι
418 5162 487 5215 δι’
519 5163 678 5233 εὑχῆς
708 5163 1031 5233 ποιούμενοι,
1062 5164 1341 5235 πληρωταὶ
1376 5164 1438 5218 ἂν
1466 5166 1651 5234 εἴημεν
1678 5165 1775 5235 τῆς

200 5251 491 5313 Μωῦσέως
549 5252 949 5321 παραγγελίας,
999 5251 1063 5305 δι’
1114 5250 1181 5322 ἦς
1243 5253 1470 5323 ἔφησενο
1535 5271 1552 5303 ι
1604 5253 1774 5305 Αὑτοῦ

198 5341 542 5396 ἀκούσεσθεο
576 5345 722 5396 πᾶσα
767 5343 820 5396 δὲ
846 5342 1011 5413 ψυχὴ,
1059 5344 1178 5413 ἦτις
1221 5343 1285 5397 ἂν
1320 5345 1391 5416 μὴ
1439 5344 1642 5418 ἀκούσῃ
1682 5343 1774 5396 τοῦ

198 5437 493 5506 προφήτου
534 5435 760 5497 ἐκείνου,
810 5433 1310 5504 ὲξολοθρευθήσεται
1353 5438 1416 5487 ὲκ
1464 5435 1557 5487 τοὺ
1590 5435 1777 5503 γένους

198 5528 395 5597 αὐτῆς.
437 5544 458 5578 ι
491 5525 624 5580 Τίνα
648 5526 704 5579 δὲ
725 5525 999 5590 διετάξατο
1019 5528 1046 5579 ὁ
1071 5527 1366 5596 προφήτης,
1392 5520 1465 5580 ὧν
1491 5526 1775 5579 ἐπακούειν

268 5650 288 5677 ⁷
330 5644 495 5725 Joan.
523 5659 595 5708 tv,
634 5644 723 5701 25.
798 5644 819 5674 ⁸
851 5642 1036 5696 Matth.
1068 5658 1164 5707 vu,
1187 5641 1373 5707 28,29.
1417 5714 1447 5725 ,Π
1477 5645 1497 5675 ’
1528 5645 1630 5699 lsa.
1656 5658 1847 5709 xxvm,
1882 5643 1979 5711 lli;
2038 5641 2056 5695 l
2089 5643 2233 5699 Petr.
2258 5658 2315 5707 ιι,
2342 5642 2394 5696 6.

210 5733 370 5780 mit,
413 5716 504 5769 19.
573 5740 584 5754 ι

438 5810 547 5899 -ΡΑ
563 5827 733 5871 rnoL.
768 5811 885 5872 Gn.
937 5809 1136 5871 XXII.

1885 4527 2047 4588 atque
2078 4520 2384 4573 institutum
2431 4530 2745 4575 sanctorum
2796 4521 2890 4591 qui
2938 4529 3064 4575 ante
3092 4520 3291 4575 Mosem
3327 4520 3445 4575 fue—

1884 4618 2010 4664 runt
2062 4613 2324 4676 virorum,
2368 4613 2635 4668 vivamus.
2677 4614 2733 4667 in
2766 4614 2867 4667 hoc
2892 4614 3037 4667 enim
3072 4622 3124 4666 et
3160 4611 3362 4665 Mosen)
3393 4623 3446 4666 et.

1884 4704 2173 4773 prophetas
2191 4720 2347 4760 veros
2379 4704 2548 4760 fuisse
2577 4715 2726 4759 vates
2755 4706 3115 4764 ostendimus,
3134 4720 3258 4757 cum
3294 4704 3442 4756 illum

1882 4793 2155 4849 Christum
2180 4798 2509 4866 accepimus,
2547 4806 2601 4851 et
2629 4799 2776 4851 illius
2809 4797 3018 4866 legibus
3050 4797 3442 4859 auscultamus,

1882 4893 1936 4939 et
1966 4900 2059 4954 per
2081 4888 2305 4957 vestigia
2333 4887 2595 4942 doctrinae
2615 4888 2856 4957 ejusdem
2888 4888 3137 4941 incedere
3167 4888 3331 4941 etiam
3359 4900 3447 4937 vo-

1883 4977 1953 5033 tis
1969 4981 2290 5049 expetimus,
2314 4995 2473 5049 quem
2507 4981 2582 5033 illi
2612 4989 2895 5049 venturum
2922 4980 3312 5049 praedixerunt.
3340 4977 3444 5029 Eo.

1882 5065 2003 5119 dem
2035 5068 2218 5136 utique
2258 5070 2534 5138 ιιι-οροεὶῐο
2578 5069 2679 5138 ipsi
2721 5085 2937 5139 quoque
2981 5067 3113 5122 Mosi
3171 5083 3283 5121 rem
3319 5083 3444 5136 gra-

1883 5167 1990 5213 tam
2069 5158 2372 5214 facientes:
2408 5162 2499 5230 qui
2552 5176 2675 5215 cum
2734 5161 3062 5230 przrdixerit,
3124 5160 3438 5229 prophetam

1878 5266 1906 5303 a
1942 5251 2167 5304 Domino
2197 5250 2304 5305 [leo
2320 5260 2507 5305 nostro
2534 5253 2635 5307 sibi
2674 5254 2901 5307 similem
2932 5251 3328 5313 suscitaudum,
3355 5252 3447 5304 ad-

1874 5344 2053 5413 jungit
2087 5363 2098 5396 :
2134 5361 2151 5392 ι
2181 5341 2371 5399 Omnis
2408 5359 2537 5397 vero
2571 5345 2751 5397 anima
2791 5360 2911 5413 quae
2949 5358 3057 5396 non
3100 5342 3283 5395 audiet
3310 5357 3467 5413 pro-.

1880 5435 2089 5504 phetam
2124 5435 2296 5497 illum,
2330 5435 2593 5488 delebitur
2625 5451 2687 5489 ex
2732 5450 2927 5504 genere
2969 5435 3152 5485 suo“.
3194 5451 3212 5482 ι
3250 5434 3438 5487 (ἐοιιίὶα

1880 5540 1988 5579 nuo
2016 5525 2156 5579 enim
2199 5522 2390 5589 Judaei,
2426 5533 2715 5594 postquam
2765 5523 2913 5574 illum
2969 5523 3284 5591 prophetam
3331 5536 3441 5574 non

2503 5644 2544 5673 ¹⁶
2568 5642 2713 5697 Psal.
2750 5655 2913 5703 cxvii,
2942 5638 3128 5700 22,23.
3208 5640 3247 5670 “
3284 5638 3438 5691 Deut.

3206 5804 3243 5860 3
