3974 6208
512 301 578 357 75
1164 300 1427 354 EUSEBII
1467 299 1938 356 CIESARIENSIS
1969 299 2119 356 OPP.
2155 297 2337 354 PARS
2372 297 2438 354 II.
2477 329 2547 340 —
2583 296 3078 356 APOLOGETICA.
3654 299 3716 357 76

510 425 852 490 acceperunt,
885 431 984 472 nec
1019 418 1226 472 sanctis
1257 417 1402 472 illius
1431 420 1610 474 verbis
1637 430 1952 490 paruerunt,
1971 434 2048 475 ex-

2164 415 2359 488 χρεὼν,
2394 416 2573 487 μικρῷ
2613 415 2846 488 πρόσθεν
2877 417 3211 488 ἀκηκόαμεν,
3253 415 3320 471 τὰ
3351 417 3600 487 πάνσοφα
3629 417 3718 472 καὶ

503 522 737 566 tremum
758 509 1096 578 pertulerunt
1118 508 1395 563 interitum
1424 529 1438 563 :
1463 509 1554 579 qui
1587 509 1816 578 quidem.
1843 510 2056 564 illorum

505 617 667 658 casus
696 602 764 657 iis
790 600 1046 664 oraculis,
1071 617 1191 670 qua:
1209 601 1275 658 de
1297 602 1403 657 illis
1432 603 1574 656 edita
1601 612 1747 666 sunt,
1773 611 2060 660 consenta-

506 708 640 747 neus
690 691 906 746 accidit.
968 690 1101 746 Nam
1154 708 1252 748 nec
1303 691 1505 748 Christi
1557 694 1726 764 legem
1767 710 1886 764 quae
1910 695 2058 751 Novo

504 783 852 838 Testamento
894 785 1223 848 continetur,
1261 796 1643 855 susceperunt,
1669 801 1844 857 neque
1887 788 2056 845 Mosis

501 884 766 947 praecepta
780 877 897 932 sine
917 878 1050 948 legis
1065 865 1375 948 contemptu
1391 895 1612 935 servare
1636 893 1885 946 possunt.
1904 883 2055 950 Quo-

503 965 648 1020 circa
677 966 731 1019 in
783 966 953 1035 ipsius
989 965 1152 1020 Musis
1197 966 1619 1020 exsecrationem
1649 968 1845 1038 relapsi
1884 977 2012 1024 sunt
2041 987 2054 1023 :

501 1056 720 1126 quando
753 1057 866 1111 ﬁeri
905 1057 1050 1111 nullo
1101 1057 1260 1110 modo
1300 1064 1477 1125 potest
1499 1066 1558 1111 ut
1584 1073 1704 1128 qua:
1763 1059 2058 1129 in’legibus

501 1150 646 1204 illius
679 1156 809 1204 sunt
866 1149 1062 1220 posita,
1103 1147 1404 1219 perﬁciant,
1443 1150 1642 1220 quippe
1666 1165 1788 1205 cum
1818 1161 1873 1206 et
1914 1152 2061 1221 ipso-

501 1259 620 1297 rum
653 1243 966 1313 metropolis
996 1241 1209 1297 sublata
1241 1243 1341 1304 sit,
1371 1249 1425 1298 et
1462 1240 1698 1297 Mosaica
1743 1243 1932 1314 religio
1960 1259 2056 1298 ex-

501 1337 671 1397 clusa,
701 1350 822 1406 quae
870 1333 981 1388 illic
1021 1333 1195 1389 solum
1231 1333 1416 1402 perﬁci
1467 1333 1882 1388 concedebatur.
1943 1333 2054 1389 Nos

500 1438 676 1480 autem
716 1424 808 1493 qui
859 1423 1010 1477 illum
1043 1425 1406 1492 suscepimus,
1439 1438 1597 1492 quem
1629 1421 1808 1478 Moses
1845 1431 1898 1478 et
1931 1422 2056 1478 reli-

500 1517 591 1586 qui
613 1516 903 1586 ‘propheta:
951 1515 1358 1576 nuntiaverunt,
1396 1521 1450 1568 et
1477 1515 1524 1568 ei
1555 1528 1745 1583 parere
1767 1513 1927 1568 etiam
1962 1529 2052 1569 vo-

2163 508 2347 580 ἐντελῆ
2380 509 2474 562 καὶ
2499 508 2724 580 οὐράνια
2754 509 3201 580 παραγγέλματαο
3218 507 3254 562 ἃ
3276 508 3339 579 δὴ
3360 510 3458 562 οὑκ
3483 512 3540 562 ὲν
3568 508 3720 574 πλαξὶ

2161 599 2386 665 λιθίναις
2407 603 2626 656 Μωῦσεί
2643 602 3050 673 παραπλησίως,
3075 601 3194 656 οὑδέ
3206 618 3269 670 γε
3289 601 3473 672 μέλανι
3492 601 3588 655 καὶ
3602 602 3721 672 χάρ-

2159 712 2280 759 ταις
2309 694 2506 764 ἠξίωσε
2549 693 2905 766 παραθέσθαι,
2943 695 3142 766 ψυχαῖς
3179 694 3236 748 δὲ
3270 693 3716 765 κεκαθαρμέναις,

2160 785 2254 840 καὶ
2281 786 2469 856 νοεράν
2499 786 2683 838 οὐσίαν
2707 785 3068 855 κεκτημέναις
3097 785 3205 838 τῶν
3235 785 3398 839 αὑτοῦ
3423 785 3714 855 φοιτητῶνο

2161 879 2218 930 ὲν
2243 872 2330 940 αἶς
2363 877 2644 947 ἐγγράψας
2672 877 2798 938 τοὺς
2846 877 2945 946 τῆς
2975 878 3180 947 Καινῆς
3209 877 3481 948 Διαθήκης
3507 877 3717 946 νόμους,

2163 968 2342 1038 ἔργοις
2374 968 2692 1041 ἀπεπλήρου
2718 969 2815 1038 τὴν
2842 970 3084 1038 φήσασαν
3106 969 3193 1021 διὰ
3232 969 3490 1040 Ἱερεμίου
3516 984 3722 1040 προφη-

2162 1059 2342 1112 τείαν’
2379 1079 2397 1111 ι
2435 1061 2768 1132 Διαθήσομαι
2795 1061 3064 1132 Διαοήκην
3105 1062 3330 1133 Καινὴν,
3361 1062 3420 1114 οὑ
3455 1059 3587 1113 κατὰ
3626 1058 3722 1131 τὴν

2165 1149 2439 1221 Διαθήκην
2488 1152 2553 1222 ἣν
2605 1151 2859 1221 διεθέμην
2913 1155 3022 1214 τοῖς
3064 1151 3327 1222 πατράσιν
3387 1151 3596 1204 αὐτῶν·
3642 1151 3722 1206 ὅτι

2160 1241 2296 1314 αῦτη
2329 1245 2362 1312 ἡ
2399 1243 2642 1322 διαθήκη
2669 1245 2734 1312 ἦν
2760 1241 3181 1315 διαθήσομαιτῷ
3220 1242 3352 1312 οἴκῳ
3386 1241 3616 1314 Ἰσραὴλ,
3645 1242 3724 1296 δι-

2157 1333 2277 1396 δοὺς
2298 1333 2493 1405 νόμους
2507 1351 2604 1405 μου
2621 1336 2699 1398 είς
2711 1335 2942 1390 διάνοιαν
2958 1334 3152 1396 αὑτῶν,
3176 1333 3268 1388 καὶ
3286 1334 3376 1386 ἐπὶ
3392 1332 3488 1404 τὴν
3499 1333 3719 1404 καρδίαν

2157 1425 2336 1479 αὐτῶν
2371 1426 2565 1498 γράψω
2609 1429 2825 1493 αὐτοὺς,
2875 1429 2969 1482 καὶ
2996 1427 3186 1500 ἔσομαι
3221 1426 3399 1482 αὐτῶν
3442 1427 3595 1491 Θεὸς,
3625 1423 3720 1480 καὶ

2158 1517 2313 1571 αὑτοὶ
2341 1519 2551 1572 ἔσονταί
2579 1537 2678 1592 μου
2714 1520 2856 1586 λαός.
2892 1539 2910 1573 ι

501 1612 571 1664 tis
615 1609 958 1679 expetimus:
999 1607 1233 1662 edictum
1282 1607 1448 1662 Mosis
1495 1607 1854 1678 complevisse
1880 1608 2207 1678 invenimur,
2245 1626 2353 1680 quo
2389 1611 2590 1675 edixit,
2633 1612 2782 1666 illum
2813 1611 3139 1668 audiendum
3199 1625 3344 1673 esse,
3391 1619 3718 1678 omnemque

499 1705 731 1758 animam
753 1719 871 1773 qua:
932 1703 1080 1756 illum
1124 1717 1231 1756 non
1269 1701 1501 1767 audiret,
1536 1701 1818 1756 delendam
1868 1718 1990 1760 esse
2021 1705 2088 1760 de
2127 1721 2322 1777 genere
2360 1723 2480 1764 suo.
2518 1707 2650 1774 Quae
2697 1716 2878 1762 autem
2907 1707 3039 1772 sint,
3065 1720 3186 1776 qua:
3216 1704 3476 1775 pmpheta
3515 1701 3604 1756 ille
3632 1700 3720 1756 in-

500 1795 756 1858 stituerit,
791 1793 988 1864 quibus
1045 1792 1264 1847 obedire
1311 1807 1536 1848 necesse
1591 1794 1680 1856 sit,
1714 1792 1874 1864 paulo
1933 1807 2055 1852 ante
2092 1798 2420 1866 audivimus,
2486 1799 2634 1854 omni
2667 1799 2915 1854 videlicet
2972 1797 3236 1867 sapientia
3264 1793 3484 1858 referta,
3515 1798 3566 1847 et
3591 1805 3717 1861 per-

499 1891 747 1953 fecta,'et
773 1890 1012 1944 caelestia
1062 1887 1586 1954 documenta-Quae
1613 1889 1830 1958 quidem
1871 1906 2045 1961 neque
2078 1893 2284 1950 tabulis
2332 1894 2578 1965 lapideis.
2605 1901 2664 1948 ut
2684 1891 2880 1958 Moses,
2930 1907 3106 1962 neque
3122 1895 3424 1945 atramento
3439 1895 3492 1942 et
3513 1884 3716 1940 chartis

499 1984 864 2038 commendari
899 1983 1085 2048 voluit,
1115 1984 1223 2055 29
1243 1983 1336 2039 sed
1358 1984 1601 2054 purgatis
1628 1984 1830 2042 animis
1859 2001 2103 2052 suorum,
2122 1997 2175 2044 et
2199 1990 2580 2062 intelligentem
2614 2000 2862 2045 naturam
2896 1986 3261 2043 obtinentibus
3289 2002 3304 2040 :
3336 1985 3390 2038 in
3417 1980 3612 2053 quibus
3635 1979 3713 2033 le-

498 2096 592 2150 ges
645 2078 778 2135 Novi
817 2078 1150 2134 Testamcnli
1182 2079 1518 2145 describens,
1580 2079 1764 2150 reipsa
1807 2083 2100 2152 complevit
2135 2082 2382 2141 Ieremia:
2425 2085 2763 2156 prophetiam
2837 2097 2958 2154 quae
2998 2083 3117 2136 ait:
3154 2098 3173 2132 ι
3210 2080 3492 2136 Instituam
3521 2074 3715 2130 Teste-

501 2181 742 2230 mentum
773 2171 1005 2238 Novum,
1040 2187 1147 2226 non
1174 2171 1346 2225 instar
1373 2169 1706 2226 Testamenti
1759 2173 1910 2242 quod
1952 2174 2108 2244 posui
2146 2157 2390 2246 patribus
2419 2171 2605 2232 eorum
2641 2195 2655 2232 :
2685 2177 2938 2246 quoniam
2967 2174 3072 2229 hoc
3102 2172 3534 2233 Testamentum,
3565 2166 3713 2238 quod

497 2285 692 2342 ponam
723 2268 904 2323 domui
930 2267 1112 2332 Israel,
1134 2267 1270 2322 dans
1295 2267 1442 2338 leges
1469 2282 1618 2323 meas
1651 2268 1705 2323 iu
1732 2270 2042 2325 interiorem
2080 2286 2300 2328 sensum
2331 2287 2542 2338 eorum,
2569 2281 2622 2328 et
2663 2273 2720 2327 in
2783 2270 2947 2327 corde
3006 2283 3194 2324 eorum
3233 2266 3471 2322 scribam
3505 2277 3619 2325 eas,
3655 2265 3714 2317 et

495 2381 590 2421 ero
623 2365 837 2419 illorum
866 2361 1029 2426 Deus,
1054 2371 1106 2418 et
1133 2362 1234 2432 ipsi
1267 2369 1429 2416 erunt
1475 2363 1608 2417 mihi
1657 2365 1891 2434 populus
1913 2367 1979 2421 ¹¹.
2027 2385 2047 2418 ι

1079 2476 1305 2534 CAPUT
1337 2476 1471 2530 VIII.

2675 2470 3066 2527 ΚΕΦΑΛᾹΙΟΝ
3103 2469 3186 2521 II’.

501 2575 652 2640 Quod
678 2592 792 2646 qua:
822 2573 1281 2646 Christianismum
1319 2571 1560 2646 amplexa
1588 2577 1666 2626 est
1693 2570 1818 2636 vita,
1845 2571 1900 2624 in
1919 2572 2048 2626 duas

2166 2568 2259 2634 Ὠς
2295 2569 2381 2632 εἷς
2418 2564 2525 2619 δύο
2569 2564 2822 2646 τρὸπρυις-
2853 2563 2885 2613 ὁ
2917 2557 3064 2646 καῖρε
3102 2557 3209 2610 τὸν
3246 2554 3711 2624 Χριστιανισμὸν

962 2651 970 2659 ·
1008 2643 1198 2709 species
1225 2641 1392 2693 divisa
1418 2651 1514 2695 est.

566 2736 829 2791 Caeterum
865 2720 954 2788 ille
980 2733 1197 2803 quidem
1235 2732 1289 2788 in
1335 2732 1538 2788 tabulis
1572 2733 1910 2799 inanimatis,
1954 2733 2051 2790 'bic

496 2836 675 2882 autem
721 2828 773 2880 in
828 2824 1100 2880 mentibus
1145 2824 1255 2879 vita
1304 2824 1581 2894 praeditis,
1617 2821 1854 2895 perfecta
1912 2825 2050 2880 Novi

497 2916 829 2974 Testamenti
858 2915 1180 2970 documenta
1215 2914 1504 2986 descripsit
1557 2935 1570 2970 :
1624 2915 1744 2984 ejus
1787 2931 1916 2971 vero
1964 2916 2048 2972 di-

499 3010 692 3080 scipuli
745 3008 809 3060 ad
839 3005 1080 3075 Magistri
1129 3007 1212 3061 sui
1276 3013 1507 3070 nutum,
1571 3006 1794 3061 auribus
1851 3008 2050 3063 multo-

493 3118 613 3156 rum
663 3098 964 3154 doctrinam
1002 3113 1155 3152 suam
1216 3097 1725 3162 accommodantes,
1775 3114 2049 3168 quaecum-

495 3211 599 3264 que
627 3193 839 3263 quidem
895 3189 1057 3243 veluti
1109 3190 1251 3243 ultra
1313 3189 1563 3243 habitum
1614 3191 1958 3260 progressis,
2015 3205 2049 3246 a

492 3285 734 3360 perfecto
763 3286 1000 3356 ipsorum
1037 3281 1296 3351 Magistro
1327 3287 1594 3351 praecepta
1621 3280 1854 3346 fuerant,
1882 3297 1945 3335 ea
1980 3282 2048 3338 iis

489 3380 583 3451 qui
615 3393 804 3448 capere
832 3381 1098 3446 poterant,
1131 3371 1470 3426 tradiderunt
1499 3389 1512 3427 :
1542 3385 1894 3442 quacumque
1921 3387 2048 3426 vero

490 3473 560 3527 iis
571 3470 858 3526 convenire
873 3465 1295 3532 arbitrabantur,
1313 3463 1405 3534 qui
1425 3465 1633 3517 animas
1651 3463 1826 3516 adhuc
1845 3462 2048 3518 aﬂ‘ecti-

491 3564 590 3616 bus
638 3558 902 3615 obnoxias
949 3562 1220 3628 gererent,
1261 3552 1669 3622 curationisque
1702 3552 2044 3621 indigentes:

490 3667 553 3708 ea
577 3651 675 3721 ipsi
715 3651 780 3704 ad
813 3647 1236 3702 imbecillitatem
1268 3644 1560 3697 multorum
1591 3657 1650 3697 se
1683 3641 2046 3706 demitteutes,

376 3773 378 3776 ν
489 3744 684 3814 partim
703 3741 918 3802 litteris,
933 3739 1126 3810 partim
1148 3738 1264 3793 sine
1285 3737 1497 3798 litteris,
1515 3735 1802 3804 quasijure
1816 3735 2048 3804 quodam

2702 2632 2971 2700 διῄρηται
2989 2629 3150 2694 βίος.

2231 2728 2368 2782 Ἀλλ’
2405 2730 2434 2781 ὁ
2481 2727 2576 2798 μὲν
2605 2726 2662 2778 ὲν
2701 2722 2892 2787 πλαξὶν
2929 2718 3175 2791 ἀψύχοις,
3216 2719 3244 2771 ὁ
3275 2717 3320 2771 δ’
3354 2720 3411 2772 ἐν
3451 2719 3712 2784 διανοίαις

2151 2822 2350 2888 ζὼσαις
2379 2821 2448 2875 τὰ
2490 2818 2669 2873 τέλεια
2707 2818 2804 2884 τῆς
2836 2813 3043 2882 Καινῆς
3085 2810 3356 2881 Διαθήκης
3399 2812 3708 2882 παραγγέλ-

2164 2928 2305 2983 ματα
2341 2907 2668 2980 ὲνέγραψεν·
2720 2907 2770 2960 οί
2821 2906 2877 2961 δέ
2909 2923 2970 2974 γε
3013 2905 3176 2960 αὑτοῦ
3227 2903 3465 2974 μαθηταὶ⁵
3500 2899 3578 2971 τῷ
3611 2898 3707 2954 τοῦ

2160 2999 2474 3066 διδασκάλου
2519 2997 2744 3070 νεύματι
2789 2996 3114 3068 κατάλληλον
3173 2999 3295 3059 ταῖς
3343 2993 3452 3047 τῶν
3501 2991 3710 3045 πολλῶν

2162 3092 2352 3155 ἀκοαῖς
2399 3089 2704 3161 ποιούμενοι
2749 3087 2847 3159 τὴν
2899 3087 3270 3151 διδασκαλίαν,
3317 3086 3416 3139 ὅσα
3471 3084 3567 3155 μὲν
3612 3083 3709 3136 ἅτε

2163 3184 2264 3256 τὴν
2305 3183 2418 3250 ’ἐξιν
2449 3181 2793 3252 διαϐεϐηκόσι
2837 3179 2973 3251 πρὸς
3009 3178 3100 3232 τοῦ
3150 3177 3351 3231 τελείου
3397 3174 3715 3228 διδασκάλου

2151 3277 2515 3352 παρήγγελτο,
2545 3274 2716 3330 ταῦτα
2745 3273 2858 3334 τοῖς
2882 3270 3013 3332 οἴοις
3039 3284 3098 3320 τε
3121 3267 3315 3338 χωρεῖν
3339 3263 3708 3352 παρεδίδοσαν·

2150 3351 2250 3423 ὅσα
2283 3369 2340 3422 δὲ
2380 3370 2491 3430 τοῖς
2534 3364 2612 3418 ἔτι
2647 3363 2746 3426 τὰς
2780 3359 2956 3432 ψυχὰς
2983 3355 3388 3430 ὲμπαθέσι,ρκαὶ
3421 3351 3714 3426 θεραπείας

2149 3461 2418 3532 δεομένοις
2460 3455 2786 3528 ἐφαρμόζειν
2833 3450 3228 3522 ὑπελάμϐανον,
3257 3447 3427 3502 ταῦτα
3478 3461 3710 3514 συγκατ-

2153 3555 2324 3616 ιόντες
2354 3554 2418 3623 τῇ
2453 3549 2558 3602 τῶν
2597 3547 2853 3602 πλειόνων
2889 3543 3160 3614 ἀσθενείᾳ,
3193 3542 3260 3595 τὰ
3291 3540 3388 3611 μὲν
3415 3538 3502 3593 διά
3531 3555 3716 3609 γραμ-

2155 3646 2360 3718 μάτων,
2399 3643 2466 3697 τά
2497 3642 2554 3695 δὲ
2590 3641 2655 3692 δι’
2694 3636 2955 3709 ἀγράφων
2986 3633 3200 3705 θεσμῶν
3225 3632 3506 3702 φυλάττειν
3535 3647 3714 3700 παρε-

2150 3743 2390 3797 δίδοσανο
2426 3743 2564 3796 ὥστε
2621 3739 2720 3810 ἤδη
2772 3737 2866 3790 καὶ
2899 3736 2965 3806 τῇ
2994 3730 3226 3804 Χριστοῦ
3282 3729 3573 3800 Ἐκκλησία
3615 3726 3714 3782 δύο

493 3852 600 3890 non
631 3836 834 3904 scripto
865 3829 1150 3896 servanda,
1177 3827 1645 3883 commendarunt.
1674 3826 1942 3892 Quocirca
1993 3826 2048 3878 in

2155 3834 2282 3904 βίων
2304 3829 2752 3902 νενομοθετῆσθαι
2775 3827 3034 3900 τρόπους”
3064 3824 3155 3878 τὸν
3185 3823 3282 3894 μὲν
3305 3819 3577 3893 ὑπερφυῆ,
3610 3818 3712 3872 καὶ

491 3919 734 3981 Ecclésia
763 3924 854 3979 Dei
882 3923 990 3978 duo
1022 3923 1184 3998 etiam
1210 3919 1423 3976 vivendi
1456 3917 1600 3972 modi
1625 3918 1855 3972 instituti
1880 3925 2007 3972 sunt
2031 3934 2044 3972 :

2152 3926 2249 3996 τῆς
2289 3924 2474 3994 κοινῆς
2515 3923 2608 3976 καὶ
2641 3919 2984 3990 ἀνθρωπίνης
3031 3915 3301 3978 πολιτείας
3340 3914 3611 3971 ἐπέκεινα,
3645 3910 3712 3963 οὔ

489 4019 626 4070 alter
652 4014 870 4086 quidem
903 4024 1150 4067 naturam
1185 4018 1448 4073 nostram,
1489 4016 1544 4063 et
1570 4023 1912 4064 communem
1948 4009 2045 4061 ho-

485 4111 690 4163 mimuu
715 4107 838 4161 vita:
870 4105 1134 4160 rationem
1159 4103 1448 4166 excedens,
1487 4117 1596 4156 non
1657 4101 1897 4171 nuptias,
1935 4117 2044 4155 non

486 4201 750 4260 sobolem,
793 4213 904 4251 non
973 4196 1361 4259 substantiam,
1394 4211 1503 4249 non
1537 4210 1700 4265 opum
1733 4193 2045 4248 facultatem

485 4293 792 4362 requirens,
834 4296 980 4344 totus
1017 4296 1196 4342 autem
1220 4303 1444 4356 prorsus
1478 4301 1508 4339 a
1547 4287 1820 4341 communi
1841 4295 1893 4341 et
1913 4301 2046 4340 cou-

487 4391 642 4440 ‘suela
672 4392 989 4437 cunctorum
1025 4379 1306 4434 hominum
1357 4379 1471 4432 vita
1500 4379 1820 4444 abhorrens,
1857 4385 1910 4432 et
1941 4376 2042 4430 soli

487 4475 672 4529 divino
702 4471 892 4536 cultui,
922 4489 986 4526 ex
1015 4475 1278 4526 immenso
1315 4485 1491 4524 rerum
1525 4469 1824 4525 cmlestium
1864 4483 2046 4522 amore

488 4565 738 4622 addictus
771 4586 790 4622 .:
825 4566 916 4636 qui
947 4566 1091 4619 hunc
1122 4562 1339 4617 modum
1365 4561 1597 4632 amplexi
1625 4571 1771 4623 sunt,
1805 4560 1958 4632 quasi
1977 4561 2046 4615 ab

487 4669 587 4716 hac
618 4661 830 4717 mortali
855 4660 968 4713 vita
1006 4657 1258 4726 sejuncti,
1290 4657 1578 4725 ipsumque
1621 4645 1884 4709 duntaxat
1932 4670 2048 4709 cor-

487 4774 589 4828 pus
618 4755 671 4810 in
700 4761 842 4809 terra
877 4759 1146 4824 gerentes,
1183 4750 1510 4820 cogitatione
1536 4763 1664 4804 vero
1681 4754 1841 4818 atque
1863 4747 2044 4800 animo

486 4855 538 4908 iu
564 4853 678 4922 ipso
705 4851 840 4906 cmlo
869 4849 1125 4920 degentes
1145 4887 1159 4910 ,
1212 4847 1368 4918 quasi
1406 4845 1625 4916 quidam
1656 4845 1886 4906 cmlites,
1919 4843 2045 4899 reli-

485 4960 712 5014 quorum
763 4942 1042 4996 hominum
1085 4941 1250 4994 vitam
1315 4938 1661 5008 despiciunt:
1703 4936 1902 5006 quippe
1951 4935 2044 5006 qui

483 5050 582 5104 pro
613 5033 866 5087 universo
895 5045 1112 5099 genere,
1139 5042 1390 5098 supremo
1415 5027 1656 5080 omnium
1681 5025 1792 5080 Deo
1845 5025 2042 5080 sacrati

483 5126 617 5190 sint,
650 5125 812 5194 idque
839 5138 946 5176 nou
984 5121 1144 5175 boum
1191 5119 1613 5174 mactationibus
1639 5158 1654 5182 ,
1702 5132 1811 5172 non
1841 5115 2045 5176 cruori-

483 5216 606 5279 bus,
640 5231 746 5270 non
795 5213 1168 5275 libationibus,
1203 5221 1298 5267 aut
1350 5209 1538 5266 nidore
1571 5209 1702 5273 ullo,
1745 5223 1923 5278 neque
1959 5205 2042 5261 fu-

483 5323 593 5370 mo,
626 5317 720 5362 aut
754 5307 894 5377 ignis
923 5305 1292 5366 dcvoratione,
1338 5302 1819 5372 consumptioneve
1847 5313 2040 5369 corpo-

485 5413 628 5461 rum,
651 5397 746 5453 sed
782 5400 946 5452 rectis
981 5409 1119 5453 vera:
1163 5397 1376 5464 pietatis
1399 5393 1707 5458 sententiis,
1741 5399 1796 5448 et
1827 5389 2041 5462 purgati

483 5487 649 5543 animi
677 5487 980 5547 affectione.
1006 5489 1071 5542 ad
1103 5489 1215 5542 haec
1257 5488 1513 5558 cperibus
1565 5501 1783 5558 quoque
1819 5500 1883 5540 ac
1919 5499 2043 5539 ver-

481 5580 587 5640 bis,
624 5594 744 5650 quae
776 5598 803 5630 a
829 5581 1029 5634 virtute
1057 5582 1495 5650 proficiscantur,
1531 5578 1732 5650 quibus
1763 5578 1927 5634 rebus
1959 5574 2040 5631 di-

554 5736 599 5766 "
625 5731 822 5790 Jerem.
861 5750 1007 5798 xxxi,
1043 5735 1227 5790 3l-55.

2146 4019 2374 4089 γάμους,
2407 4015 2469 4068 οὑ
2497 4012 2852 4076 παιδοποιίας,
2882 4011 3000 4065 οὑδὲ
3017 4010 3223 4079 κτῆσιν,
3250 4007 3370 4060 οὑδὲ
3397 4004 3715 4074 περιουσίας

2147 4109 2378 4181 ὕπαρξιν
2419 4105 2868 4180 παραδεχόμενον,
2901 4103 3021 4156 ὅλον
3053 4101 3116 4155 δὲ
3149 4101 3213 4154 δι’
3251 4099 3371 4152 ὅλου
3404 4099 3498 4168 τῆς
3524 4098 3715 4169 κοινῆς

2145 4204 2238 4257 καὶ
2271 4201 2529 4273 συνήθους
2559 4199 2810 4253 ἁπάντων
2836 4194 3131 4267 ἀνθρώπων
3163 4192 3380 4262 ἀγωγῆς
3425 4189 3713 4261 παρηλλαοο

2145 4294 2361 4364 γμένον,
2396 4293 2490 4345 καὶ
2526 4291 2662 4362 μόνῃ
2691 4291 2756 4360 τῇ
2788 4287 2882 4341 τοῦ
2907 4285 3038 4340 Θεοῦ
3066 4285 3328 4357 θεραπείᾳ
3369 4299 3716 4354 προσῳκειω-

2148 4385 2304 4456 μένον
2336 4381 2456 4437 καθ’
2501 4379 2802 4452 ὑπερϐολὴν
2851 4379 3048 4451 ἔρωτος
3071 4376 3349 4448 οὐρανίου·
3387 4375 3437 4427 ot
3465 4373 3529 4444 δὴ
3558 4371 3714 4425 τόνδε

2148 4475 2424 4546 μετιόντες
2445 4475 2532 4528 τὸν
2568 4474 2783 4546 τρόπον,
2805 4471 2912 4524 τῶν
2943 4469 3148 4541 θνητῶν
3189 4468 3300 4538 βίον
3332 4465 3580 4518 τεθνάναι
3623 4464 3717 4518 δο-

2145 4567 2382 4632 κοῦντες,
2420 4568 2512 4620 καὶ
2541 4566 2670 4620 αὑτὸ
2705 4565 2860 4637 μόνον
2879 4565 2938 4617 τὸ
2981 4562 3136 4633 σῶμα
3175 4560 3427 4632 φέροντες
3456 4558 3547 4610 ἐπὶ
3582 4555 3717 4628 γῆς,

2147 4662 2451 4732 φρονήματι
2481 4658 2538 4712 δὲ
2569 4659 2667 4730 τὴν
2697 4657 2870 4728 ψυχὴν
2887 4657 2964 4718 εἰς
2991 4652 3218 4724 οὐρανὸν
3241 4648 3711 4722 μετενηνεγμένα,

2143 4749 2231 4808 οἷά
2275 4769 2421 4814 τινες
2457 4750 2570 4804 θεοὶ
2593 4789 2606 4814 ,
2641 4750 2732 4804 τὸν
2770 4748 2879 4802 τῶν
2930 4745 3230 4817 ἀνθρώπων
3284 4741 3520 4814 ἐφορῶσι
3571 4739 3712 4810 βίον,

2145 4845 2283 4916 ὑπὲρ
2340 4843 2433 4897 τοῦ
2489 4840 2906 4910 παντδςγένους
2932 4835 3212 4909 ἱερωμένοι
3243 4832 3322 4904 τῷ
3357 4833 3449 4886 ἐπὶ
3493 4831 3717 4886 πάντων

2142 4936 2279 5008 Θεῷ,
2313 4935 2373 4989 οὑ
2407 4933 2714 5006 βουθυσίαις
2761 4931 2854 4986 καὶ
2898 4930 3140 4999 αἴμασιν,
3185 4925 3305 4978 οὐδὲ
3341 4922 3590 4984 σπονδαῖς
3612 4921 3718 4974 καὶ

2143 5029 2406 5091 κνίσσαις,
2456 5025 2564 5080 οὐδ’
2595 5021 2660 5079 αῦ
2690 5023 2878 5092 καπνῷ
2903 5020 2996 5074 καὶ
3035 5014 3228 5088 πυρὸς
3255 5013 3582 5086 ἀποδρῶσει.
3613 5012 3716 5064 καὶ

2145 5122 2409 5194 σωμάτων
2462 5117 2704 5190 φθοραῖς,
2733 5115 2962 5185 δόγμασι
2991 5111 3047 5164 δὲ
3081 5109 3259 5181 ὀρθοῖς
3293 5105 3523 5178 ἀληθοῦς
3550 5103 3714 5194 εὐσε-

2143 5213 2316 5280 ϐείας,
2343 5211 2521 5283 ψυχῆς
2535 5227 2592 5263 τε
2622 5207 2854 5262 διαθέσει
2885 5201 3321 5274 κεκαθαρμένης,
3355 5197 3449 5252 καὶ
3483 5193 3714 5265 προσέτι

2148 5308 2258 5368 τοῖς
2305 5306 2424 5358 κατ’
2466 5301 2662 5374 ἀρετὴν
2704 5300 2882 5371 ἔργοις
2909 5315 2968 5351 τε
3002 5297 3094 5350 καὶ
3123 5294 3302 5364 λόγοις
3321 5309 3337 5325 ο
3369 5287 3450 5352 οἷς
3472 5288 3532 5341 τὸ
3552 5286 3712 5339 Θεῖον

2149 5392 2526 5462 έξιλεούμενοι,
2556 5390 2654 5462 τὴν
2695 5390 2833 5460 ὑπὲρ
2883 5387 3030 5458 σφῶν
3065 5384 3242 5439 αὑτῶν
3265 5380 3492 5436 καὶτῶν
3525 5377 3714 5446 σφίσιν

2146 5481 2417 5554 ὁμογενῶν
2468 5479 2818 5536 ἀποτελοῦσιν
2873 5476 3198 5550 ίερουργίαν.
3237 5471 3450 5527 Τοιόσδε
3491 5470 3587 5542 μὲν
3614 5463 3716 5521 οὖν

2147 5573 2480 5644 καθέστηκεν
2524 5573 2554 5626 ὁ
2600 5571 2815 5633 ἐντελὴς
2857 5571 2958 5622 τῆς
2997 5567 3138 5623 κατά
3164 5567 3253 5614 τλν
3285 5557 3715 5617 Υοιννηνηονλν
