4068 6206
333 246 411 301 ’Π
1246 237 1900 294 ὒΕΜΟΝδΤΒΑΤΙΟΝιδ

2017 239 2399 297 ἈΝΟΕΙᾸΟᾸΞ
2436 239 2565 297 LIB.
2606 240 2648 295 Ι.
3512 249 3577 302 78

338 366 612 428 πολιτείας
639 362 865 435 τρόπος.
897 362 952 416 Ὀ
970 361 1012 414 δ’
1030 359 1383 431 ύποϐεϐηκὼς
1408 358 1908 429 ἀνθρωπινώτερος,

2017 359 2294 415 vinitatem
2330 360 2503 429 ipsam
2534 359 2814 428 placantes
2852 376 3010 416 suum
3038 370 3095 418 et
3137 379 3236 434 pro
3270 365 3487 434 seipsis,
3523 376 3578 420 et

334 454 445 523 οἷος
462 458 558 511 καὶ
579 456 784 525 γάμοις
802 453 1141 521 συγχατιέναι
1156 449 1393 522 σώφροσι
1418 451 1511 504 καὶ
1527 449 1909 515 παιδοποιίαις,

334 547 648 620 οίκονομίας
671 563 732 599 τε
779 544 1168 615 ἐπιμελεῖσθαι,
1200 546 1315 608 τοῖς
1353 562 1411 598 τε
1447 543 1591 598 κατά
1619 544 1680 598 τὸ
1709 544 1911 598 δίκαιον

335 638 793 712 στρατευομένοις
818 638 889 690 τὰ
919 636 1167 707 πρακτέα
1214 635 1581 699 ὑποτίθεσθαι,
1609 635 1792 708 ἀγρῶν
1828 655 1908 700 τε,

334 733 432 786 καὶ
463 730 755 802 ἐμπορίας,
783 730 878 782 καὶ
905 729 1001 799 τῆς
1036 727 1202 799 ἄλλης
1231 727 1657 799 πολιτικωτέρας
1690 729 1912 797 ἀγωγῆς

338 822 487 893 μετά
539 819 637 873 τοῦ
680 816 957 881 θεοσεϐοῦς
1011 818 1331 887 φροντίζειν,
1379 811 1461 881 οἷς
1488 818 1581 871 καὶ
1628 820 1912 889 ἀσκήσεως

337 914 557 984 καιροὶ,
585 909 867 981 μαθητείας
892 925 949 961 τε
971 910 1063 961 καὶ⁹
1092 907 1198 961 τῶν
1219 908 1375 961 θείων
1406 908 1576 977 λόγων
1602 911 1912 983 ἀκροάσεως

340 1005 560 1076 ἡμέραι
604 1000 999 1074 ἁφωρίσθησαν.
1047 1002 1155 1054 Καί
1186 1018 1269 1064 τις
1307 1001 1516 1065 τούτοις
1550 1001 1797 1071 δεύτερος
1824 1004 1913 1055 εύ-

350 1097 589 1159 σεϐείαςδ
610 1092 922 1166 ἀπενεμήθη
966 1092 1198 1164 βαθμὸς,
1244 1094 1571 1165 κατάλληλον
1621 1095 1699 1166 τῷ
1734 1096 1913 1166 τοιῳδὶ

354 1187 458 1258 βίῳ
489 1188 734 1259 παρέχων
761 1186 860 1256 τὴν
885 1186 1170 1255 ὠφέλειαν,
1198 1188 1271 1249 ὡς
1306 1187 1508 1257 μηδένα
1538 1189 1786 1259 ἀμοιρεῖν
1814 1188 1913 1258 τῆς

350 1281 613 1351 σωτηρίου
644 1280 962 1347 ἐπιφανείας
986 1296 998 1307 ·
1040 1280 1146 1332 πᾶν
1170 1278 1225 1332 δέ
1254 1280 1408 1348 γένος
1444 1280 1764 1352 ἀνθρώπων,
1803 1281 1914 1333 Ἐλ-

344 1369 521 1441 λήνων
534 1370 669 1441 όμοῦ
688 1371 780 1425 καὶ
802 1369 1109 1442 βαρϐάρων,
1130 1370 1231 1441 τῆς
1249 1370 1605 1442 εύαγγελικῆς
1619 1370 1910 1425 ἀπολαύειν

344 1461 706 1527 διδασκαλίας.

2015 466 2116 521 pro
2143 450 2284 515 aliis,
2336 452 2431 520 qui
2464 452 2705 520 ejusdem
2737 453 2847 507 sint
2893 454 3107 524 generis
3140 495 3155 517 ,
3197 454 3578 512 administrant

2017 542 2406 598 sacerdotium.
2445 544 2553 614 30
2581 542 2645 598 Et
2666 545 2791 598 talis
2822 546 3038 613 quidem
3093 548 3311 602 exsistit
3342 549 3394 603 in
3418 549 3577 603 Chri-

2017 635 2303 691 stianismo
2329 633 2604 704 perfectus
2649 636 2773 690 vitae
2800 636 3014 691 modus.
3052 637 3201 692 Alter
3231 654 3359 693 vero
3387 642 3579 694 remis-

2016 727 2130 782 sior
2180 737 2342 799 atque
2373 728 2700 795 humanior;
2734 729 2824 783 hic
2853 738 2906 785 et
2938 730 3185 787 modesto
3219 733 3495 804 conjugio,
3527 742 3582 789 et

2019 821 2224 876 sobolis
2248 821 2630 891 procuratione
2652 821 2981 891 implicatur,
3004 831 3058 878 et
3078 824 3159 878 rei
3189 822 3473 881 familiaris
3488 842 3584 880 cu-

2024 926 2140 979 ram
2164 914 2413 976 assumit,
2448 922 2500 967 et
2522 914 2669 982 juste
2702 914 3093 976 militantibus,
3123 930 3243 984 quae
3270 917 3379 970 sint
3418 933 3585 987 agen-

2012 1003 2107 1069 da,
2138 1003 2398 1059 describit
2427 1023 2438 1057 :
2464 1020 2621 1075 agros
2642 1021 2880 1076 quoque,
2900 1015 2954 1061 et
2979 1015 3366 1071 mercaturam,
3385 1009 3582 1064 alium-

2014 1110 2120 1165 que
2153 1096 2324 1166 magis
2354 1096 2568 1151 civilem
2628 1096 2843 1151 vivendi
2892 1113 3121 1160 morem,
3162 1097 3421 1166 adjuncta
3454 1100 3583 1154 reli-

2016 1188 2174 1257 gione
2202 1203 2310 1241 non
2344 1188 2566 1259 negligit
2597 1208 2609 1242 :
2638 1188 2704 1244 iis
2732 1198 2911 1244 autem
2939 1192 3032 1261 qui
3063 1191 3209 1246 hunc
3234 1192 3452 1247 modum
3472 1194 3584 1247 elc-

2015 1287 2231 1348 gerunt,
2285 1287 2339 1334 et
2380 1281 2832 1335 exercitationum
2882 1291 3164 1351 tempora,
3208 1292 3263 1338 et
3309 1284 3582 1348 discendi,

2013 1370 2346 1441 verbumque
2392 1372 2636 1426 divinum
2682 1375 2972 1439 audiendi,
3006 1376 3139 1429 certi
3168 1375 3285 1431 dies
3320 1377 3581 1446 assignati

2013 1472 2141 1517 sunt
2179 1481 2193 1516 :
2229 1472 2281 1518 et
2319 1464 2402 1519 bis
2444 1465 2664 1535 quidem
2709 1468 2985 1523 secundus
3028 1469 3245 1537 pietatis
3280 1468 3579 1524 attributus

344 1565 431 1613 est
457 1559 678 1628 gradus,
710 1557 838 1612 dum
868 1569 1052 1630 aptam
1083 1561 1211 1618 huic
1245 1561 1347 1633 ipsi
1393 1561 1576 1632 generi
1627 1560 1751 1613 vitae
1798 1559 2002 1630 prmbet
2043 1561 2353 1625 utilitatem,
2384 1570 2442 1615 ut
2505 1564 2690 1618 nullus
2750 1565 2911 1635 plane
2956 1566 3030 1621 ab
3084 1565 3317 1621 adventu
3357 1568 3584 1621 salutari

346 1662 649 1721 separetur,
694 1655 788 1710 sed
842 1672 1004 1712 omne
1047 1672 1221 1729 genus
1288 1658 1567 1712 hominum
1608 1663 1717 1709 tam
1756 1657 2136 1723 barbarorum,
2172 1673 2334 1727 quam
2382 1656 2717 1726 Graecorum,
2771 1661 3097 1733 evangelicae
3137 1661 3401 1717 doctrinae
3469 1661 3586 1715 fru-

345 1754 493 1799 ctum
516 1746 800 1816 percipiat.

871 1866 1267 1920 ΚΕΦΑᾹΑῙΟΝ
1309 1865 1385 1920 6⁷.

351 1954 414 2008 Tl
458 1954 683 2021 δήποτε
677 1955 808 2079 2..ἐιὴ
868 1959 1079 2025 ὁμοίως
1141 1958 1263 2023 τοῖς
1305 1960 1578 2025 παλαιοῖς
1629 1960 1727 2011 καὶ
1782 1956 1915 2025 παρ’

503 2025 650 2079 ’ἠιιῖν
774 2024 881 2079 τῆο
910 2028 1310 2079 πολυπαιδίατι
1352 2028 1763 2079 σπουδάζεται.

503 2025 650 2094 ἡμῖν
677 2024 748 2079 τὰ
774 2024 881 2093 τῆς
902 2024 1310 2094 πολυπαιδίας
1352 2024 1763 2089 σπουδάζεται.

410 2114 639 2170 Τούτων
667 2110 767 2171 ὧδε
797 2118 1049 2189 ἐχόντων,
1088 2118 1320 2190 ζητήσαι
1366 2121 1431 2175 ἄν
1490 2137 1574 2185 τις
1602 2120 1845 2186 εἰκότως,
1870 2122 1920 2176 εἰ

341 2207 408 2279 δὴ
432 2207 577 2261 κατά
601 2210 726 2271 τοὺς
752 2209 917 2263 πάλαι
941 2210 1033 2262 καὶ
1058 2211 1196 2280 πρὸς
1218 2211 1513 2275 Μωῦσέως,
1538 2211 1802 2282 θεοφιλεῖς
1827 2212 1920 2266 ἄν·-

343 2296 479 2369 δρας
509 2297 607 2368 τὴν
631 2297 725 2351 τοῦ
754 2298 1000 2369 Σωτῆρος
1017 2302 1050 2369 ἡ
1059 2299 1173 2370 μῶν
1198 2301 1554 2373 εὐαγγελικὴν
1573 2302 1918 2357 διδασκαλίαν

348 2386 618 2440 θεοσεϐεἰν
681 2387 1031 2441 ὑποτίθεσθαί
1063 2407 1270 2461 φαμενο
1311 2390 1439 2460 μίαν
1460 2409 1520 2444 τε
1551 2392 1706 2463 ἡμῶν
1726 2410 1784 2445 τε
1816 2395 1915 2447 κά-

349 2478 543 2532 κείνων
597 2478 897 2545 εὐσέϐειαν,
949 2481 1042 2533 καὶ
1087 2480 1221 2534 Θεοῦ
1261 2482 1459 2545 γνῶσιν
1499 2483 1597 2556 τὴν
1631 2485 1830 2555 αὐτήν·
1863 2486 1917 2539 τί

348 2569 487 2641 δῆτα
513 2571 561 2624 οί
590 2571 689 2642 μὲν
732 2571 863 2643 περὶ
910 2572 1119 2643 γάμους
1154 2574 1247 2626 καὶ
1284 2574 1623 2639 παιδοποιίας
1658 2575 1919 2647 πλείστην

348 2661 568 2731 εἰσῆγον
599 2662 854 2734 σπουδὴν,
890 2666 1020 2735 ἡμῖν
1047 2665 1103 2719 δὲ
1122 2665 1278 2719 τοῦτο
1304 2666 1694 2739 παραμελεῖται
1722 2669 1782 2722 τὸ
1819 2669 1917 2739 μέ-

352 2770 464 2824 ρος.
498 2755 605 2807 Καὶ
635 2756 795 2811 πάλιν
821 2759 869 2809 οἱ
902 2757 998 2828 μὲν
1026 2761 1143 2821 ταῖς
1159 2758 1246 2813 διὰ
1273 2758 1425 2823 ζώων
1448 2760 1659 2826 θυσίαις
1687 2760 1920 2828 ἐξιλεού-

349 2847 607 2915 μενοιτὺν
627 2847 757 2901 Θεὸν
783 2850 1165 2922 ἀνεγράφησαν
1178 2868 1193 2881 ⁸
1217 2853 1347 2923 ἡμῖν
1375 2852 1431 2905 δὲ
1448 2852 1713 2906 καὶτοῦτο
1744 2854 1917 2926 πράτ-

328 2954 487 3004 τειν,
518 2938 593 3005 ὥς
620 2959 671 2994 τι
700 2941 806 2995 τῶν
839 2942 1087 3008 ἀνοσίων,
1112 2944 1501 3015 ἀπηγόρευται.
1523 2944 1626 2997 Δύο
1658 2945 1765 3017 γὰρ
1784 2946 1920 3015 μόνα

347 3032 541 3097 ταῦτα,
576 3035 635 3086 οὐ
669 3035 896 3105 σμικρὸν
931 3034 1119 3105 ἔχοντα
1163 3036 1337 3104 λόγον,
1366 3035 1563 3101 δόξειεν
1591 3036 1656 3090 ἂν
1685 3042 1795 3101 τοῖς
1830 3040 1918 3108 ὑφ’

346 3126 513 3198 ἡμῶν
550 3124 861 3198 ἐἰρημένοις
913 3129 1272 3190 ἀντιπίπτειν,
1317 3128 1393 3190 ὡς
1453 3128 1526 3200 μὴ
1574 3129 1715 3184 κατά
1748 3130 1922 3185 ταῦτα

2611 1864 2840 1921 CAPUT
2879 1864 2967 1921 1X.

2020 1950 2194 2018 Quam
2246 1952 2309 2007 ob
2335 1970 2552 2009 causam
2576 1972 2684 2029 non
2713 1966 2771 2029 ut
2794 1958 2958 2026 prisci
3011 1956 3219 2029 illi,_ita
3257 1975 3350 2012 nos
3385 1974 3586 2029 quoque

2247 2039 2538 2080 numerosa:
2566 2078 2572 2087 ,
2597 2025 2763 2080 soboli
2799 2025 3039 2097 cperam
3088 2027 3298 2082 damus.

2087 2110 2224 2168 Cum
2257 2113 2373 2169 haec
2403 2114 2478 2169 ita
2502 2130 2562 2169 se
2584 2114 2856 2180 habeant,
2910 2118 3107 2171 merito
3162 2119 3359 2188 aliquis
3387 2124 3586 2189 quaesi-

2018 2204 2143 2270 erit,
2172 2205 2218 2260 si
2241 2220 2370 2261 vere
2401 2205 2639 2261 dicimus
2664 2206 2737 2260 ab
2757 2208 3066 2276 evangelica
3086 2206 3383 2265 Salvatoris
3410 2212 3585 2267 nostri

2018 2297 2289 2362 doctrina,
2324 2310 2444 2351 eam
2474 2295 2641 2350 divini
2680 2296 2862 2350 cultus
2896 2295 3162 2351 rationem
3190 2296 3399 2362 doceri,
3419 2315 3583 2370 quam

2016 2388 2187 2458 prisci
2214 2388 2313 2451 illi,
2342 2389 2434 2457 qui
2456 2396 2581 2442 ante
2611 2386 2815 2443 Mosem
2843 2388 3095 2457 religiose
3122 2397 3177 2444 et
3229 2397 3418 2445 sancte
3434 2391 3586 2444 vixe-

2017 2487 2166 2544 runt,
2185 2476 2358 2531 secuti
2384 2485 2514 2530 sunt
2547 2497 2560 2530 :
2607 2492 2882 2547 unamque
2918 2492 3041 2533 esse
3072 2485 3127 2534 et
3156 2486 3422 2542 nostram,
3454 2487 3508 2534 et
3528 2480 3589 2534 il-

2016 2570 2194 2625 lorum
2224 2569 2559 2639 religionem,
2601 2569 2937 2639 eandemque
2966 2568 3036 2625 de
3069 2570 3179 2626 Deo
3206 2572 3534 2626 sententiam
3568 2588 3587 2626 ;

2017 2678 2264 2735 quaenam
2318 2678 2485 2719 causa
2520 2665 2591 2719 sit
2622 2703 2638 2728 ,
2670 2672 2730 2718 ut
2764 2663 2842 2731 illi
2877 2664 3098 2734 quidem
3154 2666 3212 2719 in
3272 2666 3481 2736 nuptiis
3531 2673 3589 2721 et

2018 2756 2395 2827 procreatione
2427 2755 2720 2811 liberorum
2753 2755 3047 2826 plurimum
3085 2756 3249 2810 studii
3280 2758 3583 2826 posuerint,

2018 2863 2118 2902 nos
2147 2863 2279 2903 vero
2305 2848 2443 2902 hanc
2473 2858 2679 2917 partem
2709 2848 3068 2918 negligamus.
3086 2846 3217 2901 Item
3247 2864 3371 2902 cum
3397 2848 3464 2904 de
3479 2850 3589 2906 illis

2018 2940 2279 3007 scriptum
2315 2938 2407 3001 sit,
2456 2938 2601 3008 quod
2649 2938 2963 2991 animalium
3004 2938 3244 2993 caedibus
3280 2938 3446 2994 Deum
3477 2942 3589 3011 pla-

2019 3035 2226 3092 carent,
2248 3043 2352 3091 cur
2385 3028 2459 3081 ita
2492 3042 2594 3081 nos
2650 3027 2796 3082 istud
2848 3027 3066 3093 facere,
3108 3030 3267 3098 quasi
3315 3030 3585 3087 nefarium

2019 3122 2298 3191 quidpiam
2376 3128 2431 3176 et
2513 3120 2840 3190 sacrilegum
2879 3160 2892 3184 ,
2981 3120 3386 3189 prohibeamur.
3460 3121 3588 3176 llaec

346 3218 448 3272 τὸν
484 3217 711 3271 παλαιὸν
746 3218 1018 3283 σωζόντων
1064 3221 1164 3290 τῆς
1210 3220 1489 3284 εὐσεϐείας
1535 3222 1755 3292 τρόπον.
1809 3224 1915 3276 Καὶ

2021 3214 2166 3268 enim
2205 3213 2313 3267 duo
2351 3213 2613 3268 duntaxat
2648 3256 2664 3279 ,
2711 3228 2833 3282 quae
2891 3226 3023 3268 sane
3064 3213 3208 3267 haud
3259 3215 3410 3283 panri
3470 3229 3589 3268 iuo-

351 3307 496 3379 srpk
532 3308 682 3362 ταῦτ’
707 3306 800 3364 οὖν
860 3312 1067 3366 τοιάνδε
1118 3311 1267 3365 λύσιν
1311 3312 1368 3379 ἐξ
1416 3312 1594 3367 αὐτῶν
1655 3315 1917 3386 πάρεστιν

348 3400 711 3467 ἀναλέξασθαι
740 3402 847 3456 τῶν
871 3401 1054 3476 [παρ’]
1087 3404 1353 3477 Ἑϐραίοις
1367 3404 1561 3473 λογίων
1584 3424 1597 3437 ο
1616 3408 1783 3478 οἱμὲν
1813 3409 1918 3478 πρὸ

344 3492 626 3556 Μωῦσέως
657 3494 742 3547 ἐπ’
768 3494 1023 3569 εὐσεϐείᾳ
1053 3497 1551 3569 μεμαρτυρημένα,
1578 3500 1751 3572 ἀρχὴν
1771 3500 1920 3572 ἔχον-

342 3599 440 3648 τος
471 3585 593 3639 τότε
614 3586 706 3639 καὶ
739 3589 1123 3659 συνισταμένου
1147 3588 1241 3642 τοῦ
1269 3590 1403 3659 βίου,
1432 3591 1685 3659 γενέσθαι
1715 3610 1920 3665 μνημο-

347 3678 592 3732 νεύονται
610 3696 626 3711 ο
656 3679 725 3734 τὰ
750 3679 808 3732 δὲ
838 3679 960 3733 καθῗ
995 3681 1143 3752 ἡμᾶς
1176 3682 1303 3752 περὶ
1347 3682 1498 3746 τέλος
1528 3683 1793 3742 ἐλαύνειν.
1827 3686 1920 3738 Διὸ

346 3774 461 3834 τοῖς
498 3773 595 3842 μὲν
625 3772 1017 3839 σπουδάζεσθαι
1042 3774 1139 3846 τὴν
1164 3775 1271 3828 τῶν
1296 3775 1551 3848 διαδόχων
1582 3780 1819 3834 ἐπίδοσιν
1840 3782 1918 3843 είς

349 3864 585 3919 ἐολυανθ
593 3866 823 3937 ρωπίαν,
841 3866 1091 3932 αὔξοντος
1112 3871 1229 3923 κατ’
1258 3872 1429 3925 έκεῖνο
1446 3873 1657 3945 καιροῦ,
1676 3875 1769 3928 καὶ
1784 3874 1921 3945 πλη-

350 3956 620 4021 θύνοντος,
676 3959 756 4022 είς
791 3959 972 4031 ἀκμήν
1010 3976 1069 4013 τε
1111 3963 1388 4033 προϊόντος
1426 3964 1517 4017 τοῦ
1571 3964 1679 4018 τῶν
1712 3964 1919 4037 ἀνθρὼ-

355 4066 472 4102 τιον
498 4050 686 4118 γένους
704 4067 717 4079 ·
742 4052 873 4121 ἡμῖν
898 4050 953 4103 δὲ
982 4052 1055 4122 μὴ
1084 4052 1286 4124 σφόδρα
1306 4070 1389 4106 τοι
1423 4054 1579 4107 τοῦτο
1614 4055 1815 4125 μέλειν,
1844 4056 1919 4119 ὼς

351 4139 417 4192 ἂν
448 4140 551 4211 ἤδη
574 4140 681 4193 τῶν
710 4144 1047 4213 πραγμάτων
1073 4144 1362 4212 φθινόντων
1395 4147 1489 4198 καὶ
1513 4145 1913 4217 ἀποληγόντων,

351 4232 446 4283 ἐπὶ
479 4232 650 4302 πέρας
681 4249 737 4285 τε
762 4233 985 4304 ἔσχατον
1010 4235 1357 4299 ἐλαυνόντων,
1377 4236 1668 4309 διαρρήδην
1705 4238 1801 4308 τῆς
1821 4239 1916 4293 τοῦ

353 4321 471 4390 βίου
516 4323 841 4387 συντελείας,
887 4326 993 4397 πρὸ
1030 4327 1127 4396 τῆς
1172 4327 1527 4398 εὐαγγελικῆς
1571 4329 1917 4394 διδασκαλίας

349 4412 446 4466 ἐπὶ
478 4412 666 4485 θύραις
707 4413 949 4467 ἐλαύνειν
981 4414 1293 4487 λεγομένης,
1338 4417 1686 4481 ἀνανεώσεως
1721 4436 1778 4471 τε
1823 4420 1916 4472 καὶ

352 4505 769 4574 παλιγγενεσίας
809 4505 1002 4571 αἰῶνος
1031 4508 1237 4579 ἐτέρου,
1284 4510 1405 4562 ὅσον
1446 4509 1598 4564 ούπω
1634 4510 1915 4580 μέλλοντος

348 4599 761 4669 ἐπιστήσεσθαι,
792 4602 1325 4673 προκηρυττομένης.
1368 4603 1481 4657 Μία
1515 4603 1613 4673 μὲν
1657 4598 1749 4656 οὖν
1779 4603 1914 4657 ἀπό-

344 4690 496 4755 δοσις
520 4692 688 4762 αὕτη·
718 4692 941 4764 δευτέρα
965 4693 1009 4745 δ’
1044 4693 1109 4746 ἂν
1134 4694 1220 4763 εἴη
1246 4694 1484 4764 τοιαύτη.
1521 4694 1644 4757 Τοῖς
1679 4694 1777 4765 μὲν
1806 4712 1913 4748 πα-

347 4783 542 4849 λαιοῖς,
572 4785 849 4854 ἀνειμένον
886 4784 981 4838 καὶ
1010 4783 1291 4855 ἐλεύθερον
1324 4783 1565 4855 μετιοῦσι
1605 4784 1738 4854 βίον,
1763 4786 1915 4840 οὐδὲν

344 4871 414 4944 ἦν
446 4875 695 4946 ἐμποδὼν
726 4876 875 4930 οἴκου
903 4878 996 4931 καὶ
1030 4876 1231 4931 παίδων
1262 4875 1621 4948 προΐστασθαι
1650 4877 1787 4947 μετά
1816 4879 1915 4949 τῆς

348 4969 478 5039 περὶ
500 4967 565 5020 τὸ
587 4967 739 5021 Θείον
762 4967 976 5039 σχολῆς,
994 4968 1180 5032 αὐταῖς
1201 4971 1483 5040 γαμεταῖς,
1507 4970 1603 5022 καὶ
1618 4970 1796 5035 παισὶ,
1821 4970 1916 5022 καὶ

344 5059 519 5123 οἴκοις
551 5059 817 5113 θεοσεϐεἶν
847 5056 1265 5131 ἀπερισπάστως
1300 5060 1631 5130 δυναμένοις,
1680 5062 1774 5115 καὶ
1809 5079 1914 5132 μη-

344 5152 535 5222 δαμῶς
568 5152 673 5204 ύπὺ
711 5152 819 5206 τῶν
852 5152 1005 5216 ἐκτὸς
1050 5152 1149 5223 τῆς
1188 5153 1314 5224 περὶ
1346 5153 1415 5207 τὰ
1446 5153 1677 5223 κρείττω
1724 5153 1917 5225 προθέ-

347 5261 488 5309 σεως
514 5245 929 5316 ἀποσπωμένοις
950 5262 964 5273 ·
1000 5244 1069 5297 τά
1093 5244 1149 5297 δὲ
1182 5244 1302 5299 καθ’
1329 5247 1497 5315 ἡμᾶς,
1525 5245 1693 5316 μυρία
1721 5246 1789 5298 τὰ
1825 5247 1918 5298 ἐκ-

342 5339 436 5404 τὸς
466 5340 817 5405 καθέλκοντα,
850 5340 944 5393 καὶ
975 5342 1054 5402 είς
1091 5322 1406 5403 ὰλλοκότούς
1453 5339 1737 5411 φροντίδας
1763 5356 1916 5409 περι-

344 5432 597 5506 σύραντα,
624 5435 723 5507 τῆς
747 5451 810 5487 τε
837 5436 965 5506 περὶ
1004 5432 1072 5485 τά
1110 5432 1229 5503 Θεῷ
1262 5432 1469 5505 ἀρεστά
1511 5432 1744 5503 σπουδῆς
1790 5435 1916 5502 ἀφι-

343 5527 546 5584 στάντα
589 5529 865 5599 τυγχάνει.
900 5528 1066 5581 Τοῦτο
1103 5527 1232 5596 γοῦν
1274 5527 1445 5581 αῐτιον
1492 5522 1628 5581 εἶναι
1675 5527 1771 5597 τῆς
1806 5526 1914 5605 τῷν

341 5619 537 5690 γάμων
569 5620 830 5692 συστολῆς
858 5621 1182 5693 παρίστησιν
1204 5621 1232 5672 ὁ
1256 5619 1357 5689 τῆς
1382 5619 1740 5689 εὐαγγελικῆς
1766 5618 1913 5672 διδα-

347 5712 567 5781 σκαλίας
610 5714 787 5782 λόγος,
821 5713 1042 5782 φάσκων
1065 5731 1078 5745 ·
1133 5733 1151 5765 ι
1192 5711 1361 5766 Τοῦτο
1392 5711 1449 5765 δέ
1483 5728 1643 5783 φημι,
1674 5710 1911 5780 ἀδελφοὶ,

2020 3308 2188 3363 menti
2236 3315 2381 3373 sunt,
2424 3310 2691 3379 putaverit
2736 3307 3007 3378 quispiam
3039 3348 3055 3374 ,
3101 3308 3169 3363 iis
3217 3324 3337 3378 qure
3370 3323 3399 3361 a
3430 3308 3588 3362 nobis

2020 3400 2164 3455 dicta
2196 3407 2343 3462 sunt,
2396 3400 2693 3464 adversari,
2744 3415 2953 3470 nosque
2989 3415 3098 3455 non
3162 3402 3312 3455 omni
3375 3402 3587 3459 ratione

2018 3491 2250 3548 eundem
2304 3506 2428 3545 cum
2502 3492 2700 3562 priscis
2746 3491 2878 3555 illis,
2957 3494 3167 3548 colendi
3229 3494 3326 3549 Dei
3379 3510 3587 3551 morem

2021 3601 2259 3642 servare.
2296 3584 2464 3655 Igitur
2500 3586 2664 3639 etiam
2690 3584 2955 3641 adversus
2980 3586 3115 3650 haec,
3160 3587 3321 3642 talem
3362 3589 3488 3643 licet
3518 3606 3586 3644 ex

2019 3679 2153 3748 ipsis
2236 3677 2584 3733 Hebraeorum
2663 3678 2899 3732 oraculis
2968 3678 3235 3732 rationem
3304 3679 3582 3750 colligere.

2021 3773 2342 3842 Quicunque
2382 3780 2507 3839 ante
2561 3770 2765 3826 Mosem
2797 3769 2863 3823 de
2897 3769 3058 3823 laude
3102 3769 3322 3837 pietatis
3386 3785 3587 3827 nomen

2021 3866 2201 3935 adepti
2240 3873 2401 3926 sunt,
2433 3864 2485 3917 hi
2517 3872 2650 3917 tunc
2675 3862 2890 3916 initium
2928 3860 3181 3923 habente,
3212 3866 3452 3931 tuncque
3474 3860 3589 3930 pri-

2020 3975 2169 4013 mum
2198 3959 2496 4014 exsistente
2551 3956 2663 4009 vita
2697 3994 2712 4018 ,
2773 3954 2945 4010 fuisse
2994 3963 3412 4017 memorantur:
3467 3971 3590 4026 qua:

1984 4068 2148 4109 vero
2193 4053 2260 4107 ad
2308 4066 2407 4106 nos
2454 4051 2745 4121 pertinent,
2809 4050 3034 4106 tendere
3074 4050 3143 4106 ad
3194 4050 3376 4106 ﬁnem.
3407 4048 3589 4116 Quar:

2018 4147 2143 4202 illos
2175 4159 2370 4215 magna
2402 4159 2523 4198 cum
2552 4158 2715 4206 cura,
2748 4142 2954 4198 sobolis
3014 4143 3408 4200 incrementum
3436 4159 3589 4214 quae-

2018 4239 2233 4299 sivisse,
2268 4251 2392 4292 cum
2434 4251 2529 4307 per
2562 4235 2694 4289 illud
2724 4244 2937 4307 tempus
2991 4246 3045 4291 et
3098 4250 3361 4292 numerus
3414 4236 3588 4292 homi-

2018 4347 2150 4386 num
2185 4332 2287 4401 31
2329 4339 2642 4402 augesceret
2677 4339 2733 4385 et
2773 4329 3228 4399 multiplicaretur
3254 4372 3269 4393 ,
3324 4338 3486 4400 atque
3527 4331 3586 4385 in

2018 4424 2137 4481 dies
2165 4424 2332 4479 robur
2360 4425 2633 4493 acciperet
2652 4438 2823 4493 genus
2866 4423 3161 4479 humanum
3203 4442 3215 4475 :
3269 4422 3428 4476 nobis
3458 4437 3589 4477 vero

2018 4531 2130 4570 non
2156 4515 2446 4570 admodum
2480 4528 2625 4568 cum
2648 4528 2769 4569 esse
2812 4513 2936 4573 hoc.
2961 4520 3146 4582 utpote
3177 4528 3299 4566 cum
3335 4527 3424 4566 res
3472 4511 3587 4579 jam

2020 4606 2244 4661 interire
2286 4621 2349 4660 ac
2390 4604 2677 4667 desinere,
2734 4610 2896 4673 atque
2948 4607 3014 4655 ad
3069 4610 3370 4658 extremum
3428 4600 3587 4655 finem

2021 4699 2246 4755 tendere
2265 4698 2559 4753 credantur
2584 4715 2597 4750 :
2632 4696 2850 4767 quando
2878 4696 3044 4764 plane
3063 4694 3284 4758 dicitur,
3318 4704 3442 4746 ante
3467 4691 3587 4748 vita

2020 4792 2579 4857 consummationem,
2628 4789 2995 4859 evangelicam
3048 4788 3104 4842 in
3156 4786 3366 4841 foribus
3396 4783 3587 4841 adesse

2020 4885 2366 4940 doctrinam:
2410 4891 2463 4937 et
2500 4881 2780 4937 renovatio
2824 4895 2889 4936 ac
2930 4881 3208 4953 generatio
3237 4879 3462 4935 alterius
3486 4891 3587 4931 saec

2021 4978 2151 5041 culi,
2174 4975 2319 5048 quod
2350 4976 2501 5031 brevi
2530 4975 2696 5029 instet
2750 4974 3016 5040 futurum,
3047 4973 3424 5029 denuntiatur.
3469 4967 3586 5024 Una

2021 5068 2186 5140 igitur
2212 5067 2458 5123 defensio
2502 5066 2645 5130 haec,
2695 5066 2864 5120 altera
2898 5074 3078 5119 autem
3115 5065 3221 5119 erit
3247 5060 3584 5130 huiusmodi.

2020 5159 2226 5215 Priscis
2263 5159 2371 5213 illis
2426 5159 2520 5228 qui
2551 5157 2918 5213 remissiorem
2968 5172 3033 5211 ac
3075 5154 3384 5211 liberiorem
3424 5153 3586 5206 vitam

2014 5250 2267 5319 agebant,
2298 5247 2431 5302 nihil
2458 5258 2575 5301 erat
2611 5246 3021 5316 impedimento,
3053 5261 3120 5299 ne
3144 5242 3329 5297 domui
3367 5240 3584 5299 liberis-

2013 5355 2121 5411 que
2145 5345 2459 5409 prazessent,
2486 5353 2546 5392 ac
2581 5339 2783 5408 pariter
2830 5337 3027 5391 divina:
3065 5348 3281 5403 quoque
3314 5332 3389 5387 rei
3420 5344 3584 5386 vaca-

2013 5440 2156 5493 rent,
2180 5430 2398 5500 quando
2425 5445 2530 5484 uua
2560 5445 2684 5486 cum
2715 5428 2979 5482 uxoribus
3010 5436 3064 5479 et
3090 5425 3295 5489 liberis,
3324 5430 3377 5478 et
3402 5422 3586 5485 domo,

2013 5525 2263 5595 religioni
2292 5523 2567 5580 assiduam
2611 5525 2742 5579 dare
2780 5533 3001 5589 operam
3040 5526 3321 5586 poterant,
3372 5524 3428 5570 et
3456 5532 3585 5573 nus-

2020 5633 2197 5690 quam,
2228 5617 2299 5672 ob
2332 5616 2471 5670 ullas
2514 5634 2607 5682 res
2664 5621 2917 5669 externas
2973 5629 3002 5666 a
3045 5614 3267 5669 meli'ore
3310 5613 3591 5683 proposito

2021 5710 2410 5765 avellebantur.
2470 5706 2585 5778 Res
2628 5721 2764 5768 vero
2806 5716 3001 5761 nostra:
3052 5700 3472 5763 innumerabilia
3499 5701 3591 5752 tua
