3974 6208
403 305 420 324 ⁶
506 297 573 351 79
1161 291 1437 350 EUSEBII
1475 291 1952 349 CIESARIENSIS
1989 293 2140 352 OPP.
2170 291 2365 349 PARS
2391 293 2456 348 ll.
2495 316 2562 335 ά-
2589 287 3089 349 KPULOGETICA.
3661 291 3730 348 80

501 416 650 478 bent,
683 428 801 484 quae
819 412 1162 466 extrinsecus
1197 419 1442 480 premant
1463 453 1477 474 ,
1527 419 1580 466 et
1607 426 1726 482 quaa
1776 411 1829 465 in
1863 411 2035 466 aliena

2140 413 2193 479 ,ὁ
2226 411 2414 484 καιρὸς
2447 408 2893 482 συνεσταλμένος.
2927 410 3001 463 Τὸ
3030 410 3213 464 λοιπόν
3245 411 3412 475 ἐστιν,
3448 411 3536 467 ἰνα
3559 410 3657 466 καὶ
3679 413 3746 465 οἰ

500 523 661 562 curas
687 506 924 574 undique
955 503 1195 567 trahant,
1219 511 1273 558 et
1317 503 1384 558 ab
1415 517 1601 558 earum
1635 519 1813 558 rerum
1843 503 2024 558 studio
2046 545 2060 568 ,

499 615 620 669 quae
654 598 758 653 Deo
807 598 1059 667 placent,
1112 596 1404 650 abducant.
1456 595 1606 651 Hanc
1648 597 1810 667 igitur
1839 611 2062 652 causam

498 708 640 753 esse,
678 707 778 747 cur
818 691 1057 746 nubendi
1117 693 1255 747 ratio
1307 693 1647 746 contrahitur
1675 733 1690 758 ,
1739 695 2064 766 evangelicae

497 787 761 842 doctrinae
785 786 1013 840 verbum
1036 787 1373 865 demonstrat
1401 829 1414 849 ,
1470 787 1560 842 ubi
1594 789 1713 842 ait:
1751 809 1770 842 ι
1811 790 1926 847 Hoc
1963 808 2061 848 au-

483 891 604 934 tem
638 879 761 933 dico
789 878 1002 945 fratres,
1035 886 1248 949 tempus
1281 879 1442 935 breve
1469 888 1570 936 est.
1599 880 1889 950 Reliquum
1931 891 2015 940 est
2042 925 2058 950 ,

496 981 556 1025 ut
586 981 640 1028 et
670 972 760 1042 qui
806 973 1006 1027 habent
1043 987 1273 1038 uxores,
1321 979 1579 1042 tanquam
1633 991 1742 1029 non
1799 976 2059 1031 habentes

495 1064 601 1119 sint
639 1079 651 1114 :
688 1072 741 1117 et
792 1063 883 1132 qui
919 1061 1077 1127 ﬂent,
1120 1069 1376 1132 tanquam
1435 1080 1543 1118 non
1597 1062 1787 1120 ﬂentes
1819 1085 1830 1119 :
1863 1074 1916 1122 et
1964 1069 2057 1137 qui

495 1154 750 1224 gaudent,
783 1160 1038 1222 tanquam
1094 1169 1200 1206 non
1234 1155 1532 1224 gaudentes
1563 1175 1576 1212 :
1611 1164 1663 1211 et
1707 1157 1798 1225 qui
1828 1167 2053 1224 emunt,

494 1256 752 1312 tanquam
786 1259 913 1298 non
975 1244 1315 1312 possidentes
1358 1265 1370 1299 :
1428 1254 1482 1301 et
1531 1249 1622 1317 qui
1680 1255 1906 1303 utuntur
1949 1249 2053 1304 hoc

469 1331 704 1394 mundo,
742 1339 998 1401 tanquam
1043 1350 1149 1389 non
1183 1337 1484 1392 abutentes.
1526 1336 1764 1393 Praeterit
1789 1343 1932 1394 enim
1971 1341 2031 1394 [ὶ-

461 1434 615 1490 ’ίειιιυε
642 1422 804 1491 hujus
825 1425 1006 1480 mundi
1029 1445 1044 1492 ;
1068 1428 1190 1481 volo
1211 1436 1390 1482 autem
1417 1444 1513 1484 vos
1533 1431 1651 1485 sine
1671 1431 2030 1485 sollicitudine

483 1527 604 1567 esse
634 1529 647 1565 :
679 1515 771 1583 qui
810 1516 928 1571 sine
959 1533 1130 1573 uxore
1169 1527 1270 1584 est,
1305 1519 1568 1574 sollicitus
1602 1531 1684 1575 est
1717 1522 1782 1576 de
1815 1523 1880 1577 iis
1911 1535 2029 1590 qua:

487 1599 702 1655 Domini
732 1614 886 1670 sunt,
907 1607 1178 1675 quomodo
1217 1609 1426 1677 placeat
1459 1609 1702 1666 Domino.
1736 1611 1840 1678 Qui
1870 1621 2049 1669 autem

484 1706 609 1746 cum
635 1709 806 1748 uxore
828 1703 934 1763 est,
971 1697 1240 1755 sollicitus
1270 1709 1353 1756 est
1391 1701 1458 1757 de
1479 1702 1568 1770 iis,
1594 1689 1718 1774 quae
1745 1713 1873 1760 sunt
1893 1722 2050 1762 mun-

2167 505 2377 576 ἔχοντες
2399 504 2765 575 γυναῖκαςώς
2797 504 2870 576 μὴ
2893 503 3104 576 ἔχοντες
3134 497 3256 566 ὦσι,
3297 505 3391 558 καὶ⁹
3430 506 3480 558 οἰ
3516 504 3727 559 κλαίονσ

2115 610 2131 632 ‘
2165 617 2255 664 τες
2285 599 2360 663 ὡς
2389 597 2461 669 μὴ
2487 597 2781 660 κλαίοντες,
2810 596 2905 650 καὶ
2927 598 2976 649 οἰ
3007 596 3292 668 χαίροντες
3317 594 3394 658 ὡς
3421 597 3493 667 μὴ
3523 595 3732 669 χαίρονι

2162 707 2272 754 τες,
2313 689 2407 743 καὶ
2437 689 2500 740 -οἰ
2545 686 2904 758 ἀγοράζοντες
2942 687 3018 750 ὡς
3055 687 3128 758 μὴ
3175 687 3513 758 κατέχοντες,
3545 689 3640 743 καί
3677 690 3728 744 οἰ

2162 781 2430 855 χρώμενοι
2471 779 2550 852 τῷ
2593 781 2781 850 κόσμῳ
2819 780 2993 850 τούτῳ
3048 778 3123 842 ὼς
3173 780 3246 852 μὴ
3293 779 3725 852 καταχρώμενοι.

2162 875 2406 946 Παράγει
2437 874 2544 944 γὰρ
2571 873 2634 926 τὸ
2679 873 2865 943 σχῆμα
2897 872 2988 926 τοῦ
3015 874 3218 945 κόσμου
3247 873 3436 927 τούτου
3455 891 3468 904 ·
3500 872 3638 929 θέλω
3666 875 3728 930 δι

2161 967 2304 1038 ὑμᾶς
2347 961 2680 1038 ἀμερίμνους
2721 963 2887 1019 εἶναι’
2919 968 2956 1019 ’ὁ
3001 965 3211 1038 ἄγαμος
3256 969 3492 1039 μεριμνᾷ
3521 967 3590 1022 τά
3629 968 3724 1022 τοῦ

2158 1060 2388 1132 Κυρίου,
2433 1059 2549 1122 πῶς
2589 1059 2761 1132 ἀρέσῃ
2807 1058 2886 1128 τῷ
2915 1059 3133 1131 Κυρίῳ·
3179 1061 3208 1111 ό
3243 1058 3300 1112 δὲ
3341 1062 3593 1132 γαμήσας
3625 1077 3725 1131 μεο

2164 1153 2327 1224 ριμνᾷ
2373 1151 2440 1205 τὰ
2487 1151 2580 1205 τοῦ
2614 1150 2839 1222 κόσμου,
2875 1150 2990 1214 πῶς
3033 1150 3203 1224 ἀρέσῃ
3242 1154 3308 1222 τῇ
3355 1153 3595 1220 γυναικὶ,
3630 1155 3726 1208 καὶ

2162 1245 2505 1314 μεμέρισται.
2551 1243 2660 1295 Καὶ
2704 1243 2736 1314 ἡ
2767 1241 2900 1314 γυνὴ
2933 1243 2965 1312 ἠ
3006 1240 3235 1310 ἄγαμος,
3264 1241 3416 1314 καὶὴ
3455 1241 3726 1314 παρθένος

2160 1334 2396 1403 μεριμνᾷ
2427 1331 2494 1385 τά
2529 1332 2621 1385 τοῦ
2650 1331 2874 1404 Κυρίου,
2911 1331 2999 1384 ἵνα
3030 1331 3198 1402 ἀρέσῃ
3229 1332 3306 1402 τῷ
3332 1332 3538 1404 Κυρίῳ,
3573 1333 3657 1386 ἵνα

2157 1425 2285 1494 ἀγία
2325 1426 2418 1478 καὶ
2445 1424 2524 1495 τῷ
2557 1423 2788 1496 σώματι,
2833 1425 2928 1478 καὶ
2957 1423 3034 1494 τῷ
3061 1423 3360 1494 πνεύματι·
3388 1426 3421 1494 ἡ
3457 1423 3514 1477 δὲ
3542 1428 3728 1497 γαμή-

2157 1534 2296 1570 σασα
2332 1517 2568 1590 μεριμνᾷ
2593 1516 2660 1569 τὰ
2689 1515 2784 1569 τοῦ
2827 1516 3052 1586 κόσμου,
3090 1515 3204 1580 πῶς
3233 1516 3404 1590 ἀρέσῃ
3435 1515 3512 1588 τῷ
3545 1517 3722 1589 ἀνδρί.

2155 1601 2324 1663 Τοῦτο
2349 1609 2406 1662 δέ
2432 1608 2568 1680 πρὸς
2597 1608 2657 1661 τὸ
2689 1606 2842 1678 ὑμῶν
2871 1605 3144 1678 συμφέρον
3166 1605 3326 1674 λέγω,
3357 1607 3454 1677 οὐχ
3480 1607 3566 1660 ἵνα
3597 1605 3726 1679 βρό-

2153 1719 2247 1773 χον
2280 1701 2406 1772 ὑμῖν
2434 1699 2726 1765 ἐπιϐάλλω,
2757 1698 2897 1752 ἀλλά
2931 1698 3065 1769 πρὸς
3098 1697 3157 1752 τὸ
3187 1697 3460 1770 εὔσχημον
3505 1699 3598 1753 καὶ
3627 1699 3722 1753 ei)-

463 1782 561 1846 -di,
597 1785 869 1854 quomodo
899 1787 1105 1856 placeat
1127 1791 1303 1857 uxori,
1327 1800 1380 1846 et
1404 1793 1610 1850 divisus
1627 1805 1731 1852 est.
1763 1796 1830 1852 Et
1857 1799 2036 1853 muliet

2154 1795 2421 1868 πάρεδρον
2477 1793 2554 1864 τῷ
2603 1792 2792 1864 Κυρίῳ
2843 1791 3282 1863 ἀπερισπάστως.
3337 1809 3356 1842 ›
3414 1789 3725 1863 Διαρρήδην

467 1872 732 1944 innupta,
764 1883 819 1931 et
852 1877 1003 1948 virgo
1032 1880 1235 1950 cogitat
1265 1897 1384 1952 quae
1428 1882 1641 1940 Domini
1676 1897 1822 1954 sunt,
1856 1899 1913 1944 ut
1936 1890 2050 1960 pla-

485 1976 602 2021 ceat
623 1965 871 2031 Domino,
892 1977 951 2022 ut
970 1970 1040 2025 sit
1062 1979 1249 2027 sancta
1271 1982 1325 2029 et
1343 1991 1572 2047 corpore
1594 1986 1648 2034 et
1667 1981 1860 2050 spiritu
1886 2001 1899 2036 :
1929 1997 2052 2053 qua:

480 2067 661 2112 autem
685 2067 849 2130 nupta
875 2069 980 2125 est,
1010 2064 1212 2133 cogitat
1238 2081 1358 2135 qua:
1388 2075 1514 2122 sunt
1538 2069 1747 2137 mundi,
1775 2074 2048 2142 quomodo

471 2147 693 2219 placeat
722 2150 857 2205 viro.
878 2149 1061 2208 Porro
1090 2153 1193 2208 hoc
1223 2155 1289 2210 ad
1322 2157 1608 2214 utilitatem
1633 2145 1871 2218 vestram
1903 2163 2045 2229 diro,

469 2249 672 2294 r-nonnt
710 2240 961 2310 laqueum
1000 2243 1154 2297 vobis
1210 2245 1447 2316 injiciam
1474 2290 1489 2314 ,
1538 2249 1630 2305 sed
1683 2250 1757 2304 ad
1809 2253 1860 2307 id
1901 2254 2046 2323 quod

470 2331 768 2387 honestum
799 2341 904 2399 est,
928 2343 979 2388 et
1001 2334 1144 2406 quod
1177 2336 1482 2395 facultatem
1512 2342 1767 2411 praabeat,
1799 2345 1915 2400 sine
1943 2347 2045 2400 im-

475 2424 788 2492 pedimento
815 2425 1096 2482 Dominum
1129 2430 1452 2485 ohsecrandi
1494 2433 1554 2487 ⁸³.
1595 2453 1612 2485 ι
1658 2433 1840 2488 Palam
1881 2436 2080 2507 igitur.

476 2517 530 2570 in
561 2515 645 2571 his
676 2533 1047 2581 causam,.cur
1073 2537 1105 2575 a
1135 2523 1340 2592 nuptiis
1391 2524 1462 2577 sit
1506 2524 1886 2580 abstinendum
1915 2544 2041 2598 pro-

473 2608 671 2676 ponit,
721 2610 810 2664 ubi
870 2620 1170 2681 temporum
1234 2629 1524 2684 rerumque
1562 2617 1904 2675 extrinsecus
1956 2622 2040 2676 in-

473 2701 782 2770 gruentium
815 2703 1162 2759 stoliditatem
1205 2707 1592 2776 reprehendit:
1625 2725 1857 2780 quorum
1903 2714 2038 2769 nihil

471 2791 668 2860 priscis
695 2792 801 2847 illis
839 2793 1141 2849 accidebat.
1178 2797 1257 2850 Ad
1289 2797 1423 2864 haec,
1463 2800 1624 2854 tertia
1655 2817 1872 2875 quoque
1889 2806 2037 2861 ratio

472 2881 691 2952 adjungi
717 2885 924 2953 potest,
952 2893 1173 2956 propter
1203 2903 1367 2958 quam
1390 2897 1605 2946 veteres
1630 2892 1706 2947 illi
1742 2895 1832 2950 Dei
1867 2897 2040 2952 culto-

470 2988 580 3040 res,
611 2973 665 3027 in
697 2976 1069 3044 procreatione
1094 2978 1385 3033 liberorum
1415 2981 1704 3049 plurimum
1735 2986 1898 3042 studii
1924 2989 2037 3043 col-

469 3065 732 3120 locarent.
761 3064 894 3120 Cum
920 3068 1112 3138 reliqui
1147 3069 1392 3127 homines
1433 3071 1488 3128 in
1522 3089 1732 3130 morum
1765 3083 2036 3148 perversi-

2154 1882 2284 1951 γοῦν
2313 1885 2368 1935 ἐν
2388 1881 2594 1946 τούτοις
2619 1881 2679 1935 τὸ
2703 1879 2874 1934 αἴτιον
2899 1878 2998 1950 τῆς
3024 1880 3235 1950 ἀποχῆς
3267 1879 3359 1934 τοῦ
3382 1881 3558 1951 γάμου
3577 1899 3722 1953 παρα

2159 1973 2357 2044 ίστησι,
2399 1974 2498 2046 τὴν
2543 1973 2652 2027 τῶν
2679 1972 2906 2045 καιρῶν,
2957 1973 3048 2027 καὶ
3070 1972 3178 2026 τῶν
3200 1972 3355 2036 ἐκτὸς
3381 1973 3723 2044 πραγμάτων

2155 2061 2471 2134 ἀϐελτερίαν
2511 2063 2984 2135 ἐπιμεμψάμενος,
3013 2056 3088 2119 ὧν
3125 2063 3274 2116 οὐδὲν
3318 2066 3428 2126 τοῖς
3472 2063 3723 2128 παλαιοῖς

2155 2154 2508 2225 προσέπιπτε.
2533 2157 2646 2210 Καὶ
2678 2156 2859 2226 τρίτος
2899 2155 2942 2208 δ’
2967 2155 3033 2209 ἂν
3053 2155 3135 2226 εἴη
3167 2154 3316 2225 παρά
3341 2155 3512 2210 ταῦτα
3540 2155 3719 2223 λόγος,

2152 2245 2274 2298 καθ’
2300 2245 2358 2298 ὃν
2384 2248 2432 2300 οἰ
2449 2246 2613 2300 πάλαι
2639 2246 2900 2314 θεοφιλεῖς
2922 2247 3259 2309 παιδοποιίας
3291 2246 3544 2317 πλείστην
3569 2249 3721 2300 ἐποιο

2150 2337 2304 2391 οὖντο
2359 2338 2612 2409 σπουδήν.
2647 2337 2767 2390 Τῶν
2793 2337 2992 2390 λοιπῶν
3019 2337 3316 2408 ἀνθρώπων
3343 2337 3422 2398 εἰς
3452 2353 3686 2406 κακοτρο

2150 2430 2280 2483 πίαν
2328 2429 2637 2494 ἐπιδόντων,
2685 2430 2765 2492 εἰς
2808 2428 3076 2499 ἀνήμερόν
3112 2441 3173 2481 τε
3219 2430 3311 2481 καὶ
3349 2427 3716 2500 ἀπάνθρωπον

2147 2525 2239 2578 καὶ
2272 2523 2506 2595 θηριώδη
2535 2521 2648 2594 βίον
2670 2522 3161 2587 ἀποπεπτωκότων,
3189 2521 3267 2586 εἰς
3294 2540 3354 2576 τε
3385 2522 3552 2593 ἀσεϐῆ
3579 2538 3716 2578 παν-

2145 2619 2312 2684 τελῶς
2366 2622 2458 2675 καὶ
2503 2620 2658 2676 ἄθεον
2715 2618 2912 2691 τρόπον
2964 2615 3438 2686 ἀπωλισθηκότων,
3493 2613 3716 2686 βραχεῖς

2147 2711 2352 2783 σφόδρα
2389 2712 2482 2766 καὶ
2525 2709 2743 2784 ἀριθμῷ
2773 2708 2966 2781 ληπτοὶ
2995 2707 3429 2779 περιλειπόμενοι
3459 2707 3600 2761 κατὰ
3641 2707 3716 2763 τὰ

2144 2801 2378 2875 πρόσθεν
2410 2806 2542 2875 ἡμῖν
2570 2801 2834 2874 εἰρημένα
2872 2799 2968 2854 τοῦ
2992 2798 3100 2852 τῶν
3125 2797 3333 2853 πολλῶν
3358 2797 3716 2863 ὑπεξίσταντο

2146 2896 2281 2968 βίου,
2319 2897 2412 2950 καὶ
2437 2895 2536 2965 τῆς
2571 2895 2754 2962 κοινῆς
2780 2891 2886 2945 τῶν
2917 2891 3117 2945 λοιπῶν
3156 2890 3456 2962 ἀνθρώπων
3485 2907 3714 2942 συναναο

2145 2987 2400 3060 στροφῆς.
2454 2985 2888 3057 Κεχωρισμένως
2922 2983 2965 3036 δ’
3013 2979 3106 3038 οὖν
3155 2982 3263 3036 τῶν
3305 2981 3476 3034 ἄλλων
3516 2980 3712 3046 ἐθνῶν,

2143 3077 2238 3131 καὶ
2274 3075 2414 3131 κατά
2450 3075 2617 3147 μόνας
2660 3075 2918 3146 βιοῦντες,
2954 3072 3224 3126 πολιτείαν
3257 3070 3432 3142 ξένην,
3463 3071 3558 3124 καί⁵
3593 3071 3712 3141 βίον

462 3165 576 3213 «ιιιιο
607 3160 783 3230 majus
813 3159 868 3214 in
905 3163 1021 3217 dies
1056 3163 1448 3220 incrementum
1482 3169 1843 3240 accepissent,
1873 3181 2036 3246 atque

2143 3169 2450 3240 φιλόσοφον,
2484 3167 2576 3221 καὶ
2618 3166 2693 3231 ὼς
2724 3165 2940 3236 ἀληθῶς
2979 3163 3223 3235 θεοσεϐῆ,
3257 3163 3351 3217 καί
3385 3165 3498 3227 τοῖς
3529 3161 3711 3227 ἄλλοις

461 3251 524 3305 in
556 3251 870 3320 immanem,
904 3254 1009 3324 32
1041 3262 1094 3310 et
1129 3255 1197 3309 ab
1224 3257 1373 3310 omni
1413 3258 1750 3318 humanitate
1782 3265 2033 3333 alienam,

465 3350 520 3398 et
542 3345 700 3415 plane
732 3345 958 3400 ferinam
995 3348 1156 3401 vitam
1195 3349 1392 3420 relapsi
1423 3361 1626 3420 essent,
1648 3363 1702 3410 et
1728 3355 1780 3410 in
1812 3357 2033 3429 impium

465 3452 712 3508 prorsus,
741 3439 1000 3508 omnique
1027 3440 1272 3510 religioni
1311 3443 1588 3498 inimicum
1618 3463 1844 3514 morem,
1879 3450 2036 3506 facile

462 3532 803 3587 corruissent
830 3551 843 3586 :
881 3531 1036 3586 valde
1061 3534 1242 3602 pauci,
1264 3542 1318 3588 et
1350 3533 1506 3590 facile
1531 3541 1918 3606 numerabiles,
1939 3545 2032 3614 qui

463 3634 802 3695 supererant,
845 3641 908 3681 ea
937 3634 1241 3690 sectantes,
1277 3643 1398 3697 qua:
1443 3630 1592 3698 prius
1621 3646 1652 3684 a
1683 3635 1841 3689 nobis
1890 3637 2033 3691 dicta

463 3723 613 3779 sunt,
641 3731 669 3770 a
718 3717 1011 3770 multorum
1043 3718 1437 3774 consuetudine
1465 3729 1518 3774 et
1547 3735 1577 3774 a
1607 3726 1876 3779 communi
1909 3741 2032 3782 cum

459 3809 686 3879 reliquis
714 3809 1028 3864 hominibus
1055 3810 1234 3876 victu,
1268 3827 1326 3868 se
1359 3815 1702 3870 amovcbant.
1736 3815 1902 3871 Porro
1929 3833 2030 3873 au-

462 3912 567 3956 tem
605 3917 729 3955 cum
759 3916 1005 3957 seorsum
1049 3903 1118 3957 ab
1157 3903 1278 3959 aliis
1308 3906 1560 3974 gentibus
1588 3947 1602 3971 ,
1661 3907 2031 3981 singularique

460 4009 612 4049 more
644 3995 907 4060 viverent,
933 4009 1126 4060 novam
1167 3997 1447 4067 quandam
1501 3996 1830 4070 Reipublicae
1865 4003 2031 4058 ratio-

459 4102 604 4151 nem,
639 4091 912 4156 vitamque
942 4086 1238 4142 studiosam
1263 4090 1562 4160 sapientia,
1591 4109 1825 4165 vereque
1856 4096 2028 4166 ipsius

463 4178 552 4233 Dei
576 4178 882 4239 cultricem,
909 4184 961 4231 et
983 4178 1208 4247 reliquis
1229 4179 1541 4238 hominibus
1567 4183 2024 4254 impermiscuam,

460 4267 832 4322 instituerunt.
872 4265 941 4320 Ut
973 4269 1136 4338 igitur
1162 4272 1395 4339 posteris
1418 4288 1634 4344 quoque
1664 4275 1879 4330 illorum
1909 4293 2029 4347 pro-

459 4357 591 4426 priae
617 4358 918 4424 religionis,
937 4365 1188 4428 tanquam
1215 4361 1451 4416 scintilla
1467 4365 1710 4434 quaedam
1733 4370 2025 4439 reparandi

457 4448 620 4518 ignis,
655 4447 729 4500 ita
760 4447 978 4517 aliquod
1011 4465 1192 4505 semen
1226 4463 1552 4521 servaretur,
1577 4473 1752 4528 neque
1773 4477 1880 4515 una
1897 4477 2020 4525 cum

2136 3259 2446 3332 ἀνθρώποις
2477 3257 2830 3328 ἀνεπίμικτον
2855 3255 3188 3309 συνίσταντο.
3221 3254 3315 3308 ’Ἰν’
3341 3249 3433 3308 οὖν
3467 3253 3560 3308 καί
3592 3255 3710 3317 τοῖς

2140 3354 2435 3426 μετέπειτα
2461 3352 2559 3424 τῆς
2583 3351 2788 3414 οἰκείας
2817 3348 3122 3412 θεοσεϐείας
3156 3345 3404 3420 ζώπυρόν
3436 3345 3495 3411 ἐξ
3525 3346 3710 3402 αὐτῶν

2137 3447 2360 3518 σπέρμα
2397 3444 2735 3515 φυλάττοιτο,
2785 3441 2905 3513 μηδ’
2929 3441 3138 3496 ἐκλίποι
3166 3439 3262 3509 καί
3305 3439 3556 3494 ἀπόλοιτο
3587 3438 3709 3510 ἅμα

2134 3543 2201 3613 τῇ
2233 3538 2342 3592 τῶν
2384 3535 2593 3608 ἀνδρῶν
2637 3534 2859 3605 τελευτῇ
2899 3532 2967 3587 τὰ
3000 3532 3102 3603 τῆς
3149 3533 3269 3587 κατ’
3310 3531 3506 3595 αὐτοὺς
3551 3531 3708 3584 5’26:-

2133 3634 2306 3699 ϐείας,
2341 3632 2566 3694 εἰκότως
2609 3628 2950 3691 παιδοποιίας
2987 3627 3082 3680 καί
3129 3624 3515 3696 παιδοτροφίας
3563 3623 3704 3695 πρόδ

2132 3737 2282 3774 νοιαν
2307 3719 2545 3788 εἰσῆγον,
2573 3717 2650 3782 ὼς
2686 3717 2752 3772 ἂν
2781 3715 3086 3770 διδάσκαλοι
3125 3715 3218 3768 καὶ
3261 3713 3566 3785 καθηγηταί
3609 3713 3704 3782 γέ-

2131 3831 2302 3869 νοιντο
2344 3812 2452 3867 τῶν
2500 3810 2640 3865 ἰδίων
2689 3810 2910 3873 παίδων,
2959 3809 3232 3879 διαδόχους
3277 3807 3558 3870 εὐσεϐείας
3606 3805 3706 3858 καὶ

2131 3905 2228 3976 τῆς
2253 3903 2458 3966 οἰκείας
2497 3901 2700 3974 ἀρετῆς
2737 3899 3100 3970 κληρονόμους
3133 3902 3244 3962 τοίς
3275 3897 3564 3969 μετέπειτα
3594 3913 3704 3949 κα-

2129 3995 2372 4049 ταλιπεῖν
2413 3995 2696 4048 σπουδαῖον
2744 3988 2882 4046 εἶναι
2930 3991 3238 4062 ἡγούμενοι.
3272 3990 3460 4044 Ἔνθεν
3507 3988 3698 4059 μυρίοι

2130 4085 2424 4157 προφῆται,
2459 4086 2553 4138 καὶ
2593 4083 2788 4138 δίκαιοι
2822 4083 3032 4154 ἀνδρες,
3063 4081 3224 4146 αὐτός
3252 4080 3299 4135 θ’
3330 4084 3357 4135 ό
3385 4079 3575 4152 Σωτὴρ
3600 4079 3700 4134 καὶ

2129 4177 2333 4249 Κύριος
2378 4175 2553 4248 ἡμῶν,
2587 4175 2641 4228 οῖ
2670 4191 2731 4228 τε
2771 4173 2958 4228 τούτου
2995 4171 3233 4244 μαθηταί
3279 4172 3374 4226 καὶ
3409 4170 3699 4225 ἀπόστολοι

2128 4271 2191 4324 ἐκ
2216 4269 2313 4340 τῆς
2346 4267 2520 4322 αὐτῶν
2547 4265 2766 4337 διδαχῆς
2797 4265 3220 4336 ἀναπεφήνασιν.
3251 4264 3316 4316 Εἰ
3339 4263 3395 4317 δέ
3428 4279 3573 4328 τινες
3596 4265 3700 4318 »καὶ

2127 4360 2318 4431 φαῦλοι
2360 4358 2626 4432 προῆλθον
2659 4359 2717 4426 ἐξ
2768 4357 2966 4420 αὐτῶν,
3007 4357 3082 4421 ὡς
3116 4357 3231 4428 ἅμα
3269 4356 3400 4426 σίτῳ
3443 4355 3698 4428 καλάμης

2127 4451 2480 4524 ὑποφυείσης,
2520 4451 2632 4506 ἀλλ’
2671 4451 2822 4506 οῠπω
2863 4453 2987 4515 τοὺς
3030 4449 3356 4520 σπείραντας
3401 4449 3697 4517 αἰτιατέον,

453 4538 696 4608 ipsorum
723 4539 955 4593 decessu
983 4541 1224 4611 ipsorum
1253 4545 1429 4614 pietas
1461 4525 1733 4617 deﬁceret,
1755 4561 1916 4624 atque
1947 4556 2025 4610 in-

2140 4546 2244 4600 ιὺδὲ
2269 4547 2395 4610 τοὺς
2432 4544 2906 4617 ἀναθρεψαμένους
2928 4559 2941 4574 ·
2979 4542 3100 4596 ἐπεὶ
3136 4541 3228 4594 καί
3255 4539 3362 4594 τῶν
3389 4537 3482 4592 τοῦ
3510 4540 3697 4611 Σωτῆ-

447 4633 662 4698 μιεινὶνει,
698 4633 894 4689 merito
924 4641 978 4689 et
1005 4637 1330 4707 generanda:
1375 4649 1429 4694 et
1467 4641 1672 4698 alendae
1699 4645 1902 4701 sobolis
1921 4661 2023 4702 cu-

453 4739 568 4779 ram
601 4725 979 4793 introduxere,
1025 4736 1082 4782 nt
1144 4731 1224 4785 sic
1281 4731 1535 4789 doctores
1567 4745 1728 4806 atque
1773 4740 2022 4810 magistri

448 4817 795 4886 propriorum
829 4817 1120 4874 liberorum
1149 4824 1516 4881 exsisterent:
1565 4828 1764 4898 quippe
1793 4831 1883 4901 qui
1920 4847 2017 4901 νοο-

445 4910 997 4989 sterissuccessores
1023 4916 1266 4982 pietatis,
1296 4919 1636 4990 propriaeque
1660 4922 1878 4978 virtutis
1911 4925 2020 4980 hae-

447 5003 608 5057 redes
636 5003 942 5072 relinquere
962 5047 975 5070 ,
1023 5006 1313 5075 pulchrum
1359 5018 1524 5079 atque
1557 5011 1842 5068 honestum
1867 5014 2017 5084 judi-

443 5100 657 5149 carent.
686 5093 825 5148 Hinc
858 5110 989 5150 sane
1032 5099 1313 5168 propheta:
1353 5099 1796 5169 innumerabiles,
1835 5114 1886 5160 et
1913 5106 2017 5160 viri

403 5195 412 5205 λ’
443 5185 576 5254 justi
605 5205 617 5241 :
647 5186 781 5256 quin
814 5186 929 5256 ipse
977 5205 1194 5260 quoque
1223 5191 1472 5247 Salvator
1514 5209 1578 5248 ac
1627 5194 1891 5252 Dominus
1919 5214 2017 5252 no-

447 5288 581 5342 ster,
604 5279 832 5350 ejusque
879 5279 1130 5352 discipuli
1164 5291 1326 5354 atque
1377 5287 1640 5356 apostoli,
1684 5288 1753 5344 ab
1798 5290 2014 5346 illorum

447 5367 735 5439 disciplina
767 5369 996 5440 profecti
1034 5380 1179 5428 sunt.
1221 5374 1375 5439 Quod
1429 5377 1474 5431 si
1504 5377 1788 5446 quietiam
1829 5379 2012 5436 vitiosi

448 5460 517 5514 ab
547 5460 735 5516 iisdem
769 5463 1279 5535 prodicrunt,quasi
1304 5468 1468 5537 palea:
1497 5469 1660 5524 simul
1684 5486 1807 5526 cum
1830 5473 2013 5528 tritico

444 5549 861 5616 subnascentcs,
897 5565 1007 5606 non
1051 5552 1120 5606 ob
1159 5553 1210 5607 id
1255 5562 1434 5611 tamen
1483 5555 1739 5627 culpandi
1779 5558 1872 5629 qui
1922 5573 2014 5630 ge-

527 5765 531 5770 -
592 5729 616 5782 ῐ
658 5727 785 5782 Cor.
824 5744 938 5795 vn,
969 5729 1160 5790 29-55.

2127 4657 2217 4712 ρος
2253 4638 2506 4711 μαθητῶν
2540 4639 2696 4710 ἰσμεν
2725 4637 2876 4700 τινάς
2916 4635 2973 4703 ἐξ
3019 4634 3368 4698 αὐτεξουσίου
3415 4650 3694 4705 παρατρο-

2121 4732 2232 4804 πῆς
2260 4731 2694 4801 άποσφαλέντας.
2735 4730 2800 4784 Ἠ
2829 4728 2926 4800 μέν
2955 4723 3048 4781 οὗν
3083 4726 3228 4780 αἰτία
3257 4725 3356 4796 τῆς
3384 4724 3490 4778 τῶν
3525 4724 3694 4778 πάλαι

2123 4823 2385 4893 θεοφιλῶν
2433 4822 2642 4894 ἀνδρῶν
2672 4820 3009 4883 παιδοποιίας
3053 4818 3353 4890 ἀνείρηται,
3395 4819 3460 4888 ἢν
3508 4816 3694 4870 οὐκέτι

2117 4916 2204 4987 ἐφ’
2238 4917 2393 4988 ἡμῶν
2440 4915 2622 4988 χώραν
2651 4915 2766 4986 ἔχει
2801 4913 2979 4982 λέγειν
3001 4927 3016 4942 θ
3060 4912 3148 4965 ὅτε
3195 4912 3290 4965 σὺν
3321 4909 3439 4980 Θεῷ
3466 4909 3554 4964 διὰ
3591 4908 3690 4978 τῆς

2117 5009 2209 5065 τοῦ
2260 5010 2509 5082 Σωτῆρος
2544 5009 2698 5080 ἡμῶν
2737 5005 3093 5076 εὐαγγελικῆς
3123 5002 3467 5066 διδασκαλίας
3516 5000 3688 5072 μυρία

2117 5101 2266 5173 ἔθνη,
2311 5102 2404 5154 καί
2451 5100 2629 5166 λαοὺς,
2683 5100 2826 5154 κατά
2871 5117 2931 5153 τε
2981 5098 3164 5161 πόλεις
3205 5097 3300 5151 καὶ
3348 5095 3549 5168 χώρας,
3593 5094 3690 5148 καὶ

2119 5194 2321 5266 ἀγροὺς
2369 5196 2630 5266 πάρεστιν
2680 5195 2811 5265 ἡμῖν
2859 5192 3156 5264 ὀφθαλμοῖς
3210 5192 3342 5263 ὁρᾷν
3391 5187 3689 5242 σπεύδοντα

2122 5287 2261 5340 κατά
2298 5286 2359 5340 τὸ
2389 5287 2539 5350 αὐτὸ,
2570 5286 2665 5340 καὶ
2710 5285 3069 5357 συντρέχοντα
3111 5284 3205 5338 ἐπὶ
3242 5285 3341 5354 τὴν
3385 5279 3527 5336 κατά
3556 5277 3688 5332 Θεὸν

2125 5374 2356 5447 μάθησιν
2377 5377 2476 5446 τῆς
2514 5375 2870 5447 εὐαγγελικῆς
2895 5374 3238 5438 διδασκαλίας
3261 5391 3274 5404 ·
3306 5366 3384 5436 οἷς
3407 5367 3688 5441 ἀγαπητὸν

2119 5467 2379 5523 δύνασθαι
2408 5467 2656 5540 ἐξαρκεῖν
2679 5471 2804 5532 τοὺς
2827 5467 3172 5531 διδασκάλους
3197 5467 3292 5522 καὶ
3320 5467 3565 5536 κήρυκας
3591 5460 3683 5518 τοῦ

2119 5558 2218 5630 τῆς
2265 5557 2571 5622 θεοσεϐείας
2616 5559 2795 5628 λόγου,
2845 5559 3059 5614 πάντων
3103 5556 3331 5612 ἀπολελυ
3339 5555 3532 5626 μένους
3573 5550 3684 5606 τῶν
