4068 6206
402 199 468 258 81
1242 193 1890 254 ΒΕΜΟΝΞἸῘΒἉΤΙΟΝΙΞ
1927 191 2385 249 ΕἾΑΝΕΕΠΟᾹΞ
2423 191 2551 248 LIB.
2578 191 2621 246 ἰ.
3565 192 3633 246 8?.

401 312 496 369 τού
533 307 654 384 βίου
685 310 927 382 δεσμῶν,
963 309 1182 365 καὶτῶν
1211 309 1967 384 πολυμερίμνωνφροντίδων.

2072 311 2325 374 nuerint,
2368 317 2462 372 aut
2491 307 2584 377 qui
2614 305 2936 360 eunti-ierint
2963 321 2976 359 :
3008 303 3223 374 quando
3256 311 3418 360 etiam
3450 305 3517 362 de
3546 308 3633 360 di-

403 404 654 460 Μάλιστα
682 401 730 456 δ’
765 399 861 456 οὖν
902 402 1106 466 τούτοις
1147 403 1458 472 ἀναγκαίως
1505 403 1574 458 τὰ
1613 403 1712 459 νῦν
1751 405 1840 458 διά
1868 404 1966 476 τὴν

403 497 532 568 περὶ
570 495 642 548 τά
685 494 920 566 κρείττω
963 492 1152 566 σχολὴν
1194 497 1227 566 ἡ
1259 495 1366 549 τῶν
1405 495 1596 566 γάμων
1623 494 1970 578 ἀναχώρησις

403 591 784 655 σπουδάζεται,
819 586 914 642 ἃτε
954 588 1080 656 περί⁹
1107 586 1205 659 τὴν
1244 586 1422 641 ἔνθεον
1458 589 1550 642 καὶ
1576 588 1812 660 άσαρκον
1843 606 1972 642 παι-

399 683 648 739 δοποιίαν
681 679 1110 752 ἀσχολουμένοις,
1143 679 1241 750 οὐχ
1272 679 1390 742 ὲνδς
1417 680 1535 734 οὐδὲ
1567 679 1709 732 δυεῖν
1743 679 1971 744 παίδων,

403 776 519 830 ἀλλ’
545 777 614 830 ἀθ
623 775 754 846 ρόως
777 772 965 844 μυρίου
986 772 1220 842 πλήθους
1233 771 1330 844 τὴν
1350 771 1855 853 παιδοτροφίαν,κα“ί
1875 773 1994 845 τὴν.

410 867 562 922 κατά
590 867 719 920 Θεὸν
747 865 1037 928 παίδευσιν,
1066 864 1163 934 τῆς
1197 881 1257 916 τε
1299 865 1461 936 ἄλλης
1494 867 1713 938 ἀγωγῆς
1727 865 1830 920 τοῦ
1857 866 1970 936 βίου

411 961 517 1034 τὴν
557 959 853 1030 ἐπιμέλειαν
889 958 1343 1028 ἀναδεδεγμένοις.
1377 957 1501 1012 Ἐπὶ
1527 958 1736 1022 τούτοις
1769 957 1971 1012 ἅπασιν

419 1052 576 1116 εἴτις
601 1049 835 1122 ἀκριϐῶς
862 1048 1101 1116 ἐξετάζοι
1121 1051 1243 1112 τοὺς
1257 1049 1364 1102 τῶν
1391 1048 1632 1104 παλαιῶν
1655 1048 1820 1120 βίους,
1843 1050 1972 1122 περὶ

419 1138 492 1196 ὧν
511 1145 593 1197 τὸν
607 1143 758 1212 λόγον
784 1141 1102 1211 ποιούμεθα,
1116 1142 1262 1216 γνῴη
1278 1144 1342 1198 ἂν
1365 1145 1558 1208 αὐτοὺς
1583 1146 1638 1196 ὲν
1656 1146 1849 1216 ἀρχαῖς
1873 1144 1972 1214 μὲν

412 1237 508 1310 τῇς
539 1235 750 1305 ἡλικίας
781 1235 1314 1306 παιδοποιουμένους,
1343 1236 1534 1289 θᾶττον
1551 1236 1608 1289 δὲ
1639 1237 1971 1306 ἀνασχόντας

410 1325 502 1375 καὶ
539 1325 1046 1395 ἀποπεπαυμένους.
1093 1327 1403 1398 Γέγραπται
1443 1327 1554 1398 γάρ
1593 1327 1674 1402 ὅτι
1721 1347 1740 1377 ι
1763 1325 1970 1397 Εὐηρὲ-

406 1429 602 1484 στησεν
642 1415 810 1486 Ἑνὼχ
848 1416 926 1488 τῷ
975 1417 1113 1490 Θεῷ,
1162 1419 1298 1490 μετά
1337 1418 1399 1472 τὸ
1435 1417 1692 1489 γεννῆσαι
1733 1417 1822 1471 τὸν
1852 1419 1973 1472 Μα-

407 1505 659 1570 θουσάλα,
695 1527 714 1560 ι
758 1508 1000 1579 ἀκριϐῶς
1023 1508 1166 1564 οὕτω
1200 1511 1294 1583 τῆς
1322 1509 1540 1580 Γραφῆς
1585 1501 1722 1580 μετά
1756 1509 1847 1562 τὸν
1877 1508 1969 1562 τοῦ

407 1601 595 1666 παιδὸς
633 1602 884 1672 γέννησιν
926 1603 1349 1674 εὐηρεστηκέναι
1387 1602 1464 1674 τῷ
1495 1602 1615 1674 Θεῷ
1656 1603 1745 1656 τὸν
1781 1602 2007 1674 δηλούι’

2075 403 2298 472 scipulis
2333 399 2628 455 Salvatoris
2653 399 2865 468 aliquos
2890 397 3140 454 novimus
3168 395 3416 452 libertate
3443 399 3635 453 volun-

2071 495 2200 548 tatis
2239 507 2480 556 aversos,
2528 505 2560 542 a
2604 496 2753 543 recto
2785 488 3091 544 aberrasse.
3129 487 3309 542 Causa
3357 489 3522 558 igitur
3563 491 3635 545 ob

2073 599 2248 653 quam.
2268 583 2366 638 viri
2398 580 2570 636 sancti
2627 579 2821 650 priscis
2876 578 3210 648 temporibus
3261 594 3456 650 magno
3508 594 3634 633 cum

2072 675 2254 729 studio
2299 675 2498 728 liberos
2546 670 2916 740 susciperent,
2951 670 3162 725 reddita
3193 680 3322 726 est:
3363 687 3484 742 qua
3524 689 3634 728 non

2072 767 2305 836 amplius
2339 767 2394 820 in
2420 765 2576 820 nobis
2605 764 2785 819 locum
2820 763 3018 817 habere
3047 762 3278 817 dicenda
3301 771 3403 819 est.
3427 764 3636 834 Quippe

2072 874 2196 912 cum
2216 900 2230 923 ,
2261 859 2370 911 Deo
2402 857 2634 919 favente,
2665 871 2757 926 per
2792 855 3158 925 evangelicam
3197 853 3498 911 Salvatoris
3534 872 3634 909 no-

2073 951 2175 1008 stri
2218 949 2544 1015 doctrinam,
2580 947 3003 1004 innumerabiles
3041 955 3230 1018 gentes
3255 989 3270 1012 ,
3301 954 3355 1002 ct
3385 948 3634 1018 populos.

2073 1042 2129 1096 in
2160 1041 2408 1102 urbibus.
2439 1048 2493 1094 et
2525 1037 2858 1109 regionibus.
2879 1046 2934 1092 et
2963 1038 3110 1108 agris
3137 1037 3299 1093 liceat
3329 1039 3489 1094 nobis
3513 1053 3640 1093 ocu-

2073 1133 2140 1188 lis
2163 1133 2396 1196 intueri,
2428 1130 2618 1187 eodem
2654 1130 2836 1184 animo
2867 1129 3218 1196 festinantes,
3258 1136 3312 1184 et
3351 1129 3416 1184 ad
3448 1139 3639 1184 sancta

2071 1227 2401 1296 evangelicae
2427 1223 2690 1279 doctrina;
2709 1230 2974 1295 praecepta
2999 1231 3409 1284 concurrentes,
3437 1223 3642 1292 quibus

2071 1317 2292 1388 quidem
2315 1316 2450 1372 satis
2475 1331 2748 1386 superque
2785 1315 2887 1378 sit,
2931 1315 2974 1368 si
3005 1313 3260 1368 doctores
3287 1328 3351 1368 ac
3383 1313 3643 1383 praedica-

2070 1420 2221 1468 tores
2275 1409 2442 1464 divini
2471 1409 2619 1463 verbi
2649 1409 2904 1464 omnibus
2963 1418 3016 1463 et
3062 1407 3190 1462 vitae
3239 1408 3475 1462 vinculis
3505 1449 3520 1474 ,
3585 1417 3641 1462 et

2072 1501 2533 1576 sollicitudinibus
2597 1502 2853 1564 liberati.
2927 1499 3139 1570 possint
3194 1497 3461 1554 suﬂicere.
3544 1497 3640 1554 llis

2073 1605 2253 1651 autem
2300 1596 2435 1666 ipsis
2490 1593 2728 1650 maxime
2804 1593 2861 1648 in
2928 1591 3257 1663 praesentia,
3321 1602 3383 1644 ut
3445 1591 3638 1645 melio-

406 1693 919 1766 μενονίστορούσης,
953 1696 1045 1748 καὶ
1072 1695 1257 1750 οὐκέτι
1281 1697 1338 1762 ἐξ
1365 1696 1571 1749 ἐκείνου
1602 1697 1795 1759 παῖδας
1820 1696 1968 1768 αύτῷ

2068 1685 2221 1743 ribus
2272 1686 2468 1742 studiis
2503 1693 2696 1740 vacent
2733 1683 2961 1740 liberius
2987 1724 3002 1748 ,
3052 1682 3387 1751 sejunctusa
3414 1696 3472 1736 re
3506 1697 3640 1734 nixo-

401 1783 653 1851 γενέσθαι
705 1785 1102 1857 μαρτυρούσης.
1136 1787 1248 1840 Καὶ
1287 1785 1408 1839 Νῶε
1455 1786 1539 1851 δὲ,
1579 1786 1860 1858 ἄνθρωπος
1891 1787 1971 1840 δίέ-

401 1889 557 1937 καιος
576 1915 592 1938 ,
630 1874 766 1945 μετὰ
797 1875 904 1946 τὴν.
929 1876 1036 1928 τῶν
1063 1875 1267 1929 παίδων
1294 1875 1502 1942 γένεσιν
1535 1879 1691 1946 μόνος
1732 1877 1827 1930 σὺν
1858 1878 1972 1938 τοῖς

395 1965 624 2028 οἰκείοις
665 1966 723 2019 ὲν
755 1969 820 2036 τῇ
863 1965 970 2020 τῶν
1010 1967 1102 2020 ἐπὶ
1145 1967 1244 2037 γῆς
1289 1968 1536 2022 ἁπάντων
1564 1966 1738 2038 φθορᾷ
1771 1967 1970 2020 διασω-

396 2055 554 2120 θεὶς,
593 2057 861 2121 πλείστοις
905 2058 1042 2128 μετά
1077 2056 1250 2111 ταῦτα
1293 2056 1533 2121 ἐπιϐιοὺς
1574 2057 1770 2124 ἐτεσιν,
1813 2056 1969 2109 οὐδα-

401 2147 526 2218 μῶς
567 2150 849 2218 είσάγεται
883 2149 1078 2211 παῖδας
1118 2147 1475 2218 κτησάμενος.
1527 2149 1757 2218 Λέγεται
1795 2149 1850 2202 δὲ
1879 2147 1970 2203 καὶ

399 2239 431 2290 ό
478 2239 695 2306 Ἰσαάκ,
749 2243 814 2294 ἐκ
861 2241 989 2310 μιᾶς
1013 2238 1259 2310 γαμετῆς
1303 2238 1519 2310 διδύμου
1577 2241 1744 2311 γονῆς
1790 2242 1976 2314 πατὴρ.

403 2323 663 2390 γεγονὼς,
723 2326 880 2397 μέχρι
922 2326 1111 2378 τούτου
1159 2326 1351 2396 στῆσαι
1397 2327 1495 2398 τὴν
1543 2328 1679 2400 πρὸς
1723 2331 1969 2402 γαμετὴν

400 2414 635 2484 ὁμιλίαν.
673 2419 783 2470 Kal.
825 2419 854 2471 ὁ
885 2417 1106 2488 Ἰωσὴφ,
1145 2419 1239 2471 καὶ
1281 2417 1454 2472 ταῦτα
1494 2421 1624 2492 παρ’
1653 2422 1969 2491 Αἰγυπτίοις

401 2507 500 2570 τάς
537 2507 814 2580 διατριϐάς
860 2510 1262 2581 πεποιημένος,
1309 2511 1370 2563 ού
1409 2511 1574 2566 πλείω
1622 2513 1713 2566 δύο
1764 2516 1966 2571 παίδων

403 2598 635 2670 κατέστη
669 2602 871 2673 πατὴρ,
898 2603 1027 2672 μίαν
1059 2602 1156 2674 τὴν
1187 2601 1390 2656 τούτων
1423 2605 1636 2677 μητέρα
1678 2608 1963 2679 ἀγόμενος.

403 2691 512 2745 Καὶ
552 2693 712 2756 αύτός
741 2711 804 2763 γε
830 2695 1070 2766 Μωῦσῆς
1106 2697 1134 2748 ὃ
1164 2713 1224 2750 τε
1257 2697 1450 2751 τούτου
1493 2697 1718 2768 ἀδελφὸς
1757 2700 1967 2771 ’Δαρὼν

401 2783 507 2854 πρὸ
538 2784 635 2854 μὲν
664 2786 761 2856 τῆς
791 2785 883 2838 τοῦ
913 2784 1046 2839 Θεοῦ
1082 2788 1396 2857 ἐπιφανείας
1425 2789 1760 2862 ἱστοροῦνται
1783 2792 1968 2847 παιδο-

402 2879 791 2950 πεποιημένοι·
828 2879 964 2950 μετά
1009 2880 1065 2933 δὲ
1094 2881 1218 2944 τοὺς
1267 2881 1442 2946 θείους
1469 2884 1747 2954 χρησμοὺς
1786 2885 1966 2940 οὐκέτι

400 2970 547 3026 ἔστιν
592 2971 776 3034 αὐτοῖς
820 2972 1016 3036 παῖδας
1049 2973 1229 3043 εὑρεῖν
1261 2974 1707 3045 γεγεννημένους.
1753 2975 1818 3029 Τί
1863 2978 1966 3050 χρὴ

2067 1779 2150 1832 ria
2181 1777 2359 1838 victus
2385 1777 2688 1842 adamatur,
2723 1777 2888 1831 veluti
2917 1776 3004 1841 iis,
3036 1774 3130 1844 qui
3161 1774 3344 1828 divina
3377 1784 3430 1828 et
3457 1773 3639 1826 incor-

2067 1883 2232 1939 porca
2291 1869 2477 1924 sobole
2540 1861 2888 1939 propaganda
2915 1908 2929 1932 ,
2985 1869 3235 1937 occupati
3299 1874 3634 1922 teneantur:

2069 1969 2122 2016 et
2172 1976 2277 2014 non
2333 1961 2527 2025 unius,
2589 1979 2764 2031 neque
2828 1961 3062 2015 duorum
3137 1960 3469 2024 liberorum,
3542 1961 3639 2018 sed

2070 2047 2363 2102 acervatim
2389 2049 2802 2104 innumerabilis
2833 2049 3206 2104 multitudinis
3234 2049 3638 2114 educationem,

2071 2148 2424 2212 sanctamque
2475 2141 2818 2210 disciplinam
2847 2179 2866 2206 ,
2921 2156 2986 2195 ac
3024 2142 3248 2212 reliqua:
3289 2139 3644 2198 instituendas

2070 2232 2194 2284 vita:
2258 2246 2447 2286 curam
2517 2232 2878 2302 susceperint.
2946 2231 3287 2288 Postremum
3355 2231 3639 2296 omnium,

2066 2323 2171 2393 33
2189 2324 2234 2379 si
2256 2325 2380 2394 quis
2409 2325 2712 2395 priscorum
2735 2324 2950 2378 illorum
2984 2325 3148 2388 vitas,
3175 2326 3241 2380 de
3270 2325 3470 2396 quibus
3493 2341 3641 2380 nunc

2068 2416 2364 2485 loquimur,
2401 2417 2689 2486 diligenter
2732 2417 2978 2488 exploret
3011 2435 3024 2470 :
3074 2417 3315 2472 inveniet
3358 2432 3454 2472 eos
3485 2417 3641 2472 initio

2065 2507 2284 2578 quidem
2317 2509 2514 2574 aetat-is,
2545 2509 2720 2563 soboli
2743 2508 3024 2578 augendae,
3055 2509 3419 2580 conjugioque
3452 2524 3643 2564 vacan-

2065 2606 2192 2665 tes,
2239 2609 2448 2655 mature
2497 2610 2679 2656 autem
2729 2601 3068 2658 abstinentes
3120 2609 3282 2674 atque
3334 2613 3635 2659 cessantes.

2068 2691 2342 2763 Scriptum
2389 2701 2471 2748 est
2504 2693 2646 2748 enim
2697 2693 2761 2759 “,
2805 2695 2950 2764 quod
2988 2696 3255 2765 placuerit
3299 2695 3488 2751 Enoch
3528 2696 3639 2752 Deo

2066 2794 2354 2858 postquam
2400 2786 2586 2857 genuit
2639 2785 2961 2842 Mathusala.
3013 2785 3113 2842 Ubi
3149 2786 3432 2858 Scriptura
3479 2790 3639 2859 plane

2065 2885 2188 2946 post
2213 2877 2454 2947 genitum
2487 2877 2679 2942 filium,
2714 2875 2824 2932 Deo
2875 2878 3149 2948 placuisse
3207 2880 3392 2944 illum,
3433 2879 3502 2936 de
3527 2896 3638 2951 quo

2070 2953 2332 3038 loquitur,
2365 2975 2652 3032 memorat,
2687 2983 2864 3039 neque
2888 2969 2966 3023 illi
2992 2971 3220 3038 posthac
3252 2972 3394 3026 alios
3425 2973 3638 3043 genitos

373 3062 578 3131 ,λέγειν
623 3063 749 3132 περὶ
787 3062 1144 3134 Μελχισεδέκ;
1187 3058 1250 3118 οὗ
1301 3065 1550 3131 καθάπαξ
1602 3067 1661 3120 ού
1709 3071 1855 3132 παῖς,
1901 3070 1962 3122 ού

2068 3058 2209 3114 filios
2238 3060 2441 3129 prodit.
2469 3058 2583 3114 Noe
2611 3075 2830 3131 quoque
2859 3061 2943 3115 vir
2961 3061 3149 3130 justus
3177 3074 3300 3133 post
3330 3067 3639 3136 susceptio-

403 3152 579 3221 γένος,
603 3155 664 3206 οὐ
697 3153 906 3226 διαδοχὴ
940 3156 1186 3228 φέρεται’
1215 3157 1326 3210 οὐδ’
1363 3159 1536 3229 Ἰησοῦ
1567 3157 1660 3212 τοῦ
1689 3159 1964 3225 Μωῦσέως

403 3242 674 3314 διαδόχου,
717 3245 831 3298 οὐδὲ
881 3247 1142 3301 πλείστων
1185 3249 1356 3304 ἄλλων
1390 3251 1704 3322 προφητῶν.
1763 3254 1966 3323 Ζητου-

406 3336 587 3407 μένοις
617 3337 673 3390 δὲ
710 3338 808 3408 τῆς
837 3340 974 3392 κατά
1008 3340 1099 3393 τὸν
1135 3340 1380 3412 Ἀϐραάμ
1420 3342 1514 3396 καὶ
1546 3342 1740 3399 Ἰακὼϐ
1778 3345 1964 3399 παιδο-

401 3427 583 3491 ποιίας
609 3431 667 3482 ὲν
690 3429 896 3502 ἑτέροις
928 3431 1017 3484 τὸν
1049 3432 1202 3501 λόγον
1235 3432 1574 3505 σχολαίτερον
1619 3435 1964 3491 ἀποδεδώκα-

401 3533 522 3587 μεν,
558 3519 617 3574 ὲν
652 3515 732 3584 οἷς
769 3521 896 3593 περὶ
948 3522 1045 3592 τῆς
1093 3521 1200 3575 τῶν
1243 3522 1408 3581 πάλαι
1452 3522 1711 3594 θεοφιλῶν
1757 3525 1962 3598 ἀνδρῶν

398 3609 742 3682 πολυγαμίας
777 3630 838 3665 τε
878 3615 970 3666 καὶ
1013 3613 1362 3679 πολυπαιδίας
1393 3615 1763 3688 διειλήφαμεν,
1807 3619 1890 3689 ἐφ’
1927 3620 1964 3674 ἃ.

398 3704 494 3758 καὶ
519 3703 612 3756 νῦν
634 3706 757 3769 τοὺς
781 3705 1093 3776 φιλομαθεῖς
1123 3707 1534 3780 ἀναπέμπομεν,
1564 3709 1813 3765 τοσοῦτον
1844 3712 1963 3766 ἐπι-

400 3796 790 3867 σημηνάμενοι,
812 3797 892 3849 ὅτι
922 3799 1012 3849 καὶ
1041 3799 1182 3851 κατά
1201 3801 1327 3864 τοὺς
1348 3801 1445 3870 τῆς
1461 3801 1670 3872 Καινῆς
1689 3805 1962 3876 Διαθήκης

398 3888 614 3958 νόμους,
639 3889 700 3940 οὐ
731 3890 960 3960 πάμπαν
995 3891 1448 3962 ἀπηγόρευταιτά
1475 3893 1574 3964 τῆς
1599 3895 1959 3961 παιδοποιίας,

397 3979 533 4032 ἀλλά
562 3981 662 4033 κάν
680 3981 851 4052 τούτῳ
876 3981 944 4035 τὰ
969 3983 1320 4055 παραπλήσια
1340 3987 1454 4050 τοῖς
1475 3985 1638 4040 πάλαι
1663 3986 1960 4056 θεοφιλέσιν

395 4071 756 4128 διατέτακται.
806 4093 824 4124 ι
848 4075 1056 4146 Χρῆναι
1099 4077 1204 4149 γάρ
1258 4094 1420 4147 φησιν
1463 4081 1491 4133 ό
1515 4077 1670 4147 λόγος
1714 4081 1804 4133 τὸν
1843 4082 1961 4134 ἐπί-

401 4180 598 4216 σκοπον
658 4166 934 4233 γεγονέναι
1009 4170 1136 4237 μιᾶς
1207 4169 1459 4238 γυναικὸς
1514 4170 1699 4243 ἄνδρα.
1741 4191 1758 4222 ι
1815 4171 1959 4244 Πλὴν

396 4251 532 4306 ἀλλά
564 4256 672 4318 τοῖς
718 4256 1033 4326 ίερωμένοις
1075 4259 1165 4312 καὶ
1211 4260 1338 4331 περὶ
1370 4261 1468 4333 τὴν
1507 4259 1599 4314 τοῦ
1634 4261 1768 4315 Θεοῦ
1799 4262 1961 4334 Θερα-

397 4344 556 4399 πείαν
601 4347 1010 4418 ἀσχολουμένοις
1062 4349 1271 4420 ἀνέχειν
1323 4351 1506 4406 λοιπὸν
1565 4354 1704 4422 σφᾶς
1762 4354 1958 4419 αύτούς

2068 3165 2192 3205 nem
2239 3151 2556 3214 liberorum,
2605 3152 2756 3207 solus
2809 3167 2934 3207 cum
2994 3154 3220 3218 familia,
3274 3169 3399 3210 cum
3431 3158 3638 3228 reliqua

2067 3242 2250 3296 omnia
2290 3259 2630 3315 quaecunque
2659 3254 2841 3300 essent
2863 3245 2918 3300 in
2945 3256 3110 3310 terra,
3138 3247 3448 3316 periissent,
3487 3249 3638 3305 inco-

2067 3334 2231 3390 lumis
2275 3345 2664 3402 conservatus,
2714 3337 2965 3410 plurimis
3012 3339 3243 3410 posthac
3301 3340 3639 3411 superfuisse

2065 3426 2238 3481 annis
2260 3426 2538 3482 inducitur
2561 3468 2584 3492 ,.
2630 3445 2805 3500 neque
2857 3437 3040 3486 tamen
3099 3447 3332 3503 usquam
3383 3435 3638 3505 genuisse

2066 3518 2203 3574 alios
2238 3518 2396 3573 ﬁlios.
2430 3517 2640 3574 Dicitur
2674 3530 2724 3576 et
2757 3520 2906 3576 lsaac
2946 3531 3236 3594 postquam
3266 3541 3332 3580 ex
3363 3543 3469 3581 una
3503 3543 3638 3581 uxo-

2067 3625 2124 3665 re
2159 3610 2392 3680 gemina:
2412 3611 2582 3681 prolis
2611 3621 2762 3682 pater
2791 3612 2968 3670 factus
2999 3623 3104 3680 cst,
3136 3616 3367 3674 desiisse
3391 3633 3514 3671 cum
3545 3619 3637 3686 illa

2064 3715 2445 3758 consuescere.
2472 3701 2536 3756 Et
2563 3701 2783 3774 Joseph,
2813 3719 2936 3758 cum
2965 3709 3265 3776 praesertim
3296 3708 3437 3777 apud
3468 3708 3637 3780 A‘ng-

2065 3794 2205 3863 ptios
2238 3805 2482 3851 versatus
2518 3797 2610 3860 sit,
2644 3811 2750 3850 non
2780 3797 2901 3867 plus
2935 3811 3095 3867 quam
3136 3800 3370 3854 duorum
3404 3800 3633 3856 filiorum

2064 3894 2218 3955 pater
2269 3888 2542 3942 exstitisse
2603 3888 2896 3952 invenitur,
2940 3905 3174 3959 quorum
3212 3900 3440 3946 matrem
3473 3907 3635 3946 unam

2064 3976 2326 4031 duntaxat
2362 3979 2414 4032 in
2452 3981 2798 4036 matrimonio
2823 3981 3092 4036 habuerit.
3119 3981 3236 4053 Ipse
3267 3984 3429 4038 etiam
3459 3983 3634 4040 Moses

2062 4077 2222 4140 atque
2255 4071 2375 4140 ejus
2406 4071 2576 4126 frater
2597 4075 2801 4138 Aaron,
2827 4081 3116 4144 antequam
3151 4075 3286 4146 ipsis
3309 4075 3451 4132 Deus
3475 4093 3634 4148 appa-

2063 4162 2255 4226 ruerit,
2291 4161 2430 4218 filios
2466 4165 2722 4234 genuisse
2759 4176 3162 4236 memorantur;
3211 4177 3500 4240 postquam
3521 4186 3633 4239 au-

2063 4261 2168 4309 tem
2194 4253 2376 4309 divina
2412 4258 2632 4315 oracula
2661 4259 2988 4328 acceperint,
3019 4275 3127 4314 non
3160 4262 3392 4331 amplius
3418 4264 3630 4334 genitos

2063 4344 2132 4402 ab
2171 4346 2286 4401 illis.
2316 4347 2454 4404 filios
2484 4347 2754 4405 invenias.
2791 4348 2929 4420 Quid
2974 4366 3136 4420 porro
3170 4351 3239 4406 de
3274 4351 3630 4412 Melchisedec

397 4439 672 4510 προσήκει,
707 4439 806 4509 τῆς
858 4443 1100 4513 γαμικῆς
1145 4443 1376 4514 ὁμιλίας.
1433 4445 1586 4498 Ὅσοι
1631 4443 1687 4497 δὲ
1735 4445 1808 4517 μὴ
1855 4446 1953 4517 τῆς

2068 4439 2479 4507 astdiceudum,
2509 4441 2667 4512 cujus
2695 4442 2919 4528 omnino
2953 4458 3065 4498 non
3099 4443 3265 4510 filius,
3293 4462 3400 4501 non
3433 4465 3629 4519 genus.

395 4529 659 4602 τοσαύτης
719 4529 973 4601 ἠξίωνται
1040 4535 1377 4606 ἱερουργίας,
1437 4536 1646 4600 τούτοις
1705 4538 1734 4590 ό
1804 4537 1958 4606 λόγος

2068 4549 2168 4587 non
2220 4533 2499 4590 successio
2553 4533 2818 4590 refertur?
2866 4553 3042 4608 neque
3093 4539 3218 4594 item
3248 4538 3400 4605 Jesu,
3446 4542 3539 4612 qui
3572 4543 3629 4598 in

393 4619 687 4693 καθυφίησι
736 4625 1011 4695 μονονουχὶ
1060 4625 1354 4699 διαρρήδην
1403 4628 1621 4686 ἅπασιν.
1650 4628 1952 4700 κηρύττων,

2068 4629 2225 4685 llosis
2260 4631 2436 4685 locum
2462 4631 2750 4697 successit,
2780 4648 2956 4703 neque
2995 4635 3354 4705 plurimorum
3397 4635 3626 4691 aliorum

388 4715 476 4767 δτι
520 4714 584 4787 δὴ
640 4735 658 4768 ι
696 4717 885 4787 Τίμιος
931 4719 958 4771 ό
1004 4718 1179 4788 γάμος
1238 4719 1330 4772 καὶ
1381 4723 1413 4791 ή
1458 4721 1612 4792 κοίτη
1668 4721 1950 4792 ἀμίαντος,

2068 4721 2462 4792 prophetarum.
2516 4721 2652 4776 Cum
2703 4731 2882 4779 autem
2917 4724 2984 4780 de
3027 4725 3324 4790 Abraham,
3375 4733 3430 4781 et
3457 4725 3625 4781 Jacob

390 4809 630 4878 πόρνους·
657 4810 712 4864 δὲ
760 4811 858 4863 καὶ·
891 4812 1110 4882 μοιχοὺς
1133 4815 1316 4883 κρινεῖν
1352 4815 1380 4866 ό
1404 4813 1554 4877 Θεός.
1580 4833 1599 4866 ι
1638 4813 1820 4868 Ταῦτα
1857 4814 1954 4885 μὲν

2068 4813 2226 4884 quaeri
2261 4815 2455 4878 soleat,
2498 4815 2592 4884 qui
2623 4815 2972 4886 multiplicem
3007 4819 3249 4878 sobolem
3292 4832 3629 4890 pr0pagave-

319 4909 328 4917 '
385 4895 482 4952 οὖν
519 4902 596 4962 είς
624 4901 719 4972 τὴν
747 4900 966 4972 πρώτην
994 4903 1125 4972 ἡμῖν
1158 4903 1394 4974 εἰρήσθω
1424 4905 1708 4975 πρότασιν.

2068 4915 2205 4972 runt,
2247 4908 2375 4962 alibi
2409 4924 2510 4964 nos
2539 4909 2774 4967 otiosius
2815 4911 3043 4982 hujusce
3072 4913 3150 4970 rei
3199 4913 3468 4970 rationem
3503 4916 3625 4970 red-

384 4990 632 5046 didimus
663 5011 676 5046 :
709 4992 797 5046 ubi
829 4993 896 5048 de
919 5002 1232 5048 sanctorum
1267 5002 1502 5050 veterum
1537 4998 1774 5052 virorum
1804 4997 2086 5068 multiplici
2107 4999 2360 5071 conjugio
2381 5001 2772 5074 multiplicique
2797 5003 2983 5059 sobole
3001 5003 3380 5062 disseruimus.
3399 5004 3482 5058 Ad
3505 5021 3626 5076 quae

385 5085 596 5153 Scripta
611 5087 863 5140 nostrain
882 5087 1136 5157 praesenti
1161 5089 1437 5147 studiosos
1461 5092 1691 5148 lectores
1709 5093 2052 5158 remittimus,
2071 5095 2173 5150 hoc
2200 5113 2366 5152 unum
2391 5097 2766 5166 admonentes,
2799 5115 2867 5155 ne
2889 5098 3023 5155 Novi
3051 5100 3270 5172 quidem
3290 5098 3622 5158 Testamenti

385 5178 617 5249 legibus,
645 5197 764 5250 qua:
789 5181 856 5236 ad
890 5183 1288 5253 susceptionem
1320 5187 1615 5243 liberorum
1645 5191 1938 5260 pertinent,
1971 5193 2196 5248 omnino
2241 5194 2514 5258 interdici,
2548 5195 2644 5252 sed
2675 5198 2732 5252 in
2795 5197 2898 5252 hoc
2945 5213 3160 5268 quoque
3218 5196 3283 5252 iis
3332 5207 3623 5253 consenta—

384 5284 512 5334 nea,
554 5288 672 5342 qua:
694 5273 760 5328 de
785 5274 977 5343 priscis
1007 5275 1113 5331 illis
1152 5279 1358 5335 sanctis
1383 5277 1514 5338 viris
1547 5291 1934 5350 memorantur,
1973 5285 2236 5342 instituta.
2251 5287 2458 5343 haberi.
2491 5306 2509 5339 ι
2539 5287 2801 5360 Oportere
2825 5291 2992 5355 enim,
3041 5309 3061 5343 ι
3099 5290 3230 5344 dicit
3299 5307 3478 5346 sermo
3541 5292 3623 5348 di-

385 5369 548 5421 vinus
575 5369 640 5432 ¹⁸,
677 5386 695 5420 ι
735 5370 1046 5440 cpisc0pum
1111 5373 1272 5429 unius
1305 5377 1490 5431 uxoris
1528 5377 1700 5433 virum
1731 5394 1872 5436 esse.
1915 5403 1934 5433 ι
1975 5379 2360 5441 Verumtamen
2413 5401 2530 5452 eos,
2557 5387 2650 5460 qui
2675 5388 2873 5441 sacrati
2905 5389 3034 5450 sint,
3076 5394 3235 5456 atque
3297 5390 3349 5443 iu
3395 5387 3487 5443 Dei
3517 5390 3618 5444 mi-

383 5458 610 5515 nisterio
661 5461 918 5532 cultuque
945 5464 1216 5533 occupati,
1248 5470 1528 5524 continere
1553 5470 1808 5542 deinceps
1832 5473 2041 5544 seipsos
2070 5490 2099 5528 a
2130 5475 2458 5532 commercio
2493 5458 2684 5539 uxoris
2714 5477 2868 5532 decet
2897 5497 2910 5531 :
2969 5479 3064 5544 qui
3136 5487 3316 5536 autem
3380 5493 3488 5535 non
3555 5477 3621 5534 ad

458 5637 502 5675 ⁸⁸
532 5638 664 5698 Gen.
718 5661 738 5698 ι
768 5683 782 5710 ,
823 5641 913 5698 24.
993 5644 1034 5674 ¹⁵
1065 5641 1080 5696 l
1112 5642 1249 5700 Tim.
1283 5662 1364 5712 ιιι,
1396 5647 1448 5702 2.
