4068 6206
863 144 974 164 ..-σθ

540 222 609 276 83
1202 223 1468 281 EUSEBII
1504 223 1979 281 CESARIENSIS
2015 215 2109 278 OPl

2208 222 2386 280 mus
2411 222 2477 280 n.
2517 257 2586 268 —
2621 202 3134 281 uomuerth
3710 226 3777 278 84

539 345 750 394 tantum
797 343 1058 413 assumpti
1108 343 1218 398 sint
1269 344 1558 400 sacerdotii
1605 358 1826 406 munus,
1876 343 1946 402 iis
1995 342 2136 397 idem
2208 356 2388 396 sermo
2442 342 2660 398 divinus
2717 342 2981 413 indulget,
3043 356 3109 395 ac
3155 335 3542 411 propemodum
3593 336 3772 408 palam

539 433 806 492 omnibus
828 437 1106 507 praedicat,
1141 436 1289 507 quod
1323 440 1510 509 utique
1543 458 1560 488 ι
1604 439 1923 495 honorabile
1951 437 2022 492 sit
2049 433 2383 504 coniugium,
2413 443 2466 490 et
2503 443 2658 491 torus
2688 435 3088 500 immaculatus,
3141 432 3497 488 fornicatores
3517 436 3580 486 et
3623 430 3765 484 adul-

537 540 686 586 teros
723 533 1072 604 iudicaturus
1107 533 1178 589 sit
1208 533 1349 591 Deus
1381 537 1443 590 “.
1481 557 1500 590 ι
1540 536 1663 592 Haec
1701 538 1883 606 itaque
1913 532 2071 588 nobis
2103 529 2170 584 ad
2199 530 2426 600 primam
2460 529 2852 586 dubitationem
2880 531 3022 585 dicta
3049 530 3179 586 sint.

1089 642 1198 714 34
1229 643 1458 700 CAPUT
1496 643 1563 698 Χ.

513 741 659 806 ⁴ιιιιιι
709 733 773 787 de
794 751 966 806 causa
995 752 1098 788 non
1143 737 1219 789 ila
1248 736 1416 800 nobis,
1450 737 1882 806 quemadmodum
1924 738 2112 806 priscis

617 804 891 858 incendere
925 815 972 858 et
1030 807 1334 874 sacriﬁcare
1370 804 1474 862 Deo
1506 811 1777 862 terrestria
1802 804 2112 878 permissum

613 883 712 928 εει.

617 983 725 1041 Sed
760 1001 860 1040 cur
899 1002 1008 1041 non
1049 1002 1262 1042 summo
1292 988 1422 1055 Deo,
1466 990 1568 1060 ipsi
1604 1005 1818 1060 qucque
1859 988 2112 1044 animalia

547 1078 940 1149 sacriﬁcemus,
971 1094 1095 1134 cum
1131 1089 1340 1137 veteres
1386 1082 1464 1135 illi
1509 1082 1600 1137 Dei
1636 1091 1926 1149 amatores,
1977 1098 2114 1152 quo-

547 1183 669 1223 rum
711 1185 812 1224 nos
843 1170 1098 1239 pietatem
1148 1173 1349 1225 imitari
1391 1172 1645 1239 dicimus,
1674 1173 1780 1227 hoc
1833 1173 2114 1228 factitave-

548 1262 679 1325 rint,
731 1262 854 1316 talis
905 1279 934 1317 a
979 1265 1137 1320 nobis
1197 1267 1336 1319 ratio
1368 1266 1645 1323 reddatur.
1685 1266 1761 1322 De
1803 1267 1922 1337 ipso
1964 1267 2111 1320 cultu

545 1354 705 1424 quem
745 1363 957 1411 veteres
981 1365 1035 1412 et
1068 1358 1228 1427 primi
1253 1359 1499 1415 homines
1523 1360 1718 1416 divinae
1743 1369 1949 1415 naturae
1969 1360 2116 1416 exhi-

547 1446 756 1509 berent,
793 1464 900 1502 non
937 1448 1077 1503 idem
1110 1450 1255 1519 quod
1285 1449 1487 1507 Graecis
1528 1453 1703 1508 visum
1737 1461 1840 1518 est,
1884 1461 1939 1508 et
1967 1453 2112 1524 quod

547 1539 600 1591 in
627 1539 801 1596 sacris
833 1539 1180 1596 Hebraeorum
1217 1544 1372 1600 libris
1401 1545 1695 1600 invenitur.
1729 1545 1862 1599 Nam
1893 1543 1968 1600 illi
1995 1547 2116 1616 qui-

545 1632 665 1685 dem
718 1641 1046 1702 putaverunt
1089 1634 1295 1704 primos
1324 1636 1592 1703 homines,
1627 1638 1834 1691 nullum
1885 1653 2111 1708 prorsus

543 1721 795 1777 animalis
826 1739 1017 1794 genus,
1048 1740 1223 1794 neque
1255 1727 1584 1791 sacriﬁcare,
1615 1743 1792 1797 neque
1820 1727 2112 1785 incendere

543 1814 736 1868 solitos
769 1815 894 1884 diis,
923 1816 1016 1873 sed
1039 1834 1135 1873 eos
1167 1819 1268 1874 soli
1310 1830 1363 1874 et
1389 1821 1616 1891 reliquis
1643 1822 1767 1877 coeli
1816 1820 2108 1885 sideribus,

543 1906 634 1959 ubi
679 1908 850 1986 viride
904 1921 1150 1979 gramen,
1181 1920 1235 1966 et
1275 1913 1430 1981 quasi
1473 1913 1738 1982 q‘uasdam
1775 1912 2111 1970 fecundioris

2140 644 2188 700 Α

2751 642 3142 696 ΚΕΦΑΛᾹΙΟΝ
3178 643 3237 696 I'.

2220 732 2338 784 Τίνι
2391 733 2550 802 λόγῳ
2592 731 2679 802 μὴ
2718 733 2819 787 καί
2871 733 3014 801 ἡμῖν
3058 733 3270 802 ὁμοίως
3321 731 3445 798 τοῖς
3499 733 3774 802 παλαιοῖς

2281 800 2500 924 guardi-
2547 800 2646 857 κὰί
2669 800 2856 858 θύειν
2900 800 2978 869 τῷ
3026 801 3146 867 Θεῷ
3183 803 3255 856 τὰ
3293 801 3476 872 γεώδη
3519 800 3774 872 παραόέὲ

2319 887 2465 924 οται.

2319 887 2445 924 orat
2453 913 2465 924 .

2283 987 2420 1058 Περὶ
2457 987 2514 1040 δὲ
2549 987 2648 1042 τοῦ
2689 988 2763 1059 μὴ
2801 987 3086 1050 ζωοθυτεῖν
3129 985 3386 1058 ήμᾶς.τῷ
3426 987 3518 1040 ἐπὶ
3556 987 3773 1043 πάντων

2212 1078 2350 1148 Θεῷ,
2386 1078 2492 1134 τῶν
2524 1079 2689 1134 πάλαι
2716 1080 2974 1149 θεοφιλῶν
3003 1080 3230 1151 ἀνδρῶν,
3255 1073 3328 1133 ὧν
3350 1080 3424 1152 δη
3440 1095 3620 1149 φαμεν
3635 1080 3773 1134 κατά

2214 1170 2372 1241 ζῆλον
2435 1170 2778 1238 θεοσεϐείας,
2833 1171 2992 1226 τοῦτο
3045 1173 3454 1242 πεπονηκότων,
3503 1165 3658 1235 οὗτος
3713 1171 3774 1238 ἐξ

2213 1263 2372 1334 ἡμῶν
2417 1265 2704 1338 ἀποδοθείη
2753 1265 2818 1319 ἂν
2859 1267 2888 1319 ὁ
2914 1267 3088 1335 λόγος,
3141 1267 3250 1336 Οὐχ
3303 1265 3491 1338 ὥσπερ
3521 1266 3774 1337 Ἕλλησιν

2213 1356 2522 1428 ἐνομίζετο,
2571 1359 2665 1411 καὶ
2704 1360 2816 1420 τοῖς
2855 1357 3116 1431 Ἑϐραίων
3170 1359 3333 1428 ἱεροῖς
3378 1357 3554 1426 λόγοις
3604 1358 3777 1412 ταύτά

2211 1445 2374 1510 δοκεῖ,
2424 1447 2551 1518 περὶ
2591 1447 2691 1517 τῆς
2721 1447 2828 1501 τῶν
2863 1448 3027 1502 πάλαι
3055 1448 3148 1502 καὶ
3171 1447 3410 1520 πρώτων
3437 1450 3650 1520 ἀνδρῶν
3683 1449 3774 1502 θε-

2214 1537 2446 1608 ραπείας
2491 1538 2585 1591 τοῦ
2623 1536 2799 1594 Θείου.
2849 1540 2910 1592 Οί
2955 1539 3052 1609 μὲν
3096 1539 3299 1610 ἔφασαν
3352 1540 3425 1612 μὴ
3471 1539 3618 1593 θύειν
3645 1541 3775 1605 τοὺς

2213 1630 2508 1701 προτέρους
2538 1630 2702 1701 μηδὲν
2739 1630 2914 1685 ὁτιοῦν
2936 1631 3044 1685 τῶν
3069 1629 3240 1697 ζώων,
3273 1631 3405 1702 μηδὲ
3432 1631 3630 1703 θομιᾷν
3657 1635 3774 1696 τοῖς

2214 1721 2375 1786 θεοῖς,
2401 1722 2514 1775 ἀλλ’
2543 1723 2677 1794 ἡλίῳ
2707 1723 2826 1794 μὲν,
2861 1725 2955 1778 καὶ
2990 1727 3101 1789 τοῖς
3133 1726 3254 1779 κατ’
3276 1725 3502 1796 οὐρανὸν
3527 1726 3772 1796 ἄστροις,

2211 1813 2372 1884 χλόην
2421 1816 2515 1867 καὶ
2561 1815 2722 1868 οἱονεί
2776 1832 2898 1869 τινα
2943 1815 3042 1886 τῆς
3091 1815 3314 1888 γονίμου
3355 1815 3566 1886 φύσεως
3613 1815 3776 1886 χνοῦν

2211 1908 2332 1968 ταῖς
2362 1907 2546 1977 χερσὶν
2573 1907 2901 1978 ἀραμένους,
2930 1907 3064 1961 πόαν
3089 1923 3149 1960 τε
3183 1909 3277 1960 καὶ
3306 1906 3476 1977 φύλλα
3506 1907 3599 1961 καὶ
3621 1907 3776 1980 ῥίζας

543 2006 753 2054 naturae
792 2001 1115 2073 quisquilias
1161 2005 1412 2060 manibus
1455 2005 1824 2073 sustulissent,
1886 2007 2108 2062 herbam

2208 1997 2524 2051 κατακαίειν
2569 1997 2733 2070 πυρί·
2783 1999 2972 2070 πόρῤω
3000 1999 3057 2052 δὲ
3085 1999 3431 2072 παρανομίας
3457 1999 3774 2064 ἐλαύνοντας

543 2104 669 2144 cum
699 2092 844 2148 foliis
893 2104 947 2148 et
990 2093 1268 2150 radicibus
1303 2093 1420 2167 igni’
1455 2097 1796 2153 comburere.
1832 2097 2109 2152 Posterio-

542 2196 633 2238 res
662 2191 843 2238 autem
871 2185 1118 2242 homines
1148 2188 1336 2257 procul
1365 2204 1394 2242 a
1419 2196 1530 2242 tam
1561 2197 1711 2244 recto
1739 2190 1989 2244 instituto
2015 2189 2112 2244 ab-

541 2282 811 2339 errantes,
849 2275 1086 2334 fmdasse
1135 2293 1260 2333 aras
1293 2281 1611 2334 animalium
1647 2281 1906 2336 caedibus.
1938 2279 2111 2336 Porro

543 2367 648 2422 hoc
673 2383 796 2424 esse
821 2369 1044 2440 impium
1068 2380 1121 2426 et
1144 2372 1427 2443 iniustum,
1458 2381 1513 2427 et
1534 2390 1801 2444 nusquam
1826 2373 1937 2428 Deo
1965 2389 2114 2430 acce-

496 2452 504 2463 ’
541 2467 693 2528 ptum
729 2462 1079 2517 sacriﬁcium.
1111 2463 1246 2518 Nam
1286 2466 1569 2519 brutorum
1613 2467 1848 2520 animam
1879 2467 2012 2520 nihil
2043 2469 2112 2524 ab

543 2551 822 2606 hominum
842 2555 1090 2608 rationali
1114 2557 1292 2610 anima
1316 2556 1548 2613 dill‘erre.
1577 2560 1916 2629 Quapropter
1947 2560 2110 2616 caedis

501 2653 505 2656 '
543 2643 884 2700 accusandos
928 2661 1052 2702 esse
1092 2662 1209 2710 eos,
1255 2649 1347 2719 qui
1402 2649 1657 2705 animalia
1714 2651 2106 2716 sacriﬁcarent,

497 2729 503 2742 '
542 2733 799 2788 dicebant
829 2755 843 2791 :
871 2752 978 2791 non
1010 2753 1169 2794 secus
1198 2755 1261 2794 ac
1290 2740 1336 2795 si
1370 2741 1578 2806 eadem,
1613 2743 1936 2814 similisque.
1967 2752 2021 2798 et
2052 2745 2109 2800 in

541 2826 763 2883 homine
802 2836 856 2883 et
899 2830 951 2884 in
984 2830 1144 2885 bruto
1175 2832 1353 2886 anima
1385 2834 1606 2888 inesset.
1641 2833 1706 2886 Et
1743 2835 1865 2889 talis
1891 2836 2108 2905 quidem

541 2919 610 2975 de
627 2920 864 2990 antiquis
886 2921 1198 2979 hominibus
1216 2925 1400 2994 opinio
1419 2926 1730 2981 Graecorum
1755 2935 1949 2982 exstat.
1981 2928 2110 2996 Quae

543 3023 722 3068 autem
764 3014 816 3067 in
846 3015 1066 3087 scriptis
1099 3015 1450 3072 Hebraeorum
1486 3019 1702 3089 legitur,
1733 3036 1840 3074 non
1868 3022 2010 3078 talis.
2037 3021 2108 3076 ll-

539 3105 650 3157 lico
685 3105 828 3160 enim
863 3105 1036 3162 factos
1090 3109 1296 3178 primos
1337 3110 1621 3177 homines,
1672 3123 1743 3168 ut
1774 3116 2009 3185 primum
2054 3116 2108 3170 in

495 3189 500 3212 ί
538 3195 651 3249 vita
690 3197 1058 3261 constiterint,
1101 3201 1417 3256 animalium
1460 3205 1744 3262 sacrificiis
1788 3206 1897 3262 Deo
1938 3208 2110 3263 honoo

539 3300 657 3342 rem
678 3287 992 3346 exhibuisse
1020 3302 1434 3350 commemorat.
1468 3293 1608 3350 Dicit
1638 3297 1820 3368 itaque
1846 3319 1858 3354 :
1892 3319 1911 3350 ι
1940 3299 2006 3352 Ει
2031 3297 2111 3352 fa-

540 3385 687 3432 ctum
732 3389 815 3434 est
868 3389 992 3450 post
1036 3383 1173 3446 dies,
1219 3392 1278 3438 ut
1314 3384 1531 3442 oﬂerret
1561 3389 1692 3444 Cain
1737 3390 1804 3444 de
1839 3390 2110 3448 fructibus

536 3476 701 3524 terrae
731 3472 1058 3527 sacrilicium
1087 3473 1336 3530 Domino.
1371 3475 1507 3531 Tum
1547 3477 1678 3534 Abel
1731 3481 1848 3550 ipse
1893 3499 2109 3552 quoque

539 3559 738 3615 obtulit
760 3561 826 3617 de
862 3564 1239 3636 primogenitis
1277 3568 1460 3622 ovium
1491 3585 1736 3625 suarum.
1769 3571 1836 3625 Et
1870 3575 2108 3644 respexit

541 3649 686 3706 Deus
711 3652 778 3706 ad
804 3653 959 3720 Abel,
991 3667 1042 3711 et
1082 3656 1152 3710 ad
1182 3674 1410 3714 munera
1445 3661 1612 3716 illius.
1660 3661 1740 3715 Ad
1789 3662 1924 3717 Cain
1959 3680 2105 3729 vero,

501 3745 590 3800 'et
631 3743 696 3799 ad
728 3747 998 3802 sacrificia
1038 3749 1158 3819 ejus
1189 3767 1298 3806 non
1340 3752 1571 3808 attendit
1599 3754 1663 3807 ".
1707 3774 1726 3806 ›
1767 3752 1867 3808 Ubi
1901 3755 2014 3824 jam
2043 3756 2108 3809 il-

535 3835 630 3892 lud
655 3838 1030 3896 considerabis
1059 3843 1203 3912 quod
1238 3842 1349 3899 Deo
1378 3845 1650 3915 acceptior
1679 3846 1859 3901 dictus
1889 3849 1981 3911 sit,
2013 3847 2106 3918 qui

535 3930 794 3985 animalia
828 3932 1234 3998 sacrificaverit,
1266 3951 1428 4006 quam
1461 3938 1508 3992 is
1536 3938 1627 4007 qui
1664 3941 1734 3993 ab
1776 3954 1907 4010 agro
1937 3941 2108 3995 sacri-

537 4024 718 4078 licium
749 4025 1030 4082 obtulerit.
1067 4027 1242 4081 Etiam
1268 4026 1381 4083 Noe
1412 4030 1662 4098 protinus
1684 4030 1751 4086 de
1779 4033 1993 4086 cunctis
2016 4048 2110 4102 pe-

533 4115 759 4172 coribus
796 4118 1035 4184 mundis,
1071 4127 1126 4173 et
1168 4120 1235 4173 de
1264 4122 1477 4177 cunctis
1506 4123 1820 4180 volucribus
1868 4126 2104 4190 mundis,

534 4207 730 4260 obtulit
775 4208 1170 4276 perfectissima
1204 4226 1430 4266 munera
1462 4229 1629 4283 super
1662 4215 1870 4271 altare:
1909 4217 2107 4271 odora-

532 4308 732 4366 tusque
781 4310 865 4353 est
910 4299 1173 4357 Dominus
1215 4303 1436 4358 odorem
1488 4307 1794 4364 suavitatis.
1831 4309 2106 4363 Abraham

532 4402 754 4457 quoque
783 4389 1101 4446 sacrificans
1133 4391 1472 4449 describitur
1503 4415 1514 4449 :
1549 4405 1630 4460 ut,
1661 4397 1706 4452 si
1734 4399 1932 4454 divinae
1957 4399 2108 4454 Scri-

531 4483 1092 4550 pturaztestimonium
1115 4486 1416 4554 sequimur,
1464 4489 1698 4558 primum
1731 4493 1970 4547 omnium
2000 4492 2106 4564 35

529 4589 595 4627 ex
620 4571 947 4630 animalibus
994 4576 1345 4644 sacriﬁcium,
1380 4581 1578 4650 priscis
1608 4582 1719 4638 Deo
1753 4586 1943 4641 amicis
1977 4587 2107 4642 viris

2211 2091 2335 2154 τοὺς
2371 2090 2508 2162 μετά
2542 2090 2713 2144 ταῦτα
2745 2090 3089 2161 ἀνθρώπους,
3133 2093 3359 2163 αἱμάξαι
3391 2093 3519 2157 τοὺς
3561 2093 3774 2164 βωμοὺς

2213 2182 2367 2248 ζώων
2423 2186 2660 2253 σφαγαῖς
2707 2183 2804 2256 (1).
2858 2180 3008 2239 Εἶναι
3051 2185 3109 2238 δὲ
3159 2183 3364 2254 ταύτην
3403 2185 3634 2249 ἀνόσιον,
3677 2184 3772 2238 καὶ

2211 2277 2524 2344 ἀδικον,καὶ
2544 2276 2794 2348 οὐδαμῶς
2815 2277 2932 2350 Θεῷ
2953 2277 3220 2355 προσφιλῆ
3243 2277 3448 2332 θυσίαν.
3463 2277 3638 2349 Μηδὲν
3658 2275 3768 2349 γὰρ

2205 2371 2310 2442 τῆς
2342 2371 2446 2424 τῶν
2477 2369 2778 2443 ἀνθρώπων
2825 2371 3044 2442 λογικῆς
3083 2369 3260 2443 ψυχῆς
3291 2370 3391 2443 τὴν
3413 2370 3515 2424 τῶν
3559 2368 3770 2439 ἀλόγων

2209 2463 2512 2536 διαφέρεινο
2565 2463 2647 2516 διὸ
2686 2463 2779 2516 καὶ
2824 2464 2984 2532 φόνου
3014 2462 3165 2535 δίκην
3198 2462 3416 2533 ὑπέχειν
3455 2460 3600 2526 ἀξιον
3644 2459 3773 2524 τοὺς

2213 2555 2614 2621 ξωοθυτοῦντας
2656 2555 2910 2624 ἔφασκον,
2959 2554 3035 2619 ὡς
3061 2554 3178 2625 ,τῆς
3229 2555 3395 2626 αὐτῆς
3451 2553 3543 2607 xal.
3581 2551 3774 2624 ὁμοίας

2210 2647 2266 2700 ἔν
2293 2665 2350 2701 τε
2383 2645 2653 2720 ἀνθρώπῳ
2687 2647 2782 2701 καὶ¹
2813 2647 2869 2699 ὲν
2889 2645 2966 2717 τῷ
2991 2645 3167 2716 ἀλόγῳ
3194 2643 3316 2717 ζώῳ
3334 2644 3511 2716 ψυχῆς
3536 2647 3772 2715 ἐνυπαρ-

2211 2741 2428 2812 χούσης.
2477 2739 2614 2794 Ἀλλ’
2662 2739 2692 2791 ὁ
2733 2738 2830 2810 μὲν
2877 2739 2986 2792 τῶν
3034 2738 3302 2810 Ἑλλήνων
3349 2740 3476 2813 περὶ
3513 2737 3621 2791 τῶν
3663 2755 3768 2791 πα-

2210 2831 2374 2886 λαιῶν
2415 2831 2572 2900 λόγος
2609 2830 2815 2884 τοιόσδε
2848 2847 2930 2894 τις
2967 2824 3035 2903 ἦν
3057 2847 3070 2859 ·
3116 2831 3145 2884 ὁ
3180 2829 3236 2882 δέ
3262 2847 3327 2899 γε
3365 2831 3465 2901 τῆς
3504 2829 3767 2902 Ἐϐραίων

2209 2924 2430 2995 Γραφῆς
2469 2923 2530 2976 ού
2577 2921 2833 2986 τοιοῦτος.
2887 2921 3025 2984 Τοὺς
3050 2920 3159 2994 γάρ
3201 2937 3283 2974 τοι
3323 2919 3571 2992 πρώτους
3610 2918 3770 2982 εὐθὺς

2209 3016 2528 3088 γενομένους
2563 3013 2882 3086 ἀνθρώπους
2927 3012 3041 3084 ἅμα
3062 3017 3128 3085 τῇ
3159 3011 3347 3087 πρώτῃ
3375 3013 3630 3066 συστάσει
3675 3010 3769 3066 τοῦ

2213 3109 2328 3179 βίου
2355 3107 2564 3170 θυσίαις
2587 3109 2704 3169 ταῖς
2726 3105 2832 3158 ἀπὸ
2857 3103 3009 3169 ζώων
3037 3105 3259 3176 τιμῆσαι
3285 3104 3346 3156 τὸ
3369 3104 3522 3158 Θεῖον
3549 3105 3767 3177 ἱστορεῖ.

2209 3200 2371 3268 Λέγει
2414 3198 2457 3251 δ’
2503 3195 2618 3253 οὖν’
2670 3218 2688 3250 ι
2715 3199 2825 3254 Kal.
2875 3196 3088 3266 ἐγένετο
3123 3195 3240 3267 μεθ’
3279 3195 3526 3268 ἡμέρας,
3574 3196 3772 3268 ἤνεγκε

2211 3294 2349 3347 Κάῖν
2385 3292 2492 3345 ἀπὸ
2531 3290 2640 3344 τῶν
2679 3289 2905 3364 καρπῶν
2945 3290 3043 3358 τῆς
3077 3290 3180 3360 γῆς
3224 3289 3414 3344 θυσίαν
3448 3287 3526 3358 τῷ
3557 3285 3766 3359 Κυρίῳ·

2137 3351 2181 3412 c
2211 3382 2305 3435 καὶ
2337 3380 2504 3434 Ἅϐελ
2541 3351 2878 3452 ἧνεγκεικαὶ⁵
2923 3351 3101 3442 auri);-
3131 3351 3237 3431 ἀπὸ
3277 3379 3384 3432 τῶν
3417 3351 3772 3450 πρῶτοτόκων

2208 3475 2316 3529 τῶν
2347 3473 2633 3547 προϐάτων
2661 3471 2845 3526 αὐτοῦ.
2891 3472 3002 3524 Kal.
3029 3471 3236 3525 ἐπεῖδεν
3269 3473 3297 3524 ὀ
3324 3469 3458 3534 Θεὸς
3493 3471 3585 3522 ἐπὶ
3611 3467 3774 3522 ’Δδελ

2210 3567 2303 3620 καὶ
2345 3567 2436 3620 ἐπὶ
2477 3568 2590 3629 τοῖς
2625 3563 2816 3635 δώροις
2858 3561 3023 3615 αὑτοῦ
3047 3579 3063 3593 ο
3102 3562 3194 3614 ἐπὶ
3237 3561 3294 3615 δὲ
3336 3561 3474 3615 Κάῖν
3517 3561 3611 3617 καὶ
3650 3559 3773 3622 ταῖς

2210 3659 2422 3723 θυσίαις
2445 3657 2609 3712 αὑτοῦ
2641 3657 2702 3710 ού
2727 3655 3046 3729 προσέσχεν.
3083 3673 3100 3710 ι
3135 3653 3311 3708 ΔἜνθα
3337 3653 3399 3725 δὴ
3439 3655 3771 3726 ἐπιστήσεις,

2208 3753 2284 3817 ὡς
2325 3752 2522 3823 μᾶλλον
2571 3753 2600 3805 ό
2640 3749 2982 3822 ζωοθυτήσας
3030 3747 3322 3812 ἀπόδεκτος
3369 3747 3581 3820 εἴρηται
3622 3744 3773 3819 παρὰ

2207 3845 2298 3898 τὸν
2343 3845 2451 3898 ἀπὸ
2504 3844 2606 3916 γῆς
2657 3842 3074 3916 προσαγαγόντα
3123 3840 3199 3911 τῷ
3239 3840 3358 3912 Θεῷ
3404 3841 3504 3912 τὴν
3561 3837 3770 3892 θυσίαν,

2209 3937 2319 3991 Καὶ
2365 3936 2488 3990 Νῶε
2529 3936 2585 3989 δὲ
2625 3935 2786 4000 εὐθὺς
2826 3936 2934 3990 ἀπὸ
2982 3933 3198 3989 πάντων
3251 3933 3357 3988 τῶν
3403 3931 3616 4003 κτηνῶν
3661 3930 3772 3984 τῶν

2208 4029 2464 4102 καθαρῶν
2483 4071 2496 4096 ,
2541 4030 2636 4083 καὶ
2674 4031 2782 4084 ἀπὸ
2828 4030 3042 4084 πάντων
3086 4027 3193 4081 τῶν
3241 4025 3456 4097 πτηνῶν
3513 4024 3622 4077 τῶν
3664 4040 3764 4077 κα-

2209 4123 2388 4194 θαρῶν
2451 4124 2746 4195 ἀνήνεγκεν
2807 4119 3209 4191 όλοκαρπώσεις
3247 4120 3340 4172 ἐπὶ
3375 4118 3435 4171 τὸ
3479 4115 3774 4186 θυσιαστή-

2210 4232 2368 4288 ριον,
2392 4216 2484 4269 καὶ
2523 4212 2814 4286 ὠσφράνθη
2862 4211 3063 4284 Κύριος
3109 4209 3284 4280 ὀσμὴν
3325 4207 3569 4271 εὐωδίας.
3610 4203 3774 4259 Ἀλλὰ

2208 4308 2302 4360 καὶ
2337 4305 2586 4378 Ἀϐραὰμ
2620 4305 2786 4368 θύσας
2828 4303 3234 4378 ἀναγέγραπται
3257 4317 3270 4331 ⁸
3301 4298 3459 4363 ὥστε,
3494 4297 3638 4352 κατὰ
3673 4297 3772 4370 τὴν

2207 4401 2306 4471 τῆς
2332 4398 2480 4462 θείας
2497 4397 2718 4470 Γραφῆς
2767 4393 3088 4467 μαρτυρίαν,
3108 4391 3331 4464 πρώτην
3375 4388 3630 4443 ἁπάντων
3670 4389 3769 4460 τὴν

2207 4493 2296 4546 διὰ
2329 4490 2480 4556 ζώων
2519 4488 2707 4543 θυσίαν
2733 4484 3106 4555 ὲπινενοῆσθαι
3138 4486 3246 4546 τοῖς
3282 4481 3446 4535 πάλαι
3479 4479 3767 4548 θεοφιλέσι.

2209 4584 2410 4638 Τούτου
2442 4582 2499 4635 δὲ
2519 4582 2608 4635 τὸν
2641 4579 2896 4651 λογισμὸν
2923 4575 3056 4650 ἡγοῦ
3064 4593 3160 4647 μαι
3187 4571 3322 4628 εἶναι
3342 4573 3400 4626 ού
3423 4572 3512 4626 τὸν
3539 4572 3770 4643 τυχόντα

529 4649 895 4736 excogitatum
921 4664 1110 4732 fuisse,
1137 4683 1238 4724 nos
1271 4669 1454 4725 dicere
1481 4681 1746 4741 oporteat.
1779 4672 1950 4740 Quam
1976 4691 2108 4732 sane

2211 4677 2318 4731 οὐδ’
2345 4673 2696 4746 ἀνθρωπίνως
2727 4649 3097 4742 κεκινημένον,
3120 4667 3261 4721 κατά
3291 4667 3439 4720 θείαν
3461 4665 3505 4718 δ’
3532 4665 3769 4720 ἐπίνοιαν

528 4756 980 4828 excogitationem
1011 4768 1214 4818 temere
1244 4763 1543 4828 exstitisse,
1576 4773 1670 4820 aut
1691 4766 1926 4823 humano
1952 4784 2103 4826 more

2210 4767 2665 4840 ὑποϐεόλημένον.
2713 4764 2928 4835 Ἐπειδὴ
2960 4761 3068 4835 γὰρ
3091 4761 3294 4831 ἑώρων,
3327 4761 3422 4814 ire
3453 4759 3544 4812 τὸν
3573 4759 3768 4831 τρόπον

527 4858 792 4918 exortam,
816 4852 1117 4922 putandum
1154 4871 1265 4911 non
1295 4865 1399 4923 est,
1429 4859 1521 4915 sed
1550 4859 1733 4914 divino
1757 4863 1937 4930 potius
1963 4872 2100 4918 nutu

2208 4862 2449 4926 εὐσεϐεῖς
2491 4861 2583 4914 καὶ
2626 4857 2743 4929 Θεῷ
2783 4855 3273 4928 προσῳκειωμένοι,
3321 4853 3448 4925 θείῳ
3487 4869 3547 4905 τε
3598 4848 3769 4904 Πνεύ-

528 4948 882 5005 insinuatam.
915 4947 1124 5030 Etenim
1160 4967 1284 5007 cum
1313 4965 1525 5010 morum
1550 4956 1840 5011 sanctitate
1872 4965 2100 5027 praesta-

2213 4976 2341 5031 ματι
2368 4956 2466 5020 τὰς
2485 4953 2660 5026 ψυχὰς
2693 4949 3108 5020 πεφωτισμένοι,
3145 4947 3381 5019 μεγάλης
3405 4946 3582 5008 αὐτοῖς
3611 4943 3772 5014 θερα-

529 5049 669 5107 rent,
703 5027 924 5113 Deoque
950 5042 1164 5113 penitus
1194 5045 1395 5102 addicti
1421 5056 1624 5110 essent,
1659 5055 1710 5102 et
1741 5048 1812 5102 ob
1839 5063 1957 5104 eam
1985 5066 2097 5105 rem

2208 5027 2366 5118 πείας
2398 5051 2507 5106 δεῖν
2549 5053 2628 5113 είς
2658 5045 3028 5117 ἀποκάθαρσιν
3058 5043 3164 5098 τῶν
3203 5043 3410 5115 θνητῶν
3452 5037 3772 5111 πλημμελη-

521 5133 685 5206 quasi
719 5134 906 5190 divino
928 5133 1133 5206 Spiritu
1176 5137 1430 5192 illustrati
1473 5139 1736 5204 viderent,
1771 5156 1968 5212 magno
1992 5142 2096 5196 sibi

2211 5148 2416 5220 μάτων,
2448 5143 2641 5216 λύτρον
2687 5141 2785 5212 τῆς
2820 5137 2998 5192 αὐτῶν
3045 5137 3334 5210 σωτηρίας,
3367 5133 3445 5207 τῷ
3485 5134 3578 5188 καὶ
3623 5129 3772 5201 ζωῆς

519 5241 658 5294 opus
685 5241 809 5282 esse
836 5228 1120 5300 obsequio,
1147 5230 1192 5285 si
1225 5245 1324 5285 sua
1355 5230 1594 5301 ipsorum
1633 5233 1866 5287 humana
1900 5232 2098 5290 delicta

2208 5235 2297 5288 καὶ
2337 5232 2512 5304 ψυχῆς
2559 5229 2778 5304 χορηγῷ
2829 5226 3272 5300 προσοφείλεσθαι
3299 5224 3546 5297 ἡγοῦντο·
3581 5221 3771 5275 ἔπειτα

519 5320 736 5377 diluere
759 5323 996 5380 vellent:
1031 5324 1265 5395 pretium
1317 5339 1414 5396 pro
1445 5326 1621 5382 salute
1658 5343 1756 5383 sua
1786 5329 1857 5392 ei,
1893 5330 1987 5400 qui
2017 5332 2097 5384 vi-

2209 5328 2376 5401 μηδὲν
2409 5331 2653 5404 κρεῖττον
2703 5326 2798 5388 καὶ
2840 5325 3158 5398 τιμιώτερον
3203 5324 3301 5396 τῆς
3339 5319 3543 5382 οἰκείας
3591 5315 3770 5392 ψυχῆς

487 5521 494 5551 ι
593 5470 638 5502 ⁸⁸
675 5471 841 5530 Hebr.
875 5494 994 5543 xm,
1038 5481 1091 5534 4.
1173 5483 1214 5513 ¹⁷
1243 5481 1379 5537 Gen.
1426 5499 1500 5546 tv,
1537 5484 1656 5538 5-5.

597 5655 674 5726 (Ι)
719 5655 856 5714 Sunt
888 5660 998 5716 hac
1025 5662 1306 5734 desumpta
1337 5683 1365 5721 e
1397 5667 1573 5736 primo
1601 5667 1740 5724 libro
1773 5664 2057 5737 Porphyrii
2091 5669 2109 5720 l

2208 5663 2233 5717 ιί
2267 5663 2503 5733 ἀποχης
