4068 6206
402 195 480 252 85
1281 189 1953 249 DEMONSTRATIONIS‘
1969 189 2423 247 EV’ANGELICAS
2456 190 2581 245 LIB.
2615 194 2654 246 Ι.
3562 194 3629 242 8h”

384 312 690 385 καθιεροῦν
736 314 968 387 ἔχοντες,
1013 315 1143 370 ἀντὶ
1172 315 1376 385 ταύτης
1418 316 1556 379 τέως
1600 316 1696 387 τὴν
1740 316 1826 369 διὰ
1863 314 1958 368 τῶι

2073 324 2182 368 tam
2214 324 2373 383 atque
2394 316 2629 367 animam
2662 313 3001 383 praebuisset.
3022 329 3079 368 se
3106 312 3302 368 debere
3324 314 3585 383 putabant
3611 335 3626 371 :

396 404 613 473 ἀλόγων
649 403 806 469 ζώων
848 407 1115 477 προσῆγον
1142 405 1350 470 θυσίαν,
1382 405 1481 477 τῆς
1505 405 1652 475 σφῶν
1680 406 1854 477 ψυχῆς
1883 407 1975 460 ἀν-

398 496 598 565 τίψυχα
644 497 1101 567 προσκομίζοντες
1121 514 1135 527 ⁸
1163 497 1316 551 οὐδὲν
1345 497 1485 551 κατὰ
1530 496 1685 551 τοῦτο
1720 498 1976 568 πλημμε-

398 587 534 651 λεῖν,
558 589 668 641 οὐδ’
699 590 905 643 ἀδικεῖν
933 589 1242 661 ἡγούμενοι,
1267 591 1347 643 ὅτι
1386 590 1523 661 μηδὲ
1549 593 1614 661 τῇ
1640 590 1747 644 τῶν
1770 590 1974 662 ἀνθρώ-

398 696 519 734 πων
563 680 753 751 λογικῇ
805 683 898 734 καὶ
941 684 1100 753 νοερᾷ
1149 683 1375 753 δυνάμει
1421 682 1804 755 παραπλησίαν
1836 679 1971 737 εἶναι

397 772 496 844 τὴν
527 772 702 843 ψυχὴν
723 772 828 825 τῶν
852 774 1058 841 ἀλόγων
1082 774 1442 839 ἐπαιδεύοντο,
1462 775 1569 828 οὐδ’
1599 775 1725 829 ἄλλο
1752 793 1803 829 τι
1836 772 1971 830 εἶναι

400 866 571 935 αὐτὴν
599 864 631 936 ἢ
672 865 737 918 τὸ“
757 858 895 935 αἷμα
923 866 1105 919 αὐτῶν
1132 866 1529 937 μεμαθηκότες,
1556 868 1649 920 καὶ
1681 867 1779 941 τὴν
1807 870 1863 923 έν
1895 867 1972 938 τῷ

403 960 592 1029 αἵματι
649 956 884 1027 ζωτικὴν
939 957 1185 1027 δύναμιν,
1239 959 1268 1012 ὃ
1325 959 1419 1012 καὶ
1471 959 1728 1030 παρέχειν
1776 959 1971 1023 αὐτοὺς

402 1050 589 1120 ὥσπερ
609 1047 785 1119 ψυχὴν
808 1049 933 1102 ἀντὶ
953 1049 1131 1121 ψυχῆς
1154 1051 1520 1121 ἀναφέροντας
1542 1051 1619 1122 τῷ
1639 1051 1774 1122 Θεῷ.
1802 1051 1972 1104 Τοῦτο

398 1140 463 1193 δὲ’
499 1141 629 1195 αὐτὸ
679 1142 880 1212 Μωσῆς
928 1142 1221 1197 λευκότατά
1271 1161 1373 1197 που
1427 1144 1699 1214 διασαφεῖ,
1760 1142 1965 1212 λέγων’

405 1251 427 1284 s
470 1233 630 1304 Ψυχὴ
674 1233 853 1304 πάσης
906 1234 1102 1307 σαρκὸς
1152 1230 1289 1305 αἷμα
1331 1236 1495 1290 αὐτοῦ
1541 1238 1678 1297 ἐστι,
1723 1236 1816 1289 καὶ
1861 1233 1971 1303 ἐγὼ

399 1323 606 1378 δέδωκα
650 1324 777 1395 ύμῖν
824 1325 889 1377 τδ
915 1319 1054 1396 αἷμα
1090 1326 1182 1379 ὲπϊ
1211 1326 1303 1379 τοῦ
1350 1326 1756 1398 θυσιαστηρίου,
1789 1326 1969 1393 ἐξιλά-

402 1416 625 1469 σκεσθαι
657 1416 784 1487 περὶ
810 1415 917 1469 τῶν
943 1416 1246 1489 ἁμαρτιῶν·
1277 1418 1450 1489 ὑμῶν.
1478 1419 1551 1471 To
1577 1418 1684 1490 γὰρ
1712 1413 1847 1489 αἷμα
1876 1420 1970 1472 αὐ-

398 1504 510 1556 τῶν
555 1506 675 1558 ἀντὶ
715 1505 893 1575 ψυχῆς
931 1505 1252 1571 ὲξιλάσεται.
1289 1507 1399 1560 ΔιάΔ
1436 1507 1591 1560 τοῦτο
1622 1508 1815 1581 εἴρηκα
1858 1510 1968 1571 τοῖς

397 1599 533 1659 υἱοῖς
588 1597 841 1668 Ἰσραήλο
896 1598 1050 1650 Πᾶσα
1107 1598 1252 1670 ψυχὴ
1310 1598 1369 1663 ἐξ
1430 1599 1582 1669 ὐμῶν
1628 1600 1689 1652 οὐ
1736 1599 1966 1669 φάγεται

397 1683 556 1757 αἷμα.
604 1708 623 1740 ι
666 1688 908 1759 Πρόσχες
948 1689 1078 1758 γοῦν
1125 1691 1397 1762 ἐπιμελῶς
1435 1692 1493 1744 ὲν
1538 1691 1768 1756 τούτοις,
1818 1693 1965 1756 ὅπως

397 1776 612 1847 εἴρηται
642 1778 724 1841 τὸ,
764 1797 782 1828 ι
840 1778 978 1848 Ἐγὼ
1017 1779 1223 1834 δέδωκα
1261 1782 1387 1852 ὑμῖν
1432 1783 1523 1835 ἐπὶ
1552 1781 1644 1834 τοῦ
1676 1782 1963 1853 θυσιαστη-

397 1869 513 1938 ρίου
564 1868 937 1933 ἐξιλάσκεσθαι
982 1872 1110 1941 περὶ
1152 1871 1260 1925 τῶν
1300 1872 1485 1943 ψυχῶν
1522 1872 1704 1944 ὐμῶν·
1751 1874 1811 1926 τὸ
1854 1873 1964 1946 γὰρ

394 1955 534 2031 αἷμα
562 1962 681 2014 ἀντὶ
710 1963 807 2033 τῆς
834 1963 1009 2034 ψυχῆς
1050 1963 1369 2030 έξιλάσεται.
1412 1984 1429 2015 ι
1483 1964 1675 2034 Σαφῶς
1696 1965 1802 2037 γὰρ
1845 1966 1964 2019 ἀντὶ

395 2054 499 2124 τῆς
529 2054 869 2125 ἀνθρωπίνης
895 2056 1069 2127 ψυχῆς
1101 2056 1162 2109 τὸ
1190 2055 1299 2109 τῶν
1334 2057 1777 2128 σφαγιαζομένων
1812 2056 1963 2122 ζώων

395 2140 538 2215 αἷμά
564 2164 723 2217 φησιν
767 2147 1163 2213 ἐξιλάσκεσθαι.
1196 2147 1367 2202 Τοῦτο
1401 2148 1456 2200 δὲ
1492 2148 1622 2202 αὐτὸ
1657 2149 1751 2203 καὶ
1779 2149 1807 2201 ό
1838 2151 1963 2221 περὶ

393 2238 503 2291 τῶν
530 2238 727 2292 θυσιῶν
770 2240 931 2310 νόμος
958 2240 1244 2295 ὑποϐάλλει
1267 2244 1406 2293 νοεῖν
1432 2241 1511 2313 τῷ
1538 2242 1963 2314 τεθεωρημένως

397 2329 704 2383 σκοποῦντι.
740 2332 923 2385 Πάντα
961 2331 1089 2401 γοῦν
1122 2333 1231 2385 τὸν
1261 2332 1454 2385 θύοντα
1482 2333 1580 2396 τὰς
1622 2337 1806 2405 χεῖρας
1845 2336 1962 2387 ἐπι-

391 2417 607 2474 ϐάλλειν
640 2420 963 2489 προστάττει
1004 2424 1068 2492 τῇ
1106 2421 1313 2493 κεφαλῇ
1345 2423 1438 2475 τοῦ
1478 2424 1760 2494 θυομένου,
1796 2440 1962 2493 προσ-

392 2509 640 2580 κομίζειν
672 2511 735 2564 δὲ’
763 2513 823 2565 τὸ
853 2512 990 2576 ζῶον
1022 2511 1098 2583 τῷ
1130 2514 1266 2584 ἱερεῖ
1286 2514 1385 2585 τῆς
1419 2515 1657 2584 κεφαλῆς
1685 2516 1959 2585 ἐχόμενον,

389 2603 591 2657 ὡσανεὶ
620 2604 762 2675 ὑπὲρ
800 2605 898 2675 τῆς
932 2603 1124 2657 ἑαυτοῦ
1154 2606 1478 2676 κεφαλῆς-τὸ
1511 2609 1704 2679 ἱερεῖον
1730 2607 1964 2677 προσφέ-

394 2710 572 2766 ρσντα.
616 2696 780 2764 Λέγει
828 2696 872 2749 δ’
919 2693 1009 2751 οὖν
1055 2699 1140 2767 ἐφ’
1174 2700 1405 2770 ἑκάστῳο
1445 2718 1463 2751 ι
1515 2697 1780 2771 Προσάξει
1831 2700 1962 2754 αὐτὸ

390 2786 567 2841 ιναντι
604 2788 832 2859 Κυρίου,
863 2790 957 2843 καὶ
999 2790 1253 2862 ἐπιθήσει
1296 2790 1395 2855 τὰς
1433 2795 1622 2863 χεῖρας
1667 2792 1830 2846 αὐτοῦ
1872 2793 1963 2845 ἐπὶ

387 2879 488 2952 τὴν
520 2880 763 2951 κεφαλὴν
806 2882 899 2934 τοῦ
951 2881 1146 2954 δώρου.
1188 2903 1207 2935 ι
1256 2886 1370 2937 Καὶ
1397 2883 1569 2948 οὕτως
1599 2886 1683 2954 ἐφ’
1733 2886 1961 2939 ἑκάστου

388 2975 685 3043 τετήρηται
711 2973 967 3043 θύματος,
997 2975 1251 3046 οὐδεμιᾶς
1281 2975 1470 3040 θυσίας
1500 2976 1672 3040 ἄλλως
1701 2978 1964 3049 ἀναφερο-

396 3064 583 3135 μένης.
616 3065 691 3117 Δι’
724 3058 797 3117 ὧν
829 3068 858 3119 ό
901 3065 1077 3134 λόγος,
1107 3068 1189 3120 ὅτι
1227 3067 1291 3139 δὴ
1325 3068 1590 3140 ἀντίψυχα
1637 3069 1739 3139 τῆς
1783 3070 1959 3124 αὐτῶν

392 3155 572 3225 ψυχῆς
598 3159 896 3227 προσήγετο
913 3158 980 3211 τά
1002 3158 1416 3229 ζωοθυτούμενα
1434 3178 1448 3191 ’
1484 3163 1512 3214 ὁ
1550 3160 1605 3213 δὲ
1625 3161 1731 3214 τῶν
1752 3162 1961 3230 ἀλόγων

400 3246 554 3311 ζώων
593 3248 653 3299 τὸ
679 3243 810 3318 αἷμα
836 3249 936 3321 τὴν
967 3249 1145 3321 ψυχὴν
1175 3247 1312 3305 εἶναι
1345 3251 1561 3316 διδάξας
1591 3251 1836 3322 οὐδαμῶς
1876 3252 1962 3304 λο-

397 3339 559 3409 γικῆς
587 3341 679 3392 καὶ
705 3344 888 3412 νοερᾶς
918 3343 1104 3406 οὐσίας
1134 3342 1335 3413 όμοίως
1362 3346 1475 3408 toi;
1494 3339 1798 3415 ἀνθρώποις
1829 3360 1958 3413 μετ-

393 3430 536 3501 ἐχειν
564 3431 700 3485 αὐτὰ
727 3433 1077 3504 παρίστησιψ
1125 3428 1261 3488 εἶναι
1311 3433 1419 3507 γὰρ
1448 3434 1625 3487 αὐτῶν
1648 3435 1745 3505 τὴν
1774 3434 1961 3488 σύστα-

391 3538 475 3575 σιν
508 3523 566 3587 ἐξ
596 3523 727 3596 ὕλης
761 3526 855 3578 καὶ
888 3529 1173 3596 σωμάτων,
1200 3528 1312 3590 τοῖς
1336 3525 1444 3579 ἀπὸ
1483 3526 1583 3596 γῆς
1616 3526 1957 3597 βλαστήμασι

389 3612 483 3664 καὶ
526 3617 710 3680 φυτοῖς
760 3616 1160 3686 παραπλησίαν.
1209 3617 1321 3669 Ἑνὶ
1350 3618 1394 3670 δ’
1435 3612 1528 3669 οὖν
1564 3617 1711 3688 λόγῳ
1744 3617 1906 3671 πάλιν
1928 3619 1957 3670 ὁ

386 3702 593 3773 Μωσῆς
633 3722 763 3775 φησι
805 3706 896 3758 τὸν
931 3707 1065 3760 Θεὸν
1111 3711 1312 3762 εἰπεῖν*
1361 3728 1380 3760 ι
1416 3709 1777 3779 Βλαστησάτω
1802 3713 1835 3781 ή
1884 3712 1958 3783 γῆ

388 3791 619 3865 βοτάνην
648 3798 860 3866 χόρτου,
897 3801 1116 3868 σπεῖρον
1162 3800 1380 3871 σπέρμα
1419 3803 1513 3853 καὶ
1558 3800 1716 3868 ξύλον
1759 3803 1956 3874 κάρπι-

392 3900 513 3953 μον.
545 3904 564 3935 ι
599 3887 709 3939 Καὶ
740 3883 894 3950 αὖθις
925 3890 1337 3961 παραπλησίως·
1381 3910 1405 3943 ι
1455 3893 1797 3962 Ἐξαγαγέτω
1825 3897 1858 3965 ἢ
1882 3895 1952 3965 γῆ

382 3968 717 4047 τετράποδα,
750 3980 844 4032 καὶ
886 3982 1117 4051 ἑρπετὰ,
1163 3985 1256 4035 καὶ
1305 3984 1469 4055 θηρία
1517 3986 1617 4055 τῆς
1664 3988 1765 4057 γῆς
1815 3988 1954 4041 κατὰ

382 4066 559 4135 γένος.
604 4087 623 4119 s
665 4069 822 4122 Ὥστε
848 4073 1152 4143 ὁμοιογενῆ,
1184 4075 1278 4127 καὶ
1314 4076 1549 4148 όμοφυῆ,
1576 4078 1670 4131 καί
1696 4079 1953 4150 όμοούσια

382 4155 525 4212 εἶναι
554 4162 800 4230 ἡγεῖσθαι
832 4167 945 4227 τοῖς
972 4166 1080 4219 ἀπὸ
1110 4168 1216 4237 γῆς
1258 4168 1598 4240 βλαστήμασι
1627 4171 1718 4223 καὶ
1767 4176 1952 4241 φυτοῖς

379 4251 453 4304 τὰ
479 4251 678 4319 ἄλογα·
713 4252 795 4305 διὸ
835 4258 929 4309 καὶ
978 4259 1242 4329 μηδαμῶς
1277 4260 1614 4331 πλημμελεῖν
1648 4262 1774 4326 τοὺς
1815 4261 1949 4327 ζωο-

2077 405 2172 461 sed
2202 405 2473 460 eumniliil
2500 406 2843 475 praestantius
2887 413 2979 458 aut
3004 405 3296 474 pretiosius
3322 406 3497 460 anima
3533 422 3631 462 sua

2073 498 2355 562 haberent,
2385 497 2527 567 quod
2550 497 2814 561 dicerent,
2844 513 2942 568 pro
2969 498 3070 551 liae
3098 498 3314 552 interim
3345 500 3629 554 brutorum

2073 589 2385 642 animalium
2412 588 2577 642 vitam
2603 585 2916 651 offerebant,
2943 589 3014 642 ita
3046 603 3157 642 suae
3177 590 3415 658 ipsorum
3441 591 3631 644 animm

2072 679 2401 733 sacriﬁcium
2434 679 2565 733 illud
2596 686 2972 748 comparantes
3004 699 3015 732 :
3050 694 3225 748 neque
3246 695 3303 733 se
3326 679 3381 734 in
3407 681 3507 736 hoc
3538 690 3631 735 aut

2072 766 2404 837 delinquere,
2428 776 2519 821 aut
2542 768 2744 836 injuste
2770 768 2945 823 facere
2968 769 3374 823 arbitrabantur
3397 789 3409 824 :
3432 772 3631 842 quippe

2071 858 2164 928 qui
2195 858 2473 912 hominum
2520 858 2827 925 rationalis,
2860 864 3021 927 atque
3052 858 3401 929 intelligentia
3432 862 3627 930 pradi-

2072 957 2139 1004 ιω
2180 950 2376 1004 anima:
2428 949 2738 1019 neutiquam
2785 948 3015 1003 similem
3073 948 3356 1005 brutorum
3396 942 3628 1005 anirnain

2070 1057 2191 1098 esse
2214 1042 2552 1106 didicissent,
2576 1057 2751 1110 neque
2764 1039 2915 1094 aliud
2930 1040 3216 1111 quicquam
3240 1058 3400 1112 quam
3416 1043 3627 1097 illorum

2072 1136 2408 1206 sanguinem,
2454 1134 2777 1205 vitalemque
2807 1135 2860 1189 in
2902 1150 2967 1190 eo
2998 1135 3102 1188 vim
3140 1150 3261 1193 esse
3285 1151 3435 1202 eam,
3455 1137 3627 1191 edocti

2069 1236 2271 1291 essent,
2300 1220 2512 1296 hocque
2540 1242 2704 1280 unum
2742 1227 2979 1296 praebere
3004 1242 3061 1281 se
3077 1227 3231 1296 quasi
3261 1228 3495 1282 animam
3521 1226 3631 1283 Deo

2070 1331 2169 1386 pro
2199 1316 2378 1369 anima
2410 1314 2716 1370 offerentes.
2744 1314 2856 1370 Hoc
2885 1323 3063 1371 autem
3100 1317 3275 1385 ipsum
3299 1315 3474 1371 Moses
3495 1332 3631 1387 quo-

2070 1405 2193 1459 dam
2228 1407 2348 1461 loco
2378 1406 2693 1476 planissime
2716 1406 2938 1472 indicat,
2967 1408 3060 1461 ubi
3094 1407 3170 1460 ait
3203 1426 3215 1460 :
3251 1425 3268 1457 ι
3299 1408 3490 1461 Anima
3514 1422 3630 1462 om-

2070 1496 2156 1551 nis
2188 1496 2372 1551 carnis
2412 1496 2635 1566 sanguis
2671 1496 2789 1565 ejus
2821 1504 2925 1560 est,
2966 1507 3018 1552 et
3051 1512 3151 1567 ego
3183 1497 3305 1553 dedi
3330 1499 3482 1554 vobis
3511 1514 3634 1554 san-

2070 1587 2286 1657 guinem
2336 1586 2389 1640 in
2432 1586 2586 1642 altari
2622 1586 2688 1640 ad
2738 1586 3063 1656 expiandum
3098 1602 3196 1657 pro
3250 1589 3486 1658 peccatis
3540 1605 3632 1644 ve-

1998 1687 2038 1743 B
2068 1681 2197 1736 stris
2231 1698 2245 1736 :
2280 1681 2501 1751 sanguis
2541 1681 2683 1736 enim
2711 1696 2897 1736 eorum
2928 1695 3026 1751 pro
3050 1681 3230 1735 anima
3259 1683 3516 1752 expiabit.
3547 1681 3633 1738 ld-

2067 1773 2212 1827 circo
2245 1773 2356 1827 dixi
2383 1773 2508 1828 {iliis
2552 1772 2716 1828 Israel
2750 1792 2763 1826 :
2808 1771 2995 1828 Omnis
3028 1772 3208 1826 anima
3237 1789 3301 1829 ex
3333 1775 3485 1831 vobis
3522 1791 3630 1831 non

2066 1867 2309 1922 comedet
2342 1866 2660 1937 sanguinem
2696 1866 2760 1917 ¹⁸.
2806 1884 2823 1917 ι
2859 1863 3088 1919 Attende
3122 1864 3285 1935 igitur
3319 1864 3627 1936 diligenter,

2066 1958 2339 2029 quomodo
2379 1958 2435 2011 in
2465 1958 2549 2013 his
2575 1957 2781 2011 dictum
2812 1956 2884 2009 sit
2910 1954 3044 2008 illud
3079 1974 3091 2009 :
3129 1973 3147 2006 ι
3183 1954 3296 2025 Ego
3324 1956 3446 2011 dedi
3477 1959 3631 2014 vobis

2065 2050 2121 2104 in
2151 2050 2308 2104 altari
2332 2051 2553 2120 expiare
2580 2050 2790 2107 animas
2819 2058 3028 2103 vestras
3055 2066 3069 2114 ;
3105 2050 3330 2119 sanguis
3350 2051 3493 2104 enim
3531 2066 3630 2120 pro

2065 2141 2244 2195 anima
2275 2141 2544 2211 piaculum
2573 2140 2696 2196 erit.
2727 2157 2745 2190 ι
2778 2137 2944 2194 Plane
2963 2139 3106 2194 enim
3131 2156 3228 2210 pro
3249 2141 3481 2196 humana
3511 2145 3630 2199 ani-

2065 2246 2173 2295 ma,
2224 2241 2579 2288 mactatorum
2624 2230 2938 2285 animalium
2989 2233 3308 2301 sanguinem
3354 2237 3627 2304 piaculum

2064 2321 2246 2377 oti'erri
2291 2323 2443 2378 dicit.
2485 2322 2600 2376 Hoc
2632 2320 2772 2376 idem
2803 2318 2966 2373 etiam
2997 2319 3085 2373 lex
3123 2320 3192 2376 de
3226 2323 3511 2380 sacriﬁciis
3533 2325 3630 2381 ad-

2064 2424 2247 2472 monet
2290 2416 2720 2487 intelligendum,
2755 2418 2801 2471 si
2832 2419 2974 2495 quis
3026 2420 3184 2474 modo
3232 2418 3629 2477 consideratius

2064 2510 2385 2565 attenderit-
2412 2508 2545 2564 Nam
2578 2511 2740 2580 capiti
2766 2512 2996 2566 victimae
3027 2527 3475 2582 unumquemque
3495 2510 3625 2566 dum

2063 2601 2548 2657 sacriﬁcatmanns
2576 2603 2777 2658 habere
2816 2604 3045 2674 injectas
3080 2606 3329 2674 imperat,
3363 2616 3415 2659 et
3448 2603 3514 2658 ad
3538 2618 3627 2659 sa-

2062 2690 2332 2745 cerdotem
2365 2691 2564 2745 animal
2589 2691 2767 2761 ipsum
2792 2692 3060 2749 adducere
3082 2695 3257 2763 capite
3277 2693 3628 2764 comprehen-

2063 2796 2206 2847 sum,
2240 2792 2405 2852 atque
2428 2782 2728 2849 detentum,
2757 2785 2913 2853 quasi
2938 2786 3030 2855 qui
3071 2800 3171 2856 pro
3201 2800 3301 2841 suo
3332 2786 3501 2855 ipsius
3529 2799 3620 2839 ca-

2064 2875 2173 2944 pite
2201 2872 2436 2931 liostiam
2463 2875 2750 2942 exhibeat;
2784 2875 2918 2931 dicit
2948 2879 3112 2949 igitur
3156 2879 3223 2934 de
3258 2893 3622 2949 unoquoqm:

2068 2984 2086 3017 ι
2123 2964 2369 3021 Adducet
2408 2966 2538 3021 illud
2564 2972 2690 3021 ante
2738 2964 3048 3034 Dominum,
3080 2977 3133 3024 et
3165 2970 3403 3040 imponet
3429 2984 3624 3027 manus

1988 3032 2031 3093 C
2067 3073 2195 3114 snas
2219 3060 2273 3113 in
2305 3067 2469 3131 caput
2513 3063 2758 3118 muneris
2789 3065 2852 3117 ”.
2891 3063 3098 3130 rQnod
3136 3078 3267 3118 sane
3297 3063 3351 3117 in
3373 3064 3518 3118 omni
3539 3064 3623 3117 vi-

2063 3153 2227 3207 ctima
2257 3153 2603 3209 observatum
2630 3164 2735 3221 est,
2784 3172 2907 3211 cum
2956 3157 3114 3210 aliter
3158 3156 3362 3210 nullum
3410 3155 3622 3212 sacriﬁ-

2062 3246 2205 3299 cium
2254 3243 2532 3299 otl'eratur.
2558 3245 2638 3301 Ex
2670 3248 2868 3318 quibus
2904 3248 3088 3317 utique
3120 3248 3300 3303 verbis
3331 3262 3511 3302 sermo
3539 3246 3624 3301 di-

2061 3337 2220 3391 vinus
2272 3336 2405 3390 illud
2438 3335 2664 3408 intelligi
2714 3340 2849 3403 vult,
2906 3341 3264 3394 humanarum
3317 3339 3619 3393 animarum

2061 3429 2313 3498 pretium,
2353 3447 2485 3500 qua)
2503 3432 2946 3486 saeriiicarentur
2975 3429 3229 3485 animalia
3262 3428 3504 3484 exhiberi
3532 3445 3625 3485 so-

2062 3523 2154 3589 lita
2188 3539 2330 3579 esse.
2358 3523 2531 3579 Porro
2552 3533 2734 3585 autem
2764 3529 2858 3596 qui
2895 3525 3052 3580 docet
3092 3524 3373 3579 brutorum
3408 3523 3618 3580 anima-

2059 3617 2188 3671 lium
2218 3619 2561 3688 sanguinem,
2606 3620 2848 3690 ipsorum
2881 3635 3004 3676 esse
3045 3619 3304 3682 animam,
3340 3617 3388 3674 is
3415 3632 3621 3688 nequa—

2056 3725 2218 3779 quam
2243 3726 2315 3765 ea
2340 3727 2464 3767 eum
2496 3712 2748 3766 rationali
2796 3712 2905 3783 36
2938 3720 3100 3782 atque
3132 3711 3461 3780 intelligente
3490 3709 3620 3764 sub-

2058 3802 2278 3864 stantia,
2319 3803 2461 3856 sicut
2506 3803 2752 3857 homines
2787 3803 3171 3856 commercium
3220 3801 3417 3855 habere
3452 3799 3623 3869 signi-

2058 3890 2201 3945 ﬁcat.
2241 3891 2507 3947 Constare
2539 3893 2682 3947 enim
2711 3909 2777 3947 ex
2808 3907 2870 3946 ea
2904 3892 3127 3947 materia
3173 3900 3224 3946 et
3270 3890 3616 3960 corporibus,

2055 3986 2198 4041 sicut
2253 3986 2576 4056 pullulantia
2619 3986 2799 4040 omnia
2832 3985 3135 4055 plantaque
3181 3992 3467 4039 constant:
3498 3982 3620 4041 Uno

2054 4079 2236 4148 itaque
2274 4092 2526 4133 sermone
2558 4094 2750 4133 rursus
2778 4076 2955 4132 Moses
2991 4076 3161 4132 Deum
3197 4093 3353 4133 usum
3384 4077 3617 4144 inducit,

2052 4186 2176 4225 eum
2209 4171 2283 4224 ait
2316 4190 2328 4225 :
2372 4189 2391 4222 ι
2432 4170 2710 4225 Germinet
2733 4177 2877 4225 terra
2912 4169 3130 4225 herbam
3172 4168 3300 4225 [alii
3348 4170 3619 4224 seminario

2052 4265 2123 4317 tis
2152 4280 2356 4327 semen,
2404 4272 2463 4319 ut
2513 4264 2715 4335 lignum
2746 4262 3087 4317 l'ructii'erum
3132 4265 3199 4317 ".
3243 4283 3259 4313 ι
3318 4261 3380 4315 Et
3427 4263 3614 4318 eadem

380 4340 695 4407 θυτοῦντας.
713 4346 939 4418 Εἴρηται
960 4349 1089 4417 γοῦν
1109 4350 1296 4421 καὶτῷ
1316 4352 1459 4416 Νῶε,
1476 4352 1686 4407 ἐδεσθαι
1702 4355 1857 4425 κρέα,
1874 4357 1950 4421 ὡς

2058 4369 2244 4409 rursus
2278 4354 2488 4408 ratione
2520 4374 2531 4407 :
2569 4372 2588 4404 ι
2623 4352 2893 4408 Produeat
2932 4361 3075 4407 terra
3116 4352 3518 4423 quadrupedes.
3560 4362 3617 4409 et

379 4432 586 4504 λάχανα
598 4436 937 4507 άγροῦ.Ἔως
955 4442 1052 4511 μὲν
1070 4438 1162 4495 οὖν
1179 4442 1393 4497 οὐδέπω
1402 4445 1461 4497 τὸ
1479 4448 1742 4516 κρεῖττον,
1755 4447 1874 4500 οὐδὲ
1890 4449 1951 4501 τὸ

384 4525 526 4595 μέγα
570 4529 664 4580 καὶ
700 4530 897 4601 τίμιον,
927 4535 1019 4586 καὶ
1043 4533 1340 4605 θεοπρεπὲς
1374 4537 1598 4605 σφάγιον
1629 4541 1810 4611 παρῆν
1852 4542 1946 4593 άν-

378 4614 633 4686 θρώποις,
652 4624 766 4684 ταῖς
781 4623 867 4675 διὰ
882 4623 1033 4686 ζώων
1049 4626 1257 4691 θυσίαις
1273 4627 1441 4700 λύτρα
1452 4629 1548 4698 τῆς
1565 4630 1768 4683 ἑαυτῶν
1779 4631 1941 4702 ζωῆς,

378 4709 473 4761 καὶ
501 4710 765 4783 ἀντίψυχα
793 4716 892 4785 τῆς
918 4717 1121 4781 οἰκείας
1159 4720 1371 4788 φύσεως
1402 4724 1781 4792 προσηκόντως
1808 4726 1945 4777 ἀπο-

372 4799 572 4855 διδόναι
604 4806 741 4875 χρῆν
770 4807 847 4877 τῷ
869 4807 1017 4879 Θεῷ’
1045 4811 1120 4875 ὡς
1148 4813 1240 4864 καὶ
1276 4812 1540 4884 ἔπραττον
1560 4817 1609 4867 oi
1638 4815 1804 4869 πάλαι
1828 4815 1946 4869 θεο-

374 4894 570 4962 φιλεῖς,
596 4898 788 4965 σεμνόν
816 4915 868 4951 τι
895 4901 987 4952 καὶ
1021 4901 1261 4972 θεοφιλὲς
1285 4905 1378 4957 καὶ
1410 4904 1550 4976 μέγα
1581 4907 1772 4978 ἱερεῖον
1796 4907 1943 4978 ἥξειν

374 4986 509 5038 ποτε
534 4989 612 5049 είς
638 4988 956 5060 ἀνθρώπους
979 4993 1055 5064 τῷ
1078 4995 1207 5066 θείῳ
1231 4997 1507 5068 Πνεύματι
1530 4999 1937 5069 προειληφότες,

371 5077 434 5129 τὸ
460 5078 553 5130 τοῦ
595 5082 794 5145 παντὸς
826 5084 1118 5157 καθάρσιον
1141 5088 1364 5159 κόσμου,
1390 5085 1452 5144 οὗ
1480 5092 1574 5143 καὶ
1599 5091 1669 5145 τὰ
1696 5092 1937 5164 σύμϐολα

372 5167 512 5232 τέως
544 5172 807 5227 ἐπιτελεῖν
848 5176 1038 5241 αὐτοὺς
1070 5182 1351 5251 προφήτας
1383 5180 1562 5246 ὄντας,
1598 5183 1690 5237 καὶ
1716 5184 1778 5236 τὸ
1811 5183 1937 5254 μέλ-

375 5256 467 5309 λον
512 5259 726 5316 ἔσεσθαι
769 5270 1261 5338 προτυπουμένους·
1318 5271 1502 5342 ἐπειδὴ
1546 5272 1603 5324 δὲ
1638 5273 1699 5325 τὸ
1735 5273 1935 5327 τέλειον

374 5350 580 5420 παρῆν,
608 5357 715 5417 τοῖς
758 5356 866 5407 τῶν
909 5360 1200 5431 προφητῶν
1233 5362 1539 5426 ἀκολούθως
1577 5362 1930 5434 θεσπίσμασι,

372 5440 617 5495 πέπαυτο
650 5445 716 5496 -ᾶ
753 5447 944 5516 πρῶτα
986 5450 1081 5503 καὶ
1122 5450 1310 5505 mm
1346 5454 1688 5525 παραχρῆμα
1711 5456 1798 5508 διὰ
1838 5457 1934 5526 τῆς

448 5620 492 5653 ⁸⁸
533 5620 687 5679 Lavit
740 5639 892 5691 Im,
951 5626 1135 5689 ii,l2.

2057 4445 2271 4515 reptilia
2297 4485 2313 4509 ,
2358 4453 2413 4500 et
2460 4445 2665 4500 bestias
2698 4454 2858 4500 terra:
2906 4447 3200 4516 generatim
3231 4447 3298 4500 ".
3335 4464 3354 4497 ι
3398 4444 3465 4500 Ut
3492 4461 3612 4499 om-
3652 4451 3661 4465 '

2054 4538 2185 4593 nino
2230 4538 2475 4608 ejusdem
2520 4546 2575 4593 et
2615 4539 2834 4608 generis
2871 4546 2925 4593 et
2955 4547 3160 4591 natura:
3190 4547 3243 4591 et
3294 4538 3615 4593 substantia:

2050 4629 2208 4684 bruta
2233 4645 2356 4686 esse
2383 4630 2677 4685 dicendum
2703 4631 2794 4694 sit,
2826 4630 2984 4698 cujus
3010 4637 3085 4683 et,
3104 4628 3463 4699 germinantis
3493 4645 3613 4683 om-

2048 4725 2139 4776 nia
2190 4731 2250 4777 et
2307 4723 2509 4791 planta:
2545 4730 2693 4778 sunt.
2760 4721 2993 4776 Proinde
3043 4723 3363 4782 neutiquam
3405 4736 3612 4791 errare,

2045 4814 2139 4884 qui
2189 4815 2443 4869 animalia
2486 4816 2814 4872 sacriﬁcant.
2858 4814 3066 4867 Dictum
3116 4814 3277 4883 igitur
3320 4820 3403 4868 est
3444 4813 3611 4868 etiam

2045 4906 2176 4973 Noe,
2208 4916 2267 4962 ut
2288 4909 2593 4964 eomederet
2613 4923 2827 4974 carnes,
2850 4908 3007 4977 quasi
3035 4906 3180 4961 olera
3214 4907 3348 4976 agri.
3377 4904 3616 4962 Proinde

2043 4999 2171 5055 dum
2206 5001 2351 5055 nulla
2382 5001 2746 5071 praestantior,
2780 5014 2956 5068 neque
2981 5000 3175 5067 major,
3208 5014 3381 5068 neque
3408 4997 3612 5068 pretio-

2042 5093 2176 5156 sior,
2217 5108 2394 5163 neque
2425 5090 2535 5148 Deo
2584 5092 2995 5147 eonvenientior
3044 5091 3261 5144 victima
3296 5091 3607 5145 hominibus

2047 5184 2276 5240 aderat:
2310 5184 2576 5239 sacrificia
2618 5185 2836 5239 interim
2878 5200 2941 5238 ex
2979 5182 3328 5247 animalibus,
3362 5198 3461 5254 pro
3506 5197 3604 5236 sna

2046 5274 2288 5345 ipsorum
2323 5275 2431 5328 vita
2465 5274 2798 5341 redimenda,
2828 5281 2884 5329 et
2909 5271 3180 5345 quoddam
3210 5277 3365 5344 quasi
3400 5282 3609 5332 natura

2042 5366 2275 5435 propria:
2321 5368 2620 5421 animatum
2647 5369 2902 5437 pretium,
2938 5367 3039 5437 ipsi
3081 5365 3190 5421 Deo
3224 5367 3448 5422 reddere
3487 5368 3610 5422 illos

2041 5457 2425 5512 convenienter
2466 5458 2750 5527 oportebat
2798 5477 2810 5511 :
2861 5458 3002 5511 sicut
3045 5457 3208 5511 etiam
3264 5458 3355 5513 Dei
3401 5467 3608 5513 veteres

1214 5631 1253 5663 "
1282 5628 1449 5684 chit.
1513 5648 1592 5695 ιιι,
1630 5631 1682 5695 ’5,
1711 5634 1764 5697 8,
1802 5633 1892 5699 i3;
1932 5651 1958 5689 l‘

2058 5632 2443 5705 l,24,29,55.
2522 5640 2564 5671 ιο
2596 5635 2729 5690 Gen.
2762 5636 2915 5701 ι,ιι.
2996 5636 3327 5696 "mneo.
