4068 6206
553 171 624 225 :7
1180 181 1446 239 susse"
1485 147 1958 243 CESARIENSIS
1995 189 2080 244 or

2187 191 2368 250 PARS
2406 193 2474 252 ιι.
2513 225 2583 234 -
2618 173 3111 250 ΑΡοιοοΕτιειζ
3693 195 3762 252 88

552 288 714 342 aiuici
740 300 792 345 et
831 294 1068 350 cultores
1099 296 1386 363 faciebant,
1409 303 1500 371 qui
1541 307 1896 363 venerabilem
1917 324 2079 379 quam

2205 311 2297 364 τοῦ
2339 313 2639 384 κρείττονος
2664 313 2756 368 καὶ
2787 313 3018 386 ἀληθοῦς
3051 315 3338 385 ίερουγίας.
3369 307 3532 379 Οὗτος
3561 315 3605 368 δ’
3637 309 3703 385 ἦν
3734 320 3764 370 6

551 376 696 441 dam,
743 376 960 450 Deoque
987 395 1283 454 acceptam,
1311 400 1365 446 et
1409 408 1654 463 magnam
1688 376 1951 460 hostiam,
1974 415 2105 454 ven-

551 473 728 522 turam
761 471 890 525 olim
937 475 1005 527 ad
1051 476 1318 544 homines,
1355 483 1537 540 divino
1578 487 1851 544 indicante
1886 491 2101 559 spiritu,

550 562 702 610 tanto
737 567 863 616 ante
901 563 1224 633 didicerant,
1262 589 1382 642 quae
1427 578 1590 632 totius
1632 579 1819 634 mundi
1867 582 2104 654 expiatio

546 648 834 706 exsisteret
869 671 882 706 :
909 656 1066 724 cujus
1096 659 1255 716 etiam
1285 667 1436 734 signa
1457 669 1698 738 quaedam
1727 679 1780 726 et
1821 648 1976 730 nota‘s
1999 676 2103 745 ipsi

547 737 752 837 interea
795 743 1008 802 obirent
1052 760 1214 820 atque
1261 737 1578 824 perﬁcerent
1621 783 1635 817 :
1677 765 1876 835 quippe
1913 737 2102 837 qui-et

547 829 821 896 propheta:
857 846 1060 903 essent,
1094 849 1148 894 et
1169 843 1306 911 ejus,
1338 849 1479 916 quod
1504 829 1743 906 futurum
1767 829 2104 925 esspectare-

543 930 652 982 tur,
685 923 908 993 ﬁguram
937 931 990 984 in
1026 948 1084 987 se
1109 938 1378 1004 quandam
1412 950 1537 998 ante
1561 954 1824 1014 gerentes.
1868 949 1967 1004 Ubi
2003 967 2101 1006 au-

541 1019 651 1065 tem
683 1017 827 1084 quod
870 1021 1168 1089 perfectum
1213 1040 1330 1084 erat
1366 1032 1602 1098 advenit,
1647 1041 2096 1108 quemadmodum

544 1105 800 1162 vaticinia
836 1115 1216 1182 prophetarum
1264 1123 1644 1193 praedixerant,
1679 1135 1860 1200 priora
1886 1136 1976 1188 illa
2005 1136 2098 1192 de-

541 1195 771 1263 sierunt,
807 1213 859 1256 et
887 1211 1261 1274 praestantiore
1301 1219 1616 1289 veriorequc
1651 1223 1918 1279 sacriﬁcio
1951 1227 2097 1282 illico

539 1289 752 1345 sublata
775 1303 922 1350 sunt.
947 1297 1046 1352 Hic
1075 1311 1252 1358 autem
1283 1306 1382 1362 fuit
1405 1310 1656 1369 Christus
1679 1314 1794 1380 Dei,
1823 1317 1871 1372 is
1892 1317 1958 1374 de
1989 1335 2096 1390 quo

539 1382 858 1478 antiquitus,
896 1404 926 1442 a
955 1392 1146 1460 primis
1186 1413 1356 1468 usque
1387 1405 1720 1474 temporibus
1749 1407 1952 1464 dictum
1987 1382 2092 1478 est,

536 1473 680 1540 quod
718 1477 784 1530 ad
814 1477 1060 1537 homines
1100 1496 1243 1542 esset
1291 1473 1570 1561 venturus,
1597 1505 1761 1567 atque
1799 1500 1971 1554 instar
2002 1517 2094 1571 pe-

536 1565 692 1621 cudis
734 1584 832 1638 pro
879 1579 993 1628 toto
1040 1592 1238 1645 genere
1282 1581 1523 1640 humano
1564 1565 2092 1655 interﬁciendum-ut

535 1655 677 1723 apud
707 1655 899 1713 Isaiam
932 1665 1250 1734 prophetam
1281 1672 1541 1742 scriptum
1572 1677 1818 1746 legimus,
1847 1681 1938 1734 ubi
1968 1682 2043 1736 ait
2074 1701 2086 1734 :

540 1766 559 1796 ι
589 1746 740 1803 Sicut
765 1752 882 1808 ovis
903 1753 968 1806 ad
989 1757 1314 1815 occisionem
1339 1763 1536 1821 ductus
1555 1775 1658 1832 est,
1685 1778 1739 1822 et
1760 1769 1901 1824 sicut
1918 1786 2091 1842 agnus

533 1853 716 1894 coram
738 1843 996 1900 tondente
1027 1847 1296 1905 obmutuit
1322 1855 1385 1904 ".
1419 1853 1548 1909 Item
1587 1856 1717 1912 dicit
1747 1878 1761 1914 :
1788 1878 1805 1909 ι
1836 1858 1933 1914 Hic
1967 1877 2090 1930 pec-

533 1940 650 1985 cata
680 1940 866 1987 nostra
900 1933 1024 1998 l‘ert,
1061 1947 1114 1993 et
1144 1954 1242 2008 pro
1271 1942 1430 2000 nobis
1457 1945 1509 1998 in
1539 1947 1726 2004 dolore
1746 1958 1830 2004 est
1857 1971 1870 2005 :
1904 1959 1957 2006 et
1987 1968 2089 2009 nos

534 2023 901 2090 reputavimus
936 2042 1059 2082 eum
1089 2043 1211 2086 esse
1248 2032 1303 2087 in
1342 2035 1543 2100 labore,
1572 2047 1626 2094 et
1668 2040 1720 2093 in
1751 2040 1925 2111 plaga,
1959 2050 2011 2097 et
2032 2045 2088 2098 in

529 2110 853 2170 alﬂictione:
893 2119 1008 2188 ipse
1049 2129 1229 2176 autem
1273 2125 1584 2183 vulneratus
1603 2137 1686 2185 est
1717 2110 1937 2202 propter
1962 2148 2090 2202 pec-

528 2213 647 2258 cata
677 2216 885 2272 nostra,
927 2219 980 2266 et
1023 2214 1143 2267 tulit
1185 2215 1494 2288 languorem
1522 2233 1742 2291 propter
1775 2223 2087 2293 iniquitates

527 2308 743 2354 nostras
778 2320 791 2354 :
824 2301 1106 2373 disciplina
1142 2310 1293 2377 pacis
1323 2322 1523 2368 nostra:
1543 2329 1706 2384 super
1732 2334 1853 2371 eum
1881 2335 1892 2370 :
1919 2320 2087 2376 livore

522 2389 645 2458 ejus
689 2407 790 2447 nos
829 2398 1002 2450 sanati
1052 2413 1261 2464 sumus,
1305 2410 1360 2456 et
1395 2402 1656 2462 Dominus
1691 2408 1913 2462 tradidit
1959 2425 2082 2464 eum

523 2484 758 2552 peccatis
788 2491 989 2544 nostris
1016 2509 1030 2544 :
1059 2491 1173 2561 ipse
1203 2495 1343 2547 enim
1375 2506 1653 2564 peccatum
1677 2514 1785 2552 non
1811 2499 1957 2567 fecit,
1988 2518 2083 2558 ne-

522 2589 628 2642 que
668 2575 920 2632 inventus
959 2587 1043 2634 est
1087 2579 1245 2635 dolus
1289 2583 1345 2635 in
1373 2598 1468 2639 ore
1503 2585 1644 2654 ejus.
1680 2607 1699 2639 ι
1737 2586 1944 2643 Similia
1973 2591 2078 2657 his,

523 2665 647 2718 item
675 2668 720 2700 ³⁸
739 2666 1002 2726 Jeremias
1017 2673 1153 2728 alter
1185 2673 1530 2731 Hebraeorum
1567 2680 1824 2749 propheta
1860 2683 2080 2739 inducta

520 2771 751 2826 persona
779 2757 980 2816 Christi
1027 2764 1202 2832 palam
1237 2770 1482 2823 enuntiat
1522 2769 1709 2828 dicens
1747 2791 1766 2824 ι
1801 2773 1912 2844 Ego
1941 2776 2080 2831 sicut

519 2864 692 2918 agnus
721 2851 1004 2919 innocens,
1027 2857 1122 2926 qui
1153 2858 1383 2914 ducatur
1413 2863 1480 2916 ad
1503 2864 1917 2922 sacriﬁcandum
1948 2871 2010 2922 ⁸⁵.
2053 2890 2073 2922 ι.

2205 401 2432 472 Χριστὸς
2465 401 2556 456 τοῦ
2596 402 2752 466 Θεοῦ,
2787 403 2992 457 ἀνωθεν
3016 405 3079 456 ἐκ
3106 403 3344 457 παλαιῶν
3375 406 3580 476 χρόνων
3611 405 3762 475 ἥξειν

2204 492 2282 553 εἰς
2313 491 2646 560 ἀνθρώπους,
2672 494 2764 547 καὶ
2786 495 3054 566 προὸἁτου
3079 495 3233 566 δίκην
3259 496 3398 567 ὑπὲρ
3425 499 3618 562 παντὸς
3659 499 3758 571 τοῦ

2202 579 2309 634 τῶν
2347 581 2643 653 ἀνθρώπων
2680 584 2868 653 γένους
2906 586 3276 656 σφαγὴσεσθαι
3327 589 3760 660 προαγορευόμε-

2201 688 2315 735 νος·
2421 691 2550 744 φησι
2590 675 2714 747 περὶ
2753 674 2912 730 αὑτοῦ
2954 677 3174 740 Ἠσαίας
3199 677 3226 730 6
3267 682 3566 750 προφήτης
3600 698 3622 730 ι
3671 680 3759 742 Ὠς

2199 764 2468 836 πρόϐατον
2506 767 2596 820 ἐπὶ
2634 769 2844 839 σφαγὴν
2887 769 3045 840 ἤχθη,
3076 770 3170 822 καὶ
3216 770 3292 834 ῶς
3321 770 3490 842 ἀμνὸς
3517 773 3756 826 ἐναντίον

2199 855 2292 909 τοῦ
2319 857 2587 928 κείροντος
2627 859 2857 928 ἄφωνος.
2911 879 2930 912 ι
2967 861 3073 913 Καὶ
3097 860 3353 928 ἐπιλέγει·
3396 880 3414 913 t
3460 853 3625 927 Οὗτος
3656 863 3757 928 τὰς

2201 950 2471 1020 ἁμαρτίας
2500 951 2658 1021 ἡμῶν
2684 952 2858 1022 φέρει,
2889 954 2982 1005 καὶ
3013 953 3140 1024 περὶ
3170 953 3324 1022 ἡμῶν
3355 953 3634 1008 όδυνᾶται·
3662 957 3754 1008 καὶ

2196 1043 2357 1111 ἡμεῖς
2381 1042 2738 1112 ἐλογισάμεθα
2768 1043 2927 1102 αὐτὸν
2947 1039 3081 1096 εἶναι
3101 1046 3158 1097 ἐν
3189 1044 3331 1114 πόνῳ
3352 1045 3444 1098 καὶ
3466 1047 3522 1100 ἐν
3547 1045 3753 1117 πληγῇ,

2197 1133 2289 1184 καὶ
2340 1134 2396 1186 ἐν
2449 1132 2722 1187 κακώσει’
2767 1135 2926 1199 αὐτὸς
2975 1135 3030 1188 δέ
3077 1135 3476 1207 ἐτρωματίσθη
3523 1136 3609 1190 διά
3654 1137 3754 1205 τὰς

2198 1225 2473 1295 ἁμαρτίας
2515 1224 2690 1295 ἡμῶν,
2732 1227 2825 1280 καὶ
2867 1226 3261 1297 μεμαλὰκισται
3287 1227 3372 1280 διὰ
3404 1227 3502 1291 τὰς
3530 1228 3754 1301 ἀνομίας

2195 1317 2369 1388 ἡμῶν.
2408 1318 2628 1370 Παιδεία
2655 1319 2874 1391 εἰρήνης
2903 1318 3054 1389 ἡμῶν
3084 1319 3168 1371 ἐπ’
3196 1319 3385 1372 αὐτόν·
3421 1319 3497 1391 τῷ
3525 1321 3753 1392 μώλωπι

2193 1409 2356 1463 αὐτοῦ
2393 1411 2553 1480 ἡμεῖς
2589 1409 2836 1482 ίάθημεν,
2873 1411 2964 1463 καὶ
3000 1411 3198 1481 Κύριος
3238 1411 3548 1481 παρέδωκεν
3591 1414 3748 1468 αὑτὸν

2194 1506 2310 1564 ταῖς
2367 1502 2662 1572 ἁμαρτίαις
2715 1502 2900 1572 ἡμῶν·
2947 1503 3106 1566 αὐτὸς
3160 1503 3265 1574 γὰρ
3320 1504 3592 1572 ἁμαρτίαν
3646 1504 3749 1558 οὐκ

2194 1594 2466 1663 ἐποίησεν,
2493 1594 2601 1647 οὐδ’
2630 1593 2823 1666 εὑρέθη
2862 1595 3010 1658 δόλος
3034 1597 3089 1647 ἐν
3123 1594 3198 1665 τῷ
3241 1595 3463 1664 στόματι
3495 1595 3676 1648 αὐτοῦ.
3721 1614 3741 1648 ι

2193 1686 2273 1737 Ti
2319 1687 2476 1756 ὃμοια
2522 1685 2731 1749 τούτοις
2778 1688 2870 1740 καὶ
2927 1687 3188 1758 Ἱερεμίας
3239 1686 3422 1758 ἕτερος
3483 1687 3748 1759 Ἐϐραίων

2192 1780 2472 1850 προφήτης
2503 1780 2594 1832 ἐπὶ
2639 1778 2924 1849 προσώπου
2954 1780 3045 1834 τοῦ
3085 1779 3318 1850 Χριστοῦ
3353 1781 3630 1848 ἐπιφωνεῖ,
3659 1779 3749 1831 λέ-

2189 1887 2326 1938 γων·
2349 1889 2367 1921 ι
2401 1871 2540 1940 Ἐγὼ
2557 1869 2632 1932 ὼς
2655 1871 2836 1942 ἀρνίον
2855 1873 3055 1934 ἄκακον
3071 1873 3333 1942 ἀγόμενον
3353 1872 3444 1924 τοῦ
3469 1872 3708 1927 θύεσθαι.
3723 1892 3741 1925 ο

2203 1963 2682 2031 Ἐπισφραγίζεται
2709 1963 2808 2026 τὰς
2834 1964 3035 2018 τούτων
3071 1967 3400 2037 προρρήσεις
3441 1965 3690 2036 Ἰωάννης
3716 1966 3746 2019 6

2189 2050 2492 2118 Βαπτιστὴς
2529 2052 2621 2104 καὶ
2662 2052 2754 2104 ἐπὶ
2799 2053 2898 2123 τῆς
2930 2053 3020 2106 τοῦ
3053 2055 3302 2125 Σωτῆρος
3350 2055 3506 2126 ἡμῶν
3544 2057 3743 2125 ἐπιφα-

2185 2141 2349 2205 νείας.
2393 2140 2534 2196 Ἰδὼν
2561 2142 2668 2213 γὰρ
2701 2145 2884 2208 αὐτὸν,
2925 2146 3017 2202 καὶ
3044 2149 3155 2210 τοῖς
3191 2147 3450 2218 παροῦσιν
3477 2149 3744 2214 ἐπιδείξας

2185 2231 2260 2296 ὡς
2295 2232 2402 2302 ἀρα
2440 2235 2601 2297 αὐτὸς
2641 2234 2724 2306 εἴη
2775 2237 2804 2288 6
2842 2237 3328 2308 προφητευόμενος,
3359 2239 3735 2311 ἐπεφώνησεν·

2189 2340 2209 2374 l
2241 2322 2351 2376 Ἴδε
2373 2326 2400 2376 ὁ
2423 2324 2591 2394 ἀμνὸς
2623 2325 2716 2378 τοῦ
2744 2325 2880 2378 Θεοῦ
2901 2365 2915 2389 ,
2945 2328 2972 2378 6
3006 2326 3173 2398 αἴρων
3211 2329 3308 2400 τὴν
3335 2330 3598 2400 ἁμαρτίαν
3641 2327 3735 2382 τοῦ

2183 2414 2407 2484 κόσμου.
2451 2433 2469 2466 ι
2504 2416 2630 2468 Ὅτε
2657 2416 2832 2470 τοίνυν
2858 2417 2998 2474 κατὰ
3021 2417 3116 2483 τὰς
3140 2419 3247 2474 τῶν
3281 2419 3564 2492 προφητῶν
3593 2438 3737 2492 μαρ-

2181 2506 2370 2576 τυρίας
2401 2505 2626 2576 εὕρηται
2649 2507 2709 2559 τὸ
2745 2507 2886 2577 μέγα
2918 2510 3012 2561 καὶ
3037 2509 3214 2579 τίμιον
3247 2510 3435 2580 λύτρον
3475 2511 3738 2566 Ἰουδαίων

2180 2599 2312 2668 ὁμοῦ
2347 2598 2438 2651 καὶ
2479 2599 2760 2670 Ἑλλήνων,
2795 2601 2856 2652 τὸ
2895 2601 2986 2654 τοῦ
3027 2603 3226 2668 παντὸς
3279 2605 3480 2674 κόσμου
3536 2603 3740 2672 καθάρ-

2182 2707 2314 2752 σιον,
2341 2692 2554 2744 πάντων
2575 2692 2874 2762 ἀνθρώπων
2901 2694 3205 2766 ἀντίψυχον,
3239 2696 3299 2750 τὸ
3325 2697 3503 2767 πάσης
3527 2695 3740 2767 κηλίδος

2179 2783 2270 2835 καὶ
2306 2783 2578 2854 ἁμαρτίας
2609 2783 2845 2856 καθαρὸν
2875 2787 3084 2854 ἱερεῖον,
3117 2789 3146 2840 6
3175 2787 3342 2858 ἀμνὸς
3366 2787 3457 2842 τοῦ
3491 2788 3646 2854 Θεοῦ,
3678 2787 3740 2842 τὸ

2179 2871 2418 2941 θεοφιλὲς
2473 2874 2565 2926 καὶ
2627 2874 2785 2938 ἁγνὸν
2837 2874 3122 2944 πρόϐατον,
3163 2877 3225 2930 τὸ
3271 2878 3739 2950 προφητευόμενον

517 2941 626 3011 37
655 2941 870 2998 Claudit
919 2947 1112 3002 horutn
1158 2950 1538 3017 praedictiones
1582 2958 1741 3024 quasi
1773 2958 1986 3028 signum
2009 2962 2075 3018 iis

2181 2964 2378 3034 ἀρνίον,
2417 2960 2478 3018 οῦ
2511 2965 2597 3018 διὰ
2629 2967 2726 3036 τῆς
2759 2941 2938 3020 ἐνθέου
2973 2969 3066 3022 καὶ
3099 2941 3362 3040 μυστικῆς
3389 2941 3738 3035 διδασκαλίας

518 3035 834 3104 imprimens
863 3036 1102 3096 Joannes
1163 3041 1426 3116 Baptista,
1475 3047 1531 3100 in
1580 3049 1749 3118 ipsius
1779 3051 2074 3110 Salvatoris

517 3129 688 3182 nostri
721 3129 975 3186 adventu.
1009 3133 1144 3188 Cum
1175 3137 1318 3190 enim
1343 3139 1494 3192 illum
1539 3141 1784 3207 vidisset,
1814 3145 1953 3200 etiis
1979 3147 2073 3215 qui

517 3220 740 3275 aderant
796 3224 1088 3280 indicasset
1118 3246 1130 3280 :
1163 3237 1220 3283 ut
1244 3229 1494 3286 videlicet
1530 3234 1645 3302 ipse
1673 3245 1840 3299 esset,
1870 3236 1936 3292 de
1963 3255 2072 3307 quo

518 3313 788 3383 propheta:
845 3317 1214 3386 loquerentur,
1263 3323 1623 3378 acclamavit:
1672 3345 1691 3376 ‹
1728 3326 1867 3382 Ecce
1901 3343 2072 3398 agnus

516 3402 636 3466 Dei,
665 3405 758 3475 qui
787 3408 926 3462 tollit
952 3420 1233 3478 peccatum
1285 3415 1471 3468 mundi
1502 3416 1567 3470 ⁸³.
1597 3435 1615 3468 ι
1653 3416 1880 3482 Quando
1909 3419 2073 3490 igitur
2110 3413 2117 3420 ’

514 3495 812 3550 secundum
875 3499 1186 3554 testimonia
1232 3503 1612 3573 prophetarum
1664 3509 1940 3564 inventum
1989 3519 2072 3567 est

515 3600 790 3656 maguum,
824 3591 1112 3661 magnique
1140 3595 1518 3652 aestimandum
1571 3615 1671 3669 pro
1718 3603 2068 3668 redimendis,

513 3683 569 3731 et
586 3675 788 3734 Iudaeis
819 3683 1024 3750 pariter
1051 3691 1106 3740 et
1135 3685 1338 3744 Graecis
1372 3691 1626 3758 pretium,
1663 3691 1795 3746 illud
1821 3693 2072 3750 videlicet

513 3784 615 3838 pro
635 3775 749 3823 toto
786 3773 988 3828 mundo
1011 3775 1302 3844 piaculum,
1337 3779 1467 3834 illud
1501 3796 1598 3850 pro
1627 3782 1808 3836 anima
1841 3793 2068 3840 cuncto-

512 3878 630 3917 rum
673 3863 952 3920 hominum
980 3870 1307 3925 sacriﬁcium
1333 3909 1348 3936 ,
1388 3873 1479 3926 illa
1526 3889 1626 3944 pro
1661 3877 1805 3933 omni
1833 3879 2065 3944 macula,

508 3963 564 4008 et
591 3965 812 4024 peccato
827 3960 1118 4029 purissima
1154 3962 1330 4018 hostia
1357 3980 1371 4015 :
1409 3965 1499 4020 ille
1528 3966 1716 4037 utique
1747 3983 1918 4038 agnus
1952 3969 2065 4035 Dei,

507 4045 600 4100 illa
631 4045 739 4102 Deo
768 4059 992 4120 accepta
1019 4091 1034 4115 ,
1067 4061 1120 4107 et
1152 4054 1514 4110 mundissima
1551 4057 1669 4112 ovis
1701 4074 1712 4108 :
1755 4060 1846 4114 ille
1871 4075 2064 4130 agnus,

505 4137 574 4192 de
611 4155 721 4208 quo
742 4143 1018 4212 prophetat
1037 4151 1144 4198 tam
1177 4147 1342 4200 multa
1371 4147 1647 4212 dixerunt,
1676 4166 1771 4220 per
1799 4153 1956 4220 cujus
1979 4154 2064 4208 di-

504 4229 685 4284 vinam
743 4247 807 4288 ac
835 4234 1119 4303 mysticam
1158 4235 1460 4292 doctrinam
1505 4255 1692 4296 omnes
1726 4256 1847 4306 nos,
1881 4245 1974 4312 qui
1998 4243 2064 4299 de

2177 3056 2374 3121 πάντες
2407 3059 2562 3126 ἡμεῖς
2599 3059 2647 3116 οἱ
2679 3058 2737 3124 ἐξ
2772 3058 2938 3111 ἐθνῶν
2970 3059 3066 3132 τὴν
3106 3063 3294 3129 ἄφεσιν
3325 3061 3432 3115 τῶν
3461 3061 3736 3133 προτέρων

2177 3149 2580 3219 ἁμαρτημάτων
2608 3149 2906 3220 εὐράμεθα,
2932 3151 3010 3204 διὸ
3036 3153 3128 3205 καὶ
3169 3153 3432 3208 Ἰουδαίων
3459 3155 3503 3206 oi
3537 3153 3614 3217 είς
3641 3153 3737 3206 αύ-

2173 3241 2261 3294 τὺν
2292 3241 2578 3311 ἠλπικότες
2607 3241 2882 3314 ἐλεύθεροι
2903 3244 3002 3314 τῆς
3030 3245 3270 3309 Μωσέως
3293 3246 3538 3316 ἀφίενται
3564 3246 3922 3347 xati/

2176 3351 2292 3406 ρας,
2328 3335 2548 3396 εἰκότως
2579 3335 2675 3407 τὴν
2705 3335 2799 3388 τοῦ
2842 3337 3088 3408 σώματος
3121 3339 3283 3393 αὐτοῦ
3321 3339 3416 3393 καὶ
3447 3338 3538 3392 τοῦ
3569 3333 3733 3409 αἴμὲ-

2169 3443 2261 3490 τος
2291 3429 2388 3497 τὴν
2421 3427 2723 3498 ὑπόμνησιν
2749 3430 3016 3502 ὁσημέραι
3063 3431 3452 3496 ἐπιτελοῦντες,
3493 3430 3586 3484 καὶ
3633 3430 3733 3501 τῆς

2171 3519 2474 3590 κρείττονος
2519 3519 2550 3591 ἢ
2593 3520 2734 3573 κατά
2771 3523 2895 3583 τοὺς
2935 3521 3193 3584 παλαιοὺς
3224 3519 3414 3584 θυσίας
3445 3538 3501 3574 τε
3533 3522 3626 3574 ml.
3657 3522 3732 3573 ίε-

2175 3614 2427 3684 ρουργίας
2464 3614 2776 3684 ἠξιωμένοι,
2815 3616 2912 3667 οὐκ
2949 3615 3024 3668 ἔθ’
3068 3617 3210 3669 ὅσιον
3247 3614 3526 3686 ἡγούμεθα
3563 3631 3730 3670 κατα-

2172 3705 2391 3758 πίπτειν
2418 3705 2509 3757 ἐπὶ
2541 3703 2609 3757 τὰ
2635 3705 2825 3776 πρῶτα
2858 3707 2949 3759 καὶ
2973 3706 3170 3776 ἀσθενῆ
3201 3709 3454 3776 στοιχεῖα,
3491 3703 3734 3784 σύμϐολα

2169 3797 2262 3850 καὶ
2295 3797 2524 3859 εἰκόνας,
2554 3796 2665 3849 ἀλλ’
2687 3799 2787 3851 οὐκ
2811 3797 2977 3868 αὐτὴν
3004 3796 3255 3868 ἀλήθειαν
3284 3795 3732 3880 περιέχοντακτλΕί-

2170 3889 2338 3952 κὸτως
2368 3889 2422 3942 δὲ
2447 3891 2540 3944 καὶ
2567 3891 2744 3944 αὐτῶν
2783 3892 3048 3946 Ἰουδαίων
3081 3893 3128 3945 οἱ
3162 3893 3241 3955 είς
3266 3892 3354 3945 τὸν
3381 3881 3608 3962 Χριστὸν
3634 3889 3728 3944 τοῦ

2169 3980 2302 4034 Θεοῦ
2341 3984 2834 4052 καταπεφευγότες,
2875 3986 2922 4038 εἰ
2968 3989 3160 4054 μηκέτι
3195 3984 3302 4038 τῶν
3333 3983 3574 4045 Μωσέως
3612 3985 3731 4036 ἐπιη

2169 4072 2481 4143 στρέφοιντυ
2504 4075 2993 4145 παραγγελμάτων,
3021 4074 3161 4128 κατὰ
3188 4075 3286 4145 τὴν
3311 4075 3515 4144 Καινὴν
3535 4071 3728 4142 Διαθὴ-

2166 4182 2269 4236 κην
2300 4164 2556 4234 βιοῦντες,
2590 4165 2688 4234 τῆς
2720 4165 2823 4218 ὑπὸ
2854 4165 3094 4228 Μωσέως
3129 4165 3437 4236 ὡρισμένης
3480 4161 3632 4226 ἐκτὸς
3661 4161 3726 4214 ἂν

2166 4251 2273 4310 εἷεν
2313 4257 2556 4327 κατάρας
2576 4273 2588 4285 ⁸
2633 4256 2728 4309 ἁτε
2761 4255 2822 4327 δὴ
2858 4255 3029 4325 ἀμνοῦ
3058 4255 3150 4308 τοῦ
3187 4253 3320 4307 Θεοῦ
3349 4253 3408 4306 οὐ
3443 4253 3596 4323 μόνον
3629 4251 3728 4322 τὴν

505 4322 760 4389 gentibus
806 4327 1071 4394 assumpti
1118 4342 1344 4394 sumus,
1399 4331 1775 4387 remissionem
1823 4336 2063 4403 priorum

2181 4349 2439 4420 Ξιμαρτίαν
2460 4322 2553 4401 τοῦ
2585 4322 2822 4418 κόσμου,
2840 4322 2974 4400 ἀλλὰ
2995 4349 3086 4402 καὶ
3115 4347 3213 4418 τὴν
3242 4348 3299 4399 ἐν
3327 4347 3390 4415 τῇ
3420 4322 3725 4414 παραϐάσει

503 4421 848 4484 peccatorum
896 4416 1223 4484 invenimus,
1277 4435 1343 4476 ex
1393 4438 1500 4492 quo
1553 4424 1714 4478 etiam
1754 4424 2063 4484 Judazorum

501 4503 812 4574 quicunque
836 4505 889 4560 in
925 4507 1016 4563 illo
1045 4525 1194 4579 spem
1225 4511 1534 4579 habuerint,
1562 4532 1591 4568 a
1621 4515 1786 4572 Mosis
1810 4534 2063 4575 exsecra-

469 4613 471 4616 ‘
500 4587 650 4652 tione
671 4597 992 4662 liberantur,
1027 4602 1221 4657 merito
1247 4618 1400 4668 sane,
1450 4608 1668 4676 quando
1691 4610 1835 4666 illius
1858 4629 2064 4669 memo-

391 4717 394 4722 -
501 4688 661 4753 riam,
695 4691 1050 4760 corporisque
1107 4693 1353 4762 ejusdem
1394 4704 1448 4752 et
1503 4701 1785 4769 sanguinis
1811 4705 2064 4760 recorda-

499 4781 702 4835 tionem
739 4781 984 4850 quotidie
1006 4785 1303 4853 celebrant,
1321 4796 1376 4842 et
1406 4789 1472 4843 ad
1501 4791 1658 4861 longe
1687 4798 2057 4863 praestantius,

495 4877 551 4921 et
600 4868 950 4933 sacriﬁcium,
991 4881 1045 4926 et
1082 4887 1281 4931 munus
1314 4880 1578 4949 assumpti
1606 4890 1766 4951 sunt,
1805 4900 1966 4954 quam
1997 4888 2060 4940 il-

497 4958 586 5013 lud
620 4961 898 5030 antiquius
920 4962 1100 5020 fuerit.
1127 4963 1354 5032 Quando
1375 4969 1538 5040 igitur
1559 4973 1740 5029 omnia
1765 4976 1838 5029 ita
1870 4993 1928 5032 se
1963 4977 2060 5031 ha-

494 5051 644 5117 bent,
671 5071 779 5109 non
801 5057 1033 5127 amplius
1087 5058 1171 5115 fas
1215 5069 1338 5118 esse'
1379 5072 1632 5133 putamus
1668 5067 1721 5122 in
1757 5069 1930 5138 prima
1969 5071 2059 5124 illa

491 5155 546 5198 et
575 5146 784 5203 inﬁrma
810 5149 1075 5206 elementa
1098 5154 1358 5220 recidere,
1389 5173 1508 5227 quae
1533 5162 1713 5228 utique
1728 5161 1881 5232 signa
1910 5178 2056 5232 qua:-

2167 4441 2274 4495 τῶν
2309 4441 2549 4504 Μωσέως
2595 4441 2820 4495 ἐντολῶν
2850 4441 3088 4509 κατάραν
3121 4441 3198 4502 εἰς
3241 4437 3399 4490 αὑτὸν
3439 4434 3727 4505 ἁνειληφῶ.

2166 4545 2274 4592 τος.
2311 4527 2533 4595 Γέγονεν
2559 4523 2649 4580 οὖν
2685 4529 2714 4581 6
2746 4529 2913 4599 ἀμνὸς
2939 4527 3030 4580 τοῦ
3074 4527 3208 4581 Θεοῦ
3237 4528 3329 4580 καλ⁸
3356 4525 3597 4596 ἁμαρτία
3630 4525 3726 4579 καὶ

2165 4618 2408 4689 κατάρασ
2435 4617 2676 4688 ἁμαρτία
2709 4618 2806 4688 μὲν
2838 4619 2977 4688 ὑπὲρ
3003 4617 3111 4670 τῶν
3139 4613 3475 4688 ἁμαρτωλῶν
3508 4613 3602 4667 τοῦ
3637 4615 3728 4668 κό-

2166 4725 2326 4778 σμου,
2360 4709 2570 4780 κατάρα
2591 4707 2634 4760 δ’
2662 4709 2803 4780 ὑπὲρ
2827 4709 2932 4761 τῶν
2963 4709 3305 4778 ἐμμενόντων
3337 4708 3472 4760 πᾶσι
3494 4709 3605 4769 τοῖς
3630 4707 3722 4776 ἐγ-

2163 4801 2564 4871 γεγραμμένοις
2618 4803 2675 4856 ἐν
2731 4801 2810 4872 τῷ
2856 4800 3098 4862 Μωσέως
3151 4801 3316 4870 νόμῳ.
3362 4800 3453 4852 Διό
3495 4814 3657 4868 φησιν
3693 4798 3725 4852 6

2173 4892 2489 4955 Ἀπόστολος
2514 4912 2528 4926 ·
2558 4913 2576 4946 ι
2595 4893 2825 4966 Χριστὸς
2851 4893 2996 4964 ἡμᾶς
3019 4890 3348 4963 ἐξηγόρασεν
3375 4893 3438 4944 ἐκ
3470 4891 3568 4961 τῆς
3591 4905 3724 4943 κατ-

2159 4981 2296 5052 άρας
2330 4981 2423 5036 τοῦ
2459 4983 2642 5055 νόμου,
2690 4983 2977 5052 γενόμενος
3022 4982 3161 5052 ὑπὲρ
3199 4981 3352 5052 ἡμῶν
3413 4981 3644 5054 κατάρα.
3696 4997 3717 5030 ι

2162 5075 2290 5138 Καὶ,
2326 5093 2344 5126 t
2391 5075 2493 5128 Τὸν
2537 5075 2610 5146 μὴ
2640 5075 2832 5144 γνόντα
2873 5073 3164 5144 ἁμαρτίαν,
3198 5073 3335 5144 ὑπὲρ
3364 5073 3516 5144 ἡμῶν
3546 5074 3724 5143 ἁμαρ·

2161 5165 2280 5219 τίαν
2318 5165 2559 5237 ἐποίησε.
2610 5185 2629 5218 i
2663 5167 2727 5219 Τί
2755 5165 2862 5234 γὰρ
2900 5166 2998 5218 οὐκ
3043 5165 3231 5235 ἔμελλε
3259 5165 3504 5232 γίνεσθαι
3542 5163 3601 5216 τὸ
3627 5161 3720 5215 τοῦ

492 5237 639 5302 dam,
685 5252 741 5296 et
789 5244 1071 5314 imagines,
1127 5260 1236 5300 non
1288 5249 1462 5316 ipsam
1511 5252 1792 5308 veritatem
1821 5257 2056 5324 comple-

2181 5257 2365 5327 ιόσμου
2408 5258 2718 5329 καθάρσιον,
2759 5258 2818 5310 τὸ
2845 5256 2951 5309 τῶν
2979 5256 3310 5329 ἁμαρτωλῶν
3353 5256 3658 5326 ἀντίψυχον,
3692 5255 3722 5308 ὃ

493 5339 744 5407 ctutitur.
759 5333 956 5392 Merito
986 5347 1164 5395 autem
1204 5340 1446 5411 ipsorum
1491 5359 1706 5414 quoque
1739 5341 2052 5400 Judatorum

2181 5347 2223 5418 ἰὴ
2245 5349 2338 5402 καὶ
2363 5348 2439 5413 ὡς
2467 5349 2733 5421 πρόϐατον
2766 5349 2858 5401 ἐπὶ
2888 5349 3100 5420 σφαγὴν
3129 5348 3288 5420 ἢχθη,
3319 5349 3412 5402 καὶ
3437 5348 3512 5411 ὡς
3537 5346 3721 5418 ἀρνίον

490 5425 804 5497 quicunque
857 5429 924 5484 ad
955 5431 1231 5489 Christum
1276 5432 1370 5490 Dei
1406 5435 1764 5507 confugiunt:
1813 5439 1861 5494 si
1894 5438 2053 5494 modo

2181 5438 2422 5509 ιγόμενον
2465 5439 2556 5494 τοῦ
2600 5438 2840 5506 θύεσθαι,
2869 5441 3043 5496 ταῦτά
3085 5457 3145 5494 τε
3189 5441 3362 5496 πάντα
3392 5439 3532 5511 ὑπὲρ
3564 5438 3720 5511 ἡμῶν

564 5602 609 5640 ⁸³
642 5599 744 5658 isa.
769 5619 890 5671 LIII,
921 5607 970 5661 7.
1051 5610 1095 5640 ³³
1127 5610 1260 5667 ibid.
1299 5614 1412 5670 4‘9.
1492 5616 1535 5647 ’δ
1564 5613 1675 5670 Jer.
1712 5631 1802 5684 ιι,
1841 5617 1924 5673 19.
2003 5615 2080 5671 ’δὲ

2181 5632 2291 5686 n.1,
2322 5615 2412 5673 9.9.
