4068 6206
186 4190 225 4207 κέ
240 4188 243 4189 ,

326 220 408 277 89

1238 216 1892 273 DEMONSTRATIONIS
1939 214 2394 272 EVANGELICA'J
2442 215 2571 271 LIB.
2612 215 2654 273 1.
3489 217 3564 276 90

321 337 422 391 καὶ
442 336 513 391 δι’
540 337 721 407 mag;
756 338 917 392 Ὅθεν
946 339 995 391 οἱ
1023 338 1118 407 μὲν
1145 338 1362 391 παλαιοὶ
1387 340 1480 393 καὶ
1502 338 1766 408 θεοφιλεῖς
1800 338 1889 392 άν-

1992 346 2098 393 n'on
2132 338 2364 408 amplius
2411 335 2478 390 de
2512 335 2677 391 Musis
2706 335 2991 405 praeceptis
3049 334 3266 389 solliciti
3305 334 3434 399 sint,
3469 335 3563 389 sed
3584 400 3587 407 κ

318 429 447 499 δρες
464 429 712 496 εἰκότως,
739 430 973 501 ἀπουσίᾳ
988 428 1093 482 τῶν
1119 430 1461 500 κρειττόνων,
1482 433 1593 493 τοῖς
1610 430 1893 501 συμϐόλοις

320 537 432 590 προ
442 522 697 591 σανεῖχον.
743 522 831 584 Ὠς
854 521 946 574 καὶ
968 520 1123 573 τοῦτο
1151 521 1282 574 αὐτὸ
1303 523 1331 574 ὁ
1353 522 1541 593 Σωτὴρ
1567 522 1724 594 ἡμῶν
1747 522 1892 575 διδά-

322 628 466 672 σκει,
498 610 704 678 λέγων’
749 631 767 663 ι
818 611 1007 665 Πολλοὶ
1037 612 1307 684 προφῆται
1342 614 1433 667 καὶ
1464 613 1658 670 δίκαιοι
1699 613 1893 667 ἐπεθύ-

322 720 507 772 μησαν
554 704 680 757 ίδείν
722 704 758 757 ὃ.
805 704 961 772 ὑμεῖς
1008 704 1253 774 βλέπετε,
1301 706 1396 758 καὶ
1429 706 1529 759 οὐκ
1574 702 1744 758 εἶδον·
1799 705 1894 758 καὶ

318 795 553 849 ἀκοῦσαι
580 794 615 847 ἃ
644 796 796 868 ὑμεῖς
818 797 1069 860 ἀκούετε,
1113 798 1203 851 καὶ
1228 798 1326 850 οὐκ
1351 797 1606 867 ἥκουσαν.
1643 816 1661 848 ι
1705 797 1894 866 Ἡμεῖς

318 888 405 947 δὲ,
444 887 509 939 τὰ
548 886 721 956 ἀληθῆ
748 888 839 941 καὶ
868 888 977 943 τῶν
1016 889 1236 943 εἰκόνων
1268 889 1335 945 τὰ
1370 890 1649 961 ἀρχέτυπα
1679 889 1765 942 διὰ
1793 890 1894 960 τῆς

323 977 731 1050 μυστηριὼδους
756 980 1061 1050 οἰκονομίας
1086 980 1177 1033 τοῦ
1216 981 1449 1051 Χριστοῦ
1481 982 1890 1053 παρειληφότες,

315 1072 428 1124 οὐκ
452 1070 528 1121 ἔτι
547 1068 653 1121 τῶν
683 1069 925 1123 παλαιῶν
946 1072 1265 1141 δεησόμεθα.
1312 1073 1486 1136 Μόνος
1512 1074 1557 1126 δ’
1593 1070 1683 1126 οὖν
1730 1074 1892 1137 αὐτὸς

317 1163 433 1214 τῶν
461 1160 673 1214 πώποτε
712 1162 881 1230 Λόγος
921 1162 993 1217 ὢν
1017 1164 1174 1228 Θεοῦ,
1209 1167 1555 1236 προκόσμιος,
1591 1171 1683 1221 καὶ
1711 1169 1893 1239 ἀρχιε-

318 1259 451 1326 ρεὺς
494 1255 669 1324 πάσης
712 1257 901 1326 νοερᾶς
947 1257 1039 1308 καὶ
1094 1256 1315 1326 λογικῆς
1370 1259 1615 1322 κτίσεως,
1644 1260 1733 1312 τὸν
1760 1262 1890 1329 ἡμῖν

315 1346 646 1416 ὁμοιοπαθῆ,
676 1340 761 1399 οἷα
801 1346 1068 1417 πρόϐατον
1102 1349 1197 1401 καὶ
1241 1350 1409 1419 ἀμνὸν
1449 1351 1513 1404 ἐκ
1554 1353 1651 1422 τῆς
1682 1351 1892 1423 ἀνθρώο

318 1456 447 1489 πων
476 1438 737 1507 ἀφορίσας
763 1438 981 1507 ἀγέλης,
1006 1438 1180 1509 τούτῳ
1208 1457 1264 1491 τε
1305 1440 1612 1511 ἐπιγράψας
1638 1442 1738 1503 τὰς
1765 1442 1892 1495 πάν-

317 1545 433 1579 των
460 1525 614 1596 ἡμῶν
644 1527 936 1595 ἁμαρτίας,
974 1528 1069 1580 καί⁵
1105 1527 1205 1599 τὴν
1230 1530 1471 1601 κατάραν
1499 1547 1560 1598 γε
1589 1529 1756 1600 αὐτῷ,
1792 1532 1889 1602 τὴν

315 1620 381 1673 ἐν
424 1618 502 1688 τῷ
547 1618 788 1681 Μωσέως
849 1618 997 1689 νόμῳ
1049 1623 1573 1693 προπετιμημένην,
1622 1624 1887 1695 περιάψας

319 1713 439 1780 (ὅτι
473 1710 533 1781 δὴ
563 1711 801 1772 Μωσέως
824 1711 1168 1776 ἀνειπόντος·
1205 1733 1223 1764 ι
1271 1715 1697 1785 Ἐπικατάρατος
1726 1721 1832 1781 πᾶς
1860 1720 1890 1771 ὁ
1921 1689 1961 1745 Β

315 1803 672 1874 κρεμάμενος
720 1804 813 1856 ἐπὶ
853 1803 1007 1868 ξύλου
1046 1824 1063 1854 i
1091 1804 1131 1874 ),
1162 1805 1316 1858 τοῦτο
1340 1805 1601 1860 πέπονθεν
1634 1809 1794 1872 αὐτὸς
1822 1810 1889 1863 δι’

319 1895 471 1963 ἡμᾶς
523 1894 811 1964 γενόμενος
856 1895 994 1965 ὑπὲρ
1046 1896 1200 1966 ἡμῶν
1253 1897 1494 1968 κατάραο
1546 1900 1639 1952 καὶ
1682 1900 1745 1969 δὴ
1795 1901 1888 1954 καὶ

318 1986 597 2056 ἁμαρτίαν
639 1986 799 2038 αὑτὸν
836 1986 900 2039 δι’
937 1987 1084 2056 ἡμᾶς
1126 1989 1389 2059 ποιήσαςσ
1439 2007 1457 2038 ι
1502 1990 1625 2041 ἐπεὶ
1680 1990 1770 2042 τὸν
1814 1989 1888 2061 μὴ

317 2079 519 2148 γνόντα
559 2080 852 2149 ἁμαρτίαν,
884 2080 1023 2150 ὑπὲρ
1067 2079 1220 2153 ἡμῶν
1266 2082 1535 2153 ἁμαρτίαν
1586 2084 1825 2153 ἐποίησε,
1864 2104 1883 2136 ι

318 2172 502 2233 πάσας
548 2188 605 2223 τε
639 2172 784 2242 αὐτῷ
822 2172 887 2227 δι’
921 2175 1067 2243 ἡμᾶς
1101 2173 1201 2237 τὰς
1234 2177 1364 2245 ἡμῖν
1403 2176 1787 2247 ἐπηρτημένας
1817 2194 1890 2231 τι·

324 2264 538 2333 μωρίας
568 2265 792 2328 ἐπιθεὶς,
835 2266 1006 2336 δεσμά
1045 2269 1139 2323 καὶ
1170 2269 1389 2339 ἀτιμίας
1433 2272 1527 2323 καὶ
1554 2270 1757 2342 ὕϐρεις,
1795 2271 1891 2341 μά-

321 2356 514 2423 στιγάς
559 2374 618 2409 τε
663 2360 757 2413 καὶ
804 2358 1065 2422 ὲκτόπους
1097 2361 1329 2432 πληγάς,
1380 2363 1471 2415 καὶ
1507 2365 1598 2416 ἐπὶ
1639 2365 1801 2417 πᾶσιν
1828 2364 1890 2417 τὸ

320 2447 422 2517 τῆς
452 2449 695 2521 κατάρας
730 2452 1005 2521 τρόπαιον.
1042 2453 1195 2506 Μετὰ
1223 2454 1286 2525 δὴ
1319 2455 1495 2509 πάντα
1528 2450 1637 2509 οἷόν
1666 2474 1718 2509 τι
1761 2455 1890 2509 Ouu-

326 2541 521 2609 μάσιον
553 2541 719 2612 θῦμα,
750 2543 843 2596 καὶ
883 2544 1108 2612 σφάγιον
1142 2544 1415 2616 ἐξαίρετον
1444 2546 1520 2617 τῷ
1551 2548 1722 2619 Πατρὶ
1758 2549 1888 2602 καλ-

322 2631 734 2703 λιερησάμενος,
792 2636 931 2707 ὑπὲρ
963 2636 1061 2706 τῆς
1111 2636 1367 2690 ἁπάντων
1416 2638 1571 2709 ἡμῶν
1620 2641 1888 2711 ἀνήνεγκε

326 2724 616 2793 σωτηρίας,
664 2727 882 2798 μνήμην
921 2729 1012 2781 καὶ
1052 2730 1180 2800 ἡμῖν
1211 2729 1501 2800 παραδοὺς,
1537 2732 1655 2785 ἀντὶ
1703 2733 1890 2799 θυσίας

320 2816 401 2886 τῷ
430 2815 548 2888 Θεῷ
588 2818 847 2888 διηνεκῶς
887 2821 1231 2893 προσφέρειν.
1267 2822 1436 2875 Τοῦτο
1474 2825 1568 2876 καὶ
1599 2826 1890 2897 προφητῶν

321 2912 349 2962 ὁ
382 2909 678 2981 Θαυμάσιος
711 2912 874 2965 Δαϐὶδ
906 2913 1032 2985 Θείῳ
1061 2912 1339 2984 Πνεύματι
1369 2915 1429 2967 τὸ
1468 2916 1657 2986 μέλλον
1701 2918 1893 2989 προλαο

322 3000 434 3055 θὼν
472 3003 774 3071 ἐθέσπισεν,
818 3004 1019 3058 εἰπών’
1068 3025 1087 3058 ι
1138 3006 1452 3076 Ὑπομένων
1495 3007 1760 3077 ὑπέμεινα
1800 3010 1890 3064 τὸν
1917 3034 1959 3091 C

321 3094 551 3164 Κύριον,
580 3096 674 3147 καὶ
713 3096 977 3167 προσέσχε
1024 3113 1138 3168 μοι·
1188 3099 1281 3151 καὶ
1321 3099 1605 3168 είσήκουσε
1634 3099 1736 3169 τῆς
1776 3100 1889 3172 δεή·

322 3182 467 3246 σεώς
500 3201 623 3252 μου,
652 3188 742 3239 καὶ
774 3188 1035 3257 ἀνήνεγκέ
1071 3206 1137 3258 με
1168 3192 1231 3241 ὲκ
1258 3189 1473 3245 λάκκων
1494 3191 1885 3263 ταλαιπωρίας,

323 3277 423 3327 καὶ
466 3275 572 3328 ἀπὸ
606 3276 771 3347 πηλοῦ
806 3279 976 3343 ἰλύοςο
1013 3281 1106 3333 καὶ
1139 3280 1363 3353 ἔστησεν
1404 3282 1495 3334 ἐπὶ
1529 3284 1732 3353 πέτραν
1764 3284 1888 3349 τοὺς

322 3365 496 3428 πόδας
528 3384 649 3435 μου,
675 3370 958 3423 κατεύθυνε
985 3371 1053 3424 τὰ
1081 3370 1393 3442 διαϐήματά
1424 3389 1545 3443 μου,
1582 3373 1675 3426 καὶ
1706 3375 1888 3427 ἐνέϐα-

315 3454 413 3508 λεν
451 3459 533 3519 εἰς
568 3458 628 3509 τὸ
669 3460 839 3529 στόμα
892 3477 991 3530 μου
1035 3455 1185 3531 ᾆσμα
1231 3462 1432 3526 καινὸν,
1467 3461 1632 3533 ὕμνον
1664 3463 1741 3534 τῷ
1769 3464 1888 3537 Θεῷ

314 3547 495 3618 ἡμῶν.
537 3567 554 3598 ι
586 3549 695 3601 Καὶ
727 3550 777 3603 τί
811 3552 871 3603 τὸ
907 3551 1090 3605 καινὸν
1117 3547 1268 3622 ᾆσμα
1300 3554 1576 3624 τυγχάνει,
1613 3556 1885 3633 διασαφεῖ,

311 3638 493 3707 λέγων
524 3639 650 3711 ἑξῆς
671 3659 687 3675 ο
724 3660 742 3693 ι
781 3643 981 3697 Θυσίαν
1006 3645 1099 3696 καὶ
1127 3646 1440 3719 προσφορὰν
1471 3647 1571 3701 οὐκ
1594 3647 1886 3720 ἠθέλησας,

312 3731 479 3802 σῶμα
519 3732 575 3786 δὲ
613 3735 923 3806 κατηρτίσω
978 3752 1105 3807 μοι·
1158 3735 1581 3809 ὁλοκαυτώματα
1627 3741 1720 3793 καὶ
1761 3742 1888 3813 περὶ

313 3826 594 3895 ἁμαρτίας
636 3829 735 3881 οὐκ
780 3828 1098 3898 ηὑδόκησας.
1156 3831 1287 3883 Τότε
1335 3828 1520 3885 εἷπον
1572 3832 1701 3885 Ἰδοὺ
1746 3834 1884 3904 ἥκω.

329 3919 419 3969 Ἑν
470 3919 717 3988 κεφαλίδι
774 3920 975 3989 βιϐλίου
1022 3922 1330 3993 γέγραπται
1394 3925 1521 3994 περὶ
1571 3925 1741 3995 ἐμοῦ,
1793 3928 1887 3981 τοῦ

318 4011 563 4081 ποιῆσαι,
616 4013 646 4064 ὁ
702 4012 851 4078 Θεὸς,
908 4014 970 4066 τὸ
1021 4014 1231 4086 θέλημά
1270 4033 1383 4071 σου.
1458 4017 1800 4090 Ἐϐουλήθην.
1862 4039 1882 4073 ι

318 4100 432 4153 Καὶ
490 4099 764 4169 ὲπιλέγει’
832 4121 849 4153 ι
927 4102 1381 4174 Εὑηγγελισάμην
1433 4103 1778 4174 δικαιοσύνην
1831 4106 1889 4159 ὲν

278 4182 281 4183 ν
329 4186 626 4259 Ἐκκλησία
662 4188 889 4260 μεγάλῃ.
923 4210 940 4240 ι
983 4191 1271 4263 Ἀντικρυς
1305 4192 1421 4246 ἀντὶ
1458 4192 1563 4245 τῶν
1594 4193 1759 4247 πάλαι
1792 4193 1887 4247 θυ-

319 4278 453 4330 σιῶν
507 4282 601 4332 καὶ
650 4281 1111 4353 ὁλοκαυτωμάτων
1160 4284 1258 4355 τὴν
1304 4284 1565 4357 ἕνσαρκον
1619 4287 1714 4339 τοῦ
1754 4288 1888 4359 Χρι-

2002 430 2074 483 ita
2095 428 2299 490 vivant,
2334 434 2393 480 ut
2446 424 2582 479 Novi
2614 424 2949 482 Testamenti
2992 427 3133 481 ratio
3186 426 3383 480 docet:
3417 441 3561 487 eam,
3583 434 3596 447 ‘-

1995 535 2116 590 quae
2154 536 2184 573 a
2219 518 2365 574 Mose
2392 517 2612 574 deﬁnita
2655 524 2758 581 est,
2792 518 3218 572 exsecrationem
3243 518 3516 572 evaserint
3545 532 3561 570 :

1996 612 2196 681 quippe
2224 626 2347 666 cum
2381 610 2567 681 Agnus
2588 608 2682 664 Dei
2707 625 2815 664 non
2845 610 3019 666 solum
3036 618 3317 679 peccatum
3352 608 3563 663 mundi.

1996 704 2090 760 sed
2112 705 2273 759 etiam
2319 718 2438 758 eam
2461 702 2915 767 exsecrationem,
2944 717 3065 772 qua)
3098 702 3165 756 iis
3191 702 3439 765 debetur,
3469 701 3564 769 qui

1995 806 2184 851 contra
2203 795 2556 865 Mosislegem
2585 794 2787 865 aliquid
2802 795 3200 856 commiserint,
3240 795 3295 846 in
3323 794 3563 862 seipsum

1998 888 2279 959 receperit.
2315 885 2514 941 Factus
2554 887 2718 956 igitur
2745 895 2831 943 est
2872 888 2963 941 Dei
2995 888 3180 955 Agnus
3207 894 3261 940 et
3281 892 3562 955 peccatum

1994 992 2046 1037 et
2098 982 2421 1037 exsecratio.
2456 979 2747 1035 Peccatum
2789 980 3007 1049 quidem
3061 993 3158 1049 pro
3190 977 3564 1047 peccatoribus

1993 1072 2157 1140 hujus
2192 1074 2379 1127 mundi
2411 1091 2423 1126 :
2462 1072 2767 1127 exsecratio
2796 1079 2975 1125 autem
3008 1087 3106 1141 pro
3146 1071 3211 1125 iis
3248 1069 3340 1138 qui
3372 1070 3565 1123 nolunt

1992 1180 2023 1218 a
2069 1166 2272 1235 scripto
2307 1165 2443 1235 legis
2495 1164 2746 1219 Mosaica:
2794 1162 3067 1219 recedere.
3112 1161 3379 1229 Quocirca
3430 1161 3565 1216 dicit

1989 1258 2321 1327 Apostolus:
2359 1276 2378 1309 ι
2411 1257 2667 1312 Christus
2699 1272 2799 1313 nos
2832 1255 3058 1310 redemit
3094 1255 3162 1309 ab
3192 1255 3566 1309 exsecratione

1993 1350 2147 1419 legis.
2176 1349 2349 1405 factus
2376 1366 2475 1421 pro
2502 1350 2661 1405 nobis
2686 1349 2997 1405 exsecratio
3024 1350 3091 1403 ’°.
3126 1367 3146 1399 ι
3175 1346 3307 1401 item
3335 1362 3348 1398 :
3378 1364 3398 1397 ι
3426 1344 3563 1399 Eum

1990 1440 2082 1510 qui
2114 1455 2223 1494 non
2256 1448 2485 1495 noverat
2515 1451 2818 1511 peccatum,
2876 1454 2976 1508 pro
3011 1439 3169 1493 nobis
3212 1437 3343 1492 fecit
3374 1450 3565 1506 pecca-

1990 1539 2102 1586 tum
2131 1532 2198 1585 ’⁷.
2239 1551 2259 1585 ι
2292 1532 2432 1598 Quid
2461 1532 2604 1588 enim
2630 1548 2739 1588 non
2767 1532 2986 1587 futurus
3015 1530 3118 1584 fuit
3142 1532 3213 1593 is,
3244 1530 3337 1601 qui
3374 1528 3563 1584 mundi

1990 1625 2261 1695 piaculum
2298 1625 2473 1682 factus
2502 1627 2626 1681 est?
2673 1628 2721 1682 is
2749 1625 2842 1695 qui
2868 1640 2966 1695 pro
2992 1634 3337 1695 peccatorum
3382 1624 3564 1679 anima

1992 1717 2266 1786 pretium?
2301 1720 2394 1788 qui
2433 1729 2690 1788 tanquam
2729 1720 2850 1774 ovis
2897 1717 2964 1771 ad
2998 1718 3331 1772 occisionem
3361 1716 3560 1771 ductus

1988 1808 2111 1869 est?
2156 1808 2248 1877 qui
2283 1810 2627 1866 existimatus
2676 1817 2761 1866 est
2805 1812 2947 1865 sicut
2980 1825 3175 1880 agnus,
3206 1811 3296 1880 qui
3331 1809 3564 1863 ducatur

1990 1900 2057 1954 ad
2092 1900 2552 1956 sacriﬁcandum?
2579 1911 2744 1972 alque
2771 1902 2955 1955 omnia
2987 1901 3132 1965 haec,
3168 1910 3223 1955 et
3261 1916 3359 1971 pro
3380 1899 3560 1967 nobis,

1990 2000 2044 2047 et
2082 2002 2303 2063 pmpter
2334 2009 2455 2047 nos.
2501 1992 2578 2046 Ex
2609 2008 2719 2063 quo
2764 1993 2984 2062 quidem
3017 1992 3183 2062 prisci
3206 1992 3307 2057 illi,
3345 1990 3565 2061 Deoque

1989 2083 2127 2152 grati
2158 2084 2295 2148 viri,
2333 2099 2455 2138 cum
2489 2085 2867 2154 praestantiora
2911 2100 3019 2139 non
3051 2084 3331 2147 haberent,
3366 2083 3561 2138 merito

1990 2173 2145 2241 signa
2168 2173 2284 2243 ipsa
2320 2174 2689 2230 attendebaut.
2731 2174 2842 2244 38
2871 2172 3005 2227 Nam
3049 2174 3210 2228 etiam
3243 2174 3344 2227 hoc
3378 2173 3556 2242 ipsum

1993 2262 2239 2318 Salvator
2263 2273 2447 2321 noster
2473 2267 2651 2332 docet,
2684 2283 2810 2322 cum
2859 2266 2937 2320 ait
2973 2284 2985 2320 :
3024 2284 3042 2315 ε
3076 2264 3227 2318 Multi
3282 2264 3561 2334 prophetae

1989 2366 2041 2411 et
2068 2357 2201 2425 justi
2229 2360 2515 2427 cupierunt
2546 2359 2750 2423 videre,
2805 2373 2927 2429 quae
2970 2374 3068 2413 vos
3100 2356 3330 2419 videtis,
3366 2365 3423 2411 et
3449 2370 3560 2411 non

1988 2449 2276 2505 viderunt:
2334 2456 2387 2506 et
2435 2452 2645 2518 audire,
2677 2466 2799 2522 qua:
2856 2464 2954 2507 vos
2993 2451 3213 2514 auditis,
3242 2459 3429 2505 etnon
3459 2463 3561 2503 au-

1988 2545 2206 2598 dierunt
2232 2546 2296 2599 "‘.
2320 2565 2338 2596 ι
2382 2545 2448 2599 At
2474 2561 2594 2611 nos,
2639 2546 2730 2615 qui
2761 2559 2829 2600 ea
2888 2559 3009 2614 qua:
3056 2559 3180 2598 vera
3210 2551 3361 2610 sunt,
3392 2548 3555 2612 atque

1992 2636 2106 2705 ipsa
2164 2637 2457 2707 imaginum
2526 2638 2793 2707 principia
2869 2651 2965 2708 per
3031 2634 3284 2691 refertam
3348 2633 3561 2705 magnis

1991 2727 2263 2797 mysteriis
2294 2727 2755 2797 dispensationem
2811 2726 3014 2781 Christi
3048 2726 3385 2796 accepimus,
3439 2740 3550 2779 non

1991 2820 2224 2888 amplius
2264 2834 2349 2884 ea,
2408 2836 2528 2890 quae
2578 2831 2761 2875 vetera
2803 2819 2942 2874 facta
2965 2827 3114 2881 sunt,
3161 2818 3556 2872 desideramus.

1995 2909 2157 2966 Solus
2185 2913 2350 2982 igitur
2381 2914 2495 2982 ipse
2546 2928 2734 2967 eorum
2763 2912 3005 2967 omnium
3040 2911 3131 2981 qui
3168 2924 3406 2979 unquam
3442 2907 3561 2963 fue-

1990 3004 2120 3065 rint,
2154 3019 2277 3057 cum
2325 3004 2396 3057 sit
2452 3002 2543 3058 Dei
2578 3002 2839 3067 Verbum,
2884 3004 3000 3072 ipsn
3030 3001 3305 3070 antiquius
3334 2998 3556 3063 mundo,

1990 3094 2343 3166 pontifexque
2374 3095 2552 3149 omnis
2578 3095 2794 3149 ratione
2848 3103 3012 3162 atque
3036 3092 3390 3160 intelligentia
3423 3106 3560 3160 prae-

1990 3184 2118 3237 ditae
2146 3192 2432 3251 creaturae,
2470 3200 2593 3238 eum
2652 3186 2742 3253 qui
2789 3186 2994 3238 nostris
3038 3184 3257 3238 casibus
3288 3190 3434 3257 esset
3459 3182 3561 3239 ob-

1988 3276 2209 3342 noxius,
2256 3278 2411 3346 quasi
2460 3292 2615 3331 ovem
2678 3284 2772 3329 aut
2802 3291 2999 3345 agnum
3033 3276 3101 3327 ab
3134 3274 3444 3328 hominibus
3473 3288 3562 3328 se.

1988 3381 2239 3435 gregalis,
2308 3373 2364 3420 et
2410 3366 2538 3421 huic
2590 3375 2780 3421 nostra
2806 3366 3048 3420 omnium
3099 3365 3380 3419 ascribeus
3432 3378 3560 3434 pec-

1988 3462 2110 3509 cata
2139 3496 2154 3521 ,
2215 3455 2498 3527 eidemque
2551 3455 3002 3519 exsecrationem,
3036 3471 3157 3524 quae
3185 3454 3400 3508 mulctte
3436 3453 3556 3506 loco

1988 3550 2044 3604 in
2107 3550 2222 3619 lege
2268 3549 2433 3605 Mosis
2490 3548 2744 3619 adjuncta
2795 3558 2879 3604 est
2928 3551 3234 3619 imponens,
3291 3546 3560 3616 siquidem

1988 3644 2109 3714 ipso
2165 3641 2311 3697 Mose
2371 3641 2746 3711 proloquente,
2780 3658 2799 3693 ι
2833 3640 3184 3695 exsecrabilis
3238 3640 3416 3693 omnis
3466 3652 3561 3706 qun

1990 3736 2186 3806 pendet
2244 3736 2297 3788 in
2342 3735 2486 3805 ligno
2509 3734 2627 3799 ³⁹,›
2685 3734 2789 3787 hoc
2854 3734 3033 3803 ipsum
3087 3732 3328 3801 pertulit,
3385 3729 3561 3784 factus

1989 3837 2207 3900 propter
2228 3844 2328 3883 nos
2358 3830 2474 3900 ipse
2499 3845 2597 3900 pro
2635 3827 2793 3882 nobis
2820 3826 3123 3881 exsecratio
3149 3844 3161 3879 :
3194 3824 3286 3895 qui
3320 3824 3559 3893 seipsum

1988 3935 2204 3989 quoque
2238 3929 2458 3990 propter
2499 3936 2598 3975 nos
2649 3925 2929 3989 peccatum
2991 3915 3171 3970 facere
3204 3931 3311 3969 non
3352 3915 3560 3968 veritus

1986 4020 2071 4067 est
2091 4030 2102 4065 :
2125 4010 2561 4081 quandoquidem
2585 4032 2603 4062 ε
2631 4026 2776 4078 eum,
2804 4016 2895 4080 qui
2927 4016 3208 4079 peccatum
3246 4021 3355 4060 nou
3384 4005 3556 4065 novit.

1988 4120 2086 4175 pro
2115 4106 2270 4159 nobis
2294 4114 2573 4174 peccatum
2598 4104 2793 4168 eﬂecit,
2825 4103 3153 4172 reidemque
3185 4107 3400 4171 propter
3432 4113 3555 4162 nos,

1986 4198 2169 4251 omnia
2230 4211 2569 4266 quaecunque
2618 4194 2778 4250 nobis
2828 4192 3234 4263 impendebant,
3291 4188 3558 4260 supplicia

1989 4289 2280 4358 imposuit,
2314 4289 2551 4352 vincula,
2574 4287 2799 4359 probra,
2836 4283 3468 4354 contumelias,ilagella,
3502 4292 3557 4337 et

316 4367 446 4420 ατοῦ
500 4370 818 4440 παρουσίαν,
867 4372 960 4426 καὶ
1016 4372 1076 4427 τὸ
1114 4373 1468 4443 καταρτισθὲν
1515 4374 1678 4428 αὑτοῦ
1729 4376 1887 4447 σῶμα

1990 4396 2111 4434 cum
2147 4382 2253 4443 his,
2311 4381 2535 4436 verbera
2595 4378 2899 4434 deformia:
2936 4386 3379 4447 postremumque
3440 4384 3558 4429 om-

314 4461 738 4532 προσενηνέχθαι
800 4462 876 4533 τῷ
935 4462 1053 4534 Θεῷ
1109 4463 1344 4531 διδάξας,
1409 4466 1565 4519 τοῦτό
1619 4484 1676 4519 τε
1751 4468 1883 4523 αὐτὸ

316 4552 389 4622 τῇ
463 4551 624 4604 αὑτοῦ
702 4554 992 4625 Ἐκκλησία
1035 4554 1462 4623 εὐαγγελίζεται,
1506 4557 1581 4621 ὡς
1622 4557 1688 4611 ἂν
1744 4560 1883 4630 μέγα

317 4646 617 4715 μυστήριον
697 4650 754 4701 ἐν
823 4649 1070 4718 κεφαλίδι
1144 4650 1347 4720 βιϐλίου
1432 4654 1498 4723 τῇ
1570 4656 1881 4726 προφητικῇ

312 4741 467 4809 φωνῇ
495 4757 921 4815 προαναπεφωνη
931 4745 1105 4814 μένον.
1140 4745 1339 4805 Τούτου
1366 4747 1499 4816 δῆτα
1520 4746 1614 4800 τοῦ
1647 4746 1885 4817 θύματος

310 4829 410 4899 τὴν
446 4831 663 4903 μνήμην
705 4834 797 4886 ἐπὶ
847 4836 1123 4907 τραπέζης
1162 4838 1397 4895 ἐκτελεῖν
1441 4836 1528 4889 διὰ
1571 4838 1877 4911 συμϐόλων,

369 4884 380 4899 ο
446 4881 459 4899 ι
538 4881 571 4900 u
607 4881 652 4903 't'
709 4881 796 4886 *η’
859 4881 1119 4907 “Γ“”’“³Ἱ³
1163 4881 1392 4895 """""'
1444 4881 1528 4889 ""
1573 4881 1877 4911 “Τ’”’”“””

278 4881 289 4981 Ξ
310 4920 406 4975 τσῦ
425 4939 487 4974 τε
512 4922 757 4994 σώματος
779 4927 942 4979 αὑτοῦ
968 4929 1059 4981 καὶ
1082 4929 1173 4982 τοῦ
1201 4931 1466 5001 σωτηρίου
1490 4932 1717 5001 αἵματος
1742 4932 1880 4986 κατὰ

218 5086 243 5093 η
262 5013 552 5101 ἐρεσμοῦς
582 5017 677 5085 τῆς
707 5019 913 5090 Καινῆς
951 5020 1222 5093 Διαθήκης
1251 5025 1667 5097 παρειληφότες,
1718 5025 1880 5080 πάλιν

312 5104 419 5158 ὑπὸ
441 5106 536 5158 τοῦ
560 5110 835 5180 προφήτου
864 5112 1027 5165 Δαϐὶδ
1042 5114 1401 5184 παιδευόμεθα
1423 5115 1620 5184 λέγειν·
1652 5135 1669 5167 ι
1707 5116 1882 5169 Ἠτοί-

316 5213 497 5269 μασας
541 5200 767 5255 ἐνώπιόν
804 5222 903 5273 μου
935 5206 1212 5277 τράπεζαν
1244 5208 1303 5275 ἐξ
1335 5209 1581 5273 ἐναντίας
1624 5209 1732 5263 τῶν
1771 5210 1882 5263 θλι-

313 5289 518 5344 δόντων
550 5311 635 5363 με.
696 5296 980 5361 Ἐλίπανας
1029 5301 1086 5351 ὲν
1136 5300 1298 5372 ἐλαίῳ
1329 5302 1428 5373 τὴν
1477 5302 1720 5373 κεφαλήν
1754 5319 1876 5372 μου,

314 5386 406 5436 καὶ
440 5383 501 5435 τὸ
538 5388 790 5458 ποτήριόν
842 5407 935 5443 σου
988 5391 1256 5461 μεθύσκον
1293 5410 1358 5463 με
1395 5394 1471 5457 ὡς
1512 5393 1820 5467 κράτιστον.
1856 5414 1876 5446 ι

313 5474 624 5548 Διλρῤήδην
655 5478 780 5547 γοῦν
807 5483 864 5534 ὲν
891 5483 1098 5547 τούτοις
1127 5484 1221 5537 καὶ
1250 5484 1310 5537 τὸ
1334 5486 1590 5556 μυστικὸν
1615 5485 1878 5556 σημαίνε-

384 5655 431 5688 ²⁶
462 5653 579 5710 Gal.
613 5675 693 5725 Ill,
726 5660 806 5714 15.
888 5664 926 5695 ⁸⁷
959 5662 1001 5715 il
1024 5664 1149 5721 Cor.
1180 5665 1332 5733 v,‘ll.
1415 5662 1621 5719 "-Luc.
1656 5681 1706 5731 κ,
1736 5663 1825 5718 24.

1983 4472 2155 4533 nium,
2211 4472 2387 4542 ipsum
2434 4470 2824 4526 exsecrationis
2858 4468 3177 4538 traphzeum.
3209 4467 3392 4537 itaque
3432 4476 3557 4537 post

1986 4566 2189 4629 omnia,
2220 4566 2377 4635 quasi
2403 4564 2704 4618 mirabilem
2732 4563 3002 4634 quandam
3052 4563 3356 4625 victimam,
3384 4559 3557 4614 sacri—

1987 4657 2277 4727 liciumque
2306 4656 2563 4711 eximium
2595 4654 2735 4725 patri
2796 4669 2897 4710 suo
2949 4662 3207 4723 cperatus
3240 4668 3335 4721 pro
3368 4660 3557 4704 nostra

1986 4748 2226 4802 omnium
2268 4749 2445 4801 salute
2506 4746 2721 4812 obtulit,
2775 4745 3003 4815 ejusque
3034 4744 3109 4798 rei
3142 4742 3453 4797 memoriam
3497 4747 3556 4793 ut

1988 4856 2087 4896 nos
2144 4840 2246 4908 ipsi
2294 4838 2405 4895 Deo
2429 4855 2527 4910 pro
2581 4839 2850 4894 sacriﬁcio
2905 4837 3260 4899 oﬂ‘erremus,
3296 4832 3669 4913 instituit,”

1989 4935 2101 4990 lloc
2128 4935 2291 4989 etiam
2330 4934 2712 5004 prophetarum
2746 4931 3055 5003 prmcipuus
3078 4928 3262 4992 David,
3296 4928 3386 4996 qui
3409 4924 3554 4995 quod

1988 5027 2230 5082 futurum
2257 5034 2376 5082 erat
2412 5024 2618 5096 Spiritu
2672 5025 2857 5080 divino
2891 5023 3202 5094 providerat
3226 5020 3557 5073 vaticinatus

1988 5127 2090 5182 est,
2120 5117 2210 5172 ubi
2244 5117 2320 5171 ait
2350 5137 2363 5173 :
2389 5135 2408 5169 ι
2440 5116 2773 5187 Exspec‘tans
2827 5111 3137 5185 exspectavi
3174 5110 3478 5174 Dominum,
3504 5122 3560 5164 et

1989 5208 2222 5264 intendit
2251 5210 2416 5264 mihi:
2448 5218 2502 5264 et
2528 5209 2804 5264 exaudivit
2828 5222 3040 5278 precem
3075 5216 3269 5268 meam,
3301 5213 3351 5258 et
3373 5210 3558 5257 sustu-

1988 5302 2052 5355 lit
2076 5317 2161 5356 me
2189 5303 2256 5357 de
2288 5303 2409 5357 lacu
2442 5302 2674 5357 miseriae
2702 5310 2757 5356 ct
2786 5301 2853 5357 de
2911 5302 3024 5354 luto
3058 5297 3207 5351 faecis
3234 5315 3247 5349 :
3278 5304 3332 5350 et
3367 5305 3557 5350 statuit

1989 5408 2150 5462 supra
2180 5401 2386 5462 petram
2407 5393 2572 5464 pedes
2620 5407 2790 5455 meos,
2824 5399 2879 5446 et
2910 5388 3105 5445 direxit
3133 5402 3356 5458 gressus
3380 5403 3553 5444 meos.

1988 5493 2043 5541 et
2072 5484 2299 5541 immisit
2356 5484 2411 5541 in
2440 5500 2502 5541 os
2525 5502 2705 5542 meum
2753 5483 3039 5540 Canticum
3086 5495 3311 5548 novum,
3340 5495 3558 5537 carmen

1906 5667 1949 5697 ”
1983 5664 2140 5723 Deut.
2175 5681 2285 5734 xxi,
2316 5667 2402 5721 ‘25.
