3974 6208
531 286 599 342 ει
1179 278 1454 338 EUSEBll‘
1476 279 1955 337 CESABIENSIS
1990 279 2141 337 OPl’.
2181 278 2361 335 PARS
2397 278 2462 335 11.
2499 307 2571 319 --
2604 272 3107 332 APOLOGETICA.
3678 272 3745 329 ω

533 401 653 457 Deo
672 409 860 457 nostro
881 400 946 453 ³ο.
982 418 1001 451 ι
1033 398 1188 466 Quod
1217 412 1383 468 porro
1427 399 1497 455 sit
1537 398 1642 454 hoc
1696 414 1894 455 novum
1917 396 2083 454 canti-

2186 415 2276 451 ται
2318 397 2544 470 χρίσμα,
2592 395 2687 449 καὶ
2725 396 2794 448 τὰ
2833 393 3007 464 σεμνὰ
3045 394 3145 465 τῆς
3193 393 3427 465 Χριστοῦ
3473 391 3745 464 τραπέζης

529 507 658 550 cum
708 492 948 548 declarat
996 488 1255 559 deinceps
1313 491 1406 546 ubi
1454 492 1562 544 ait:
1593 510 1611 543 ι
1644 488 1987 545 Sacriﬁcium
2037 498 2091 547 et

529 586 857 639 oblationem
889 582 1133 647 noluisti,
1167 597 1369 653 corpus
1408 592 1587 638 autem
1622 582 1897 653 perlecisti
1918 581 2089 637 mihi:

531 675 851 731 holocausta
876 681 930 727 et
971 687 1068 743 pro
1093 683 1316 743 peccato
1336 688 1444 728 non
1477 674 1719 743 probasti
1748 691 1763 739 ;
1796 681 1929 727 tunc
1955 672 2089 738 dixi,

529 780 659 821 ecce
678 765 856 821 venio.
881 764 940 817 In
957 763 1271 833 capitelibri
1302 765 1567 834 scriptum
1597 772 1683 820 est
1712 764 1779 820 de
1796 780 1903 828 me,
1935 772 1996 819 ut
2013 764 2094 818 l'a-

528 872 726 920 cerem,
750 854 919 920 Deus,
940 855 1268 911 voluntatem
1299 864 1471 921 tuam,
1499 857 1642 912 volui.
1679 857 1743 920 “,
1777 875 1794 907 ι
1827 864 1880 912 et
1901 857 2088 926 adjun-

527 947 607 1019 git
639 962 654 999 :
694 965 715 999 ι
744 947 1074 1001 Annuntiavi
1102 947 1378 1015 justitiam.
1405 948 1457 1001 in
1489 947 1729 1003 Ecclesia
1760 962 1953 1018 magna
1980 949 2046 1002 “.
2068 966 2086 1000 ι

529 1038 622 1095 Sic
652 1040 812 1111 plane
840 1039 1041 1095 docens
1058 1054 1154 1108 pro
1181 1041 1418 1109 antiquis
1450 1039 1745 1095 sacriﬁciis,
1773 1034 2095 1096 ethOlocau-

529 1132 651 1193 stis.
682 1132 884 1187 Christi
935 1131 1221 1184 adventum
1256 1147 1352 1200 per
1397 1133 1823 1201 assumptionem
1871 1130 2093 1185 humani

527 1221 644 1292 39
666 1221 933 1291 corporis.
962 1221 1189 1291 ejusque
1213 1236 1413 1291 corpus
1442 1219 1763 1291 perfectum,
1800 1219 1910 1275 Deo
1939 1222 2095 1275 obla—

526 1320 644 1367 tum
675 1327 795 1367 esse
824 1331 837 1366 :
864 1313 1150 1382 ipsumque
1182 1312 1285 1367 hoc
1305 1310 1561 1368 Ecclesia
1589 1326 1703 1367 sua
1728 1314 1941 1366 nuntiat
1966 1327 2091 1367 cum

527 1402 1010 1473 gaudiotanquam
1056 1403 1245 1473 ingens
1288 1403 1625 1475 mysterium,
1669 1402 1812 1472 quod
1860 1403 2095 1472 prophev

528 1492 637 1545 tica
662 1507 793 1547 voce
824 1492 879 1547 in
910 1494 1086 1563 capite
1132 1493 1251 1548 libri
1291 1494 1626 1564 pr0positum
1667 1508 2093 1563 expressumque

527 1582 772 1640 sit.Cum
798 1600 927 1654 ergo
950 1585 1113 1654 hujus
1143 1585 1397 1640 sacriﬁcii
1423 1585 1738 1640 memoriam
1771 1586 1940 1656 signis
1968 1586 2091 1656 qui-

525 1675 755 1731 husdam
795 1676 852 1730 in
897 1692 1085 1731 mensa
1118 1678 1518 1741 celebrandam,
1564 1677 1917 1746 corporisque
1960 1677 2090 1731 item

2190 488 2423 560 θύματα,
2449 488 2517 541 δι’
2549 479 2623 539 ὧν
2653 485 3079 557 καλλιεροῦντες,
3108 485 3207 549 τὰς
3233 483 3493 556 άναίμους
3534 485 3629 538 καὶ
3661 484 3749 538 λο-

2188 581 2350 651 γικὰς
2404 580 2550 651 αὐτῷ
2578 596 2637 633 τε
2665 579 2951 657 προσηνεῖς
2977 576 3164 641 θυσίας
3190 576 3280 630 διὰ
3308 576 3504 641 παντὸς
3527 575 3639 646 βίου
3671 575 3749 647 τῷ

2189 670 2282 723 ἐπὶ
2313 670 2526 722 πάντων
2558 666 2881 739 προσφέρειν
2904 665 3021 736 Θεῷ
3057 665 3143 718 διὰ
3177 665 3269 718 τοῦ
3302 665 3515 719 πάντων
3543 663 3751 719 ἀνωτά-

2190 777 2283 813 του
2314 759 2610 831 ἀρχιερέως
2631 758 2795 812 αὐτοῦ
2821 758 3190 829 δεδιδάγμεθα.
3220 757 3389 810 Τοῦτο
3418 756 3472 810 δὲ
3504 756 3635 809 αὐτὸ
3656 757 3751 811 καὶ

2206 851 2430 913 Ἡσαΐας
2478 853 2506 903 ό
2570 850 2740 920 μέγας
2789 851 3071 921 προφήτης
3130 846 3453 918 θαυμαστῶς
3492 845 3569 916 τῷ
3620 845 3751 918 θείῳ

2193 941 2475 1011 Πνεύματι
2499 941 2745 1012 προέγνω
2772 957 2831 992 τε
2871 939 2963 993 καὶ
3015 938 3451 1010 προανεφώνησε.
3497 937 3656 1005 Λέγει
3702 935 3767 991 δ”

2191 1029 2281 1086 οῦν
2311 1028 2411 1087 ὧδε
2440 1034 2533 1086 καὶ
2572 1033 2753 1097 αὐτός’
2794 1052 2812 1083 ι
2847 1031 3016 1104 Κύριε
3046 1034 3074 1084 ό
3098 1030 3226 1093 Θεός
3261 1046 3382 1100 μου,
3428 1025 3635 1092 δοξάσω
3666 1043 3748 1092 σε,

2193 1126 2417 1196 ὑμνήσω
2438 1124 2501 1178 τὸ
2523 1125 2691 1195 ὄνομά
2725 1126 2946 1188 σου,.ὄτι
2982 1122 3237 1193 ἐποίησας
3289 1120 3572 1192 θαυμαστὰ
3611 1120 3753 1190 πρά-

2191 1234 2399 1287 γματα.
2435 1236 2452 1267 ι
2482 1216 2591 1270 Kal
2617 1217 2736 1269 τίνα
2775 1216 2948 1270 ταῦτα
2969 1216 3042 1278 ὡς
3073 1213 3283 1283 ἀληθῶς
3312 1212 3607 1283 θαυμάσια,
3634 1211 3752 1264 δια-

2193 1310 2374 1377 σαφεῖ,
2418 1307 2590 1376 λέγων
2624 1307 2779 1379 ἑξῆς·
2820 1326 2838 1359 ι
2870 1308 3087 1377 Ποιήσει
3127 1305 3327 1376 Κύριος
3358 1302 3583 1358 Σαϐαὼθ
3618 1303 3753 1357 πᾶσι

2190 1402 2301 1463 τοῖς
2323 1400 2517 1453 ἔθνεσι·
2555 1400 2765 1453 πίονται
2795 1397 3151 1470 εὐφροσύνην,
3201 1398 3412 1450 πίονται
3441 1392 3602 1459 οἶνον,
3628 1394 3751 1467 χρί-

2195 1509 2373 1546 σονται
2402 1492 2569 1563 μύρον
2597 1494 2653 1544 ὲν
2680 1491 2758 1562 τῷ
2777 1491 2890 1563 ὄρει
2910 1490 3101 1560 τούτῳ.
3128 1488 3369 1561 Παράδος
3390 1488 3557 1541 ταῦτα
3573 1488 3757 1544 πάντα

2190 1586 2301 1647 τοῖς
2324 1583 2548 1636 ἔθνεσιν
2578 1585 2610 1654 η
2642 1583 2750 1654 γὰρ
2782 1582 2943 1653 βουλὴ
2965 1582 3102 1654 αῦτη
3134 1583 3227 1635 ἐπὶ
3251 1581 3426 1634 πάντα
3446 1580 3514 1633 τὰ
3546 1580 3695 1649 ἔθνη.
3725 1598 3748 1632 ι

2192 1675 2427 1729 Τοιαῦτα
2456 1693 2577 1755 τινα
2601 1672 2668 1747 ἦν
2708 1677 2801 1728 κα).
2831 1674 2901 1728 τὰ
2948 1676 3168 1728 Ἡσαΐου
3196 1674 3489 1745 θαυμάσια,
3529 1672 3757 1737 εὐωδίας

526 1769 694 1833 illius,
740 1770 1105 1839 salutarisque
1150 1770 1450 1840 sanguinis,
1492 1777 1551 1823 ut
1600 1771 1731 1823 novi
1758 1768 2083 1825 Testamenti

2189 1767 2397 1837 ἀγαθῆς
2420 1752 2512 1821 καί
2544 1767 2728 1838 μύρων
2754 1768 2950 1838 κρίσιν,
2977 1768 3038 1819 οὐ
3068 1766 3145 1836 τῷ
3190 1766 3423 1838 Ἰσραὴλ,
3448 1764 3582 1833 ἀλλὰ
3613 1766 3754 1817 πᾶσι

526 1860 839 1918 institutum
875 1862 1062 1925 habet,
1084 1863 1452 1931 acceperimus
1486 1881 1499 1917 :
1527 1877 1743 1917 rursum
1770 1877 1799 1915 a
1831 1862 2091 1932 pmpheta

527 1948 697 2005 David
739 1950 1061 2008 instruimur
1113 1951 1182 2007 ad
1230 1952 1518 2008 dicendum
1558 1953 1849 2008 :cParasti
1880 1954 1933 2007 in
1960 1968 2094 2008 con~

527 2052 719 2113 spectu
769 2059 889 2099 meo
936 2059 1177 2099 mensam
1229 2052 1421 2099 contra
1459 2060 1554 2100 eos
1578 2046 1669 2115 qui
1700 2044 1940 2115 amigunt
1982 2060 2087 2100 me.

526 2133 730 2206 Pingue
754 2135 928 2192 fecisti
980 2137 1036 2190 in
1083 2137 1204 2192 oleo
1250 2143 1414 2206 caput
1455 2152 1656 2200 meum,
1690 2143 1744 2191 et
1781 2137 1921 2191 calix
1965 2146 2090 2191 tuus

527 2226 808 2282 inebrians
843 2243 1003 2297 quam
1045 2227 1611 2298 prastantissimns".
1647 2246 1665 2278 ι
1700 2226 1884 2280 Palam
1929 2228 2092 2298 igitur

526 2317 583 2370 in
614 2317 699 2372 his
729 2319 1007 2389 mysticam
1050 2319 1318 2390 signiﬁcat
1347 2320 1680 2382 unctionem,
1711 2327 1763 2373 et
1810 2318 2090 2372 horrorem

525 2404 804 2460 aﬁ’erentia
836 2422 1037 2463 mensa
1059 2408 1261 2464 Christi
1293 2409 1583 2474 sacriﬁcia,
1617 2410 1813 2478 quibus
1861 2424 2091 2477 operan-

525 2503 633 2563 tes,
665 2495 976 2553 incruentas
1004 2506 1059 2553 et
1090 2500 1382 2555 rationales
1414 2499 1570 2568 eique
1601 2514 1795 2554 suaves
1821 2500 2086 2563 victimas,

526 2588 583 2642 in
631 2594 741 2642 tota
778 2589 885 2642 vita
921 2604 1176 2658 supremo
1219 2588 1328 2644 Deo
1372 2588 1589 2651 oll‘erre,
1631 2603 1728 2659 per
1772 2588 2091 2647 eminentis-

525 2677 720 2732 simum
777 2678 1019 2733 omnium
1074 2678 1245 2747 ipsius
1299 2676 1631 2748 pontiﬁcem,
1656 2678 1835 2732 edocti
1876 2694 2083 2733 sumus.

528 2764 639 2818 Hoc
674 2766 849 2834 ipsum
882 2779 1112 2835 magnus
1134 2781 1353 2835 quoque
1381 2766 1640 2835 propheta
1669 2765 1836 2821 Isaias
1863 2768 2086 2822 mirabi-

526 2854 650 2908 liter
678 2855 861 2911 divino
899 2854 1101 2926 Spiritu
1128 2858 1402 2913 indicante
1422 2860 1680 2930 providit,
1710 2866 1763 2914 et
1796 2869 2086 2929 antequam

523 2947 676 3001 ﬁeret
726 2948 1075 3017 pradicavit;
1106 2948 1237 3004 dicit
1266 2950 1429 3020 igitur
1461 2951 1539 3005 sic
1572 2970 1586 3006 :
1628 2969 1646 3001 ι
1690 2950 1912 3005 Domine
1944 2949 2085 3006 Deus

524 3049 699 3100 meus,
742 3036 1055 3107 gloriﬁcabo
1104 3045 1178 3103 te,
1228 3039 1458 3094 laudabo
1500 3055 1698 3095 nomen
1742 3047 1916 3104 tuum,
1949 3056 2086 3109 quo-

522 3126 667 3181 niam
710 3127 884 3183 fecisti
908 3146 995 3186 res
1022 3131 1299 3189 mirabiles
1316 3132 1384 3186 ³⁶.
1426 3152 1447 3186 ι
1483 3132 1547 3186 Et
1576 3149 1821 3203 quanam
1854 3133 1935 3187 ha
1974 3134 2084 3189 sint

520 3232 611 3274 res
661 3221 967 3287 mirabiles,
1026 3223 1186 3293 plane
1233 3225 1493 3295 deinceps
1546 3226 1785 3281 ostendit
1833 3225 2022 3281 dicens
2068 3245 2082 3280 :

526 3329 544 3361 ι
577 3307 760 3366 Faciet
783 3309 1045 3369 Dominus
1076 3312 1313 3369 Sabaoth
1348 3316 1657 3371 convivium
1679 3316 1931 3372 omnibus
1956 3332 2087 3387 gen-

519 3403 666 3457 tibus
702 3423 715 3457 :
749 3404 933 3459 bibent
959 3405 1217 3471 latitiam,
1250 3407 1433 3465 bibent
1456 3408 1640 3463 vinum
1661 3428 1675 3464 :
1696 3420 1964 3479 ungentur
1985 3425 2087 3464 un-

519 3505 719 3564 guento
737 3495 791 3549 in
810 3504 991 3551 monte
1011 3496 1133 3564 illo;
1150 3496 1301 3551 trade
1321 3496 1434 3551 hac
1453 3499 1631 3552 omnia
1654 3500 1920 3569 gentibus.
1950 3499 2087 3555 Con-

518 3588 699 3641 silium
740 3587 882 3642 enim
922 3588 1025 3643 hoc
1067 3589 1121 3643 in
1146 3602 1355 3643 omnes
1384 3598 1572 3659 gentes
1595 3591 1662 3645 ³⁸.
1698 3610 1716 3642 ι
1752 3589 2076 3659 Hujusmodi

516 3690 650 3731 sane
705 3686 859 3732 erant
912 3678 1062 3734 Isaia
1110 3678 1403 3743 mirabilia,
1437 3695 1558 3750 qua
1600 3680 1755 3735 bona
1795 3679 2082 3750 cujusdam

517 3767 846 3838 fragrantia,
878 3770 1245 3840 unguentique
1274 3771 1603 3833 unctionem,
1635 3787 1741 3825 non
1770 3770 1954 3835 Israel,
1985 3770 2081 3827 sed

517 3861 772 3917 omnibus
797 3862 1049 3931 gentibus
1074 3862 1460 3932 promittebant
1489 3880 1501 3915 :
1533 3877 1597 3918 ex
1622 3877 1729 3932 quo
1753 3878 1863 3917 non
1891 3862 2081 3918 imme-

516 3956 623 4010 rito
683 3963 900 4026 propter
962 3959 1225 4027 unguenti
1280 3957 1591 4012 unctionem
1644 3955 2078 4012 Christianorum

518 4047 934 4117 appellationem
991 4057 1298 4103 consecuta
1352 4056 1500 4112 sunt,
1562 4047 1656 4103 sed
1706 4048 1818 4101 vini
1864 4063 2078 4118 quoque

516 4137 755 4192 latitiam
809 4138 1058 4206 gentibus
1105 4138 1436 4192 vaticinatur
1474 4139 1529 4191 in
1562 4152 1648 4201 eo,
1694 4138 1827 4191 Novi
1888 4137 2079 4192 Testa-

516 4228 705 4289 menti,
734 4227 877 4295 quod
918 4242 947 4279 a
990 4226 1207 4282 Christo
1259 4227 1541 4281 conditum
1588 4233 1700 4291 est,
1734 4228 2074 4299 mysterium,

515 4316 850 4373 subobscure
908 4318 1263 4388 significans:
1298 4320 1445 4389 quod
1502 4333 1633 4374 sane
1689 4319 1830 4389 apud
1886 4334 2075 4376 omnes

2189 1861 2299 1922 τοῖς
2330 1858 2534 1911 ἔθνεσιν
2568 1859 3025 1929 ἐπαγγελλόμεναο
3060 1858 3181 1911 ὅθεν
3225 1857 3448 1921 εἰκότως
3479 1855 3627 1927 παρὰ
3654 1856 3755 1927 τὴν

2189 1954 2281 2007 τοῦ
2336 1953 2504 2025 μύρου
2562 1953 2737 2024 χρίσιν
2783 1954 2875 2007 καὶ
2922 1953 3021 2023 τῆς
3060 1953 3399 2024 Χριστιανῶν
3444 1952 3757 2022 ⁴ἰγξιώθησάν

2190 2046 2578 2117 προσηγορίας.
2616 2044 2775 2098 Ἀλλὰ
2800 2046 2895 2099 καὶ
2925 2045 3067 2099 οίνου
3101 2048 3212 2107 τοῖς
3246 2045 3449 2098 ἔθνεσιν
3488 2042 3759 2116 εὐφροσύ-

2190 2154 2287 2209 νην
2328 2136 2592 2202 θεσπίζει,
2624 2138 2686 2189 τὸ
2728 2137 2827 2207 τῆς
2852 2136 3056 2206 Καινῆς
3082 2135 3173 2189 τοῦ
3208 2135 3441 2207 Χριστοῦ
3478 2136 3759 2206 Διαθήκης

2194 2230 2486 2301 μυστήριον
2527 2228 2910 2299 αἰνιττόμενος,
2954 2227 2982 2280 ὃ
3030 2225 3180 2297 παρὰ
3215 2228 3343 2279 πᾶσι
3385 2228 3493 2287 τοῖς
3540 2225 3766 2277 ἔθνεσιν

2189 2320 2431 2390 ἐναργῶς
2458 2320 2597 2373 κατὰ
2630 2320 2717 2372 τὸν
2749 2319 2986 2388 παρόντα
3016 2318 3201 2387 καιρὸν
3235 2316 3551 2369 ὲκτελεΐται.
3597 2314 3746 2367 Ταύ-

2186 2430 2283 2475 τας
2307 2413 2364 2464 δὲ
2398 2411 2557 2465 πάλιν
2580 2409 2679 2472 τὰς
2713 2409 3053 2479 ἀσωμάτους,
3098 2408 3192 2459 καὶ
3229 2405 3419 2475 vespa;
3448 2403 3634 2466 θυσίας
3674 2402 3748 2456 τὰ

2188 2502 2497 2574 προφητικὰ
2562 2500 2817 2571 κηρύττει
2867 2499 3041 2566 λόγια,
3106 2490 3209 2550 ὧδέ
3258 2513 3332 2566 πη
3400 2494 3742 2564 περιέχοντα*

2194 2613 2211 2645 ι
2248 2592 2416 2646 Θῦσον
2448 2590 2525 2662 τῷ
2574 2590 2691 2660 Θεῷ
2735 2588 2923 2643 θυσίαν
2976 2586 3251 2649 αἰνέσεως,
3284 2587 3377 2639 καὶ
3429 2585 3621 2649 ἀπόδος
3664 2584 3748 2656 τῷ

2162 2740 2165 2747 _
2198 2683 2435 2752 ’Υψίστῳ
2460 2681 2559 2745 τὰς
2583 2680 2745 2750 εὐχάς
2767 2698 2881 2744 σου,
2923 2681 3016 2734 καὶ
3042 2678 3359 2733 ἔπικάλεσαί
3395 2695 3460 2749 με
3485 2680 3541 2730 ὲν
3564 2678 3749 2750 ἡμέρᾳ

2188 2774 2434 2844 θλίψεως,
2473 2775 2567 2828 καὶ
2607 2772 2899 2844 ὲξελοῦμαί
2924 2790 3005 2837 σε,
3036 2774 3127 2825 καί
3167 2770 3409 2836 δοξάσεις
3444 2789 3530 2841 με.
3563 2791 3585 2824 ›
3633 2772 3748 2825 Kal.

2186 2866 2344 2919 πάλιν
2363 2884 2375 2896 ο
2413 2886 2431 2917 ι
2471 2868 2737 2936 Ἐπαρσις
2760 2864 2870 2917 τῶν
2901 2863 3097 2934 χειρῶν
3118 2880 3216 2934 μου
3234 2863 3388 2916 θυσία
3410 2864 3686 2933 ἑσπερινή.
3716 2881 3745 2913 ν

2186 2958 2296 3012 Kal.
2322 2954 2495 3021 αὖθις*
2543 2976 2561 3007 ι
2607 2956 2775 3009 Θυσία
2815 2954 2897 3024 τῷ
2935 2954 3052 3025 Θεῷ
3096 2953 3311 3024 πνεῦμα
3352 2951 3755 3026 συντετριμμέ-

2185 3066 2297 3102 νον.
2332 3067 2350 3099 ›
2383 3047 2565 3102 Ταῦτα
2592 3046 2655 3118 δή
2678 3043 2775 3100 οὖν
2801 3046 3001 3110 πάντα,
3044 3044 3103 3109 ἐξ
3135 3045 3324 3108 αἰῶνος
3348 3044 3745 3113 τεθεσπισμένα

2185 3140 2272 3193 διὰ
2296 3141 2396 3210 τῆς
2419 3138 2777 3207 εὐαγγελικῆς
2808 3136 2901 3190 τοῦ
2925 3136 3173 3207 Σωτῆρος
3196 3136 3350 3207 ήμῶν
3376 3133 3742 3197 διδασκαλίας,

2186 3229 2325 3284 κατὰ
2356 3230 2446 3282 τὸν
2478 3229 2718 3298 παρόντα
2763 3227 2951 3299 καιρὸν
2981 3228 3115 3300 πρὸς
3156 3228 3409 3281 ἁπάντων
3439 3228 3546 3280 τῶν
3573 3225 3753 3279 ἐθνῶν.

2184 3321 2500 3383 ὲκτελεῖται,
2528 3320 2780 3391 ἀληθείας
2808 3318 3285 3391 ἐπιμαρτυρούσης
3316 3322 3382 3389 τῇ
3431 3320 3747 3390 προφητικῇ

2185 3415 2353 3483 φωνῇ,
2377 3407 2542 3484 δι’ἦς,
2576 3411 2673 3475 τὰς
2700 3410 2840 3465 κατὰ
2862 3411 3095 3465 Μωῦσέα
3126 3410 3311 3473 θυσίας
3330 3411 3359 3462 ό
3388 3410 3518 3472 Θεὸς
3546 3426 3752 3481 παραιρ

2181 3504 2503 3575 τησάμενος,
2529 3503 2591 3556 τὸ
2629 3503 2818 3574 μέλλον
2856 3501 3073 3556 ἔσεσθαι
3098 3500 3218 3555 καθ’
3257 3503 3401 3573 ἡμᾶς
3428 3502 3622 3567 αὐτοὺς
3652 3500 3749 3554 θε-

2184 3591 2392 3656 σπίζει,
2444 3592 2655 3660 λέγων’
2711 3610 2730 3643 ι
2777 3593 2921 3645 Διότι
2975 3590 3083 3645 ἀπὸ
3132 3590 3403 3644 ἀνατολῶν
3451 3589 3598 3659 ἡλίου
3646 3588 3743 3641 xal.

2186 3684 2346 3755 μέχρι
2399 3682 2615 3755 δυσμῶν
2669 3684 2730 3737 τὸ
2780 3683 2951 3754 ὄνομά
3006 3700 3106 3754 μου
3156 3681 3462 3745 δεδόξασται
3522 3683 3581 3733 ὲν
3628 3683 3743 3743 τοῖς

2182 3774 2377 3839 ἔθνεσι,
2415 3777 2508 3830 καὶ
2541 3778 2597 3829 ὲν
2632 3777 2793 3829 παντὶ⁵
2837 3776 2986 3847 τόπῳ
3020 3774 3265 3846 θυμίαμα
3300 3774 3624 3844 προσάγεται
3659 3772 3741 3843 τῷ

2179 3866 2398 3937 ὀνόματί
2429 3883 2549 3937 μου,
2584 3868 2677 3921 καὶ
2713 3866 2871 3921 θυσία
2899 3867 3131 3937 καθαρά.
3169 3885 3187 3916 ι
3220 3865 3427 3935 Θύομεν
3454 3864 3588 3934 δῆτα
3630 3881 3741 3917 τοι·

2178 3956 2379 4029 γαροῦν
2402 3957 2480 4028 τῷ
2505 3958 2596 4010 ἐπὶ
2619 3958 2832 4012 πάντων
2864 3956 2981 4027 Θεῷ
3009 3955 3193 4009 θυσίαν
3221 3955 3505 4019 αἰνέσεως·
3539 3954 3739 4025 θύομεν

2176 4049 2238 4101 τὸ
2264 4048 2461 4113 ἔνθεον,
2489 4049 2582 4102 καὶ
2624 4047 2837 4118 σεμνὸν,
2870 4048 2963 4102 καὶ
2998 4048 3315 4119 ἰεροπρεπὲς
3342 4046 3509 4118 θῦμα·
3539 4046 3739 4117 θύομεν

2177 4140 2378 4204 καινῶς
2409 4141 2550 4194 κατὰ
2580 4140 2676 4211 τὴν
2707 4140 2913 4211 Καινὴν
2940 4139 3211 4210 Διαθήκην
3243 4140 3339 4210 τὴν
3369 4137 3611 4210 καθαρὰν
3644 4138 3740 4191 θυ-

2179 4232 2317 4284 σίαν.
2369 4249 2388 4284 ι
2423 4230 2592 4285 Θυσία
2619 4230 2675 4283 δὲ
2703 4230 2780 4301 τῷ
2807 4230 2923 4302 Θεῷ
2969 4230 3183 4301 πνεῦμα
3218 4228 3670 4300 συντετριμμένον
3709 4245 3730 4280 ι

2178 4322 2421 4393 εἴρηταιο
2469 4341 2485 4374 ε
2520 4323 2743 4392 καρδίαν
2785 4322 2916 4390 γοῦν
2955 4320 3414 4393 συντετριμμένην
3447 4320 3541 4373 καὶ
3572 4334 3734 4373 τεταο

515 4418 701 4478 gentes
744 4408 797 4462 in
834 4410 1085 4478 praesenti
1129 4418 1372 4481 tempore
1420 4412 1703 4481 perspicue
1748 4411 2070 4467 celebratur.

2184 4412 2514 4482 πεινωμένην
2557 4414 2586 4464 ό
2613 4412 2744 4475 Θεὸς
2775 4412 2874 4465 οὐκ
2919 4411 3280 4478 ὲξουδενὼσει.
3327 4431 3343 4463 ι
3377 4412 3485 4464 Kal.
3527 4410 3591 4481 δὴ
3638 4411 3743 4465 καὶ

513 4501 684 4555 Porro
710 4501 809 4556 has
834 4517 1024 4557 rursus
1060 4502 1409 4573 incorporeas
1433 4504 1893 4575 intelligentiaque
1931 4519 2074 4574 pra-

510 4592 656 4649 ditas
687 4592 893 4648 hostias
927 4595 1239 4664 prophetica
1270 4597 1525 4649 nuntiant
1549 4597 1791 4653 oracula.
1826 4597 1905 4651 sic
1936 4612 2072 4667 quo-

512 4687 636 4740 dam
670 4686 787 4739 loco
813 4685 1067 4740 habentia
1095 4706 1107 4741 :
1148 4706 1165 4738 ι
1203 4687 1424 4742 lmmola
1453 4686 1560 4743 Deo
1596 4688 1922 4743 sacrilicium
1955 4690 2073 4744 lau-

511 4778 618 4835 dis.
642 4784 695 4832 ct
735 4777 899 4832 redde
940 4778 1218 4833 Altissimo
1249 4788 1371 4834 vota
1417 4791 1527 4844 tua,
1559 4787 1610 4835 et
1652 4782 1841 4836 invoca
1888 4797 1972 4836 me
2014 4782 2070 4837 in

508 4870 598 4926 die
651 4869 1039 4933 tribulationis,
1101 4879 1157 4926 et
1222 4887 1407 4926 eruam
1477 4882 1561 4937 te,
1635 4882 1690 4929 et
1739 4872 2070 4943 gloriﬁcabis

509 4977 596 5017 me
611 4963 676 5018 ³⁸.
719 4982 739 5016 ›
775 4962 839 5015 Ει
863 4979 1086 5019 rursus:
1117 4983 1135 5015 ι
1174 4965 1413 5021 Elevatio
1440 4982 1696 5021 manuum
1726 4980 2074 5037 incarnmsa-

507 5052 771 5107 oriﬁcium
799 5055 1241 5124 vespertinum".
1278 5074 1296 5108 ι
1325 5055 1455 5109 ltem
1482 5057 1606 5110 alibi
1632 5074 1646 5111 :
1683 5075 1701 5107 ι
1735 5053 2071 5109 Sacriﬁcium

507 5141 639 5217 Deo,
671 5146 892 5215 Spiritus
917 5147 1259 5201 contritus”.
1284 5167 1302 5199 ›
1330 5145 1454 5202 Hac
1471 5147 1632 5219 igitur
1649 5147 1984 5217 omnia,qua
2003 5147 2072 5202 ab

507 5235 662 5289 initio
686 5237 945 5294 divinitus
978 5238 1234 5308 pradicta
1269 5247 1420 5306 sunt,
1450 5240 1503 5292 in
1542 5238 1795 5310 prasenti
1828 5247 2071 5308 tempore

504 5342 601 5397 per
640 5330 1001 5400 evangelicam
1045 5330 1343 5385 Salvatoris
1390 5333 1564 5386 nostri
1615 5332 1919 5385 doctrinam
1952 5329 2062 5401 40

504 5420 576 5476 ab
606 5423 857 5479 omnibus
889 5424 1140 5495 gentibus
1169 5423 1534 5488 celebrantur,
1580 5423 1907 5495 prophetica
1938 5425 2059 5479 voci

575 5513 789 5587 ⁸ξιδριιι.
831 5519 1181 5580 xxm.2-t.
1257 5520 1300 5551 ει
1353 5517 1637 5574 lbid.7-9.
1717 5519 1929 5574 "ibid.
1966 5521 2052 5575 io.

2205 5519 2347 5575 Psal.
2409 5534 2547 5587 nn,
2582 5518 2635 5576 5.

2179 4504 2457 4576 θυμιῶμεν
2500 4503 2560 4556 τὸ
2603 4494 2931 4575 προφητικὸν
2974 4502 3241 4574 θυμίαμα,
3293 4504 3351 4556 ὲν
3383 4502 3545 4555 παντὶ
3584 4500 3738 4572 τόπῳ

2178 4595 2631 4670 προσκομίζοντες
2661 4595 2807 4666 αὐτῷ
2838 4595 2926 4647 τὸν
2967 4593 3137 4665 εὐώδη
3180 4594 3388 4666 καρπὸν
3427 4594 3526 4663 τῆς
3557 4609 3733 4647 πανα-

2182 4693 2332 4764 ρέτου
2372 4689 2665 4757 θεολογίας,
2704 4688 2791 4741 διὰ
2837 4687 2944 4741 τῶν
2979 4687 3114 4759 πρὸς
3136 4687 3295 4740 αὐτὸν
3327 4685 3499 4757 εὐχῶν
3528 4685 3731 4756 ἀναφέ-

2179 4799 2379 4854 ροντες.
2416 4779 2583 4833 Τοῦτό
2620 4796 2701 4832 τοι
2744 4778 2835 4831 καὶ
2877 4778 3030 4842 ἄλλος
3078 4777 3315 4831 διδάσκει
3353 4778 3657 4849 προφήτης,
3702 4779 3733 4830 ό

2177 4873 2374 4943 φήσας·
2405 4890 2424 4922 ι
2448 4869 2735 4941 Γενηθήτω
2757 4871 2790 4939 ή
2806 4868 3076 4939 προσευχή
3108 4884 3207 4937 μου
3234 4868 3309 4931 ὡς
3335 4867 3583 4938 θυμίαμα
3607 4864 3734 4920 ὲνὼ-

2173 4965 2293 5017 πιόν
2324 4980 2437 5016 σου.
2478 4982 2496 5015 ι
2529 4960 2735 5015 Οὐκοῦν
2763 4958 3102 5028 καίζθύομεν,
3131 4960 3223 5013 καὶ
3255 4958 3568 5029 θυμιῶμεν·
3608 4957 3734 5012 τοτὲ

2174 5056 2270 5127 μὲν
2298 5054 2395 5126 τὴν
2421 5055 2638 5126 μνήμην
2666 5052 2758 5108 τοῦ
2788 5052 3020 5123 μεγάλου
3045 5051 3300 5121 θύματος,
3335 5049 3475 5104 κατὰ
3494 5048 3565 5101 τὰ
3593 5048 3732 5120 πρὸς

2167 5147 2329 5201 αὐτοῦ
2358 5145 2726 5219 παραδοθέντα
2761 5146 3031 5216 μυστήρια
3072 5141 3463 5205 ἐπιτελοῦντες,
3503 5140 3597 5193 καὶ
3632 5140 3731 5209 τὴν

2169 5238 2309 5309 ὑπὲρ
2338 5237 2608 5309 σωτηρίας
2632 5237 2786 5307 ήμῶν
2816 5236 3159 5306 εὐχαριστίαν
3187 5236 3252 5288 δι’
3277 5232 3513 5287 εὐσεϐῶν
3545 5230 3729 5301 ὓμνων

2167 5348 2225 5383 τε
2258 5331 2351 5385 καὶ
2389 5330 2561 5401 εὐχῶν
2587 5329 2664 5402 τῷ
2703 5328 2820 5399 Θεῷ
2855 5326 3327 5398 προσκομίζοντες·
3362 5325 3483 5378 τοτὲ
3505 5323 3560 5375 δὲ
3588 5323 3730 5391 σφᾶς

2167 5424 2362 5487 αὐτοὺς
2392 5423 2587 5495 ama)
2608 5420 2985 5493 καθιεροῦντες
3015 5418 3182 5490 αὐτῷ,
3212 5420 3303 5472 xal.
3321 5416 3471 5488 τῷγε
3487 5415 3731 5487 ἀρχιερεῖ

2765 5520 2809 5552 ³⁸
2849 5516 2948 5575 lsa.
2990 5534 3123 5584 xxv,
3153 5517 3203 5571 l.
3307 5515 3351 5546 ³³
3400 5512 3534 5569 lbid.
3606 5509 3726 5564 6.7.

505 5584 547 5618 ⁵⁸
590 5585 733 5641 Psal.
776 5603 940 5652 χιιι,
978 5591 1158 5664 14,15.
1235 5592 1278 5624 ³⁷
1309 5589 1453 5647 Psal.
1492 5604 1615 5652 cxn,
1656 5589 1711 5643 2.
1786 5591 1831 5622 ³⁸
1854 5589 2000 5644 Psal.
2029 5606 2082 5650 ι..
2114 5590 2167 5643 9.

577 5682 656 5752 (l)
678 5679 840 5737 Forte
874 5683 1152 5753 legendum
1190 5685 1343 5748 ὅλους
1366 5687 1446 5742 vel
1476 5684 1629 5749 ὅλως.
1662 5683 1817 5740 Eutr.
1861 5683 2098 5738 ΡΑτιιοι..
