4068 6206
347 230 423 285 97
1248 210 1898 276 DEMONSTRATIGNIS
1933 208 2390 273 EVANGEUCAS
2425 209 2555 271 LIB.
2576 209 2641 268 Il.
3489 216 3566 275 '93

350 345 590 415 μετεῖναι
622 340 831 412 ἔφασαν
858 337 964 396 τῶν
997 340 1121 411 παρ’
1149 339 1333 402 αὐτοῖς
1365 337 1725 409 άναγράπτων
1746 338 1893 404 ἐπαγ

2015 330 2216 388 fallam.
2251 331 2518 399 Quoniam
2566 330 2731 401 igitur
2763 329 2944 387 dicere
2971 329 3166 394 solent,
3202 346 3388 388 earum
3434 347 3565 402 pro-

344 434 580 505 γελιῶνο
631 434 810 488 αὐτῶν
840 433 946 505 γὰρ
988 433 1081 486 καὶ
1118 432 1243 495 τοὺς
1284 432 1563 504 προφήτας
1605 429 1906 499 γεγονέναι,

345 526 529 590 αὐτοῖς
562 525 658 579 καὶ
701 524 949 599 Χριστὸν,
978 523 1036 575 ὃν
1067 522 1129 592 δὴ
1171 521 1320 590 φίλον
1363 521 1652 575 ἀποκαλεῖν
1681 518 1909 590 Σωτῆρα

344 620 438 673 καὶ
466 617 746 690 λυτρωτὴν
776 613 1127 688 κηρύττεσθαι
1149 631 1160 643 ·
1196 614 1376 676 αὐτοῖς
1404 614 1494 666 καὶ
1539 613 1637 675 τὰς
1667 612 1906 682 ἀναγρά-

344 724 510 770 πτους
550 706 865 775 ὑποσχέσεις
904 703 1204 775 προσδοκᾷν
1252 701 1714 773 άποδοθήσεσθαι“
1758 700 1907 770 ἡμᾶς

342 798 398 853 δὲ
427 797 709 868 περιττοὺς
734 794 934 848 τούτων
966 794 1255 866 ὑπάρχειν,
1289 788 1375 847 οἷα
1404 792 1463 845 τὸ
1493 791 1649 861 γένος
1679 788 1908 858 ἀλλοφύ-

341 889 468 952 λους
489 889 666 951 ὄντας,
701 882 781 949 οἷς
813 886 879 940 τὰ
908 886 1151 958 χείριστα
1193 884 1277 938 διὰ
1321 884 1511 938 πασῶν
1537 882 1644 935 τῶν
1695 898 1906 952 προφη-

339 981 504 1037 τειῶν
530 978 890 1043 θεσπίζεσθαι.
920 977 1062 1049 Πρὸς
1104 977 1167 1047 δή
1198 972 1289 1029 οὖν
1320 974 1510 1039 ταῦτα,
1538 975 1691 1045 φέρε,
1726 972 1782 1039 ἐξ
1812 972 1908 1025 αὑ-

332 1073 453 1127 ’τῶν
491 1071 597 1126 τῶν
628 1073 754 1141 παρ’
784 1071 962 1133 αὐτοῖς
994 1067 1341 1139 προφητικῶν
1390 1066 1584 1137 βίϐλων
1631 1066 1728 1136 τὴν
1773 1064 1907 1134 πρὸς

330 1166 543 1229 αὐτοὺς
568 1165 861 1233 ἀπάντησιν
912 1160 1281 1233 ποιησώμεθα.
1318 1160 1389 1212 Τὸ
1451 1160 1547 1230 μὲν
1591 1154 1683 1211 οὖν
1726 1159 1906 1219 αὐτοῖς

344 1252 677 1325 ἐπηγγέλθαι
705 1252 793 1304 τὸν
818 1250 1050 1321 Χριστὸν
1078 1248 1170 1302 τοῦ
1190 1248 1346 1313 Θεοῦ,
1377 1249 1470 1301 καὶ
1495 1248 1593 1316 τὴν
1621 1245 1798 1315 ἄφιξιν
1820 1245 1906 1297 αὑ-

340 1346 443 1400 τοῦ
482 1346 742 1417 λύτρωσιν
776 1343 853 1414 τῷ
892 1341 1107 1412 Ἰσραήλ
1156 1340 1458 1412 κηρύττειν,
1499 1328 1609 1393 οὑδί
1632 1338 1696 1392 ἂν
1747 1340 1906 1408 ἡμεῖς

340 1435 601 1507 ἀρνηθείη
609 1451 721 1504 μεν,
744 1431 1178 1503 ὁμολογουμένως
1196 1429 1281 1482 διὰ
1298 1430 1470 1499 πάσης
1497 1427 1672 1483 αὐτῶν
1686 1428 1905 1498 Γραφῆς

341 1527 623 1599 προδήλως
646 1525 827 1577 τούτου
846 1522 1243 1595 παρισταμένου
1259 1538 1271 1551 ο
1288 1521 1378 1574 τοῦ
1398 1538 1458 1589 γε
1479 1520 1581 1591 μὴν
1599 1519 1903 1573 ἀποκλείειν

339 1620 409 1673 τὰ
424 1618 550 1689 ἔθνη
587 1617 692 1669 τῶν
714 1616 804 1668 ἐπὶ
827 1615 904 1685 τῷ
935 1613 1153 1687 Χριστῷ
1185 1611 1635 1683 προσδοκωμένων
1664 1609 1899 1677 ἀγαθῶν,

2010 425 2356 487 missionum,
2392 438 2513 494 quae
2543 424 2597 477 in
2627 424 2744 478 suis
2774 424 3016 493 ipsorum
3045 423 3200 479 libris
3246 433 3430 495 aperte
3462 426 3563 480 de-

2010 518 2223 589 scriptae
2256 516 2540 581 habentur,
2569 515 2722 568 nullo
2744 514 2903 569 modo
2932 530 3031 569 nos
3070 528 3191 570 esse
3215 517 3515 586 participes
3546 537 3560 573 :

2009 622 2139 663 suos
2194 608 2336 663 enim
2385 606 2554 662 fuisse
2600 607 2915 676 prophetas,
2966 606 3070 662 sibi
3124 605 3255 676 ipsis
3284 607 3561 663 Christum

2006 700 2270 763 nuntiari,
2306 714 2464 769 quem
2500 698 2730 752 libenter
2761 705 2814 753 et
2844 698 3181 753 Salvatorem
3226 706 3280 752 et
3330 696 3563 754 Redem-

2009 799 2216 863 ptorem
2244 798 2437 845 vocant
2466 810 2479 843 :
2513 789 2616 845 sibi
2644 789 2781 859 ipsis
2808 789 3205 858 promissiones
3248 790 3392 852 illas.
3422 805 3563 861 quas

2008 888 2192 951 aperte
2248 878 2551 949 descriptas
2603 880 2820 945 habent,
2870 879 3199 935 exhibendas
3247 887 3407 949 atque
3441 880 3565 935 red-

2010 971 2216 1027 dendas
2232 970 2529 1040 exspectari
2550 988 2562 1023 :
2585 985 2683 1023 nos
2704 980 2881 1025 autem
2901 970 3048 1038 justo
3072 971 3311 1041 ipsorum
3335 986 3564 1025 numero

2008 1077 2439 1132 supervacaneos
2470 1062 2747 1127 accedere,
2788 1070 2972 1133 utpote
3013 1063 3105 1131 qui
3148 1078 3342 1133 genere
3390 1063 3564 1118 simus

2006 1154 2244 1217 diverso,
2294 1163 2348 1208 et
2383 1155 2581 1223 quibus
2636 1155 2793 1225 quasi
2852 1164 3111 1216 externis.
3167 1155 3454 1210 deterrima
3507 1160 3564 1211 iu

2007 1246 2258 1301 omnibus
2289 1246 2590 1314 prophetiis
2621 1261 2885 1315 responsa
2927 1247 3035 1300 sint
3094 1266 3107 1301 :
3149 1246 3260 1315 jam
3298 1263 3441 1303 nunc
3476 1250 3563 1304 his

2006 1337 2218 1392 obviam
2253 1353 2316 1392 ex
2344 1338 2583 1407 ipsorum
2617 1338 2948 1408 propheticis
2979 1339 3133 1394 libris
3169 1355 3377 1395 eamus.
3406 1340 3562 1406 Quod

2006 1428 2169 1498 igitur
2204 1430 2345 1499 apud
2382 1429 2499 1484 illos
2542 1431 2871 1498 promissum
2908 1438 3105 1495 exstet,
3130 1430 3405 1485 Christum
3441 1431 3559 1495 Dei,

2003 1520 2231 1590 ejusque
2283 1520 2569 1575 adventum
2619 1520 3044 1593 redemptionem
3090 1521 3255 1578 lsrael
3286 1524 3558 1586 nuntiare.

2003 1613 2293 1668 inﬁciaturi
2324 1630 2392 1669 ne
2427 1630 2527 1671 nos
2551 1617 2768 1688 quidem
2804 1633 2994 1672 sumus
3020 1636 3036 1672 :
3069 1618 3267 1687 quippe
3294 1633 3415 1673 cum
3435 1618 3560 1675 abs-

328 1710 486 1764 ὠσάν
514 1681 657 1781 μόνῳ
684 1708 759 1780 τῷ
789 1681 1022 1778 Ἰσραὴλ,
1044 1681 1238 1775 061185
1262 1704 1354 1755 καὶ
1380 1706 1486 1766 τοῖς
1503 1703 1704 1755 ἔθνεσιν
1728 1703 1893 1772 ἐπηγ-

2002 1720 2111 1775 que
2143 1707 2514 1761 controversia
2577 1708 2632 1761 in
2675 1710 2928 1764 omnibus
2958 1709 3173 1764 illorum
3204 1711 3423 1781 scriptis
3457 1710 3562 1766 hoc

330 1800 634 1871 γελμένων,
656 1799 833 1851 οὐκέτι
858 1798 1057 1851 δίκαιον
1086 1796 1264 1857 αὐτοῖς
1301 1794 1614 1863 συγχωρεῖν,
1634 1790 1782 1861 παρά
1802 1789 1896 1862 τήν

332 1892 446 1945 τῶν
472 1891 631 1945 θείων
661 1890 887 1963 Γραφῶν
914 1888 1069 1942 τοῦτο
1096 1888 1356 1955 φάσκουσι
1386 1885 1707 1956 μαρτυρίαν.

2003 1795 2179 1865 palam
2236 1798 2465 1850 inveniri
2506 1806 2718 1853 constet
2760 1818 2773 1853 :
2829 1807 2889 1854 ut
2929 1807 3108 1855 autem
3152 1808 3339 1869 gentes
3367 1800 3437 1854 ab
3468 1800 3557 1863 iis,

2004 1901 2125 1956 qua:
2173 1884 2228 1941 in
2279 1887 2498 1944 Christo
2544 1899 2932 1961 exspectantur
2988 1892 3167 1955 bonis,
3216 1892 3556 1948 excludant:

334 1984 501 2055 quasi
528 1982 593 2036 ab
632 1982 699 2037 iis
730 1997 849 2051 qua:
888 1980 978 2034 uni
1007 1978 1191 2039 Israel,
1222 1993 1327 2030 non
1355 1984 1532 2030 autem
1562 1977 1725 2030 etiam
1759 1975 2009 2046 gentibus
2070 1979 2339 2050 promissa
2384 1981 2515 2044 sint,
2580 1998 2689 2036 non
2751 1983 2877 2037 item
2930 1998 3084 2053 atque
3132 1983 3387 2055 justeque
3449 1985 3559 2042 illis

328 2085 423 2132 est
450 2074 852 2130 concedendum
903 2092 918 2128 :

857 2162 1247 2217 ΚΕΦΑΛΛΙΟΝ
1284 2160 1360 2215 Λ’.

346 2258 538 2325 Ὅπως
566 2258 636 2312 τὰ
666 2258 1028 2329 mortifera
1060 2253 1195 2329 περὶ
1218 2249 1382 2329 ἡμῶν
1406 2248 1902 2329 τῶναὰλλοφύέων

419 2320 608 2383 eatis,-
651 2320 1047 2394 προλαϐόντες
1094 2326 1144 2375 ot
1190 2322 1322 2388 παρ’
1366 2320 1566 2386 αὐτοῖς
1611 2320 1900 2388 προφῆται

415 2399 757 2466 ἐκήρυττον.

401 2491 625 2564 Πρῶτον
645 2486 760 2551 οὖν,
786 2487 1076 2557 ἐπειδήπερ
1102 2484 1255 2538 αὐτοὶ
1273 2482 1371 2545 τὰς
1400 2482 1539 2553 ὑπὲρ
1557 2480 1733 2535 αὐτῶν
1762 2498 1897 2553 χρη-

340 2582 596 2654 στοτέρας
622 2579 799 2651 φωνὰς
825 2576 1175 2646 ἀναλέγεσθαι
1200 2574 1437 2636 εἰώθασι,
1462 2575 1555 2627 καὶ
1579 2573 1781 2637 ταύτας
1805 2574 1891 2627 διά

339 2674 604 2747 στόματος
652 2669 1148 2741 ἀπομνημονεύειν,
1205 2665 1659 2736 ἀντιπαραθῶμεν
1711 2666 1891 2729 αὐτοῖς

324 2766 434 2829 τὰς
459 2764 584 2836 περὶ
611 2762 717 2816 τῶν
756 2760 924 2813 ἐθνῶν
952 2759 1010 2823 ἐξ
1039 2757 1213 2811 αὐτῶν
1242 2757 1349 2809 τῶν
1384 2755 1729 2830 προφητειῶνΔ
1757 2756 1892 2808 ἁποο

333 2855 547 2919 δείξεις,
576 2850 941 2923 παριστῶσας,
960 2849 1034 2913 ὼς
1063 2849 1168 2920 ἄρα
1200 2847 1387 2919 μυρίαι
1416 2849 1535 2900 ὅσαι
1561 2847 1891 2917 προρρήσεις

336 2943 515 3013 ἀγαθά
540 2936 645 2992 καὶ
664 2942 904 3011 σωτήρια
937 2941 1065 2993 πᾶσι
1094 2941 1207 3002 τοῖς
1241 2937 1443 2990 ἔθνεσιν
1473 2935 1773 3000 ἐθέσπιζον,
1797 2935 1893 2988 καὶ

335 3034 411 3098 ὼς
437 3033 543 3087 οὐδ’
576 3033 746 3094 άλλως
794 3031 1025 3099 ἔφασκον
1068 3028 1581 3100 ἀποτελεσθήσεσθαι
1611 3028 1678 3081 τά
1722 3028 1894 3098 ἐπηγ-

334 3123 576 3191 γελμένα
602 3124 710 3184 τοῖς
754 3120 952 3174 ἔθνεσιν
986 3120 1017 3191 ἢ
1056 3119 1141 3171 διά
1185 3118 1346 3189 μόνης
1395 3117 1491 3188 τῆς
1534 3117 1627 3169 τοῦ
1660 3116 1891 3188 Χριστοῦ

339 3212 665 3285 παρουσίας.
698 3213 988 3283 Στήσαντες
1015 3211 1073 3265 δὲ
1110 3210 1337 3263 ἐνταῦθα
1368 3211 1457 3263 τὸν
1500 3210 1672 3278 λόγον,
1699 3209 1891 3262 ἀποδε-

340 3302 581 3373 δειχότες
604 3302 666 3355 ἂν
686 3301 888 3372 εἴημεν,
916 3302 990 3365 ὡς
1008 3302 1069 3355 οὐ
1100 3302 1295 3374 μᾶλλον
1320 3303 1540 3364 ἐκείνοις
1564 3301 1725 3370 φάναι
1756 3301 1892 3371 χρῆν

399 3398 532 3466 ἡμῖν
557 3395 654 3467 τὴν
683 3396 770 3447 ἐπὶ
796 3396 884 3448 τὸν
907 3394 1135 3464 Χριστὸν
1160 3393 1252 3447 τοῦ
1281 3391 1415 3446 Θεοῦ
1442 3392 1762 3463 προσδοκίαν
1794 3394 1894 3464 ἀρ-

340 3486 575 3557 μόττειν.
634 3483 935 3557 ’ἰσορρόπου
985 3483 1041 3536 δὲ
1084 3482 1352 3546 Ἰουδαίοις
1392 3481 1487 3534 καὶ
1535 3479 1754 3552 Ἕλλησι
1793 3482 1892 3552 τῆς

333 3575 442 3629 τῶν
473 3577 890 3648 ἐπηγγελμένων
931 3574 1140 3639 ἐλπίδος
1182 3573 1603 3644 ἀποδειχθείσης,
1647 3573 1720 3636 ὡς
1752 3572 1893 3626 κατά

331 3670 490 3725 τοῦτο
525 3669 688 3741 μηδὲν
731 3669 838 3721 τῶν
876 3670 939 3721 ὲκ
971 3667 1265 3739 περιτομῆς
1306 3666 1581 3720 λείπεσθαι
1621 3667 1743 3729 τοὺς
1783 3665 1892 3719 ἀπὸ

331 3763 436 3816 τῶν
460 3761 632 3815 ἐθνῶν
653 3760 742 3813 διὰ
765 3757 995 3831 Χριστοῦ
1031 3758 1456 3829 σωθησομένους,
1480 3759 1542 3810 ἐκ
1576 3757 1889 3826 περιουσίας

332 3854 459 3924 ἑξῆς
493 3853 802 3923 ἐλέγξομεν,
839 3852 913 3915 ῶς
948 3850 1039 3904 ἐπὶ
1066 3849 1159 3903 τοῦ
1203 3849 1436 3921 Χριστοῦ
1472 3850 1759 3921 παρουσίᾳ,
1794 3848 1888 3902 καὶ

331 3949 394 4016 τῇ
422 3945 533 3999 τῶν
561 3943 728 3997 ἐθνῶν
770 3942 977 4014 κλήσει,
1003 3943 1313 3996 ἀπόπτωσιν
1350 3942 1581 4013 παντελῆ
1616 3943 1708 3994 καὶ
1754 3942 1888 3993 ἀπο-

332 4038 493 4109 σολὴν
519 4036 614 4090 τοῦ
649 4038 843 4100 παντὸς
884 4034 1145 4089 Ἰουδαίων
1181 4036 1363 4099 ἔθνους
1392 4035 1461 4088 τὰ
1488 4035 1603 4088 θεῖα
1649 4051 1886 4105 προανα-

330 4133 500 4199 φωνεῖ
539 4130 711 4198 λόγια,
744 4129 965 4200 βραχέσι
993 4129 1169 4200 μόνοις
1210 4127 1385 4181 αὐτῶν
1423 4128 1514 4180 καλ⁵
1556 4124 1770 4197 ἀριθμῷ
1797 4125 1890 4196 λη-

330 4225 484 4285 πτοῖς
516 4223 583 4274 τὰ
625 4222 958 4293 χρηστότερα
998 4220 1335 4283 θεσπίζοντα,
1379 4220 1473 4271 καὶ
1512 4218 1589 4281 ὡς
1626 4218 1886 4272 ἁλώσεται

971 2080 1152 2141 utpote
1181 2086 1302 2124 cum
1335 2070 1436 2123 hoc
1468 2069 1544 2121 illi
1574 2077 1769 2138 praeter
1801 2069 2108 2125 divinorum
2135 2071 2395 2127 librorum
2419 2074 2795 2128 auctoritatem
2825 2073 3052 2141 jacteut.

2553 2165 2663 2238 44
2695 2163 2921 2218 CAPUT
2957 2162 2998 2220 ι.

1997 2250 2451 2325 Quemadmodum
2498 2255 2717 2308 meliora
2765 2252 2827 2306 de
2871 2254 3017 2325 nobis
3051 2256 3277 2307 externis
3318 2256 3555 2325 gentibus

2098 2321 2372 2391 Propheta:
2398 2324 2611 2377 illarum
2637 2333 2758 2377 ante
2782 2324 3036 2377 venientes
3066 2321 3455 2379 nuntiaverunt.

2067 2477 2309 2533 Primum
2361 2480 2544 2550 igitur,
2596 2481 2854 2551 quoniam
2900 2498 2999 2552 pro
3050 2483 3245 2553 seipsis
3300 2484 3555 2539 meliores

1994 2571 2457 2641 optabilioresque
2484 2587 2643 2627 voces
2664 2574 2921 2642 colligere
2950 2575 3146 2637 solent,
3183 2582 3236 2629 et
3264 2590 3358 2629 eas
3412 2576 3554 2631 assi-

1996 2664 2101 2720 due
2130 2666 2431 2735 crebroque
2483 2666 2713 2734 jactare,
2747 2667 2897 2722 hisce
2921 2683 3263 2737 apponamus
3290 2685 3405 2733 eas,
3435 2687 3555 2742 quas

1996 2756 2052 2811 in
2085 2758 2300 2812 illorum
2333 2758 2630 2827 prOphetiis
2663 2766 2878 2813 exstant
2924 2759 2991 2814 de
3030 2761 3280 2829 gentibus
3327 2762 3553 2818 deumn-

1994 2853 2305 2913 stratioues,
2366 2865 2485 2919 quae
2542 2851 2716 2919 palam
2767 2861 3098 2921 proponunt,
3136 2853 3552 2911 innumerabilia

1993 2958 2112 2999 esse
2130 2943 2406 3004 vaticinia,
2431 2944 2628 3012 quibus
2655 2944 2794 2997 bona
2815 2957 2868 2999 et
2901 2946 3159 2999 salutaria
3189 2948 3401 3001 cunctis
3423 2964 3549 3017 gen-

1994 3035 2139 3090 tibus
2170 3034 2350 3088 futura
2396 3035 2767 3089 nuntientur:
2818 3051 2915 3090 nec
2962 3037 3119 3090 aliter
3164 3037 3415 3092 dicantur
3465 3055 3551 3104 ea,

1993 3142 2111 3197 quae
2141 3127 2389 3194 gentibus
2431 3126 2699 3194 promissa
2745 3136 2892 3190 sunt,
2942 3127 3148 3181 exitum
3192 3144 3333 3191 esse,
3386 3144 3551 3198 quam

1992 3234 2091 3289 per
2116 3233 2282 3273 unum
2327 3216 2528 3273 Christi
2558 3218 2848 3273 adventum
2884 3218 3156 3274 habitura.
3204 3219 3373 3287 Quem
3428 3222 3552 3292 qui-

1991 3310 2110 3365 dem
2167 3310 2345 3364 locum
2399 3310 2489 3364 ubi
2546 3309 2776 3365 dicendo
2815 3311 3234 3374 absolverimus,
3272 3322 3382 3366 tum
3415 3314 3548 3367 illud

1992 3400 2149 3455 nobis
2178 3399 2663 3453 demonstrandum
2702 3401 2826 3463 erit,
2860 3416 2967 3454 non
2997 3402 3106 3455 illis
3140 3404 3333 3472 magis,
3363 3404 3549 3457 diven-

1992 3491 2125 3546 dum
2147 3506 2289 3554 esse,
2312 3490 2776 3561 exspectationem
2827 3492 3032 3548 Christi
3087 3492 3179 3549 Dei
3232 3495 3545 3557 convenire,

1990 3598 2152 3653 quam
2203 3582 2383 3636 nobis.
2434 3580 2533 3637 Ubi
2579 3599 2706 3637 vero
2757 3599 2880 3653 spes
2933 3586 3349 3654 promissorum,
3403 3590 3548 3656 paris

1989 3674 2245 3729 momenti
2275 3680 2329 3729 et
2357 3673 2558 3728 Judaais
2589 3682 2643 3728 et
2674 3673 2877 3729 Graecis
2907 3685 3129 3730 ostensa
3168 3678 3352 3741 fuerit,
3383 3681 3549 3750 quod-

1988 3781 2094 3835 que
2123 3767 2176 3819 in
2221 3766 2343 3830 hoc,
2378 3766 2444 3819 iis
2490 3771 2585 3836 qui
2634 3782 2700 3821 ex
2751 3765 3186 3823 Circumcisione
3231 3771 3545 3825 assumendi

1989 3858 2117 3919 sint,
2152 3858 2286 3911 nihil
2318 3858 2353 3911 ii
2385 3858 2477 3927 qui
2513 3873 2576 3911 ex
2619 3858 2870 3928 gentibus
2917 3860 3144 3913 salutem
3201 3870 3542 3930 aspectant,

1988 3948 2098 4001 sint
2135 3950 2449 4003 concessuri
2484 3968 2497 4003 :
2534 3956 2645 4003 tum
2692 3949 2745 4003 in
2796 3950 2881 4012 iis,
2931 3966 3049 4020 quae
3079 3961 3373 4021 sequentur
3416 3954 3547 4009 ube-

1986 4040 2123 4104 rius,
2156 4047 2210 4095 et
2238 4041 2392 4108 quasi
2423 4042 2575 4110 copia
2614 4042 2846 4112 quadam
2877 4043 3114 4113 provecti
3144 4044 3545 4099 demonstrabi-

1986 4148 2127 4195 mus,
2151 4133 2601 4203 quemadmodum
2634 4134 2687 4187 iu
2727 4135 2957 4189 adventu
3009 4136 3234 4200 Christi,
3281 4138 3546 4207 gentium-

1988 4238 2091 4292 que
2140 4224 2443 4287 vocatione,
2496 4239 2748 4279 casuram
2818 4225 3033 4295 penitus
3073 4234 3351 4296 totamque
3406 4227 3541 4295 abji-

329 4314 512 4366 αὐτῶν
534 4316 567 4384 ή
596 4314 746 4376 πόλις
773 4312 919 4382 αὑτῷ
942 4313 1098 4385 ἱερῷ·
1128 4314 1302 4366 πάντα
1327 4328 1386 4363 τε
1415 4311 1481 4364 τὰ
1512 4311 1683 4382 σεμνά
1706 4309 1887 4363 καθαι-

1994 4316 2230 4371 ciendam
2252 4331 2372 4372 esse
2386 4314 2696 4370 Judaaorum
2722 4318 3016 4377 nationem,
3038 4316 3221 4371 divina
3242 4318 3545 4387 praedicunt

335 4405 657 4476 ρεθήσεσθαι
695 4405 968 4476 δηλοῦντα,
1007 4405 1042 4458 ὃ.
1076 4406 1167 4458 καὶ
1209 4403 1386 4474 ἔργοις
1429 4403 1632 4474 πέφηνε
1660 4401 1888 4473 δεδηλω-

335 4498 493 4567 μένα.
520 4498 643 4560 Πῶς
679 4498 721 4549 δ’
752 4499 838 4567 ὑφ’
870 4498 927 4550 ἒν
960 4498 1051 4550 καὶ
1094 4496 1236 4550 κατὰ
1265 4496 1325 4549 τὸ
1368 4495 1497 4548 αὐτὸ
1531 4495 1620 4548 ἐπὶ
1652 4495 1749 4565 τῆς
1794 4493 1885 4547 τοῦ

329 4589 567 4660 Χριστοῦ
596 4590 891 4661 παρουσίας
917 4589 1179 4661 λύτρωσιν
1215 4587 1395 4641 κακῶν
1419 4586 1495 4657 τῷ
1533 4586 1764 4658 Ἰσραὴλ,
1795 4586 1886 4639 καὶ

326 4685 551 4753 ἀγαθῶν
579 4683 889 4746 ἀπόλαυσιν,
918 4683 1148 4754 ἔμπαλίν
1172 4700 1229 4736 τε
1257 4682 1505 4753 στέρησιν
1532 4681 1767 4750 ἀγαθῶν,
1792 4681 1886 4734 καὶ

328 4775 645 4828 ἀπόπτωσιν
687 4776 786 4845 τῆς
833 4775 925 4828 τοῦ
957 4773 1090 4828 Θεοῦ
1140 4773 1415 4836 εὐσεϐείας
1451 4773 1790 4838 θεσπίζουσιν
1835 4774 1883 4826 οἱ

328 4868 470 4938 ἱεροὶ
492 4868 659 4936 λόγοι,
684 4869 822 4922 κατά
851 4867 942 4921 τὸν
986 4869 1322 4942 προσήκοντα
1356 4866 1544 4937 καιρὸν
1584 4865 1886 4937 διευκρινή-

331 4974 517 5030 σομεν.
557 4957 701 5022 Τέως
737 4958 791 5012 δέ
815 4958 1054 5028 ἐπίωμεν
1099 4959 1191 5011 ἐπὶ
1216 4958 1276 5010 τὸ
1321 4958 1552 5029 πρῶτον,
1578 4957 1728 5025 ὀλίγα
1760 4958 1882 5012 τινὰ

330 5052 409 5113 είς
446 5049 713 5114 ἀπόδειξιν
746 5051 852 5103 τῶν
888 5049 1186 5122 εἰρημένων
1214 5049 1320 5103 ἀπὸ
1357 5049 1561 5121 μυρίων
1584 5049 1721 5101 ὅσων
1752 5065 1883 5120 προ-

328 5142 566 5214 φητειῶν
597 5142 997 5214 ἀναλεξάμενοι.
1036 5143 1185 5195 Ἐπεὶ
1218 5142 1393 5195 τοίνυν
1421 5141 1570 5194 αὐτοὶ
1599 5141 1725 5211 περὶ
1760 5142 1884 5195 ἐαυ-

327 5235 440 5289 τῶν
496 5236 859 5307 χρηστοτέρας
921 5235 1253 5307 προφητείας
1308 5233 1699 5306 προϐάλλεσθαι
1751 5236 1882 5305 ήμῖν

327 5325 615 5387 εἰώθασιν,
662 5324 807 5377 ὼσάν
860 5325 1040 5388 αὐτοῖς
1103 5325 1281 5394 μόνοις
1334 5324 1720 5395 ὑπεσχημένων
1773 5324 1881 5378 τῶν

326 5415 819 5489 προϋπηργμένων,
846 5416 963 5487 ῶρα
986 5418 1078 5469 καὶ
1109 5418 1254 5487 ἡμᾶς
1285 5417 1762 5487 ἀντιπαραγαγεῖν,
1788 5417 1882 5469 καὶ

323 5512 618 5566 ἀντιθεῖναι
647 5512 827 5573 αὐτοῖς
866 5509 961 5574 τὰς
993 5511 1119 5582 περὶ
1162 5510 1269 5563 τῶν
1321 5511 1488 5571 ἐθνῶν
1531 5510 1877 5578 ἐπαγγελίας,

323 5596 426 5658 ὧδέ
455 5621 570 5666 πως
602 5603 751 5673 παρά
786 5604 895 5664 τοῖς
920 5602 1095 5655 αὐτῶν
1127 5602 1427 5673 προφήταις
1452 5602 1771 5673 φερομένας.

1988 4412 2207 4465 oracula
2239 4430 2252 4465 :
2284 4419 2337 4465 et
2384 4411 2524 4480 quod
2558 4412 2746 4481 paucis
2776 4414 3038 4467 duntaxat
3074 4414 3337 4483 ipsorum,
3389 4424 3442 4470 et
3474 4416 3545 4469 ia-

1987 4502 2089 4556 cile
2139 4502 2588 4565 numerabilibus,
2650 4505 2874 4559 meliora
2924 4505 3013 4557 illa
3048 4507 3396 4573 promittunt,
3430 4507 3546 4560 illo-

1986 4607 2215 4661 rumque
2264 4594 2453 4648 urbem
2511 4594 2841 4665 signiﬁcant,
2877 4609 2983 4648 una
3017 4611 3139 4649 cum
3186 4598 3388 4666 templo
3420 4613 3541 4653 esse

1986 4682 2324 4753 capiendam,
2386 4694 2691 4755 cunctaque
2737 4685 2827 4739 illa
2880 4688 3202 4742 severiorem
3256 4688 3539 4757 quemdam

1984 4775 2314 4843 postulantia
2341 4776 2569 4841 cultum,
2598 4775 2909 4832 auferenda.
2941 4777 3094 4843 Quod
3120 4777 3335 4847 quidem
3364 4778 3538 4847 ipsum

1979 4864 2092 4935 jam
2128 4867 2305 4936 reipsa
2331 4882 2455 4921 vere
2471 4867 2784 4937 praedictum
2811 4868 2977 4923 fuisse
2991 4878 3232 4939 apparet.
3258 4867 3541 4934 Quomodo

1984 4969 2115 5009 vero
2147 4971 2253 5010 una
2298 4957 2596 5028 eademque
2640 4959 2857 5013 ratione
2907 4960 2959 5012 in
3019 4959 3137 5028 ipso
3194 4958 3398 5012 Christi
3452 4959 3544 5014 ad-

1981 5055 2169 5109 ventu,
2215 5048 2587 5103 liberationem
2619 5063 2649 5102 a
2680 5050 2839 5105 malis
2884 5049 2987 5119 ipsi
3017 5049 3204 5113 Israel,
3238 5050 3539 5104 bonorum-

1982 5153 2088 5207 que
2143 5140 2565 5209 perceptionem,
2596 5148 2650 5195 et
2696 5157 2887 5197 rursus
2916 5141 3183 5195 bonorum
3233 5141 3537 5211 ademptio-

1981 5245 2127 5293 nem,
2180 5232 2501 5302 ruinamque
2547 5234 2824 5303 religionis
2870 5234 3130 5296 futuram,
3179 5230 3329 5285 Libri
3363 5230 3537 5285 sancti

1984 5322 2308 5393 signiﬁcent,
2362 5340 2460 5379 suo
2504 5333 2744 5395 tempore
2778 5327 2997 5394 planum
3049 5322 3330 5378 faciemus.
3383 5322 3540 5378 Nunc

1983 5422 2160 5470 autem
2205 5416 2271 5470 ad
2312 5418 2545 5488 primum
2586 5427 2939 5481 revertemur,
2995 5415 3042 5471 si
3086 5430 3261 5485 pauca
3291 5417 3539 5486 quaedam

1982 5520 2049 5561 ex
2099 5507 2584 5563 innumerabilibus
2628 5507 2951 5579 prophetiis,
2994 5506 3062 5561 ad
3113 5506 3539 5564 demonstranda

1981 5616 2065 5665 ea,
2096 5615 2213 5671 qua:
2256 5599 2400 5656 dicta
2450 5612 2596 5668 sunt,
2646 5600 3043 5671 collegerimus.
3082 5599 3347 5666 Quoniam
3378 5600 3543 5669 igitur

322 5715 439 5768 eas,
473 5715 597 5776 qua:
630 5699 881 5755 meliores
911 5698 1179 5754 habentur
1198 5697 1264 5753 de
1303 5696 1497 5769 seipsis
1524 5696 1859 5768 prephetias,
1896 5695 2056 5753 nobis
2111 5696 2287 5752 solent
2319 5695 2581 5767 objicere,
2617 5706 2875 5766 tanquam
2908 5695 2965 5761 ii,
2993 5696 3086 5767 qui
3115 5709 3199 5761 ea,
3240 5710 3362 5768 qua:
3385 5702 3552 5749 auto-
