  <div class='ocr_page' id='page_1' title='image "/cluster/home/n/w/nwhite01/storage/ocr_20150623/22/hvd.32044073501132/055.png"; bbox 0 0 4068 6206; ppageno 0'>
   <div class='ocr_carea' id='block_1_1' title="bbox 491 225 3054 290">
    <p class='ocr_par' dir='ltr' id='par_1_1' title="bbox 491 225 3054 290">
     <span class='ocr_line' id='line_1_1' title="bbox 491 225 3054 290; baseline -0.002 0"><span class='ocrx_word' id='word_1_1' title='bbox 491 234 567 290; x_wconf 75' lang='grc'><strong>99</strong></span> <span class='ocrx_word' id='word_1_2' title='bbox 1134 226 1401 285; x_wconf 72' lang='lat' dir='ltr'><strong>lZUSEBll</strong></span> <span class='ocrx_word' id='word_1_3' title='bbox 1439 225 1918 283; x_wconf 66' lang='lat' dir='ltr'><strong>CESARIENSIS</strong></span> <span class='ocrx_word' id='word_1_4' title='bbox 1951 228 2102 286; x_wconf 78' lang='lat' dir='ltr'><strong>OPP.</strong></span> <span class='ocrx_word' id='word_1_5' title='bbox 2143 229 2322 287; x_wconf 65' lang='lat' dir='ltr'><strong>PARS</strong></span> <span class='ocrx_word' id='word_1_6' title='bbox 2359 228 2425 287; x_wconf 84' lang='grc'><strong>11.</strong></span> <span class='ocrx_word' id='word_1_7' title='bbox 2451 261 2518 272; x_wconf 83' lang='lat'><strong>--</strong></span> <span class='ocrx_word' id='word_1_8' title='bbox 2557 229 3054 286; x_wconf 72' lang='lat' dir='ltr'><strong>APOLOGE&#39;I&#39;ICA.</strong></span> 
     </span>
    </p>
   </div>
   <div class='ocr_carea' id='block_1_2' title="bbox 495 345 3726 421">
    <p class='ocr_par' dir='ltr' id='par_1_2' title="bbox 495 345 3726 421">
     <span class='ocr_line' id='line_1_2' title="bbox 495 345 3726 421; baseline 0.001 -17"><span class='ocrx_word' id='word_1_9' title='bbox 495 347 764 404; x_wconf 83' lang='lat' dir='ltr'><strong>cesserint</strong></span> <span class='ocrx_word' id='word_1_10' title='bbox 781 345 1040 402; x_wconf 82' lang='lat' dir='ltr'><strong>beneucia</strong></span> <span class='ocrx_word' id='word_1_11' title='bbox 1063 346 1164 399; x_wconf 84' lang='lat' dir='ltr'><strong>soli</strong></span> <span class='ocrx_word' id='word_1_12' title='bbox 1189 345 1555 414; x_wconf 78' lang='lat' dir='ltr'><strong>susceperint,</strong></span> <span class='ocrx_word' id='word_1_13' title='bbox 1577 353 1794 415; x_wconf 78' lang='lat' dir='ltr'><strong>tempus</strong></span> <span class='ocrx_word' id='word_1_14' title='bbox 1812 346 1926 415; x_wconf 86' lang='lat' dir='ltr'><strong>jam</strong></span> <span class='ocrx_word' id='word_1_15' title='bbox 1947 357 2053 411; x_wconf 88' lang='lat' dir='ltr'><strong>est,</strong></span> <span class='ocrx_word' id='word_1_16' title='bbox 2081 356 2272 402; x_wconf 90' lang='lat' dir='ltr'><strong>contra</strong></span> <span class='ocrx_word' id='word_1_17' title='bbox 2289 349 2415 404; x_wconf 85' lang='lat' dir='ltr'><strong>illos</strong></span> <span class='ocrx_word' id='word_1_18' title='bbox 2431 348 2722 412; x_wconf 78' lang='lat' dir='ltr'><strong>adducere,</strong></span> <span class='ocrx_word' id='word_1_19' title='bbox 2743 349 2959 418; x_wconf 81' lang='lat' dir='ltr'><strong>illisque</strong></span> <span class='ocrx_word' id='word_1_20' title='bbox 3009 363 3286 418; x_wconf 84' lang='lat' dir='ltr'><strong>opponere</strong></span> <span class='ocrx_word' id='word_1_21' title='bbox 3301 364 3384 413; x_wconf 85' lang='lat' dir='ltr'><strong>ea,</strong></span> <span class='ocrx_word' id='word_1_22' title='bbox 3429 366 3552 421; x_wconf 69' lang='lat' dir='ltr'><strong>qua</strong></span> <span class='ocrx_word' id='word_1_23' title='bbox 3581 350 3726 421; x_wconf 80' lang='lat' dir='ltr'><strong>ipsis</strong></span> 
     </span>
    </p>
   </div>
   <div class='ocr_carea' id='block_1_3' title="bbox 497 435 3613 512">
    <p class='ocr_par' dir='ltr' id='par_1_3' title="bbox 497 435 3613 512">
     <span class='ocr_line' id='line_1_3' title="bbox 497 435 3613 512; baseline 0 -18"><span class='ocrx_word' id='word_1_24' title='bbox 497 454 714 511; x_wconf 76' lang='lat' dir='ltr'><strong>quoque</strong></span> <span class='ocrx_word' id='word_1_25' title='bbox 740 437 994 508; x_wconf 89' lang='lat' dir='ltr'><strong>gentibus</strong></span> <span class='ocrx_word' id='word_1_26' title='bbox 1018 435 1288 507; x_wconf 84' lang='lat' dir='ltr'><strong>promissa</strong></span> <span class='ocrx_word' id='word_1_27' title='bbox 1315 446 1465 502; x_wconf 90' lang='lat' dir='ltr'><strong>sunt,</strong></span> <span class='ocrx_word' id='word_1_28' title='bbox 1489 453 1614 508; x_wconf 73' lang='lat' dir='ltr'><strong>qua:</strong></span> <span class='ocrx_word' id='word_1_29' title='bbox 1631 438 1887 494; x_wconf 78' lang='lat' dir='ltr'><strong>videlicet</strong></span> <span class='ocrx_word' id='word_1_30' title='bbox 1909 440 2052 508; x_wconf 88' lang='lat' dir='ltr'><strong>apud</strong></span> <span class='ocrx_word' id='word_1_31' title='bbox 2085 440 2373 512; x_wconf 82' lang='lat' dir='ltr'><strong>prophetas</strong></span> <span class='ocrx_word' id='word_1_32' title='bbox 2408 442 2650 512; x_wconf 89' lang='lat' dir='ltr'><strong>ipsorum</strong></span> <span class='ocrx_word' id='word_1_33' title='bbox 2689 441 2958 496; x_wconf 78' lang='lat' dir='ltr'><strong>feruntur.</strong></span> <span class='ocrx_word' id='word_1_34' title='bbox 3011 437 3126 494; x_wconf 89' lang='lat' dir='ltr'><strong>lloc</strong></span> <span class='ocrx_word' id='word_1_35' title='bbox 3155 450 3337 495; x_wconf 88' lang='lat' dir='ltr'><strong>autem</strong></span> <span class='ocrx_word' id='word_1_36' title='bbox 3381 442 3459 496; x_wconf 88' lang='lat' dir='ltr'><strong>sic</strong></span> <span class='ocrx_word' id='word_1_37' title='bbox 3500 442 3613 497; x_wconf 77' lang='lat' dir='ltr'><strong>lict.</strong></span> 
     </span>
    </p>
   </div>
   <div class='ocr_carea' id='block_1_4' title="bbox 497 569 2062 656">
    <p class='ocr_par' dir='ltr' id='par_1_4' title="bbox 497 569 2056 656">
     <span class='ocr_line' id='line_1_4' title="bbox 497 569 2056 656; baseline 0 -30"><span class='ocrx_word' id='word_1_38' title='bbox 497 573 603 648; x_wconf 59' lang='lat'><strong>‘5</strong></span> <span class='ocrx_word' id='word_1_39' title='bbox 623 573 658 626; x_wconf 90' lang='grc'><strong>1,</strong></span> <span class='ocrx_word' id='word_1_40' title='bbox 697 575 737 626; x_wconf 82' lang='grc' dir='ltr'><em>Α</em></span> <span class='ocrx_word' id='word_1_41' title='bbox 756 569 1486 656; x_wconf 32' lang='lat' dir='ltr'><strong>(Ferrem—Quemadmodum</strong></span> <span class='ocrx_word' id='word_1_42' title='bbox 1504 570 1866 656; x_wconf 59' lang='lat' dir='ltr'><strong>benedicentur:</strong></span> <span class='ocrx_word' id='word_1_43' title='bbox 1883 582 2056 640; x_wconf 79' lang='lat' dir='ltr'><strong>gentes</strong></span> 
     </span>
    </p>
   </div>
   <div class='ocr_carea' id='block_1_5' title="bbox 2161 569 3726 656">
    <p class='ocr_par' dir='ltr' id='par_1_5' title="bbox 2161 574 3726 656">
     <span class='ocr_line' id='line_1_5' title="bbox 2161 574 3726 656; baseline 0.001 -26"><span class='ocrx_word' id='word_1_44' title='bbox 2161 579 2235 630; x_wconf 73' lang='lat' dir='ltr'><strong>A&#39;.</strong></span> <span class='ocrx_word' id='word_1_45' title='bbox 2281 577 2417 656; x_wconf 55' lang='grc' dir='ltr'><strong>ςΑίερ</strong></span> <span class='ocrx_word' id='word_1_46' title='bbox 2449 574 2585 656; x_wconf 47' lang='grc' dir='ltr'>τῆς-</span> <span class='ocrx_word' id='word_1_47' title='bbox 2602 575 2924 656; x_wconf 59' lang='grc' dir='ltr'>Γεζέσεως.</span> <span class='ocrx_word' id='word_1_48' title='bbox 2969 578 3170 656; x_wconf 40' lang='grc' dir='ltr'><strong>Σ-ςΩς</strong></span> <span class='ocrx_word' id='word_1_49' title='bbox 3204 577 3726 656; x_wconf 62' lang='grc' dir='ltr'>εὐλογηθήςονταέ</span> 
     </span>
    </p>
   </div>
   <div class='ocr_carea' id='block_1_6' title="bbox 568 640 1984 709">
    <p class='ocr_par' dir='ltr' id='par_1_6' title="bbox 568 640 1984 709">
     <span class='ocr_line' id='line_1_6' title="bbox 568 640 1984 709; baseline -0.002 -11"><span class='ocrx_word' id='word_1_50' title='bbox 568 640 741 708; x_wconf 64' lang='lat' dir='ltr'><strong>terra,</strong></span> <span class='ocrx_word' id='word_1_51' title='bbox 756 644 812 695; x_wconf 82' lang='lat' dir='ltr'><strong>in</strong></span> <span class='ocrx_word' id='word_1_52' title='bbox 831 640 1040 695; x_wconf 79' lang='lat' dir='ltr'><strong>modum</strong></span> <span class='ocrx_word' id='word_1_53' title='bbox 1059 641 1284 694; x_wconf 83' lang='lat' dir='ltr'><strong>similent</strong></span> <span class='ocrx_word' id='word_1_54' title='bbox 1307 642 1672 709; x_wconf 70' lang='lat' dir='ltr'><strong>appellationis</strong></span> <span class='ocrx_word' id='word_1_55' title='bbox 1696 641 1984 695; x_wconf 75' lang='lat' dir='ltr'><strong>Abraham.</strong></span> 
     </span>
    </p>
   </div>
   <div class='ocr_carea' id='block_1_7' title="bbox 569 835 2062 910">
    <p class='ocr_par' dir='ltr' id='par_1_7' title="bbox 569 835 2062 910">
     <span class='ocr_line' id='line_1_7' title="bbox 569 835 2062 910; baseline -0.001 -17"><span class='ocrx_word' id='word_1_56' title='bbox 569 839 819 909; x_wconf 77' lang='lat' dir='ltr'><strong>Dixitque</strong></span> <span class='ocrx_word' id='word_1_57' title='bbox 852 837 1110 893; x_wconf 91' lang='lat' dir='ltr'><strong>Dominus</strong></span> <span class='ocrx_word' id='word_1_58' title='bbox 1145 857 1162 894; x_wconf 89' lang='lat'><strong>:</strong></span> <span class='ocrx_word' id='word_1_59' title='bbox 1205 856 1225 890; x_wconf 73' lang='grc' dir='ltr'><strong>ι</strong></span> <span class='ocrx_word' id='word_1_60' title='bbox 1274 835 1394 893; x_wconf 81' lang='lat' dir='ltr'><strong>Non</strong></span> <span class='ocrx_word' id='word_1_61' title='bbox 1429 839 1618 894; x_wconf 84' lang='lat' dir='ltr'><strong>celabo</strong></span> <span class='ocrx_word' id='word_1_62' title='bbox 1651 853 1756 910; x_wconf 89' lang='lat' dir='ltr'><strong>ego</strong></span> <span class='ocrx_word' id='word_1_63' title='bbox 1788 838 2062 893; x_wconf 78' lang='lat' dir='ltr'><strong>Abraham</strong></span> 
     </span>
    </p>
   </div>
   <div class='ocr_carea' id='block_1_8' title="bbox 496 927 2061 1002">
    <p class='ocr_par' dir='ltr' id='par_1_8' title="bbox 496 927 2061 1002">
     <span class='ocr_line' id='line_1_8' title="bbox 496 927 2061 1002; baseline -0.001 -18"><span class='ocrx_word' id='word_1_64' title='bbox 496 944 726 1002; x_wconf 85' lang='lat' dir='ltr'><strong>puerum</strong></span> <span class='ocrx_word' id='word_1_65' title='bbox 775 944 951 984; x_wconf 76' lang='lat' dir='ltr'><strong>meum</strong></span> <span class='ocrx_word' id='word_1_66' title='bbox 975 967 991 992; x_wconf 95' lang='lat'><strong>,</strong></span> <span class='ocrx_word' id='word_1_67' title='bbox 1023 944 1142 998; x_wconf 66' lang='lat' dir='ltr'><strong>quae</strong></span> <span class='ocrx_word' id='word_1_68' title='bbox 1183 927 1403 985; x_wconf 79' lang='lat' dir='ltr'><strong>faciam.</strong></span> <span class='ocrx_word' id='word_1_69' title='bbox 1437 927 1532 983; x_wconf 83' lang='lat' dir='ltr'><strong>Est</strong></span> <span class='ocrx_word' id='word_1_70' title='bbox 1570 939 1747 983; x_wconf 86' lang='lat' dir='ltr'><strong>autem</strong></span> <span class='ocrx_word' id='word_1_71' title='bbox 1791 928 2061 983; x_wconf 79' lang='lat' dir='ltr'><strong>Abraham</strong></span> 
     </span>
    </p>
   </div>
   <div class='ocr_carea' id='block_1_9' title="bbox 499 1015 2066 1086">
    <p class='ocr_par' dir='ltr' id='par_1_9' title="bbox 499 1015 2066 1086">
     <span class='ocr_line' id='line_1_9' title="bbox 499 1015 2066 1086; baseline -0.001 -15"><span class='ocrx_word' id='word_1_72' title='bbox 499 1016 719 1072; x_wconf 79' lang='lat' dir='ltr'><strong>futurus</strong></span> <span class='ocrx_word' id='word_1_73' title='bbox 751 1015 806 1070; x_wconf 87' lang='lat' dir='ltr'><strong>in</strong></span> <span class='ocrx_word' id='word_1_74' title='bbox 832 1023 1046 1085; x_wconf 89' lang='lat' dir='ltr'><strong>gentem</strong></span> <span class='ocrx_word' id='word_1_75' title='bbox 1079 1031 1326 1086; x_wconf 84' lang='lat' dir='ltr'><strong>magnam</strong></span> <span class='ocrx_word' id='word_1_76' title='bbox 1367 1025 1422 1070; x_wconf 93' lang='lat' dir='ltr'><strong>et</strong></span> <span class='ocrx_word' id='word_1_77' title='bbox 1467 1018 1713 1074; x_wconf 88' lang='lat' dir='ltr'><strong>multam.</strong></span> <span class='ocrx_word' id='word_1_78' title='bbox 1753 1017 1817 1070; x_wconf 82' lang='lat' dir='ltr'><strong>Et</strong></span> <span class='ocrx_word' id='word_1_79' title='bbox 1845 1017 2066 1072; x_wconf 85' lang='lat' dir='ltr'><strong>benedi-</strong></span> 
     </span>
    </p>
   </div>
   <div class='ocr_carea' id='block_1_10' title="bbox 499 1107 2065 1178">
    <p class='ocr_par' dir='ltr' id='par_1_10' title="bbox 499 1107 2065 1178">
     <span class='ocr_line' id='line_1_10' title="bbox 499 1107 2065 1178; baseline 0 -15"><span class='ocrx_word' id='word_1_80' title='bbox 499 1116 693 1163; x_wconf 89' lang='lat' dir='ltr'><strong>centur</strong></span> <span class='ocrx_word' id='word_1_81' title='bbox 723 1107 776 1160; x_wconf 90' lang='lat' dir='ltr'><strong>in</strong></span> <span class='ocrx_word' id='word_1_82' title='bbox 794 1121 860 1161; x_wconf 91' lang='lat' dir='ltr'><strong>eo</strong></span> <span class='ocrx_word' id='word_1_83' title='bbox 877 1121 1064 1161; x_wconf 88' lang='lat' dir='ltr'><strong>omnes</strong></span> <span class='ocrx_word' id='word_1_84' title='bbox 1082 1116 1269 1178; x_wconf 86' lang='lat' dir='ltr'><strong>gentes</strong></span> <span class='ocrx_word' id='word_1_85' title='bbox 1302 1117 1462 1163; x_wconf 76' lang='lat' dir='ltr'><strong>terra:</strong></span> <span class='ocrx_word' id='word_1_86' title='bbox 1477 1109 1542 1163; x_wconf 79' lang='lat'><strong>“.</strong></span> <span class='ocrx_word' id='word_1_87' title='bbox 1568 1128 1586 1161; x_wconf 75' lang='grc' dir='ltr'><strong>ι</strong></span> <span class='ocrx_word' id='word_1_88' title='bbox 1609 1107 1892 1164; x_wconf 90' lang='lat' dir='ltr'><strong>Occultum</strong></span> <span class='ocrx_word' id='word_1_89' title='bbox 1923 1111 2065 1163; x_wconf 85' lang='lat' dir='ltr'><strong>mul-</strong></span> 
     </span>
    </p>
   </div>
   <div class='ocr_carea' id='block_1_11' title="bbox 497 1200 2065 1270">
    <p class='ocr_par' dir='ltr' id='par_1_11' title="bbox 497 1200 2065 1270">
     <span class='ocr_line' id='line_1_11' title="bbox 497 1200 2065 1270; baseline 0.001 -16"><span class='ocrx_word' id='word_1_90' title='bbox 497 1208 692 1270; x_wconf 89' lang='lat' dir='ltr'><strong>tosque</strong></span> <span class='ocrx_word' id='word_1_91' title='bbox 715 1200 887 1253; x_wconf 88' lang='lat' dir='ltr'><strong>latens</strong></span> <span class='ocrx_word' id='word_1_92' title='bbox 913 1201 1229 1270; x_wconf 77' lang='lat' dir='ltr'><strong>mysterium</strong></span> <span class='ocrx_word' id='word_1_93' title='bbox 1255 1241 1271 1265; x_wconf 96' lang='lat'><strong>,</strong></span> <span class='ocrx_word' id='word_1_94' title='bbox 1312 1213 1424 1254; x_wconf 87' lang='lat' dir='ltr'><strong>non</strong></span> <span class='ocrx_word' id='word_1_95' title='bbox 1469 1215 1528 1256; x_wconf 91' lang='lat' dir='ltr'><strong>se</strong></span> <span class='ocrx_word' id='word_1_96' title='bbox 1561 1203 1961 1256; x_wconf 75' lang='lat' dir='ltr'><strong>occultatur-um</strong></span> <span class='ocrx_word' id='word_1_97' title='bbox 1989 1203 2065 1256; x_wconf 88' lang='lat' dir='ltr'><strong>ait</strong></span> 
     </span>
    </p>
   </div>
   <div class='ocr_carea' id='block_1_12' title="bbox 473 1277 2060 1355">
    <p class='ocr_par' dir='ltr' id='par_1_12' title="bbox 473 1277 2060 1355">
     <span class='ocr_line' id='line_1_12' title="bbox 473 1277 2060 1355; baseline 0.001 -9"><span class='ocrx_word' id='word_1_98' title='bbox 473 1277 813 1355; x_wconf 49' lang='lat' dir='ltr'><strong>&#39;oraculum,</strong></span> <span class='ocrx_word' id='word_1_99' title='bbox 844 1291 943 1346; x_wconf 88' lang='lat' dir='ltr'><strong>sed</strong></span> <span class='ocrx_word' id='word_1_100' title='bbox 997 1291 1172 1345; x_wconf 88' lang='lat' dir='ltr'><strong>amico</strong></span> <span class='ocrx_word' id='word_1_101' title='bbox 1211 1289 1304 1346; x_wconf 89' lang='lat' dir='ltr'><strong>Dei</strong></span> <span class='ocrx_word' id='word_1_102' title='bbox 1347 1291 1735 1349; x_wconf 88' lang='lat' dir='ltr'><strong>indicaturum.</strong></span> <span class='ocrx_word' id='word_1_103' title='bbox 1775 1293 1836 1347; x_wconf 79' lang='lat' dir='ltr'><strong>id</strong></span> <span class='ocrx_word' id='word_1_104' title='bbox 1880 1302 2060 1349; x_wconf 86' lang='lat' dir='ltr'><strong>autem</strong></span> 
     </span>
    </p>
   </div>
   <div class='ocr_carea' id='block_1_13' title="bbox 473 1381 2060 1455">
    <p class='ocr_par' dir='ltr' id='par_1_13' title="bbox 473 1381 2060 1455">
     <span class='ocr_line' id='line_1_13' title="bbox 473 1381 2060 1455; baseline -0.001 -16"><span class='ocrx_word' id='word_1_105' title='bbox 473 1381 615 1439; x_wconf 80' lang='lat' dir='ltr'><strong>erat</strong></span> <span class='ocrx_word' id='word_1_106' title='bbox 643 1382 710 1438; x_wconf 92' lang='lat' dir='ltr'><strong>de</strong></span> <span class='ocrx_word' id='word_1_107' title='bbox 746 1381 1122 1437; x_wconf 82' lang='lat' dir='ltr'><strong>benedictione</strong></span> <span class='ocrx_word' id='word_1_108' title='bbox 1149 1383 1392 1437; x_wconf 91' lang='lat' dir='ltr'><strong>omnium</strong></span> <span class='ocrx_word' id='word_1_109' title='bbox 1421 1385 1660 1454; x_wconf 87' lang='lat' dir='ltr'><strong>gentium</strong></span> <span class='ocrx_word' id='word_1_110' title='bbox 1687 1425 1701 1447; x_wconf 91' lang='lat'><strong>,</strong></span> <span class='ocrx_word' id='word_1_111' title='bbox 1742 1385 1886 1455; x_wconf 88' lang='lat' dir='ltr'><strong>quod</strong></span> <span class='ocrx_word' id='word_1_112' title='bbox 1933 1385 2060 1438; x_wconf 92' lang='lat' dir='ltr'><strong>olim</strong></span> 
     </span>
    </p>
   </div>
   <div class='ocr_carea' id='block_1_14' title="bbox 473 1459 2063 1545">
    <p class='ocr_par' dir='ltr' id='par_1_14' title="bbox 473 1459 2063 1545">
     <span class='ocr_line' id='line_1_14' title="bbox 473 1459 2063 1545; baseline 0.001 -17"><span class='ocrx_word' id='word_1_113' title='bbox 473 1459 715 1545; x_wconf 42' lang='lat' dir='ltr'><strong>:quidem</strong></span> <span class='ocrx_word' id='word_1_114' title='bbox 745 1472 964 1536; x_wconf 85' lang='lat' dir='ltr'><strong>latebat,</strong></span> <span class='ocrx_word' id='word_1_115' title='bbox 988 1471 1212 1542; x_wconf 92' lang='lat' dir='ltr'><strong>eoquod</strong></span> <span class='ocrx_word' id='word_1_116' title='bbox 1242 1472 1470 1528; x_wconf 66' lang='lat' dir='ltr'><strong>Abrahae</strong></span> <span class='ocrx_word' id='word_1_117' title='bbox 1491 1475 1824 1545; x_wconf 82' lang='lat' dir='ltr'><strong>temporibus</strong></span> <span class='ocrx_word' id='word_1_118' title='bbox 1873 1489 2063 1529; x_wconf 90' lang='lat' dir='ltr'><strong>omnes</strong></span> 
     </span>
    </p>
   </div>
   <div class='ocr_carea' id='block_1_15' title="bbox 495 1563 2060 1636">
    <p class='ocr_par' dir='ltr' id='par_1_15' title="bbox 495 1563 2060 1636">
     <span class='ocr_line' id='line_1_15' title="bbox 495 1563 2060 1636; baseline 0 -16"><span class='ocrx_word' id='word_1_119' title='bbox 495 1572 684 1636; x_wconf 89' lang='lat' dir='ltr'><strong>gentes</strong></span> <span class='ocrx_word' id='word_1_120' title='bbox 735 1563 957 1619; x_wconf 82' lang='lat' dir='ltr'><strong>infando</strong></span> <span class='ocrx_word' id='word_1_121' title='bbox 1010 1564 1415 1634; x_wconf 81' lang='lat' dir='ltr'><strong>superstitionis</strong></span> <span class='ocrx_word' id='word_1_122' title='bbox 1461 1581 1650 1621; x_wconf 83' lang='lat' dir='ltr'><strong>errore</strong></span> <span class='ocrx_word' id='word_1_123' title='bbox 1698 1573 2060 1620; x_wconf 78' lang='lat' dir='ltr'><strong>tenerentur:</strong></span> 
     </span>
    </p>
   </div>
   <div class='ocr_carea' id='block_1_16' title="bbox 494 1656 2067 1728">
    <p class='ocr_par' dir='ltr' id='par_1_16' title="bbox 494 1656 2067 1728">
     <span class='ocr_line' id='line_1_16' title="bbox 494 1656 2067 1728; baseline -0.003 -15"><span class='ocrx_word' id='word_1_124' title='bbox 494 1673 643 1713; x_wconf 88' lang='lat' dir='ltr'><strong>nunc</strong></span> <span class='ocrx_word' id='word_1_125' title='bbox 673 1665 849 1711; x_wconf 80' lang='lat' dir='ltr'><strong>autem</strong></span> <span class='ocrx_word' id='word_1_126' title='bbox 896 1657 952 1712; x_wconf 87' lang='lat' dir='ltr'><strong>id</strong></span> <span class='ocrx_word' id='word_1_127' title='bbox 1005 1657 1059 1711; x_wconf 92' lang='lat' dir='ltr'><strong>in</strong></span> <span class='ocrx_word' id='word_1_128' title='bbox 1103 1665 1352 1726; x_wconf 88' lang='lat' dir='ltr'><strong>apertum</strong></span> <span class='ocrx_word' id='word_1_129' title='bbox 1391 1656 1593 1728; x_wconf 89' lang='lat' dir='ltr'><strong>prodiit</strong></span> <span class='ocrx_word' id='word_1_130' title='bbox 1621 1697 1636 1720; x_wconf 91' lang='lat'><strong>,</strong></span> <span class='ocrx_word' id='word_1_131' title='bbox 1668 1673 1792 1711; x_wconf 90' lang='lat' dir='ltr'><strong>cum</strong></span> <span class='ocrx_word' id='word_1_132' title='bbox 1835 1657 1938 1711; x_wconf 77' lang='lat' dir='ltr'><strong>illa:</strong></span> <span class='ocrx_word' id='word_1_133' title='bbox 1974 1671 2067 1726; x_wconf 87' lang='lat' dir='ltr'><strong>per</strong></span> 
     </span>
    </p>
   </div>
   <div class='ocr_carea' id='block_1_17' title="bbox 493 1746 2063 1819">
    <p class='ocr_par' dir='ltr' id='par_1_17' title="bbox 493 1746 2063 1819">
     <span class='ocr_line' id='line_1_17' title="bbox 493 1746 2063 1819; baseline -0.001 -16"><span class='ocrx_word' id='word_1_134' title='bbox 493 1747 863 1819; x_wconf 84' lang='lat' dir='ltr'><strong>evangelicam</strong></span> <span class='ocrx_word' id='word_1_135' title='bbox 896 1746 1194 1804; x_wconf 86' lang='lat' dir='ltr'><strong>Salvatoris</strong></span> <span class='ocrx_word' id='word_1_136' title='bbox 1238 1750 1410 1805; x_wconf 86' lang='lat' dir='ltr'><strong>nostri</strong></span> <span class='ocrx_word' id='word_1_137' title='bbox 1448 1749 1750 1803; x_wconf 86' lang='lat' dir='ltr'><strong>doctrinam</strong></span> <span class='ocrx_word' id='word_1_138' title='bbox 1783 1789 1798 1814; x_wconf 92' lang='lat'><strong>,</strong></span> <span class='ocrx_word' id='word_1_139' title='bbox 1834 1750 2063 1803; x_wconf 89' lang='lat' dir='ltr'><strong>eundem</strong></span> 
     </span>
    </p>
   </div>
   <div class='ocr_carea' id='block_1_18' title="bbox 493 1840 2063 1910">
    <p class='ocr_par' dir='ltr' id='par_1_18' title="bbox 493 1840 2063 1910">
     <span class='ocr_line' id='line_1_18' title="bbox 493 1840 2063 1910; baseline -0.001 -14"><span class='ocrx_word' id='word_1_140' title='bbox 493 1855 620 1896; x_wconf 89' lang='lat' dir='ltr'><strong>cum</strong></span> <span class='ocrx_word' id='word_1_141' title='bbox 651 1841 963 1895; x_wconf 83' lang='lat' dir='ltr'><strong>Abrahamo</strong></span> <span class='ocrx_word' id='word_1_142' title='bbox 987 1840 1156 1895; x_wconf 82' lang='lat' dir='ltr'><strong>divini</strong></span> <span class='ocrx_word' id='word_1_143' title='bbox 1187 1841 1368 1896; x_wconf 90' lang='lat' dir='ltr'><strong>cultus</strong></span> <span class='ocrx_word' id='word_1_144' title='bbox 1397 1842 1561 1894; x_wconf 88' lang='lat' dir='ltr'><strong>ritum</strong></span> <span class='ocrx_word' id='word_1_145' title='bbox 1592 1849 1892 1905; x_wconf 83' lang='lat' dir='ltr'><strong>servantes,</strong></span> <span class='ocrx_word' id='word_1_146' title='bbox 1914 1840 2063 1910; x_wconf 85' lang='lat' dir='ltr'><strong>ejus-</strong></span> 
     </span>
    </p>
   </div>
   <div class='ocr_carea' id='block_1_19' title="bbox 2233 645 3727 716">
    <p class='ocr_par' dir='ltr' id='par_1_19' title="bbox 2233 645 3727 716">
     <span class='ocr_line' id='line_1_19' title="bbox 2233 645 3727 716; baseline 0.004 -18"><span class='ocrx_word' id='word_1_147' title='bbox 2233 646 2305 699; x_wconf 81' lang='grc' dir='ltr'>τὰ</span> <span class='ocrx_word' id='word_1_148' title='bbox 2334 647 2476 714; x_wconf 78' lang='grc' dir='ltr'><strong>ἔθνη</strong></span> <span class='ocrx_word' id='word_1_149' title='bbox 2513 645 2622 713; x_wconf 82' lang='grc' dir='ltr'>τῆς</span> <span class='ocrx_word' id='word_1_150' title='bbox 2657 645 2769 715; x_wconf 81' lang='grc' dir='ltr'><strong>τῆς</strong></span> <span class='ocrx_word' id='word_1_151' title='bbox 2797 647 2892 698; x_wconf 74' lang='grc' dir='ltr'><strong>ἐπὶ</strong></span> <span class='ocrx_word' id='word_1_152' title='bbox 2924 645 3002 712; x_wconf 81' lang='grc' dir='ltr'><strong>τῷ</strong></span> <span class='ocrx_word' id='word_1_153' title='bbox 3035 648 3214 716; x_wconf 73' lang='grc' dir='ltr'>ὁμοίῳ</span> <span class='ocrx_word' id='word_1_154' title='bbox 3240 645 3434 715; x_wconf 68' lang='grc' dir='ltr'><strong>τρόπῳ</strong></span> <span class='ocrx_word' id='word_1_155' title='bbox 3467 647 3575 715; x_wconf 82' lang='grc' dir='ltr'>τῆς</span> <span class='ocrx_word' id='word_1_156' title='bbox 3613 648 3727 705; x_wconf 81' lang='grc' dir='ltr'>τοῦ</span> 
     </span>
    </p>
   </div>
   <div class='ocr_carea' id='block_1_20' title="bbox 2246 718 2940 785">
    <p class='ocr_par' dir='ltr' id='par_1_20' title="bbox 2246 718 2940 785">
     <span class='ocr_line' id='line_1_20' title="bbox 2246 718 2940 785; baseline 0 -15"><span class='ocrx_word' id='word_1_157' title='bbox 2246 718 2488 785; x_wconf 74' lang='grc' dir='ltr'><strong>Ἀϐραὰμ</strong></span> <span class='ocrx_word' id='word_1_158' title='bbox 2515 719 2940 785; x_wconf 77' lang='grc' dir='ltr'><strong>προσηγορίας.</strong></span> 
     </span>
    </p>
   </div>
   <div class='ocr_carea' id='block_1_21' title="bbox 2243 825 3730 903">
    <p class='ocr_par' dir='ltr' id='par_1_21' title="bbox 2243 825 3730 903">
     <span class='ocr_line' id='line_1_21' title="bbox 2243 825 3730 903; baseline 0.002 -19"><span class='ocrx_word' id='word_1_159' title='bbox 2243 832 2303 884; x_wconf 90' lang='lat'><strong>&#39;0</strong></span> <span class='ocrx_word' id='word_1_160' title='bbox 2354 831 2411 884; x_wconf 80' lang='grc' dir='ltr'>δὲ</span> <span class='ocrx_word' id='word_1_161' title='bbox 2461 829 2662 902; x_wconf 75' lang='grc' dir='ltr'>Κῦριος</span> <span class='ocrx_word' id='word_1_162' title='bbox 2695 825 2877 884; x_wconf 84' lang='grc' dir='ltr'>εἶπεν·</span> <span class='ocrx_word' id='word_1_163' title='bbox 2915 848 2934 881; x_wconf 78' lang='grc' dir='ltr'><strong>ι</strong></span> <span class='ocrx_word' id='word_1_164' title='bbox 2974 830 3049 885; x_wconf 88' lang='grc' dir='ltr'>Οὐ</span> <span class='ocrx_word' id='word_1_165' title='bbox 3103 830 3177 902; x_wconf 78' lang='grc' dir='ltr'>μὴ</span> <span class='ocrx_word' id='word_1_166' title='bbox 3207 831 3400 903; x_wconf 71' lang='grc' dir='ltr'>κρύψω</span> <span class='ocrx_word' id='word_1_167' title='bbox 3449 832 3558 900; x_wconf 73' lang='grc' dir='ltr'>ἐγὼ</span> <span class='ocrx_word' id='word_1_168' title='bbox 3613 829 3730 887; x_wconf 66' lang='grc' dir='ltr'><strong>ἀπὸ</strong></span> 
     </span>
    </p>
   </div>
   <div class='ocr_carea' id='block_1_22' title="bbox 2169 919 3726 994">
    <p class='ocr_par' dir='ltr' id='par_1_22' title="bbox 2169 919 3726 994">
     <span class='ocr_line' id='line_1_22' title="bbox 2169 919 3726 994; baseline -0.001 -19"><span class='ocrx_word' id='word_1_169' title='bbox 2169 921 2422 994; x_wconf 69' lang='grc' dir='ltr'><strong>Ἀϐραὰμ</strong></span> <span class='ocrx_word' id='word_1_170' title='bbox 2451 920 2544 973; x_wconf 85' lang='grc' dir='ltr'><strong>τοῦ</strong></span> <span class='ocrx_word' id='word_1_171' title='bbox 2579 919 2764 982; x_wconf 74' lang='grc' dir='ltr'>παιδος</span> <span class='ocrx_word' id='word_1_172' title='bbox 2798 937 2918 990; x_wconf 85' lang='grc' dir='ltr'>μου,</span> <span class='ocrx_word' id='word_1_173' title='bbox 2951 919 2986 974; x_wconf 79' lang='grc' dir='ltr'><strong>ἃ.</strong></span> <span class='ocrx_word' id='word_1_174' title='bbox 3012 919 3121 989; x_wconf 78' lang='grc' dir='ltr'><strong>ἐγὼ</strong></span> <span class='ocrx_word' id='word_1_175' title='bbox 3153 921 3311 975; x_wconf 85' lang='grc' dir='ltr'>ποιῶ.</span> <span class='ocrx_word' id='word_1_176' title='bbox 3357 920 3604 993; x_wconf 72' lang='grc' dir='ltr'>Ἀϐραὰμ</span> <span class='ocrx_word' id='word_1_177' title='bbox 3635 940 3726 992; x_wconf 84' lang='grc' dir='ltr'>γι-</span> 
     </span>
    </p>
   </div>
   <div class='ocr_carea' id='block_1_23' title="bbox 2161 1007 3727 1084">
    <p class='ocr_par' dir='ltr' id='par_1_23' title="bbox 2161 1007 3727 1084">
     <span class='ocr_line' id='line_1_23' title="bbox 2161 1007 3727 1084; baseline 0.002 -18"><span class='ocrx_word' id='word_1_178' title='bbox 2161 1015 2384 1084; x_wconf 81' lang='grc' dir='ltr'>νόμενος</span> <span class='ocrx_word' id='word_1_179' title='bbox 2420 1007 2576 1065; x_wconf 65' lang='grc' dir='ltr'>ἔσται’</span> <span class='ocrx_word' id='word_1_180' title='bbox 2597 1015 2676 1075; x_wconf 88' lang='grc' dir='ltr'><strong>είς</strong></span> <span class='ocrx_word' id='word_1_181' title='bbox 2707 1011 2857 1076; x_wconf 77' lang='grc' dir='ltr'>ἔθνος</span> <span class='ocrx_word' id='word_1_182' title='bbox 2895 1011 3034 1081; x_wconf 78' lang='grc' dir='ltr'>μέγα</span> <span class='ocrx_word' id='word_1_183' title='bbox 3065 1014 3159 1066; x_wconf 79' lang='grc' dir='ltr'>καὶ</span> <span class='ocrx_word' id='word_1_184' title='bbox 3194 1013 3324 1067; x_wconf 81' lang='grc' dir='ltr'>πολύ</span> <span class='ocrx_word' id='word_1_185' title='bbox 3343 1030 3358 1043; x_wconf 73' lang='grc' dir='ltr'><strong>ο</strong></span> <span class='ocrx_word' id='word_1_186' title='bbox 3393 1014 3486 1067; x_wconf 65' lang='grc' dir='ltr'>καὶ</span> <span class='ocrx_word' id='word_1_187' title='bbox 3514 1015 3727 1070; x_wconf 82' lang='grc' dir='ltr'>ὲνευλο-</span> 
     </span>
    </p>
   </div>
   <div class='ocr_carea' id='block_1_24' title="bbox 2163 1103 3724 1179">
    <p class='ocr_par' dir='ltr' id='par_1_24' title="bbox 2163 1103 3724 1179">
     <span class='ocr_line' id='line_1_24' title="bbox 2163 1103 3724 1179; baseline 0 -19"><span class='ocrx_word' id='word_1_188' title='bbox 2163 1105 2487 1178; x_wconf 76' lang='grc' dir='ltr'>γηθήσονται</span> <span class='ocrx_word' id='word_1_189' title='bbox 2514 1107 2571 1159; x_wconf 79' lang='grc' dir='ltr'>ὲν</span> <span class='ocrx_word' id='word_1_190' title='bbox 2603 1103 2751 1174; x_wconf 87' lang='grc' dir='ltr'>αὐτῷ</span> <span class='ocrx_word' id='word_1_191' title='bbox 2779 1104 2955 1158; x_wconf 76' lang='grc' dir='ltr'>πάντα</span> <span class='ocrx_word' id='word_1_192' title='bbox 2982 1106 3048 1158; x_wconf 72' lang='grc' dir='ltr'>τὰ</span> <span class='ocrx_word' id='word_1_193' title='bbox 3081 1105 3206 1177; x_wconf 75' lang='grc' dir='ltr'>ἔθνη</span> <span class='ocrx_word' id='word_1_194' title='bbox 3233 1106 3329 1177; x_wconf 85' lang='grc' dir='ltr'><strong>τῆς</strong></span> <span class='ocrx_word' id='word_1_195' title='bbox 3351 1105 3479 1176; x_wconf 79' lang='grc' dir='ltr'>γῆς.</span> <span class='ocrx_word' id='word_1_196' title='bbox 3517 1127 3539 1159; x_wconf 74' lang='grc' dir='ltr'><strong>ι</strong></span> <span class='ocrx_word' id='word_1_197' title='bbox 3572 1107 3724 1179; x_wconf 72' lang='grc' dir='ltr'><strong>1(ρῦ-</strong></span> 
     </span>
    </p>
   </div>
   <div class='ocr_carea' id='block_1_25' title="bbox 2164 1195 3725 1270">
    <p class='ocr_par' dir='ltr' id='par_1_25' title="bbox 2164 1195 3725 1270">
     <span class='ocr_line' id='line_1_25' title="bbox 2164 1195 3725 1270; baseline 0.002 -19"><span class='ocrx_word' id='word_1_198' title='bbox 2164 1217 2283 1268; x_wconf 83' lang='grc' dir='ltr'>φιον</span> <span class='ocrx_word' id='word_1_199' title='bbox 2308 1199 2402 1251; x_wconf 74' lang='grc' dir='ltr'>καὶ</span> <span class='ocrx_word' id='word_1_200' title='bbox 2431 1197 2651 1267; x_wconf 83' lang='grc' dir='ltr'>λεληθὸς</span> <span class='ocrx_word' id='word_1_201' title='bbox 2673 1198 2799 1260; x_wconf 79' lang='grc' dir='ltr'><strong>τούς</strong></span> <span class='ocrx_word' id='word_1_202' title='bbox 2823 1195 3045 1261; x_wconf 80' lang='grc' dir='ltr'>πολλοὺς</span> <span class='ocrx_word' id='word_1_203' title='bbox 3069 1198 3362 1269; x_wconf 69' lang='grc' dir='ltr'>μυστήριον</span> <span class='ocrx_word' id='word_1_204' title='bbox 3395 1197 3469 1270; x_wconf 72' lang='grc' dir='ltr'><strong>μὴ</strong></span> <span class='ocrx_word' id='word_1_205' title='bbox 3497 1199 3725 1270; x_wconf 77' lang='grc' dir='ltr'><strong>κρύψειν</strong></span> 
     </span>
    </p>
   </div>
   <div class='ocr_carea' id='block_1_26' title="bbox 2165 1287 3728 1361">
    <p class='ocr_par' dir='ltr' id='par_1_26' title="bbox 2165 1287 3728 1361">
     <span class='ocr_line' id='line_1_26' title="bbox 2165 1287 3728 1361; baseline 0.002 -19"><span class='ocrx_word' id='word_1_206' title='bbox 2165 1291 2327 1360; x_wconf 73' lang='grc' dir='ltr'>φησὶν</span> <span class='ocrx_word' id='word_1_207' title='bbox 2355 1289 2663 1361; x_wconf 76' lang='grc' dir='ltr'>όχρησμὸς,</span> <span class='ocrx_word' id='word_1_208' title='bbox 2694 1288 3058 1358; x_wconf 75' lang='grc' dir='ltr'>ἀποκαλὺψειν</span> <span class='ocrx_word' id='word_1_209' title='bbox 3083 1289 3138 1342; x_wconf 81' lang='grc' dir='ltr'>δὲ</span> <span class='ocrx_word' id='word_1_210' title='bbox 3168 1288 3244 1359; x_wconf 81' lang='grc' dir='ltr'>τῷ</span> <span class='ocrx_word' id='word_1_211' title='bbox 3274 1287 3523 1358; x_wconf 67' lang='grc' dir='ltr'>θεοφιλεῖ.</span> <span class='ocrx_word' id='word_1_212' title='bbox 3555 1289 3728 1346; x_wconf 86' lang='grc' dir='ltr'>Τοῦτο</span> 
     </span>
    </p>
   </div>
   <div class='ocr_carea' id='block_1_27' title="bbox 2164 1378 3728 1453">
    <p class='ocr_par' dir='ltr' id='par_1_27' title="bbox 2164 1378 3728 1453">
     <span class='ocr_line' id='line_1_27' title="bbox 2164 1378 3728 1453; baseline 0.003 -18"><span class='ocrx_word' id='word_1_213' title='bbox 2164 1382 2220 1435; x_wconf 73' lang='grc' dir='ltr'>δὲ</span> <span class='ocrx_word' id='word_1_214' title='bbox 2247 1378 2314 1453; x_wconf 81' lang='grc' dir='ltr'>ἦν</span> <span class='ocrx_word' id='word_1_215' title='bbox 2355 1383 2417 1434; x_wconf 88' lang='grc' dir='ltr'><strong>τὸ</strong></span> <span class='ocrx_word' id='word_1_216' title='bbox 2464 1384 2590 1453; x_wconf 68' lang='grc' dir='ltr'><strong>περὶ</strong></span> <span class='ocrx_word' id='word_1_217' title='bbox 2621 1380 2720 1450; x_wconf 82' lang='grc' dir='ltr'>τῆς</span> <span class='ocrx_word' id='word_1_218' title='bbox 2766 1381 2872 1434; x_wconf 89' lang='grc' dir='ltr'><strong>τῶν</strong></span> <span class='ocrx_word' id='word_1_219' title='bbox 2916 1381 3085 1435; x_wconf 76' lang='grc' dir='ltr'>ὲθνῶν</span> <span class='ocrx_word' id='word_1_220' title='bbox 3116 1383 3367 1436; x_wconf 76' lang='grc' dir='ltr'>ἁπάντων</span> <span class='ocrx_word' id='word_1_221' title='bbox 3397 1384 3666 1452; x_wconf 91' lang='grc' dir='ltr'>εὐλογίας,</span> <span class='ocrx_word' id='word_1_222' title='bbox 3693 1384 3728 1440; x_wconf 80' lang='grc' dir='ltr'><strong>δ</strong></span> 
     </span>
    </p>
   </div>
   <div class='ocr_carea' id='block_1_28' title="bbox 2165 1473 3728 1548">
    <p class='ocr_par' dir='ltr' id='par_1_28' title="bbox 2165 1473 3728 1548">
     <span class='ocr_line' id='line_1_28' title="bbox 2165 1473 3728 1548; baseline 0.004 -23"><span class='ocrx_word' id='word_1_223' title='bbox 2165 1473 2332 1526; x_wconf 68' lang='grc' dir='ltr'>πάλαι</span> <span class='ocrx_word' id='word_1_224' title='bbox 2377 1473 2475 1544; x_wconf 80' lang='grc' dir='ltr'>μὲν</span> <span class='ocrx_word' id='word_1_225' title='bbox 2525 1474 2819 1546; x_wconf 80' lang='grc' dir='ltr'><strong>κέκρυπτο,</strong></span> <span class='ocrx_word' id='word_1_226' title='bbox 2861 1474 2946 1527; x_wconf 70' lang='grc' dir='ltr'>διὰ</span> <span class='ocrx_word' id='word_1_227' title='bbox 2993 1473 3052 1527; x_wconf 75' lang='grc' dir='ltr'><strong>τὸ</strong></span> <span class='ocrx_word' id='word_1_228' title='bbox 3096 1474 3270 1528; x_wconf 81' lang='grc' dir='ltr'>πάντα</span> <span class='ocrx_word' id='word_1_229' title='bbox 3311 1474 3378 1528; x_wconf 83' lang='grc' dir='ltr'>τὰ</span> <span class='ocrx_word' id='word_1_230' title='bbox 3419 1475 3544 1548; x_wconf 75' lang='grc' dir='ltr'>ἔθνη</span> <span class='ocrx_word' id='word_1_231' title='bbox 3582 1479 3728 1532; x_wconf 78' lang='grc' dir='ltr'>κατὰ</span> 
     </span>
    </p>
   </div>
   <div class='ocr_carea' id='block_1_29' title="bbox 2164 1563 3730 1639">
    <p class='ocr_par' dir='ltr' id='par_1_29' title="bbox 2164 1563 3730 1639">
     <span class='ocr_line' id='line_1_29' title="bbox 2164 1563 3730 1639; baseline 0.003 -23"><span class='ocrx_word' id='word_1_232' title='bbox 2164 1567 2287 1628; x_wconf 78' lang='grc' dir='ltr'>τοὺς</span> <span class='ocrx_word' id='word_1_233' title='bbox 2315 1563 2407 1617; x_wconf 83' lang='grc' dir='ltr'><strong>τοῦ</strong></span> <span class='ocrx_word' id='word_1_234' title='bbox 2450 1565 2699 1636; x_wconf 47' lang='lat' dir='ltr'><strong>nam};</strong></span> <span class='ocrx_word' id='word_1_235' title='bbox 2728 1565 2948 1637; x_wconf 80' lang='grc' dir='ltr'>χρόνους</span> <span class='ocrx_word' id='word_1_236' title='bbox 2975 1565 3165 1636; x_wconf 75' lang='grc' dir='ltr'><strong>ἁφάτῳ</strong></span> <span class='ocrx_word' id='word_1_237' title='bbox 3197 1565 3370 1638; x_wconf 76' lang='grc' dir='ltr'>πλάνῃ</span> <span class='ocrx_word' id='word_1_238' title='bbox 3401 1566 3730 1639; x_wconf 82' lang='grc' dir='ltr'>δεισιδαιμο-</span> 
     </span>
    </p>
   </div>
   <div class='ocr_carea' id='block_1_30' title="bbox 2164 1656 3730 1729">
    <p class='ocr_par' dir='ltr' id='par_1_30' title="bbox 2164 1656 3730 1729">
     <span class='ocr_line' id='line_1_30' title="bbox 2164 1656 3730 1729; baseline 0.003 -21"><span class='ocrx_word' id='word_1_239' title='bbox 2164 1656 2282 1718; x_wconf 88' lang='grc' dir='ltr'>νίας</span> <span class='ocrx_word' id='word_1_240' title='bbox 2310 1657 2694 1728; x_wconf 77' lang='grc' dir='ltr'>κεκρατῆσθαιο</span> <span class='ocrx_word' id='word_1_241' title='bbox 2728 1658 2843 1712; x_wconf 77' lang='grc' dir='ltr'>νυνὶ</span> <span class='ocrx_word' id='word_1_242' title='bbox 2884 1658 2942 1710; x_wconf 83' lang='grc' dir='ltr'>δὲ</span> <span class='ocrx_word' id='word_1_243' title='bbox 2985 1656 3140 1711; x_wconf 85' lang='grc' dir='ltr'>τοῦτο</span> <span class='ocrx_word' id='word_1_244' title='bbox 3184 1658 3304 1711; x_wconf 83' lang='grc' dir='ltr'>καθ’</span> <span class='ocrx_word' id='word_1_245' title='bbox 3341 1661 3487 1729; x_wconf 79' lang='grc' dir='ltr'>ἡμᾶς</span> <span class='ocrx_word' id='word_1_246' title='bbox 3518 1659 3730 1714; x_wconf 81' lang='grc' dir='ltr'><strong>ἀναπέ-</strong></span> 
     </span>
    </p>
   </div>
   <div class='ocr_carea' id='block_1_31' title="bbox 2166 1748 3731 1822">
    <p class='ocr_par' dir='ltr' id='par_1_31' title="bbox 2166 1748 3731 1822">
     <span class='ocr_line' id='line_1_31' title="bbox 2166 1748 3731 1822; baseline 0.003 -23"><span class='ocrx_word' id='word_1_247' title='bbox 2166 1764 2381 1816; x_wconf 82' lang='grc' dir='ltr'>φανται,</span> <span class='ocrx_word' id='word_1_248' title='bbox 2415 1748 2501 1800; x_wconf 77' lang='grc' dir='ltr'>ὅτε</span> <span class='ocrx_word' id='word_1_249' title='bbox 2526 1748 2612 1800; x_wconf 72' lang='grc' dir='ltr'>διὰ</span> <span class='ocrx_word' id='word_1_250' title='bbox 2643 1748 2739 1819; x_wconf 79' lang='grc' dir='ltr'><strong>τῆς</strong></span> <span class='ocrx_word' id='word_1_251' title='bbox 2766 1748 2858 1802; x_wconf 89' lang='grc' dir='ltr'><strong>τοῦ</strong></span> <span class='ocrx_word' id='word_1_252' title='bbox 2895 1748 3144 1820; x_wconf 76' lang='grc' dir='ltr'><strong>Σωτῆρος</strong></span> <span class='ocrx_word' id='word_1_253' title='bbox 3181 1751 3212 1819; x_wconf 76' lang='grc' dir='ltr'>ἡ</span> <span class='ocrx_word' id='word_1_254' title='bbox 3223 1749 3336 1819; x_wconf 90' lang='grc' dir='ltr'><strong>μῶν</strong></span> <span class='ocrx_word' id='word_1_255' title='bbox 3368 1750 3731 1822; x_wconf 81' lang='grc' dir='ltr'>εὐαγγελικῆς</span> 
     </span>
    </p>
   </div>
   <div class='ocr_carea' id='block_1_32' title="bbox 2166 1837 3733 1913">
    <p class='ocr_par' dir='ltr' id='par_1_32' title="bbox 2166 1837 3733 1913">
     <span class='ocr_line' id='line_1_32' title="bbox 2166 1837 3733 1913; baseline 0.003 -23"><span class='ocrx_word' id='word_1_256' title='bbox 2166 1837 2507 1903; x_wconf 74' lang='grc' dir='ltr'><strong>διδασκαλίας</strong></span> <span class='ocrx_word' id='word_1_257' title='bbox 2537 1838 2625 1892; x_wconf 82' lang='grc' dir='ltr'><strong>τὸν</strong></span> <span class='ocrx_word' id='word_1_258' title='bbox 2659 1839 2819 1892; x_wconf 83' lang='grc' dir='ltr'>αὐτὸν</span> <span class='ocrx_word' id='word_1_259' title='bbox 2841 1839 2916 1909; x_wconf 81' lang='grc' dir='ltr'><strong>τῷ</strong></span> <span class='ocrx_word' id='word_1_260' title='bbox 2954 1839 3201 1910; x_wconf 72' lang='grc' dir='ltr'>Ἀϐραὰμ</span> <span class='ocrx_word' id='word_1_261' title='bbox 3233 1839 3585 1895; x_wconf 77' lang='grc' dir='ltr'>θεοσεϐοῦντα</span> <span class='ocrx_word' id='word_1_262' title='bbox 3603 1842 3733 1913; x_wconf 83' lang='grc' dir='ltr'><strong>τρό-</strong></span> 
     </span>
    </p>
   </div>
   <div class='ocr_carea' id='block_1_33' title="bbox 492 1927 2062 2003">
    <p class='ocr_par' dir='ltr' id='par_1_33' title="bbox 492 1931 2058 2003">
     <span class='ocr_line' id='line_1_33' title="bbox 492 1931 2058 2003; baseline -0.001 -16"><span class='ocrx_word' id='word_1_263' title='bbox 492 1932 616 1988; x_wconf 89' lang='lat' dir='ltr'><strong>dem</strong></span> <span class='ocrx_word' id='word_1_264' title='bbox 670 1948 795 1987; x_wconf 91' lang='lat' dir='ltr'><strong>cum</strong></span> <span class='ocrx_word' id='word_1_265' title='bbox 845 1933 940 1986; x_wconf 91' lang='lat' dir='ltr'><strong>illo</strong></span> <span class='ocrx_word' id='word_1_266' title='bbox 995 1931 1395 1989; x_wconf 85' lang='lat' dir='ltr'><strong>benedictionis</strong></span> <span class='ocrx_word' id='word_1_267' title='bbox 1438 1933 1726 2003; x_wconf 86' lang='lat' dir='ltr'><strong>participes</strong></span> <span class='ocrx_word' id='word_1_268' title='bbox 1768 1933 2058 1987; x_wconf 87' lang='lat' dir='ltr'><strong>exsistunt.</strong></span> 
     </span>
    </p>
   </div>
   <div class='ocr_carea' id='block_1_34' title="bbox 2161 1927 3728 2003">
    <p class='ocr_par' dir='ltr' id='par_1_34' title="bbox 2163 1927 3728 2003">
     <span class='ocr_line' id='line_1_34' title="bbox 2163 1927 3728 2003; baseline 0.003 -21"><span class='ocrx_word' id='word_1_269' title='bbox 2163 1947 2262 1982; x_wconf 84' lang='grc' dir='ltr'>πον</span> <span class='ocrx_word' id='word_1_270' title='bbox 2283 1931 2378 2001; x_wconf 81' lang='grc' dir='ltr'>τῆς</span> <span class='ocrx_word' id='word_1_271' title='bbox 2407 1929 2524 2000; x_wconf 74' lang='grc' dir='ltr'>ἴσης</span> <span class='ocrx_word' id='word_1_272' title='bbox 2558 1930 2706 2000; x_wconf 79' lang='grc' dir='ltr'>αὐτῷ</span> <span class='ocrx_word' id='word_1_273' title='bbox 2733 1931 2948 2001; x_wconf 80' lang='grc' dir='ltr'><strong>μετέχει</strong></span> <span class='ocrx_word' id='word_1_274' title='bbox 2973 1931 3240 1999; x_wconf 79' lang='grc' dir='ltr'>εὐλογίας.</span> <span class='ocrx_word' id='word_1_275' title='bbox 3271 1932 3392 1983; x_wconf 79' lang='grc' dir='ltr'>Ὀτι</span> <span class='ocrx_word' id='word_1_276' title='bbox 3415 1931 3458 1985; x_wconf 82' lang='grc' dir='ltr'>δ’</span> <span class='ocrx_word' id='word_1_277' title='bbox 3488 1932 3585 2003; x_wconf 84' lang='grc' dir='ltr'><strong>οὐχ</strong></span> <span class='ocrx_word' id='word_1_278' title='bbox 3615 1927 3728 1987; x_wconf 74' lang='grc' dir='ltr'>οἷόν</span> 
     </span>
    </p>
   </div>
   <div class='ocr_carea' id='block_1_35' title="bbox 492 2021 2058 2093">
    <p class='ocr_par' dir='ltr' id='par_1_35' title="bbox 492 2021 2058 2093">
     <span class='ocr_line' id='line_1_35' title="bbox 492 2021 2058 2093; baseline 0 -17"><span class='ocrx_word' id='word_1_279' title='bbox 492 2021 960 2090; x_wconf 81' lang='lat' dir='ltr'><strong>Quemadmodum</strong></span> <span class='ocrx_word' id='word_1_280' title='bbox 983 2037 1114 2078; x_wconf 89' lang='lat' dir='ltr'><strong>vero</strong></span> <span class='ocrx_word' id='word_1_281' title='bbox 1134 2021 1250 2077; x_wconf 74' lang='lat' dir='ltr'><strong>lteri</strong></span> <span class='ocrx_word' id='word_1_282' title='bbox 1281 2023 1430 2076; x_wconf 91' lang='lat' dir='ltr'><strong>nullo</strong></span> <span class='ocrx_word' id='word_1_283' title='bbox 1455 2022 1617 2076; x_wconf 91' lang='lat' dir='ltr'><strong>modo</strong></span> <span class='ocrx_word' id='word_1_284' title='bbox 1646 2031 1830 2093; x_wconf 89' lang='lat' dir='ltr'><strong>posset</strong></span> <span class='ocrx_word' id='word_1_285' title='bbox 1856 2063 1870 2085; x_wconf 93' lang='lat'><strong>,</strong></span> <span class='ocrx_word' id='word_1_286' title='bbox 1907 2031 1967 2076; x_wconf 92' lang='lat' dir='ltr'><strong>ut</strong></span> <span class='ocrx_word' id='word_1_287' title='bbox 1991 2038 2058 2078; x_wconf 86' lang='lat' dir='ltr'><strong>ex</strong></span> 
     </span>
    </p>
   </div>
   <div class='ocr_carea' id='block_1_36' title="bbox 491 2113 2062 2186">
    <p class='ocr_par' dir='ltr' id='par_1_36' title="bbox 491 2113 2062 2186">
     <span class='ocr_line' id='line_1_36' title="bbox 491 2113 2062 2186; baseline -0.001 -16"><span class='ocrx_word' id='word_1_288' title='bbox 491 2114 706 2186; x_wconf 75' lang='lat' dir='ltr'><strong>legibus</strong></span> <span class='ocrx_word' id='word_1_289' title='bbox 741 2129 773 2168; x_wconf 92' lang='lat' dir='ltr'><strong>a</strong></span> <span class='ocrx_word' id='word_1_290' title='bbox 811 2114 960 2171; x_wconf 79' lang='lat' dir='ltr'><strong>Mose</strong></span> <span class='ocrx_word' id='word_1_291' title='bbox 1001 2115 1234 2186; x_wconf 87' lang='lat' dir='ltr'><strong>positis,</strong></span> <span class='ocrx_word' id='word_1_292' title='bbox 1286 2122 1475 2184; x_wconf 85' lang='lat' dir='ltr'><strong>gentes</strong></span> <span class='ocrx_word' id='word_1_293' title='bbox 1531 2115 1799 2169; x_wconf 76' lang='lat' dir='ltr'><strong>universa:</strong></span> <span class='ocrx_word' id='word_1_294' title='bbox 1849 2113 2062 2170; x_wconf 75' lang='lat' dir='ltr'><strong>vivendi</strong></span> 
     </span>
    </p>
   </div>
   <div class='ocr_carea' id='block_1_37' title="bbox 491 2203 2064 2276">
    <p class='ocr_par' dir='ltr' id='par_1_37' title="bbox 491 2203 2064 2276">
     <span class='ocr_line' id='line_1_37' title="bbox 491 2203 2064 2276; baseline 0.001 -16"><span class='ocrx_word' id='word_1_295' title='bbox 491 2219 739 2260; x_wconf 87' lang='lat' dir='ltr'><strong>normam</strong></span> <span class='ocrx_word' id='word_1_296' title='bbox 767 2204 1096 2275; x_wconf 85' lang='lat' dir='ltr'><strong>acciperent,</strong></span> <span class='ocrx_word' id='word_1_297' title='bbox 1130 2203 1448 2276; x_wconf 89' lang='lat' dir='ltr'><strong>plenissime</strong></span> <span class='ocrx_word' id='word_1_298' title='bbox 1475 2205 1614 2260; x_wconf 89' lang='lat' dir='ltr'><strong>libro</strong></span> <span class='ocrx_word' id='word_1_299' title='bbox 1646 2205 1926 2276; x_wconf 84' lang='lat' dir='ltr'><strong>superiore</strong></span> <span class='ocrx_word' id='word_1_300' title='bbox 1948 2206 2064 2262; x_wconf 85' lang='lat' dir='ltr'><strong>dis-</strong></span> 
     </span>
    </p>
   </div>
   <div class='ocr_carea' id='block_1_38' title="bbox 492 2293 2060 2366">
    <p class='ocr_par' dir='ltr' id='par_1_38' title="bbox 492 2293 2060 2366">
     <span class='ocr_line' id='line_1_38' title="bbox 492 2293 2060 2366; baseline -0.001 -15"><span class='ocrx_word' id='word_1_301' title='bbox 492 2294 768 2351; x_wconf 87' lang='lat' dir='ltr'><strong>seruimus</strong></span> <span class='ocrx_word' id='word_1_302' title='bbox 796 2335 812 2359; x_wconf 97' lang='lat'><strong>,</strong></span> <span class='ocrx_word' id='word_1_303' title='bbox 842 2311 910 2351; x_wconf 90' lang='lat' dir='ltr'><strong>ne</strong></span> <span class='ocrx_word' id='word_1_304' title='bbox 937 2295 1061 2366; x_wconf 86' lang='lat' dir='ltr'><strong>quis</strong></span> <span class='ocrx_word' id='word_1_305' title='bbox 1091 2293 1229 2350; x_wconf 83' lang='lat' dir='ltr'><strong>forte</strong></span> <span class='ocrx_word' id='word_1_306' title='bbox 1259 2295 1568 2366; x_wconf 88' lang='lat' dir='ltr'><strong>suspicetur</strong></span> <span class='ocrx_word' id='word_1_307' title='bbox 1601 2294 1668 2349; x_wconf 90' lang='lat' dir='ltr'><strong>de</strong></span> <span class='ocrx_word' id='word_1_308' title='bbox 1699 2294 1942 2360; x_wconf 86' lang='lat' dir='ltr'><strong>advenis,</strong></span> <span class='ocrx_word' id='word_1_309' title='bbox 1968 2295 2060 2366; x_wconf 89' lang='lat' dir='ltr'><strong>qui</strong></span> 
     </span>
    </p>
   </div>
   <div class='ocr_carea' id='block_1_39' title="bbox 492 2383 2064 2458">
    <p class='ocr_par' dir='ltr' id='par_1_39' title="bbox 492 2383 2064 2458">
     <span class='ocr_line' id='line_1_39' title="bbox 492 2383 2064 2458; baseline -0.001 -17"><span class='ocrx_word' id='word_1_310' title='bbox 492 2386 636 2457; x_wconf 90' lang='lat' dir='ltr'><strong>apud</strong></span> <span class='ocrx_word' id='word_1_311' title='bbox 674 2383 896 2443; x_wconf 66' lang='lat' dir='ltr'><strong>Judaaos</strong></span> <span class='ocrx_word' id='word_1_312' title='bbox 927 2387 1235 2458; x_wconf 87' lang='lat' dir='ltr'><strong>degebant,</strong></span> <span class='ocrx_word' id='word_1_313' title='bbox 1265 2385 1398 2440; x_wconf 92' lang='lat' dir='ltr'><strong>illud</strong></span> <span class='ocrx_word' id='word_1_314' title='bbox 1428 2385 1598 2440; x_wconf 80' lang='lat' dir='ltr'><strong>fuisse</strong></span> <span class='ocrx_word' id='word_1_315' title='bbox 1633 2386 1904 2454; x_wconf 87' lang='lat' dir='ltr'><strong>prolatum</strong></span> <span class='ocrx_word' id='word_1_316' title='bbox 1935 2401 2064 2440; x_wconf 85' lang='lat' dir='ltr'><strong>ora-</strong></span> 
     </span>
    </p>
   </div>
   <div class='ocr_carea' id='block_1_40' title="bbox 491 2474 2061 2545">
    <p class='ocr_par' dir='ltr' id='par_1_40' title="bbox 491 2474 2061 2545">
     <span class='ocr_line' id='line_1_40' title="bbox 491 2474 2061 2545; baseline 0.001 -15"><span class='ocrx_word' id='word_1_317' title='bbox 491 2476 694 2530; x_wconf 90' lang='lat' dir='ltr'><strong>culum.</strong></span> <span class='ocrx_word' id='word_1_318' title='bbox 729 2474 914 2545; x_wconf 90' lang='lat' dir='ltr'><strong>ltaque</strong></span> <span class='ocrx_word' id='word_1_319' title='bbox 953 2491 1078 2530; x_wconf 91' lang='lat' dir='ltr'><strong>cum</strong></span> <span class='ocrx_word' id='word_1_320' title='bbox 1119 2475 1174 2528; x_wconf 87' lang='lat' dir='ltr'><strong>iu</strong></span> <span class='ocrx_word' id='word_1_321' title='bbox 1220 2475 1411 2528; x_wconf 88' lang='lat' dir='ltr'><strong>eodem</strong></span> <span class='ocrx_word' id='word_1_322' title='bbox 1441 2475 1852 2544; x_wconf 83' lang='lat' dir='ltr'><strong>probaverimus</strong></span> <span class='ocrx_word' id='word_1_323' title='bbox 1874 2517 1890 2539; x_wconf 95' lang='lat'><strong>,</strong></span> <span class='ocrx_word' id='word_1_324' title='bbox 1916 2476 2061 2544; x_wconf 92' lang='lat' dir='ltr'><strong>quod</strong></span> 
     </span>
    </p>
   </div>
   <div class='ocr_carea' id='block_1_41' title="bbox 491 2564 2060 2638">
    <p class='ocr_par' dir='ltr' id='par_1_41' title="bbox 491 2564 2060 2638">
     <span class='ocr_line' id='line_1_41' title="bbox 491 2564 2060 2638; baseline -0.001 -14"><span class='ocrx_word' id='word_1_325' title='bbox 491 2569 562 2625; x_wconf 87' lang='lat' dir='ltr'><strong>iis</strong></span> <span class='ocrx_word' id='word_1_326' title='bbox 591 2569 722 2624; x_wconf 87' lang='lat' dir='ltr'><strong>solis</strong></span> <span class='ocrx_word' id='word_1_327' title='bbox 745 2607 762 2633; x_wconf 93' lang='lat'><strong>,</strong></span> <span class='ocrx_word' id='word_1_328' title='bbox 783 2572 876 2638; x_wconf 88' lang='lat' dir='ltr'><strong>qui</strong></span> <span class='ocrx_word' id='word_1_329' title='bbox 904 2583 1000 2638; x_wconf 91' lang='lat' dir='ltr'><strong>per</strong></span> <span class='ocrx_word' id='word_1_330' title='bbox 1023 2565 1298 2620; x_wconf 84' lang='lat' dir='ltr'><strong>Christum</strong></span> <span class='ocrx_word' id='word_1_331' title='bbox 1337 2564 1405 2619; x_wconf 91' lang='lat' dir='ltr'><strong>de</strong></span> <span class='ocrx_word' id='word_1_332' title='bbox 1435 2565 1649 2620; x_wconf 89' lang='lat' dir='ltr'><strong>cunctis</strong></span> <span class='ocrx_word' id='word_1_333' title='bbox 1681 2566 1936 2637; x_wconf 87' lang='lat' dir='ltr'><strong>gentibus</strong></span> <span class='ocrx_word' id='word_1_334' title='bbox 1967 2582 2060 2623; x_wconf 82' lang='lat' dir='ltr'><strong>as-</strong></span> 
     </span>
    </p>
   </div>
   <div class='ocr_carea' id='block_1_42' title="bbox 493 2655 2060 2726">
    <p class='ocr_par' dir='ltr' id='par_1_42' title="bbox 493 2655 2060 2726">
     <span class='ocr_line' id='line_1_42' title="bbox 493 2655 2060 2726; baseline -0.001 -12"><span class='ocrx_word' id='word_1_335' title='bbox 493 2667 783 2714; x_wconf 76' lang='lat' dir='ltr'><strong>sumantur</strong></span> <span class='ocrx_word' id='word_1_336' title='bbox 807 2697 826 2723; x_wconf 89' lang='lat'><strong>,</strong></span> <span class='ocrx_word' id='word_1_337' title='bbox 854 2656 1162 2714; x_wconf 82' lang='lat' dir='ltr'><strong>benedictio</strong></span> <span class='ocrx_word' id='word_1_338' title='bbox 1183 2655 1427 2710; x_wconf 88' lang='lat' dir='ltr'><strong>omnium</strong></span> <span class='ocrx_word' id='word_1_339' title='bbox 1458 2656 1698 2726; x_wconf 84' lang='lat' dir='ltr'><strong>gentium</strong></span> <span class='ocrx_word' id='word_1_340' title='bbox 1728 2656 1957 2712; x_wconf 66' lang='lat' dir='ltr'><strong>Abrahae</strong></span> <span class='ocrx_word' id='word_1_341' title='bbox 1979 2658 2060 2712; x_wconf 86' lang='lat' dir='ltr'><strong>di-</strong></span> 
     </span>
    </p>
   </div>
   <div class='ocr_carea' id='block_1_43' title="bbox 495 2747 2057 2818">
    <p class='ocr_par' dir='ltr' id='par_1_43' title="bbox 495 2747 2057 2818">
     <span class='ocr_line' id='line_1_43' title="bbox 495 2747 2057 2818; baseline 0.001 -15"><span class='ocrx_word' id='word_1_342' title='bbox 495 2749 704 2806; x_wconf 83' lang='lat' dir='ltr'><strong>vinitus</strong></span> <span class='ocrx_word' id='word_1_343' title='bbox 747 2749 954 2804; x_wconf 89' lang='lat' dir='ltr'><strong>reddita</strong></span> <span class='ocrx_word' id='word_1_344' title='bbox 990 2790 1006 2814; x_wconf 95' lang='lat'><strong>,</strong></span> <span class='ocrx_word' id='word_1_345' title='bbox 1045 2751 1338 2805; x_wconf 90' lang='lat' dir='ltr'><strong>convenire</strong></span> <span class='ocrx_word' id='word_1_346' title='bbox 1378 2749 1552 2818; x_wconf 91' lang='lat' dir='ltr'><strong>possit</strong></span> <span class='ocrx_word' id='word_1_347' title='bbox 1588 2765 1602 2801; x_wconf 91' lang='lat'><strong>:</strong></span> <span class='ocrx_word' id='word_1_348' title='bbox 1640 2747 1919 2805; x_wconf 87' lang='lat' dir='ltr'><strong>studiosos</strong></span> <span class='ocrx_word' id='word_1_349' title='bbox 1972 2749 2057 2804; x_wconf 87' lang='lat' dir='ltr'><strong>le-</strong></span> 
     </span>
    </p>
   </div>
   <div class='ocr_carea' id='block_1_44' title="bbox 493 2840 1699 2907">
    <p class='ocr_par' dir='ltr' id='par_1_44' title="bbox 493 2840 1699 2907">
     <span class='ocr_line' id='line_1_44' title="bbox 493 2840 1699 2907; baseline 0 -12"><span class='ocrx_word' id='word_1_350' title='bbox 493 2850 677 2896; x_wconf 90' lang='lat' dir='ltr'><strong>ctores</strong></span> <span class='ocrx_word' id='word_1_351' title='bbox 706 2856 770 2896; x_wconf 87' lang='lat' dir='ltr'><strong>ex</strong></span> <span class='ocrx_word' id='word_1_352' title='bbox 796 2840 900 2895; x_wconf 88' lang='lat' dir='ltr'><strong>hoc</strong></span> <span class='ocrx_word' id='word_1_353' title='bbox 931 2841 1050 2896; x_wconf 92' lang='lat' dir='ltr'><strong>loco</strong></span> <span class='ocrx_word' id='word_1_354' title='bbox 1078 2880 1094 2907; x_wconf 93' lang='lat'><strong>,</strong></span> <span class='ocrx_word' id='word_1_355' title='bbox 1129 2840 1198 2895; x_wconf 90' lang='lat' dir='ltr'><strong>ad</strong></span> <span class='ocrx_word' id='word_1_356' title='bbox 1230 2841 1320 2895; x_wconf 91' lang='lat' dir='ltr'><strong>illa</strong></span> <span class='ocrx_word' id='word_1_357' title='bbox 1350 2840 1699 2896; x_wconf 85' lang='lat' dir='ltr'><strong>remittimus.</strong></span> 
     </span>
    </p>
   </div>
   <div class='ocr_carea' id='block_1_45' title="bbox 494 2950 2060 3018">
    <p class='ocr_par' dir='ltr' id='par_1_45' title="bbox 494 2950 2060 3018">
     <span class='ocr_line' id='line_1_45' title="bbox 494 2950 2060 3018; baseline 0.001 -13"><span class='ocrx_word' id='word_1_358' title='bbox 494 2950 561 3007; x_wconf 91' lang='grc'><strong>11.</strong></span> <span class='ocrx_word' id='word_1_359' title='bbox 595 2952 674 3006; x_wconf 78' lang='lat' dir='ltr'><strong>Ab</strong></span> <span class='ocrx_word' id='word_1_360' title='bbox 699 2951 1456 3018; x_wconf 76' lang='lat' dir='ltr'><strong>eadem.~-Qucmadmodum</strong></span> <span class='ocrx_word' id='word_1_361' title='bbox 1489 2952 1852 3008; x_wconf 74' lang='lat' dir='ltr'><strong>benedicentur</strong></span> <span class='ocrx_word' id='word_1_362' title='bbox 1883 2969 2060 3007; x_wconf 78' lang='lat' dir='ltr'><strong>omnes</strong></span> 
     </span>
    </p>
   </div>
   <div class='ocr_carea' id='block_1_46' title="bbox 563 3023 2063 3147">
    <p class='ocr_par' dir='ltr' id='par_1_46' title="bbox 563 3023 2063 3147">
     <span class='ocr_line' id='line_1_46' title="bbox 563 3023 2063 3147; baseline 0.001 -71"><span class='ocrx_word' id='word_1_363' title='bbox 563 3035 748 3146; x_wconf 49' lang='lat' dir='ltr'><strong>gente;</strong></span> <span class='ocrx_word' id='word_1_364' title='bbox 775 3033 926 3147; x_wconf 58' lang='grc' dir='ltr'><strong>εἶν-Ἰν</strong></span> <span class='ocrx_word' id='word_1_365' title='bbox 959 3024 1013 3077; x_wconf 75' lang='lat' dir='ltr'><strong>in</strong></span> <span class='ocrx_word' id='word_1_366' title='bbox 1039 3041 1098 3078; x_wconf 86' lang='lat' dir='ltr'><strong>eo</strong></span> <span class='ocrx_word' id='word_1_367' title='bbox 1131 3025 1324 3078; x_wconf 81' lang='lat' dir='ltr'><strong>semine</strong></span> <span class='ocrx_word' id='word_1_368' title='bbox 1353 3065 1371 3093; x_wconf 87' lang='lat'><strong>,</strong></span> <span class='ocrx_word' id='word_1_369' title='bbox 1402 3023 1539 3094; x_wconf 76' lang='lat' dir='ltr'><strong>quod</strong></span> <span class='ocrx_word' id='word_1_370' title='bbox 1567 3039 1964 3094; x_wconf 80' lang='lat' dir='ltr'><strong>progressurum</strong></span> <span class='ocrx_word' id='word_1_371' title='bbox 1983 3032 2063 3078; x_wconf 76' lang='lat' dir='ltr'><strong>est</strong></span> 
     </span>
     <span class='ocr_line' id='line_1_47' title="bbox 601 3110 1046 3147; baseline 0 0"><span class='ocrx_word' id='word_1_372' title='bbox 601 3111 628 3147; x_wconf 77' lang='grc' dir='ltr'><strong>ε</strong></span> <span class='ocrx_word' id='word_1_373' title='bbox 658 3111 716 3147; x_wconf 85' lang='lat' dir='ltr'><strong>su</strong></span> <span class='ocrx_word' id='word_1_374' title='bbox 755 3111 783 3147; x_wconf 89' lang='grc' dir='ltr'><strong>ο</strong></span> <span class='ocrx_word' id='word_1_375' title='bbox 807 3110 835 3147; x_wconf 86' lang='lat' dir='ltr'><strong>e</strong></span> <span class='ocrx_word' id='word_1_376' title='bbox 901 3110 1046 3147; x_wconf 73' lang='lat' dir='ltr'><strong>saac.</strong></span> 
     </span>
    </p>
   </div>
   <div class='ocr_carea' id='block_1_47' title="bbox 601 3110 1046 3149">
    <p class='ocr_par' dir='ltr' id='par_1_47' title="bbox 601 3110 1046 3149">
     <span class='ocr_line' id='line_1_48' title="bbox 601 3110 1046 3149; baseline -0.002 0"><span class='ocrx_word' id='word_1_377' title='bbox 601 3111 628 3149; x_wconf 76' lang='grc' dir='ltr'><strong>ε</strong></span> <span class='ocrx_word' id='word_1_378' title='bbox 658 3110 835 3148; x_wconf 78' lang='grc' dir='ltr'>ευυοιε</span> <span class='ocrx_word' id='word_1_379' title='bbox 868 3110 1046 3148; x_wconf 79' lang='lat' dir='ltr'><strong>uaac.</strong></span> 
     </span>
    </p>
   </div>
   <div class='ocr_carea' id='block_1_48' title="bbox 563 3205 2057 3280">
    <p class='ocr_par' dir='ltr' id='par_1_48' title="bbox 563 3205 2057 3280">
     <span class='ocr_line' id='line_1_49' title="bbox 563 3205 2057 3280; baseline 0.003 -20"><span class='ocrx_word' id='word_1_380' title='bbox 563 3207 827 3263; x_wconf 82' lang='lat' dir='ltr'><strong>Dominus</strong></span> <span class='ocrx_word' id='word_1_381' title='bbox 856 3215 1034 3262; x_wconf 89' lang='lat' dir='ltr'><strong>autem</strong></span> <span class='ocrx_word' id='word_1_382' title='bbox 1069 3206 1137 3262; x_wconf 87' lang='lat' dir='ltr'><strong>ad</strong></span> <span class='ocrx_word' id='word_1_383' title='bbox 1183 3205 1336 3264; x_wconf 80' lang='lat' dir='ltr'><strong>Isaac</strong></span> <span class='ocrx_word' id='word_1_384' title='bbox 1381 3207 1758 3280; x_wconf 85' lang='lat' dir='ltr'><strong>respondens,</strong></span> <span class='ocrx_word' id='word_1_385' title='bbox 1799 3217 1920 3280; x_wconf 91' lang='lat' dir='ltr'><strong>post</strong></span> <span class='ocrx_word' id='word_1_386' title='bbox 1951 3210 2057 3265; x_wconf 93' lang='lat' dir='ltr'><strong>alia</strong></span> 
     </span>
    </p>
   </div>
   <div class='ocr_carea' id='block_1_49' title="bbox 493 3277 2130 3371">
    <p class='ocr_par' dir='ltr' id='par_1_49' title="bbox 493 3277 2130 3371">
     <span class='ocr_line' id='line_1_50' title="bbox 493 3277 2130 3371; baseline 0.001 -16"><span class='ocrx_word' id='word_1_387' title='bbox 493 3300 657 3356; x_wconf 90' lang='lat' dir='ltr'><strong>etiam</strong></span> <span class='ocrx_word' id='word_1_388' title='bbox 717 3299 830 3354; x_wconf 65' lang='lat' dir='ltr'><strong>haec</strong></span> <span class='ocrx_word' id='word_1_389' title='bbox 881 3299 1015 3354; x_wconf 86' lang='lat' dir='ltr'><strong>dicit</strong></span> <span class='ocrx_word' id='word_1_390' title='bbox 1052 3318 1065 3354; x_wconf 90' lang='lat'>:</span> <span class='ocrx_word' id='word_1_391' title='bbox 1105 3317 1124 3350; x_wconf 73' lang='grc' dir='ltr'><strong>ι</strong></span> <span class='ocrx_word' id='word_1_392' title='bbox 1183 3301 1252 3355; x_wconf 87' lang='lat' dir='ltr'><strong>Et</strong></span> <span class='ocrx_word' id='word_1_393' title='bbox 1300 3277 1634 3358; x_wconf 79' lang='lat' dir='ltr'><strong>conﬁrmabo</strong></span> <span class='ocrx_word' id='word_1_394' title='bbox 1676 3277 2060 3371; x_wconf 79' lang='lat' dir='ltr'><strong>jusjurandum</strong></span> <span class='ocrx_word' id='word_1_395' title='bbox 2087 3277 2130 3335; x_wconf 66' lang='grc' dir='ltr'>ο</span> 
     </span>
    </p>
   </div>
   <div class='ocr_carea' id='block_1_50' title="bbox 493 3391 2060 3464">
    <p class='ocr_par' dir='ltr' id='par_1_50' title="bbox 493 3391 2060 3464">
     <span class='ocr_line' id='line_1_51' title="bbox 493 3391 2060 3464; baseline 0.001 -16"><span class='ocrx_word' id='word_1_396' title='bbox 493 3407 673 3448; x_wconf 88' lang='lat' dir='ltr'><strong>meum</strong></span> <span class='ocrx_word' id='word_1_397' title='bbox 718 3391 945 3446; x_wconf 71' lang='lat' dir='ltr'><strong>Abrahae</strong></span> <span class='ocrx_word' id='word_1_398' title='bbox 989 3391 1130 3462; x_wconf 86' lang='lat' dir='ltr'><strong>patri</strong></span> <span class='ocrx_word' id='word_1_399' title='bbox 1183 3398 1317 3458; x_wconf 91' lang='lat' dir='ltr'><strong>tuo,</strong></span> <span class='ocrx_word' id='word_1_400' title='bbox 1353 3399 1408 3447; x_wconf 91' lang='lat' dir='ltr'><strong>et</strong></span> <span class='ocrx_word' id='word_1_401' title='bbox 1459 3393 1828 3464; x_wconf 87' lang='lat' dir='ltr'><strong>multiplicabo</strong></span> <span class='ocrx_word' id='word_1_402' title='bbox 1878 3409 2060 3449; x_wconf 87' lang='lat' dir='ltr'><strong>semen</strong></span> 
     </span>
    </p>
   </div>
   <div class='ocr_carea' id='block_1_51' title="bbox 495 3479 2062 3546">
    <p class='ocr_par' dir='ltr' id='par_1_51' title="bbox 495 3479 2062 3546">
     <span class='ocr_line' id='line_1_52' title="bbox 495 3479 2062 3546; baseline 0.001 -11"><span class='ocrx_word' id='word_1_403' title='bbox 495 3489 674 3546; x_wconf 89' lang='lat' dir='ltr'><strong>tuum,</strong></span> <span class='ocrx_word' id='word_1_404' title='bbox 698 3480 839 3536; x_wconf 87' lang='lat' dir='ltr'><strong>sicut</strong></span> <span class='ocrx_word' id='word_1_405' title='bbox 864 3480 1051 3535; x_wconf 88' lang='lat' dir='ltr'><strong>stellas</strong></span> <span class='ocrx_word' id='word_1_406' title='bbox 1077 3479 1224 3544; x_wconf 76' lang='lat' dir='ltr'><strong>cmli,</strong></span> <span class='ocrx_word' id='word_1_407' title='bbox 1245 3489 1303 3534; x_wconf 92' lang='lat' dir='ltr'><strong>et</strong></span> <span class='ocrx_word' id='word_1_408' title='bbox 1328 3480 1468 3535; x_wconf 88' lang='lat' dir='ltr'><strong>dabo</strong></span> <span class='ocrx_word' id='word_1_409' title='bbox 1503 3481 1697 3536; x_wconf 85' lang='lat' dir='ltr'><strong>semini</strong></span> <span class='ocrx_word' id='word_1_410' title='bbox 1731 3492 1825 3536; x_wconf 92' lang='lat' dir='ltr'><strong>tuo</strong></span> <span class='ocrx_word' id='word_1_411' title='bbox 1846 3498 2062 3538; x_wconf 87' lang='lat' dir='ltr'><strong>omnem</strong></span> 
     </span>
    </p>
   </div>
   <div class='ocr_carea' id='block_1_52' title="bbox 495 3569 2061 3634">
    <p class='ocr_par' dir='ltr' id='par_1_52' title="bbox 495 3569 2061 3634">
     <span class='ocr_line' id='line_1_53' title="bbox 495 3569 2061 3634; baseline 0.001 -8"><span class='ocrx_word' id='word_1_412' title='bbox 495 3578 700 3626; x_wconf 89' lang='lat' dir='ltr'><strong>terram</strong></span> <span class='ocrx_word' id='word_1_413' title='bbox 734 3569 876 3625; x_wconf 89' lang='lat' dir='ltr'><strong>banc</strong></span> <span class='ocrx_word' id='word_1_414' title='bbox 898 3610 915 3634; x_wconf 96' lang='lat'><strong>,</strong></span> <span class='ocrx_word' id='word_1_415' title='bbox 944 3579 999 3625; x_wconf 91' lang='lat' dir='ltr'><strong>et</strong></span> <span class='ocrx_word' id='word_1_416' title='bbox 1028 3570 1420 3626; x_wconf 86' lang='lat' dir='ltr'><strong>benedicentur</strong></span> <span class='ocrx_word' id='word_1_417' title='bbox 1443 3571 1498 3626; x_wconf 91' lang='lat' dir='ltr'><strong>in</strong></span> <span class='ocrx_word' id='word_1_418' title='bbox 1524 3572 1728 3626; x_wconf 88' lang='lat' dir='ltr'><strong>semine</strong></span> <span class='ocrx_word' id='word_1_419' title='bbox 1756 3581 1850 3628; x_wconf 91' lang='lat' dir='ltr'><strong>tuo</strong></span> <span class='ocrx_word' id='word_1_420' title='bbox 1871 3587 2061 3628; x_wconf 90' lang='lat' dir='ltr'><strong>omnes</strong></span> 
     </span>
    </p>
   </div>
   <div class='ocr_carea' id='block_1_53' title="bbox 495 3659 2058 3734">
    <p class='ocr_par' dir='ltr' id='par_1_53' title="bbox 495 3659 2058 3734">
     <span class='ocr_line' id='line_1_54' title="bbox 495 3659 2058 3734; baseline 0.002 -18"><span class='ocrx_word' id='word_1_421' title='bbox 495 3670 684 3734; x_wconf 87' lang='lat' dir='ltr'><strong>gentes</strong></span> <span class='ocrx_word' id='word_1_422' title='bbox 715 3670 871 3716; x_wconf 75' lang='lat' dir='ltr'><strong>terra:</strong></span> <span class='ocrx_word' id='word_1_423' title='bbox 886 3659 954 3717; x_wconf 76' lang='grc' dir='ltr'><strong>δ’.</strong></span> <span class='ocrx_word' id='word_1_424' title='bbox 979 3679 999 3714; x_wconf 70' lang='grc' dir='ltr'><strong>ι</strong></span> <span class='ocrx_word' id='word_1_425' title='bbox 1021 3659 1282 3718; x_wconf 89' lang='lat' dir='ltr'><strong>Dominus</strong></span> <span class='ocrx_word' id='word_1_426' title='bbox 1309 3673 1364 3717; x_wconf 88' lang='lat' dir='ltr'><strong>et</strong></span> <span class='ocrx_word' id='word_1_427' title='bbox 1399 3659 1651 3716; x_wconf 86' lang='lat' dir='ltr'><strong>Salvator</strong></span> <span class='ocrx_word' id='word_1_428' title='bbox 1675 3674 1860 3718; x_wconf 89' lang='lat' dir='ltr'><strong>noster</strong></span> <span class='ocrx_word' id='word_1_429' title='bbox 1875 3661 2058 3728; x_wconf 81' lang='lat' dir='ltr'><strong>Jesus,</strong></span> 
     </span>
    </p>
   </div>
   <div class='ocr_carea' id='block_1_54' title="bbox 495 3753 2063 3826">
    <p class='ocr_par' dir='ltr' id='par_1_54' title="bbox 495 3753 2063 3826">
     <span class='ocr_line' id='line_1_55' title="bbox 495 3753 2063 3826; baseline -0.003 -15"><span class='ocrx_word' id='word_1_430' title='bbox 495 3757 589 3826; x_wconf 87' lang='lat' dir='ltr'><strong>qui</strong></span> <span class='ocrx_word' id='word_1_431' title='bbox 612 3753 866 3812; x_wconf 87' lang='lat' dir='ltr'><strong>Christus</strong></span> <span class='ocrx_word' id='word_1_432' title='bbox 889 3764 974 3812; x_wconf 86' lang='lat' dir='ltr'><strong>est</strong></span> <span class='ocrx_word' id='word_1_433' title='bbox 1001 3753 1095 3812; x_wconf 88' lang='lat' dir='ltr'><strong>Dei</strong></span> <span class='ocrx_word' id='word_1_434' title='bbox 1122 3795 1138 3821; x_wconf 91' lang='lat'><strong>,</strong></span> <span class='ocrx_word' id='word_1_435' title='bbox 1167 3771 1238 3813; x_wconf 79' lang='lat' dir='ltr'><strong>ex</strong></span> <span class='ocrx_word' id='word_1_436' title='bbox 1278 3755 1484 3812; x_wconf 88' lang='lat' dir='ltr'><strong>semine</strong></span> <span class='ocrx_word' id='word_1_437' title='bbox 1515 3753 1665 3809; x_wconf 87' lang='lat' dir='ltr'><strong>lsaac</strong></span> <span class='ocrx_word' id='word_1_438' title='bbox 1699 3764 1863 3810; x_wconf 89' lang='lat' dir='ltr'><strong>natus</strong></span> <span class='ocrx_word' id='word_1_439' title='bbox 1887 3763 1941 3809; x_wconf 89' lang='lat' dir='ltr'><strong>et</strong></span> <span class='ocrx_word' id='word_1_440' title='bbox 1975 3769 2063 3807; x_wconf 87' lang='lat' dir='ltr'><strong>ra-</strong></span> 
     </span>
    </p>
   </div>
   <div class='ocr_carea' id='block_1_55' title="bbox 495 3847 2060 3920">
    <p class='ocr_par' dir='ltr' id='par_1_55' title="bbox 495 3847 2060 3920">
     <span class='ocr_line' id='line_1_56' title="bbox 495 3847 2060 3920; baseline -0.004 -16"><span class='ocrx_word' id='word_1_441' title='bbox 495 3849 643 3905; x_wconf 86' lang='lat' dir='ltr'><strong>tione</strong></span> <span class='ocrx_word' id='word_1_442' title='bbox 687 3848 912 3904; x_wconf 86' lang='lat' dir='ltr'><strong>humani</strong></span> <span class='ocrx_word' id='word_1_443' title='bbox 956 3849 1203 3919; x_wconf 87' lang='lat' dir='ltr'><strong>corporis</strong></span> <span class='ocrx_word' id='word_1_444' title='bbox 1227 3888 1243 3914; x_wconf 91' lang='lat'><strong>,</strong></span> <span class='ocrx_word' id='word_1_445' title='bbox 1280 3848 1335 3902; x_wconf 92' lang='lat' dir='ltr'><strong>in</strong></span> <span class='ocrx_word' id='word_1_446' title='bbox 1377 3863 1486 3920; x_wconf 92' lang='lat' dir='ltr'><strong>quo</strong></span> <span class='ocrx_word' id='word_1_447' title='bbox 1521 3847 1776 3904; x_wconf 88' lang='lat' dir='ltr'><strong>omnibus</strong></span> <span class='ocrx_word' id='word_1_448' title='bbox 1809 3847 2060 3916; x_wconf 84' lang='lat' dir='ltr'><strong>gentibus</strong></span> 
     </span>
    </p>
   </div>
   <div class='ocr_carea' id='block_1_56' title="bbox 495 3939 2060 4010">
    <p class='ocr_par' dir='ltr' id='par_1_56' title="bbox 495 3939 2060 4010">
     <span class='ocr_line' id='line_1_57' title="bbox 495 3939 2060 4010; baseline -0.003 -14"><span class='ocrx_word' id='word_1_449' title='bbox 495 3948 658 3997; x_wconf 72' lang='lat' dir='ltr'><strong>terra:</strong></span> <span class='ocrx_word' id='word_1_450' title='bbox 689 3940 1028 3997; x_wconf 82' lang='lat' dir='ltr'><strong>benedicitur</strong></span> <span class='ocrx_word' id='word_1_451' title='bbox 1049 3980 1064 4005; x_wconf 94' lang='lat'><strong>,</strong></span> <span class='ocrx_word' id='word_1_452' title='bbox 1091 3956 1213 4010; x_wconf 73' lang='lat' dir='ltr'><strong>qua:</strong></span> <span class='ocrx_word' id='word_1_453' title='bbox 1233 3942 1301 3995; x_wconf 91' lang='lat' dir='ltr'><strong>ab</strong></span> <span class='ocrx_word' id='word_1_454' title='bbox 1325 3940 1417 3995; x_wconf 93' lang='lat' dir='ltr'><strong>illo</strong></span> <span class='ocrx_word' id='word_1_455' title='bbox 1444 3955 1786 3996; x_wconf 90' lang='lat' dir='ltr'><strong>communem</strong></span> <span class='ocrx_word' id='word_1_456' title='bbox 1817 3939 2060 3993; x_wconf 79' lang='lat' dir='ltr'><strong>universi</strong></span> 
     </span>
    </p>
   </div>
   <div class='ocr_carea' id='block_1_57' title="bbox 497 4029 2061 4104">
    <p class='ocr_par' dir='ltr' id='par_1_57' title="bbox 497 4029 2061 4104">
     <span class='ocr_line' id='line_1_58' title="bbox 497 4029 2061 4104; baseline -0.001 -18"><span class='ocrx_word' id='word_1_457' title='bbox 497 4030 666 4089; x_wconf 70' lang='lat' dir='ltr'><strong>Dicam</strong></span> <span class='ocrx_word' id='word_1_458' title='bbox 695 4032 902 4087; x_wconf 58' lang='lat' dir='ltr'><strong>edocta‘.</strong></span> <span class='ocrx_word' id='word_1_459' title='bbox 935 4040 1085 4097; x_wconf 88' lang='lat' dir='ltr'><strong>sunt,</strong></span> <span class='ocrx_word' id='word_1_460' title='bbox 1119 4032 1536 4104; x_wconf 88' lang='lat' dir='ltr'><strong>didiceruntque</strong></span> <span class='ocrx_word' id='word_1_461' title='bbox 1567 4031 1717 4095; x_wconf 91' lang='lat' dir='ltr'><strong>item,</strong></span> <span class='ocrx_word' id='word_1_462' title='bbox 1753 4029 1844 4085; x_wconf 88' lang='lat' dir='ltr'><strong>Dei</strong></span> <span class='ocrx_word' id='word_1_463' title='bbox 1873 4031 2061 4084; x_wconf 85' lang='lat' dir='ltr'><strong>amicis</strong></span> 
     </span>
    </p>
   </div>
   <div class='ocr_carea' id='block_1_58' title="bbox 497 4128 2062 4200">
    <p class='ocr_par' dir='ltr' id='par_1_58' title="bbox 497 4128 2062 4200">
     <span class='ocr_line' id='line_1_59' title="bbox 497 4128 2062 4200; baseline 0.001 -17"><span class='ocrx_word' id='word_1_464' title='bbox 497 4129 631 4184; x_wconf 90' lang='lat' dir='ltr'><strong>viris</strong></span> <span class='ocrx_word' id='word_1_465' title='bbox 654 4128 994 4185; x_wconf 86' lang='lat' dir='ltr'><strong>benedicere.</strong></span> <span class='ocrx_word' id='word_1_466' title='bbox 1026 4129 1103 4183; x_wconf 85' lang='lat' dir='ltr'><strong>Ex</strong></span> <span class='ocrx_word' id='word_1_467' title='bbox 1133 4145 1241 4200; x_wconf 90' lang='lat' dir='ltr'><strong>quo</strong></span> <span class='ocrx_word' id='word_1_468' title='bbox 1279 4131 1519 4186; x_wconf 89' lang='lat' dir='ltr'><strong>vicissim</strong></span> <span class='ocrx_word' id='word_1_469' title='bbox 1551 4129 1687 4200; x_wconf 89' lang='lat' dir='ltr'><strong>ipsis</strong></span> <span class='ocrx_word' id='word_1_470' title='bbox 1721 4145 1935 4200; x_wconf 87' lang='lat' dir='ltr'><strong>quoque</strong></span> <span class='ocrx_word' id='word_1_471' title='bbox 1969 4129 2062 4184; x_wconf 81' lang='lat' dir='ltr'><strong>be-</strong></span> 
     </span>
    </p>
   </div>
   <div class='ocr_carea' id='block_1_59' title="bbox 497 4220 2058 4290">
    <p class='ocr_par' dir='ltr' id='par_1_59' title="bbox 497 4220 2058 4290">
     <span class='ocr_line' id='line_1_60' title="bbox 497 4220 2058 4290; baseline -0.001 -14"><span class='ocrx_word' id='word_1_472' title='bbox 497 4220 774 4276; x_wconf 87' lang='lat' dir='ltr'><strong>nedicitur</strong></span> <span class='ocrx_word' id='word_1_473' title='bbox 802 4261 818 4284; x_wconf 95' lang='lat'><strong>,</strong></span> <span class='ocrx_word' id='word_1_474' title='bbox 849 4232 969 4290; x_wconf 72' lang='lat' dir='ltr'><strong>qua:</strong></span> <span class='ocrx_word' id='word_1_475' title='bbox 999 4221 1054 4275; x_wconf 91' lang='lat' dir='ltr'><strong>in</strong></span> <span class='ocrx_word' id='word_1_476' title='bbox 1094 4221 1198 4277; x_wconf 88' lang='lat' dir='ltr'><strong>hoc</strong></span> <span class='ocrx_word' id='word_1_477' title='bbox 1237 4222 1486 4278; x_wconf 88' lang='lat' dir='ltr'><strong>videlicet</strong></span> <span class='ocrx_word' id='word_1_478' title='bbox 1529 4221 1760 4278; x_wconf 90' lang='lat' dir='ltr'><strong>eundem</strong></span> <span class='ocrx_word' id='word_1_479' title='bbox 1793 4237 1916 4275; x_wconf 88' lang='lat' dir='ltr'><strong>cum</strong></span> <span class='ocrx_word' id='word_1_480' title='bbox 1949 4221 2016 4275; x_wconf 87' lang='lat' dir='ltr'><strong>iis</strong></span> <span class='ocrx_word' id='word_1_481' title='bbox 2043 4264 2058 4282; x_wconf 87' lang='lat'><strong>.</strong></span> 
     </span>
    </p>
   </div>
   <div class='ocr_carea' id='block_1_60' title="bbox 497 4312 2059 4384">
    <p class='ocr_par' dir='ltr' id='par_1_60' title="bbox 497 4312 2059 4384">
     <span class='ocr_line' id='line_1_61' title="bbox 497 4312 2059 4384; baseline -0.002 -17"><span class='ocrx_word' id='word_1_482' title='bbox 497 4312 696 4382; x_wconf 89' lang='lat' dir='ltr'><strong>quibus</strong></span> <span class='ocrx_word' id='word_1_483' title='bbox 743 4312 874 4384; x_wconf 74' lang='lat' dir='ltr'><strong>ipsa:</strong></span> <span class='ocrx_word' id='word_1_484' title='bbox 924 4312 1339 4377; x_wconf 88' lang='lat' dir='ltr'><strong>bcnedixerint,</strong></span> <span class='ocrx_word' id='word_1_485' title='bbox 1389 4312 1782 4368; x_wconf 87' lang='lat' dir='ltr'><strong>benedictionis</strong></span> <span class='ocrx_word' id='word_1_486' title='bbox 1825 4313 2059 4367; x_wconf 84' lang='lat' dir='ltr'><strong>fructum</strong></span> 
     </span>
    </p>
   </div>
   <div class='ocr_carea' id='block_1_61' title="bbox 497 4403 2063 4477">
    <p class='ocr_par' dir='ltr' id='par_1_61' title="bbox 497 4403 2063 4477">
     <span class='ocr_line' id='line_1_62' title="bbox 497 4403 2063 4477; baseline 0 -20"><span class='ocrx_word' id='word_1_487' title='bbox 497 4403 839 4477; x_wconf 85' lang='lat' dir='ltr'><strong>percipiunt,</strong></span> <span class='ocrx_word' id='word_1_488' title='bbox 875 4404 1328 4474; x_wconf 83' lang='lat' dir='ltr'><strong>quemadmodum</strong></span> <span class='ocrx_word' id='word_1_489' title='bbox 1381 4403 1476 4460; x_wconf 90' lang='lat' dir='ltr'><strong>Dei</strong></span> <span class='ocrx_word' id='word_1_490' title='bbox 1530 4404 1598 4459; x_wconf 89' lang='lat' dir='ltr'><strong>ad</strong></span> <span class='ocrx_word' id='word_1_491' title='bbox 1643 4404 1915 4458; x_wconf 82' lang='lat' dir='ltr'><strong>Abraham</strong></span> <span class='ocrx_word' id='word_1_492' title='bbox 1978 4419 2063 4458; x_wconf 86' lang='lat' dir='ltr'><strong>re-</strong></span> 
     </span>
    </p>
   </div>
   <div class='ocr_carea' id='block_1_62' title="bbox 499 4495 2062 4569">
    <p class='ocr_par' dir='ltr' id='par_1_62' title="bbox 499 4495 2062 4569">
     <span class='ocr_line' id='line_1_63' title="bbox 499 4495 2062 4569; baseline -0.003 -16"><span class='ocrx_word' id='word_1_493' title='bbox 499 4511 762 4569; x_wconf 83' lang='lat' dir='ltr'><strong>sponsum</strong></span> <span class='ocrx_word' id='word_1_494' title='bbox 818 4497 1012 4555; x_wconf 87' lang='lat' dir='ltr'><strong>habet:</strong></span> <span class='ocrx_word' id='word_1_495' title='bbox 1041 4521 1058 4550; x_wconf 76' lang='grc' dir='ltr'><strong>ι</strong></span> <span class='ocrx_word' id='word_1_496' title='bbox 1097 4497 1200 4565; x_wconf 89' lang='lat' dir='ltr'><strong>Qui</strong></span> <span class='ocrx_word' id='word_1_497' title='bbox 1229 4498 1325 4554; x_wconf 89' lang='lat' dir='ltr'><strong>tibi</strong></span> <span class='ocrx_word' id='word_1_498' title='bbox 1348 4498 1698 4561; x_wconf 89' lang='lat' dir='ltr'><strong>benedicunt,</strong></span> <span class='ocrx_word' id='word_1_499' title='bbox 1738 4497 1818 4552; x_wconf 87' lang='lat' dir='ltr'><strong>eis</strong></span> <span class='ocrx_word' id='word_1_500' title='bbox 1844 4495 2062 4550; x_wconf 85' lang='lat' dir='ltr'><strong>benedi-</strong></span> 
     </span>
    </p>
   </div>
   <div class='ocr_carea' id='block_1_63' title="bbox 499 4595 847 4646">
    <p class='ocr_par' dir='ltr' id='par_1_63' title="bbox 499 4595 847 4646">
     <span class='ocr_line' id='line_1_64' title="bbox 499 4595 847 4646; baseline -0.003 -2"><span class='ocrx_word' id='word_1_501' title='bbox 499 4595 648 4644; x_wconf 82' lang='lat' dir='ltr'><strong>ctum</strong></span> <span class='ocrx_word' id='word_1_502' title='bbox 682 4596 784 4646; x_wconf 70' lang='grc'><strong>681.</strong></span> <span class='ocrx_word' id='word_1_503' title='bbox 827 4609 847 4643; x_wconf 72' lang='grc' dir='ltr'><strong><em>ι</em></strong></span> 
     </span>
    </p>
   </div>
   <div class='ocr_carea' id='block_1_64' title="bbox 496 4741 2055 4817">
    <p class='ocr_par' dir='ltr' id='par_1_64' title="bbox 496 4741 2055 4817">
     <span class='ocr_line' id='line_1_65' title="bbox 496 4741 2055 4817; baseline -0.002 -21"><span class='ocrx_word' id='word_1_504' title='bbox 496 4743 611 4817; x_wconf 62' lang='grc'><strong>46</strong></span> <span class='ocrx_word' id='word_1_505' title='bbox 647 4741 734 4798; x_wconf 90' lang='grc'><strong>111.</strong></span> <span class='ocrx_word' id='word_1_506' title='bbox 770 4744 846 4797; x_wconf 77' lang='lat' dir='ltr'><strong>Ab</strong></span> <span class='ocrx_word' id='word_1_507' title='bbox 883 4744 1189 4817; x_wconf 23' lang='lat' dir='ltr'><strong>eodemu—v</strong></span> <span class='ocrx_word' id='word_1_508' title='bbox 1225 4743 1302 4798; x_wconf 85' lang='lat' dir='ltr'><strong>De</strong></span> <span class='ocrx_word' id='word_1_509' title='bbox 1347 4744 1588 4817; x_wconf 84' lang='lat' dir='ltr'><strong>pluri_mis</strong></span> <span class='ocrx_word' id='word_1_510' title='bbox 1611 4741 1854 4817; x_wconf 71' lang='lat' dir='ltr'><strong>gentibus</strong></span> <span class='ocrx_word' id='word_1_511' title='bbox 1882 4782 1896 4803; x_wconf 90' lang='lat'><strong>,</strong></span> <span class='ocrx_word' id='word_1_512' title='bbox 1929 4759 2055 4811; x_wconf 80' lang='lat' dir='ltr'><strong>geu-</strong></span> 
     </span>
    </p>
   </div>
   <div class='ocr_carea' id='block_1_65' title="bbox 570 4811 2057 4886">
    <p class='ocr_par' dir='ltr' id='par_1_65' title="bbox 570 4811 2057 4886">
     <span class='ocr_line' id='line_1_66' title="bbox 570 4811 2057 4886; baseline -0.005 -17"><span class='ocrx_word' id='word_1_513' title='bbox 570 4811 801 4886; x_wconf 64' lang='lat' dir='ltr'><strong>tiunique</strong></span> <span class='ocrx_word' id='word_1_514' title='bbox 819 4814 1230 4886; x_wconf 80' lang='lat' dir='ltr'><strong>collectionibus,</strong></span> <span class='ocrx_word' id='word_1_515' title='bbox 1255 4811 1370 4884; x_wconf 68' lang='lat' dir='ltr'><strong>qua:</strong></span> <span class='ocrx_word' id='word_1_516' title='bbox 1386 4830 1449 4886; x_wconf 70' lang='lat' dir='ltr'><strong>ea;</strong></span> <span class='ocrx_word' id='word_1_517' title='bbox 1467 4811 1632 4866; x_wconf 83' lang='lat' dir='ltr'><strong>Jacob</strong></span> <span class='ocrx_word' id='word_1_518' title='bbox 1656 4814 2057 4886; x_wconf 79' lang='lat' dir='ltr'><strong>constituentur,</strong></span> 
     </span>
    </p>
   </div>
   <div class='ocr_carea' id='block_1_66' title="bbox 566 4884 1913 4958">
    <p class='ocr_par' dir='ltr' id='par_1_66' title="bbox 566 4884 1913 4958">
     <span class='ocr_line' id='line_1_67' title="bbox 566 4884 1913 4958; baseline -0.001 -19"><span class='ocrx_word' id='word_1_519' title='bbox 566 4884 800 4958; x_wconf 78' lang='lat' dir='ltr'><strong>quamvis</strong></span> <span class='ocrx_word' id='word_1_520' title='bbox 831 4886 948 4940; x_wconf 84' lang='lat' dir='ltr'><strong>sola</strong></span> <span class='ocrx_word' id='word_1_521' title='bbox 975 4884 1205 4940; x_wconf 84' lang='lat' dir='ltr'><strong>Judaica</strong></span> <span class='ocrx_word' id='word_1_522' title='bbox 1236 4901 1356 4955; x_wconf 84' lang='lat' dir='ltr'><strong>gens</strong></span> <span class='ocrx_word' id='word_1_523' title='bbox 1387 4885 1451 4938; x_wconf 88' lang='lat' dir='ltr'><strong>ab</strong></span> <span class='ocrx_word' id='word_1_524' title='bbox 1478 4901 1536 4937; x_wconf 84' lang='lat' dir='ltr'><strong>eo</strong></span> <span class='ocrx_word' id='word_1_525' title='bbox 1565 4884 1798 4951; x_wconf 78' lang='lat' dir='ltr'><strong>profecta</strong></span> <span class='ocrx_word' id='word_1_526' title='bbox 1823 4885 1913 4937; x_wconf 81' lang='lat' dir='ltr'><strong>sit.</strong></span> 
     </span>
    </p>
   </div>
   <div class='ocr_carea' id='block_1_67' title="bbox 567 5071 2059 5147">
    <p class='ocr_par' dir='ltr' id='par_1_67' title="bbox 567 5071 2059 5147">
     <span class='ocr_line' id='line_1_68' title="bbox 567 5071 2059 5147; baseline -0.007 -13"><span class='ocrx_word' id='word_1_527' title='bbox 567 5078 715 5134; x_wconf 88' lang='lat' dir='ltr'><strong>Dixit</strong></span> <span class='ocrx_word' id='word_1_528' title='bbox 749 5087 928 5134; x_wconf 88' lang='lat' dir='ltr'><strong>autem</strong></span> <span class='ocrx_word' id='word_1_529' title='bbox 985 5076 1060 5131; x_wconf 91' lang='lat' dir='ltr'><strong>illi</strong></span> <span class='ocrx_word' id='word_1_530' title='bbox 1109 5076 1250 5133; x_wconf 86' lang='lat' dir='ltr'><strong>Deus</strong></span> <span class='ocrx_word' id='word_1_531' title='bbox 1284 5096 1299 5132; x_wconf 86' lang='lat'><strong>:</strong></span> <span class='ocrx_word' id='word_1_532' title='bbox 1342 5077 1582 5147; x_wconf 84' lang='lat' dir='ltr'><strong>(constat</strong></span> <span class='ocrx_word' id='word_1_533' title='bbox 1635 5082 1814 5127; x_wconf 87' lang='lat' dir='ltr'><strong>autem</strong></span> <span class='ocrx_word' id='word_1_534' title='bbox 1855 5071 2059 5124; x_wconf 81' lang='lat' dir='ltr'><strong>dixisse</strong></span> 
     </span>
    </p>
   </div>
   <div class='ocr_carea' id='block_1_68' title="bbox 495 5165 2056 5244">
    <p class='ocr_par' dir='ltr' id='par_1_68' title="bbox 495 5165 2056 5244">
     <span class='ocr_line' id='line_1_69' title="bbox 495 5165 2056 5244; baseline -0.009 -14"><span class='ocrx_word' id='word_1_535' title='bbox 495 5173 684 5244; x_wconf 77' lang='lat' dir='ltr'><strong>Iacob)</strong></span> <span class='ocrx_word' id='word_1_536' title='bbox 704 5191 721 5224; x_wconf 74' lang='grc' dir='ltr'><strong>ι</strong></span> <span class='ocrx_word' id='word_1_537' title='bbox 759 5172 869 5243; x_wconf 83' lang='lat' dir='ltr'><strong>Ego</strong></span> <span class='ocrx_word' id='word_1_538' title='bbox 888 5171 1145 5227; x_wconf 88' lang='lat' dir='ltr'><strong>Dominus</strong></span> <span class='ocrx_word' id='word_1_539' title='bbox 1175 5171 1555 5239; x_wconf 88' lang='lat' dir='ltr'><strong>Deus;cresce</strong></span> <span class='ocrx_word' id='word_1_540' title='bbox 1582 5176 1636 5223; x_wconf 91' lang='lat' dir='ltr'><strong>et</strong></span> <span class='ocrx_word' id='word_1_541' title='bbox 1661 5165 2019 5233; x_wconf 83' lang='lat' dir='ltr'><strong>multiplicare</strong></span> <span class='ocrx_word' id='word_1_542' title='bbox 2043 5181 2056 5216; x_wconf 91' lang='lat'><strong>:</strong></span> 
     </span>
    </p>
   </div>
   <div class='ocr_carea' id='block_1_69' title="bbox 498 5253 2060 5337">
    <p class='ocr_par' dir='ltr' id='par_1_69' title="bbox 498 5253 2060 5337">
     <span class='ocr_line' id='line_1_70' title="bbox 498 5253 2060 5337; baseline -0.008 -18"><span class='ocrx_word' id='word_1_543' title='bbox 498 5277 686 5337; x_wconf 77' lang='lat' dir='ltr'><strong>gentes</strong></span> <span class='ocrx_word' id='word_1_544' title='bbox 709 5275 762 5320; x_wconf 91' lang='lat' dir='ltr'><strong>ct</strong></span> <span class='ocrx_word' id='word_1_545' title='bbox 790 5266 1236 5336; x_wconf 82' lang='lat' dir='ltr'><strong>congregationes</strong></span> <span class='ocrx_word' id='word_1_546' title='bbox 1256 5263 1495 5334; x_wconf 90' lang='lat' dir='ltr'><strong>gentium</strong></span> <span class='ocrx_word' id='word_1_547' title='bbox 1511 5276 1578 5315; x_wconf 90' lang='lat' dir='ltr'><strong>ex</strong></span> <span class='ocrx_word' id='word_1_548' title='bbox 1599 5269 1650 5314; x_wconf 91' lang='lat' dir='ltr'><strong>te</strong></span> <span class='ocrx_word' id='word_1_549' title='bbox 1669 5265 1829 5314; x_wconf 90' lang='lat' dir='ltr'><strong>erunt</strong></span> <span class='ocrx_word' id='word_1_550' title='bbox 1849 5256 1912 5308; x_wconf 60' lang='grc' dir='ltr'><strong>ι’.</strong></span> <span class='ocrx_word' id='word_1_551' title='bbox 1941 5275 1960 5308; x_wconf 73' lang='grc' dir='ltr'><strong>ι</strong></span> <span class='ocrx_word' id='word_1_552' title='bbox 1981 5253 2060 5308; x_wconf 79' lang='lat' dir='ltr'><strong>Ex</strong></span> 
     </span>
    </p>
   </div>
   <div class='ocr_carea' id='block_1_70' title="bbox 497 5354 2059 5430">
    <p class='ocr_par' dir='ltr' id='par_1_70' title="bbox 497 5354 2059 5430">
     <span class='ocr_line' id='line_1_71' title="bbox 497 5354 2059 5430; baseline -0.01 -14"><span class='ocrx_word' id='word_1_553' title='bbox 497 5374 567 5416; x_wconf 89' lang='lat' dir='ltr'><strong>eo</strong></span> <span class='ocrx_word' id='word_1_554' title='bbox 598 5359 814 5428; x_wconf 87' lang='lat' dir='ltr'><strong>quidem</strong></span> <span class='ocrx_word' id='word_1_555' title='bbox 846 5361 992 5430; x_wconf 89' lang='lat' dir='ltr'><strong>quod</strong></span> <span class='ocrx_word' id='word_1_556' title='bbox 1023 5366 1245 5430; x_wconf 85' lang='lat' dir='ltr'><strong>apparet</strong></span> <span class='ocrx_word' id='word_1_557' title='bbox 1273 5398 1287 5417; x_wconf 89' lang='lat'><strong>,</strong></span> <span class='ocrx_word' id='word_1_558' title='bbox 1319 5371 1382 5410; x_wconf 91' lang='lat' dir='ltr'><strong>ac</strong></span> <span class='ocrx_word' id='word_1_559' title='bbox 1411 5354 1757 5425; x_wconf 81' lang='lat' dir='ltr'><strong>perspicuum</strong></span> <span class='ocrx_word' id='word_1_560' title='bbox 1785 5356 1870 5406; x_wconf 90' lang='lat' dir='ltr'><strong>est</strong></span> <span class='ocrx_word' id='word_1_561' title='bbox 1901 5388 1916 5414; x_wconf 92' lang='lat'><strong>,</strong></span> <span class='ocrx_word' id='word_1_562' title='bbox 1952 5362 2059 5402; x_wconf 90' lang='lat' dir='ltr'><strong>una</strong></span> 
     </span>
    </p>
   </div>
   <div class='ocr_carea' id='block_1_71' title="bbox 499 5440 2058 5521">
    <p class='ocr_par' dir='ltr' id='par_1_71' title="bbox 499 5440 2058 5521">
     <span class='ocr_line' id='line_1_72' title="bbox 499 5440 2058 5521; baseline -0.012 -13"><span class='ocrx_word' id='word_1_563' title='bbox 499 5451 764 5508; x_wconf 84' lang='lat' dir='ltr'><strong>duntaxat</strong></span> <span class='ocrx_word' id='word_1_564' title='bbox 808 5450 1032 5505; x_wconf 80' lang='lat' dir='ltr'><strong>Judaica</strong></span> <span class='ocrx_word' id='word_1_565' title='bbox 1077 5465 1208 5521; x_wconf 85' lang='lat' dir='ltr'><strong>gens</strong></span> <span class='ocrx_word' id='word_1_566' title='bbox 1252 5449 1320 5502; x_wconf 91' lang='lat' dir='ltr'><strong>ab</strong></span> <span class='ocrx_word' id='word_1_567' title='bbox 1355 5445 1522 5501; x_wconf 81' lang='lat' dir='ltr'><strong>Jacob</strong></span> <span class='ocrx_word' id='word_1_568' title='bbox 1553 5443 1782 5500; x_wconf 80' lang='lat' dir='ltr'><strong>exstitit.</strong></span> <span class='ocrx_word' id='word_1_569' title='bbox 1814 5440 2058 5506; x_wconf 84' lang='lat' dir='ltr'><strong>Quonam</strong></span> 
     </span>
    </p>
   </div>
   <div class='ocr_carea' id='block_1_72' title="bbox 500 5533 2060 5611">
    <p class='ocr_par' dir='ltr' id='par_1_72' title="bbox 500 5533 2060 5611">
     <span class='ocr_line' id='line_1_73' title="bbox 500 5533 2060 5611; baseline -0.01 -11"><span class='ocrx_word' id='word_1_570' title='bbox 500 5539 665 5599; x_wconf 85' lang='lat' dir='ltr'><strong>modo</strong></span> <span class='ocrx_word' id='word_1_571' title='bbox 702 5542 864 5611; x_wconf 83' lang='lat' dir='ltr'><strong>igitur</strong></span> <span class='ocrx_word' id='word_1_572' title='bbox 899 5555 1087 5596; x_wconf 87' lang='lat' dir='ltr'><strong>verum</strong></span> <span class='ocrx_word' id='word_1_573' title='bbox 1129 5542 1202 5599; x_wconf 90' lang='lat' dir='ltr'><strong>sit</strong></span> <span class='ocrx_word' id='word_1_574' title='bbox 1251 5539 1568 5602; x_wconf 89' lang='lat' dir='ltr'><strong>oraculum,</strong></span> <span class='ocrx_word' id='word_1_575' title='bbox 1631 5533 1776 5606; x_wconf 88' lang='lat' dir='ltr'><strong>quod</strong></span> <span class='ocrx_word' id='word_1_576' title='bbox 1832 5544 2060 5588; x_wconf 89' lang='lat' dir='ltr'><strong>numero</strong></span> 
     </span>
    </p>
   </div>
   <div class='ocr_carea' id='block_1_73' title="bbox 2090 4645 2137 4701">
    <p class='ocr_par' dir='ltr' id='par_1_73' title="bbox 2090 4645 2137 4701">
     <span class='ocr_line' id='line_1_74' title="bbox 2090 4645 2137 4701; baseline 0 0"><span class='ocrx_word' id='word_1_577' title='bbox 2090 4645 2137 4701; x_wconf 89' lang='lat' dir='ltr'><strong>D</strong></span> 
     </span>
    </p>
   </div>
   <div class='ocr_carea' id='block_1_74' title="bbox 2161 2018 3726 2093">
    <p class='ocr_par' dir='ltr' id='par_1_74' title="bbox 2161 2018 3726 2093">
     <span class='ocr_line' id='line_1_75' title="bbox 2161 2018 3726 2093; baseline 0.004 -18"><span class='ocrx_word' id='word_1_578' title='bbox 2161 2039 2220 2075; x_wconf 87' lang='grc' dir='ltr'><strong>τε</strong></span> <span class='ocrx_word' id='word_1_579' title='bbox 2265 2018 2331 2093; x_wconf 79' lang='grc' dir='ltr'>ἦν</span> <span class='ocrx_word' id='word_1_580' title='bbox 2374 2022 2517 2076; x_wconf 81' lang='grc' dir='ltr'>κατὰ</span> <span class='ocrx_word' id='word_1_581' title='bbox 2561 2022 2657 2093; x_wconf 81' lang='grc' dir='ltr'>τὴν</span> <span class='ocrx_word' id='word_1_582' title='bbox 2699 2023 2939 2087; x_wconf 79' lang='grc' dir='ltr'><strong>Μωσέως</strong></span> <span class='ocrx_word' id='word_1_583' title='bbox 2989 2022 3308 2093; x_wconf 78' lang='grc' dir='ltr'><strong>νομοθεσίαν</strong></span> <span class='ocrx_word' id='word_1_584' title='bbox 3355 2024 3726 2082; x_wconf 80' lang='grc' dir='ltr'>πολιτεύεσθαι</span> 
     </span>
    </p>
   </div>
   <div class='ocr_carea' id='block_1_75' title="bbox 2162 2112 3726 2185">
    <p class='ocr_par' dir='ltr' id='par_1_75' title="bbox 2162 2112 3726 2185">
     <span class='ocr_line' id='line_1_76' title="bbox 2162 2112 3726 2185; baseline 0.003 -19"><span class='ocrx_word' id='word_1_585' title='bbox 2162 2113 2338 2166; x_wconf 81' lang='grc' dir='ltr'>πάντα</span> <span class='ocrx_word' id='word_1_586' title='bbox 2378 2113 2446 2165; x_wconf 72' lang='grc' dir='ltr'>τὰ</span> <span class='ocrx_word' id='word_1_587' title='bbox 2470 2112 2616 2184; x_wconf 75' lang='grc' dir='ltr'>ἔθνη,</span> <span class='ocrx_word' id='word_1_588' title='bbox 2660 2113 3006 2184; x_wconf 72' lang='grc' dir='ltr'>πληρεστατα</span> <span class='ocrx_word' id='word_1_589' title='bbox 3039 2117 3096 2166; x_wconf 83' lang='grc' dir='ltr'>ὲν</span> <span class='ocrx_word' id='word_1_590' title='bbox 3132 2113 3208 2185; x_wconf 86' lang='grc' dir='ltr'>τῷ</span> <span class='ocrx_word' id='word_1_591' title='bbox 3237 2115 3343 2182; x_wconf 84' lang='grc' dir='ltr'><strong>πρὸ</strong></span> <span class='ocrx_word' id='word_1_592' title='bbox 3379 2115 3565 2169; x_wconf 84' lang='grc' dir='ltr'>τούτου</span> <span class='ocrx_word' id='word_1_593' title='bbox 3594 2133 3726 2185; x_wconf 54' lang='grc' dir='ltr'>συγε</span> 
     </span>
    </p>
   </div>
   <div class='ocr_carea' id='block_1_76' title="bbox 2161 2203 3724 2278">
    <p class='ocr_par' dir='ltr' id='par_1_76' title="bbox 2161 2203 3724 2278">
     <span class='ocr_line' id='line_1_77' title="bbox 2161 2203 3724 2278; baseline 0.001 -20"><span class='ocrx_word' id='word_1_594' title='bbox 2161 2205 2445 2277; x_wconf 77' lang='grc' dir='ltr'>γράμματι</span> <span class='ocrx_word' id='word_1_595' title='bbox 2473 2203 2845 2275; x_wconf 73' lang='grc' dir='ltr'>διειλήφαμεν,</span> <span class='ocrx_word' id='word_1_596' title='bbox 2879 2205 2954 2268; x_wconf 84' lang='grc' dir='ltr'>ὼς</span> <span class='ocrx_word' id='word_1_597' title='bbox 2987 2204 3052 2258; x_wconf 82' lang='grc' dir='ltr'><strong>ἂν</strong></span> <span class='ocrx_word' id='word_1_598' title='bbox 3086 2206 3158 2277; x_wconf 84' lang='grc' dir='ltr'>μή</span> <span class='ocrx_word' id='word_1_599' title='bbox 3203 2222 3284 2268; x_wconf 85' lang='grc' dir='ltr'><strong>τις</strong></span> <span class='ocrx_word' id='word_1_600' title='bbox 3311 2205 3563 2259; x_wconf 76' lang='grc' dir='ltr'>ὑπολάϐοι</span> <span class='ocrx_word' id='word_1_601' title='bbox 3597 2208 3724 2278; x_wconf 79' lang='grc' dir='ltr'>περὶ</span> 
     </span>
    </p>
   </div>
   <div class='ocr_carea' id='block_1_77' title="bbox 2162 2294 3717 2367">
    <p class='ocr_par' dir='ltr' id='par_1_77' title="bbox 2162 2294 3717 2367">
     <span class='ocr_line' id='line_1_78' title="bbox 2162 2294 3717 2367; baseline 0.001 -18"><span class='ocrx_word' id='word_1_602' title='bbox 2162 2295 2266 2350; x_wconf 86' lang='grc' dir='ltr'><strong>τῶν</strong></span> <span class='ocrx_word' id='word_1_603' title='bbox 2293 2295 2441 2366; x_wconf 82' lang='grc' dir='ltr'>παρὰ</span> <span class='ocrx_word' id='word_1_604' title='bbox 2475 2294 2748 2358; x_wconf 76' lang='grc' dir='ltr'><strong>Ἰουδαίοις</strong></span> <span class='ocrx_word' id='word_1_605' title='bbox 2778 2294 3131 2366; x_wconf 82' lang='grc' dir='ltr'>προσηλῠτων</span> <span class='ocrx_word' id='word_1_606' title='bbox 3159 2295 3404 2367; x_wconf 75' lang='grc' dir='ltr'>εἰρῆσθαι</span> <span class='ocrx_word' id='word_1_607' title='bbox 3433 2297 3493 2350; x_wconf 84' lang='grc' dir='ltr'><strong>τὸ</strong></span> <span class='ocrx_word' id='word_1_608' title='bbox 3520 2296 3717 2366; x_wconf 85' lang='grc' dir='ltr'>λόγιον.</span> 
     </span>
    </p>
   </div>
   <div class='ocr_carea' id='block_1_78' title="bbox 2173 2387 3721 2463">
    <p class='ocr_par' dir='ltr' id='par_1_78' title="bbox 2173 2387 3721 2463">
     <span class='ocr_line' id='line_1_79' title="bbox 2173 2387 3721 2463; baseline 0.001 -23"><span class='ocrx_word' id='word_1_609' title='bbox 2173 2388 2260 2440; x_wconf 85' lang='grc' dir='ltr'>Ἐν</span> <span class='ocrx_word' id='word_1_610' title='bbox 2297 2387 2476 2458; x_wconf 86' lang='grc' dir='ltr'>ταύτῷ</span> <span class='ocrx_word' id='word_1_611' title='bbox 2505 2387 2559 2440; x_wconf 78' lang='grc' dir='ltr'>δὲ</span> <span class='ocrx_word' id='word_1_612' title='bbox 2597 2391 2976 2460; x_wconf 73' lang='grc' dir='ltr'><strong>συστήσαντες,</strong></span> <span class='ocrx_word' id='word_1_613' title='bbox 3005 2390 3085 2442; x_wconf 83' lang='grc' dir='ltr'>ὃτι</span> <span class='ocrx_word' id='word_1_614' title='bbox 3117 2389 3292 2460; x_wconf 85' lang='grc' dir='ltr'>μόνοις</span> <span class='ocrx_word' id='word_1_615' title='bbox 3325 2392 3434 2451; x_wconf 83' lang='grc' dir='ltr'>τοῖς</span> <span class='ocrx_word' id='word_1_616' title='bbox 3459 2387 3548 2442; x_wconf 75' lang='grc' dir='ltr'><strong>διὰ</strong></span> <span class='ocrx_word' id='word_1_617' title='bbox 3583 2389 3721 2463; x_wconf 79' lang='grc' dir='ltr'><strong>Χρι-</strong></span> 
     </span>
    </p>
   </div>
   <div class='ocr_carea' id='block_1_79' title="bbox 2163 2480 3724 2553">
    <p class='ocr_par' dir='ltr' id='par_1_79' title="bbox 2163 2480 3724 2553">
     <span class='ocr_line' id='line_1_80' title="bbox 2163 2480 3724 2553; baseline 0 -19"><span class='ocrx_word' id='word_1_618' title='bbox 2163 2480 2288 2534; x_wconf 86' lang='grc' dir='ltr'>στοῦ</span> <span class='ocrx_word' id='word_1_619' title='bbox 2332 2480 2391 2546; x_wconf 73' lang='grc' dir='ltr'><strong>ἐξ</strong></span> <span class='ocrx_word' id='word_1_620' title='bbox 2426 2481 2679 2536; x_wconf 80' lang='grc' dir='ltr'>ἁπάντων</span> <span class='ocrx_word' id='word_1_621' title='bbox 2723 2481 2832 2536; x_wconf 85' lang='grc' dir='ltr'><strong>τῶν</strong></span> <span class='ocrx_word' id='word_1_622' title='bbox 2874 2481 3044 2535; x_wconf 75' lang='grc' dir='ltr'>ἐθνῶν</span> <span class='ocrx_word' id='word_1_623' title='bbox 3085 2481 3380 2552; x_wconf 74' lang='grc' dir='ltr'><strong>ὲφαρμόζοι</strong></span> <span class='ocrx_word' id='word_1_624' title='bbox 3412 2481 3477 2535; x_wconf 77' lang='grc' dir='ltr'><strong>ἂν</strong></span> <span class='ocrx_word' id='word_1_625' title='bbox 3508 2483 3543 2552; x_wconf 78' lang='grc' dir='ltr'>ἡ</span> <span class='ocrx_word' id='word_1_626' title='bbox 3585 2481 3724 2553; x_wconf 84' lang='grc' dir='ltr'>πρὸς</span> 
     </span>
    </p>
   </div>
   <div class='ocr_carea' id='block_1_80' title="bbox 2159 2573 3725 2648">
    <p class='ocr_par' dir='ltr' id='par_1_80' title="bbox 2159 2573 3725 2648">
     <span class='ocr_line' id='line_1_81' title="bbox 2159 2573 3725 2648; baseline 0 -22"><span class='ocrx_word' id='word_1_627' title='bbox 2159 2573 2251 2627; x_wconf 80' lang='grc' dir='ltr'>τὸν</span> <span class='ocrx_word' id='word_1_628' title='bbox 2290 2573 2534 2646; x_wconf 71' lang='grc' dir='ltr'><strong>’ᾼϐραὰμ</strong></span> <span class='ocrx_word' id='word_1_629' title='bbox 2577 2574 2924 2628; x_wconf 78' lang='grc' dir='ltr'>θεσπισθεϊσα</span> <span class='ocrx_word' id='word_1_630' title='bbox 2971 2575 3096 2648; x_wconf 76' lang='grc' dir='ltr'>περὶ</span> <span class='ocrx_word' id='word_1_631' title='bbox 3143 2575 3356 2628; x_wconf 74' lang='grc' dir='ltr'>πάντων</span> <span class='ocrx_word' id='word_1_632' title='bbox 3402 2573 3508 2627; x_wconf 85' lang='grc' dir='ltr'><strong>τῶν</strong></span> <span class='ocrx_word' id='word_1_633' title='bbox 3557 2573 3725 2627; x_wconf 68' lang='grc' dir='ltr'>ἐθνῶν</span> 
     </span>
    </p>
   </div>
   <div class='ocr_carea' id='block_1_81' title="bbox 2162 2663 3722 2737">
    <p class='ocr_par' dir='ltr' id='par_1_81' title="bbox 2162 2663 3722 2737">
     <span class='ocr_line' id='line_1_82' title="bbox 2162 2663 3722 2737; baseline -0.002 -18"><span class='ocrx_word' id='word_1_634' title='bbox 2162 2667 2397 2735; x_wconf 80' lang='grc' dir='ltr'>εὐλογία,</span> <span class='ocrx_word' id='word_1_635' title='bbox 2424 2668 2549 2732; x_wconf 75' lang='grc' dir='ltr'><strong>τούς</strong></span> <span class='ocrx_word' id='word_1_636' title='bbox 2574 2666 2888 2737; x_wconf 79' lang='grc' dir='ltr'><strong>φιλομαθεῖς</strong></span> <span class='ocrx_word' id='word_1_637' title='bbox 2910 2667 2994 2718; x_wconf 76' lang='grc' dir='ltr'><strong>ἐπ’</strong></span> <span class='ocrx_word' id='word_1_638' title='bbox 3025 2666 3210 2720; x_wconf 79' lang='grc' dir='ltr'>ἐκεῖνα</span> <span class='ocrx_word' id='word_1_639' title='bbox 3235 2665 3328 2718; x_wconf 82' lang='grc' dir='ltr'><strong>καὶ</strong></span> <span class='ocrx_word' id='word_1_640' title='bbox 3352 2663 3444 2720; x_wconf 89' lang='grc' dir='ltr'><strong>νῦν</strong></span> <span class='ocrx_word' id='word_1_641' title='bbox 3473 2663 3722 2735; x_wconf 79' lang='grc' dir='ltr'>ἀναπέμ-</span> 
     </span>
    </p>
   </div>
   <div class='ocr_carea' id='block_1_82' title="bbox 2159 2757 2353 2830">
    <p class='ocr_par' dir='ltr' id='par_1_82' title="bbox 2159 2757 2353 2830">
     <span class='ocr_line' id='line_1_83' title="bbox 2159 2757 2353 2830; baseline 0.005 -1"><span class='ocrx_word' id='word_1_642' title='bbox 2159 2757 2353 2830; x_wconf 76' lang='grc' dir='ltr'>ψομενο</span> 
     </span>
    </p>
   </div>
   <div class='ocr_carea' id='block_1_83' title="bbox 2160 2952 3723 3031">
    <p class='ocr_par' dir='ltr' id='par_1_83' title="bbox 2160 2952 3723 3031">
     <span class='ocr_line' id='line_1_84' title="bbox 2160 2952 3723 3031; baseline -0.008 -13"><span class='ocrx_word' id='word_1_643' title='bbox 2160 2964 2236 3018; x_wconf 85' lang='grc' dir='ltr'><strong>Β’.</strong></span> <span class='ocrx_word' id='word_1_644' title='bbox 2269 2964 2402 3020; x_wconf 77' lang='grc' dir='ltr'><strong>Ἀπὸ</strong></span> <span class='ocrx_word' id='word_1_645' title='bbox 2424 2961 2535 3031; x_wconf 84' lang='grc' dir='ltr'>τῆς</span> <span class='ocrx_word' id='word_1_646' title='bbox 2554 2960 2761 3028; x_wconf 84' lang='grc' dir='ltr'>αὐτῆς.</span> <span class='ocrx_word' id='word_1_647' title='bbox 2782 2989 2852 3002; x_wconf 87' lang='lat'><strong>--</strong></span> <span class='ocrx_word' id='word_1_648' title='bbox 2875 2959 2973 3031; x_wconf 75' lang='grc' dir='ltr'>Ὠς</span> <span class='ocrx_word' id='word_1_649' title='bbox 2990 2952 3723 3031; x_wconf 40' lang='grc' dir='ltr'>εὐλογηθήσογται-πάῖτα</span> 
     </span>
    </p>
   </div>
   <div class='ocr_carea' id='block_1_84' title="bbox 2233 3023 3721 3101">
    <p class='ocr_par' dir='ltr' id='par_1_84' title="bbox 2233 3023 3721 3101">
     <span class='ocr_line' id='line_1_85' title="bbox 2233 3023 3721 3101; baseline -0.009 -12"><span class='ocrx_word' id='word_1_650' title='bbox 2233 3035 2302 3089; x_wconf 86' lang='grc' dir='ltr'>τὰ</span> <span class='ocrx_word' id='word_1_651' title='bbox 2327 3023 2602 3101; x_wconf 52' lang='grc' dir='ltr'>ἐθνηῖἦς</span> <span class='ocrx_word' id='word_1_652' title='bbox 2760 3031 2856 3084; x_wconf 76' lang='grc' dir='ltr'><strong>ἐπὶ</strong></span> <span class='ocrx_word' id='word_1_653' title='bbox 2879 3023 2960 3094; x_wconf 76' lang='grc' dir='ltr'>τῷ</span> <span class='ocrx_word' id='word_1_654' title='bbox 2985 3023 3476 3097; x_wconf 71' lang='grc' dir='ltr'>προελευσομέγφ</span> <span class='ocrx_word' id='word_1_655' title='bbox 3499 3025 3569 3078; x_wconf 84' lang='grc' dir='ltr'>ἐκ</span> <span class='ocrx_word' id='word_1_656' title='bbox 3595 3023 3721 3077; x_wconf 84' lang='grc' dir='ltr'>δια-</span> 
     </span>
    </p>
   </div>
   <div class='ocr_carea' id='block_1_85' title="bbox 2231 3101 3134 3176">
    <p class='ocr_par' dir='ltr' id='par_1_85' title="bbox 2231 3101 3134 3176">
     <span class='ocr_line' id='line_1_86' title="bbox 2231 3101 3134 3176; baseline -0.009 -17"><span class='ocrx_word' id='word_1_657' title='bbox 2231 3104 2418 3176; x_wconf 81' lang='grc' dir='ltr'><strong>δοχῆς</strong></span> <span class='ocrx_word' id='word_1_658' title='bbox 2445 3102 2551 3158; x_wconf 85' lang='grc' dir='ltr'><strong>τοῦ</strong></span> <span class='ocrx_word' id='word_1_659' title='bbox 2601 3103 2796 3158; x_wconf 79' lang='grc' dir='ltr'>Ἰσαὰκ</span> <span class='ocrx_word' id='word_1_660' title='bbox 2825 3101 3134 3169; x_wconf 78' lang='grc' dir='ltr'>σπέρματι.</span> 
     </span>
    </p>
   </div>
   <div class='ocr_carea' id='block_1_86' title="bbox 2172 3204 3723 3286">
    <p class='ocr_par' dir='ltr' id='par_1_86' title="bbox 2172 3204 3723 3286">
     <span class='ocr_line' id='line_1_87' title="bbox 2172 3204 3723 3286; baseline -0.008 -16"><span class='ocrx_word' id='word_1_661' title='bbox 2172 3217 2231 3270; x_wconf 90' lang='lat'><strong>&#39;0</strong></span> <span class='ocrx_word' id='word_1_662' title='bbox 2257 3215 2315 3268; x_wconf 82' lang='grc' dir='ltr'>δὲ</span> <span class='ocrx_word' id='word_1_663' title='bbox 2342 3214 2542 3286; x_wconf 77' lang='grc' dir='ltr'>Κύριος</span> <span class='ocrx_word' id='word_1_664' title='bbox 2569 3212 2646 3284; x_wconf 84' lang='grc' dir='ltr'>τῷ</span> <span class='ocrx_word' id='word_1_665' title='bbox 2681 3211 2864 3266; x_wconf 78' lang='grc' dir='ltr'>Ἰσαὰκ</span> <span class='ocrx_word' id='word_1_666' title='bbox 2893 3209 3249 3282; x_wconf 78' lang='grc' dir='ltr'><strong>χρηματίζων</strong></span> <span class='ocrx_word' id='word_1_667' title='bbox 3278 3207 3392 3280; x_wconf 85' lang='grc' dir='ltr'>μεθ’</span> <span class='ocrx_word' id='word_1_668' title='bbox 3417 3206 3600 3275; x_wconf 69' lang='grc' dir='ltr'>ἕτερα,</span> <span class='ocrx_word' id='word_1_669' title='bbox 3628 3204 3723 3258; x_wconf 80' lang='grc' dir='ltr'><strong>καὶ</strong></span> 
     </span>
    </p>
   </div>
   <div class='ocr_carea' id='block_1_87' title="bbox 2159 3297 3724 3376">
    <p class='ocr_par' dir='ltr' id='par_1_87' title="bbox 2159 3297 3724 3376">
     <span class='ocr_line' id='line_1_88' title="bbox 2159 3297 3724 3376; baseline -0.009 -12"><span class='ocrx_word' id='word_1_670' title='bbox 2159 3307 2334 3364; x_wconf 84' lang='grc' dir='ltr'>ταῦτά</span> <span class='ocrx_word' id='word_1_671' title='bbox 2359 3323 2551 3376; x_wconf 79' lang='grc' dir='ltr'>φησιν·</span> <span class='ocrx_word' id='word_1_672' title='bbox 2593 3324 2612 3354; x_wconf 77' lang='grc' dir='ltr'><strong>ι</strong></span> <span class='ocrx_word' id='word_1_673' title='bbox 2657 3304 2767 3358; x_wconf 68' lang='grc' dir='ltr'><strong>Καὶ</strong></span> <span class='ocrx_word' id='word_1_674' title='bbox 2799 3304 2978 3374; x_wconf 84' lang='grc' dir='ltr'>στήσω</span> <span class='ocrx_word' id='word_1_675' title='bbox 3019 3303 3112 3355; x_wconf 85' lang='grc' dir='ltr'><strong>τὸν</strong></span> <span class='ocrx_word' id='word_1_676' title='bbox 3143 3302 3304 3375; x_wconf 82' lang='grc' dir='ltr'>ὅρκον</span> <span class='ocrx_word' id='word_1_677' title='bbox 3339 3316 3441 3372; x_wconf 84' lang='grc' dir='ltr'><strong>μου</strong></span> <span class='ocrx_word' id='word_1_678' title='bbox 3476 3297 3724 3370; x_wconf 76' lang='grc' dir='ltr'><strong>Ἀϐραὰμ</strong></span> 
     </span>
    </p>
   </div>
   <div class='ocr_carea' id='block_1_88' title="bbox 2160 3387 3726 3472">
    <p class='ocr_par' dir='ltr' id='par_1_88' title="bbox 2160 3387 3726 3472">
     <span class='ocr_line' id='line_1_89' title="bbox 2160 3387 3726 3472; baseline -0.01 -16"><span class='ocrx_word' id='word_1_679' title='bbox 2160 3401 2238 3472; x_wconf 81' lang='grc' dir='ltr'>τῷ</span> <span class='ocrx_word' id='word_1_680' title='bbox 2269 3400 2432 3471; x_wconf 85' lang='grc' dir='ltr'>πατρί</span> <span class='ocrx_word' id='word_1_681' title='bbox 2462 3415 2575 3460; x_wconf 88' lang='grc' dir='ltr'>σου,</span> <span class='ocrx_word' id='word_1_682' title='bbox 2610 3397 2703 3450; x_wconf 76' lang='grc' dir='ltr'><strong>καὶ</strong></span> <span class='ocrx_word' id='word_1_683' title='bbox 2731 3394 2982 3466; x_wconf 81' lang='grc' dir='ltr'>πληθυνῶ</span> <span class='ocrx_word' id='word_1_684' title='bbox 3008 3395 3068 3447; x_wconf 89' lang='grc' dir='ltr'><strong>τὸ</strong></span> <span class='ocrx_word' id='word_1_685' title='bbox 3109 3393 3331 3463; x_wconf 80' lang='grc' dir='ltr'>σπέρμα</span> <span class='ocrx_word' id='word_1_686' title='bbox 3359 3408 3474 3452; x_wconf 83' lang='grc' dir='ltr'>σου,</span> <span class='ocrx_word' id='word_1_687' title='bbox 3501 3387 3576 3453; x_wconf 91' lang='grc' dir='ltr'>ὡς</span> <span class='ocrx_word' id='word_1_688' title='bbox 3596 3391 3726 3453; x_wconf 82' lang='grc' dir='ltr'>τοὺς</span> 
     </span>
    </p>
   </div>
   <div class='ocr_carea' id='block_1_89' title="bbox 2159 3479 3724 3562">
    <p class='ocr_par' dir='ltr' id='par_1_89' title="bbox 2159 3479 3724 3562">
     <span class='ocr_line' id='line_1_90' title="bbox 2159 3479 3724 3562; baseline -0.008 -18"><span class='ocrx_word' id='word_1_689' title='bbox 2159 3490 2392 3562; x_wconf 79' lang='grc' dir='ltr'><strong>ἀστέρας</strong></span> <span class='ocrx_word' id='word_1_690' title='bbox 2441 3487 2533 3540; x_wconf 88' lang='grc' dir='ltr'><strong>τοῦ</strong></span> <span class='ocrx_word' id='word_1_691' title='bbox 2575 3484 2822 3558; x_wconf 87' lang='grc' dir='ltr'>οὐρανοῦ,</span> <span class='ocrx_word' id='word_1_692' title='bbox 2870 3486 2963 3538; x_wconf 79' lang='grc' dir='ltr'><strong>καὶ</strong></span> <span class='ocrx_word' id='word_1_693' title='bbox 2998 3482 3151 3536; x_wconf 86' lang='grc' dir='ltr'><strong>δώσω</strong></span> <span class='ocrx_word' id='word_1_694' title='bbox 3189 3482 3268 3552; x_wconf 86' lang='grc' dir='ltr'>τῷ</span> <span class='ocrx_word' id='word_1_695' title='bbox 3318 3479 3587 3553; x_wconf 85' lang='grc' dir='ltr'>σπέρματί</span> <span class='ocrx_word' id='word_1_696' title='bbox 3627 3495 3724 3532; x_wconf 91' lang='grc' dir='ltr'><strong>σου</strong></span> 
     </span>
    </p>
   </div>
   <div class='ocr_carea' id='block_1_90' title="bbox 2160 3568 3724 3654">
    <p class='ocr_par' dir='ltr' id='par_1_90' title="bbox 2160 3568 3724 3654">
     <span class='ocr_line' id='line_1_91' title="bbox 2160 3568 3724 3654; baseline -0.011 -15"><span class='ocrx_word' id='word_1_697' title='bbox 2160 3587 2336 3639; x_wconf 70' lang='grc' dir='ltr'>πᾶσαν</span> <span class='ocrx_word' id='word_1_698' title='bbox 2365 3581 2462 3654; x_wconf 77' lang='grc' dir='ltr'><strong>τὴν</strong></span> <span class='ocrx_word' id='word_1_699' title='bbox 2492 3582 2593 3652; x_wconf 84' lang='grc' dir='ltr'><strong>γῆν</strong></span> <span class='ocrx_word' id='word_1_700' title='bbox 2625 3579 2828 3649; x_wconf 81' lang='grc' dir='ltr'>ταύτην</span> <span class='ocrx_word' id='word_1_701' title='bbox 2847 3595 2862 3609; x_wconf 77' lang='grc'><strong><em>⁸</em></strong></span> <span class='ocrx_word' id='word_1_702' title='bbox 2898 3579 2994 3648; x_wconf 72' lang='grc' dir='ltr'>καὶ</span> <span class='ocrx_word' id='word_1_703' title='bbox 3017 3573 3535 3644; x_wconf 81' lang='grc' dir='ltr'>ἐνευλογηθήσονται</span> <span class='ocrx_word' id='word_1_704' title='bbox 3564 3573 3622 3626; x_wconf 81' lang='grc' dir='ltr'>ἐν</span> <span class='ocrx_word' id='word_1_705' title='bbox 3644 3568 3724 3640; x_wconf 79' lang='grc' dir='ltr'>τῷ</span> 
     </span>
    </p>
   </div>
   <div class='ocr_carea' id='block_1_91' title="bbox 2161 3663 3724 3747">
    <p class='ocr_par' dir='ltr' id='par_1_91' title="bbox 2161 3663 3724 3747">
     <span class='ocr_line' id='line_1_92' title="bbox 2161 3663 3724 3747; baseline -0.009 -18"><span class='ocrx_word' id='word_1_706' title='bbox 2161 3674 2432 3747; x_wconf 80' lang='grc' dir='ltr'>σπέρματί</span> <span class='ocrx_word' id='word_1_707' title='bbox 2476 3689 2567 3726; x_wconf 89' lang='grc' dir='ltr'><strong>σου</strong></span> <span class='ocrx_word' id='word_1_708' title='bbox 2602 3671 2777 3724; x_wconf 81' lang='grc' dir='ltr'>πάντα</span> <span class='ocrx_word' id='word_1_709' title='bbox 2817 3669 2886 3722; x_wconf 80' lang='grc' dir='ltr'><strong>τὰ</strong></span> <span class='ocrx_word' id='word_1_710' title='bbox 2933 3668 3058 3738; x_wconf 73' lang='grc' dir='ltr'>ἔθνη</span> <span class='ocrx_word' id='word_1_711' title='bbox 3089 3667 3185 3738; x_wconf 85' lang='grc' dir='ltr'>τῆς</span> <span class='ocrx_word' id='word_1_712' title='bbox 3224 3667 3346 3737; x_wconf 85' lang='grc' dir='ltr'>γῆς.</span> <span class='ocrx_word' id='word_1_713' title='bbox 3379 3685 3398 3717; x_wconf 72' lang='grc' dir='ltr'><strong>ι</strong></span> <span class='ocrx_word' id='word_1_714' title='bbox 3446 3665 3502 3718; x_wconf 88' lang='lat'><strong>&#39;0</strong></span> <span class='ocrx_word' id='word_1_715' title='bbox 3531 3663 3724 3734; x_wconf 74' lang='grc' dir='ltr'>Σωτὴρ</span> 
     </span>
    </p>
   </div>
   <div class='ocr_carea' id='block_1_92' title="bbox 2161 3751 3724 3835">
    <p class='ocr_par' dir='ltr' id='par_1_92' title="bbox 2161 3751 3724 3835">
     <span class='ocr_line' id='line_1_93' title="bbox 2161 3751 3724 3835; baseline -0.009 -16"><span class='ocrx_word' id='word_1_716' title='bbox 2161 3767 2256 3819; x_wconf 77' lang='grc' dir='ltr'><strong>καὶ</strong></span> <span class='ocrx_word' id='word_1_717' title='bbox 2303 3763 2505 3835; x_wconf 80' lang='grc' dir='ltr'>Κύριος</span> <span class='ocrx_word' id='word_1_718' title='bbox 2560 3761 2714 3833; x_wconf 82' lang='grc' dir='ltr'>ήμῶν</span> <span class='ocrx_word' id='word_1_719' title='bbox 2755 3758 2957 3830; x_wconf 81' lang='grc' dir='ltr'>Ἰησοῦς</span> <span class='ocrx_word' id='word_1_720' title='bbox 3003 3761 3031 3812; x_wconf 98' lang='lat'><strong>6</strong></span> <span class='ocrx_word' id='word_1_721' title='bbox 3081 3756 3312 3828; x_wconf 79' lang='grc' dir='ltr'>Χριστὸς</span> <span class='ocrx_word' id='word_1_722' title='bbox 3352 3754 3443 3808; x_wconf 84' lang='grc' dir='ltr'><strong>τοῦ</strong></span> <span class='ocrx_word' id='word_1_723' title='bbox 3489 3751 3622 3806; x_wconf 80' lang='grc' dir='ltr'>Θεοῦ</span> <span class='ocrx_word' id='word_1_724' title='bbox 3657 3755 3724 3806; x_wconf 64' lang='grc' dir='ltr'>ἐκ</span> 
     </span>
    </p>
   </div>
   <div class='ocr_carea' id='block_1_93' title="bbox 2162 3838 3724 3929">
    <p class='ocr_par' dir='ltr' id='par_1_93' title="bbox 2162 3838 3724 3929">
     <span class='ocr_line' id='line_1_94' title="bbox 2162 3838 3724 3929; baseline -0.009 -18"><span class='ocrx_word' id='word_1_725' title='bbox 2162 3857 2469 3929; x_wconf 84' lang='grc' dir='ltr'>σπέρματος</span> <span class='ocrx_word' id='word_1_726' title='bbox 2507 3853 2688 3908; x_wconf 74' lang='grc' dir='ltr'>Ἰσαὰκ</span> <span class='ocrx_word' id='word_1_727' title='bbox 2709 3851 2897 3920; x_wconf 81' lang='grc' dir='ltr'>γέγονε</span> <span class='ocrx_word' id='word_1_728' title='bbox 2921 3851 2980 3903; x_wconf 86' lang='grc' dir='ltr'><strong>τὸ</strong></span> <span class='ocrx_word' id='word_1_729' title='bbox 3002 3848 3138 3903; x_wconf 77' lang='grc' dir='ltr'>κατὰ</span> <span class='ocrx_word' id='word_1_730' title='bbox 3169 3847 3364 3917; x_wconf 81' lang='grc' dir='ltr'>σάρκα,</span> <span class='ocrx_word' id='word_1_731' title='bbox 3397 3848 3454 3899; x_wconf 86' lang='grc' dir='ltr'>ὲν</span> <span class='ocrx_word' id='word_1_732' title='bbox 3479 3838 3524 3913; x_wconf 83' lang='grc' dir='ltr'>ᾧ</span> <span class='ocrx_word' id='word_1_733' title='bbox 3547 3845 3724 3898; x_wconf 80' lang='grc' dir='ltr'>πάντα</span> 
     </span>
    </p>
   </div>
   <div class='ocr_carea' id='block_1_94' title="bbox 2160 3936 3724 4018">
    <p class='ocr_par' dir='ltr' id='par_1_94' title="bbox 2160 3936 3724 4018">
     <span class='ocr_line' id='line_1_95' title="bbox 2160 3936 3724 4018; baseline -0.01 -14"><span class='ocrx_word' id='word_1_734' title='bbox 2160 3952 2227 4004; x_wconf 78' lang='grc' dir='ltr'><strong>τὰ</strong></span> <span class='ocrx_word' id='word_1_735' title='bbox 2260 3949 2383 4018; x_wconf 76' lang='grc' dir='ltr'>ἔθνη</span> <span class='ocrx_word' id='word_1_736' title='bbox 2415 3947 2513 4017; x_wconf 86' lang='grc' dir='ltr'>τῆς</span> <span class='ocrx_word' id='word_1_737' title='bbox 2541 3944 2643 4014; x_wconf 83' lang='grc' dir='ltr'>γῆς</span> <span class='ocrx_word' id='word_1_738' title='bbox 2682 3943 2998 4011; x_wconf 83' lang='grc' dir='ltr'>εὐλογεῖται,</span> <span class='ocrx_word' id='word_1_739' title='bbox 3045 3939 3278 4011; x_wconf 81' lang='grc' dir='ltr'>μαθόντα</span> <span class='ocrx_word' id='word_1_740' title='bbox 3318 3939 3384 3991; x_wconf 83' lang='grc' dir='ltr'><strong>δι’</strong></span> <span class='ocrx_word' id='word_1_741' title='bbox 3424 3936 3584 3992; x_wconf 85' lang='grc' dir='ltr'>αὐτοῦ</span> <span class='ocrx_word' id='word_1_742' title='bbox 3629 3938 3724 3990; x_wconf 80' lang='grc' dir='ltr'><strong>τὸν</strong></span> 
     </span>
    </p>
   </div>
   <div class='ocr_carea' id='block_1_95' title="bbox 2160 4027 3718 4102">
    <p class='ocr_par' dir='ltr' id='par_1_95' title="bbox 2160 4027 3718 4102">
     <span class='ocr_line' id='line_1_96' title="bbox 2160 4027 3718 4102; baseline -0.012 -6"><span class='ocrx_word' id='word_1_743' title='bbox 2160 4045 2266 4096; x_wconf 83' lang='grc' dir='ltr'><strong>τῶν</strong></span> <span class='ocrx_word' id='word_1_744' title='bbox 2311 4043 2445 4096; x_wconf 80' lang='grc' dir='ltr'>ὅλων</span> <span class='ocrx_word' id='word_1_745' title='bbox 2488 4039 2641 4102; x_wconf 85' lang='grc' dir='ltr'>Θεὸν,</span> <span class='ocrx_word' id='word_1_746' title='bbox 2685 4037 2777 4090; x_wconf 77' lang='grc' dir='ltr'><strong>καὶ</strong></span> <span class='ocrx_word' id='word_1_747' title='bbox 2825 4033 3183 4088; x_wconf 75' lang='grc' dir='ltr'>παιδευθέντα</span> <span class='ocrx_word' id='word_1_748' title='bbox 3234 4031 3394 4084; x_wconf 79' lang='grc' dir='ltr'>πάλιν</span> <span class='ocrx_word' id='word_1_749' title='bbox 3440 4028 3504 4080; x_wconf 86' lang='grc' dir='ltr'><strong>δι’</strong></span> <span class='ocrx_word' id='word_1_750' title='bbox 3555 4027 3718 4082; x_wconf 87' lang='grc' dir='ltr'>αὐτοῦ</span> 
     </span>
    </p>
   </div>
   <div class='ocr_carea' id='block_1_96' title="bbox 2158 4119 3720 4203">
    <p class='ocr_par' dir='ltr' id='par_1_96' title="bbox 2158 4119 3720 4203">
     <span class='ocr_line' id='line_1_97' title="bbox 2158 4119 3720 4203; baseline -0.012 -14"><span class='ocrx_word' id='word_1_751' title='bbox 2158 4136 2283 4200; x_wconf 77' lang='grc' dir='ltr'>τοὺς</span> <span class='ocrx_word' id='word_1_752' title='bbox 2315 4133 2576 4203; x_wconf 81' lang='grc' dir='ltr'>θεοφιλεῖς</span> <span class='ocrx_word' id='word_1_753' title='bbox 2608 4130 2804 4201; x_wconf 79' lang='grc' dir='ltr'>ἄνδρας</span> <span class='ocrx_word' id='word_1_754' title='bbox 2835 4127 3092 4194; x_wconf 86' lang='grc' dir='ltr'>εὐλογεῖν.</span> <span class='ocrx_word' id='word_1_755' title='bbox 3138 4124 3227 4177; x_wconf 89' lang='grc' dir='ltr'>Διὸ</span> <span class='ocrx_word' id='word_1_756' title='bbox 3257 4124 3350 4177; x_wconf 72' lang='grc' dir='ltr'>καὶ</span> <span class='ocrx_word' id='word_1_757' title='bbox 3383 4119 3720 4190; x_wconf 83' lang='grc' dir='ltr'>ἁντευλογεῖ-</span> 
     </span>
    </p>
   </div>
   <div class='ocr_carea' id='block_1_97' title="bbox 2158 4214 3719 4296">
    <p class='ocr_par' dir='ltr' id='par_1_97' title="bbox 2158 4214 3719 4296">
     <span class='ocr_line' id='line_1_98' title="bbox 2158 4214 3719 4296; baseline -0.011 -15"><span class='ocrx_word' id='word_1_758' title='bbox 2158 4245 2245 4281; x_wconf 87' lang='grc' dir='ltr'><strong>ται</strong></span> <span class='ocrx_word' id='word_1_759' title='bbox 2297 4228 2395 4296; x_wconf 80' lang='grc' dir='ltr'>τῆς</span> <span class='ocrx_word' id='word_1_760' title='bbox 2447 4226 2567 4296; x_wconf 81' lang='grc' dir='ltr'>ίσης</span> <span class='ocrx_word' id='word_1_761' title='bbox 2605 4225 2717 4287; x_wconf 85' lang='grc' dir='ltr'>τοῖς</span> <span class='ocrx_word' id='word_1_762' title='bbox 2769 4222 2860 4274; x_wconf 80' lang='grc' dir='ltr'><strong>ὑπ’</strong></span> <span class='ocrx_word' id='word_1_763' title='bbox 2913 4218 3088 4272; x_wconf 88' lang='grc' dir='ltr'>αὐτῶν</span> <span class='ocrx_word' id='word_1_764' title='bbox 3129 4215 3538 4286; x_wconf 84' lang='grc' dir='ltr'>εὐλογουμένοις</span> <span class='ocrx_word' id='word_1_765' title='bbox 3583 4214 3719 4266; x_wconf 83' lang='grc' dir='ltr'><strong>ἀπο-</strong></span> 
     </span>
    </p>
   </div>
   <div class='ocr_carea' id='block_1_98' title="bbox 2159 4302 3720 4384">
    <p class='ocr_par' dir='ltr' id='par_1_98' title="bbox 2159 4302 3720 4384">
     <span class='ocr_line' id='line_1_99' title="bbox 2159 4302 3720 4384; baseline -0.012 -12"><span class='ocrx_word' id='word_1_766' title='bbox 2159 4319 2388 4372; x_wconf 82' lang='grc' dir='ltr'>λαύοντα</span> <span class='ocrx_word' id='word_1_767' title='bbox 2419 4314 2686 4384; x_wconf 87' lang='grc' dir='ltr'>εὐλογίας,</span> <span class='ocrx_word' id='word_1_768' title='bbox 2723 4312 2864 4366; x_wconf 78' lang='grc' dir='ltr'>κατὰ</span> <span class='ocrx_word' id='word_1_769' title='bbox 2897 4312 2987 4364; x_wconf 86' lang='grc' dir='ltr'><strong>τὸν</strong></span> <span class='ocrx_word' id='word_1_770' title='bbox 3026 4310 3269 4379; x_wconf 76' lang='grc' dir='ltr'>φήσαντα</span> <span class='ocrx_word' id='word_1_771' title='bbox 3299 4305 3390 4360; x_wconf 87' lang='grc' dir='ltr'><strong>τοῦ</strong></span> <span class='ocrx_word' id='word_1_772' title='bbox 3422 4304 3555 4357; x_wconf 87' lang='grc' dir='ltr'>Θεοῦ</span> <span class='ocrx_word' id='word_1_773' title='bbox 3585 4302 3720 4375; x_wconf 80' lang='grc' dir='ltr'>πρὸς</span> 
     </span>
    </p>
   </div>
   <div class='ocr_carea' id='block_1_99' title="bbox 2159 4394 3719 4482">
    <p class='ocr_par' dir='ltr' id='par_1_99' title="bbox 2159 4394 3719 4482">
     <span class='ocr_line' id='line_1_100' title="bbox 2159 4394 3719 4482; baseline -0.014 -16"><span class='ocrx_word' id='word_1_774' title='bbox 2159 4413 2248 4466; x_wconf 85' lang='grc' dir='ltr'><strong>τὸν</strong></span> <span class='ocrx_word' id='word_1_775' title='bbox 2288 4409 2534 4482; x_wconf 80' lang='grc' dir='ltr'>Ἀϐραὰμ</span> <span class='ocrx_word' id='word_1_776' title='bbox 2566 4407 2754 4476; x_wconf 66' lang='grc' dir='ltr'>λόγον*</span> <span class='ocrx_word' id='word_1_777' title='bbox 2793 4425 2813 4456; x_wconf 74' lang='grc' dir='ltr'><strong>ι</strong></span> <span class='ocrx_word' id='word_1_778' title='bbox 2865 4406 2929 4457; x_wconf 81' lang='lat' dir='ltr'><strong>Ol</strong></span> <span class='ocrx_word' id='word_1_779' title='bbox 2970 4399 3314 4469; x_wconf 75' lang='grc' dir='ltr'>εὐλογοῦντες</span> <span class='ocrx_word' id='word_1_780' title='bbox 3359 4414 3417 4450; x_wconf 90' lang='grc' dir='ltr'><strong>σε</strong></span> <span class='ocrx_word' id='word_1_781' title='bbox 3462 4394 3719 4465; x_wconf 78' lang='grc' dir='ltr'>εὐλόγην-</span> 
     </span>
    </p>
   </div>
   <div class='ocr_carea' id='block_1_100' title="bbox 2159 4521 2328 4558">
    <p class='ocr_par' dir='ltr' id='par_1_100' title="bbox 2159 4521 2328 4558">
     <span class='ocr_line' id='line_1_101' title="bbox 2159 4521 2328 4558; baseline -0.012 -1"><span class='ocrx_word' id='word_1_782' title='bbox 2159 4521 2270 4558; x_wconf 88' lang='grc' dir='ltr'>ται.</span> <span class='ocrx_word' id='word_1_783' title='bbox 2310 4523 2328 4555; x_wconf 72' lang='grc' dir='ltr'><strong>ι</strong></span> 
     </span>
    </p>
   </div>
   <div class='ocr_carea' id='block_1_101' title="bbox 2161 4706 3716 4788">
    <p class='ocr_par' dir='ltr' id='par_1_101' title="bbox 2161 4706 3716 4788">
     <span class='ocr_line' id='line_1_102' title="bbox 2161 4706 3716 4788; baseline -0.012 -8"><span class='ocrx_word' id='word_1_784' title='bbox 2161 4728 2234 4780; x_wconf 82' lang='lat' dir='ltr'><strong>I&quot;.</strong></span> <span class='ocrx_word' id='word_1_785' title='bbox 2295 4722 2425 4777; x_wconf 79' lang='grc' dir='ltr'><strong>Ἀπὸ</strong></span> <span class='ocrx_word' id='word_1_786' title='bbox 2478 4719 2586 4788; x_wconf 84' lang='grc' dir='ltr'>τῆς</span> <span class='ocrx_word' id='word_1_787' title='bbox 2624 4717 2829 4785; x_wconf 85' lang='grc' dir='ltr'>αὐτῆς.</span> <span class='ocrx_word' id='word_1_788' title='bbox 2861 4749 2929 4788; x_wconf 61' lang='grc' dir='ltr'><strong>τ-</strong></span> <span class='ocrx_word' id='word_1_789' title='bbox 2971 4713 3110 4788; x_wconf 73' lang='grc' dir='ltr'><strong>Περὶ</strong></span> <span class='ocrx_word' id='word_1_790' title='bbox 3155 4711 3465 4788; x_wconf 56' lang='grc' dir='ltr'>θεμίστῶῖ</span> <span class='ocrx_word' id='word_1_791' title='bbox 3505 4706 3716 4774; x_wconf 75' lang='grc' dir='ltr'>ἐθνῶν,</span> 
     </span>
    </p>
   </div>
   <div class='ocr_carea' id='block_1_102' title="bbox 2229 4779 3719 4860">
    <p class='ocr_par' dir='ltr' id='par_1_102' title="bbox 2229 4779 3719 4860">
     <span class='ocr_line' id='line_1_103' title="bbox 2229 4779 3719 4860; baseline -0.012 -12"><span class='ocrx_word' id='word_1_792' title='bbox 2229 4794 2326 4848; x_wconf 81' lang='grc' dir='ltr'><strong>καὶ</strong></span> <span class='ocrx_word' id='word_1_793' title='bbox 2363 4779 2724 4860; x_wconf 68' lang='grc' dir='ltr'>συναγὼγών</span> <span class='ocrx_word' id='word_1_794' title='bbox 2753 4779 2961 4850; x_wconf 69' lang='grc' dir='ltr'>ἐθνῶν,</span> <span class='ocrx_word' id='word_1_795' title='bbox 3009 4779 3127 4860; x_wconf 52' lang='grc' dir='ltr'>τῶς</span> <span class='ocrx_word' id='word_1_796' title='bbox 3267 4779 3465 4860; x_wconf 60' lang='grc' dir='ltr'><strong>’ζακὼϐ</strong></span> <span class='ocrx_word' id='word_1_797' title='bbox 3491 4796 3719 4860; x_wconf 59' lang='lat' dir='ltr'><strong>quo-rn-</strong></span> 
     </span>
    </p>
   </div>
   <div class='ocr_carea' id='block_1_103' title="bbox 2229 4851 3718 4934">
    <p class='ocr_par' dir='ltr' id='par_1_103' title="bbox 2229 4851 3718 4934">
     <span class='ocr_line' id='line_1_104' title="bbox 2229 4851 3718 4934; baseline -0.012 -15"><span class='ocrx_word' id='word_1_798' title='bbox 2229 4851 2542 4934; x_wconf 49' lang='grc' dir='ltr'>σομένωνςξ</span> <span class='ocrx_word' id='word_1_799' title='bbox 2565 4851 2752 4914; x_wconf 77' lang='grc' dir='ltr'>κάίτοι</span> <span class='ocrx_word' id='word_1_800' title='bbox 2785 4860 2974 4934; x_wconf 58' lang='grc' dir='ltr'>[λόγου</span> <span class='ocrx_word' id='word_1_801' title='bbox 3011 4854 3116 4909; x_wconf 86' lang='grc' dir='ltr'><strong>τοῦ</strong></span> <span class='ocrx_word' id='word_1_802' title='bbox 3153 4851 3460 4924; x_wconf 28' lang='grc' dir='ltr'>,Ἰουδαίων</span> <span class='ocrx_word' id='word_1_803' title='bbox 3504 4851 3718 4916; x_wconf 75' lang='grc' dir='ltr'>ἔθνους</span> 
     </span>
    </p>
   </div>
   <div class='ocr_carea' id='block_1_104' title="bbox 2227 4928 3038 5001">
    <p class='ocr_par' dir='ltr' id='par_1_104' title="bbox 2227 4928 3038 5001">
     <span class='ocr_line' id='line_1_105' title="bbox 2227 4928 3038 5001; baseline -0.012 -11"><span class='ocrx_word' id='word_1_804' title='bbox 2227 4937 2295 5001; x_wconf 83' lang='grc' dir='ltr'><strong>ἐξ</strong></span> <span class='ocrx_word' id='word_1_805' title='bbox 2310 4928 2511 4988; x_wconf 70' lang='grc' dir='ltr'>ἀὑτοῦ</span> <span class='ocrx_word' id='word_1_806' title='bbox 2545 4928 3038 4999; x_wconf 75' lang='grc' dir='ltr'><strong>προεληλυθότος.</strong></span> 
     </span>
    </p>
   </div>
   <div class='ocr_carea' id='block_1_105' title="bbox 2230 5033 3713 5124">
    <p class='ocr_par' dir='ltr' id='par_1_105' title="bbox 2230 5033 3713 5124">
     <span class='ocr_line' id='line_1_106' title="bbox 2230 5033 3713 5124; baseline -0.016 -10"><span class='ocrx_word' id='word_1_807' title='bbox 2230 5056 2393 5114; x_wconf 77' lang='grc' dir='ltr'>Εἶπεν</span> <span class='ocrx_word' id='word_1_808' title='bbox 2423 5057 2479 5110; x_wconf 82' lang='grc' dir='ltr'>δὲ</span> <span class='ocrx_word' id='word_1_809' title='bbox 2511 5053 2657 5124; x_wconf 81' lang='grc' dir='ltr'>αὐτῷ</span> <span class='ocrx_word' id='word_1_810' title='bbox 2687 5053 2717 5104; x_wconf 84' lang='grc' dir='ltr'><strong>ὁ</strong></span> <span class='ocrx_word' id='word_1_811' title='bbox 2740 5051 2870 5114; x_wconf 89' lang='grc' dir='ltr'>Θεὸς</span> <span class='ocrx_word' id='word_1_812' title='bbox 2909 5047 3081 5120; x_wconf 83' lang='grc' dir='ltr'>(δῆλον</span> <span class='ocrx_word' id='word_1_813' title='bbox 3118 5046 3192 5108; x_wconf 72' lang='grc' dir='ltr'><strong>δὲ,</strong></span> <span class='ocrx_word' id='word_1_814' title='bbox 3228 5045 3307 5098; x_wconf 84' lang='grc' dir='ltr'>ὅτι</span> <span class='ocrx_word' id='word_1_815' title='bbox 3352 5040 3429 5112; x_wconf 85' lang='grc' dir='ltr'>τῷ</span> <span class='ocrx_word' id='word_1_816' title='bbox 3477 5033 3713 5103; x_wconf 76' lang='grc' dir='ltr'><strong>’1ακὼ6)⁶</strong></span> 
     </span>
    </p>
   </div>
   <div class='ocr_carea' id='block_1_106' title="bbox 2163 5128 3718 5221">
    <p class='ocr_par' dir='ltr' id='par_1_106' title="bbox 2163 5128 3718 5221">
     <span class='ocr_line' id='line_1_107' title="bbox 2163 5128 3718 5221; baseline -0.019 -14"><span class='ocrx_word' id='word_1_817' title='bbox 2163 5175 2180 5206; x_wconf 73' lang='grc' dir='ltr'><strong>ε</strong></span> <span class='ocrx_word' id='word_1_818' title='bbox 2233 5151 2374 5220; x_wconf 81' lang='grc' dir='ltr'><strong>Ἐγὼ</strong></span> <span class='ocrx_word' id='word_1_819' title='bbox 2405 5149 2606 5221; x_wconf 77' lang='grc' dir='ltr'>Κύριος</span> <span class='ocrx_word' id='word_1_820' title='bbox 2649 5148 2678 5198; x_wconf 88' lang='lat'><strong>6</strong></span> <span class='ocrx_word' id='word_1_821' title='bbox 2720 5143 2883 5205; x_wconf 75' lang='grc' dir='ltr'>Θεόςο</span> <span class='ocrx_word' id='word_1_822' title='bbox 2935 5139 3161 5206; x_wconf 80' lang='grc' dir='ltr'>αὐξάνου</span> <span class='ocrx_word' id='word_1_823' title='bbox 3194 5136 3288 5192; x_wconf 70' lang='grc' dir='ltr'><strong>καὶ</strong></span> <span class='ocrx_word' id='word_1_824' title='bbox 3330 5131 3595 5202; x_wconf 63' lang='grc' dir='ltr'>πληθύνου</span> <span class='ocrx_word' id='word_1_825' title='bbox 3635 5128 3718 5221; x_wconf 77' lang='grc' dir='ltr'><strong>είς</strong></span> 
     </span>
    </p>
   </div>
   <div class='ocr_carea' id='block_1_107' title="bbox 2158 5218 3717 5314">
    <p class='ocr_par' dir='ltr' id='par_1_107' title="bbox 2158 5218 3717 5314">
     <span class='ocr_line' id='line_1_108' title="bbox 2158 5218 3717 5314; baseline -0.019 -13"><span class='ocrx_word' id='word_1_826' title='bbox 2158 5218 2314 5314; x_wconf 32' lang='grc' dir='ltr'>ἔθνη,-</span> <span class='ocrx_word' id='word_1_827' title='bbox 2349 5245 2440 5298; x_wconf 70' lang='grc' dir='ltr'><strong>καὶ</strong></span> <span class='ocrx_word' id='word_1_828' title='bbox 2473 5218 2780 5307; x_wconf 73' lang='grc' dir='ltr'>συναγωγαὶ</span> <span class='ocrx_word' id='word_1_829' title='bbox 2807 5233 2972 5288; x_wconf 84' lang='grc' dir='ltr'>ὲθνῶν</span> <span class='ocrx_word' id='word_1_830' title='bbox 3015 5235 3080 5285; x_wconf 80' lang='grc' dir='ltr'>ὲκ</span> <span class='ocrx_word' id='word_1_831' title='bbox 3112 5229 3203 5285; x_wconf 88' lang='grc' dir='ltr'><strong>σοῦ</strong></span> <span class='ocrx_word' id='word_1_832' title='bbox 3235 5229 3466 5282; x_wconf 68' lang='grc' dir='ltr'>ἔσονται.</span> <span class='ocrx_word' id='word_1_833' title='bbox 3507 5243 3525 5273; x_wconf 74' lang='grc' dir='ltr'><strong>ι</strong></span> <span class='ocrx_word' id='word_1_834' title='bbox 3561 5218 3717 5314; x_wconf 53' lang='lat' dir='ltr'><strong>Kurd</strong></span> 
     </span>
    </p>
   </div>
   <div class='ocr_carea' id='block_1_108' title="bbox 2162 5309 3715 5411">
    <p class='ocr_par' dir='ltr' id='par_1_108' title="bbox 2162 5309 3715 5411">
     <span class='ocr_line' id='line_1_109' title="bbox 2162 5309 3715 5411; baseline -0.018 -19"><span class='ocrx_word' id='word_1_835' title='bbox 2162 5341 2259 5411; x_wconf 85' lang='grc' dir='ltr'>μὲν</span> <span class='ocrx_word' id='word_1_836' title='bbox 2274 5309 2347 5391; x_wconf 39' lang='grc' dir='ltr'>’τὸ</span> <span class='ocrx_word' id='word_1_837' title='bbox 2385 5332 2677 5406; x_wconf 84' lang='grc' dir='ltr'>προφανὲς,</span> <span class='ocrx_word' id='word_1_838' title='bbox 2711 5330 2767 5383; x_wconf 80' lang='grc' dir='ltr'>ἓν</span> <span class='ocrx_word' id='word_1_839' title='bbox 2799 5327 2946 5390; x_wconf 74' lang='grc' dir='ltr'>ἔθνος</span> <span class='ocrx_word' id='word_1_840' title='bbox 2994 5326 3149 5397; x_wconf 78' lang='grc' dir='ltr'>μόνον</span> <span class='ocrx_word' id='word_1_841' title='bbox 3191 5323 3254 5375; x_wconf 85' lang='grc' dir='ltr'><strong>τὸ</strong></span> <span class='ocrx_word' id='word_1_842' title='bbox 3298 5318 3564 5411; x_wconf 72' lang='grc' dir='ltr'>Ἰουδαίῶν</span> <span class='ocrx_word' id='word_1_843' title='bbox 3596 5309 3715 5411; x_wconf 68' lang='grc' dir='ltr'><strong>⁸ἀπὸ</strong></span> 
     </span>
    </p>
   </div>
   <div class='ocr_carea' id='block_1_109' title="bbox 2156 5405 3718 5494">
    <p class='ocr_par' dir='ltr' id='par_1_109' title="bbox 2156 5405 3718 5494">
     <span class='ocr_line' id='line_1_110' title="bbox 2156 5405 3718 5494; baseline -0.019 -8"><span class='ocrx_word' id='word_1_844' title='bbox 2156 5405 2250 5486; x_wconf 75' lang='grc' dir='ltr'><strong>τοῦ</strong></span> <span class='ocrx_word' id='word_1_845' title='bbox 2287 5405 2476 5484; x_wconf 79' lang='grc' dir='ltr'>ἰακῶσ</span> <span class='ocrx_word' id='word_1_846' title='bbox 2510 5425 2760 5494; x_wconf 82' lang='grc' dir='ltr'>συνέστη.</span> <span class='ocrx_word' id='word_1_847' title='bbox 2795 5421 2919 5485; x_wconf 89' lang='grc' dir='ltr'>Πῶς</span> <span class='ocrx_word' id='word_1_848' title='bbox 2956 5415 3047 5473; x_wconf 76' lang='grc' dir='ltr'><strong>οὖν</strong></span> <span class='ocrx_word' id='word_1_849' title='bbox 3092 5414 3340 5488; x_wconf 85' lang='grc' dir='ltr'>ἁληθεύοι</span> <span class='ocrx_word' id='word_1_850' title='bbox 3373 5411 3436 5465; x_wconf 82' lang='grc' dir='ltr'><strong>ἂν</strong></span> <span class='ocrx_word' id='word_1_851' title='bbox 3483 5405 3718 5494; x_wconf 51' lang='grc' dir='ltr'>πληθυνῖ</span> 
     </span>
    </p>
   </div>
   <div class='ocr_carea' id='block_1_110' title="bbox 2157 5485 3715 5585">
    <p class='ocr_par' dir='ltr' id='par_1_110' title="bbox 2157 5485 3715 5585">
     <span class='ocr_line' id='line_1_111' title="bbox 2157 5485 3715 5585; baseline -0.015 -13"><span class='ocrx_word' id='word_1_852' title='bbox 2157 5517 2319 5581; x_wconf 80' lang='grc' dir='ltr'>τικῶς</span> <span class='ocrx_word' id='word_1_853' title='bbox 2360 5515 2532 5584; x_wconf 83' lang='grc' dir='ltr'>λέγων</span> <span class='ocrx_word' id='word_1_854' title='bbox 2575 5516 2606 5568; x_wconf 87' lang='lat'><strong>6</strong></span> <span class='ocrx_word' id='word_1_855' title='bbox 2651 5485 2926 5585; x_wconf 54' lang='lat' dir='ltr'><strong>xpnsudg;</strong></span> <span class='ocrx_word' id='word_1_856' title='bbox 2969 5509 3118 5562; x_wconf 71' lang='grc' dir='ltr'>Ἐπεὶ</span> <span class='ocrx_word' id='word_1_857' title='bbox 3261 5505 3289 5557; x_wconf 91' lang='lat'><strong>6</strong></span> <span class='ocrx_word' id='word_1_858' title='bbox 3341 5498 3568 5573; x_wconf 78' lang='grc' dir='ltr'>Χριστὸς</span> <span class='ocrx_word' id='word_1_859' title='bbox 3617 5485 3715 5550; x_wconf 68' lang='grc' dir='ltr'><strong>τοῦ</strong></span> 
     </span>
    </p>
   </div>
   <div class='ocr_carea' id='block_1_111' title="bbox 573 5675 2062 5760">
    <p class='ocr_par' dir='ltr' id='par_1_111' title="bbox 573 5683 2045 5760">
     <span class='ocr_line' id='line_1_112' title="bbox 573 5683 2045 5760; baseline -0.015 -3"><span class='ocrx_word' id='word_1_860' title='bbox 573 5697 616 5734; x_wconf 73' lang='grc'><strong>⁸⁸</strong></span> <span class='ocrx_word' id='word_1_861' title='bbox 649 5697 785 5757; x_wconf 86' lang='lat' dir='ltr'><strong>Gcn.</strong></span> <span class='ocrx_word' id='word_1_862' title='bbox 824 5709 1000 5760; x_wconf 85' lang='lat' dir='ltr'><strong>xvm,</strong></span> <span class='ocrx_word' id='word_1_863' title='bbox 1058 5695 1244 5750; x_wconf 83' lang='lat' dir='ltr'><strong>l7-l8.</strong></span> <span class='ocrx_word' id='word_1_864' title='bbox 1325 5696 1365 5727; x_wconf 69' lang='grc' dir='ltr'><strong>δ’</strong></span> <span class='ocrx_word' id='word_1_865' title='bbox 1399 5693 1532 5749; x_wconf 84' lang='lat' dir='ltr'><strong>Gen.</strong></span> <span class='ocrx_word' id='word_1_866' title='bbox 1600 5705 1756 5749; x_wconf 66' lang='lat' dir='ltr'><strong>xv&quot;.</strong></span> <span class='ocrx_word' id='word_1_867' title='bbox 1808 5685 1928 5738; x_wconf 16' lang='lat'><strong>3‘1-</strong></span> <span class='ocrx_word' id='word_1_868' title='bbox 2002 5683 2045 5715; x_wconf 67' lang='lat'>“</span> 
     </span>
    </p>
   </div>
   <div class='ocr_carea' id='block_1_112' title="bbox 2161 5675 2528 5760">
    <p class='ocr_par' dir='ltr' id='par_1_112' title="bbox 2161 5675 2528 5744">
     <span class='ocr_line' id='line_1_113' title="bbox 2161 5675 2528 5744; baseline 0.016 -16"><span class='ocrx_word' id='word_1_869' title='bbox 2161 5695 2208 5726; x_wconf 77' lang='grc' dir='ltr'><strong>η.</strong></span> <span class='ocrx_word' id='word_1_870' title='bbox 2243 5692 2408 5744; x_wconf 61' lang='lat' dir='ltr'><strong>tut,</strong></span> <span class='ocrx_word' id='word_1_871' title='bbox 2439 5675 2528 5734; x_wconf 65' lang='lat' dir='ltr'><strong>iis</strong></span> 
     </span>
    </p>
   </div>
  </div>
