3974 6208
509 299 613 362 I03

1114 295 1380 354 EUSEBll
1416 291 1890 350 CIESARIENSIS
1915 291 2064 350 OPP.
2093 289 2274 348 PARS
2309 288 2374 348 Il.
2402 323 2473 334 ——
2507 284 3004 347 APOLOGETICA.

3602 285 3703 342 105

503 418 666 474 milia!
719 416 974 487 gentium,
1035 412 1224 466 'all'erte
1282 409 1524 490 Domino
1579 410 1802 480 gloriam
1847 411 2036 466 nomin‘

2151 409 2339 480 Κυρίῳ
2371 410 2424 462 αἱ
2460 409 2682 478 πατριαὶ
2725 407 2832 460 τῶν
2873 405 3070 458 ὲθνῶν⁵
3108 400 3359 473 ὲνέγκατε
3390 404 3467 475 τῷ
3516 403 3706 474 Κυρίῳ

503 513 622 580 ejus
644 509 710 574 ⁸¹,
753 529 772 561 ι
805 521 867 560 ac
903 505 1160 574 deinceps
1191 519 1203 554 :
1241 522 1260 554 ι
1283 502 1454 558 Dicite
1515 502 1567 554 iu
1609 501 1882 572 gentibus,
1905 501 2056 570 quod

505 599 760 655 Dominus
797 595 1058 666 regnavit.
1123 593 1329 648 Etenim
1360 593 1596 647 correxit
1648 593 1833 646 orbem
1873 600 2053 657 terra,

501 693 591 763 qui
643 707 748 746 non
795 688 1220 745 commovebitur
1275 688 1343 741 ".
1381 705 1399 737 ι
1456 684 1630 738 Etiam
1695 685 1808 740 haec
1863 694 2051 756 aperta

452 775 456 862 ἶ
499 789 646 838 sunt.

498 913 587 970 IX.
623 916 663 967 A
695 913 973 967 Zacharia.
1002 943 1071 952 —
1103 912 1421 966 Cunctorum
1462 913 1713 983 gentium,
1743 922 1795 966 et
1823 915 1910 983 qui
1939 930 2050 968 om-

569 985 714 1038 nium
743 983 1237 1052 superstitiosissimi
1285 993 1426 1046 sunt,
1464 979 1856 1051 Egyptiorum',
1892 987 2048 1038 unius

563 1063 616 1110 et
647 1056 753 1108 veri
775 1055 891 1114 Dei,
914 1064 975 1124 ret
1021 1054 1074 1124 in
1124 1052 1333 1124 spiritu,
1371 1067 1436 1124 ex:
1468 1052 1644 1124 divina
1695 1055 1821 1124 lege,
1851 1053 2050 1108 adora-

569 1126 746 1189 tionis,
771 1135 818 1179 et
846 1122 1159 1178 celebritatis
1182 1121 1428 1175 solemnis
1456 1123 1672 1192 agnitio.

571 1319 591 1353 ι
623 1299 688 1354 Ει
716 1299 838 1360 erit,
866 1299 1175 1368 quicunque
1206 1299 1398 1367 reliqui
1455 1299 1657 1354 fuerint
1687 1315 1750 1354 ex
1777 1300 2050 1358 universis

493 1391 764 1464 gentibus,
796 1405 916 1458 quae
941 1397 1206 1444 venerunt
1233 1402 1416 1442 contra
1467 1388 1822 1454 Hierusalem,
1859 1407 2051 1446 ascen-

493 1482 624 1535 dcnt
662 1480 951 1548 quotannis
988 1480 1288 1534 utadoreut
1307 1478 1505 1548 Regem
1543 1478 1827 1532 Dominmn
1869 1481 2047 1534 omni-

492 1579 788 1643 potentem,
821 1580 873 1625 et
896 1571 1411 1626 celebrentsolennc
1452 1572 1952 1626 tabernaculorum.
1988 1572 2052 1626 Et

491 1665 596 1718 erit
627 1683 640 1718 :
677 1663 996 1733 Quicunque
1046 1680 1155 1717 non
1203 1663 1547 1718 aseenderint
1597 1679 1663 1718 ex
1705 1666 1852 1719 omni
1906 1666 2048 1719 tribu

2153 499 2307 565 δόξαν
2344 500 2565 571 ὀνόματι
2599 498 2786 552 αὑτοῦ.
2834 517 2851 549 ι
2889 499 2996 550 Καὶ
3018 497 3170 568 ἑξῆςδ
3213 516 3232 548 ι
3268 498 3466 550 Εἴπατε
3504 497 3560 548 tv
3590 498 3704 552 τοῖς

2155 589 2358 643 ιθνεσιν
2382 607 2395 620 ·
2438 590 2495 642 '0
2521 587 2718 660 Κύριος
2739 587 3064 641 ἐϐασίλευσε.
3094 588 3202 642 Καὶ
3243 589 3352 659 γὰρ
3377 586 3703 657 κατώρθωσε

2153 681 2250 752 τὴν
2286 679 2624 751 οἰκουμένην,
2662 681 2782 750 ἣτις
2817 679 2878 732 οὐ
2919 679 3319 750 σαλευθήσεται,
3357 697 3375 730 ι
3403 677 3503 731 Καὶ
3533 677 3704 730 ταῦτα

2154 773 2318 844 σαφῆ.

2149 909 2228 961 Θθ.
2246 907 2384 962 Ἀπὸ
2409 907 2511 960 τοῦ
2537 909 2846 976 Ζαχαρίου.
2871 935 2941 976 7—
2960 903 3201 976 Πάντων
3227 900 3571 976 τῶνεθνῶν,
3586 901 3698 976 ’καὶ

2221 978 2338 1031 τῶν
2374 977 2531 1046 παρὰ
2581 962 2801 1040 star-Iac
2858 971 3486 1046 δεισιδαιμονεᾳτάςων

2221 1039 2563 1120 πτίῳνηὶοῦ
2587 1039 2794 1120 μόνου
2827 1044 2923 1098 καὶ
2964 1039 3225 1109 ἀληθοῦς
3248 1040 3432 1120 ⁵Θεοῦ,
3467 1040 3563 1120 καὶ
3593 1039 3704 1106 τῆς

2220 1117 2368 1171 κατὰ
2395 1117 2496 1170 τὸν
2520 1112 2676 1171 θεῖον
2699 1117 2884 1184 νόμον
2913 1112 3308 1181 πνευματικῆς
3335 1112 3611 1179 λατρείας
3641 1125 3702 1162 τε

2218 1188 2316 1242 καὶ
2355 1185 2565 1255 ἑορτῆς
2597 1185 2934 1254 ἐπίγνωσις.

2227 1319 2244 1352 ι
2300 1300 2408 1354 Καὶ
2453 1300 2625 1360 ἔσται,
2664 1299 2776 1352 ὅσοι
2804 1297 2869 1351 ἂν
2908 1293 3332 1363 καταλειφθῶσιν
3377 1295 3440 1345 ὲκ
3489 1293 3704 1345 πάντων

2151 1392 2256 1445 τῶν
2289 1392 2451 1445 ἐθνῶν
2484 1392 2738 1444 ἐλθόντων
2765 1390 2853 1442 ἐπὶ
2888 1385 3255 1460 Ἰερουσαλὴμ,
3286 1385 3378 1438 καὶ
3406 1385 3704 1454 ἀναϐήσον-

2149 1501 2236 1536 ται
2264 1485 2380 1535 κατ’
2411 1480 2649 1534 ἐνιαυτὸν
2678 1481 2769 1532 τοῦ
2793 1478 3162 1550 προσκυνῆσαι
3184 1476 3259 1547 τῷ
3283 1475 3488 1546 βασιλεῖ
3515 1476 3702 1546 Κυρίῳ

2149 1572 2542 1642 παντοκράτορι
2568 1610 2582 1633 ,
2630 1569 2721 1622 καὶ
2765 1568 2858 1621 τοῦ
2907 1567 3180 1638 ἑορτάζειν
3225 1567 3321 1636 τὴν
3371 1565 3558 1635 ἑορτὴν
3602 1565 3703 1634 τῆς

2149 1663 2543 1735 Σκηνοπηγίας.
2581 1663 2685 1714 Καὶ
2721 1661 2891 1724 ἔσται,
2937 1661 3049 1712 ὅσοι
3091 1659 3156 1713 ἂν
3205 1658 3277 1730 μὴ
3327 1657 3596 1711 ἀναϐῶσιν
3637 1659 3702 1710 ὲκ

491 1765 648 1812 terrae
669 1758 723 1810 in
753 1755 1109 1817 Hierusalem.
1153 1766 1211 1810 ut
1261 1757 1485 1811 adorent
1521 1755 1714 1826 Regem
1762 1755 2036 1812 Dominum

2152 1756 2328 1825 πάσης
2358 1755 2454 1825 τῆς
2485 1753 2654 1824 φυλῆς
2680 1753 2779 1823 τῆς
2805 1753 2905 1822 γῆς
2943 1753 3022 1814 είς
3057 1746 3424 1821 Ἰερουσαλὴμ,
3461 1759 3718 1837 προσκυέ

490 1848 930 1919 omnipotentem,
952 1855 1006 1902 et
1036 1849 1138 1918 ipsi
1160 1849 1268 1902 illis
1298 1848 1644 1917 adjicientur,
1691 1864 1797 1902 non
1823 1849 1928 1902 erit
1956 1865 2050 1902 su-

491 1953 586 2008 per
612 1954 706 1994 eos
747 1939 937 1994 imber.
974 1938 1125 2004 Quod
1173 1939 1220 1993 si
1272 1940 1447 1993 tribus
1475 1937 1693 2008 Egypti
1727 1954 1831 1992 nou
1859 1954 2048 1994 ascen-

489 2029 652 2094 derit,
682 2041 735 2084 et
779 2046 888 2084 non
917 2030 1146 2093 venerit,
1180 2038 1234 2084 et
1270 2045 1432 2099 super
1459 2029 1559 2084 hos
1591 2030 1695 2084 erit
1727 2031 1906 2093 ruina,
1940 2045 2046 2100 qua

487 2121 751 2188 percutiet
785 2119 1042 2175 Dominus
1086 2135 1276 2174 omnes
1317 2129 1522 2189 gentes,
1569 2136 1903 2190 quaecunque
1938 2136 2046 2174 non

491 2212 829 2266 ascenderint
862 2211 926 2264 ad
968 2211 1352 2265 celebrandum
1397 2213 1637 2267 solemne
1673 2212 2047 2268 tabernaculo-

488 2314 628 2352 rum.
656 2298 904 2371 481106
931 2300 1034 2354 erit
1082 2309 1364 2370 peccatum
1396 2299 1634 2371 Egypti,
1673 2310 1728 2356 et
1767 2311 2046 2370 peccatum

487 2391 727 2444 omnium
759 2391 1020 2460 gentium,
1078 2406 1414 2462 quacunque
1450 2408 1557 2445 non
1587 2392 1930 2446 ascenderint
1976 2392 2044 2446 ad

487 2480 870 2534 celebrandum
918 2481 1158 2536 solemne
1210 2483 1680 2536 tabernaculorum
1703 2480 1770 2533 ⁵⁸.
1804 2499 1822 2530 ι
1881 2479 2046 2536 Plane

488 2570 604 2625 haec
618 2575 957 2624 vocationem
987 2571 1226 2625 omnium
1259 2573 1498 2641 gentium
1529 2571 1830 2634 continent,
1859 2573 2044 2626 sisen-

486 2676 608 2715 sum
657 2662 916 2714 duntaxat
951 2671 1258 2732 spectemus
1284 2677 1494 2725 eorum,
1545 2679 1665 2731 quae
1688 2661 1754 2716 de
1787 2659 2042 2716 Hierusa-

484 2752 611 2813 lem,
644 2757 702 2806 et
723 2752 1034 2806 celebritate
1064 2752 1534 2808 tabernaculorum
1559 2753 1699 2806 dicta
1731 2762 1878 2816 sunt,
1922 2769 2042 2822 quae

483 2841 698 2912 quidem
748 2857 847 2897 suo
880 2843 1120 2912 tempore
1152 2848 1332 2911 aptam
1363 2842 1864 2912 interpretationem
1891 2843 2042 2898 habi~

483 2941 606 2988 tura
639 2942 788 2988 sunt.

484 3045 552 3104 Χ.
587 3047 664 3102 Ab
693 3047 859 3104 Isaia.
892 3079 962 3088 -—
985 3047 1286 3104 Declaratio
1313 3059 1370 3103 ut
1391 3049 1541 3104 electi
1583 3049 1688 3103 sint
1715 3049 1958 3119 apostoli,
1987 3058 2038 3103 et

1041 3130 1236 3172 vocata:
1277 3131 1467 3190 gentes.

561 3311 580 3344 ι
615 3291 731 3348 Hoc
787 3294 1018 3363 primum
1079 3295 1224 3360 bibe,
1267 3297 1377 3352 cito
1433 3297 1539 3361 l'ac,
1571 3297 1720 3368 regio
1770 3297 2035 3364 Zaliulon,

481 3394 625 3441 terra
655 3385 981 3457 Nepthalim,
1009 3395 1062 3442 et
1099 3389 1290 3459 reliqui
1340 3390 1432 3460 qui
1473 3393 1797 3446 maritimam
1833 3393 2040 3446 habita-

479 3480 552 3533 tis
581 3488 732 3533 trans
757 3477 1070 3542 Jordanem,
1117 3480 1336 3536 Galilaaa
1392 3483 1654 3552 gentium,
1685 3485 1912 3552 populus
1949 3499 2038 3538 se-

479 3571 616 3624 dens
645 3571 981 3625 intenebris.
1019 3570 1210 3626 Videte
1267 3573 1444 3628 lucem
1489 3588 1735 3644 magnam
1762 3576 1854 3644 qui
1886 3574 2037 3628 habi-

480 3663 610 3713 tatis
634 3662 686 3714 in
745 3661 964 3729 regione
992 3670 1047 3716 et
1075 3662 1267 3716 umbra
1317 3663 1528 3727 mortis,
1557 3663 1649 3717 lux
1696 3665 2036 3734 splendescet

479 3765 642 3821 cuper
664 3767 758 3807 vos
785 3752 848 3804 “.
879 3770 897 3802 ι

513 3863 604 3918 XI.
641 3863 719 3917 Ab
747 3863 945 3918 eodem.
978 3895 1047 3904 —
1076 3862 1380 3918 Declaratio
1432 3865 1716 3918 vocationis
1743 3867 1992 3936 gentium.

551 4059 569 4092 ι
605 4041 798 4095 Audite
843 4057 948 4105 me,
1007 4042 1222 4106 insulae,
1274 4042 1556 4108 attendite,
1606 4052 1810 4115 gentes.
1867 4045 2032 4103 Multo

475 4140 716 4202 tempore
760 4134 956 4196 stabit,
994 4133 1128 4186 dicit
1189 4133 1447 4190 Dominus
1480 4135 1548 4189 ".
1591 4156 1610 4188 ι
1644 4136 1851 4202 Quibus
1881 4138 2032 4192 dein-

474 4237 602 4292 ceps
625 4233 680 4276 et
710 4224 776 4277 de
805 4226 1053 4292 gentibus
1083 4227 1306 4295 pariter,
1335 4235 1387 4280 et
1417 4227 1485 4282 de
1522 4227 1741 4284 Christo
1763 4231 2027 4300 adiungit:

478 4331 500 4366 ι
542 4313 680 4367 Ecce
715 4315 835 4368 dedi
889 4324 940 4369 te
983 4319 1038 4369 in
1092 4325 1473 4374 testamentum
1503 4323 1737 4391 generis,
1771 4323 1824 4376 in
1857 4325 2030 4378 lucem

473 4407 732 4476 gentium,
774 4415 830 4458 ut
879 4408 954 4461 sis
1001 4409 1054 4460 iu
1111 4410 1338 4465 salutem
1387 4428 1559 4482 usque
1615 4414 1682 4467 ad
1723 4424 2025 4469 extremum

471 4504 630 4550 terra:
654 4497 718 4550 ⁵⁸.
749 4515 768 4548 ι
790 4497 1053 4552 Caeterum
1093 4502 1507 4557 innumerabilia
1541 4504 1655 4573 ipse
1679 4521 1894 4575 quoque
1939 4506 2025 4559 iu-

469 4588 674 4651 venies,
703 4589 898 4658 quibus
923 4605 1008 4654 ea,
1033 4608 1151 4661 quae
1179 4595 1427 4664 gentibus
1459 4597 1723 4666 promissa
1744 4607 1871 4653 sunt
1897 4616 2016 4652 cou-

469 4682 732 4746 tinentur,
794 4699 887 4753 per
949 4699 1139 4742 omnes
1189 4689 1480 4759 prophetas
1531 4691 1796 4762 dispersa,
1828 4694 2026 4762 quibus

469 4789 601 4829 sane
629 4774 683 4828 in
738 4777 1024 4845 praesentia
1043 4817 1058 4842 ,
1099 4797 1274 4851 neque
1298 4783 1634 4853 colligendis,
1665 4799 1835 4854 neque
1857 4786 2026 4841 inter-

468 4868 745 4938 pretandis
781 4876 996 4940 tempus
1025 4870 1198 4938 adest,
1231 4875 1448 4930 tametsi
1497 4876 1663 4929 multa
1697 4876 1764 4929 ad
1796 4876 2021 4932 demon-

467 4960 748 5014 strandum
780 4961 830 5014 id
861 4963 1004 5032 quod
1032 4965 1369 5034 propositum
1403 4974 1508 5028 est,
1555 4967 1612 5020 in
1650 4967 2021 5036 superioribus

467 5049 754 5104 habentur.
783 5050 896 5106 lloc
947 5061 1125 5107 autem
1161 5055 1262 5108 luit
1292 5055 1582 5111 ostendere.
1617 5058 1718 5120 eis,
1765 5060 1856 5128 qui
1887 5073 2020 5128 quo-

465 5143 608 5196 niam
639 5159 702 5197 ex
729 5145 1143 5202 circumcisione
1187 5157 1347 5210 sunt,
1376 5151 1572 5220 seipsis
1605 5151 1757 5206 valde
1784 5152 2021 5221 glorian-

465 5244 552 5288 tur
585 5246 637 5290 et
670 5238 1008 5306 superhiunt,
1031 5241 1185 5308 quasi
1223 5256 1283 5296 se
1306 5258 1446 5298 unos
1471 5242 1610 5298 Deus
1641 5243 1861 5313 reliquis
1889 5259 2022 5313 gen-

463 5325 608 5380 tibus
635 5331 998 5398 proposuerit,
1026 5348 1193 5402 seque
1224 5349 1362 5388 unos
1384 5334 1577 5404 dignos
1603 5335 2015 5396 existimaverit,

463 5417 661 5486 quibus
688 5434 808 5488 qua:
841 5422 1019 5477 futura
1058 5426 1515 5487 crant,divinitus
1548 5433 2014 5494 promitterentur,

462 5509 595 5563 nihil
638 5511 770 5580 ipsis
814 5525 1074 5570 seorsum
1101 5519 1363 5574 acaeteris
1411 5520 1685 5583 omnibus,
1730 5519 1785 5573 in
1815 5520 2014 5575 divinis

531 5697 574 5730 "
605 5695 746 5751 Psal.
777 5708 896 5758 xcv,
921 5699 969 5754 7.
1027 5701 1071 5732 "
1103 5699 1231 5755 ibid.
1277 5701 1360 5757 10.
1434 5701 1480 5734 ⁸³
1514 5701 1675 5756 Zach.
1704 5718 1813 5756 xlv.
1849 5702 2031 5758 16-19.
2104 5703 2148 5732 "
2183 5703 2279 5757 lsa.
2321 5719 2393 5767 Is,

2149 1846 2307 1915 νῆσαι
2348 1845 2423 1916 τῷ
2470 1846 2675 1916 βασιλεί
2711 1844 2900 1915 Κυρίῳ
2942 1842 3336 1914 παντοκράτορι
3361 1881 3375 1905 ,
3413 1841 3504 1894 καὶ
3547 1842 3700 1894 αὐτοὶ

2147 1937 2370 2001 ἐκείνοις
2413 1937 2882 2008 προστεθήσονται.
2925 1937 3047 1990 Ἐὰν
3082 1936 3137 1988 δὲ
3161 1936 3297 2005 φυλὴ
3329 1934 3600 2003 Αἰγύπτου
3627 1934 3697 2004 μὴ

2145 2029 2339 2099 ἀναϐῇ,
2388 2029 2522 2100 μηδὲ
2545 2029 2694 2100 ἔλθῃ,
2721 2029 2813 2082 καὶ
2846 2031 2937 2082 ἐπὶ
2968 2028 3186 2092 τούτους
3217 2027 3367 2080 ἕσται
3395 2029 3427 2096 ἡ
3471 2025 3694 2088 πτῶσις,

2145 2114 2179 2193 ᾖ
2211 2121 2434 2184 πατάξει
2462 2119 2662 2192 Κύριος
2708 2122 2882 2174 πάντα
2909 2121 2974 2173 τὰ
3008 2120 3154 2191 ἔθνη,
3184 2121 3283 2172 ὅσα
3315 2118 3380 2172 ἂν
3415 2116 3486 2188 μὴ
3524 2118 3694 2187 ἀναϐῇ

2144 2212 2238 2266 τοῦ
2279 2214 2532 2284 ἑορτάσαι
2585 2214 2681 2284 τὴν
2726 2214 2914 2284 ἑορτὴν
2964 2214 3062 2282 τῆς
3106 2209 3498 2280 Σκηνοπηγίας.
3549 2207 3695 2276 Αὕτη

2143 2303 2292 2357 ἔσται
2335 2308 2367 2376 ἡ
2401 2307 2641 2376 ἁμαρτία
2675 2306 2966 2373 Αἰγύπτου,
3000 2306 3091 2356 καὶ
3120 2307 3152 2373 ἡ
3195 2301 3435 2372 ἁμαρτία
3481 2300 3712 2351 πάντων.

2141 2394 2248 2446 τῶν
2288 2395 2473 2455 ἐθνῶν,
2500 2397 2597 2448 ὅσα
2631 2395 2694 2448 ἂν
2730 2396 2802 2466 μὴ
2829 2395 2999 2463 ἀναϐῇ
3035 2393 3125 2446 τοῦ
3166 2390 3414 2462 ἑορτάσαι
3442 2391 3538 2460 τὴν
3578 2390 3698 2458 top-

2141 2486 2237 2558 τὴν
2286 2487 2386 2556 τῆς
2435 2487 2826 2556 Σκηνοπηγίας.
2872 2504 2889 2535 ι
2918 2485 3108 2553 Σαφῶς
3144 2485 3235 2536 καὶ
3286 2481 3455 2535 ταῦτα
3505 2480 3694 2551 κλῆσιν

2141 2579 2390 2630 ἁπάντων
2429 2577 2536 2630 τῶν
2568 2577 2737 2629 ἐθνῶν
2771 2575 3030 2647 περιέχει.
3061 2576 3198 2628 κατὰ
3241 2575 3476 2626 διάνοιαν
3526 2572 3693 2642 μόνην

2141 2669 2521 2740 θεωρουμένων
2552 2669 2656 2721 τῶν
2689 2668 2816 2738 περ).
2841 2669 2940 2737 τῆς
2978 2667 3346 2738 Ἰερουσαλὴμ.
3376 2666 3468 2718 καὶ
3489 2665 3683 2734 Σκηνο·

2140 2759 2338 2828 πηγίας
2364 2758 2682 2830 εἰρημένων,
2710 2758 2744 2812 ἃ.
2777 2758 2869 2812 καὶ
2893 2757 3030 2812 κατὰ
3054 2756 3241 2828 καιρὸν
3264 2758 3359 2826 τῆς
3393 2753 3695 2826 προσηκού-

2141 2865 2238 2918 σης
2261 2847 2502 2912 τεύξεται
2535 2848 2845 2919 ἑρμηνείας.

2139 3054 2195 3111 l'.
2240 3055 2379 3112 Ἀπὸ
2420 3054 2524 3108 τοῦ
2580 3053 2836 3108 Ἡσαΐου.
2869 3081 2938 3092 -
2967 3049 3236 3114 Δήλωσις
3262 3047 3372 3115 τῆς
3403 3045 3521 3100 τῶν
3543 3046 3690 3099 dm»

2207 3129 2442 3181 στόλων
2498 3123 2754 3192 ἐκλογῆς
2809 3122 2905 3176 καί
2962 3120 3070 3188 τῆς
3128 3117 3244 3171 τῶν
3301 3117 3490 3172 ἐθνῶν
3545 3115 3689 3182 κλῆδ

2207 3214 2377 3264 σεως.

2211 3329 2230 3362 ι
2269 3309 2437 3363 Τοῦτο
2460 3307 2671 3380 πρῶτον
2700 3305 2812 3368 πίε,
2838 3304 2974 3375 ταχυ
3016 3303 3176 3364 ποίει,
3208 3299 3357 3370 χώρα
3387 3295 3690 3358 Ζαϐουλὼν,

2135 3401 2170 3472 ἡ
2215 3399 2284 3470 γῆ
2326 3399 2660 3470 Νεφθαλεὶμ,
2703 3397 2800 3450 καὶ
2851 3397 2900 3448 οἱ
2949 3394 3122 3448 λοιποὶ
3171 3395 3219 3445 οἱ
3273 3391 3370 3462 τὴν
3419 3388 3689 3460 παραλίαν

2135 3491 2306 3562 πέραν
2336 3491 2430 3546 τοῦ
2470 3489 2750 3562 Ἰορδάνου,
2781 3487 3032 3540 Γαλιλαία
3072 3485 3177 3538 τῶν
3219 3482 3405 3544 ἐθνῶν,
3438 3484 3465 3533 ὁ
3499 3478 3621 3540 λαὸς
3663 3479 3690 3532 ὁ

2135 3582 2435 3654 καθήμενος
2465 3583 2520 3634 tv
2551 3582 2746 3634 σκότει.
2785 3579 2949 3632 Ἴδετε
2978 3577 3092 3646 φῶς
3129 3576 3268 3646 μέγα
3294 3577 3343 3628 οἱ
3377 3571 3688 3626 κατοικοῦν-

2133 3693 2224 3739 τες
2244 3677 2300 3728 tv
2321 3674 2472 3746 χώρᾳ
2487 3675 2578 3728 καὶ
2594 3675 2721 3744 σκιᾷ
2741 3673 2992 3735 θανάτου,
3012 3670 3124 3738 φῶς
3145 3667 3346 3739 λάμψει
3365 3667 3447 3736 ἐφ’
3472 3666 3634 3735 ὑμᾶς.
3665 3682 3684 3714 ι

2132 3878 2232 3930 lA'.
2280 3873 2420 3930 Ἀπὸ
2448 3872 2553 3927 τοῦ
2580 3871 2784 3926 αὑτοῦ.
2814 3901 2884 3912 --
2920 3868 3033 3935 Τῆς
3055 3867 3175 3922 τῶν
3202 3865 3390 3922 ἐθνῶν
3415 3865 3687 3932 κλήσεως

2763 3940 3048 4008 δήλωσις.

2208 4074 2226 4107 ι
2272 4053 2558 4109 Ἀκούσατέ
2587 4071 2705 4124 μου,
2737 4053 2910 4122 νῆσοι,
2941 4051 3035 4104 καὶ
3061 4048 3372 4123 προσέχετε,
3409 4047 3552 4119 ἔθνη.
3590 4048 3685 4100 Διά

2130 4148 2317 4219 χρόνου
2371 4144 2560 4199 πολλοῦ
2611 4145 2884 4214 στήσεται,
2918 4142 3063 4210 λέγει
3101 4141 3321 4212 Κύριος.
3367 4160 3384 4193 ι
3441 4135 3534 4204 Οἷς
3559 4139 3685 4210 ἑξῆς

2128 4235 2263 4307 ὀμοῦ
2300 4236 2425 4307 περὶ
2455 4235 2559 4286 τῶν
2594 4233 2759 4286 ἐθνῶν
2807 4234 2899 4286 καὶ
2937 4235 3064 4304 περὶ
3101 4233 3192 4286 τοῦ
3236 4233 3468 4304 Χριστοῦ
3507 4232 3685 4285 ἐπιλέ-

2129 4345 2234 4396 γει*
2272 4347 2290 4379 ι
2343 4327 2470 4380 Ἰδοὺ
2490 4324 2694 4408 δέξωκά
2724 4341 2781 4378 σε
2814 4328 2892 4388 εἰς
2918 4325 3178 4397 διαθήκην
3211 4325 3418 4394 γένους,
3459 4326 3536 4387 είς
3568 4324 3685 4392 φῶς

2129 4417 2316 4482 ἐθνῶν,
2341 4417 2435 4470 τοῦ
2459 4414 2594 4470 εἶναι
2622 4433 2680 4470 σε
2715 4417 2983 4488 σωτηρίαν
3006 4416 3108 4481 ἕως
3134 4419 3358 4487 ἐσχάτου
3385 4417 3480 4488 τῆς
3508 4417 3626 4488 γῆς,
3661 4438 3678 4466 ι

2127 4511 2310 4582 Μυρία
2349 4511 2392 4564 δ’
2439 4509 2504 4564 ἂν
2547 4511 2724 4580 εὕροις
2756 4510 2848 4562 καὶ
2876 4509 3031 4570 αὐτὸς
3065 4509 3130 4562 δι’
3155 4508 3289 4561 ὅλων
3326 4508 3430 4561 τῶν
3467 4525 3683 4580 προφηο

2125 4604 2232 4656 τῶν
2265 4602 2683 4672 κατεσπαρμένα
2708 4601 2764 4652 ὲν
2795 4599 3142 4666 ἐπαγγελίαις
3172 4599 3281 4651 τῶν
3322 4599 3508 4662 ἐθνῶν,
3540 4598 3684 4670 άπερ

2125 4697 2215 4748 ἐπὶ
2247 4694 2336 4748 τοῦ
2388 4694 2646 4766 παρόντος
2693 4691 2815 4745 οὔτε
2861 4690 3160 4774 ἁναλέγειν,
3194 4690 3317 4742 οὔτε
3364 4691 3682 4763 ἑρμηνεύειν

2124 4787 2332 4856 καιρὸς,
2357 4785 2495 4856 πλὴν
2526 4783 2684 4837 ἱκανὰ
2713 4784 2967 4854 τυγχάνει
2990 4771 3097 4836 καί
3115 4782 3182 4834 τὰ
3219 4782 3544 4854 προτεθέντα
3574 4800 3681 4836 πα·

2127 4880 2386 4951 ραστῆσαι
2415 4877 2474 4930 τὸ
2515 4875 2890 4949 προκείμενον.
2924 4876 3093 4929 Τοῦτο
3121 4876 3165 4929 δ’
3195 4871 3261 4946 ἦν
3290 4880 3400 4938 τοῖς
3427 4879 3489 4930 ὲκ
3523 4893 3679 4947 περι⁴

2121 4969 2291 5040 τομῆς
2331 4970 2472 5039 μέγα
2503 4969 2584 5036 ἐφ’
2617 4969 2829 5030 ἑαυτοῖς
2863 4966 3086 5036 αὐχοῦσι
3120 4968 3214 5020 καὶ
3245 4968 3678 5037 σεμνυνομένοις,

2123 5063 2198 5125 ὡς
2220 5061 2311 5114 τοῦ
2335 5061 2469 5114 Θεοῦ
2503 5061 2694 5132 μόνους
2717 5062 2910 5124 αὐτοὺς
2936 5061 3043 5113 τῶν
3068 5061 3266 5114 λοιπῶν
3295 5063 3462 5114 ἐθνῶν
3495 5079 3677 5130 προτι-

2125 5155 2410 5224 μήσαντος,
2443 5154 2537 5206 καὶ
2571 5153 2759 5223 μόνους
2801 5151 2907 5204 τῶν
2940 5153 3095 5205 θείων
3133 5153 3469 5221 ἐπαγγελιῶν
3510 5171 3677 5220 κατ-ηε

2123 5241 2392 5308 ξιωκότος,
2450 5243 2708 5308 ἐπιδεῖξαι
2756 5243 2830 5306 ὡς
2856 5243 3006 5296 οὐδὲν
3064 5247 3304 5314 κρεῖττον
3360 5242 3508 5314 παρὰ
3554 5245 3676 5304 τοὺς

2119 5335 2337 5398 λοιποὺς
2387 5335 2628 5397 ἅπαντας
2674 5333 2818 5397 ἰδίως
2854 5335 3035 5398 αὐτοῖς
3067 5337 3124 5388 tv
3153 5338 3271 5400 ταῖς
3302 5335 3470 5399 θείαις
3503 5335 3676 5404 ἐπήγ-

2124 5427 2302 5497 γελται
2327 5427 2694 5496 ὑποσχέσεσιν.
2713 5427 2848 5479 -Ὅτε
2875 5427 3051 5480 τοίνυν
3075 5427 3368 5497 ἀπεδείχθη
3390 5427 3496 5480 τῶν
3521 5425 3676 5479 θείων

2123 5517 2455 5587 ἐπαγγελιῶν
2493 5517 2564 5570 τὰ
2604 5517 2728 5587 ἔθνη
2763 5520 3162 5588 κατηξιωμένα,
3191 5520 3322 5591 φέρε
3353 5519 3545 5574 ’λοιπὸν
3576 5517 3683 5588 ἠδη

2431 5701 2532 5768 ’,(2.
2612 5704 2654 5734 ⁵⁵
2684 5703 2784 5758 lsa.
2810 5719 2955 5766 sus,
2987 5703 3033 5755 l.
3102 5702 3146 5732 ""
3176 5701 3308 5756 ibid.
3337 5701 3388 5759 6.
