4068 6206
403 266 508 324 1θὸ

1321 267 1972 328 DEMONSTRATIONIS
2011 262 2472 320 ΕἾΑΝΕΕΙᾸΟΛΕ
2511 266 2639 323 LIB.
2675 267 2738 322 II.

3531 272 3632 330 ίυϐ

395 384 493 437 καὶ
519 383 580 436 τὸ
619 384 685 438 δι’
715 380 777 442 οὗ
807 387 875 440 τὰ
914 387 1037 459 ἔθνη
1063 388 1161 458 τῆς
1187 389 1281 442 τοῦ
1314 389 1447 443 Θεοῦ
1471 390 1716 462 κλήσεως
1745 389 1838 442 καὶ
1863 386 1946 440 τιῖν

2072 381 2527 452 promissionibus
2557 397 2680 438 esse
2707 381 3062 452 promissum.
3087 381 3318 449 Quando
3345 384 3511 456 igitur
3536 387 3631 442 de-

391 475 558 529 θείων
609 478 949 546 ἐπαγγελιῶν
993 478 1272 543 τεύξεσθαι
1317 479 1568 550 λέγεται,
1624 477 1962 548 θεασώμεθα.

391 564 576 618 Καλὸν
609 567 720 638 γὰρ
759 568 852 622 καὶ
898 570 992 640 τὴν
1037 571 1211 623 αἰτίαν
1252 573 1475 625 συνιδεῖν
1519 571 1616 642 τὴν
1647 574 1755 634 τοῖς
1789 569 1964 624 ἔθνεσι

392 657 466 710 τὰ
493 659 678 726 ἀγαθὰ
707 661 1051 732 προξενήσειν
1077 662 1390 734 λεγομένην.
1427 665 1520 726 Τίς
1551 663 1595 716 δ’
1625 664 1689 716 ἂν
1719 663 1802 731 εἴη
1827 662 1961 731 αὕτη

393 750 432 821 ἦ
468 751 562 803 τοῦ
593 750 828 821 Χριστοῦ
862 754 1148 823 παρουσία,
1181 755 1247 807 δι’
1276 751 1336 809 οὗ
1371 755 1462 808 καλ⁵
1489 757 1535 807 οἱ
1570 757 1632 808 ἐκ
1667 753 1962 825 περιτομῆς

389 844 494 913 τὴν
519 843 724 896 ἑαυτῶν
752 843 1065 914 ὁμολογοῦσι
1087 846 1406 918 γενήσεσθαι
1428 845 1798 917 ἀπολύτρωσιν
1814 861 1828 909 ;
1847 847 1964 896 Δει-

391 938 554 988 κτέον
583 936 778 999 τοίνυν,
809 937 883 1000 ὼς
912 939 1004 991 καὶ
1023 941 1056 1009 ἡ
1085 939 1184 1008 τῆς
1209 939 1314 992 τῶν
1345 939 1510 992 ἐθνῶν
1525 939 1773 1010 -κλήσεως
1805 954 1965 1009 προσ-

393 1028 552 1080 δοκία
576 1027 680 1079 οὐδ’
705 1027 778 1096 (1)
800 1027 958 1099 ἐτέρα
974 1046 1055 1091 τις
1072 1029 1335 1100 ὑπῆρχεν,
1353 1030 1385 1099 ἣ
1405 1029 1565 1091 αὐτὸς
1579 1029 1607 1080 ὁ
1624 1027 1852 1098 Χριστὸς
1869 1025 1960 1078 τοῦ

392 1117 550 1181 Θεοῦ,
581 1119 640 1169 οὐ
669 1120 825 1188 μόνον
865 1119 1156 1184 Ἰουδαίοις,
1185 1120 1316 1172 ἀλλὰ
1346 1122 1440 1173 καὶ
1463 1121 1595 1172 πᾶσι
1629 1122 1738 1182 τοῖς
1787 1118 1962 1171 ἔθνεσι

395 1207 588 1277 Σωτὴρ
618 1209 1097 1278 ἐπιφανησόμενος.
1130 1212 1414 1282 Χρῆσομαι
1453 1211 1509 1263 δὲ
1546 1210 1612 1263 τὰ
1643 1209 1737 1263 νῦν
1779 1209 1961 1278 ψιλαῖς

391 1297 502 1350 τῶν
553 1291 840 1367 προφητῶν
886 1301 1208 1372 μαρτυρίαις
1252 1303 1371 1371 δίχα
1423 1303 1603 1372 πάσης
1643 1302 1953 1373 ἑρμηνείας,

389 1388 490 1440 ἐπὶ
520 1387 707 1456 σχολῆς
733 1387 936 1458 μέλλων
966 1389 1200 1460 ἑκάστην
1229 1393 1308 1453 εἰς
1329 1391 1526 1454 πλάτος
1546 1391 1919 1462 διερμηνεύειν
1939 1409 1952 1421 ·

393 1477 540 1530 ἐπὰν
568 1479 661 1530 σὺν
688 1476 804 1547 Θεῷ
832 1478 931 1543 τὰς
964 1480 1090 1550 περὶ
1122 1481 1228 1536 τῶν
1257 1481 1422 1534 ἐθνῶν
1480 1483 1811 1554 προρρήσεις
1838 1498 1960 1534 συν-

389 1575 612 1643 αγαγὼν
637 1575 768 1646 ὁμοῦ
805 1575 980 1638 πάσας
1003 1576 1373 1649 διερμηνεύειν
1409 1576 1672 1649 μέλλοιμι.

2063 480 2427 528 monstratum
2449 479 2552 536 est,
2583 480 2772 543 gentes
2809 488 3024 544 quoque
3065 474 3372 532 divinorum
3399 476 3630 548 promis-

2064 581 2246 620 sorum
2275 565 2596 620 beneﬁcium
2641 581 2764 620 esse
2809 574 3156 630 consecutas,
3211 584 3311 638 age
3335 569 3448 640 jam
3470 571 3594 628 dein
3614 603 3630 614 -

2061 673 2188 726 ceps
2205 656 2461 726 quidnam
2493 655 2626 710 illud
2663 659 2760 721 sit,
2817 674 2883 712 ex
2911 673 3022 729 quo
3065 667 3254 730 gentes
3294 669 3348 716 et
3383 663 3624 720 vocatio-

2063 749 2150 803 nis
2178 747 2268 804 Dei
2327 757 2380 803 et
2413 748 2720 803 divinorum
2773 751 3164 820 promissorum
3224 766 3499 824 compotes
3543 757 3628 812 fu-

2059 853 2192 896 tura:
2246 841 2542 904 dicuntur,
2597 843 3046 912 contemplemur.
3119 843 3414 911 Pulchrum
3481 850 3625 908 enim

2063 943 2147 988 est
2196 949 2419 990 causam
2461 949 2790 1005 cognoscere
2824 974 2844 998 ,
2883 951 3005 1005 qua:
3049 939 3177 991 talia
3232 939 3372 992 bona
3413 939 3627 995 dicatur

2062 1043 2182 1082 esse
2214 1028 2465 1098 gentibus
2501 1029 2856 1081 conciliatura
2880 1067 2894 1092 ,
2927 1045 3174 1099 quaenam
3205 1046 3367 1100 porro
3409 1033 3513 1088 alia
3559 1036 3630 1090 sit

2065 1117 2196 1180 hare,
2232 1133 2392 1187 quam
2412 1117 2617 1172 Christi
2663 1117 2968 1175 adventus?
3019 1136 3115 1189 per
3159 1136 3317 1190 quem
3344 1121 3380 1174 ii
3410 1137 3628 1192 quoque

2063 1211 2153 1280 qui
2181 1227 2246 1264 ex
2273 1211 2689 1267 circumcisione
2721 1222 2868 1274 sunt,
2905 1227 3058 1268 suam
3099 1212 3333 1266 futuram
3380 1229 3501 1268 esse
3535 1229 3624 1269 reo

2062 1303 2420 1373 demptionem
2453 1303 2926 1359 confitentur?Est
2956 1305 3118 1374 igitur
3145 1305 3625 1360 demonstrandum

2065 1394 2531 1464 exspectationem.
2600 1395 2901 1450 vocationis
2966 1397 3205 1464 gentium
3289 1411 3396 1450 non
3465 1396 3623 1450 aliam

2065 1487 2370 1556 quampiam
2395 1487 2586 1546 fuisse.
2634 1502 2789 1556 quam
2841 1485 2950 1558 49
2976 1487 3152 1556 ipsum
3192 1485 3474 1541 Christum
3507 1483 3623 1550 Dei,

2067 1579 2157 1648 qui
2197 1595 2306 1632 non
2337 1580 2510 1634 solum
2533 1578 2757 1639 Iudaeis.
2783 1579 2877 1633 sed
2905 1577 3067 1632 etiam
3089 1576 3344 1631 omnibus
3371 1576 3626 1646 gentibus

391 1665 726 1720 Salvatorem
780 1681 840 1722 se
897 1667 1061 1723 fuerit
1099 1670 1461 1724 exhibiturus.
1519 1668 1652 1724 Utar
1674 1683 1802 1724 vero
1851 1683 1996 1723 nunc
2054 1671 2215 1727 nudis
2264 1671 2647 1741 prophetarum
2691 1668 3018 1726 testimoniis
3091 1668 3299 1739 absque
3363 1665 3471 1724 ulla
3523 1669 3626 1725 ‘in-

389 1762 796 1828 terpretatione,
834 1764 944 1816 otio
967 1772 1088 1832 post
1119 1764 1370 1818 liberiore
1401 1763 1824 1834 unumquodque
1847 1779 2034 1818 eorum
2065 1765 2226 1819 latius
2255 1765 2706 1836 iuterpretaturus
2727 1780 2738 1816 :
2759 1763 3219 1835 quandoquidem,
3253 1762 3465 1818 favente
3491 1762 3622 1832 Deo,

391 1854 479 1908 ubi
509 1855 690 1907 omnia
721 1871 841 1925 qua:
887 1856 953 1910 de
985 1858 1235 1926 gentibus
1261 1857 1510 1927 praedicta
1541 1866 1668 1914 sunt
1696 1859 1749 1912 in
1785 1875 1951 1913 unum
1992 1874 2240 1929 coegero,
2274 1859 2388 1930 ipsa
2419 1858 2532 1913 haec
2564 1859 2912 1928 interpretari
2936 1857 3224 1913 constitui.

921 1971 1316 2027 ΚΕΦΑΛΑΙΟΝ
1363 1975 1438 2028 B'.

388 2083 583 2149 Ὅπως
614 2087 666 2137 οἱ
707 2087 873 2139 αὐτοὶ
916 2085 1013 2139 ἐπὶ
1057 2085 1132 2153 τῇ
1179 2087 1284 2140 τοῦ
1333 2087 1587 2154 Χριστοῦ
1631 2089 1950 2157 παρουσίᾳ,

455 2175 575 2242 τὴν
603 2177 705 2230 τοῦ
741 2180 928 2231 πάλαι
959 2180 1095 2246 παρ’
1139 2179 1422 2246 Ἑϐραίοις
1451 2182 1640 2248 μόνου
1671 2197 1953 2251 γινωσκο-

451 2268 640 2338 μένου
665 2269 811 2322 Θεοῦ
838 2269 1064 2339 γνῶσίν
1088 2287 1150 2322 τε
1175 2271 1269 2322 καὶ
1299 2270 1628 2335 εὐσέϐειαν,
1664 2270 1858 2323 πάντα
1881 2269 1952 2322 τὰ

452 2361 600 2428 ἔθνη
627 2361 1003 2430 μαθήσεσθαι
1035 2360 1477 2430 προεθέσπιζον.

382 2473 486 2526 1Β’.
528 2473 660 2526 Ἀπὸ
691 2473 796 2527 τοῦ
838 2473 1081 2544 ψαλμοῦ
1115 2473 1179 2544 β’.
1210 2507 1278 2515 --
1321 2473 1590 2542 Δήλωσις
1630 2475 1950 2544 ἐπιϐουλῆς

453 2545 560 2598 τοῦ
589 2543 864 2612 Χριστοῦ,
907 2543 1006 2596 καὶ
1047 2543 1227 2609 αὐτὸς
1271 2546 1776 2612 ἀναγορευόμενος
1820 2543 1950 2612 Υἱὸς

457 2615 625 2674 Θεοῦ,
667 2614 897 2681 κλῆρόν
953 2631 1013 2666 τε
1065 2617 1137 2667 τὰ
1189 2617 1334 2683 ἔθνη
1377 2615 1534 2682 παρὰ
1572 2615 1675 2668 τοῦ
1720 2616 1949 2684 Πατρός

451 2684 788 2754 λαμϐάνων.

457 2800 618 2852 «Ἵνα
653 2799 707 2851 τί
772 2797 1045 2868 ἐφρύαξαν
1095 2797 1244 2868 ἔθνη,
1301 2798 1390 2850 καὶ
1443 2796 1561 2850 λαοὶ
1616 2797 1948 2869 ἐμελέτησαν

377 2890 548 2952 κενάς
584 2891 940 2961 Παρέστησαν
974 2892 1020 2942 οὶ
1062 2889 1298 2960 βασιλεῖς
1344 2889 1444 2958 τῆς
1475 2890 1595 2959 γῆς,
1641 2891 1732 2943 καὶ
1763 2892 1811 2942 οἱ
1847 2891 1946 2960 ἄρ-

376 2996 564 3050 χοντες
593 2978 937 3049 συνήχθησαν
969 2978 1062 3030 ἐπὶ
1093 2979 1151 3030 τὸ
1181 2977 1311 3030 αὐτὸ
1344 2977 1485 3031 κατὰ
1506 2977 1598 3031 τοῦ
1627 2977 1829 3049 Κυρίου
1857 2982 1948 3033 καὶ

375 3072 524 3125 κατὰ
554 3072 646 3124 τοῦ
679 3071 910 3142 Χριστοῦ
950 3072 1132 3135 αὑτοῦ,
1175 3090 1194 3122 ι
1233 3072 1323 3125 καὶ
1355 3071 1422 3124 τὰ
1452 3071 1578 3141 ἑξῆς
1609 3089 1621 3101 °
1655 3066 1734 3135 οἷς
1768 3072 1949 3125 ἐπιλέ-

377 3179 502 3232 γει·
545 3183 562 3214 ι
599 3163 796 3234 Κύριος
842 3159 961 3216 εἷπε
1006 3163 1141 3234 πρὸς
1177 3163 1242 3234 μέ
1276 3181 1288 3192 ·
1338 3163 1465 3226 Υἱός
1494 3181 1592 3234 μου
1627 3159 1676 3217 εἷ
1719 3164 1802 3227 σὺ,
1838 3163 1947 3233 ἐγὼ

380 3256 624 3326 σήμερον
645 3256 936 3326 γεγέννηκά
965 3271 1041 3307 σε.
1078 3257 1306 3325 Αἴτησαι
1333 3255 1460 3324 παρ’
1492 3255 1646 3326 ἐμοῦ,
1675 3255 1766 3308 καὶ
1791 3253 1946 3308 δώσω

386 3363 473 3400 σοι
517 3347 640 3417 ἔθνη
673 3348 1021 3420 κληρονομίαν
1063 3365 1180 3411 σου,
1213 3347 1306 3400 καὶ
1333 3348 1431 3418 τὴν
1469 3348 1795 3418 κατάσχεσίν
1843 3365 1938 3400 σου

377 3439 454 3492 τὰ
487 3440 692 3510 πέρατα
730 3443 823 3511 τῆς
855 3440 977 3511 γῆς.
1026 3459 1044 3492 ι

371 3554 475 3608 ῙΓ.
521 3555 645 3607 Ἀπό
674 3555 776 3607 τοῦ
799 3555 1037 3623 ψαλμοῦ
1059 3561 1152 3608 οα’.
1175 3587 1244 3596 -
1262 3554 1530 3622 Δήλωσις
1561 3554 1812 3620 Χριστοῦ
1828 3554 1943 3617 βα-

443 3628 678 3694 σιλείας
702 3627 799 3678 καὶ
831 3626 1098 3694 κλήσεως
1118 3623 1326 3688 ἐθνῶν,
1349 3624 1444 3678 καὶ
1468 3626 1680 3678 πασῶν
1698 3623 1814 3678 τῶν
1832 3641 1942 3692 εαυ-

442 3693 572 3748 λῶν
599 3695 706 3762 τῆς
733 3695 846 3762 τῆς
872 3693 1134 3764 εὐλογίαι

447 3805 467 3838 ι
524 3788 580 3839 ὐ
609 3788 758 3850 Θεὸς,
808 3788 868 3839 τὸ
899 3789 1072 3858 κρῖμα
1111 3805 1203 3842 σου
1234 3788 1313 3858 τῷ
1347 3787 1555 3858 βασιλεῖ
1585 3787 1671 3851 δὸς
1713 3787 1808 3840 καὶ
1843 3784 1938 3858 τὴν

367 3875 718 3947 δικαιοσύνην
753 3895 844 3930 σου
885 3877 962 3948 τῷ
1004 3877 1103 3949 υἱῷ
1137 3878 1229 3930 τοῦ
1275 3878 1555 3949 βασιλέως,
1607 3878 1810 3948 κρίνειν
1847 3877 1937 3930 τὸν

367 3970 500 4023 λαόν
535 3987 650 4032 σου,
688 3989 705 4019 ι
739 3972 832 4023 καὶ
862 3971 928 4024 τὰ
961 3971 1106 4042 ἑξῆς,
1148 3966 1228 4034 οἷς
1259 3971 1530 4038 ἐπιλέγειο
1574 3990 1589 4021 ι
1635 3971 1743 4024 Kal
1772 3988 1938 4024 κατα-

369 4066 648 4137 κυριεῦσει
681 4067 787 4118 ἀπὸ
817 4067 1088 4137 Θαλάσσης
1127 4067 1231 4130 ἕως
1261 4068 1549 4136 θαλάσσης,
1584 4068 1676 4120 καὶ
1702 4067 1807 4126 ἀπὸ
1850 4083 1940 4121 πο-

369 4157 545 4226 ταμοῦ
578 4158 681 4220 ἓως
716 4159 963 4228 περάτων
996 4159 1094 4229 τῆς
1133 4158 1477 4229 οἰκουμένης.
1524 4177 1542 4209 ι
1591 4159 1700 4210 Kal.
1746 4151 1933 4220 αὖθις·

375 4267 395 4298 ι
439 4248 626 4301 Πάντα
653 4249 718 4302 τὰ
760 4249 885 4320 ἔθνη
915 4249 1286 4302 δουλεύσουσιν
1320 4249 1486 4320 αὐτῷ.
1539 4268 1556 4299 ι
1595 4249 1705 4301 Kal.
1741 4248 1930 4301 πάλιν·

377 4361 396 4391 ι
437 4341 896 4411 Εὑλογηθήσονται
927 4345 982 4394 ἐν
1019 4341 1167 4412 αὐτῷ
1205 4343 1375 4395 πᾶσαι
1403 4343 1458 4395 αἱ
1493 4341 1655 4408 φυλαὶ
1682 4341 1780 4410 τῆς
1808 4341 1930 4410 γῆς,

371 4433 546 4486 πάντα
586 4435 655 4487 τὰ
687 4434 811 4504 ἔθνη
844 4434 1200 4505 μακαριοῦσιν
1234 4434 1410 4487 αὐτόν.
1457 4451 1472 4483 ι
1511 4433 1621 4486 Kal.
1661 4433 1754 4485 ἐπὶ
1791 4433 1931 4485 τέλει

351 4524 464 4577 ’τοῦ
491 4525 731 4596 ψαλμοῦ·
779 4545 797 4578 ι
843 4525 949 4580 Kal.
998 4525 1410 4597 πληρωθήσεται
1451 4525 1547 4594 τῆς
1581 4523 1735 4594 δόξης
1767 4522 1930 4577 αὑτοῦ

369 4618 518 4669 πᾶσα
557 4617 591 4687 ἠ
752 4617 976 4686 γένοιτο,
1005 4617 1241 4685 γένοιτοῑ
1275 4635 1294 4666 ι
1958 4652 2002 4706 D

367 4732 464 4786 ω’.
507 4732 634 4787 Ἀπὸ
663 4731 767 4785 τοῦ
791 4732 1032 4800 ψαλμοῦ
1057 4729 1160 4798 ιζ’.
1203 4729 1469 4802 Δςήλωσις
1509 4728 1774 4802 ᾅσματος
1803 4747 1926 4802 και-

435 4803 568 4860 νοῦ,
616 4803 714 4855 καὶ
749 4799 1076 4870 ,ϐραχίονος
1118 4801 1296 4856 Θεοῦ.
1347 4799 1444 4852 καὶ
1487 4799 1596 4851 τοῦ
1632 4800 1924 4870 σωτηρίου

437 4871 622 4926 αὑτοῦ
652 4871 799 4926 πᾶσι
835 4869 956 4936 τοῖς
995 4871 1193 4925 ἔθνεσι
1235 4870 1594 4938 φανέρωσις·
1633 4869 1926 4938 σωτήριον

436 4943 503 4995 δὲ
525 4943 591 4996 τὸ
620 4943 724 4995 τοῦ
751 4941 883 4995 υΙοῦ
911 4941 1094 5009 ὄνομα
1131 4937 1401 5008 Ἐϐραίων
1421 4939 1704 5006 δηλοῦται
1733 4937 1920 5007 φωνῇ.

439 5049 459 5082 ι
507 5032 704 5102 ’ᾼσατε
744 5031 820 5100 τῷ
853 5031 1040 5101 Κυρίῳ
1084 5027 1232 5100 ᾆσμα
1273 5029 1476 5092 καινὸν,
1513 5029 1594 5080 ὅτι
1640 5027 1924 5097 θαυμαστὰ

359 5124 612 5193 ἐποίησεν
627 5124 655 5175 ὁ
673 5122 887 5194 Κύριος.
917 5124 1156 5174 Ἔσωσεν
1181 5121 1338 5174 αὐτὸν
1355 5123 1387 5191 ἡ
1405 5119 1553 5184 δεξιὰ
1579 5117 1762 5182 αὐτοῦ,
1785 5118 1878 5171 καὶ
1898 5119 1925 5169 ὁ

360 5213 600 5284 βραχίων
620 5218 648 5268 ὁ
669 5215 818 5283 ἆγιος
839 5207 1020 5267 αὑτοῦ.
1055 5212 1339 5284 Ἐγνὼρισε
1362 5211 1561 5282 Κύριος
1585 5211 1643 5263 τὸ
1666 5211 1925 5281 σωτήριον

355 5302 546 5365 αὑτοῦ,
561 5305 797 5356 ἐναντίον
812 5302 919 5356 τῶν
935 5301 1104 5354 ἐθνῶν
1121 5301 1463 5370 ἀπεκάλυψεν
1475 5299 1571 5370 τὴν
1586 5298 1924 5370 δικαιοσύνην

355 5394 546 5458 αὑτοῦ,
571 5393 810 5466 ἐμνήσθη
840 5394 932 5447 τοῦ
963 5394 1142 5456 ἐλέους
1162 5393 1326 5446 αὑτοῦ
1351 5391 1430 5461 τῷ
1465 5389 1680 5452 Ἰακὼϐ,
1712 5391 1804 5444 καὶ
1827 5391 1925 5460 τῆς

353 5483 614 5549 ἀληθείας
645 5486 806 5539 αὑτοῦ
837 5485 916 5556 τῷ
948 5485 1080 5556 οἴκῳ
1121 5483 1367 5556 Ἰσραήλο
1405 5484 1613 5537 εῖδοσαν
1651 5483 1826 5536 πάντα
1855 5481 1923 5533 τὰ

429 5607 474 5638 ⁸¹
504 5604 647 5660 Psal.
680 5620 738 5665 ιι,
780 5602 888 5677 1,2.
978 5604 1022 5633 ³¹¹
1054 5602 1182 5654 ibid.
1220 5600 1348 5654 7—8.
1421 5602 1466 5634 "
1490 5601 1635 5657 Psal.
1667 5615 1816 5664 ιλιι,
1847 5597 1967 5652 9.-5ε

429 5720 505 5792 (1)
540 5717 694 5774 οὐδ’.
727 5717 886 5772 Forte
912 5719 1027 5787 οὐχ.
1060 5715 1216 5770 Enn.
1251 5713 1424 5769 I‘nn.

633 5810 903 5869 ΡΑτιιοι..
936 5808 1051 5867 Gn.
1108 5807 1316 5872 XXII.

1993 1982 2036 2036 Β
2669 1973 2896 2031 CAPUT
2937 1973 3001 2029 ll.

2055 2089 2507 2157 Quemadmodum
2547 2091 2704 2143 iidem
2742 2090 2891 2158 fore,
2934 2099 2988 2143 ut
3029 2091 3088 2170 in
3123 2089 3347 2144 adventu
3386 2089 3618 2157 Christi,

2120 2184 2231 2252 ejus
2271 2183 2368 2236 Dei
2405 2185 2496 2253 qui
2532 2181 2672 2236 olim‘
2705 2200 2738 2235 a
2782 2181 2985 2236 Iudaeis
3023 2183 3152 2236 solis
3190 2183 3616 2252 cognoscebatur,

2121 2275 2469 2344 cognitionem
2508 2283 2557 2328 et
2595 2276 2791 2327 cultum
2843 2291 3019 2328 omnes
3067 2283 3240 2344 gentes
3292 2274 3616 2342 acciperent,

2121 2367 2393 2420 vaticinati
2427 2376 2568 2420 sunt.

2048 2478 2166 2533 XII.
2200 2479 2242 2530 Α
2289 2479 2493 2548 psalmo
2522 2495 2579 2530 ιι.
2598 2507 2668 2517 -
2689 2478 2991 2530 Declaratio
3017 2478 3336 2530 insidiarum
3366 2478 3614 2530 adversus

2122 2549 2420 2610 Christum,
2456 2549 2545 2600 ubi
2573 2549 2694 2618 ipse
2727 2546 2770 2598 F
2774 2547 2895 2600 ilius
2933 2545 3028 2618 Dei
3056 2546 3372 2615 appellatur,
3413 2558 3462 2602 et
3493 2564 3616 2618 gen-

2119 2629 2191 2672 tes
2221 2618 2574 2673 ltwreditalent
2595 2615 2631 2669 ιι
2661 2615 2820 2690 Patre
2850 2616 3054 2683 accipit.

2289 2479 2493 2548 psalmo
2522 2495 2579 2530 ιι.
2598 2507 2668 2517 -
2689 2476 2991 2548 Declaratio
3017 2477 3336 2548 insidiarum
3366 2477 3614 2530 adversus

2124 2814 2142 2848 ι
2174 2794 2354 2862 Quare
2400 2794 2740 2850 fremuerunt
2781 2802 3002 2864 gentes,
3044 2801 3099 2848 et
3144 2793 3329 2864 populi
3371 2792 3612 2850 meditati

2049 2898 2174 2944 sunt
2220 2888 2450 2943 inania?
2486 2885 2791 2940 Astiterunt
2825 2900 2980 2954 reges
3015 2891 3206 2950 terrae,
3245 2893 3299 2942 et
3335 2885 3610 2957 principes

2047 2988 2420 3037 convenerunt
2453 2981 2504 3033 in
2541 2993 2742 3042 unum,
2774 2978 3038 3035 adversus
3066 2977 3356 3035 Dominum
3382 3017 3397 3043 ,
3431 2984 3486 3039 et
3513 2965 3610 3034 ad?

2047 3091 2241 3131 versus
2271 3075 2551 3132 Christum
2577 3075 2697 3143 ejus
2730 3075 2798 3138 ⁸⁷,
2833 3094 2852 3127 ι
2876 3080 2929 3129 et
2961 3087 3082 3144 quae
3111 3078 3452 3141 sequuntur;
3479 3070 3606 3141 qui-

2048 3167 2150 3221 bus
2181 3167 2422 3238 :idjungit
2453 3185 2509 3221 ε(
2535 3165 2798 3221 Dominus
2825 3165 2966 3220 dixit
2989 3165 3055 3218 ad
3089 3179 3210 3219 me:
3245 3161 3417 3218 Filius
3451 3177 3607 3218 meus

2048 3275 2109 3312 es
2150 3267 2205 3312 tu
2233 3301 2246 3323 ,
2278 3274 2380 3328 ego
2419 3257 2578 3312 hodie
2607 3261 2768 3329 genui
2803 3265 2876 3313 te.
2910 3256 3129 3312 Postula
3164 3271 3194 3310 a
3226 3271 3347 3322 me,
3382 3262 3436 3310 et
3465 3255 3606 3310 dabo

2047 3349 2143 3404 tibi
2204 3357 2393 3420 gentes
2448 3349 2813 3406 hacreditatem
2873 3356 3054 3413 tuam,
3107 3355 3160 3404 et
3203 3346 3602 3418 possessionem

2042 3446 2189 3493 tuam
2218 3440 2481 3496 terminos
2511 3441 2745 3496 terrae".
2783 3459 2800 3492 ι

2039 3552 2184 3608 XIII.
2228 3553 2267 3606 A
2312 3553 2522 3622 psalmo
2558 3569 2708 3610 LXXI.
2735 3583 2804 3593 -—
2832 3553 3133 3608 Declaratio
3173 3554 3317 3622 regni
3363 3552 3600 3616 Christi,

2113 3634 2160 3746 Et
2193 3625 2474 3745 rogationis
2505 3627 2770 3695 gentium,
2815 3634 2863 3677 et
2903 3625 3136 3679 omnium
3180 3625 3409 3678 tribuum
3451 3633 3603 3680 terra

2148 3711 2253 3746 enet
2277 3707 2419 3746 actio.

2148 3707 2419 3750 οηθιιιοίιο.

2118 3804 2137 3838 ι
2171 3785 2343 3852 Deus,
2387 3785 2654 3856 judicium
2709 3796 2860 3840 tuum
2914 3785 3028 3856 regi
3079 3785 3181 3850 da,
3231 3791 3285 3840 et
3329 3784 3601 3854 justitiam

2041 3886 2190 3933 tuam
2239 3880 2349 3933 lilio
2401 3880 2576 3948 regis,
2613 3878 2864 3949 judicare
2903 3877 3161 3946 populum
3193 3885 3344 3930 tuum
3393 3877 3460 3939 ",
3496 3895 3513 3926 ι
3547 3881 3601 3929 et

2040 3984 2162 4040 quae
2212 3975 2518 4038 sequuntur
2555 3985 2570 4035 ;
2607 3968 2808 4038 quibus
2859 3965 3104 4036 adjungit
3135 4007 3149 4020 .
3183 3981 3206 4017 ι
3239 3962 3306 4017 Ει
3352 3963 3600 4017 domina-

2040 4062 2185 4118 bitur
2219 4077 2247 4113 a
2289 4061 2430 4114 mari
2473 4074 2649 4130 usque
2685 4057 2751 4112 ad
2796 4072 2945 4112 mare
2967 4096 2981 4121 ,
3017 4067 3070 4110 et
3103 4070 3132 4110 a
3171 4051 3393 4109 ﬂumine
3424 4068 3598 4122 usque

2037 4153 2102 4208 ad
2137 4156 2271 4210 lines
2304 4153 2454 4208 orbis
2488 4162 2646 4207 terrae
2671 4153 2735 4207 ⁸ο.
2771 4171 2790 4204 ι
2818 4151 2885 4206 Ει
2913 4164 3146 4204 rursus:
3179 4169 3196 4199 ι
3229 4146 3429 4203 Omnes
3462 4161 3597 4217 gen-

2037 4257 2120 4302 tes
2165 4246 2400 4302 servient
2434 4245 2487 4300 ei
2515 4245 2558 4275 “
2593 4264 2612 4296 ι
2641 4244 2772 4299 Item
2799 4261 2815 4299 :
2847 4260 2866 4295 ι
2899 4241 2964 4296 Et
3004 4239 3393 4296 benedicentur
3433 4235 3488 4291 in
3529 4251 3595 4291 eo

2036 4355 2226 4394 ntuucs
2269 4339 2446 4393 tribus
2493 4345 2682 4400 terras,
2735 4350 2922 4390 omnes
2970 4339 3159 4404 gentes
3205 4328 3594 4386 beatiticabuut

2034 4448 2156 4486 eum
2189 4431 2253 4487 ⁸³.
2286 4449 2304 4482 ι
2336 4429 2402 4484 Ει
2454 4430 2508 4484 in
2565 4429 2670 4483 ﬁne
2720 4425 2912 4498 psalmi
2941 4444 2955 4480 :
2991 4443 3009 4474 ι
3045 4423 3112 4478 Ει
3160 4421 3459 4492 replebitur
3488 4419 3595 4492 50

2035 4525 2318 4593 majestate
2349 4522 2468 4591 ejus
2503 4521 2680 4575 omnis
2708 4527 2851 4573 terra
2876 4537 2889 4571 :
2919 4517 3030 4580 fiat,
3059 4515 3150 4569 ﬁat
3170 4514 3252 4566 εει
3287 4535 3305 4566 ι

2035 4723 2174 4776 XIV.
2211 4723 2251 4776 Α
2295 4722 2500 4790 psalmo
2531 4733 2697 4774 xcv”.
2720 4749 2786 4759 —
2808 4710 3328 4790 Declaratioeantici
3356 4711 3590 4790 1.1.00.1...0l

2104 4779 2305 4846 brachii
2327 4793 2438 4849 Dei.
2471 4801 2520 4844 et
2545 4790 2800 4844 salutaris
2830 4787 2941 4854 ejus
2973 4786 3226 4854 omnibus
3243 4779 3478 4854 gentibus
3502 4779 3590 4830 in-

2101 4864 2338 4917 dicatio:
2367 4865 2602 4914 salutare
2631 4869 2802 4913 autent
2834 4851 2934 4926 filii
2962 4871 3146 4908 nomen
3180 4851 3440 4913 Hebraica
3475 4863 3592 4901 voce

2101 4933 2507 4988 demonstratur.

2039 5014 2048 5024 ”
2109 5038 2127 5069 ι
2156 5020 2382 5073 Caritate
2441 5017 2670 5071 Domino
2712 5015 2983 5070 canticum
3031 5026 3228 5067 novum
3255 5048 3271 5073 ,
3319 5007 3446 5078 quia
3488 5003 3594 5058 mi-

2031 5109 2225 5164 rabilia
2270 5108 2397 5162 fecit
2441 5108 2723 5162 Dominus.
2768 5105 2988 5160 Salvum
3034 5103 3162 5158 fecit
3203 5114 3325 5156 eun.
3369 5098 3589 5151 dextera

2033 5203 2254 5272 ipsius,‘
2295 5209 2348 5255 et
2397 5201 2682 5255 brachium
2731 5208 2978 5255 sanctum
3027 5196 3160 5266 ejus.
3223 5191 3420 5247 Notum
3461 5189 3588 5243 fecit

2030 5295 2295 5350 Dominus
2352 5295 2590 5350 salutare
2645 5309 2843 5358 suum,
2899 5291 2954 5346 iu
3008 5295 3298 5358 cons‘pectu
3347 5283 3586 5356 gentium

2031 5387 2286 5442 revelavit
2319 5387 2590 5456 justitiam
2630 5401 2784 5442 suam
2813 5403 2829 5448 ;
2883 5381 3202 5438 recordatus
3250 5387 3336 5433 est
3369 5373 3585 5430 miseri-

2030 5481 2232 5536 cordia:
2263 5497 2377 5538 suae
2407 5481 2574 5537 Jacob
2594 5521 2610 5547 ,
2643 5488 2698 5536 et
2729 5477 2975 5533 veritatis
3014 5471 3341 5530 suae'domui
3382 5467 3543 5544 Israel
3574 5485 3586 5520 :

2047 5599 2092 5632 ⁸⁸
2127 5599 2255 5655 ibid.
2292 5601 2344 5655 8.
2436 5603 2479 5634 ⁸¹
2515 5599 2650 5657 ibid.
2691 5598 2779 5653 Η.
2858 5598 2904 5631 ⁶³
2935 5595 3065 5654 ibid.
3096 5593 3185 5650 17.
3259 5592 3304 5624 ⁵³
3329 5591 3459 5648 ibid.
3507 5585 3592 5645 ιε.

3241 5791 3278 5850 ι
