3974 6208
535 277 640 333 ⁸107

1205 274 1467 329 EUSEBII
1507 271 1978 328 CESARIENSIS
2012 273 2160 330 OPP.
2203 273 2381 329 PARS
2419 273 2568 329 ll.-——
2605 273 3096 336 APOLOGETICA.

3663 271 3763 330 108

533 394 789 449 viderunt
821 407 1010 447 omnes
1043 391 1177 447 lines
1210 401 1370 446 terrae
1396 391 1631 446 salutare
1655 389 1747 446 Dei
1777 392 1980 455 nostri,
2002 392 2091 462 ju-

2218 392 2406 464 τέρατα
2434 393 2534 464 τῆς
2577 395 2678 464 γῆς
2705 395 2764 447 τὸ
2810 395 3073 465 σωτήριον
3101 390 3195 444 τοῦ
3229 390 3362 444 Θεοῦ
3405 389 3579 460 ἡμῶν,
3629 388 3759 441 ἀλα-

536 485 700 541 bilate
722 484 951 539 Domino
973 482 1152 536 omnis
1175 488 1320 535 terra
1347 483 1410 536 “.
1439 499 1457 532 ι
1486 481 1550 534 Et
1581 482 1856 553 adjungit:
1889 501 1907 533 ι
1935 481 2098 537 Com--

537 582 818 629 moveatur
847 586 996 626 mare
1027 577 1081 623 et
1107 571 1394 639 plenitudo
1423 572 1544 639 ejus
1567 612 1582 636 ,
1615 572 1766 625 orbis
1793 580 2094 637 terrarum,

533 672 591 722 et
643 678 833 719 omnes
883 662 975 732 qui
1018 661 1266 715 habitant
1313 663 1365 714 in
1417 677 1502 716 eo.
1537 659 1786 716 Flumina
1840 663 2098 732 plaudent

533 771 700 810 manu
729 754 925 816 simul,
958 761 1172 809 montes
1202 755 1558 808 exsultabant
1591 771 1620 809 a
1670 753 1806 811 facie
1842 756 2092 820 Domini,

534 847 791 920 quoniam
840 848 991 903 venit
1030 847 1280 916 judicare
1329 855 1574 902 terram:
1617 848 1882 916 iudicabit
1911 850 2094 905 orbem

532 947 694 994 terra:
731 939 787 994 in
818 938 1063 1009 iustitia,
1096 947 1150 992 et
1179 939 1412 1008 populos
1447 939 1500 991 in
1531 941 1784 1008 aequitate
1812 941 1878 993 “.
1912 960 1931 994 ι

533 1135 651 1192 XV.
692 1137 732 1190 Α
780 1135 986 1192 Genesi.
1016 1167 1084 1177 —-
1104 1135 1263 1208 Quod
1309 1136 1399 1188 ubi
1439 1135 1693 1208 defecerit
1738 1155 1951 1208 regnum
1995 1137 2096 1193 Ju-

599 1209 887 1289 dteorum,’
926 1209 1035 1275 ipse
1086 1205 1328 1262 Christus
1379 1206 1655 1262 adueniens
1707 1205 1939 1277 gentium
1993 1212 2094 1264 erit

603 1288 941 1346 exspectatio.

603 1409 623 1441 ι
647 1387 768 1444 Non
805 1387 1022 1442 deﬁciet
1062 1389 1315 1459 princeps
1354 1389 1421 1444 de
1452 1389 1628 1454 Juda,
1667 1407 1842 1462 neque
1880 1391 1990 1448 dux
2023 1394 2092 1450 de

527 1479 825 1536 femoribus
868 1480 1025 1550 ejus,
1075 1481 1250 1534 donec
1296 1482 1478 1535 veniat
1511 1483 1598 1536 cui
1646 1489 1943 1553 repositum
1974 1494 2090 1552 est,

524 1581 580 1626 et
602 1571 717 1641 ipse
743 1571 850 1626 erit
882 1573 1214 1642 exspectatio
1245 1572 1486 1642 gentium
1518 1575 1584 1630 ⁸⁸.
1615 1592 1632 1624 ι

527 1661 667 1716 χιιι.
718 1661 779 1739 Α-
803 1662 1095 1739 βορΙιοηὶα.
1121 1691 1192 1739 -τ-
1230 1662 1534 1739 Declaratio
1577 1664 1826 1720 aduentus
1855 1665 2089 1739 Christi,

2198 485 2390 550 λάξατε
2443 487 2520 558 τῷ
2574 486 2784 557 Κυρίῳ,
2818 487 2967 539 πᾶσα
3017 489 3050 555 ἡ
3109 485 3201 554 γῆ.
3257 503 3275 534 ι
3326 483 3434 534 Καὶ
3483 479 3757 548 ἐπιλέγει·

2203 597 2223 630 ι
2264 579 2579 649 Σαλευθήτω
2627 581 2658 650 ἡ
2703 577 2964 643 θάλασσα,
3012 579 3105 632 καὶ
3156 577 3216 629 τὸ
3258 576 3526 646 πλήρωμα
3572 573 3758 643 αὐτῆς,

2197 672 2231 741 ἡ
2273 672 2560 743 οἰκουμένη
2616 671 2708 724 καὶ
2747 671 2944 734 πάντες
2989 672 3038 724 oi
3085 667 3460 728 κατοικοῦντες
3503 667 3559 718 ὲν
3603 664 3759 735 αὐτῇ.

2197 763 2437 833 Ποταμοὶ
2489 764 2811 834 κροτήσουσι
2883 762 3026 833 χειρὶ
3086 761 3178 814 ἐπὶ
3226 761 3287 812 τὸ
3335 757 3496 812 αὐτόο
3547 754 3613 808 τὰ
3657 754 3762 824 ὅρη

2197 853 2610 922 ἁγαλλιάσονται
2665 855 2771 908 ἀπὸ
2818 851 3109 924 προσώπου
3155 849 3382 921 Κυρίου,
3422 849 3503 901 ὅτι
3547 847 3764 916 ἔρχεται

2199 949 2378 1018 κρῖναι
2411 947 2509 1018 τὴν
2545 948 2678 1017 γῆν·
2722 948 2895 1017 κρινεῖ
2933 945 3029 1015 τὴν
3077 942 3395 1013 οἰκουμένην
3447 941 3503 992 ὲν
3553 939 3762 992 δικαιο-

2199 1037 2352 1108 σύνῃ,
2389 1039 2482 1090 καὶ
2510 1037 2672 1099 λαοὺς
2699 1040 2756 1090 ὲν
2780 1035 3048 1106 εύθύτητι.
3091 1054 3109 1087 ι

2199 1147 2300 1200 1Ε’.
2336 1147 2468 1204 Ἀπὸ
2491 1145 2601 1214 τῆς
2624 1147 2945 1213 Γενέσεως.
2978 1179 3048 1189 -
3075 1148 3168 1212 Ὠς
3185 1146 3334 1216 μετὰ
3358 1145 3471 1216 τὴν
3489 1145 3768 1216 ἔκλειψιν

2266 1217 2376 1284 τῆς
2406 1211 2726 1283 ,ϐασιλείας
2754 1216 2870 1270 τῶν
2902 1211 3216 1278 Ἰουδαίων,
3245 1211 3427 1280 αὐτὸς
3450 1219 3482 1269 ὀ
3509 1211 3768 1281 Χρισὲὸς

2264 1287 2515 1354 ἐπιστὰς
2543 1290 2580 1356 ἠ
2609 1289 2726 1343 τῶν
2750 1287 2938 1342 ἐθνῶν
2966 1286 3278 1357 γενήσεται
3317 1285 3668 1354 προσδοκία.

2271 1419 2289 1450 ι
2335 1402 2448 1453 Οὐκ
2479 1400 2716 1469 ἐκλείψει
2753 1400 2933 1470 ἄρχων
2977 1399 3036 1463 ἐξ
3079 1397 3269 1461 Ἰούδα,
3299 1397 3419 1450 ούδὲ
3461 1395 3770 1466 ἡγούμενος

2195 1492 2259 1545 ἐκ
2289 1491 2396 1545 τῶν
2433 1491 2622 1562 μηρῶν
2655 1491 2840 1554 αὐτοῦ,
2869 1491 2973 1555 ἕως
2999 1489 3064 1544 ἂν
3095 1489 3217 1561 ἔλθῃ
3249 1483 3293 1557 ᾧ
3327 1489 3631 1551 ἀπόκειται,
3667 1488 3769 1541 καὶ

2195 1583 2356 1647 αὐτὸς
2385 1584 2678 1654 προσδοκία
2711 1582 2900 1637 ἐθνῶν.
2938 1602 2957 1634 ι

2195 1677 2311 1745 ις’.
2378 1677 2512 1730 Ἀπὸ
2564 1675 2670 1728 τοῦ
2717 1676 3034 1744 Σοφονίου.
3096 1675 3364 1739 Δήλωσις
3409 1673 3769 1741 ἐπιφανείας

593 1743 642 1786 et
696 1732 1010 1826 subleuatus
1064 1732 1237 1815 cultus
1284 1734 1731 1802 simulacrorum,
1767 1747 1816 1791 et
1853 1732 2088 1807 gentium

2251 1732 2545 1826 Χριστοῦ,
2571 1745 2668 1826 καί
2699 1732 3094 1826 καθαιρέσεως
3119 1732 3625 1826 εἰδωλολατρεῖας,
3657 1732 3766 1798 καὶ

592 1820 718 1873 erga
752 1805 916 1856 Deum
944 1805 1177 1872 pietatis.

599 1934 618 1967 ι
647 1915 912 1971 Adveniet
943 1915 1203 1972 Dominus
1238 1931 1404 1986 super
1432 1934 1528 1974 eos
1549 1961 1563 1982 ,
1595 1926 1650 1974 et
1682 1920 1869 1990 perdet
1901 1937 2091 1978 omnes

522 2007 653 2062 deos
681 2008 918 2078 gentium
943 2051 957 2074 ,
991 2015 1045 2062 et
1076 2008 1384 2063 adorabunt
1413 2025 1535 2064 eum
1558 2050 1574 2076 ,
1617 2013 1996 2084 unusquisque
2026 1993 2094 2070 de

526 2102 646 2156 loco
677 2115 808 2164 suo,
843 2115 1035 2156 omnes
1069 2101 1262 2156 insula:
1293 2102 1538 2172 gentium
1572 2102 1638 2156 ⁸⁷.
1675 2121 1694 2156 ι

525 2321 686 2376 XVII.
720 2321 795 2374 Ab
847 2321 1048 2378 eodem.
1077 2352 1146 2361 ——
1173 2321 1476 2384 Declaratio
1538 2324 1642 2376 diei
1698 2325 2090 2379 resurrectionis

592 2391 832 2466 Christi,
877 2393 1286 2466 item_gent_iuin
1329 2395 1692 2462 congregatio,
1753 2398 2086 2466 omniumque

593 2463 1104 2534 hominu_m_agnitio
1151 2462 1279 2524 Dei,
1315 2475 1362 2516 et
1409 2467 1593 2534 modus
1623 2481 1786 2534 unus
1830 2462 2039 2534 pietatis
2071 2482 2088 2517 :

588 2543 636 2589 et
668 2532 806 2603 quod
841 2531 1120 2602 .Ethiopes
1156 2534 1425 2600 sacriﬁcia
1455 2533 1538 2586 illi
1568 2533 1804 2600 offerent.

599 2727 617 2760 ι
649 2709 858 2764 Idcirco
904 2713 1161 2776 exspecta
1206 2723 1289 2761 me
1311 2749 1324 2773 ,
1356 2707 1489 2761 dicit
1530 2708 1827 2773 Dominus,
1861 2710 1914 2763 in
1946 2710 2088 2765 diem

524 2797 945 2853 resurrectionis
975 2810 1106 2849 mea!
1135 2796 1188 2848 in
1224 2796 1593 2850 testimonium
1626 2817 1638 2852 :
1671 2797 1772 2868 51
1799 2801 1923 2868 quia
1944 2798 2091 2868 judi-

522 2890 669 2944 cium
701 2903 878 2943 meum
928 2888 994 2941 ad
1025 2884 1434 2956 congregandas
1461 2895 1648 2956 gentes
1669 2928 1682 2952 ,
1717 2897 1775 2942 ut
1807 2889 2089 2944 admittam

523 2996 708 3052 reges,
743 2989 797 3035 et
827 2979 1098 3034 eﬂundam
1130 2994 1296 3048 super
1329 2993 1424 3033 eos
1457 2977 1593 3033 iram
1629 2995 1801 3034 meam
1822 3021 1838 3047 ,
1873 2997 2088 3038 omnem

2265 1815 2382 1870 τῶν
2401 1815 2591 1873 ἐθνῶν
2613 1819 2700 1883 εὶς
2733 1817 2879 1870 Θεὸν
2902 1815 3229 1880 εὐσεϐείας.

2267 1950 2286 1983 ι
2335 1930 2762 2000 Ἐπιφανήσεται
2807 1927 3011 1999 Κύριος
3058 1928 3144 1980 ἐπ’
3181 1925 3406 1988 αὐτοὺς,
3451 1924 3546 1977 καὶ
3580 1921 3766 1987 ὲξολου

2193 2022 2408 2094 θρεύσει
2447 2023 2652 2084 πάντας
2677 2021 2801 2084 τοὺς
2834 2019 2989 2082 θεοὺς
3015 2018 3123 2072 τῶν
3154 2016 3340 2079 ἐθνῶν,
3382 2015 3475 2069 καὶ
3516 2029 3768 2084 προσκυοο

2192 2117 2442 2186 νήσουσιν
2471 2112 2639 2182 αὐτῷ,
2669 2112 2896 2176 ἕκαστος
2925 2113 2989 2164 ὲκ
3027 2108 3122 2164 τοῦ
3155 2109 3320 2162 τόπου
3349 2106 3547 2171 αὐτῶν,
3587 2106 3764 2158 πᾶσαι

2193 2209 2249 2260 αἱ
2285 2208 2436 2278 νῆσοι
2467 2205 2574 2260 τῶν
2603 2204 2793 2259 ἐθνῶν.
2836 2223 2853 2255 ι

2193 2321 2293 2375 ΙΖ’.
2339 2321 2468 2372 Ἀπὸ
2495 2319 2598 2372 τοῦ
2627 2319 2832 2372 αὑτοῦ.
2862 2317 3211 2382 -Δήλωσις
3250 2316 3472 2385 ἡμέρας
3493 2310 3762 2385 ἀναστά-

2263 2407 2414 2456 σεως
2458 2389 2732 2457 Χριστοῦ,
2776 2389 2871 2440 καὶ
2909 2380 3098 2440 ἐθνῶν
3132 2380 3485 2457 aurigam-ii,
3511 2380 3761 2457 animo)!

2264 2477 2326 2511 τε
2358 2445 2679 2525 ἅνθρᾏιπων
2718 2445 3038 2525 ἐπίγνωσις
3067 2455 3244 2514 Θεοῦ,
3287 2445 3393 2506 καί
3417 2445 3632 2525 τρόπος
3665 2445 3758 2514 εἷς

2262 2521 2596 2616 εὸσεϐέίας·
2628 2527 2722 2579 καὶ
2745 2521 3122 2592 ὠςἈὶθίοπες
3147 2526 3360 2588 θυσίας
3377 2521 3535 2586 αὐτῷ
3566 2535 3758 2588 προσ-

2262 2614 2562 2651 οισουσιν.

2267 2729 2285 2760 ι
2309 2709 2406 2763 Διὰ
2426 2708 2582 2762 τοῦτο
2601 2709 2890 2780 άπόμεινόν
2914 2724 3001 2778 με,
3028 2707 3173 2774 λέγει
3200 2705 3422 2776 Κύριος,
3452 2705 3530 2766 είς
3545 2703 3764 2773 ἡμέραν

2192 2800 2536 2864 άναστὰσεὼς
2573 2818 2670 2871 μου
2706 2803 2784 2864 είς
2818 2799 3112 2872 μαρτύριον
3137 2815 3150 2828 ⁸
3186 2797 3317 2849 διότι
3349 2796 3408 2849 τὸ
3440 2793 3612 2865 κρῖμά
3653 2809 3765 2864 μου

2193 2897 2272 2958 είς
2306 2893 2622 2962 συναγωγὰς
2658 2892 2854 2955 ἐθνῶν,
2894 2891 2986 2946 τοῦ
3027 2888 3364 2953 εἰσδέξασθαι
3397 2886 3632 2958 βασιλεῖς
3659 2883 3763 2938 τοῦ

2193 2986 2378 3057 ὲκχέαι
2397 2986 2482 3039 ἐπ’
2503 2985 2697 3049 αὐτοὺς
2722 2985 2820 3055 τὴν
2849 2983 3018 3054 ὀργήν
3041 2999 3169 3052 μου,
3192 2982 3369 3034 πᾶσαν
3398 2978 3563 3050 ὀργὴν
3585 2977 3762 3048 θυμοῦ

521 3073 656 3128 iram
705 3071 906 3128 l‘urOris
953 3072 1098 3125 mei:
1136 3071 1390 3140 quoniam
1443 3069 1496 3123 in
1551 3071 1674 3141 igne
1722 3074 2083 3130 azmulationis

2218 3097 2316 3132 ιου·
2344 3079 2476 3132 διότι
2497 3081 2555 3132 ὲν
2585 3080 2716 3150 πυρὶ
2749 3076 2910 3148 ζήλου
2944 3094 3045 3147 μου
3075 3073 3582 3144 καταναλωθήσεται
3608 3072 3765 3122 πᾶσα

523 3183 657 3224 ωριτε
687 3177 1040 3223 consumetur
1069 3167 1248 3220 omnis
1277 3172 1451 3228 terra,
1501 3166 1628 3234 quia
1683 3175 1812 3221 tunc
1857 3182 2088 3222 conver-

523 3271 638 3314 tam
671 3261 724 3314 in
763 3261 993 3330 pOpulos
1020 3260 1260 3331 linguam
1287 3301 1302 3323 ,
1340 3260 1393 3313 in
1425 3259 1826 3330 generationem
1857 3259 1997 3327 ejus,
2030 3268 2090 3313 ut

523 3355 776 3409 invocent
807 3368 999 3408 omnes
1039 3368 1238 3408 nomen
1277 3351 1528 3414 Domini,
1563 3351 1629 3405 ad
1665 3351 2005 3405 serviendum
2037 3353 2088 3406 ei

525 3450 629 3504 sub
654 3447 843 3518 iugum
878 3462 1089 3500 unum:
1133 3461 1162 3498 a
1214 3445 1412 3499 finibus
1468 3443 1753 3499 ﬂuviorum
1800 3442 2090 3515 EthiOpiae

525 3540 699 3594 ferent
731 3539 997 3594 sacriﬁcia
1031 3538 1162 3591 mihi
1201 3539 1264 3592 δι’.
1303 3559 1320 3589 ι

519 3651 708 3706 XVIII.
750 3657 792 3704 A
829 3650 1115 3704 Zacharia.
1140 3680 1207 3688 —
1231 3649 1532 3703 Declaratio
1565 3649 1764 3703 Christi
1809 3649 2084 3713 adventus,

591 3732 642 3778 et
679 3722 817 3791 quod
848 3722 1028 3774 multa:
1047 3730 1219 3790 gentes
1255 3720 1322 3773 ad
1349 3737 1466 3774 cum
1503 3721 1817 3791 confugient,
1855 3721 2091 3790 quodque

579 3789 745 3847 erunt
782 3791 1008 3845 Domino
1046 3789 1110 3843 ex
1138 3791 1373 3860 gentibus
1405 3789 1754 3844 constituendi
1781 3791 1980 3858 populi.

590 4016 624 4050 1
656 3995 842 4051 Gaude
861 4002 915 4050 et
947 3994 1155 4058 laetare,
1194 3992 1300 4047 ﬁlia
1339 3991 1494 4057 Sion,
1524 3995 1650 4064 quia
1685 4009 1812 4050 ecce
1859 4008 1958 4065 ego
2001 4009 2093 4049 ve-

528 4090 642 4150 nio,
679 4096 734 4142 et
777 4087 1034 4141 habitabo
1061 4085 1114 4137 in
1160 4084 1339 4139 medio
1380 4085 1480 4147 tui,
1526 4085 1658 4139 dicit
1700 4085 2001 4142 Dominus:
2038 4095 2092 4142 et

527 4181 844 4251 confugient
874 4190 1064 4251 gentes
1101 4178 1282 4230 multa:
1317 4176 1385 4229 ad
1432 4175 1718 4232 Dominum
1751 4179 1805 4232 in
1849 4178 1938 4234 die
1974 4178 2086 4245 illa,

528 4281 582 4328 et
609 4280 770 4327 erunt
816 4271 864 4324 ei
907 4270 962 4323 in
998 4268 1311 4339 populum:
1347 4279 1398 4322 et
1447 4267 1768 4323 babilabunt
1813 4270 1866 4322 in
1913 4270 2091 4324 medio

529 4363 631 4426 tui,
669 4369 721 4417 et
758 4374 1054 4430 cognosces
1097 4357 1242 4427 quod
1280 4356 1542 4413 Dominus
1569 4360 1910 4429 omnipotens
1943 4361 2091 4416 misit

531 4469 619 4510 me
643 4452 708 4506 ad
740 4465 792 4506 te
816 4452 881 4506 ".
917 4471 935 4503 ι

530 4565 672 4624 XIX.
711 4566 789 4620 Ab
829 4564 995 4619 Isaia.
1019 4596 1091 4606 —
1137 4565 1434 4619 Declaratio
1467 4573 1612 4617 ortus
1653 4561 1872 4624 Christi,
1905 4563 1997 4634 qui
2023 4563 2092 4634 sit

601 4655 666 4693 ex
707 4636 883 4691 radice
918 4635 1066 4691 Jesse
1105 4636 1446 4707 proditurus,
1497 4645 1547 4686 et
1579 4637 1776 4688 vocatio
1806 4649 1896 4702 per
1918 4631 2090 4685 illuni

600 4709 834 4763 omnium
855 4707 1103 4776 gentium.

605 4829 624 4854 ι
656 4801 974 4873 Egredietur
1003 4801 1156 4872 virga
1188 4798 1254 4855 de
1288 4800 1469 4855 radice
1497 4798 1670 4860 Iesse,
1697 4805 1749 4851 et
1781 4794 1880 4850 llos
1906 4794 1972 4849 de
2003 4809 2093 4847 ra-

531 4895 651 4952 dice
698 4895 971 4959 ascendet,
1017 4901 1071 4948 et
1123 4894 1428 4964 requiescet
1486 4905 1649 4962 super
1696 4904 1818 4943 eum
1853 4887 2092 4958 Spiritus

531 4986 627 5044 Dei
649 4988 715 5052 ",
749 5008 768 5041 ι
798 4995 852 5042 et
877 5002 1000 5058 qua
1051 4996 1372 5056 sequuntur,
1403 4985 1602 5054 quibus
1645 4980 1890 5050 adjungit
1919 4997 1932 5033 :
1971 4995 1990 5028 ‹
2027 4976 2094 5030 Ει

529 5081 640 5134 erit
676 5079 731 5134 in
757 5078 846 5135 die
881 5080 972 5134 illa
1000 5079 1156 5134 radix
1184 5077 1360 5142 Jesse,
1396 5084 1450 5132 et
1472 5075 1565 5146 qui
1589 5074 1885 5129 suscitatur
1917 5077 1978 5124 ut
1999 5069 2094 5122 im-

532 5182 683 5247 peret
709 5175 992 5247 gentibus;
1026 5173 1079 5226 in
1100 5188 1165 5229 eo
1196 5179 1383 5243 gentes
1411 5167 1707 5240 sperabunt
1730 5166 1796 5219 ⁷⁸.
1831 5183 1852 5218 ›

532 5358 649 5414 XX.
692 5358 769 5412 Ab
807 5357 1003 5414 eodem.
1031 5383 1106 5397 —
1134 5353 1435 5410 Declaratio
1483 5343 1681 5404 Christi
1722 5342 1994 5406 aduentus,
2044 5349 2094 5395 et

603 5430 836 5497 beneﬁcii
895 5444 996 5499 quo
1041 5443 1130 5496 per
1187 5426 1336 5479 illum
1390 5415 1672 5491 afﬁciendm
1738 5425 1859 5468 sunt
1916 5427 2092 5468 omnes

601 5509 794 5568 gentes.

509 5621 514 5626 -
607 5608 625 5640 ι
659 5585 798 5644 Ecce
821 5605 953 5660 puer
977 5603 1152 5651 meus,
1179 5583 1473 5655 suscipiam
1497 5598 1620 5638 eum
1649 5600 1662 5636 :
1687 5581 1892 5636 electus
1913 5589 2090 5637 meus,

2190 3175 2222 3243 ἡ
2252 3171 2350 3242 γῆ’
2391 3173 2472 3224 ὅτι
2508 3171 2628 3224 τότε
2659 3169 3014 3240 μεταστρέψαι
3047 3167 3139 3220 ἐπὶ
3179 3166 3340 3229 λαοὺς
3376 3163 3643 3233 γλιῖισσαν,
3679 3163 3765 3224 εἰς

2188 3265 2380 3332 γενεὰν
2408 3263 2597 3334 αὐτῆς,
2629 3261 2722 3315 τοῦ
2747 3258 3120 3314 ἐπικαλεῖσθαι
3145 3259 3353 3321 πάντας
3373 3257 3432 3310 τὸ
3457 3256 3625 3326 ὄνομα
3646 3256 3765 3308 Ku-

2192 3358 2309 3427 ρίου
2334 3355 2428 3408 τοῦ
2465 3354 2736 3408 δουλεύειν
2765 3351 2913 3423 αὐτῷ
2939 3351 3043 3404 ὑπὸ
3085 3351 3242 3419 ζυγὸν
3266 3351 3360 3404 ἕνα
3380 3366 3393 3380 ⁸
3421 3353 3483 3403 ὲκ
3507 3347 3765 3416 περάτων

2192 3447 2454 3518 ποταμῶν
2486 3447 2770 3508 Αἰθιοπίας
2811 3445 3016 3498 οἴσουσι
3048 3442 3236 3507 θυσίας
3277 3459 3384 3514 μοι.
3429 3461 3448 3492 ι

2191 3646 2295 3698 lN'.
2357 3643 2499 3698 Ἀπὸ
2555 3643 2660 3696 τοῦ
2715 3643 3026 3712 Ζαχαρίου.
3070 3672 3138 3682 -
3181 3639 3449 3712 ᾼήλῳοςις
3495 3633 3767 3712 ΔΧριστοῦ

2267 3711 2622 3783 παρουσίας,
2642 3713 2759 3783 καὶ
2797 3707 3042 3783 {columi-
3068 3709 3257 3783 ἐθνῶν
3299 3709 3390 3783 ἐπ’
3440 3707 3626 3783 nigror
3655 3723 3766 3783 κμ-

2260 3775 2516 3854 ταςζουγὴ,
2558 3775 2652 3836 καὶ
2699 3783 2777 3847 ὡς
2809 3781 3052 3854 ἔσονται
3097 3780 3174 3846 τῷ
3214 3779 3427 3854 ΚυρίῳΔ
3451 3777 3518 3840 ἐξ
3566 3775 3766 3832 ἐθνῶν

2261 3851 2706 3922 σύστὴσόμενοι
2733 3853 2889 3906 λαοί.
3413 3851 3428 3862 '

2269 3987 2288 4022 ι
2327 3971 2542 4041 Τέρπου
2574 3971 2668 4029 καὶ
2695 3970 3006 4041 εὐφραίνου,
3037 3967 3272 4038 θύγατερ
3303 3964 3462 4026 Σιὼν,
3485 3963 3616 4017 διότι
3649 3960 3764 4015 ἰδοὺ

2191 4061 2440 4134 ἔρχομαι,
2490 4063 2582 4115 καὶ
2611 4060 3014 4132 κατασκηνώσω
3055 4062 3112 4113 ὲν
3144 4054 3292 4130 μέσιρ
3325 4074 3439 4118 σου,
3465 4054 3610 4123 λέγει
3643 4051 3764 4107 Κύ-

2194 4170 2326 4225 ριοςο
2369 4154 2462 4206 καὶ
2507 4152 2933 4222 καταφεύξονται
2961 4151 3088 4221 ἔθνη
3119 4148 3288 4202 πολλὰ
3313 4148 3406 4200 ὲπὶ
3431 4146 3520 4199 τὸν
3557 4143 3766 4216 Κύριον

2192 4247 2249 4298 ὲν
2276 4249 2341 4318 τῇ
2363 4247 2547 4318 ἡμέρᾳ
2574 4247 2777 4318 ἐκείνῃ,
2819 4247 2911 4299 καὶ
2953 4243 3162 4296 ἔσονται
3194 4241 3342 4311 αύτῷ
3369 4242 3447 4303 εἰς
3485 4237 3629 4292 λαόν⁶
3666 4236 3766 4289 καὶ

2194 4341 2705 4411 κατασκηνώσουσιν
2750 4341 2806 4392 ὲν
2859 4338 3006 4408 μέσῳ
3038 4352 3148 4396 σου,
3181 4334 3274 4387 καὶ
3300 4330 3504 4403 γνώσῃ,
3538 4331 3619 4382 ὅτι
3647 4327 3766 4380 Κύ-

2117 4434 2169 4495 ι)
2197 4450 2307 4502 ριος
2335 4432 2726 4503 παντοκράτωρ
2753 4427 3096 4495 ὲξαπέστειλέ
3129 4441 3195 4496 με
3228 4425 3362 4496 πρὸς
3383 4423 3460 4475 σέ.
3501 4440 3519 4474 ι

2193 4547 2291 4600 ΙΘθ.
2345 4547 2484 4601 Ἀπὸ
2515 4546 2619 4599 τοῦ
2655 4546 2910 4600 Ἡσαΐου.
2933 4573 2999 4584 —-
3018 4541 3287 4606 Δήλωσις
3317 4534 3603 4606 γενέσεως
3626 4533 3762 4606 Χριτ

2263 4617 2435 4678 στοῦ,
2470 4617 2536 4669 ἐκ
2573 4616 2739 4683 ῥίζης
2803 4615 3018 4684 Ἰεσσαὶ
3064 4601 3611 4684 προελειισρμένου,
3662 4601 3765 4654 καὶ

2265 4686 2487 4754 κλῆσις
2517 4679 2590 4740 δῖ
2620 4679 2805 4740 αὑτοῦ
2835 4683 3074 4737 πάντων
3098 4680 3216 4733 τῶν
3236 4679 3447 4730 ἐθνῶν.

2271 4796 2290 4832 ι
2337 4776 2702 4842 Ἐξελεύσεται
2734 4775 2924 4846 ῥάϐδος
2951 4773 3016 4825 ὲκ
3051 4768 3205 4843 ῥίζης
3243 4764 3460 4825 Ἰεσσαὶ,
3490 4761 3584 4814 καὶ
3603 4759 3764 4823 ἄνθος

2195 4874 2260 4927 ἐκ
2293 4871 2390 4941 τῆς
2423 4871 2578 4942 ῥίζης
2615 4868 2962 4938 ἀναϐήσεται,
3017 4862 3109 4914 καὶ
3136 4855 3508 4912 ἀναπαύσεται
3535 4851 3622 4903 ἐπ’
3667 4850 3766 4903 αὑ·

2196 4966 2287 5018 τὸν
2315 4941 2537 5034 Πνεῦμα
2567 4961 2659 5015 τοῦ
2696 4959 2852 5020 Θεοῦ,
2891 4977 2908 5008 ι
2954 4957 3046 5010 καὶ
3095 4955 3162 5006 τὰ
3203 4950 3346 5019 ἑξῆς·
3383 4941 3462 5009 οἷς
3503 4942 3761 5010 ἐπιλέγει·

2203 5077 2222 5109 ι
2250 5058 2359 5111 Καὶ
2387 5055 2536 5109 ἔσται
2583 5055 2638 5106 ὲν
2683 5055 2748 5123 τῇ
2778 5051 2958 5122 ἡμέρᾳ
2987 5047 3169 5117 ἐκείνῃ
3201 5047 3232 5114 ἠ
3265 5039 3390 5114 ῥίζα
3413 5036 3508 5090 τοῦ
3550 5034 3762 5096 Ἰεσσαὶ,

2198 5151 2290 5203 καὶ
2343 5150 2372 5200 ὁ
2425 5146 2778 5216 ἀνιστάμενος
2827 5142 3014 5213 ἄρχειν
3065 5136 3252 5190 ἐθνῶν·
3308 5130 3394 5184 ἐπ’
3448 5127 3593 5198 αὐτῷ
3635 5126 3764 5197 ἔθνη

2194 5241 2486 5295 ἐλπιοῦσιν.
2536 5260 2554 5293 ι

2197 5337 2279 5390 K'.
2333 5335 2473 5390 Ἀπὸ
2507 5333 2612 5387 τοῦ
2641 5332 2842 5387 αὑτοῦ.
2874 5361 2945 5372 --
2967 5329 3235 5395 Δήλωσις
3264 5322 3521 5394 Χριστοῦ
3543 5335 3762 5397 ἕταρουῖ

2268 5407 2405 5472 σίας
2433 5405 2531 5457 καὶ
2555 5403 2662 5470 τῆς
2690 5402 2763 5456 δι’
2789 5403 2974 5456 αὐτοῦ
3005 5392 3328 5469 γενομένης
3360 5397 3447 5460 εὶς
3473 5392 3667 5446 πάντα
3692 5392 3763 5439 τὰ

2267 5477 2410 5543 ἔθνη
2435 5474 2796 5542 εὐεργεσίας.

2273 5590 2290 5622 ι
2342 5568 2492 5632 Ἰδοὺ,
2525 5568 2552 5619 ὁ
2582 5568 2710 5630 παῖς
2757 5582 2879 5636 μου,
2926 5560 3284 5631 ἀντιλήψομαι
3320 5554 3502 5610 αὐτοῦ*
3556 5554 3586 5605 ό
3617 5549 3763 5604 ὲκλεσ

640 5705 687 5735 ⁸⁵
714 5701 855 5759 Psal.
890 5717 1054 5763 acvit,
1097 5703 1210 5757 l4.
1288 5699 1481 5755 "ibid.
1514 5697 1628 5752 7-9.
1705 5697 1748 5728 ⁸⁸
1763 5694 1896 5750 Gen.
1932 5705 2081 5755 χιιι,

2279 5688 2322 5719 ⁸⁷
2357 5683 2673 5756 Sophon.u,
2707 5684 2791 5738 ll.
2873 5678 3168 5748 "Sophon.
3201 5691 3282 5741 ιιι,
3306 5671 3470 5730 8-10.
3524 5668 3568 5701 ⁸⁸
3595 5667 3761 5724 Zacb.

536 5791 599 5838 ιι,
639 5774 722 5830 l0.
767 5772 846 5857 _"'
873 5771 976 5826 lsa.
1003 5787 1077 5838 ιι,
1110 5771 1231 5825 1—2..
1375 5769 1505 5825 ibid.
1541 5770 1624 5823 10.
