4068 6206
377 304 484 364 109

1238 300 1250 314 ’
1290 317 1938 378 οΕιιοΝδτιιΑτιοΝιδ
1976 323 2435 386 EV’ANGELICE
2473 329 2600 386 LIB.
2638 333 2704 388 ιι.

3515 343 3613 398 ill)

370 426 504 490 κτός
540 445 667 500 μου,
708 393 1061 502 προσεδέξατο
1091 433 1253 488 αὑτὸν
1297 440 1330 508 ή
1381 438 1523 510 ψυχή
1566 450 1687 511 μου.
1743 440 1908 496 ’Ἑδωιι

2012 443 2278 504 Ladmisit
2328 463 2451 503 eum
2489 449 2632 520 apud
2674 465 2734 506 se
2781 453 2960 506 anima
3001 454 3307 510 mea:dedi
3361 457 3611 530 spiritum

367 518 435 573 τὸ
463 519 684 591 πνεῦμά
730 539 830 592 μου
875 525 960 576 ἐπ’
1005 526 1186 590 αὐτὸν,
1239 530 1333 582 καὶ
1378 531 1560 602 κρίσιν
1604 535 1715 596 τοῖς
1747 532 1908 587 ἔθνεσι

2053 552 2231 594 meum
2273 554 2436 611 super
2484 518 2631 608 eum,
2665 543 3000 613 etjudicium
3043 549 3296 618 gentibus
3327 518 3610 623 proferet:

369 611 594 677 ἐξοίσει.
629 614 705 667 Οὐ
730 615 1002 686 κεκράξει,
1034 617 1153 670 οὐδὲ
1175 620 1385 692 ἀνήσει,
1417 623 1537 676 οὐδέ
1554 624 1950 697 ἀκουσθήσεται

365 705 476 770 ἐξω
498 707 530 776 ή
553 707 703 776 φωνὴ
735 707 917 760 αὐτοῦ·
959 708 1201 780 κάλαμον
1233 713 1686 785 συντεθλασμένον
1731 718 1791 769 οὐ
1814 734 1946 771 κατ-

2053 643 2160 683 non
2197 630 2476 696 clamabit,
2503 648 2680 702 neque
2698 637 2953 701 remittet,
2978 655 3154 710 neque
3187 641 3441 698 audietur
3476 643 3612 700 foris

2050 736 2154 775 vox
2179 722 2299 791 ejus
2331 739 2346 777 :
2396 724 2665 780 calamum
2713 727 3187 786 collabefactatum
3227 749 3337 789 non
3373 735 3608 808 franget,

362 797 538 860 εάξει,
597 799 691 850 καὶ
719 797 862 852 λίνον
898 801 1196 871 τυφόμενον
1226 803 1288 856 οὐ
1322 805 1521 869 σϐέσει,
1563 806 1676 858 ἀλλ’
1706 809 1784 870 εἰς
1814 808 1908 880 ἀλή

2046 820 2102 866 et
2129 813 2331 884 lignum
2360 813 2631 886 fumigans
2664 832 2774 872 non
2799 821 3128 891 exstinguet,
3163 826 3257 880 sed
3295 827 3349 882 in
3377 797 3611 885 veritate

361 889 520 942 θειαν
546 889 738 954 ἐξοίσει
793 891 994 962 κρίσιν·
1021 894 1348 965 ἀναλάμψει,
1378 898 1470 950 καὶ
1518 899 1578 951 οὐ
1609 899 1943 971 θραυσθήσε-

359 998 478 1045 ται,
507 983 610 1046 ἓως
642 983 706 1055 θῇ
737 984 830 1036 ἐπί
859 984 962 1054 τῆς
989 985 1094 1056 γῆς
1125 988 1324 1058 κρίσιν·
1362 989 1454 1042 καὶ
1486 991 1579 1042 ἐπὶ
1605 990 1683 1061 τῷ
1719 991 1943 1063 ὀνόματι

356 1073 531 1127 αὐτοῦ
569 1075 693 1146 ἔθνη
735 1075 1028 1130 ἐλπιοῦσιν.
1072 1097 1091 1129 ι
1123 1079 1229 1132 Καὶ
1260 1080 1386 1150 ἑξῆς
1414 1081 1652 1150 ἐπιλέγει
1683 1097 1694 1108 ·
1733 1102 1751 1134 ι
1802 1083 1940 1152 Ἐγὼ

358 1165 567 1236 Κύριος
595 1168 623 1219 ὁ
649 1166 779 1230 Θεὸς
815 1168 1052 1222 ἐκάλεσά
1085 1187 1143 1222 σε
1187 1172 1244 1224 ἐν
1295 1171 1627 1244 δικαιοσύνῃ,
1671 1175 1765 1226 καὶ
1805 1192 1940 1246 κρα-

354 1259 513 1328 τήσω
539 1259 636 1328 τῆς
663 1260 845 1330 χειρός
880 1278 996 1328 σου,
1028 1263 1120 1316 καὶ
1149 1264 1415 1334 ἐνισχύσω
1452 1282 1530 1318 σε·
1556 1266 1648 1319 καὶ
1675 1262 1852 1320 ἔδωκά
1877 1285 1936 1320 σε

354 1352 440 1414 εἰς
466 1350 728 1422 διαθήκην
753 1354 964 1421 γένους,
996 1357 1075 1418 εἰς
1105 1356 1218 1425 φῶς
1263 1356 1448 1421 ἐθνῶν,
1490 1357 1694 1422 ἀνοῖξαι
1740 1358 1937 1428 ὀφθαλ-

357 1442 496 1510 μοὺς
523 1443 755 1511 τυφλῶν,
802 1444 1089 1514 ἐξαγαγεῖν
1136 1449 1199 1500 ἐκ
1238 1447 1450 1520 δεσμῶν
1496 1450 1808 1522 δεδεμένους
1839 1453 1934 1506 καὶ

349 1531 418 1598 ἐξ
441 1531 590 1586 οἴκου
625 1533 871 1605 φυλακῆς
905 1536 1246 1608 καθημένους
1289 1542 1346 1592 ἐν
1394 1542 1589 1604 σκότει,
1642 1542 1780 1612 Ἐγὼ
1817 1544 1930 1598 Κύ-

352 1638 474 1694 ριος
499 1627 527 1677 ὁ
554 1624 702 1690 Θεὸς,
733 1625 888 1680 τοῦτό
927 1646 1027 1699 μου
1066 1632 1214 1684 ἐστὶν
1259 1631 1448 1704 ὄνομα,
1480 1634 1578 1706 τὴν
1620 1635 1775 1700 δόξαν
1827 1656 1927 1709 μου

344 1714 525 1787 ἑτέρῳ
551 1717 612 1768 οὐ
635 1716 808 1781 δώσω,
835 1719 955 1773 οὐδὲ
985 1721 1084 1784 τὰς
1113 1721 1312 1794 ἀρετάς
1349 1742 1448 1795 μου
1493 1729 1606 1789 τοῖς
1652 1727 1924 1795 γλυπτοῖς·

2046 903 2286 972 proferet
2313 905 2579 975 judicium
2616 925 2630 962 :
2663 910 3050 979 resplendebit,
3079 923 3132 970 et
3163 931 3267 970 non
3303 917 3602 990 frangetur,

2044 992 2217 1050 donec
2243 1002 2410 1066 ponat
2442 995 2498 1052 in
2539 1005 2685 1052 terra
2717 999 2984 1068 judicium
3013 1022 3026 1057 :
3057 1015 3111 1059 et
3145 1008 3198 1060 in
3243 1009 3464 1066 nomine
3486 1014 3606 1082 ejus

2041 1095 2231 1156 gentes
2272 1090 2666 1157 sperabunt";
2694 1109 2713 1142 ι
2747 1107 2812 1146 ac
2840 1092 3092 1164 deinceps
3123 1096 3366 1170 adjungit
3395 1121 3408 1156 :
3443 1121 3460 1154 ι
3490 1103 3604 1174 Ego

2041 1175 2303 1234 Dominus
2337 1180 2480 1236 Deus
2527 1182 2715 1236 vocavi
2756 1191 2808 1236 te
2838 1185 2892 1239 in
2932 1186 3166 1256 justitia,
3202 1198 3256 1245 et
3290 1196 3600 1263 apprehen-

2039 1265 2161 1319 dam
2198 1281 2418 1320 manum
2460 1279 2627 1332 tuam,
2659 1276 2714 1324 et
2743 1271 3079 1328 conﬁrmabo
3111 1283 3186 1346 te,
3210 1285 3264 1333 et
3287 1279 3408 1334 dedi
3459 1289 3510 1336 te
3543 1283 3599 1338 in

2039 1367 2424 1414 testamentum
2458 1361 2561 1431 52
2593 1363 2839 1434 generis,
2888 1365 2942 1420 in
2986 1366 3162 1422 lucem
3209 1373 3486 1436 gentium.
3541 1385 3601 1429 ut

2037 1451 2279 1519 aperires
2312 1453 2502 1507 oculos
2547 1468 2836 1519 execorum,
2875 1466 2928 1512 et
2965 1457 3033 1513 de
3073 1460 3305 1516 vinculis
3335 1462 3598 1522 educeres

2033 1542 2263 1607 vinctos,
2295 1553 2350 1598 et
2376 1543 2442 1598 de
2465 1544 2626 1600 domo
2653 1547 2910 1612 carceris,
2948 1551 3197 1608 sedentes
3233 1555 3286 1609 in
3320 1558 3593 1620 tenebris.
3691 1605 3695 1609 .

2032 1632 2145 1704 Ego
2178 1635 2438 1692 Dominus
2461 1636 2624 1700 Deus,
2653 1641 2756 1694 hoc
2785 1657 2965 1696 meum
2997 1653 3081 1700 est
3107 1661 3320 1715 nomen,
3362 1649 3591 1721 gloriam

2031 1741 2203 1779 meam
2231 1726 2384 1780 alteri
2418 1743 2526 1782 non
2552 1728 2712 1793 dabo,
2733 1747 2909 1802 neque
2930 1736 3156 1792 virtutes
3185 1755 3333 1794 meas
3364 1743 3587 1811 sculp5i~

343 1804 414 1858 τά
461 1807 556 1858 ἀπ’
598 1809 792 1879 ἀρχῆς,
835 1809 943 1864 ἰδοὺ
985 1811 1171 1882 ἦκασι·
1215 1814 1377 1868 καινά
1419 1815 1455 1869 ἃ
1497 1815 1908 1886 νῦνιάναγγελῶη

2027 1819 2191 1885 libus,
2217 1837 2336 1890 qua:
2361 1822 2429 1877 ab
2459 1822 2611 1878 initio
2633 1838 2807 1896 erant,
2840 1844 2970 1886 ecce
2991 1842 3287 1888 venerunt:
3314 1851 3450 1889 nova
3474 1852 3594 1906 quae

343 1898 442 1950 καὶ
480 1899 587 1971 πρὸ
611 1901 704 1954 τοῦ
734 1902 1049 1971 ἀναγγεῖλαι
1077 1905 1312 1978 ἐδηλώθη
1341 1909 1486 1978 ὑμῖν.
1533 1929 1553 1961 ι

341 2092 478 2146 KA'.
525 2095 667 2148 Ἀπὸ
695 2099 800 2174 τοῦ
844 2099 1056 2174 αὐτοῦ.Δ
1091 2134 1161 2142 -
1195 2102 1472 2174 Δήλωσις
1514 2108 1771 2174 Χριστοῦ
1814 2111 1912 2164 καὶ

654 2167 939 2236 γενέσεως
963 2171 1062 2224 καὶ
1092 2167 1364 2240 κλήσεως
1394 2167 1602 2232 ἐθνῶν.

416 2298 438 2328 τ
473 2280 764 2336 Ἀκούσατέ
789 2301 910 2354 μου,
945 2286 1118 2356 νῆσοι,
1169 2291 1261 2342 καὶ
1297 2291 1611 2362 προσέχετε,
1638 2294 1784 2367 ἔθνη·
1816 2298 1914 2353 Διά

337 2371 531 2442 χρόνου
576 2373 768 2428 πολλοῦ
817 2380 1094 2449 στήσεται,
1139 2382 1286 2450 λέγει
1327 2384 1547 2456 Κύριος·
1599 2389 1662 2440 ἐκ
1709 2391 1914 2457 κοιλίας

338 2464 548 2534 μητρός
598 2483 699 2536 μου
744 2469 970 2524 ἐκάλεσε
1028 2473 1087 2526 τὺ
1135 2475 1304 2546 ὄνομά
1357 2495 1456 2548 μου
1506 2479 1582 2542 ὡς
1640 2482 1911 2555 μάχαιραν

333 2554 534 2621 ὀξεῖαν,
570 2561 660 2612 καὶ
691 2561 796 2614 ὑπὸ
827 2562 924 2634 τήν
955 2565 1158 2637 σκέπην
1181 2567 1281 2638 τῆς
1309 2569 1490 2641 χειρὸς
1515 2572 1678 2626 αὑτοῦ
1709 2554 1911 2648 ἔκρυψέ

339 2665 430 2720 με·
464 2651 628 2722 ἔθηκέ
661 2671 728 2723 με
757 2655 833 2717 ὡς
861 2655 1010 2724 βέλος
1045 2657 1316 2722 ἐκλεκτὸν,
1349 2663 1439 2714 καί
1471 2663 1529 2714 ἐν
1565 2666 1631 2735 τῇ
1665 2667 1911 2740 φαρέτρα

340 2743 510 2797 αὐτοῦ
538 2746 810 2800 ἐσκέπασέ
830 2765 917 2818 με.
949 2751 1057 2802 Καὶ
1073 2751 1310 2819 ἐπιλέγει
1335 2753 1480 2822 ἑξῆς·
1509 2775 1526 2806 ι
1549 2755 1674 2810 Ἰδοὺ
1705 2758 1911 2815 δέδωκά

333 2837 508 2914 ceri;
535 2837 796 2910 διαθήκην
828 2841 1034 2906 γένους,
1068 2845 1148 2906 εἰς
1181 2844 1295 2911 φῶς
1332 2845 1501 2900 ἐθνῶν
1541 2844 1678 2902 εἷναί
1727 2868 1784 2904 σε
1827 2855 1909 2917 είς

333 2929 606 2999 σωτηρίαν
634 2930 740 2993 ἓως
761 2931 991 3000 ἐσχάτου
1019 2934 1117 3003 τῆς
1146 2935 1269 3006 γῆς.
1310 2955 1329 2988 ι

2020 1927 2167 1968 nunc
2187 1917 2470 1982 annuntio,
2493 1925 2778 1990 antequam
2803 1923 3186 1990 nuntiaverim,
3207 1925 3446 1981 indicata
3465 1936 3594 1984 sunt.

2019 2004 2173 2060 vobis
2192 2005 2256 2059 ⁷³.
2292 2026 2311 2058 ι

2017 2118 2158 2175 XXI.
2206 2123 2284 2177 Ab
2333 2123 2641 2199 eodem.—7-
2679 2123 2986 2199 Declaralio
3034 2128 3233 2199 Christi
3275 2141 3386 2184 tum
3439 2139 3587 2188 ortus

2441 2205 2550 2247 tum
2585 2197 2870 2250 uocationis
2909 2198 3161 2268 gentium.

2094 2324 2112 2356 ι
2142 2305 2340 2362 Audite
2389 2322 2496 2371 me,
2539 2306 2753 2370 insulae,
2803 2317 2859 2363 et
2897 2311 3176 2374 attendite,
3225 2321 3455 2384 gentes:
3489 2330 3588 2385 per

2017 2405 2229 2468 tempus
2257 2399 2484 2453 multum
2512 2401 2798 2466 consistet,
2831 2399 2962 2456 dicit
2995 2401 3256 2459 Dominus
3285 2425 3298 2460 :
3329 2407 3396 2461 ab
3427 2416 3586 2463 utero

2015 2493 2209 2546 matris
2255 2507 2391 2546 meae
2438 2493 2651 2547 vocavit
2692 2507 2892 2548 nomen
2945 2509 3144 2558 meum,
3189 2505 3240 2551 et
3286 2499 3467 2568 posuit
3519 2513 3583 2555 οδ

2015 2600 2194 2639 meum
2241 2585 2398 2654 quasi
2436 2584 2674 2656 gladium
2726 2592 2970 2649 acutum,
3017 2594 3068 2642 et
3117 2589 3220 2642 sub
3269 2597 3583 2661 legumento

2014 2689 2210 2730 manus
2233 2691 2346 2730 sua:
2380 2675 2674 2730 occultavit
2715 2690 2801 2729 me
2831 2695 2843 2729 :
2875 2678 3056 2746 posuit
3100 2695 3186 2734 me
3227 2681 3382 2750 quasi
3412 2683 3583 2752 sagit-

2012 2773 2120 2819 tam
2162 2767 2413 2832 electam,
2462 2775 2516 2822 et
2551 2767 2604 2820 in
2640 2767 2897 2837 pharetra
2944 2784 3041 2824 sua
3074 2772 3311 2838 protexit
3348 2787 3432 2826 me
3453 2772 3519 2827 ⁷⁸.
3551 2790 3575 2825 ι

2011 2854 2078 2909 Et
2110 2856 2353 2926 adjungit
2386 2855 2678 2926 deinceps:
2708 2875 2726 2907 ι
2759 2855 2898 2911 Ecce
2939 2855 3060 2911 dedi
3096 2864 3148 2910 te
3186 2857 3240 2911 in
3282 2864 3578 2914 testamen-

2009 2956 2121 3000 tum
2156 2947 2390 3019 generis,
2437 2947 2490 3000 in
2523 2947 2696 3002 lucem
2724 2948 2986 3018 gentium,
3015 2955 3075 3001 ut
3121 2947 3199 3003 sis
3230 2947 3285 3002 in
3321 2950 3569 3014 salutem,

2011 3054 2182 3108 usque
2211 3039 2277 3093 ad
2305 3049 2603 3094 extremum
2629 3041 2870 3094 terrae”.
2907 3057 2926 3090 ι

327 3129 464 3182 KB’.
517 3128 664 3184 Ἀπὸ
681 3131 783 3186 τοῦ
808 3130 1013 3185 αὐτοῦ.
1045 3165 1114 3172 -
1149 3135 1403 3201 Χριστοῦ
1434 3138 1767 3205 παρουσίας
1799 3139 1904 3209 δή-

2012 3153 2173 3208 XXII.
2229 3153 2306 3206 Ab
2357 3153 2552 3207 eodem.
2590 3152 2896 3234 7-_Christ_i
2952 3153 3201 3208 adventus
3257 3154 3573 3225 signiﬁcatio

689 3227 888 3290 on'tc,
919 3223 1016 3277 καὶ
1045 3225 1316 3293 κλήσεως
1339 3227 1547 3282 ἐθνῶν.

419 3351 438 3382 ι
473 3333 624 3386 Οὕτω
655 3334 792 3403 λέγει
819 3335 1044 3407 Κύριος,
1069 3338 1096 3389 ὁ
1129 3339 1431 3409 ῥυσάμενος
1457 3358 1515 3394 σε
1557 3343 1584 3393 ὁ
1625 3343 1756 3408 Θεὸς
1802 3345 1902 3398 Ἰσ-

331 3424 496 3495 ραήλ·
550 3427 824 3494 Ἀγιάσατε
873 3428 963 3481 τὸν
1013 3430 1335 3498 φαυλίςοντα
1365 3431 1465 3504 τὴν
1494 3433 1670 3506 ψυχὴν
1712 3435 1899 3499 αὐτοῦ,

322 3517 423 3570 τὸν
456 3516 868 3588 βδελυσσόμενον
905 3521 1010 3573 ὑπὸ
1051 3521 1158 3574 τῶν
1202 3522 1400 3576 δούλων
1451 3524 1558 3577 τῶν
1601 3526 1894 3596 ἀρχόντων·

321 3609 565 3678 βασιλεῖς
607 3611 824 3680 ὄψονται
853 3613 1036 3674 αὑτὸν,
1067 3614 1160 3666 καὶ
1189 3615 1578 3687 ἀναστήσονται
1611 3617 1894 3688 ἄρχοντες,

316 3705 418 3755 καὶ
440 3704 901 3775 προσκυνήσουσιν
927 3704 1095 3775 αὐτῷ,
1125 3725 1141 3755 ι
1165 3707 1257 3758 καὶ
1279 3707 1347 3760 τὰ
1361 3708 1504 3778 ἑξῆς·
1527 3703 1608 3772 οἷς
1631 3709 1890 3779 ἐπιλέγει·

324 3811 344 3843 ι
385 3792 577 3862 Καιρῷ
589 3793 764 3863 δεκτῷ
785 3795 1064 3865 ἐπήκουσά
1093 3813 1206 3859 σου,
1225 3799 1318 3850 καὶ
1334 3799 1390 3850 ἐν
1413 3800 1594 3870 ἡμέρᾳ
1625 3801 1897 3872 σωτηρίας

319 3883 596 3954 ἐϐοήθησά
619 3901 720 3937 σοι·
751 3887 843 3938 καὶ
877 3885 1052 3940 ἐδωκά
1083 3904 1139 3940 σε
1184 3889 1262 3950 εἰς
1294 3887 1554 3960 διαθήκην
1583 3890 1771 3954 ἐθνῶν,
1801 3891 1895 3945 τοῦ

320 3977 660 4044 καταστῆσαι
691 3979 787 4047 τήν
813 3979 938 4048 γῆν,
969 3981 1063 4032 καὶ
1092 3979 1494 4052 κληρονομῆσαι
1537 3983 1896 4055 κληρονομίας

321 4070 586 4138 ἐρήμους,
641 4069 864 4138 λέγοντα
899 4073 1013 4134 τοῖς
1058 4073 1115 4124 ἐν
1171 4071 1404 4144 δεσμοῖς,
1466 4075 1756 4140 Ἐξέλθετε·
1801 4077 1894 4130 καὶ

317 4161 430 4219 τοῖς
447 4160 507 4211 ἐν
536 4159 612 4230 τῷ
647 4161 820 4213 σκότει
853 4161 1316 4233 ἀνακαλυφθῆναι·
1341 4163 1430 4215 καὶ
1460 4163 1516 4216 ἐν
1546 4165 1747 4228 πάσαις
1774 4168 1896 4230 ταῖς

319 4251 456 4316 ὁδοῖς
491 4252 936 4324 βοσκηθήσονται,
990 4257 1086 4308 καὶ
1130 4257 1186 4308 ἐν
1235 4256 1436 4320 πάσαις
1483 4259 1598 4321 ταῖς
1625 4257 1890 4330 τρίϐοιςή

318 4345 459 4415 νομὴ
498 4344 695 4398 αὐτῶν.
731 4347 802 4398 Οὐ
849 4346 1225 4411 πεινάσουσιν,
1261 4348 1379 4402 οὐδὲ
1404 4349 1739 4419 διψήσουσιν,
1769 4351 1890 4404 οὐδὲ

318 4435 545 4500 πατάξει
575 4438 769 4500 αὐτοὺς
791 4438 1030 4503 καύσων,
1055 4439 1174 4492 οὐδέ
1196 4439 1364 4510 ἥλιος,
1387 4440 1502 4493 ἀλλ’
1531 4442 1559 4493 ὁ
1587 4441 1752 4494 ἐλεῶν
1784 4459 1889 4496 πα-

2369 3234 2417 3278 ct
2440 3225 2725 3278 vocationis
2747 3227 3001 3292 gentium.
3079 3249 3083 3254 ι

2081 3355 2100 3388 ‹
2135 3334 2225 3391 Sic
2255 3336 2380 3392 dicit
2405 3335 2688 3403 Dominus,
2717 3338 2810 3408 qui
2837 3337 3086 3393 liberavit
3119 3345 3170 3392 te
3195 3335 3342 3392 Deus
3364 3336 3567 3395 Israel;

2005 3429 2339 3484 sanctilicate
2375 3445 2498 3484 eum
2546 3431 2637 3500 qui
2693 3431 2916 3502 negligit
2958 3429 3194 3484 animam
3240 3444 3417 3495 suam,
3473 3429 3568 3500 qui

2003 3522 2384 3578 abominabilis
2412 3533 2496 3577 est
2521 3524 2796 3592 gentibus,
2829 3525 3006 3580 servis
3033 3525 3342 3596 principum
3371 3543 3384 3581 :
3412 3539 3574 3595 reges

2001 3614 2264 3668 videbunt
2289 3629 2437 3678 eum,
2488 3620 2542 3669 et
2579 3623 2804 3685 surgent
2845 3616 3142 3686 principes,
3175 3624 3230 3670 et
3259 3615 3569 3671 adorabunt

2000 3703 2193 3759 eum"
2237 3723 2255 3756 ι
2322 3711 2375 3758 et
2433 3717 2553 3773 quae
2602 3715 2940 3774 sequuntur;
3011 3706 3212 3774 quibus
3273 3707 3562 3778 adjungit:

2005 3812 2024 3844 ι
2056 3793 2321 3865 Tempore
2359 3803 2585 3866 accepto
2631 3795 2813 3850 audivi
2848 3803 2920 3862 te,
2952 3804 3005 3850 et
3043 3797 3098 3851 in
3120 3799 3206 3853 die
3246 3799 3436 3852 salutis
3461 3799 3562 3851 ad-

1994 3887 2110 3954 juvi
2144 3896 2239 3943 te:
2273 3896 2326 3943 et
2372 3888 2497 3944 dedi
2542 3896 2596 3943 te
2647 3888 2704 3942 in
2749 3893 3132 3943 testamentum
3189 3890 3451 3958 gentium,
3503 3896 3564 3942 ut

1998 3982 2359 4036 constitueres
2377 3989 2600 4045 terram,
2620 3991 2670 4037 et
2684 3981 3100 4052 consequereris
3116 3979 3460 4035 hmreditates
3476 3981 3564 4037 de-

1998 4083 2195 4136 sertas,
2239 4079 2292 4127 et
2335 4073 2548 4128 diceres
2575 4073 2642 4128 iis
2679 4073 2771 4142 qui
2799 4066 2876 4128 "in
2912 4073 3145 4127 vinculis
3177 4079 3328 4135 sunt,
3369 4073 3552 4127 exite:

1995 4175 2048 4220 et
2077 4165 2144 4220 iis
2173 4165 2266 4235 qui
2298 4165 2356 4219 in
2387 4165 2648 4228 tenebris,
2682 4174 2742 4218 ut
2774 4165 2828 4218 in
2869 4165 3042 4218 lucem
3087 4162 3350 4233 prodeant
3379 4180 3393 4216 :
3421 4173 3474 4217 et
3503 4163 3560 4216 in

1994 4256 2250 4310 omnibus
2272 4256 2377 4311 viis
2408 4263 2722 4326 pascentur,
2761 4261 2816 4309 et
2846 4254 2902 4308 in
2935 4253 3192 4308 omnibus
3217 4253 3425 4307 semitis
3459 4267 3555 4322 pa—

1995 4350 2100 4405 stio
2150 4365 2372 4417 eorum;
2430 4365 2540 4405 non
2591 4351 2831 4405 esurient
2888 4365 3065 4420 neque
3124 4349 3332 4413 sitient,
3381 4363 3562 4419 neque

1991 4441 2259 4511 percutiet
2286 4457 2382 4497 eos
2410 4448 2597 4504 aestus,
2641 4455 2816 4510 neque
2847 4439 2950 4503 sol,
2991 4438 3086 4495 sed
3119 4441 3210 4510 qui
3244 4439 3557 4504 miseretur,

323 4526 628 4597 ρακαλέσει,
660 4530 751 4582 καλ⁸
779 4529 870 4582 διὰ
912 4531 1102 4602 πηγῶν
1149 4532 1355 4585 ὑδάτων
1393 4531 1509 4596 ἄξει
1545 4533 1756 4597 αὐτούς·
1792 4536 1886 4588 καὶ

2012 4534 2366 4590 :onsolabitur
2391 4552 2404 4588 :
2433 4542 2488 4588 et
2507 4548 2606 4604 per
2635 4531 2814 4587 fontes
2851 4546 3118 4601 aquarum
3153 4531 3316 4587 ducet
3354 4547 3472 4596 eos,
3502 4540 3555 4585 et

321 4617 470 4690 θήσω
510 4623 620 4674 πᾶν
663 4621 786 4692 ὅρος
832 4623 911 4686 εἰς
967 4623 1082 4676 ὁδὸν
1131 4626 1224 4676 καὶ
1255 4627 1433 4678 πᾶσαν
1461 4625 1650 4696 τρίϐον
1687 4627 1766 4690 εἰς
1798 4626 1886 4696 βό-

321 4731 507 4785 σκημα
545 4715 741 4779 αὐτοῖς.
803 4715 932 4770 Ἰδοὺ
969 4711 1110 4770 οὗτοι
1157 4718 1434 4790 πόρρωθεν
1478 4719 1718 4790 ἥξουσιν,
1745 4715 1888 4774 οὗτοι

318 4804 428 4856 ἀπὸ
471 4804 643 4877 βορῤᾶ
679 4806 772 4859 καὶ
815 4805 1104 4878 θαλάσσης,
1144 4809 1290 4862 ἄλλοι
1335 4809 1390 4862 δὲ
1425 4810 1488 4862 ἐκ
1512 4810 1616 4879 γῆς
1639 4810 1882 4882 Περσῶν.

316 4897 688 4970 Εὐφράνθητε,
727 4900 964 4971 οὐρανοὶ,
990 4903 1080 4954 καὶ
1112 4901 1454 4968 ἀγαλλιάσθω
1483 4904 1515 4972 ή
1553 4903 1644 4972 γῆ.
1695 4904 1887 4974 Ῥηξά-

312 5006 495 5042 τωσαν
527 4989 595 5043 τά
621 4991 721 5063 ὅρη
753 4991 1108 5062 εὐφροσύνην,
1141 4993 1222 5046 ὅτι
1256 4993 1484 5064 ήλέησεν
1533 4992 1735 5065 Κύριος
1794 4995 1884 5047 τὸν

314 5080 442 5134 λαὸν
467 5080 653 5144 αὐτοῦ,
683 5083 776 5135 καὶ
820 5083 945 5146 τοὺς
971 5084 1258 5148 ταπεινοὺς
1278 5084 1372 5137 τοῦ
1395 5083 1525 5137 λαοῦ
1557 5084 1718 5137 αὐτοῦ
1749 5103 1886 5159 παρ-

315 5171 594 5227 εκάλεσεν.
633 5191 651 5224 ι

310 5285 442 5338 KI".
483 5286 594 5341 Τοῦ
625 5288 830 5342 αὐτοῦ.
863 5319 932 5329 -
957 5289 1228 5358 Δήλωσις
1249 5291 1504 5359 Χριστοῦ
1531 5291 1628 5344 καὶ
1659 5291 1880 5358 κλῆσις

988 5359 1196 5414 ἐθνῶν.

383 5491 405 5522 ο
445 5474 745 5544 Προσέχετε
775 5477 884 5539 τοῖς
911 5475 1041 5528 ὠσὶν
1071 5476 1100 5528 ὑ
1109 5476 1246 5546 μῶν,
1280 5479 1373 5530 καὶ
1405 5476 1876 5548 ἐπακολουθήσατε

304 5566 429 5630 ταῖς
474 5565 614 5644 ὁδοῖς
672 5582 790 5635 μου·
850 5566 1190 5620 ἐπακούσατέ
1240 5583 1361 5637 μου,
1413 5567 1506 5620 καὶ
1553 5566 1774 5637 ζήσεται
1820 5569 1879 5620 ἐν

373 5743 421 5776 ⁷⁸
461 5741 567 5798 lsa.
605 5759 735 5810 ml,
767 5744 880 5800 Μ.
960 5745 1006 5776 ⁷³
1030 5743 1167 5801 ibid.
1198 5743 1315 5798 6-9.
1357 5744 1401 5776 ⁷⁵
1426 5741 1533 5799 lsa.
1561 5760 1707 5811 uix,
1745 5744 1864 5801 1-2.

2022 5747 2152 5803 ibid.
2183 5745 2236 5800 6.
2315 5749 2359 5782 ’-’
2394 5750 2526 5810 ibi}.
2562 5749 2616 5809 Ἰ.

1991 4641 2188 4696 ponam
2231 4638 2446 4680 omnem
2491 4633 2728 4678 montem
2757 4623 2810 4677 iu
2843 4623 3006 4688 viam,
3037 4630 3092 4677 et
3119 4637 3333 4676 omnem
3386 4623 3555 4677 semi-

1991 4726 2098 4770 tam
2129 4717 2184 4770 in
2220 4717 2476 4787 pabulum
2505 4717 2585 4771 eis
2612 4734 2624 4770 :
2650 4715 2790 4770 Ecce
2823 4715 2876 4768 hi
2903 4713 3307 4785 delonginquis
3336 4713 3554 4768 venient

1991 4807 2068 4861 illi
2097 4808 2164 4863 ab
2204 4808 2458 4879 aquilone
2487 4815 2543 4862 et
2587 4807 2746 4870 mari,
2776 4807 2864 4860 alii
2903 4821 3034 4862 vero
3077 4821 3143 4860 ex
3184 4813 3332 4860 terra
3359 4803 3555 4858 Persa-

1990 4912 2134 4952 rum.
2193 4895 2501 4960 Laatamini,
2545 4897 2693 4958 caeli,
2740 4904 2794 4952 et
2838 4895 3074 4951 exsultet
3137 4901 3304 4950 terra.
3355 4892 3557 4947 Erum—

1988 4997 2118 5060 pant
2175 4998 2388 5046 montes
2436 4991 2490 5044 in
2542 4990 2806 5051 laetitiam,
2852 4989 3111 5058 quoniam
3159 4987 3419 5041 misertus
3471 4995 3554 5040 est

1987 5081 2250 5138 Dominus
2273 5082 2459 5153 pepuli
2489 5083 2596 5148 sui,
2638 5088 2691 5136 et
2723 5081 2956 5138 humiles
3001 5080 3184 5152 populi
3225 5079 3310 5134 sui
3350 5093 3553 5134 conso-

1987 5177 2132 5231 latus
2161 5183 2246 5232 est
2265 5177 2331 5230 '".
2364 5195 2385 5230 ι

1987 5289 2091 5361 53
2115 5287 2302 5344 XXIII.
2336 5289 2414 5342 Ab
2437 5289 2636 5361 eodem.
2654 5288 3043 5342 —Declaratio
3072 5286 3294 5350 Christi,
3325 5297 3375 5344 et
3407 5305 3555 5342 caca-

2593 5360 2663 5414 ta'o
2691 5361 2940 5431 gentium.

2060 5494 2077 5527 ι
2117 5474 2389 5530 Attenditc
2442 5474 2664 5531 auribus
2717 5473 2933 5536 vestris,
2997 5481 3051 5528 et
3104 5475 3384 5530 sectamini
3435 5475 3557 5528 vias

1985 5584 2154 5633 meas,
2186 5574 2240 5623 et
2273 5568 2456 5624 audiet
2480 5583 2585 5634 me,
2610 5576 2664 5624 et
2698 5568 2842 5622 vivet
2865 5567 2922 5622 in
2945 5565 3106 5623 bonis
3133 5567 3320 5624 anima
3348 5574 3556 5635 vestra,

2703 5750 2748 5784 '"
2777 5747 2908 5806 ibid.
2938 5750 3088 5807 8-15.
3182 5801 3184 5803 ,
