4068 6206
544 258 640 319 Hi

1204 258 1473 317 EUSEBH
1510 256 1988 315 C/ESARIENSIS
2021 258 2170 317 OPP.
2212 257 2393 315 PARS
2424 257 2492 316 II.
2522 288 2592 301 —-
2631 236 3130 315 APOLOCETICA.
3181 330 3207 351 .

3666 261 3774 318 “2

540 393 597 438 ct
626 382 854 437 condam
898 380 1051 436 vobis
1082 377 1489 435 Testamentum
1524 381 1937 452 sempiternum,
1977 396 2096 437 san-

2205 382 2424 451 ἀγαθοῖς
2456 382 2489 454 ή
2521 379 2668 453 ψυχὴ
2688 380 2863 452 ὑμῶν,
2894 382 2988 437 καὶ⁵
3009 381 3335 453 διαθήσομαι
3357 380 3484 453 ὑμῖν
3503 381 3769 457 διαθήκην

541 483 631 532 cta
655 474 824 533 David
856 475 1050 531 ﬁdelia.
1090 474 1227 531 Ecce
1255 474 1624 531 testimonium
1681 475 1936 547 gentibus
1978 475 2103 531 dedi

540 584 687 634 eum,
728 566 1027 638 principem
1073 574 1129 621 et
1177 567 1531 637 imperantem
1588 566 1857 638 gentibus.
1904 564 2104 623 Gentes

542 672 665 730 qua
693 672 801 712 non
832 665 1099 712 noverunt
1124 665 1202 722 te,
1235 658 1567 713 invocabunt
1589 664 1644 713 te
1675 676 1689 712 :
1723 665 1777 713 et
1805 659 1988 729 populi
2011 658 2103 727 qui

540 748 793 806 nesciunt
842 756 914 811 te,
962 748 1029 803 ad
1084 757 1136 804 te
1183 748 1498 820 confugient
1540 759 1761 822 propter
1816 750 2103 807 Dominum

540 839 706 895 Deum
743 846 918 904 tuum,
942 849 1195 896 sanctum
1230 849 1385 896 tuum
1422 840 1608 909 Israel,
1638 843 1895 913 quoniam
1938 842 2104 911 glori-

541 930 720 984 ﬁcavit
744 930 867 986 te."
886 950 910 984 ο
928 931 1158 997 Quando
1185 946 1315 1003 ergo
1345 933 1415 987 ab
1444 933 1532 988 his
1562 948 1779 1005 quoque
1810 933 2104 988 didicimus

539 1021 742 1079 Christi
790 1023 1080 1079 adventrum
1122 1024 1438 1095 praeparari,
1473 1034 1532 1079 ut
1564 1041 1673 1080 non
1714 1026 1847 1082 solis
1877 1024 2102 1090 Judmis.

540 1115 636 1171 sed
670 1115 928 1171 omnibus
966 1115 1218 1188 gentibus
1248 1118 1505 1174 salutaris
1537 1117 1677 1173 foret
1708 1137 1722 1173 :
1753 1133 1851 1190 age
1880 1119 2102 1177 tertium

532 1222 756 1279 quoque
782 1207 913 1262 illud
932 1206 1305 1271 ostendamus,
1319 1208 1775 1279 quemadmodum
1794 1210 1847 1264 in
1869 1210 2101 1266 adventu

536 1298 681 1369 ejus.
712 1313 818 1353 non
869 1299 1045 1353 solum
1094 1298 1318 1353 meliora
1355 1300 1607 1371 gentibus
1662 1316 1759 1371 per
1803 1300 2103 1373 Prophetas

538 1390 952 1455 nuntiabantur,
1001 1390 1096 1447 sed
1137 1392 1297 1446 etiam
1341 1392 1408 1449 iis
1437 1393 1530 1464 qui
1577 1410 1644 1449 ex
1687 1396 2104 1451 circumcisione

537 1490 667 1540 sunt
712 1482 1005 1537 contraria.
1064 1479 1344 1553 Siquidem
1398 1484 1556 1554 plane
1612 1487 1849 1549 ruinam,
1877 1493 1932 1541 et
1964 1485 2103 1557 reje-

530 1575 770 1630 ctionem
823 1572 1062 1629 Iudaicae
1111 1574 1287 1645 gentis
1344 1574 1613 1641 futuram,
1641 1585 1861 1648 propter
1912 1591 2101 1632 eorum

2205 473 2440 535 αἰώνιον,
2485 472 2553 527 τὰ
2596 473 2717 525 ὅσια
2749 471 2908 527 Δαθὶδ
2933 474 3000 527 τὰ
3049 472 3236 528 πιστά.
3287 471 3417 526 Ἰδοὺ
3469 473 3769 545 μαρτύριον

2204 564 2379 619 ἔθνεσι
2398 563 2606 617 δέδωκα
2631 562 2810 625 αὑτὸν,
2834 563 3068 635 ἄρχοντα
3090 564 3182 619 καὶ
3200 565 3606 637 προστάσσοντα
3626 564 3771 620 ἔθνε-

2206 674 2307 711 σιν.
2332 655 2499 727 Ἕθνη
2537 654 2573 710 ἃ.
2598 656 2698 708 οὐκ
2739 656 2939 709 οἰδασίν
2979 673 3059 723 σε,
3107 654 3519 710 ἐπικαλέσονταί
3556 671 3636 719 σε,
3671 656 3771 709 καὶ

2204 746 2322 802 λαοὶ
2372 748 2422 801 οἳ
2467 749 2567 801 οὐκ
2607 747 2922 801 ἐπίστανταί
2968 763 3049 814 σε,
3082 749 3175 801 ἐπὶ
3213 748 3273 801 σὲ
3318 746 3765 818 καταφεύξονται,

2202 838 2367 891 ἕνεκα
2408 837 2612 909 Κυρίου
2641 837 2734 890 τοῦ
2764 836 2898 891 θεοῦ
2939 836 3030 891 τοῦ
3063 838 3221 906 ἁγίου
3256 854 3350 891 σου
3396 837 3632 910 Ἰσραήλ,
3682 840 3766 893 ὃτι

2203 929 2453 994 ἐδόξασεν
2484 946 2567 982 σε.
2607 948 2625 980 ι
2662 930 2772 983 Καὶ
2800 927 2888 982 διὰ
2916 929 3120 985 τούτων
3144 925 3236 983 οὖν
3267 929 3663 1001 μεμαθηκότες,
3688 930 3769 995 ὡς

2204 1021 2358 1092 ήτοῦ
2389 1019 2624 1093 Χριστοῦ
2659 1020 2930 1091 παρουσία
2978 1022 3039 1075 οὐ
3078 1021 3257 1092 μόνοις
3303 1020 3595 1085 Ἰουδαίοις,
3630 1020 3767 1076 ἀλλὰ

2204 1111 2298 1164 καὶ
2326 1113 2460 1164 πᾶσι
2490 1112 2603 1175 τοῖς
2628 1109 2803 1165 ἔθνεσι
2836 1113 3104 1185 σωτήριος
3142 1111 3357 1167 ἔσεσθαι
3399 1112 3766 1186 προηυτρεπί-

2204 1200 2346 1266 ζετο,
2388 1200 2519 1272 φέρε
2564 1202 2659 1255 καὶ
2689 1202 2750 1255 τὸ
2793 1203 2975 1274 τρίτον
3005 1202 3394 1275 ἀποδείξωμεν,
3435 1204 3584 1268 ὅπως
3625 1204 3767 1259 κατὰ

2201 1294 2326 1356 τοὺς
2356 1292 2455 1363 τῆς
2477 1292 2791 1362 ἐπιφανείας
2817 1294 2980 1348 αὐτοῦ
3011 1295 3233 1366 χρόνους
3252 1295 3314 1348 οὐ
3342 1296 3503 1366 μόνον
3532 1295 3601 1349 τὰ
3630 1313 3770 1368 χρη.

2204 1385 2430 1457 στύτερα
2459 1386 2572 1448 τοῖς
2617 1383 2792 1438 ἔθνεσι
2826 1385 3248 1457 προεφητεύετο,
3275 1384 3412 1439 ἀλλὰ
3437 1386 3530 1441 καὶ
3561 1390 3672 1451 τοῖς
3699 1389 3767 1443 ἐκ

2204 1479 2500 1551 περιτομῆς
2531 1478 2601 1532 τὰ
2637 1478 2876 1534 ἐναντία.
2926 1480 3226 1553 Διαρῤήδην
3270 1479 3402 1548 γοῦν
3445 1480 3768 1535 ἀπόπτωσιν

2202 1570 2295 1625 καὶ
2314 1569 2581 1642 ἀποϐολήν
2611 1569 2703 1624 τοῦ
2741 1570 3004 1625 Ἰουδαίων
3032 1571 3234 1635 ἔθνους,
3260 1571 3347 1625 διὰ
3385 1571 3485 1643 τὴν
3518 1574 3598 1637 εἰς
3629 1574 3772 1645 Χρο-

532 1677 663 1736 erga
690 1662 970 1718 Christum
1029 1662 1491 1730 incredulitatem,
1522 1667 1744 1722 oracula
1793 1681 1914 1738 quae
1956 1666 2096 1738 apud

2204 1661 2328 1716 στὸν
2352 1661 2609 1716 ἀπιστίαν
2649 1661 2846 1728 αὐτῶν,
2877 1661 3111 1727 ἔσεσθαι,
3131 1662 3200 1716 τά
3231 1662 3359 1734 παρ’
3397 1663 3581 1727 αὐτοῖς
3606 1662 3768 1733 λόγια

532 1755 687 1825 ipsos
716 1753 1006 1822 habentur,
1036 1754 1391 1824 pronuntiant
1425 1776 1440 1812 :
1472 1765 1533 1812 ut
1555 1757 1669 1828 jam
1711 1772 1821 1813 non
1860 1759 2096 1830 aequales

2201 1751 2580 1827 προαγορεύει,
2609 1752 2684 1817 ὡς
2711 1754 2903 1825 μηκέτι
2933 1753 3078 1818 ἴσους
3104 1755 3252 1825 ἡμᾶς
3280 1755 3483 1818 αὐτοῖς,
3508 1752 3643 1808 ἀλλὰ
3668 1755 3768 1810 καὶ

533 1860 639 1902 nos
670 1847 771 1909 eis,
802 1848 898 1903 sed
926 1848 1087 1903 etiam
1119 1848 1277 1919 longe
1315 1849 1626 1919 superiores
1661 1847 1961 1905 videamur.
1983 1850 2099 1906 Cat-

535 1946 713 1995 terum
750 1955 896 1994 nunc
934 1953 1152 2010 quoque
1177 1946 1300 1993 utar
1329 1939 1493 1995 nudis
1520 1937 1911 2011 Prophetarum
1942 1941 2097 2008 locis,

534 2046 638 2088 nec
663 2047 728 2089 ea
762 2033 871 2088 ullo
915 2031 1080 2087 modo
1109 2030 1535 2101 contemplabor,
1570 2046 1694 2087 cum
1749 2044 1969 2103 propter
2006 2049 2102 2091 eo-

534 2124 781 2181 rumdem
824 2122 1290 2194 perspicuitatem,
1328 2128 1444 2176 tum
1493 2123 1638 2193 quod
1676 2124 1930 2180 liberiore
1967 2127 2097 2192 otio,

533 2217 903 2290 plenissimam
953 2228 1141 2272 eorum
1186 2216 1584 2285 expositionem
1641 2215 1843 2275 edituri
1887 2232 2096 2274 sumus.

1136 2324 1365 2383 CAPUT
1412 2326 1499 2381 Ιῐῐ.

535 2437 985 2508 Quemadmodum
1018 2441 1069 2493 in
1101 2441 1368 2494 vocatione
1395 2440 1648 2510 gentium,
1681 2455 1799 2509 qua:
1823 2454 1916 2507 per
1944 2437 2101 2494 Chri-

603 2547 742 2591 stum
769 2533 1011 2605 facienda
1038 2545 1174 2595 erat,
1203 2533 1515 2590 Iudaeorum
1557 2544 1757 2609 gentem
1785 2552 1819 2589 a
1846 2536 1954 2588 ritu
1984 2551 2099 2604 pro-

600 2623 737 2690 prio,
772 2621 1013 2693 cultuque
1047 2621 1144 2676 Dei
1166 2622 1351 2678 cadere
1380 2623 1673 2692 oportebat.

534 2731 719 2807 XXIV,
756 2733 835 2786 Ab
856 2733 1107 2789 Ieremia.
1137 2767 1206 2807 -+
1235 2733 1534 2791 Declaratio
1586 2736 1882 2805 rejectionis
1929 2738 2095 2807 gentis

602 2802 934 2870 Judworum,
958 2814 1006 2860 et
1027 2806 1324 2875 adoptionis
1356 2807 1586 2877 gentium
1615 2802 1727 2862 loco
1751 2802 1953 2862 eorum:

608 2977 627 3010 ι
669 2957 796 3013 llaec
838 2958 971 3014 dicit
1004 2957 1268 3015 Dominus
1301 2978 1315 3014 :
1352 2958 1503 3016 State
1550 2962 1606 3016 in
1647 2962 1769 3027 viis,
1806 2970 1861 3016 et
1894 2961 2091 3026 videte,

530 3060 585 3107 et
635 3058 823 3122 rogate
867 3050 1090 3108 semitas
1123 3049 1338 3122 Domini
1392 3054 1785 3122 sempiternas,
1835 3060 1888 3108 et
1918 3050 2095 3107 videte
2122 3088 2164 3145 ε

531 3157 779 3214 quaenam
828 3145 899 3200 sit
934 3147 1023 3200 via
1071 3146 1234 3209 bona,
1270 3153 1324 3201 et
1362 3144 1635 3200 ambulate
1667 3145 1720 3198 in
1748 3159 1831 3210 ea,
1863 3155 1916 3200 et
1945 3145 2096 3198 inve-

530 3233 694 3289 nietis
749 3235 1124 3305 purgationem
1177 3234 1375 3290 animis
1420 3232 1636 3288 vestris.
1681 3230 1745 3285 Et
1799 3231 2092 3287 dixerunt:

531 3339 639 3381 non
697 3326 1117 3382 ambulabimus.
1164 3325 1433 3383 Constitui
1483 3340 1649 3396 super
1700 3340 1798 3381 vos
1851 3323 2099 3395 specula-

531 3424 700 3480 tores,
733 3417 917 3475 audite
947 3434 1137 3476 vocem
1160 3419 1329 3486 tuba;
1361 3428 1415 3475 et
1442 3419 1699 3475 dixerunt
1727 3436 1741 3473 :
1775 3432 1883 3471 non
1908 3415 2094 3472 audie-

531 3522 675 3575 mtu.
711 3509 821 3581 54
856 3508 1065 3566 Idcirco
1102 3510 1394 3585 audierunt
1418 3517 1630 3582 gentes,
1656 3516 1711 3563 et
1738 3509 1831 3580 qui
1863 3514 2095 3579 pascunt

529 3608 722 3671 greges
751 3599 807 3655 in
832 3600 933 3657 eis.
960 3600 1062 3657 τ’.»

526 3710 695 3771 XXV.
736 3713 1377 3786 domorum—Pietatis
1418 3716 1649 3786 gentium
1696 3712 2008 3786 declaratio,
2042 3721 2092 3786 et

598 3786 767 3854 gentis
797 3782 1043 3839 Iudaica:
1080 3785 1364 3855 impietatis
1409 3782 1698 3855 accusatio,
1728 3793 1777 3839 et
1819 3784 2092 3855 praedictio

601 3853 883 3921 malorum,
926 3872 1042 3927 qua
1087 3853 1203 3925 post
1248 3855 1448 3912 Christi
1508 3853 1787 3910 adventum
1821 3853 2092 3910 'invasura

584 3934 748 3980 erant
774 3943 881 3981 808.

589 4059 621 4091 αι
654 4037 902 4105 Domine,
936 4037 1193 4095 fortitudo
1227 4052 1366 4101 mea,
1399 4045 1453 4093 et
1493 4037 1761 4092 auxilium
1804 4053 2005 4105 meum,
2036 4044 2091 4092 et

519 4130 797 4203 refugium
836 4148 1015 4187 meum
1046 4134 1100 4187 in
1133 4132 1221 4186 die
1251 4130 1541 4185 malorum.
1568 4128 1647 4184 Ad
1690 4137 1742 4185 te
1783 4136 1974 4201 gentes
1998 4146 2091 4187 ve-

520 4222 698 4283 nient,
723 4221 793 4275 ab
818 4231 1060 4277 extremo
1094 4229 1272 4282 terrae,
1299 4229 1352 4274 et
1381 4219 1564 4274 dicent
1591 4234 1605 4271 :
1642 4217 1777 4274 Vere
1805 4219 1940 4275 falsa
1962 4236 2091 4294 pos-

526 4315 786 4371 sederunt
816 4322 997 4383 patres
1030 4314 1203 4369 nostri
1234 4313 1548 4381 simulacra,
1579 4322 1634 4367 et
1669 4329 1777 4368 non
1809 4323 1891 4371 est
1916 4316 1970 4371 in
2007 4317 2088 4374 eis

2200 1843 2477 1916 κρείττους
2521 1844 2700 1897 αὐτῶν
2739 1845 2804 1898 ὲκ
2849 1845 3161 1916 περιουσίας
3207 1844 3613 1915 ἀναφαίνεσθαι.
3653 1846 3768 1902 Καὶ

2198 1935 2291 1990 νῦν
2310 1934 2370 1990 δὲ
2398 1935 2671 2007 χρήσομαι
2699 1934 2881 2005 ψιλαῖς
2910 1937 3032 1999 ταῖς
3059 1934 3168 1988 τῶν
3194 1934 3488 2008 προφητῶν
3525 1938 3768 2010 παραθέ-

2200 2046 2337 2095 σεσι,
2377 2027 2497 2100 δίχα
2524 2029 2705 2100 πάσης
2743 2028 2843 2097 τῆς
2873 2029 2952 2092 εἰς
2993 2026 3164 2091 αὐτάς
3206 2027 3458 2099 θεωρίας,
3496 2027 3585 2084 διά
3605 2045 3667 2084 τε
3701 2029 3766 2087 τὸ

2199 2120 2365 2189 σαφὲς
2393 2117 2592 2184 αὐτῶν,
2633 2119 2729 2173 καὶ
2756 2119 2844 2172 διὰ
2887 2119 2948 2172 τὸ
2996 2117 3210 2189 μέλλειν
3253 2119 3348 2171 ἐπὶ
3390 2118 3586 2191 σχολῆς
3625 2118 3766 2192 πλη,

2202 2211 2463 2285 ρεστάτην
2495 2210 2674 2265 αὐτῶν
2707 2209 3035 2282 ποιήσασθαι
3063 2210 3160 2282 τὴν
3192 2208 3456 2275 ἐξέτασιν.

2725 2324 3119 2377 ΚΕΦΑΛΑΙΟΝ
3167 2323 3240 2376 Γ·.

2202 2438 2390 2504 Ὅπως
2419 2437 2515 2492 ἐπὶ
2547 2436 2620 2507 τῇ
2643 2437 2761 2491 τῶν
2790 2435 2981 2491 ἐθνῶν
3007 2436 3246 2505 κλήσει,
3273 2436 3347 2507 τῇ
3367 2437 3460 2492 διὰ
3490 2436 3594 2491 τοῦ
3625 2439 3762 2507 Χρι-

2266 2529 2416 2586 στοῦ
2468 2530 2777 2603 γενομένῃ,
2817 2530 3164 2597 ἀπόπτωσις
3206 2530 3460 2601 ἔμελλεν
3488 2530 3760 2596 ἔσεσθαι,

2266 2622 2377 2694 τῆς
2405 2624 2553 2679 κατὰ
2577 2622 2726 2679 Θεὸν
2755 2624 3061 2690 εὐσεϐείας
3092 2621 3172 2689 τῷ
3206 2622 3497 2678 Ἰουδαίων
3521 2623 3700 2679 ἔθνει.
3734 2634 3741 2643 ⁸

2196 2732 2320 2787 ΚΔν.
2356 2732 2487 2802 Ἀπὸ
2503 2731 2608 2786 τοῦ
2641 2732 2931 2802 Ἰερεμίου.
2955 2765 3025 2775 -
3042 2730 3309 2800 Δήλωσις
3323 2730 3632 2802 ἀρνήσεως
3654 2729 3762 2802 τοῦ

2279 2800 2580 2857 Ἰουδαίων
2608 2798 2839 2869 ἐθνούς,
2868 2803 2965 2858 καί
2990 2798 3256 2871 τῆςγάντ⁸
3278 2798 3477 2858 αὐτῶν
3497 2798 3763 2868 εἰσποιή-

2267 2889 2421 2940 σεως
2458 2872 2576 2926 τῶν
2604 2873 2815 2927 ἐθνῶν.

2271 2985 2290 3018 ι
2319 2963 2455 3018 Τάδε
2483 2963 2629 3031 λέγει
2654 2962 2873 3034 Κύριος
2905 2962 3073 3034 Στῆτε
3105 2965 3162 3016 ἐν
3180 2965 3299 3028 ταῖς
3319 2962 3574 3029 ὁδοῖς.κα“ι
3599 2961 3759 3027 ἴδετε,

2197 3058 2290 3112 καὶ
2328 3056 2641 3128 ἐρωτήσατε
2683 3054 2901 3126 τρίδους
2942 3054 3146 3127 Κυρίου
3185 3054 3455 3119 αἰωνίους·
3493 3054 3586 3108 καὶ
3620 3054 3758 3109 ἴδετε

2197 3148 2325 3203 ποία
2356 3148 2503 3220 εστὶν
2546 3149 2580 3219 ή
2619 3147 2737 3210 ὁδὸς
2769 3149 2802 3219 ή
2849 3145 3048 3219 ἀγαθὴ,
3077 3145 3169 3201 καὶ
3212 3145 3455 3217 βαδίζετε
3498 3148 3558 3200 ὲν
3595 3148 3757 3220 αὐτῇ,

2196 3241 2291 3297 καὶ
2319 3241 2580 3314 εὑρήσετε
2607 3239 2869 3310 ἁγνισμὸν
2889 3240 3009 3303 ταῖς
3028 3237 3225 3310 ψυχαῖς
3246 3238 3419 3310 ὑμῶν.
3447 3240 3559 3297 Καὶ
3576 3234 3755 3294 εἶπανο

2193 3333 2269 3388 Οὐ
2331 3330 2726 3405 πορευσόμεθα.
2782 3328 3110 3384 Καθέστακα
3162 3331 3246 3399 ἐφ’
3299 3331 3443 3402 ὑμᾶς
3499 3331 3755 3394 σκοποὺς,

2192 3425 2462 3481 ἀκούσατε
2489 3424 2588 3496 τῆς
2610 3423 2792 3494 φωνῆς
2818 3423 2920 3494 τῆς
2948 3422 3266 3492 σάλπιγγος,
3296 3422 3391 3476 καὶ
3418 3417 3576 3476 εἶπαν
3595 3439 3610 3453 ο
3643 3423 3758 3476 Οὐκ

2191 3514 2553 3587 ἀκουσόμεθα.
2583 3512 2682 3567 Διὰ
2714 3513 2871 3568 τοῦτο
2893 3515 3128 3585 ἥκουσαν
3155 3514 3224 3568 τὰ
3255 3514 3403 3586 ἔθνη,
3435 3514 3528 3567 καὶ⁵
3556 3514 3605 3566 oi
3635 3530 3756 3566 ποι-

2196 3608 2476 3680 μαίνοντες
2499 3606 2567 3663 τά
2591 3607 2816 3679 ποίμνια
2840 3608 2897 3660 ὲν
2924 3607 3126 3669 αὐτοῖς.
3160 3625 3178 3656 ι

2191 3721 2321 3774 κει.
2360 3719 2491 3773 Ἀπὸ
2514 3718 2620 3775 τοῦ
2642 3719 2932 3774 αὐτοῦ.-
2948 3719 3063 3788 Τῆς
3094 3717 3214 3773 τῶν
3233 3718 3421 3773 ἐθνῶν
3447 3720 3753 3788 εὐσεϐείας

2259 3789 2546 3858 δήλωσις,
2573 3789 2672 3843 καὶ
2698 3789 2809 3859 τῆς
2832 3790 2936 3844 τοῦ
2971 3787 3262 3859 Ἰουδαίων
3281 3791 3493 3856 ἔθνους
3529 3788 3757 3859 δυσσεέ

2260 3862 2420 3925 θείας
2434 3858 2771 3929 κατηγορία.
2794 3861 3124 3929 Πρόῤῥησις
3145 3858 3212 3912 δὲ
3227 3859 3342 3912 τῶν
3355 3858 3504 3928 μετὰ
3517 3858 3632 3927 τὴν
3650 3858 3759 3929 τοῦ

2260 3930 2514 3998 Χριστοῦ
2529 3928 2866 3998 παρουσίαν
2872 3931 3281 4000 μετελθόντων
3298 3930 3517 3995 αὐτοὺς
3531 3928 3754 3984 κακῶν.

2222 4106 2231 4121 ι
2265 4064 2283 4121 ι
2318 4044 2511 4117 Κύριε,
2557 4045 2708 4114 ίσχύς
2752 4061 2854 4115 μου
2897 4042 2992 4097 καὶ
3035 4041 3252 4115 βοήθειά
3294 4060 3415 4115 μου,
3458 4044 3554 4097 καὶ
3584 4060 3756 4099 κατα·

2367 4154 2468 4208 μου
2499 4137 2556 4189 ὲν
2576 4136 2760 4208 ἡμέρᾳ
2787 4134 2994 4199 κακῶν,
3021 4134 3155 4207 πρὸς
3189 4135 3248 4189 σὲ
3269 4134 3394 4206 ἔθνη
3419 4136 3639 4206 ἥξουσιν
3658 4136 3755 4190 ἀπ’

2189 4230 2414 4301 ἐσχάτου
2454 4229 2552 4299 τῆς
2580 4228 2706 4299 γῆς,
2735 4228 2829 4282 καὶ
2850 4228 3083 4300 ἐροῦσιν·
3133 4228 3221 4292 Ὠς
3252 4227 3418 4299 ψευδῆ
3459 4229 3758 4301 ἐκτήσαντο

2188 4322 2237 4374 οἱ
2277 4320 2512 4393 πατέρες
2561 4318 2717 4391 ἡμῶν
2754 4318 2969 4383 εἴδωλα,
3007 4320 3101 4373 καὶ
3143 4318 3242 4373 οὐκ
3285 4318 3431 4372 ἔστιν
3479 4320 3537 4372 ὲν
3573 4318 3757 4384 αὐτοῖς

517 4403 734 4479 utilitas
765 4421 780 4458 :
818 4403 865 4459 si
906 4402 1069 4459 faciet
1099 4404 1201 4461 sibi
1231 4404 1394 4459 homo
1425 4404 1578 4465 deos.
1615 4412 1669 4460 et
1710 4405 1764 4459 bi
1811 4422 1920 4463 non
1959 4415 2088 4464 sunt

2197 4411 2443 4483 ὠφέλεια·
2477 4412 2527 4464 εί
2562 4412 2775 4482 ποιήσει
2801 4408 2974 4481 ἐαυτῷ
2996 4409 3279 4483 ἄνθρωπος
3297 4410 3472 4475 θεοὺς,
3494 4410 3590 4463 καὶ
3612 4405 3757 4466 οὗτοι

524 4496 622 4552 dii.
648 4492 855 4551 Idcirco
894 4510 996 4567 ego
1020 4498 1303 4552 ostendam
1331 4497 1413 4553 eis
1447 4497 1499 4552 in
1533 4505 1777 4565 tempore
1809 4498 1912 4554 hoc
1944 4519 1957 4554 :
1986 4514 2087 4554 no-

516 4601 638 4647 tam
678 4588 875 4645 faciam
915 4589 997 4647 eis
1042 4605 1261 4647 manum
1291 4604 1489 4654 meam,
1521 4600 1575 4646 et
1608 4590 1858 4646 virtutem
1888 4607 2086 4660 meam,

523 4692 580 4741 et
601 4690 950 4757 cognoscent,
978 4680 1124 4753 quod
1168 4696 1367 4737 nomen
1410 4681 1541 4736 mihi
1572 4678 1854 4737 Dominus.
1885 4680 2117 4739 Pecca--

522 4784 641 4835 tum
677 4773 817 4833 Juda
848 4776 1113 4846 scriptum
1146 4782 1233 4832 est
1266 4777 1407 4847 stylo
1440 4775 1618 4833 ferreo
1649 4776 1703 4835 in
1734 4792 1913 4849 ungue
1951 4776 2086 4832 ada-

522 4866 790 4930 mantina.
824 4874 1103 4921 exaratum
1141 4881 1307 4936 super
1339 4867 1625 4924 latitudine
1657 4868 1840 4924 cordis
1868 4883 2080 4925 eorum.

521 4956 659 5013 Cum
687 4958 969 5014 recordata
997 4958 1199 5013 iuerint
1225 4974 1447 5015 nemora
1479 4974 1665 5015 eorum
1700 4958 1754 5014 in
1785 4959 1933 5033 ligno
1953 4976 2087 5017 con-

520 5049 712 5116 denso,
741 5058 797 5106 et
828 5050 885 5106 in
917 5050 1149 5107 collibus
1170 5051 1421 5113 excelsis,
1440 5061 1494 5107 et
1523 5053 1820 5119 montibus,
1844 5054 1898 5109 in
1932 5068 2082 5125 agro.

520 5140 913 5200 Fortitudinem
955 5153 1124 5207 tuam,
1152 5152 1206 5199 et
1237 5144 1524 5200 thesauros
1565 5152 1690 5201 tuos
1727 5146 1783 5200 in
1825 5145 2085 5216 direptio-

522 5249 644 5290 nem
691 5232 853 5304 dabo,
883 5247 939 5293 et
966 5239 1182 5293 excelsa
1228 5245 1342 5302 tua,
1374 5245 1595 5308 propter
1623 5247 1845 5309 peccata
1877 5249 1991 5303 tua,
2026 5239 2081 5293 in

447 5346 455 5357 ι
520 5329 774 5386 omnibus
830 5331 1030 5389 ﬁnibus
1079 5332 1188 5387 tuis
1217 5350 1231 5387 :
1262 5339 1317 5386 et
1352 5330 1679 5401 relinqueris
1728 5332 1865 5396 sola,
1889 5338 1943 5386 et
1976 5330 2083 5385 hu-

520 5418 818 5493 miliaberis
869 5422 937 5475 ab
987 5423 1297 5494 hiereditate
1350 5430 1462 5487 tua,
1505 5438 1670 5494 quam
1706 5422 1830 5478 dedi
1860 5422 1980 5486 tibi,
2033 5433 2084 5477 et

520 5508 726 5564 servire
757 5517 810 5563 te
839 5510 1032 5565 iaciam
1067 5500 1302 5569 inimicis
1333 5512 1440 5567 tuis
1480 5513 1534 5568 in
1575 5521 1739 5579 terra,
1772 5526 1936 5584 quam
1975 5527 2083 5567 non

2114 5636 2153 5646 ..-

586 5686 636 5722 ⁷³
658 5682 765 5743 isa.
793 5699 881 5750 ιγ.
915 5684 1029 5740 3-5.
1091 5688 1153 5735 ."
1171 5684 1282 5744 Jer.
1304 5704 1381 5753 vi,
1409 5686 1594 5743 iii-18.

2194 4504 2293 4558 οὐκ
2322 4504 2426 4558 εἰσὶ
2454 4503 2584 4560 θεοί.
2623 4505 2719 4557 Διά
2743 4504 2902 4558 τοῦτο
2931 4504 3037 4558 ίδοὺ
3070 4503 3182 4574 ἐγὼ
3206 4502 3362 4570 δείξω
3382 4504 3565 4567 αὐτοῖς
3599 4505 3660 4558 ὲν
3678 4502 3756 4577 τῷ

2194 4591 2369 4665 καιρῷ
2395 4591 2589 4663 τούτῳ,
2629 4593 2846 4665 γνωριῶ
2878 4594 3058 4658 αὐτοῖς
3082 4592 3179 4665 τήν
3207 4592 3364 4665 χεῖρά
3403 4609 3503 4663 μου
3539 4592 3635 4647 καὶ
3659 4590 3757 4665 τὴν
3840 4644 3857 4657 ,

2191 4682 2418 4755 δύναμιν
2444 4698 2575 4755 μουο
2606 4685 2698 4737 καὶ
2731 4683 3047 4753 γνώσονται,
3085 4684 3169 4737 ὅτι
3198 4683 3366 4755 ὄνομά
3396 4700 3487 4754 μοι
3528 4682 3752 4756 Κύριος.

2203 4776 2474 4849 Ἀμαρτία
2535 4775 2705 4832 Ἰούδα
2760 4776 3128 4851 ἐγγέγραπται
3172 4779 3231 4831 ἐν
3273 4779 3457 4848 γραφῇ
3501 4777 3559 4829 ὲν
3604 4776 3755 4848 δνυχι

2189 4867 2554 4939 ἀδαμαντίνῳ,
2605 4867 3051 4938 ὲγκεκολαμμένη
3106 4867 3199 4921 ἐπὶ
3243 4865 3338 4921 τοῦ
3385 4866 3615 4940 στήθους
3655 4867 3755 4939 τῆς

2194 4959 2418 5033 καρδίας
2446 4959 2644 5025 αὐτῶν,
2669 4960 2832 5031 ἡνίκα
2866 4959 2932 5013 ἂν
2967 4958 3276 5030 μνησθῶσιν
3305 4959 3374 5014 τὰ
3400 4960 3537 5032 άλση
3573 4957 3758 5013 αὐτῶν

2191 5050 2284 5104 ἐπὶ
2326 5050 2482 5117 ξύλου
2531 5051 2735 5115 δασέως
2783 5051 2876 5104 καὶ
2923 5051 3015 5104 ἐπὶ
3058 5048 3260 5121 βουνῶν
3307 5051 3614 5123 μετεώρων,
3660 5049 3759 5104 καὶ

2189 5147 2358 5219 ὀρέων
2401 5148 2458 5201 ἐν
2494 5145 2668 5217 ἀγρῷ.
2728 5144 2900 5215 ’ἰσχύν
2938 5160 3030 5197 σου
3070 5144 3165 5198 καὶ
3203 5144 3510 5217 θησαυρούς
3544 5159 3637 5196 σου
3674 5144 3755 5207 είς

2189 5239 2466 5312 προνομὴν
2485 5238 2660 5299 δώσω,
2685 5238 2776 5292 καὶ
2800 5237 2868 5290 τὰ
2906 5235 3087 5308 ὑψηλά
3126 5253 3220 5290 σου
3243 5235 3332 5291 διὰ
3357 5236 3454 5301 τὰς
3482 5236 3757 5308 ἁμαρτίας

2191 5347 2284 5384 σου
2316 5331 2413 5394 τὰς
2439 5332 2497 5384 ἐν
2530 5332 2662 5384 πᾶσι
2690 5332 2801 5393 τοῖς
2827 5328 2993 5402 ὁρίοις
3022 5346 3116 5383 σου
3134 5346 3150 5359 ·
3179 5331 3274 5383 καὶ
3310 5328 3561 5401 ἀφεθήσῃ
3594 5327 3759 5399 μόνη,

2190 5422 2282 5475 καὶ
2304 5421 2683 5493 ταπεινωθήσῃ
2702 5421 2809 5474 ἀπὸ
2828 5420 2928 5492 τῆς
2955 5420 3316 5492 κληρονομίας
3335 5436 3451 5486 σου,
3482 5415 3552 5491 ἦς
3579 5418 3759 5472 ἔδωκα

2191 5530 2302 5567 σοι’
2340 5514 2434 5567 καί
2467 5513 2857 5569 καταδουλώσω
2890 5531 2949 5567 σε
2985 5517 3098 5579 τοῖς
3122 5514 3335 5586 ὲχθροῖς
3366 5528 3462 5568 σου
3498 5516 3558 5568 ιν
3583 5514 3651 5585 τῇ
3684 5514 3755 5585 γῇ
