  <div class='ocr_page' id='page_1' title='image "/cluster/home/n/w/nwhite01/storage/ocr_20150623/22/hvd.32044073501132/062.png"; bbox 0 0 4068 6206; ppageno 0'>
   <div class='ocr_carea' id='block_1_1' title="bbox 385 231 490 283">
    <p class='ocr_par' dir='ltr' id='par_1_1' title="bbox 385 231 490 283">
     <span class='ocr_line' id='line_1_1' title="bbox 385 231 490 283; baseline 0.01 -1"><span class='ocrx_word' id='word_1_1' title='bbox 385 231 490 283; x_wconf 74' lang='grc'><strong>115</strong></span> 
     </span>
    </p>
   </div>
   <div class='ocr_carea' id='block_1_2' title="bbox 1294 217 2712 287">
    <p class='ocr_par' dir='ltr' id='par_1_2' title="bbox 1294 217 2712 287">
     <span class='ocr_line' id='line_1_2' title="bbox 1294 217 2712 287; baseline -0.001 -3"><span class='ocrx_word' id='word_1_2' title='bbox 1294 217 1951 287; x_wconf 69' lang='lat' dir='ltr'><strong>DLHONSTRATIONIS</strong></span> <span class='ocrx_word' id='word_1_3' title='bbox 1977 228 2435 287; x_wconf 67' lang='lat' dir='ltr'><strong>EVANGELICIE</strong></span> <span class='ocrx_word' id='word_1_4' title='bbox 2475 228 2607 284; x_wconf 86' lang='lat' dir='ltr'><strong>LIB.</strong></span> <span class='ocrx_word' id='word_1_5' title='bbox 2645 229 2712 282; x_wconf 86' lang='lat' dir='ltr'><strong>II.</strong></span> 
     </span>
    </p>
   </div>
   <div class='ocr_carea' id='block_1_3' title="bbox 377 343 1943 423">
    <p class='ocr_par' dir='ltr' id='par_1_3' title="bbox 377 347 1934 423">
     <span class='ocr_line' id='line_1_3' title="bbox 377 347 1934 423; baseline 0 -20"><span class='ocrx_word' id='word_1_6' title='bbox 377 352 450 421; x_wconf 63' lang='grc' dir='ltr'>ἦν</span> <span class='ocrx_word' id='word_1_7' title='bbox 480 347 578 402; x_wconf 84' lang='grc' dir='ltr'><strong>οῦκ</strong></span> <span class='ocrx_word' id='word_1_8' title='bbox 615 347 786 418; x_wconf 74' lang='grc' dir='ltr'>ἔγνως</span> <span class='ocrx_word' id='word_1_9' title='bbox 807 367 821 382; x_wconf 88' lang='grc'><strong>·</strong></span> <span class='ocrx_word' id='word_1_10' title='bbox 857 351 938 405; x_wconf 82' lang='grc' dir='ltr'><strong>δτι</strong></span> <span class='ocrx_word' id='word_1_11' title='bbox 955 351 1063 423; x_wconf 82' lang='grc' dir='ltr'><strong>πῦρ</strong></span> <span class='ocrx_word' id='word_1_12' title='bbox 1086 352 1421 406; x_wconf 77' lang='grc' dir='ltr'><strong>ἐκκέκαυται</strong></span> <span class='ocrx_word' id='word_1_13' title='bbox 1451 353 1507 405; x_wconf 82' lang='grc' dir='ltr'><strong>ἐν</strong></span> <span class='ocrx_word' id='word_1_14' title='bbox 1534 350 1612 422; x_wconf 80' lang='grc' dir='ltr'>τῷ</span> <span class='ocrx_word' id='word_1_15' title='bbox 1640 348 1797 422; x_wconf 82' lang='grc' dir='ltr'>θυμῷ</span> <span class='ocrx_word' id='word_1_16' title='bbox 1833 367 1934 422; x_wconf 91' lang='grc' dir='ltr'><strong>μου</strong></span> 
     </span>
    </p>
   </div>
   <div class='ocr_carea' id='block_1_4' title="bbox 2046 343 3628 423">
    <p class='ocr_par' dir='ltr' id='par_1_4' title="bbox 2066 343 3628 422">
     <span class='ocr_line' id='line_1_4' title="bbox 2066 343 3628 422; baseline -0.002 -18"><span class='ocrx_word' id='word_1_17' title='bbox 2066 350 2205 405; x_wconf 92' lang='lat' dir='ltr'><strong>nosti</strong></span> <span class='ocrx_word' id='word_1_18' title='bbox 2243 370 2256 406; x_wconf 89' lang='lat'><strong>:</strong></span> <span class='ocrx_word' id='word_1_19' title='bbox 2290 351 2549 422; x_wconf 90' lang='lat' dir='ltr'><strong>quoniam</strong></span> <span class='ocrx_word' id='word_1_20' title='bbox 2589 349 2732 419; x_wconf 78' lang='lat' dir='ltr'><strong>ignis</strong></span> <span class='ocrx_word' id='word_1_21' title='bbox 2778 347 3036 402; x_wconf 85' lang='lat' dir='ltr'><strong>incensus</strong></span> <span class='ocrx_word' id='word_1_22' title='bbox 3065 351 3148 400; x_wconf 81' lang='lat' dir='ltr'><strong>est</strong></span> <span class='ocrx_word' id='word_1_23' title='bbox 3175 343 3230 399; x_wconf 91' lang='lat' dir='ltr'><strong>in</strong></span> <span class='ocrx_word' id='word_1_24' title='bbox 3260 343 3443 401; x_wconf 80' lang='lat' dir='ltr'><strong>furore</strong></span> <span class='ocrx_word' id='word_1_25' title='bbox 3483 361 3628 411; x_wconf 78' lang='lat' dir='ltr'><strong>meo,</strong></span> 
     </span>
    </p>
   </div>
   <div class='ocr_carea' id='block_1_5' title="bbox 375 437 1143 512">
    <p class='ocr_par' dir='ltr' id='par_1_5' title="bbox 375 437 1143 512">
     <span class='ocr_line' id='line_1_5' title="bbox 375 437 1143 512; baseline 0.003 -23"><span class='ocrx_word' id='word_1_26' title='bbox 375 437 486 501; x_wconf 64' lang='lat' dir='ltr'><strong>Et»;</strong></span> <span class='ocrx_word' id='word_1_27' title='bbox 519 437 717 504; x_wconf 72' lang='grc' dir='ltr'>αἰῶνος</span> <span class='ocrx_word' id='word_1_28' title='bbox 748 441 1094 512; x_wconf 75' lang='grc' dir='ltr'><strong>καυθήσεται.</strong></span> <span class='ocrx_word' id='word_1_29' title='bbox 1126 460 1143 491; x_wconf 82' lang='grc' dir='ltr'><strong>ι</strong></span> 
     </span>
    </p>
   </div>
   <div class='ocr_carea' id='block_1_6' title="bbox 375 547 1957 628">
    <p class='ocr_par' dir='ltr' id='par_1_6' title="bbox 375 547 1957 628">
     <span class='ocr_line' id='line_1_6' title="bbox 375 547 1957 628; baseline 0.003 -28"><span class='ocrx_word' id='word_1_30' title='bbox 375 547 526 628; x_wconf 55' lang='grc' dir='ltr'><strong>ιςςρ</strong></span> <span class='ocrx_word' id='word_1_31' title='bbox 565 549 702 628; x_wconf 53' lang='grc' dir='ltr'><strong>Ἀπὸ</strong></span> <span class='ocrx_word' id='word_1_32' title='bbox 725 550 828 603; x_wconf 78' lang='grc' dir='ltr'><strong>τοῦ</strong></span> <span class='ocrx_word' id='word_1_33' title='bbox 857 551 1400 628; x_wconf 40' lang='grc' dir='ltr'><strong>⁹λειιώςζ-Τ-Τὰ,περὶ</strong></span> <span class='ocrx_word' id='word_1_34' title='bbox 1422 551 1531 628; x_wconf 73' lang='grc' dir='ltr'><strong>τῇς</strong></span> <span class='ocrx_word' id='word_1_35' title='bbox 1553 555 1637 617; x_wconf 82' lang='grc' dir='ltr'>είς</span> <span class='ocrx_word' id='word_1_36' title='bbox 1663 551 1858 628; x_wconf 66' lang='grc' dir='ltr'>πάντα</span> <span class='ocrx_word' id='word_1_37' title='bbox 1885 553 1957 628; x_wconf 67' lang='grc' dir='ltr'>τα</span> 
     </span>
    </p>
   </div>
   <div class='ocr_carea' id='block_1_7' title="bbox 451 617 1955 698">
    <p class='ocr_par' dir='ltr' id='par_1_7' title="bbox 451 617 1955 698">
     <span class='ocr_line' id='line_1_7' title="bbox 451 617 1955 698; baseline 0.003 -28"><span class='ocrx_word' id='word_1_38' title='bbox 451 617 597 698; x_wconf 60' lang='grc' dir='ltr'><strong>ἔφθη</strong></span> <span class='ocrx_word' id='word_1_39' title='bbox 626 617 954 698; x_wconf 58' lang='grc' dir='ltr'>διασπορᾶς</span> <span class='ocrx_word' id='word_1_40' title='bbox 970 617 1673 698; x_wconf 51' lang='grc' dir='ltr'>τοῦ-Ἰουδαίων-ἐθνους,</span> <span class='ocrx_word' id='word_1_41' title='bbox 1705 623 1801 698; x_wconf 73' lang='grc' dir='ltr'>καὶ</span> <span class='ocrx_word' id='word_1_42' title='bbox 1821 623 1955 698; x_wconf 57' lang='grc' dir='ltr'>περί</span> 
     </span>
    </p>
   </div>
   <div class='ocr_carea' id='block_1_8' title="bbox 451 689 1956 761">
    <p class='ocr_par' dir='ltr' id='par_1_8' title="bbox 451 689 1956 761">
     <span class='ocr_line' id='line_1_8' title="bbox 451 689 1956 761; baseline -0.011 -1"><span class='ocrx_word' id='word_1_43' title='bbox 451 689 563 761; x_wconf 58' lang='lat' dir='ltr'><strong>(ﬁt:</strong></span> <span class='ocrx_word' id='word_1_44' title='bbox 609 690 1002 761; x_wconf 72' lang='grc' dir='ltr'><strong>ἀνανεώσεως</strong></span> <span class='ocrx_word' id='word_1_45' title='bbox 1037 689 1145 756; x_wconf 82' lang='grc' dir='ltr'><strong>τῆς</strong></span> <span class='ocrx_word' id='word_1_46' title='bbox 1183 692 1443 758; x_wconf 76' lang='grc' dir='ltr'><strong>Χριστοῦ</strong></span> <span class='ocrx_word' id='word_1_47' title='bbox 1479 694 1818 761; x_wconf 79' lang='grc' dir='ltr'><strong>παρουσίας</strong></span> <span class='ocrx_word' id='word_1_48' title='bbox 1857 689 1956 746; x_wconf 75' lang='grc' dir='ltr'>καὶ</span> 
     </span>
    </p>
   </div>
   <div class='ocr_carea' id='block_1_9' title="bbox 444 758 1956 842">
    <p class='ocr_par' dir='ltr' id='par_1_9' title="bbox 444 758 1956 842">
     <span class='ocr_line' id='line_1_9' title="bbox 444 758 1956 842; baseline 0.004 -31"><span class='ocrx_word' id='word_1_49' title='bbox 444 758 788 842; x_wconf 56' lang='grc' dir='ltr'>βασιτίείίές,</span> <span class='ocrx_word' id='word_1_50' title='bbox 818 760 1052 842; x_wconf 55' lang='grc' dir='ltr'>καὶτῆς</span> <span class='ocrx_word' id='word_1_51' title='bbox 1084 761 1372 842; x_wconf 36' lang='grc' dir='ltr'>ἐπ’Διιὺτῇ</span> <span class='ocrx_word' id='word_1_52' title='bbox 1405 758 1804 833; x_wconf 55' lang='grc' dir='ltr'>γετεγῆιμένηςέ</span> <span class='ocrx_word' id='word_1_53' title='bbox 1846 763 1956 832; x_wconf 80' lang='grc' dir='ltr'><strong>τῆς</strong></span> 
     </span>
    </p>
   </div>
   <div class='ocr_carea' id='block_1_10' title="bbox 453 831 1435 899">
    <p class='ocr_par' dir='ltr' id='par_1_10' title="bbox 453 831 1435 899">
     <span class='ocr_line' id='line_1_10' title="bbox 453 831 1435 899; baseline 0.006 -19"><span class='ocrx_word' id='word_1_54' title='bbox 453 831 574 882; x_wconf 75' lang='grc' dir='ltr'>τῶν</span> <span class='ocrx_word' id='word_1_55' title='bbox 597 831 784 884; x_wconf 80' lang='grc' dir='ltr'><em>ἐθνῶν</em></span> <span class='ocrx_word' id='word_1_56' title='bbox 820 831 1102 884; x_wconf 75' lang='grc' dir='ltr'>ἁπάντων</span> <span class='ocrx_word' id='word_1_57' title='bbox 1139 831 1435 899; x_wconf 25' lang='grc' dir='ltr'>κλήσεωςιί.</span> 
     </span>
    </p>
   </div>
   <div class='ocr_carea' id='block_1_11' title="bbox 459 944 1956 1017">
    <p class='ocr_par' dir='ltr' id='par_1_11' title="bbox 459 944 1956 1017">
     <span class='ocr_line' id='line_1_11' title="bbox 459 944 1956 1017; baseline 0.003 -22"><span class='ocrx_word' id='word_1_58' title='bbox 459 965 480 995; x_wconf 70' lang='grc' dir='ltr'><strong>ι</strong></span> <span class='ocrx_word' id='word_1_59' title='bbox 534 945 663 997; x_wconf 73' lang='grc' dir='ltr'>Ἰδοὺ</span> <span class='ocrx_word' id='word_1_60' title='bbox 690 944 798 1013; x_wconf 86' lang='grc' dir='ltr'><strong>ἐγὼ</strong></span> <span class='ocrx_word' id='word_1_61' title='bbox 825 946 1161 1017; x_wconf 77' lang='grc' dir='ltr'>ἐντέλλομαι,</span> <span class='ocrx_word' id='word_1_62' title='bbox 1190 947 1281 1000; x_wconf 75' lang='grc' dir='ltr'><strong>καὶ</strong></span> <span class='ocrx_word' id='word_1_63' title='bbox 1313 947 1562 1017; x_wconf 84' lang='grc' dir='ltr'>λικμήσω</span> <span class='ocrx_word' id='word_1_64' title='bbox 1594 949 1650 1000; x_wconf 87' lang='grc' dir='ltr'><strong>ἐν</strong></span> <span class='ocrx_word' id='word_1_65' title='bbox 1685 948 1817 1002; x_wconf 78' lang='grc' dir='ltr'>πᾶσι</span> <span class='ocrx_word' id='word_1_66' title='bbox 1843 952 1956 1010; x_wconf 83' lang='grc' dir='ltr'>τοῖς</span> 
     </span>
    </p>
   </div>
   <div class='ocr_carea' id='block_1_12' title="bbox 381 1033 1955 1110">
    <p class='ocr_par' dir='ltr' id='par_1_12' title="bbox 381 1033 1955 1110">
     <span class='ocr_line' id='line_1_12' title="bbox 381 1033 1955 1110; baseline 0.003 -23"><span class='ocrx_word' id='word_1_67' title='bbox 381 1035 561 1088; x_wconf 71' lang='grc' dir='ltr'>ἔθνεσι</span> <span class='ocrx_word' id='word_1_68' title='bbox 591 1036 679 1088; x_wconf 71' lang='grc' dir='ltr'>τὸν</span> <span class='ocrx_word' id='word_1_69' title='bbox 719 1033 863 1089; x_wconf 76' lang='grc' dir='ltr'>οἷκον</span> <span class='ocrx_word' id='word_1_70' title='bbox 904 1039 1140 1109; x_wconf 78' lang='grc' dir='ltr'>Ἰσραὴλ,</span> <span class='ocrx_word' id='word_1_71' title='bbox 1169 1039 1228 1092; x_wconf 85' lang='grc' dir='ltr'>ὃν</span> <span class='ocrx_word' id='word_1_72' title='bbox 1257 1039 1457 1110; x_wconf 83' lang='grc' dir='ltr'>τρόπον</span> <span class='ocrx_word' id='word_1_73' title='bbox 1495 1041 1760 1110; x_wconf 83' lang='grc' dir='ltr'>λικμᾶται</span> <span class='ocrx_word' id='word_1_74' title='bbox 1787 1043 1844 1094; x_wconf 87' lang='grc' dir='ltr'><strong>ἐν</strong></span> <span class='ocrx_word' id='word_1_75' title='bbox 1877 1039 1955 1110; x_wconf 81' lang='grc' dir='ltr'><strong>τῷ</strong></span> 
     </span>
    </p>
   </div>
   <div class='ocr_carea' id='block_1_13' title="bbox 378 1129 1949 1203">
    <p class='ocr_par' dir='ltr' id='par_1_13' title="bbox 378 1129 1949 1203">
     <span class='ocr_line' id='line_1_13' title="bbox 378 1129 1949 1203; baseline 0 -21"><span class='ocrx_word' id='word_1_76' title='bbox 378 1129 584 1200; x_wconf 78' lang='grc' dir='ltr'>λικμῷ,</span> <span class='ocrx_word' id='word_1_77' title='bbox 621 1130 714 1182; x_wconf 72' lang='grc' dir='ltr'><strong>καὶ</strong></span> <span class='ocrx_word' id='word_1_78' title='bbox 760 1131 821 1182; x_wconf 81' lang='grc' dir='ltr'><strong>ού</strong></span> <span class='ocrx_word' id='word_1_79' title='bbox 869 1129 942 1201; x_wconf 79' lang='grc' dir='ltr'>μὴ</span> <span class='ocrx_word' id='word_1_80' title='bbox 989 1131 1132 1202; x_wconf 76' lang='grc' dir='ltr'>πέσῃ</span> <span class='ocrx_word' id='word_1_81' title='bbox 1182 1131 1495 1203; x_wconf 78' lang='grc' dir='ltr'><strong>σύντριμμα</strong></span> <span class='ocrx_word' id='word_1_82' title='bbox 1541 1131 1634 1184; x_wconf 73' lang='grc' dir='ltr'><strong>ἐπὶ</strong></span> <span class='ocrx_word' id='word_1_83' title='bbox 1675 1131 1773 1202; x_wconf 77' lang='grc' dir='ltr'><strong>τὴν</strong></span> <span class='ocrx_word' id='word_1_84' title='bbox 1813 1131 1949 1201; x_wconf 80' lang='grc' dir='ltr'>γῆν·</span> 
     </span>
    </p>
   </div>
   <div class='ocr_carea' id='block_1_14' title="bbox 383 1221 1953 1294">
    <p class='ocr_par' dir='ltr' id='par_1_14' title="bbox 383 1221 1953 1294">
     <span class='ocr_line' id='line_1_14' title="bbox 383 1221 1953 1294; baseline 0.001 -21"><span class='ocrx_word' id='word_1_85' title='bbox 383 1221 631 1292; x_wconf 60' lang='grc' dir='ltr'>ῥομφαίᾳ.</span> <span class='ocrx_word' id='word_1_86' title='bbox 685 1222 1064 1293; x_wconf 86' lang='grc' dir='ltr'>τελευτήσουσι</span> <span class='ocrx_word' id='word_1_87' title='bbox 1131 1222 1330 1288; x_wconf 82' lang='grc' dir='ltr'>πάντες</span> <span class='ocrx_word' id='word_1_88' title='bbox 1383 1226 1431 1277; x_wconf 86' lang='grc' dir='ltr'>οἱ</span> <span class='ocrx_word' id='word_1_89' title='bbox 1487 1224 1800 1294; x_wconf 77' lang='grc' dir='ltr'>ἁμαρτωλοὶ</span> <span class='ocrx_word' id='word_1_90' title='bbox 1858 1221 1953 1276; x_wconf 89' lang='grc' dir='ltr'><strong>τοῦ</strong></span> 
     </span>
    </p>
   </div>
   <div class='ocr_carea' id='block_1_15' title="bbox 377 1311 1955 1386">
    <p class='ocr_par' dir='ltr' id='par_1_15' title="bbox 377 1311 1955 1386">
     <span class='ocr_line' id='line_1_15' title="bbox 377 1311 1955 1386; baseline 0 -22"><span class='ocrx_word' id='word_1_91' title='bbox 377 1311 514 1364; x_wconf 82' lang='grc' dir='ltr'>λαοῦ</span> <span class='ocrx_word' id='word_1_92' title='bbox 563 1330 683 1383; x_wconf 87' lang='grc' dir='ltr'>μου,</span> <span class='ocrx_word' id='word_1_93' title='bbox 725 1315 772 1365; x_wconf 89' lang='grc' dir='ltr'>οἱ</span> <span class='ocrx_word' id='word_1_94' title='bbox 809 1312 1075 1381; x_wconf 78' lang='grc' dir='ltr'>λέγοντες·</span> <span class='ocrx_word' id='word_1_95' title='bbox 1125 1315 1199 1367; x_wconf 85' lang='grc' dir='ltr'><strong>Οὐ</strong></span> <span class='ocrx_word' id='word_1_96' title='bbox 1234 1313 1306 1386; x_wconf 83' lang='grc' dir='ltr'>μὴ</span> <span class='ocrx_word' id='word_1_97' title='bbox 1347 1315 1538 1386; x_wconf 83' lang='grc' dir='ltr'>ἐγγῐσῃ</span> <span class='ocrx_word' id='word_1_98' title='bbox 1567 1313 1685 1366; x_wconf 68' lang='grc' dir='ltr'>οὐδὲ</span> <span class='ocrx_word' id='word_1_99' title='bbox 1721 1313 1795 1384; x_wconf 80' lang='grc' dir='ltr'>μὴ</span> <span class='ocrx_word' id='word_1_100' title='bbox 1827 1312 1955 1386; x_wconf 77' lang='grc' dir='ltr'>ἔλθῃ</span> 
     </span>
    </p>
   </div>
   <div class='ocr_carea' id='block_1_16' title="bbox 382 1403 1955 1478">
    <p class='ocr_par' dir='ltr' id='par_1_16' title="bbox 382 1403 1955 1478">
     <span class='ocr_line' id='line_1_16' title="bbox 382 1403 1955 1478; baseline 0.001 -22"><span class='ocrx_word' id='word_1_101' title='bbox 382 1403 470 1472; x_wconf 67' lang='grc' dir='ltr'><strong>ἐφ’</strong></span> <span class='ocrx_word' id='word_1_102' title='bbox 517 1404 659 1474; x_wconf 79' lang='grc' dir='ltr'><strong>ἡμᾶς</strong></span> <span class='ocrx_word' id='word_1_103' title='bbox 700 1403 766 1456; x_wconf 76' lang='grc' dir='ltr'>τὰ</span> <span class='ocrx_word' id='word_1_104' title='bbox 803 1404 966 1458; x_wconf 78' lang='grc' dir='ltr'>κακά.</span> <span class='ocrx_word' id='word_1_105' title='bbox 1012 1406 1098 1458; x_wconf 87' lang='grc' dir='ltr'>Ἐν</span> <span class='ocrx_word' id='word_1_106' title='bbox 1140 1408 1204 1476; x_wconf 84' lang='grc' dir='ltr'>τῇ</span> <span class='ocrx_word' id='word_1_107' title='bbox 1233 1406 1415 1476; x_wconf 79' lang='grc' dir='ltr'>ἡμέρᾳ</span> <span class='ocrx_word' id='word_1_108' title='bbox 1445 1406 1628 1478; x_wconf 82' lang='grc' dir='ltr'>ἐκείνῃ</span> <span class='ocrx_word' id='word_1_109' title='bbox 1667 1405 1955 1476; x_wconf 78' lang='grc' dir='ltr'><strong>ἀναστήσω</strong></span> 
     </span>
    </p>
   </div>
   <div class='ocr_carea' id='block_1_17' title="bbox 379 1495 1954 1567">
    <p class='ocr_par' dir='ltr' id='par_1_17' title="bbox 379 1495 1954 1567">
     <span class='ocr_line' id='line_1_17' title="bbox 379 1495 1954 1567; baseline 0 -19"><span class='ocrx_word' id='word_1_110' title='bbox 379 1496 483 1567; x_wconf 72' lang='grc' dir='ltr'><strong>τήν</strong></span> <span class='ocrx_word' id='word_1_111' title='bbox 511 1495 707 1567; x_wconf 79' lang='grc' dir='ltr'>σκηνὴν</span> <span class='ocrx_word' id='word_1_112' title='bbox 729 1495 891 1549; x_wconf 69' lang='grc' dir='ltr'>Δαϐὶδ</span> <span class='ocrx_word' id='word_1_113' title='bbox 911 1497 1009 1567; x_wconf 82' lang='grc' dir='ltr'>τὴν</span> <span class='ocrx_word' id='word_1_114' title='bbox 1033 1500 1401 1563; x_wconf 71' lang='grc' dir='ltr'><strong>πεπτωκυῖαν,</strong></span> <span class='ocrx_word' id='word_1_115' title='bbox 1429 1497 1520 1552; x_wconf 70' lang='grc' dir='ltr'><strong>καὶ</strong></span> <span class='ocrx_word' id='word_1_116' title='bbox 1545 1497 1954 1567; x_wconf 76' lang='grc' dir='ltr'>ἀνοικοδομήσω</span> 
     </span>
    </p>
   </div>
   <div class='ocr_carea' id='block_1_18' title="bbox 379 1585 1952 1658">
    <p class='ocr_par' dir='ltr' id='par_1_18' title="bbox 379 1585 1952 1658">
     <span class='ocr_line' id='line_1_18' title="bbox 379 1585 1952 1658; baseline -0.001 -18"><span class='ocrx_word' id='word_1_117' title='bbox 379 1585 449 1640; x_wconf 84' lang='grc' dir='ltr'>τὰ</span> <span class='ocrx_word' id='word_1_118' title='bbox 490 1586 813 1640; x_wconf 78' lang='grc' dir='ltr'>πεπτωκότα</span> <span class='ocrx_word' id='word_1_119' title='bbox 858 1587 1061 1658; x_wconf 75' lang='grc' dir='ltr'>αὐτῆς,</span> <span class='ocrx_word' id='word_1_120' title='bbox 1087 1588 1276 1642; x_wconf 76' lang='grc' dir='ltr'>καὶτὰ</span> <span class='ocrx_word' id='word_1_121' title='bbox 1317 1586 1746 1658; x_wconf 80' lang='grc' dir='ltr'>κατεσκαμμὲνα</span> <span class='ocrx_word' id='word_1_122' title='bbox 1781 1585 1952 1655; x_wconf 78' lang='grc' dir='ltr'>αὐτῆς</span> 
     </span>
    </p>
   </div>
   <div class='ocr_carea' id='block_1_19' title="bbox 2061 438 2962 513">
    <p class='ocr_par' dir='ltr' id='par_1_19' title="bbox 2061 438 2962 513">
     <span class='ocr_line' id='line_1_19' title="bbox 2061 438 2962 513; baseline -0.008 -18"><span class='ocrx_word' id='word_1_123' title='bbox 2061 458 2231 513; x_wconf 91' lang='lat' dir='ltr'><strong>usque</strong></span> <span class='ocrx_word' id='word_1_124' title='bbox 2257 442 2310 495; x_wconf 87' lang='lat' dir='ltr'><strong>in</strong></span> <span class='ocrx_word' id='word_1_125' title='bbox 2333 451 2593 496; x_wconf 82' lang='lat' dir='ltr'><strong>aeternum</strong></span> <span class='ocrx_word' id='word_1_126' title='bbox 2618 438 2826 494; x_wconf 79' lang='lat' dir='ltr'><strong>ardebit</strong></span> <span class='ocrx_word' id='word_1_127' title='bbox 2843 438 2909 490; x_wconf 80' lang='grc' dir='ltr'><strong>⁸ο.</strong></span> <span class='ocrx_word' id='word_1_128' title='bbox 2944 456 2962 488; x_wconf 70' lang='grc' dir='ltr'><strong>ι</strong></span> 
     </span>
    </p>
   </div>
   <div class='ocr_carea' id='block_1_20' title="bbox 2058 549 3628 619">
    <p class='ocr_par' dir='ltr' id='par_1_20' title="bbox 2058 549 3628 619">
     <span class='ocr_line' id='line_1_20' title="bbox 2058 549 3628 619; baseline -0.004 -9"><span class='ocrx_word' id='word_1_129' title='bbox 2058 556 2248 611; x_wconf 76' lang='lat' dir='ltr'><strong>XXVI.</strong></span> <span class='ocrx_word' id='word_1_130' title='bbox 2277 557 2355 610; x_wconf 80' lang='lat' dir='ltr'><strong>Ab</strong></span> <span class='ocrx_word' id='word_1_131' title='bbox 2395 556 2576 610; x_wconf 78' lang='lat' dir='ltr'><strong>Amos.</strong></span> <span class='ocrx_word' id='word_1_132' title='bbox 2605 586 2674 596; x_wconf 90' lang='lat'><strong><em>—</em></strong></span> <span class='ocrx_word' id='word_1_133' title='bbox 2708 554 2782 608; x_wconf 84' lang='lat' dir='ltr'><strong>De</strong></span> <span class='ocrx_word' id='word_1_134' title='bbox 2823 553 3146 619; x_wconf 75' lang='lat' dir='ltr'><strong>dispersione</strong></span> <span class='ocrx_word' id='word_1_135' title='bbox 3181 553 3348 619; x_wconf 83' lang='lat' dir='ltr'><strong>gentis</strong></span> <span class='ocrx_word' id='word_1_136' title='bbox 3382 549 3628 605; x_wconf 76' lang='lat' dir='ltr'><strong>Judairte</strong></span> 
     </span>
    </p>
   </div>
   <div class='ocr_carea' id='block_1_21' title="bbox 2127 623 3624 694">
    <p class='ocr_par' dir='ltr' id='par_1_21' title="bbox 2127 623 3624 694">
     <span class='ocr_line' id='line_1_21' title="bbox 2127 623 3624 694; baseline -0.004 -13"><span class='ocrx_word' id='word_1_137' title='bbox 2127 631 2182 681; x_wconf 86' lang='lat' dir='ltr'><strong><em>in</em></strong></span> <span class='ocrx_word' id='word_1_138' title='bbox 2231 646 2405 682; x_wconf 84' lang='lat' dir='ltr'><strong>omnes</strong></span> <span class='ocrx_word' id='word_1_139' title='bbox 2457 637 2656 694; x_wconf 77' lang='lat' dir='ltr'><strong>gentes,</strong></span> <span class='ocrx_word' id='word_1_140' title='bbox 2700 635 2748 678; x_wconf 89' lang='lat' dir='ltr'><strong>et</strong></span> <span class='ocrx_word' id='word_1_141' title='bbox 2786 623 2848 675; x_wconf 86' lang='lat' dir='ltr'><strong>de</strong></span> <span class='ocrx_word' id='word_1_142' title='bbox 2895 624 3234 694; x_wconf 66' lang='lat' dir='ltr'><strong>renovatione</strong></span> <span class='ocrx_word' id='word_1_143' title='bbox 3261 623 3548 681; x_wconf 81' lang='lat' dir='ltr'><strong>.adventus,</strong></span> <span class='ocrx_word' id='word_1_144' title='bbox 3575 631 3624 675; x_wconf 77' lang='grc' dir='ltr'><strong>ιι</strong></span> 
     </span>
    </p>
   </div>
   <div class='ocr_carea' id='block_1_22' title="bbox 2129 693 3620 768">
    <p class='ocr_par' dir='ltr' id='par_1_22' title="bbox 2129 693 3620 768">
     <span class='ocr_line' id='line_1_22' title="bbox 2129 693 3620 768; baseline -0.006 -16"><span class='ocrx_word' id='word_1_145' title='bbox 2129 700 2271 768; x_wconf 82' lang='lat' dir='ltr'><strong><em>regni</em></strong></span> <span class='ocrx_word' id='word_1_146' title='bbox 2325 693 2544 753; x_wconf 75' lang='lat' dir='ltr'><strong>Christi.</strong></span> <span class='ocrx_word' id='word_1_147' title='bbox 2581 708 2628 750; x_wconf 90' lang='lat' dir='ltr'><strong>et</strong></span> <span class='ocrx_word' id='word_1_148' title='bbox 2669 697 2732 750; x_wconf 88' lang='lat' dir='ltr'><strong>de</strong></span> <span class='ocrx_word' id='word_1_149' title='bbox 2775 695 3043 748; x_wconf 78' lang='lat' dir='ltr'><strong>vocatione</strong></span> <span class='ocrx_word' id='word_1_150' title='bbox 3096 693 3326 746; x_wconf 86' lang='lat' dir='ltr'><strong>omnium</strong></span> <span class='ocrx_word' id='word_1_151' title='bbox 3371 694 3620 762; x_wconf 79' lang='lat' dir='ltr'><strong>gentium,</strong></span> 
     </span>
    </p>
   </div>
   <div class='ocr_carea' id='block_1_23' title="bbox 2126 771 2717 837">
    <p class='ocr_par' dir='ltr' id='par_1_23' title="bbox 2126 771 2717 837">
     <span class='ocr_line' id='line_1_23' title="bbox 2126 771 2717 837; baseline -0.005 -14"><span class='ocrx_word' id='word_1_152' title='bbox 2126 787 2242 836; x_wconf 78' lang='lat' dir='ltr'><strong>qua:</strong></span> <span class='ocrx_word' id='word_1_153' title='bbox 2273 771 2324 823; x_wconf 88' lang='lat' dir='ltr'><strong><em>in</em></strong></span> <span class='ocrx_word' id='word_1_154' title='bbox 2354 787 2412 823; x_wconf 89' lang='lat' dir='ltr'><strong>eo</strong></span> <span class='ocrx_word' id='word_1_155' title='bbox 2443 771 2588 837; x_wconf 76' lang='lat' dir='ltr'><strong>facta</strong></span> <span class='ocrx_word' id='word_1_156' title='bbox 2620 777 2717 822; x_wconf 82' lang='lat' dir='ltr'><strong>est.</strong></span> 
     </span>
    </p>
   </div>
   <div class='ocr_carea' id='block_1_24' title="bbox 2132 941 3625 1019">
    <p class='ocr_par' dir='ltr' id='par_1_24' title="bbox 2132 941 3625 1019">
     <span class='ocr_line' id='line_1_24' title="bbox 2132 941 3625 1019; baseline -0.008 -19"><span class='ocrx_word' id='word_1_157' title='bbox 2132 968 2150 1000; x_wconf 77' lang='grc' dir='ltr'><strong>ι</strong></span> <span class='ocrx_word' id='word_1_158' title='bbox 2183 948 2321 1003; x_wconf 85' lang='lat' dir='ltr'><strong>Ecce</strong></span> <span class='ocrx_word' id='word_1_159' title='bbox 2357 963 2457 1019; x_wconf 83' lang='lat' dir='ltr'><strong>ego</strong></span> <span class='ocrx_word' id='word_1_160' title='bbox 2488 946 2706 1011; x_wconf 86' lang='lat' dir='ltr'><strong>mando,</strong></span> <span class='ocrx_word' id='word_1_161' title='bbox 2740 952 2794 1001; x_wconf 87' lang='lat' dir='ltr'><strong>et</strong></span> <span class='ocrx_word' id='word_1_162' title='bbox 2822 943 3096 998; x_wconf 88' lang='lat' dir='ltr'><strong>ventilabo</strong></span> <span class='ocrx_word' id='word_1_163' title='bbox 3117 941 3170 995; x_wconf 92' lang='lat' dir='ltr'><strong>in</strong></span> <span class='ocrx_word' id='word_1_164' title='bbox 3197 941 3450 994; x_wconf 83' lang='lat' dir='ltr'><strong>omnibus</strong></span> <span class='ocrx_word' id='word_1_165' title='bbox 3495 953 3625 1008; x_wconf 82' lang='lat' dir='ltr'><strong>gen-</strong></span> 
     </span>
    </p>
   </div>
   <div class='ocr_carea' id='block_1_25' title="bbox 2057 1030 3624 1108">
    <p class='ocr_par' dir='ltr' id='par_1_25' title="bbox 2057 1030 3624 1108">
     <span class='ocr_line' id='line_1_25' title="bbox 2057 1030 3624 1108; baseline -0.007 -12"><span class='ocrx_word' id='word_1_166' title='bbox 2057 1043 2203 1097; x_wconf 90' lang='lat' dir='ltr'><strong>tibus</strong></span> <span class='ocrx_word' id='word_1_167' title='bbox 2255 1041 2475 1096; x_wconf 92' lang='lat' dir='ltr'><strong>domum</strong></span> <span class='ocrx_word' id='word_1_168' title='bbox 2526 1037 2710 1102; x_wconf 91' lang='lat' dir='ltr'><strong>Israel,</strong></span> <span class='ocrx_word' id='word_1_169' title='bbox 2756 1035 3212 1108; x_wconf 84' lang='lat' dir='ltr'><strong>quemadmodum</strong></span> <span class='ocrx_word' id='word_1_170' title='bbox 3248 1032 3538 1088; x_wconf 75' lang='lat' dir='ltr'><strong>ventilatur</strong></span> <span class='ocrx_word' id='word_1_171' title='bbox 3568 1030 3624 1085; x_wconf 90' lang='lat' dir='ltr'><strong>in</strong></span> 
     </span>
    </p>
   </div>
   <div class='ocr_carea' id='block_1_26' title="bbox 2056 1122 3624 1195">
    <p class='ocr_par' dir='ltr' id='par_1_26' title="bbox 2056 1122 3624 1195">
     <span class='ocr_line' id='line_1_26' title="bbox 2056 1122 3624 1195; baseline -0.008 -7"><span class='ocrx_word' id='word_1_172' title='bbox 2056 1151 2255 1195; x_wconf 85' lang='lat' dir='ltr'><strong>vanno,</strong></span> <span class='ocrx_word' id='word_1_173' title='bbox 2287 1142 2340 1189; x_wconf 94' lang='lat' dir='ltr'><strong>et</strong></span> <span class='ocrx_word' id='word_1_174' title='bbox 2377 1149 2484 1188; x_wconf 90' lang='lat' dir='ltr'><strong>non</strong></span> <span class='ocrx_word' id='word_1_175' title='bbox 2543 1131 2698 1185; x_wconf 88' lang='lat' dir='ltr'><strong>cadet</strong></span> <span class='ocrx_word' id='word_1_176' title='bbox 2747 1127 3008 1182; x_wconf 88' lang='lat' dir='ltr'><strong>contritio</strong></span> <span class='ocrx_word' id='word_1_177' title='bbox 3059 1127 3112 1180; x_wconf 89' lang='lat' dir='ltr'><strong>in</strong></span> <span class='ocrx_word' id='word_1_178' title='bbox 3167 1134 3396 1190; x_wconf 88' lang='lat' dir='ltr'><strong>terram;</strong></span> <span class='ocrx_word' id='word_1_179' title='bbox 3445 1122 3624 1194; x_wconf 81' lang='lat' dir='ltr'><strong>gladio</strong></span> 
     </span>
    </p>
   </div>
   <div class='ocr_carea' id='block_1_27' title="bbox 2058 1216 3620 1293">
    <p class='ocr_par' dir='ltr' id='par_1_27' title="bbox 2058 1216 3620 1293">
     <span class='ocr_line' id='line_1_27' title="bbox 2058 1216 3620 1293; baseline -0.006 -13"><span class='ocrx_word' id='word_1_180' title='bbox 2058 1229 2356 1282; x_wconf 86' lang='lat' dir='ltr'><strong>morientur</strong></span> <span class='ocrx_word' id='word_1_181' title='bbox 2383 1240 2572 1278; x_wconf 88' lang='lat' dir='ltr'><strong>omnes</strong></span> <span class='ocrx_word' id='word_1_182' title='bbox 2587 1231 2899 1293; x_wconf 86' lang='lat' dir='ltr'><strong>peccatores</strong></span> <span class='ocrx_word' id='word_1_183' title='bbox 2921 1218 3105 1290; x_wconf 82' lang='lat' dir='ltr'><strong>populi</strong></span> <span class='ocrx_word' id='word_1_184' title='bbox 3134 1218 3259 1279; x_wconf 90' lang='lat' dir='ltr'><strong>mei,</strong></span> <span class='ocrx_word' id='word_1_185' title='bbox 3282 1219 3372 1287; x_wconf 89' lang='lat' dir='ltr'><strong>qui</strong></span> <span class='ocrx_word' id='word_1_186' title='bbox 3395 1216 3582 1270; x_wconf 88' lang='lat' dir='ltr'><strong>dicunt</strong></span> <span class='ocrx_word' id='word_1_187' title='bbox 3605 1255 3620 1270; x_wconf 91' lang='lat'><strong>.</strong></span> 
     </span>
    </p>
   </div>
   <div class='ocr_carea' id='block_1_28' title="bbox 2055 1310 3623 1389">
    <p class='ocr_par' dir='ltr' id='par_1_28' title="bbox 2055 1310 3623 1389">
     <span class='ocr_line' id='line_1_28' title="bbox 2055 1310 3623 1389; baseline -0.005 -17"><span class='ocrx_word' id='word_1_188' title='bbox 2055 1317 2172 1372; x_wconf 85' lang='lat' dir='ltr'><strong>Non</strong></span> <span class='ocrx_word' id='word_1_189' title='bbox 2232 1316 2766 1389; x_wconf 88' lang='lat' dir='ltr'><strong>appropinquabunt,</strong></span> <span class='ocrx_word' id='word_1_190' title='bbox 2811 1328 2987 1382; x_wconf 86' lang='lat' dir='ltr'><strong>neque</strong></span> <span class='ocrx_word' id='word_1_191' title='bbox 3019 1310 3257 1372; x_wconf 82' lang='lat' dir='ltr'><strong>venient,</strong></span> <span class='ocrx_word' id='word_1_192' title='bbox 3312 1325 3476 1379; x_wconf 85' lang='lat' dir='ltr'><strong>super</strong></span> <span class='ocrx_word' id='word_1_193' title='bbox 3524 1323 3623 1364; x_wconf 86' lang='lat' dir='ltr'><strong>nos</strong></span> 
     </span>
    </p>
   </div>
   <div class='ocr_carea' id='block_1_29' title="bbox 2057 1399 3620 1465">
    <p class='ocr_par' dir='ltr' id='par_1_29' title="bbox 2057 1399 3620 1465">
     <span class='ocr_line' id='line_1_29' title="bbox 2057 1399 3620 1465; baseline -0.006 -1"><span class='ocrx_word' id='word_1_194' title='bbox 2057 1411 2196 1465; x_wconf 89' lang='lat' dir='ltr'><strong>mala</strong></span> <span class='ocrx_word' id='word_1_195' title='bbox 2232 1430 2244 1464; x_wconf 92' lang='lat'>:</span> <span class='ocrx_word' id='word_1_196' title='bbox 2280 1410 2332 1463; x_wconf 91' lang='lat' dir='ltr'><strong>in</strong></span> <span class='ocrx_word' id='word_1_197' title='bbox 2367 1409 2454 1463; x_wconf 89' lang='lat' dir='ltr'><strong>die</strong></span> <span class='ocrx_word' id='word_1_198' title='bbox 2504 1408 2594 1462; x_wconf 87' lang='lat' dir='ltr'><strong>illa</strong></span> <span class='ocrx_word' id='word_1_199' title='bbox 2642 1404 2920 1462; x_wconf 88' lang='lat' dir='ltr'><strong>suscitabo</strong></span> <span class='ocrx_word' id='word_1_200' title='bbox 2966 1401 3376 1457; x_wconf 83' lang='lat' dir='ltr'><strong>tabernaculum</strong></span> <span class='ocrx_word' id='word_1_201' title='bbox 3430 1399 3620 1465; x_wconf 83' lang='lat' dir='ltr'><strong>David,</strong></span> 
     </span>
    </p>
   </div>
   <div class='ocr_carea' id='block_1_30' title="bbox 2055 1493 3622 1573">
    <p class='ocr_par' dir='ltr' id='par_1_30' title="bbox 2055 1493 3622 1573">
     <span class='ocr_line' id='line_1_30' title="bbox 2055 1493 3622 1573; baseline -0.006 -18"><span class='ocrx_word' id='word_1_202' title='bbox 2055 1501 2197 1573; x_wconf 90' lang='lat' dir='ltr'><strong>quod</strong></span> <span class='ocrx_word' id='word_1_203' title='bbox 2252 1499 2447 1556; x_wconf 86' lang='lat' dir='ltr'><strong>cecidit</strong></span> <span class='ocrx_word' id='word_1_204' title='bbox 2495 1518 2508 1555; x_wconf 90' lang='lat'><strong>:</strong></span> <span class='ocrx_word' id='word_1_205' title='bbox 2552 1507 2606 1555; x_wconf 92' lang='lat' dir='ltr'><strong>et</strong></span> <span class='ocrx_word' id='word_1_206' title='bbox 2659 1495 2979 1553; x_wconf 88' lang='lat' dir='ltr'><strong>instaurabo</strong></span> <span class='ocrx_word' id='word_1_207' title='bbox 3033 1509 3152 1563; x_wconf 69' lang='lat' dir='ltr'><strong>quae</strong></span> <span class='ocrx_word' id='word_1_208' title='bbox 3199 1493 3514 1548; x_wconf 87' lang='lat' dir='ltr'><strong>ceciderunt</strong></span> <span class='ocrx_word' id='word_1_209' title='bbox 3554 1507 3622 1546; x_wconf 80' lang='lat' dir='ltr'><strong>ex</strong></span> 
     </span>
    </p>
   </div>
   <div class='ocr_carea' id='block_1_31' title="bbox 2053 1585 3624 1663">
    <p class='ocr_par' dir='ltr' id='par_1_31' title="bbox 2053 1585 3624 1663">
     <span class='ocr_line' id='line_1_31' title="bbox 2053 1585 3624 1663; baseline -0.008 -14"><span class='ocrx_word' id='word_1_210' title='bbox 2053 1610 2140 1658; x_wconf 90' lang='lat' dir='ltr'><strong>eo,</strong></span> <span class='ocrx_word' id='word_1_211' title='bbox 2176 1601 2230 1650; x_wconf 89' lang='lat' dir='ltr'><strong>et</strong></span> <span class='ocrx_word' id='word_1_212' title='bbox 2260 1608 2381 1663; x_wconf 61' lang='lat' dir='ltr'><strong>quae</strong></span> <span class='ocrx_word' id='word_1_213' title='bbox 2421 1592 2600 1646; x_wconf 87' lang='lat' dir='ltr'><strong>diruta</strong></span> <span class='ocrx_word' id='word_1_214' title='bbox 2652 1598 2776 1646; x_wconf 87' lang='lat' dir='ltr'><strong>sunt</strong></span> <span class='ocrx_word' id='word_1_215' title='bbox 2825 1589 2946 1658; x_wconf 86' lang='lat' dir='ltr'><strong>ejus</strong></span> <span class='ocrx_word' id='word_1_216' title='bbox 2987 1585 3286 1650; x_wconf 84' lang='lat' dir='ltr'><strong>suscitabo,</strong></span> <span class='ocrx_word' id='word_1_217' title='bbox 3321 1593 3374 1640; x_wconf 91' lang='lat' dir='ltr'><strong>et</strong></span> <span class='ocrx_word' id='word_1_218' title='bbox 3421 1585 3624 1640; x_wconf 87' lang='lat' dir='ltr'><strong>instau-</strong></span> 
     </span>
    </p>
   </div>
   <div class='ocr_carea' id='block_1_32' title="bbox 381 1677 1943 1756">
    <p class='ocr_par' dir='ltr' id='par_1_32' title="bbox 381 1677 1943 1750">
     <span class='ocr_line' id='line_1_32' title="bbox 381 1677 1943 1750; baseline -0.001 -18"><span class='ocrx_word' id='word_1_219' title='bbox 381 1679 692 1748; x_wconf 76' lang='grc' dir='ltr'>ἀναστήσω,</span> <span class='ocrx_word' id='word_1_220' title='bbox 733 1678 827 1731; x_wconf 74' lang='grc' dir='ltr'>καὶ</span> <span class='ocrx_word' id='word_1_221' title='bbox 855 1678 1261 1750; x_wconf 82' lang='grc' dir='ltr'>ἀνοικοδομήσω</span> <span class='ocrx_word' id='word_1_222' title='bbox 1293 1680 1484 1750; x_wconf 77' lang='grc' dir='ltr'>αὐτὴν,</span> <span class='ocrx_word' id='word_1_223' title='bbox 1515 1677 1698 1742; x_wconf 85' lang='grc' dir='ltr'>καθὼς</span> <span class='ocrx_word' id='word_1_224' title='bbox 1728 1679 1782 1732; x_wconf 83' lang='grc' dir='ltr'>αἱ</span> <span class='ocrx_word' id='word_1_225' title='bbox 1812 1678 1943 1748; x_wconf 80' lang='grc' dir='ltr'><strong>ἠμέ-</strong></span> 
     </span>
    </p>
   </div>
   <div class='ocr_carea' id='block_1_33' title="bbox 2046 1677 3618 1756">
    <p class='ocr_par' dir='ltr' id='par_1_33' title="bbox 2053 1679 3618 1749">
     <span class='ocr_line' id='line_1_33' title="bbox 2053 1679 3618 1749; baseline -0.007 -8"><span class='ocrx_word' id='word_1_226' title='bbox 2053 1689 2186 1742; x_wconf 88' lang='lat' dir='ltr'><strong>raho</strong></span> <span class='ocrx_word' id='word_1_227' title='bbox 2228 1686 2361 1740; x_wconf 64' lang='lat' dir='ltr'><strong>iliud</strong></span> <span class='ocrx_word' id='word_1_228' title='bbox 2406 1687 2554 1740; x_wconf 90' lang='lat' dir='ltr'><strong>sicut</strong></span> <span class='ocrx_word' id='word_1_229' title='bbox 2604 1685 2720 1738; x_wconf 90' lang='lat' dir='ltr'><strong>dies</strong></span> <span class='ocrx_word' id='word_1_230' title='bbox 2751 1682 2957 1745; x_wconf 70' lang='lat' dir='ltr'><strong>sazculi,</strong></span> <span class='ocrx_word' id='word_1_231' title='bbox 2993 1689 3053 1734; x_wconf 91' lang='lat' dir='ltr'><strong>ut</strong></span> <span class='ocrx_word' id='word_1_232' title='bbox 3080 1679 3367 1749; x_wconf 78' lang='lat' dir='ltr'><strong>exquirant</strong></span> <span class='ocrx_word' id='word_1_233' title='bbox 3394 1693 3500 1738; x_wconf 91' lang='lat' dir='ltr'><strong>me.</strong></span> <span class='ocrx_word' id='word_1_234' title='bbox 3526 1679 3618 1748; x_wconf 89' lang='lat' dir='ltr'><strong>qui</strong></span> 
     </span>
    </p>
   </div>
   <div class='ocr_carea' id='block_1_34' title="bbox 381 1768 1950 1842">
    <p class='ocr_par' dir='ltr' id='par_1_34' title="bbox 381 1768 1950 1842">
     <span class='ocr_line' id='line_1_34' title="bbox 381 1768 1950 1842; baseline 0.003 -22"><span class='ocrx_word' id='word_1_235' title='bbox 381 1785 472 1838; x_wconf 84' lang='grc' dir='ltr'><strong>ραι</strong></span> <span class='ocrx_word' id='word_1_236' title='bbox 511 1768 605 1821; x_wconf 89' lang='grc' dir='ltr'><strong>τοῦ</strong></span> <span class='ocrx_word' id='word_1_237' title='bbox 646 1768 860 1832; x_wconf 78' lang='grc' dir='ltr'>αἰῶνος,</span> <span class='ocrx_word' id='word_1_238' title='bbox 891 1770 1040 1833; x_wconf 81' lang='grc' dir='ltr'>ὅπως</span> <span class='ocrx_word' id='word_1_239' title='bbox 1071 1770 1411 1842; x_wconf 79' lang='grc' dir='ltr'>ἐκζητήσωσί</span> <span class='ocrx_word' id='word_1_240' title='bbox 1448 1789 1514 1842; x_wconf 88' lang='grc' dir='ltr'><strong>με</strong></span> <span class='ocrx_word' id='word_1_241' title='bbox 1547 1772 1596 1824; x_wconf 86' lang='grc' dir='ltr'>οἱ</span> <span class='ocrx_word' id='word_1_242' title='bbox 1631 1771 1950 1826; x_wconf 78' lang='grc' dir='ltr'>κατάλοιποι</span> 
     </span>
    </p>
   </div>
   <div class='ocr_carea' id='block_1_35' title="bbox 375 1858 1949 1936">
    <p class='ocr_par' dir='ltr' id='par_1_35' title="bbox 375 1858 1949 1936">
     <span class='ocr_line' id='line_1_35' title="bbox 375 1858 1949 1936; baseline 0.004 -24"><span class='ocrx_word' id='word_1_243' title='bbox 375 1860 487 1912; x_wconf 82' lang='grc' dir='ltr'><strong>τῶν</strong></span> <span class='ocrx_word' id='word_1_244' title='bbox 513 1858 833 1932; x_wconf 57' lang='grc' dir='ltr'>ἀνθρώπων</span> <span class='ocrx_word' id='word_1_245' title='bbox 858 1864 947 1915; x_wconf 60' lang='grc' dir='ltr'><strong>καὶ¹</strong></span> <span class='ocrx_word' id='word_1_246' title='bbox 968 1863 1144 1916; x_wconf 78' lang='grc' dir='ltr'>πάντα</span> <span class='ocrx_word' id='word_1_247' title='bbox 1165 1865 1231 1917; x_wconf 66' lang='grc' dir='ltr'>τὰ</span> <span class='ocrx_word' id='word_1_248' title='bbox 1255 1863 1403 1934; x_wconf 83' lang='grc' dir='ltr'>ἔθνη,</span> <span class='ocrx_word' id='word_1_249' title='bbox 1431 1864 1514 1933; x_wconf 79' lang='grc' dir='ltr'>ἐφ’</span> <span class='ocrx_word' id='word_1_250' title='bbox 1536 1863 1572 1918; x_wconf 78' lang='grc' dir='ltr'>ἃ</span> <span class='ocrx_word' id='word_1_251' title='bbox 1597 1864 1949 1936; x_wconf 81' lang='grc' dir='ltr'>ἐπικέκληται</span> 
     </span>
    </p>
   </div>
   <div class='ocr_carea' id='block_1_36' title="bbox 375 1951 1949 2028">
    <p class='ocr_par' dir='ltr' id='par_1_36' title="bbox 375 1951 1949 2028">
     <span class='ocr_line' id='line_1_36' title="bbox 375 1951 1949 2028; baseline 0.003 -23"><span class='ocrx_word' id='word_1_252' title='bbox 375 1951 436 2006; x_wconf 58' lang='lat' dir='ltr'><strong>eo</strong></span> <span class='ocrx_word' id='word_1_253' title='bbox 490 1953 658 2024; x_wconf 75' lang='grc' dir='ltr'>ὄνομά</span> <span class='ocrx_word' id='word_1_254' title='bbox 725 1971 824 2024; x_wconf 88' lang='grc' dir='ltr'><strong>μου</strong></span> <span class='ocrx_word' id='word_1_255' title='bbox 877 1955 962 2006; x_wconf 80' lang='grc' dir='ltr'>ἐπ’</span> <span class='ocrx_word' id='word_1_256' title='bbox 1015 1955 1173 2020; x_wconf 77' lang='grc' dir='ltr'>αὐτὰ,</span> <span class='ocrx_word' id='word_1_257' title='bbox 1232 1956 1378 2025; x_wconf 81' lang='grc' dir='ltr'>λέγει</span> <span class='ocrx_word' id='word_1_258' title='bbox 1433 1956 1636 2028; x_wconf 86' lang='grc' dir='ltr'>Κύριος</span> <span class='ocrx_word' id='word_1_259' title='bbox 1700 1957 1729 2009; x_wconf 86' lang='grc' dir='ltr'>ὁ</span> <span class='ocrx_word' id='word_1_260' title='bbox 1780 1957 1949 2010; x_wconf 85' lang='grc' dir='ltr'>ποιῶν</span> 
     </span>
    </p>
   </div>
   <div class='ocr_carea' id='block_1_37' title="bbox 373 2061 620 2098">
    <p class='ocr_par' dir='ltr' id='par_1_37' title="bbox 373 2061 620 2098">
     <span class='ocr_line' id='line_1_37' title="bbox 373 2061 620 2098; baseline -0.008 0"><span class='ocrx_word' id='word_1_261' title='bbox 373 2061 569 2098; x_wconf 78' lang='grc' dir='ltr'>ταυτα.</span> <span class='ocrx_word' id='word_1_262' title='bbox 601 2066 620 2096; x_wconf 67' lang='grc' dir='ltr'><strong>ι</strong></span> 
     </span>
    </p>
   </div>
   <div class='ocr_carea' id='block_1_38' title="bbox 372 2137 1947 2222">
    <p class='ocr_par' dir='ltr' id='par_1_38' title="bbox 372 2137 1947 2222">
     <span class='ocr_line' id='line_1_38' title="bbox 372 2137 1947 2222; baseline 0.002 -30"><span class='ocrx_word' id='word_1_263' title='bbox 372 2137 518 2219; x_wconf 50' lang='lat' dir='ltr'><strong>KZ&#39;;</strong></span> <span class='ocrx_word' id='word_1_264' title='bbox 547 2140 812 2222; x_wconf 47' lang='lat' dir='ltr'><strong>‘Aa’dfoii</strong></span> <span class='ocrx_word' id='word_1_265' title='bbox 847 2140 1204 2222; x_wconf 38' lang='grc' dir='ltr'><strong>ἥιχαὶουζς-</strong></span> <span class='ocrx_word' id='word_1_266' title='bbox 1223 2141 1573 2222; x_wconf 46' lang='grc' dir='ltr'>Κατηγορία,</span> <span class='ocrx_word' id='word_1_267' title='bbox 1599 2141 1719 2222; x_wconf 64' lang='grc' dir='ltr'>τῶν</span> <span class='ocrx_word' id='word_1_268' title='bbox 1747 2141 1947 2222; x_wconf 73' lang='grc' dir='ltr'>ἀρχῶν</span> 
     </span>
    </p>
   </div>
   <div class='ocr_carea' id='block_1_39' title="bbox 445 2211 1946 2296">
    <p class='ocr_par' dir='ltr' id='par_1_39' title="bbox 445 2211 1946 2296">
     <span class='ocr_line' id='line_1_39' title="bbox 445 2211 1946 2296; baseline 0.012 -33"><span class='ocrx_word' id='word_1_269' title='bbox 445 2211 567 2296; x_wconf 73' lang='grc' dir='ltr'>τῶν</span> <span class='ocrx_word' id='word_1_270' title='bbox 598 2211 704 2264; x_wconf 76' lang='grc' dir='ltr'><strong>τοῦ</strong></span> <span class='ocrx_word' id='word_1_271' title='bbox 742 2212 1042 2290; x_wconf 58' lang='grc' dir='ltr'>Ἰουδαίων</span> <span class='ocrx_word' id='word_1_272' title='bbox 1082 2213 1314 2296; x_wconf 56' lang='grc' dir='ltr'>«ἐφ-ους,</span> <span class='ocrx_word' id='word_1_273' title='bbox 1354 2213 1454 2296; x_wconf 54' lang='lat' dir='ltr'><strong>fta}</strong></span> <span class='ocrx_word' id='word_1_274' title='bbox 1501 2211 1766 2296; x_wconf 63' lang='grc' dir='ltr'>δήλωσες</span> <span class='ocrx_word' id='word_1_275' title='bbox 1811 2211 1946 2296; x_wconf 73' lang='grc' dir='ltr'>ἐρη-</span> 
     </span>
    </p>
   </div>
   <div class='ocr_carea' id='block_1_40' title="bbox 443 2281 1946 2352">
    <p class='ocr_par' dir='ltr' id='par_1_40' title="bbox 443 2281 1946 2352">
     <span class='ocr_line' id='line_1_40' title="bbox 443 2281 1946 2352; baseline 0.003 -20"><span class='ocrx_word' id='word_1_276' title='bbox 443 2281 684 2348; x_wconf 86' lang='grc' dir='ltr'>μώσεως</span> <span class='ocrx_word' id='word_1_277' title='bbox 714 2281 822 2348; x_wconf 85' lang='grc' dir='ltr'><strong>τῆς</strong></span> <span class='ocrx_word' id='word_1_278' title='bbox 850 2285 1279 2352; x_wconf 67' lang='grc' dir='ltr'>μητροπόλεως</span> <span class='ocrx_word' id='word_1_279' title='bbox 1299 2281 1516 2346; x_wconf 86' lang='grc' dir='ltr'>αὐτῶν,</span> <span class='ocrx_word' id='word_1_280' title='bbox 1548 2282 1860 2352; x_wconf 62' lang='grc' dir='ltr'>ἐπιφάνειά</span> <span class='ocrx_word' id='word_1_281' title='bbox 1883 2301 1946 2337; x_wconf 86' lang='grc' dir='ltr'><strong>τε</strong></span> 
     </span>
    </p>
   </div>
   <div class='ocr_carea' id='block_1_41' title="bbox 444 2351 1944 2420">
    <p class='ocr_par' dir='ltr' id='par_1_41' title="bbox 444 2351 1944 2420">
     <span class='ocr_line' id='line_1_41' title="bbox 444 2351 1944 2420; baseline 0.005 -18"><span class='ocrx_word' id='word_1_282' title='bbox 444 2352 701 2417; x_wconf 75' lang='grc' dir='ltr'>Χριστοῦ</span> <span class='ocrx_word' id='word_1_283' title='bbox 725 2353 823 2404; x_wconf 80' lang='grc' dir='ltr'>καὶ</span> <span class='ocrx_word' id='word_1_284' title='bbox 847 2353 1015 2406; x_wconf 78' lang='grc' dir='ltr'>οἴκου</span> <span class='ocrx_word' id='word_1_285' title='bbox 1042 2353 1188 2407; x_wconf 84' lang='grc' dir='ltr'>Θεοῦ</span> <span class='ocrx_word' id='word_1_286' title='bbox 1224 2351 1328 2420; x_wconf 82' lang='grc' dir='ltr'><strong>τῆς</strong></span> <span class='ocrx_word' id='word_1_287' title='bbox 1357 2351 1716 2420; x_wconf 78' lang='grc' dir='ltr'>Ἐκκλησίας</span> <span class='ocrx_word' id='word_1_288' title='bbox 1737 2353 1944 2416; x_wconf 82' lang='grc' dir='ltr'>αὐτοῦ,</span> 
     </span>
    </p>
   </div>
   <div class='ocr_carea' id='block_1_42' title="bbox 443 2422 1948 2502">
    <p class='ocr_par' dir='ltr' id='par_1_42' title="bbox 443 2422 1948 2502">
     <span class='ocr_line' id='line_1_42' title="bbox 443 2422 1948 2502; baseline 0.004 -29"><span class='ocrx_word' id='word_1_289' title='bbox 443 2423 628 2502; x_wconf 56' lang='grc' dir='ltr'><strong>ἶῑόγςου</strong></span> <span class='ocrx_word' id='word_1_290' title='bbox 673 2439 736 2474; x_wconf 86' lang='grc' dir='ltr'><strong>τε</strong></span> <span class='ocrx_word' id='word_1_291' title='bbox 911 2425 1098 2492; x_wconf 80' lang='grc' dir='ltr'>νόμου</span> <span class='ocrx_word' id='word_1_292' title='bbox 1141 2422 1438 2493; x_wconf 80' lang='grc' dir='ltr'>πρόσοδος</span> <span class='ocrx_word' id='word_1_293' title='bbox 1477 2423 1573 2476; x_wconf 77' lang='grc' dir='ltr'>καὶ</span> <span class='ocrx_word' id='word_1_294' title='bbox 1617 2423 1734 2477; x_wconf 82' lang='grc' dir='ltr'>τῶν</span> <span class='ocrx_word' id='word_1_295' title='bbox 1759 2422 1948 2479; x_wconf 78' lang='grc' dir='ltr'>ἐθνῶν</span> 
     </span>
    </p>
   </div>
   <div class='ocr_carea' id='block_1_43' title="bbox 445 2490 1043 2560">
    <p class='ocr_par' dir='ltr' id='par_1_43' title="bbox 445 2490 1043 2560">
     <span class='ocr_line' id='line_1_43' title="bbox 445 2490 1043 2560; baseline 0.007 -18"><span class='ocrx_word' id='word_1_296' title='bbox 445 2490 722 2544; x_wconf 75' lang='grc' dir='ltr'>ἁπάντων</span> <span class='ocrx_word' id='word_1_297' title='bbox 757 2490 1043 2560; x_wconf 71' lang='grc' dir='ltr'>δήλωσις.</span> 
     </span>
    </p>
   </div>
   <div class='ocr_carea' id='block_1_44' title="bbox 449 2602 1951 2680">
    <p class='ocr_par' dir='ltr' id='par_1_44' title="bbox 449 2602 1944 2678">
     <span class='ocr_line' id='line_1_44' title="bbox 449 2602 1944 2678; baseline 0.006 -25"><span class='ocrx_word' id='word_1_298' title='bbox 449 2619 468 2654; x_wconf 77' lang='grc' dir='ltr'><strong>ι</strong></span> <span class='ocrx_word' id='word_1_299' title='bbox 490 2602 782 2657; x_wconf 80' lang='grc' dir='ltr'>Ἀκούσατε</span> <span class='ocrx_word' id='word_1_300' title='bbox 813 2604 878 2676; x_wconf 79' lang='grc' dir='ltr'>δὴ</span> <span class='ocrx_word' id='word_1_301' title='bbox 912 2606 1084 2660; x_wconf 85' lang='grc' dir='ltr'>ταῦτα</span> <span class='ocrx_word' id='word_1_302' title='bbox 1133 2609 1180 2660; x_wconf 89' lang='grc' dir='ltr'>οἱ</span> <span class='ocrx_word' id='word_1_303' title='bbox 1213 2607 1500 2678; x_wconf 83' lang='grc' dir='ltr'>ἡγούμενοι</span> <span class='ocrx_word' id='word_1_304' title='bbox 1545 2609 1690 2662; x_wconf 76' lang='grc' dir='ltr'>οἴκου</span> <span class='ocrx_word' id='word_1_305' title='bbox 1732 2608 1944 2674; x_wconf 83' lang='grc' dir='ltr'>Ἰακὼϐ,</span> 
     </span>
    </p>
   </div>
   <div class='ocr_carea' id='block_1_45' title="bbox 369 2697 1945 2773">
    <p class='ocr_par' dir='ltr' id='par_1_45' title="bbox 369 2697 1945 2773">
     <span class='ocr_line' id='line_1_45' title="bbox 369 2697 1945 2773; baseline 0.004 -25"><span class='ocrx_word' id='word_1_306' title='bbox 369 2697 464 2749; x_wconf 72' lang='grc' dir='ltr'><strong>καὶ</strong></span> <span class='ocrx_word' id='word_1_307' title='bbox 499 2697 548 2748; x_wconf 72' lang='grc' dir='ltr'>οἱ</span> <span class='ocrx_word' id='word_1_308' title='bbox 587 2698 903 2751; x_wconf 72' lang='grc' dir='ltr'>κατάλοιποι</span> <span class='ocrx_word' id='word_1_309' title='bbox 951 2701 1097 2752; x_wconf 80' lang='grc' dir='ltr'>οἴκου</span> <span class='ocrx_word' id='word_1_310' title='bbox 1154 2701 1398 2773; x_wconf 82' lang='grc' dir='ltr'>Ἰσραὴλ,</span> <span class='ocrx_word' id='word_1_311' title='bbox 1429 2702 1496 2754; x_wconf 77' lang='grc' dir='ltr'>σοί</span> <span class='ocrx_word' id='word_1_312' title='bbox 1541 2700 1945 2773; x_wconf 81' lang='grc' dir='ltr'>βδελυσσόμενοι</span> 
     </span>
    </p>
   </div>
   <div class='ocr_carea' id='block_1_46' title="bbox 365 2791 1946 2866">
    <p class='ocr_par' dir='ltr' id='par_1_46' title="bbox 365 2791 1946 2866">
     <span class='ocr_line' id='line_1_46' title="bbox 365 2791 1946 2866; baseline 0.005 -26"><span class='ocrx_word' id='word_1_313' title='bbox 365 2791 567 2859; x_wconf 82' lang='grc' dir='ltr'>κρῖμα,</span> <span class='ocrx_word' id='word_1_314' title='bbox 614 2791 710 2843; x_wconf 75' lang='grc' dir='ltr'><strong>καὶ</strong></span> <span class='ocrx_word' id='word_1_315' title='bbox 755 2791 935 2844; x_wconf 85' lang='grc' dir='ltr'>πάντα</span> <span class='ocrx_word' id='word_1_316' title='bbox 965 2792 1032 2845; x_wconf 73' lang='grc' dir='ltr'><strong>τὰ</strong></span> <span class='ocrx_word' id='word_1_317' title='bbox 1071 2792 1206 2864; x_wconf 77' lang='grc' dir='ltr'>ὀρθὰ</span> <span class='ocrx_word' id='word_1_318' title='bbox 1250 2794 1682 2866; x_wconf 68' lang='grc' dir='ltr'>διαστρέφοντες,</span> <span class='ocrx_word' id='word_1_319' title='bbox 1726 2796 1772 2848; x_wconf 80' lang='grc' dir='ltr'>οἱ</span> <span class='ocrx_word' id='word_1_320' title='bbox 1801 2797 1946 2848; x_wconf 77' lang='grc' dir='ltr'>οἱκο-</span> 
     </span>
    </p>
   </div>
   <div class='ocr_carea' id='block_1_47' title="bbox 365 2881 1940 2958">
    <p class='ocr_par' dir='ltr' id='par_1_47' title="bbox 365 2881 1940 2958">
     <span class='ocr_line' id='line_1_47' title="bbox 365 2881 1940 2958; baseline 0.004 -24"><span class='ocrx_word' id='word_1_321' title='bbox 365 2881 658 2952; x_wconf 76' lang='grc' dir='ltr'>δομοῦντες</span> <span class='ocrx_word' id='word_1_322' title='bbox 685 2884 824 2937; x_wconf 87' lang='grc' dir='ltr'>Σιὼν</span> <span class='ocrx_word' id='word_1_323' title='bbox 861 2886 918 2937; x_wconf 85' lang='grc' dir='ltr'><strong>ἐν</strong></span> <span class='ocrx_word' id='word_1_324' title='bbox 953 2887 1166 2954; x_wconf 77' lang='grc' dir='ltr'>αἵμασι,</span> <span class='ocrx_word' id='word_1_325' title='bbox 1216 2887 1308 2939; x_wconf 73' lang='grc' dir='ltr'><strong>καὶ</strong></span> <span class='ocrx_word' id='word_1_326' title='bbox 1345 2886 1700 2958; x_wconf 79' lang='grc' dir='ltr'>Ἰερουσαλὴμ</span> <span class='ocrx_word' id='word_1_327' title='bbox 1727 2889 1783 2940; x_wconf 84' lang='grc' dir='ltr'><strong>ἐν</strong></span> <span class='ocrx_word' id='word_1_328' title='bbox 1826 2888 1940 2941; x_wconf 83' lang='grc' dir='ltr'>ἀδι-</span> 
     </span>
    </p>
   </div>
   <div class='ocr_carea' id='block_1_48' title="bbox 367 2972 1940 3050">
    <p class='ocr_par' dir='ltr' id='par_1_48' title="bbox 367 2972 1940 3050">
     <span class='ocr_line' id='line_1_48' title="bbox 367 2972 1940 3050; baseline 0.006 -27"><span class='ocrx_word' id='word_1_329' title='bbox 367 2972 535 3036; x_wconf 76' lang='grc' dir='ltr'>κίαις.</span> <span class='ocrx_word' id='word_1_330' title='bbox 565 2975 626 3026; x_wconf 78' lang='grc' dir='ltr'><strong>οι</strong></span> <span class='ocrx_word' id='word_1_331' title='bbox 653 2975 945 3044; x_wconf 76' lang='grc' dir='ltr'>ἡγούμενοι</span> <span class='ocrx_word' id='word_1_332' title='bbox 975 2977 1142 3047; x_wconf 78' lang='grc' dir='ltr'>αὐτῆς</span> <span class='ocrx_word' id='word_1_333' title='bbox 1175 2977 1313 3047; x_wconf 81' lang='grc' dir='ltr'>μετὰ</span> <span class='ocrx_word' id='word_1_334' title='bbox 1338 2977 1530 3048; x_wconf 79' lang='grc' dir='ltr'>μισθοῦ</span> <span class='ocrx_word' id='word_1_335' title='bbox 1559 2979 1940 3050; x_wconf 84' lang='grc' dir='ltr'>ἀπεκρίναντο,</span> 
     </span>
    </p>
   </div>
   <div class='ocr_carea' id='block_1_49' title="bbox 2053 1771 3622 1849">
    <p class='ocr_par' dir='ltr' id='par_1_49' title="bbox 2053 1771 3622 1849">
     <span class='ocr_line' id='line_1_49' title="bbox 2053 1771 3622 1849; baseline -0.007 -15"><span class='ocrx_word' id='word_1_336' title='bbox 2053 1780 2246 1849; x_wconf 77' lang='lat' dir='ltr'><strong>reliqui</strong></span> <span class='ocrx_word' id='word_1_337' title='bbox 2282 1789 2409 1835; x_wconf 89' lang='lat' dir='ltr'><strong>sunt</strong></span> <span class='ocrx_word' id='word_1_338' title='bbox 2442 1795 2506 1833; x_wconf 82' lang='lat' dir='ltr'><strong>ex</strong></span> <span class='ocrx_word' id='word_1_339' title='bbox 2538 1777 2872 1838; x_wconf 89' lang='lat' dir='ltr'><strong>hominibus,</strong></span> <span class='ocrx_word' id='word_1_340' title='bbox 2909 1771 2961 1828; x_wconf 74' lang='lat' dir='ltr'><strong>el.</strong></span> <span class='ocrx_word' id='word_1_341' title='bbox 2994 1789 3185 1828; x_wconf 87' lang='lat' dir='ltr'><strong>omnes</strong></span> <span class='ocrx_word' id='word_1_342' title='bbox 3213 1783 3421 1842; x_wconf 79' lang='lat' dir='ltr'><strong>gentes,</strong></span> <span class='ocrx_word' id='word_1_343' title='bbox 3457 1786 3622 1840; x_wconf 84' lang='lat' dir='ltr'><strong>super</strong></span> 
     </span>
    </p>
   </div>
   <div class='ocr_carea' id='block_1_50' title="bbox 2049 1864 3620 1946">
    <p class='ocr_par' dir='ltr' id='par_1_50' title="bbox 2049 1864 3620 1946">
     <span class='ocr_line' id='line_1_50' title="bbox 2049 1864 3620 1946; baseline -0.008 -16"><span class='ocrx_word' id='word_1_344' title='bbox 2049 1891 2187 1946; x_wconf 85' lang='lat' dir='ltr'><strong>quas</strong></span> <span class='ocrx_word' id='word_1_345' title='bbox 2228 1875 2538 1928; x_wconf 89' lang='lat' dir='ltr'><strong>invocatum</strong></span> <span class='ocrx_word' id='word_1_346' title='bbox 2570 1882 2653 1927; x_wconf 88' lang='lat' dir='ltr'><strong>est</strong></span> <span class='ocrx_word' id='word_1_347' title='bbox 2686 1887 2881 1926; x_wconf 90' lang='lat' dir='ltr'><strong>nomen</strong></span> <span class='ocrx_word' id='word_1_348' title='bbox 2915 1884 3095 1924; x_wconf 86' lang='lat' dir='ltr'><strong>meum</strong></span> <span class='ocrx_word' id='word_1_349' title='bbox 3126 1880 3289 1936; x_wconf 83' lang='lat' dir='ltr'><strong>super</strong></span> <span class='ocrx_word' id='word_1_350' title='bbox 3328 1880 3461 1920; x_wconf 89' lang='lat' dir='ltr'><strong>eas:</strong></span> <span class='ocrx_word' id='word_1_351' title='bbox 3487 1864 3620 1919; x_wconf 89' lang='lat' dir='ltr'><strong>dicit</strong></span> 
     </span>
    </p>
   </div>
   <div class='ocr_carea' id='block_1_51' title="bbox 2051 1963 3120 2038">
    <p class='ocr_par' dir='ltr' id='par_1_51' title="bbox 2051 1963 3120 2038">
     <span class='ocr_line' id='line_1_51' title="bbox 2051 1963 3120 2038; baseline -0.008 -14"><span class='ocrx_word' id='word_1_352' title='bbox 2051 1969 2334 2035; x_wconf 85' lang='lat' dir='ltr'><strong>Dominus,</strong></span> <span class='ocrx_word' id='word_1_353' title='bbox 2357 1969 2449 2038; x_wconf 90' lang='lat' dir='ltr'><strong>qui</strong></span> <span class='ocrx_word' id='word_1_354' title='bbox 2485 1965 2614 2020; x_wconf 77' lang='lat' dir='ltr'><strong>facit</strong></span> <span class='ocrx_word' id='word_1_355' title='bbox 2643 1966 2759 2020; x_wconf 74' lang='lat' dir='ltr'><strong>haec</strong></span> <span class='ocrx_word' id='word_1_356' title='bbox 2791 1964 2976 2018; x_wconf 84' lang='lat' dir='ltr'><strong>omnia</strong></span> <span class='ocrx_word' id='word_1_357' title='bbox 2994 1963 3062 2018; x_wconf 72' lang='grc' dir='ltr'><strong>δι.</strong></span> <span class='ocrx_word' id='word_1_358' title='bbox 3101 1982 3120 2015; x_wconf 75' lang='grc' dir='ltr'><strong>ι</strong></span> 
     </span>
    </p>
   </div>
   <div class='ocr_carea' id='block_1_52' title="bbox 2049 2139 3618 2223">
    <p class='ocr_par' dir='ltr' id='par_1_52' title="bbox 2049 2139 3618 2223">
     <span class='ocr_line' id='line_1_52' title="bbox 2049 2139 3618 2223; baseline -0.01 -18"><span class='ocrx_word' id='word_1_359' title='bbox 2049 2147 2154 2223; x_wconf 78' lang='lat'><strong>55</strong></span> <span class='ocrx_word' id='word_1_360' title='bbox 2177 2148 2385 2223; x_wconf 73' lang='lat' dir='ltr'><strong>XXVII.</strong></span> <span class='ocrx_word' id='word_1_361' title='bbox 2414 2150 2463 2223; x_wconf 83' lang='lat' dir='ltr'><strong>_A</strong></span> <span class='ocrx_word' id='word_1_362' title='bbox 2508 2147 2753 2202; x_wconf 80' lang='lat' dir='ltr'><strong>Micluea.</strong></span> <span class='ocrx_word' id='word_1_363' title='bbox 2794 2175 2864 2223; x_wconf 85' lang='lat'><strong>-_—</strong></span> <span class='ocrx_word' id='word_1_364' title='bbox 2897 2142 3178 2223; x_wconf 29' lang='lat' dir='ltr'><strong>d‘ecusatio.</strong></span> <span class='ocrx_word' id='word_1_365' title='bbox 3212 2139 3618 2223; x_wconf 73' lang='lat' dir='ltr'><strong>magistratuum</strong></span> 
     </span>
    </p>
   </div>
   <div class='ocr_carea' id='block_1_53' title="bbox 2115 2209 3619 2292">
    <p class='ocr_par' dir='ltr' id='par_1_53' title="bbox 2115 2209 3619 2292">
     <span class='ocr_line' id='line_1_53' title="bbox 2115 2209 3619 2292; baseline -0.011 -15"><span class='ocrx_word' id='word_1_366' title='bbox 2115 2209 2283 2292; x_wconf 50' lang='lat' dir='ltr'><strong>gentis</strong></span> <span class='ocrx_word' id='word_1_367' title='bbox 2314 2219 2648 2280; x_wconf 65' lang='lat' dir='ltr'><strong>Iudaeorum,</strong></span> <span class='ocrx_word' id='word_1_368' title='bbox 2691 2227 2740 2292; x_wconf 81' lang='lat' dir='ltr'><strong>et</strong></span> <span class='ocrx_word' id='word_1_369' title='bbox 2781 2216 3100 2292; x_wconf 62' lang='lat' dir='ltr'><strong>signiﬁcatio</strong></span> <span class='ocrx_word' id='word_1_370' title='bbox 3145 2209 3481 2292; x_wconf 68' lang='lat' dir='ltr'><strong>desolationis</strong></span> <span class='ocrx_word' id='word_1_371' title='bbox 3510 2223 3619 2261; x_wconf 72' lang='lat' dir='ltr'><strong>me-</strong></span> 
     </span>
    </p>
   </div>
   <div class='ocr_carea' id='block_1_54' title="bbox 2121 2279 3616 2360">
    <p class='ocr_par' dir='ltr' id='par_1_54' title="bbox 2121 2279 3616 2360">
     <span class='ocr_line' id='line_1_54' title="bbox 2121 2279 3616 2360; baseline -0.011 -14"><span class='ocrx_word' id='word_1_372' title='bbox 2121 2279 2336 2360; x_wconf 71' lang='lat' dir='ltr'><strong>Iropolis</strong></span> <span class='ocrx_word' id='word_1_373' title='bbox 2369 2307 2582 2355; x_wconf 82' lang='lat' dir='ltr'><strong>eorum,</strong></span> <span class='ocrx_word' id='word_1_374' title='bbox 2615 2279 2992 2360; x_wconf 15' lang='lat' dir='ltr'><strong>rod-ventusque</strong></span> <span class='ocrx_word' id='word_1_375' title='bbox 3033 2282 3264 2360; x_wconf 63' lang='lat' dir='ltr'><strong>Christi,</strong></span> <span class='ocrx_word' id='word_1_376' title='bbox 3328 2289 3376 2360; x_wconf 81' lang='lat' dir='ltr'><strong>e_t</strong></span> <span class='ocrx_word' id='word_1_377' title='bbox 3429 2279 3616 2360; x_wconf 68' lang='lat' dir='ltr'><strong>domus</strong></span> 
     </span>
    </p>
   </div>
   <div class='ocr_carea' id='block_1_55' title="bbox 2119 2350 3622 2434">
    <p class='ocr_par' dir='ltr' id='par_1_55' title="bbox 2119 2350 3622 2434">
     <span class='ocr_line' id='line_1_55' title="bbox 2119 2350 3622 2434; baseline -0.009 -17"><span class='ocrx_word' id='word_1_378' title='bbox 2119 2350 2236 2425; x_wconf 82' lang='lat' dir='ltr'><strong>Dei,</strong></span> <span class='ocrx_word' id='word_1_379' title='bbox 2267 2372 2468 2433; x_wconf 75' lang='lat' dir='ltr'><strong>quteest</strong></span> <span class='ocrx_word' id='word_1_380' title='bbox 2497 2350 2734 2434; x_wconf 64' lang='lat' dir='ltr'><strong>Ecclesia</strong></span> <span class='ocrx_word' id='word_1_381' title='bbox 2783 2359 2894 2425; x_wconf 88' lang='lat' dir='ltr'><strong>ejus</strong></span> <span class='ocrx_word' id='word_1_382' title='bbox 2909 2350 2935 2417; x_wconf 79' lang='grc'>’,</span> <span class='ocrx_word' id='word_1_383' title='bbox 2970 2354 3238 2434; x_wconf 65' lang='lat' dir='ltr'><strong>verbique,</strong></span> <span class='ocrx_word' id='word_1_384' title='bbox 3269 2360 3318 2404; x_wconf 90' lang='lat' dir='ltr'><strong>et</strong></span> <span class='ocrx_word' id='word_1_385' title='bbox 3347 2350 3472 2421; x_wconf 75' lang='lat' dir='ltr'><strong>legis</strong></span> <span class='ocrx_word' id='word_1_386' title='bbox 3502 2364 3622 2416; x_wconf 78' lang='lat' dir='ltr'><strong>pro-</strong></span> 
     </span>
    </p>
   </div>
   <div class='ocr_carea' id='block_1_56' title="bbox 2113 2430 3263 2505">
    <p class='ocr_par' dir='ltr' id='par_1_56' title="bbox 2113 2430 3263 2505">
     <span class='ocr_line' id='line_1_56' title="bbox 2113 2430 3263 2505; baseline -0.009 -20"><span class='ocrx_word' id='word_1_387' title='bbox 2113 2430 2334 2505; x_wconf 74' lang='lat' dir='ltr'><strong>gressio,</strong></span> <span class='ocrx_word' id='word_1_388' title='bbox 2357 2443 2408 2487; x_wconf 90' lang='lat' dir='ltr'><strong>et</strong></span> <span class='ocrx_word' id='word_1_389' title='bbox 2435 2433 2666 2503; x_wconf 85' lang='lat' dir='ltr'><strong>gentium</strong></span> <span class='ocrx_word' id='word_1_390' title='bbox 2697 2437 3006 2482; x_wconf 85' lang='lat' dir='ltr'><strong>cunctarum</strong></span> <span class='ocrx_word' id='word_1_391' title='bbox 3041 2430 3263 2480; x_wconf 77' lang='lat' dir='ltr'><strong>uacatio.</strong></span> 
     </span>
    </p>
   </div>
   <div class='ocr_carea' id='block_1_57' title="bbox 2121 2593 3616 2669">
    <p class='ocr_par' dir='ltr' id='par_1_57' title="bbox 2121 2593 3616 2669">
     <span class='ocr_line' id='line_1_57' title="bbox 2121 2593 3616 2669; baseline -0.008 -9"><span class='ocrx_word' id='word_1_392' title='bbox 2121 2627 2141 2660; x_wconf 76' lang='grc' dir='ltr'><strong>ι</strong></span> <span class='ocrx_word' id='word_1_393' title='bbox 2177 2607 2372 2662; x_wconf 86' lang='lat' dir='ltr'><strong>Audite</strong></span> <span class='ocrx_word' id='word_1_394' title='bbox 2403 2619 2550 2660; x_wconf 92' lang='lat' dir='ltr'><strong>nunc</strong></span> <span class='ocrx_word' id='word_1_395' title='bbox 2574 2605 2790 2658; x_wconf 89' lang='lat' dir='ltr'><strong>demum</strong></span> <span class='ocrx_word' id='word_1_396' title='bbox 2843 2601 2957 2656; x_wconf 63' lang='lat' dir='ltr'><strong>haec</strong></span> <span class='ocrx_word' id='word_1_397' title='bbox 2980 2639 2995 2662; x_wconf 95' lang='lat'><strong>,</strong></span> <span class='ocrx_word' id='word_1_398' title='bbox 3041 2598 3134 2669; x_wconf 89' lang='lat' dir='ltr'><strong>qui</strong></span> <span class='ocrx_word' id='word_1_399' title='bbox 3163 2595 3406 2668; x_wconf 69' lang='lat' dir='ltr'><strong>praeeslis</strong></span> <span class='ocrx_word' id='word_1_400' title='bbox 3431 2593 3616 2651; x_wconf 84' lang='lat' dir='ltr'><strong>domui</strong></span> 
     </span>
    </p>
   </div>
   <div class='ocr_carea' id='block_1_58' title="bbox 2044 2687 3616 2770">
    <p class='ocr_par' dir='ltr' id='par_1_58' title="bbox 2044 2687 3616 2770">
     <span class='ocr_line' id='line_1_58' title="bbox 2044 2687 3616 2770; baseline -0.008 -15"><span class='ocrx_word' id='word_1_401' title='bbox 2044 2699 2232 2767; x_wconf 87' lang='lat' dir='ltr'><strong>Jacob,</strong></span> <span class='ocrx_word' id='word_1_402' title='bbox 2257 2708 2311 2755; x_wconf 91' lang='lat' dir='ltr'><strong>et</strong></span> <span class='ocrx_word' id='word_1_403' title='bbox 2349 2699 2440 2770; x_wconf 87' lang='lat' dir='ltr'><strong>qui</strong></span> <span class='ocrx_word' id='word_1_404' title='bbox 2469 2697 2662 2767; x_wconf 85' lang='lat' dir='ltr'><strong>reliqui</strong></span> <span class='ocrx_word' id='word_1_405' title='bbox 2691 2695 2825 2750; x_wconf 88' lang='lat' dir='ltr'><strong>estis</strong></span> <span class='ocrx_word' id='word_1_406' title='bbox 2851 2709 2914 2748; x_wconf 81' lang='lat' dir='ltr'><strong>ex</strong></span> <span class='ocrx_word' id='word_1_407' title='bbox 2937 2692 3098 2747; x_wconf 90' lang='lat' dir='ltr'><strong>domo</strong></span> <span class='ocrx_word' id='word_1_408' title='bbox 3127 2689 3315 2751; x_wconf 88' lang='lat' dir='ltr'><strong>Israel,</strong></span> <span class='ocrx_word' id='word_1_409' title='bbox 3352 2687 3443 2758; x_wconf 90' lang='lat' dir='ltr'><strong>qui</strong></span> <span class='ocrx_word' id='word_1_410' title='bbox 3484 2687 3616 2742; x_wconf 89' lang='lat' dir='ltr'><strong>abo-</strong></span> 
     </span>
    </p>
   </div>
   <div class='ocr_carea' id='block_1_59' title="bbox 2045 2781 3613 2864">
    <p class='ocr_par' dir='ltr' id='par_1_59' title="bbox 2045 2781 3613 2864">
     <span class='ocr_line' id='line_1_59' title="bbox 2045 2781 3613 2864; baseline -0.01 -14"><span class='ocrx_word' id='word_1_411' title='bbox 2045 2795 2325 2850; x_wconf 78' lang='lat' dir='ltr'><strong>minamini</strong></span> <span class='ocrx_word' id='word_1_412' title='bbox 2368 2792 2654 2864; x_wconf 87' lang='lat' dir='ltr'><strong>judicium,</strong></span> <span class='ocrx_word' id='word_1_413' title='bbox 2679 2797 2733 2844; x_wconf 89' lang='lat' dir='ltr'><strong>et</strong></span> <span class='ocrx_word' id='word_1_414' title='bbox 2767 2788 2949 2843; x_wconf 86' lang='lat' dir='ltr'><strong>omnia</strong></span> <span class='ocrx_word' id='word_1_415' title='bbox 2998 2795 3143 2841; x_wconf 88' lang='lat' dir='ltr'><strong>recta</strong></span> <span class='ocrx_word' id='word_1_416' title='bbox 3168 2783 3499 2854; x_wconf 78' lang='lat' dir='ltr'><strong>pervertitis,</strong></span> <span class='ocrx_word' id='word_1_417' title='bbox 3519 2781 3613 2850; x_wconf 89' lang='lat' dir='ltr'><strong>qui</strong></span> 
     </span>
    </p>
   </div>
   <div class='ocr_carea' id='block_1_60' title="bbox 2043 2875 3605 2955">
    <p class='ocr_par' dir='ltr' id='par_1_60' title="bbox 2043 2875 3605 2955">
     <span class='ocr_line' id='line_1_60' title="bbox 2043 2875 3605 2955; baseline -0.011 -11"><span class='ocrx_word' id='word_1_418' title='bbox 2043 2888 2322 2944; x_wconf 58' lang='lat' dir='ltr'><strong>aedificatis</strong></span> <span class='ocrx_word' id='word_1_419' title='bbox 2351 2885 2482 2940; x_wconf 91' lang='lat' dir='ltr'><strong>Sion</strong></span> <span class='ocrx_word' id='word_1_420' title='bbox 2504 2887 2556 2938; x_wconf 91' lang='lat' dir='ltr'><strong>in</strong></span> <span class='ocrx_word' id='word_1_421' title='bbox 2589 2883 2977 2955; x_wconf 76' lang='lat' dir='ltr'><strong>sanguinibus,</strong></span> <span class='ocrx_word' id='word_1_422' title='bbox 3030 2889 3084 2935; x_wconf 90' lang='lat' dir='ltr'><strong>et</strong></span> <span class='ocrx_word' id='word_1_423' title='bbox 3112 2878 3412 2933; x_wconf 84' lang='lat' dir='ltr'><strong>Jerusalem</strong></span> <span class='ocrx_word' id='word_1_424' title='bbox 3448 2879 3502 2928; x_wconf 94' lang='lat' dir='ltr'><strong>in</strong></span> <span class='ocrx_word' id='word_1_425' title='bbox 3527 2875 3605 2928; x_wconf 88' lang='lat' dir='ltr'><strong>in-</strong></span> 
     </span>
    </p>
   </div>
   <div class='ocr_carea' id='block_1_61' title="bbox 2040 2967 3612 3053">
    <p class='ocr_par' dir='ltr' id='par_1_61' title="bbox 2040 2967 3612 3053">
     <span class='ocr_line' id='line_1_61' title="bbox 2040 2967 3612 3053; baseline -0.009 -17"><span class='ocrx_word' id='word_1_426' title='bbox 2040 2983 2290 3053; x_wconf 66' lang='lat' dir='ltr'><strong>justitis,</strong></span> <span class='ocrx_word' id='word_1_427' title='bbox 2317 2981 2410 3050; x_wconf 91' lang='lat' dir='ltr'><strong>qui</strong></span> <span class='ocrx_word' id='word_1_428' title='bbox 2441 2979 2489 3034; x_wconf 90' lang='lat' dir='ltr'><strong>ei</strong></span> <span class='ocrx_word' id='word_1_429' title='bbox 2530 2985 2792 3049; x_wconf 67' lang='lat' dir='ltr'><strong>praesunt,</strong></span> <span class='ocrx_word' id='word_1_430' title='bbox 2827 2991 2949 3030; x_wconf 90' lang='lat' dir='ltr'><strong>cum</strong></span> <span class='ocrx_word' id='word_1_431' title='bbox 2983 2970 3304 3026; x_wconf 88' lang='lat' dir='ltr'><strong>muneribus</strong></span> <span class='ocrx_word' id='word_1_432' title='bbox 3331 2967 3612 3038; x_wconf 75' lang='lat' dir='ltr'><strong>iudicave-</strong></span> 
     </span>
    </p>
   </div>
   <div class='ocr_carea' id='block_1_62' title="bbox 368 3058 1943 3143">
    <p class='ocr_par' dir='ltr' id='par_1_62' title="bbox 368 3064 1940 3143">
     <span class='ocr_line' id='line_1_62' title="bbox 368 3064 1940 3143; baseline 0.007 -26"><span class='ocrx_word' id='word_1_433' title='bbox 368 3064 469 3117; x_wconf 65' lang='grc' dir='ltr'>καὶ</span> <span class='ocrx_word' id='word_1_434' title='bbox 505 3067 553 3117; x_wconf 88' lang='grc' dir='ltr'>οἱ</span> <span class='ocrx_word' id='word_1_435' title='bbox 584 3067 857 3136; x_wconf 63' lang='grc' dir='ltr'>προξρῆται</span> <span class='ocrx_word' id='word_1_436' title='bbox 890 3070 1057 3140; x_wconf 77' lang='grc' dir='ltr'>αὐτῆς</span> <span class='ocrx_word' id='word_1_437' title='bbox 1094 3069 1230 3140; x_wconf 76' lang='grc' dir='ltr'>μετὰ</span> <span class='ocrx_word' id='word_1_438' title='bbox 1272 3071 1533 3143; x_wconf 79' lang='grc' dir='ltr'>ἀργυρίου</span> <span class='ocrx_word' id='word_1_439' title='bbox 1568 3073 1940 3143; x_wconf 88' lang='grc' dir='ltr'>ἐμαντεύοντο,</span> 
     </span>
    </p>
   </div>
   <div class='ocr_carea' id='block_1_63' title="bbox 2046 3058 3612 3143">
    <p class='ocr_par' dir='ltr' id='par_1_63' title="bbox 2047 3058 3612 3140">
     <span class='ocr_line' id='line_1_63' title="bbox 2047 3058 3612 3140; baseline -0.011 -11"><span class='ocrx_word' id='word_1_440' title='bbox 2047 3086 2197 3140; x_wconf 89' lang='lat' dir='ltr'><strong>runt,</strong></span> <span class='ocrx_word' id='word_1_441' title='bbox 2228 3081 2283 3130; x_wconf 90' lang='lat' dir='ltr'><strong>et</strong></span> <span class='ocrx_word' id='word_1_442' title='bbox 2334 3071 2646 3128; x_wconf 83' lang='lat' dir='ltr'><strong>sacerdotes</strong></span> <span class='ocrx_word' id='word_1_443' title='bbox 2676 3068 2796 3138; x_wconf 92' lang='lat' dir='ltr'><strong>ejus</strong></span> <span class='ocrx_word' id='word_1_444' title='bbox 2845 3081 2966 3120; x_wconf 90' lang='lat' dir='ltr'><strong>cum</strong></span> <span class='ocrx_word' id='word_1_445' title='bbox 3014 3060 3263 3117; x_wconf 86' lang='lat' dir='ltr'><strong>mercede</strong></span> <span class='ocrx_word' id='word_1_446' title='bbox 3312 3058 3612 3130; x_wconf 85' lang='lat' dir='ltr'><strong>responde—</strong></span> 
     </span>
    </p>
   </div>
   <div class='ocr_carea' id='block_1_64' title="bbox 371 3155 1946 3236">
    <p class='ocr_par' dir='ltr' id='par_1_64' title="bbox 371 3155 1946 3236">
     <span class='ocr_line' id='line_1_64' title="bbox 371 3155 1946 3236; baseline 0.01 -32"><span class='ocrx_word' id='word_1_447' title='bbox 371 3155 474 3205; x_wconf 70' lang='grc' dir='ltr'>καὶ</span> <span class='ocrx_word' id='word_1_448' title='bbox 513 3157 605 3207; x_wconf 74' lang='grc' dir='ltr'><strong>ἐπὶ</strong></span> <span class='ocrx_word' id='word_1_449' title='bbox 642 3156 730 3210; x_wconf 70' lang='grc' dir='ltr'><strong>τὸν</strong></span> <span class='ocrx_word' id='word_1_450' title='bbox 759 3157 959 3230; x_wconf 83' lang='grc' dir='ltr'>Κύριον</span> <span class='ocrx_word' id='word_1_451' title='bbox 1008 3160 1442 3225; x_wconf 84' lang='grc' dir='ltr'>ἐπανεπαύοντο,</span> <span class='ocrx_word' id='word_1_452' title='bbox 1495 3161 1772 3232; x_wconf 79' lang='grc' dir='ltr'>λέγοντες’</span> <span class='ocrx_word' id='word_1_453' title='bbox 1815 3165 1946 3236; x_wconf 75' lang='grc' dir='ltr'><strong>Ούχὶ</strong></span> 
     </span>
    </p>
   </div>
   <div class='ocr_carea' id='block_1_65' title="bbox 375 3245 1945 3330">
    <p class='ocr_par' dir='ltr' id='par_1_65' title="bbox 375 3245 1945 3330">
     <span class='ocr_line' id='line_1_65' title="bbox 375 3245 1945 3330; baseline 0.008 -33"><span class='ocrx_word' id='word_1_454' title='bbox 375 3245 584 3317; x_wconf 75' lang='grc' dir='ltr'>Κύριος</span> <span class='ocrx_word' id='word_1_455' title='bbox 623 3247 738 3318; x_wconf 81' lang='grc' dir='ltr'>μεθ’</span> <span class='ocrx_word' id='word_1_456' title='bbox 771 3250 926 3321; x_wconf 84' lang='grc' dir='ltr'>ήμῶν</span> <span class='ocrx_word' id='word_1_457' title='bbox 966 3254 1144 3310; x_wconf 85' lang='grc' dir='ltr'>ἐστιν;</span> <span class='ocrx_word' id='word_1_458' title='bbox 1189 3254 1249 3306; x_wconf 84' lang='grc' dir='ltr'><strong>ού</strong></span> <span class='ocrx_word' id='word_1_459' title='bbox 1300 3255 1373 3325; x_wconf 76' lang='grc' dir='ltr'>μὴ</span> <span class='ocrx_word' id='word_1_460' title='bbox 1419 3255 1622 3330; x_wconf 80' lang='grc' dir='ltr'>ἐπέλθῃ</span> <span class='ocrx_word' id='word_1_461' title='bbox 1673 3258 1757 3326; x_wconf 85' lang='grc' dir='ltr'><strong>ἐφ’</strong></span> <span class='ocrx_word' id='word_1_462' title='bbox 1796 3259 1945 3329; x_wconf 76' lang='grc' dir='ltr'>ἡμᾶς</span> 
     </span>
    </p>
   </div>
   <div class='ocr_carea' id='block_1_66' title="bbox 378 3338 1943 3420">
    <p class='ocr_par' dir='ltr' id='par_1_66' title="bbox 378 3338 1943 3420">
     <span class='ocr_line' id='line_1_66' title="bbox 378 3338 1943 3420; baseline 0.008 -31"><span class='ocrx_word' id='word_1_463' title='bbox 378 3338 546 3392; x_wconf 77' lang='grc' dir='ltr'>κακά.</span> <span class='ocrx_word' id='word_1_464' title='bbox 588 3339 684 3392; x_wconf 74' lang='grc' dir='ltr'>Διὰ</span> <span class='ocrx_word' id='word_1_465' title='bbox 719 3341 870 3395; x_wconf 88' lang='grc' dir='ltr'>τοῦτο</span> <span class='ocrx_word' id='word_1_466' title='bbox 912 3343 976 3396; x_wconf 82' lang='grc' dir='ltr'>δι’</span> <span class='ocrx_word' id='word_1_467' title='bbox 1005 3345 1148 3414; x_wconf 77' lang='grc' dir='ltr'>ὑμᾶς</span> <span class='ocrx_word' id='word_1_468' title='bbox 1175 3344 1310 3399; x_wconf 86' lang='grc' dir='ltr'>Σιὼν</span> <span class='ocrx_word' id='word_1_469' title='bbox 1353 3345 1430 3409; x_wconf 82' lang='grc' dir='ltr'>ὼς</span> <span class='ocrx_word' id='word_1_470' title='bbox 1475 3347 1642 3419; x_wconf 77' lang='grc' dir='ltr'>ἀγρὸς</span> <span class='ocrx_word' id='word_1_471' title='bbox 1685 3350 1943 3420; x_wconf 83' lang='grc' dir='ltr'>ἀροτρια-</span> 
     </span>
    </p>
   </div>
   <div class='ocr_carea' id='block_1_67' title="bbox 375 3428 1941 3508">
    <p class='ocr_par' dir='ltr' id='par_1_67' title="bbox 375 3428 1941 3508">
     <span class='ocr_line' id='line_1_67' title="bbox 375 3428 1941 3508; baseline 0.008 -28"><span class='ocrx_word' id='word_1_472' title='bbox 375 3428 626 3499; x_wconf 81' lang='grc' dir='ltr'>θήσεται,</span> <span class='ocrx_word' id='word_1_473' title='bbox 675 3433 767 3485; x_wconf 80' lang='grc' dir='ltr'>καὶ</span> <span class='ocrx_word' id='word_1_474' title='bbox 804 3433 1154 3506; x_wconf 79' lang='grc' dir='ltr'>Ἰερουσαλὴμ</span> <span class='ocrx_word' id='word_1_475' title='bbox 1185 3436 1259 3500; x_wconf 85' lang='grc' dir='ltr'>ὼς</span> <span class='ocrx_word' id='word_1_476' title='bbox 1293 3439 1733 3508; x_wconf 76' lang='grc' dir='ltr'>ὀπωροφυλάκιον</span> <span class='ocrx_word' id='word_1_477' title='bbox 1773 3439 1941 3506; x_wconf 80' lang='grc' dir='ltr'>ἔσται,</span> 
     </span>
    </p>
   </div>
   <div class='ocr_carea' id='block_1_68' title="bbox 371 3521 1942 3602">
    <p class='ocr_par' dir='ltr' id='par_1_68' title="bbox 371 3521 1942 3602">
     <span class='ocr_line' id='line_1_68' title="bbox 371 3521 1942 3602; baseline 0.008 -28"><span class='ocrx_word' id='word_1_478' title='bbox 371 3521 469 3574; x_wconf 77' lang='grc' dir='ltr'><strong>καὶ</strong></span> <span class='ocrx_word' id='word_1_479' title='bbox 529 3522 587 3574; x_wconf 72' lang='grc' dir='ltr'>τὸ</span> <span class='ocrx_word' id='word_1_480' title='bbox 640 3522 762 3594; x_wconf 70' lang='grc' dir='ltr'>ὅρος</span> <span class='ocrx_word' id='word_1_481' title='bbox 823 3525 916 3578; x_wconf 87' lang='grc' dir='ltr'><strong>τοῦ</strong></span> <span class='ocrx_word' id='word_1_482' title='bbox 982 3525 1132 3580; x_wconf 83' lang='grc' dir='ltr'>οἴκου</span> <span class='ocrx_word' id='word_1_483' title='bbox 1195 3530 1275 3591; x_wconf 77' lang='grc' dir='ltr'>εἰς</span> <span class='ocrx_word' id='word_1_484' title='bbox 1327 3529 1486 3596; x_wconf 82' lang='grc' dir='ltr'>ἄλσος</span> <span class='ocrx_word' id='word_1_485' title='bbox 1545 3530 1772 3602; x_wconf 84' lang='grc' dir='ltr'>δρυμοῦ.</span> <span class='ocrx_word' id='word_1_486' title='bbox 1834 3533 1942 3586; x_wconf 76' lang='grc' dir='ltr'><strong>Καὶ</strong></span> 
     </span>
    </p>
   </div>
   <div class='ocr_carea' id='block_1_69' title="bbox 367 3615 1944 3700">
    <p class='ocr_par' dir='ltr' id='par_1_69' title="bbox 367 3615 1944 3700">
     <span class='ocr_line' id='line_1_69' title="bbox 367 3615 1944 3700; baseline 0.007 -34"><span class='ocrx_word' id='word_1_487' title='bbox 367 3615 523 3667; x_wconf 73' lang='grc' dir='ltr'>ἔσται</span> <span class='ocrx_word' id='word_1_488' title='bbox 571 3617 656 3668; x_wconf 84' lang='grc' dir='ltr'>ἐπ’</span> <span class='ocrx_word' id='word_1_489' title='bbox 700 3617 927 3687; x_wconf 80' lang='grc' dir='ltr'>ἐσχάτου</span> <span class='ocrx_word' id='word_1_490' title='bbox 973 3619 1080 3674; x_wconf 88' lang='grc' dir='ltr'><strong>τῶν</strong></span> <span class='ocrx_word' id='word_1_491' title='bbox 1135 3621 1355 3692; x_wconf 81' lang='grc' dir='ltr'>ἡμερῶν</span> <span class='ocrx_word' id='word_1_492' title='bbox 1415 3625 1653 3694; x_wconf 73' lang='grc' dir='ltr'>ἐμφανὲς</span> <span class='ocrx_word' id='word_1_493' title='bbox 1709 3624 1768 3676; x_wconf 80' lang='grc' dir='ltr'><strong>τὸ</strong></span> <span class='ocrx_word' id='word_1_494' title='bbox 1819 3623 1944 3700; x_wconf 78' lang='grc' dir='ltr'>ὅρος</span> 
     </span>
    </p>
   </div>
   <div class='ocr_carea' id='block_1_70' title="bbox 367 3706 1943 3786">
    <p class='ocr_par' dir='ltr' id='par_1_70' title="bbox 367 3706 1943 3786">
     <span class='ocr_line' id='line_1_70' title="bbox 367 3706 1943 3786; baseline 0.005 -26"><span class='ocrx_word' id='word_1_495' title='bbox 367 3706 610 3778; x_wconf 77' lang='grc' dir='ltr'>Κυρίου,</span> <span class='ocrx_word' id='word_1_496' title='bbox 645 3709 860 3780; x_wconf 76' lang='grc' dir='ltr'>ἕτοιμον</span> <span class='ocrx_word' id='word_1_497' title='bbox 906 3711 998 3764; x_wconf 80' lang='grc' dir='ltr'><strong>ἐπὶ</strong></span> <span class='ocrx_word' id='word_1_498' title='bbox 1039 3712 1137 3776; x_wconf 75' lang='grc' dir='ltr'><strong>τὰς</strong></span> <span class='ocrx_word' id='word_1_499' title='bbox 1181 3714 1420 3785; x_wconf 70' lang='grc' dir='ltr'>κορυφὰς</span> <span class='ocrx_word' id='word_1_500' title='bbox 1463 3715 1570 3768; x_wconf 84' lang='grc' dir='ltr'><strong>τῶν</strong></span> <span class='ocrx_word' id='word_1_501' title='bbox 1607 3715 1804 3786; x_wconf 82' lang='grc' dir='ltr'>ὀρέων·</span> <span class='ocrx_word' id='word_1_502' title='bbox 1850 3717 1943 3770; x_wconf 80' lang='grc' dir='ltr'><strong>καὶ</strong></span> 
     </span>
    </p>
   </div>
   <div class='ocr_carea' id='block_1_71' title="bbox 372 3802 1940 3875">
    <p class='ocr_par' dir='ltr' id='par_1_71' title="bbox 372 3802 1940 3875">
     <span class='ocr_line' id='line_1_71' title="bbox 372 3802 1940 3875; baseline 0.004 -22"><span class='ocrx_word' id='word_1_503' title='bbox 372 3802 866 3875; x_wconf 82' lang='grc' dir='ltr'>μετεωρισθήσεται</span> <span class='ocrx_word' id='word_1_504' title='bbox 893 3805 1144 3875; x_wconf 85' lang='grc' dir='ltr'>ὑπεράνω</span> <span class='ocrx_word' id='word_1_505' title='bbox 1169 3806 1275 3858; x_wconf 87' lang='grc' dir='ltr'><strong>τῶν</strong></span> <span class='ocrx_word' id='word_1_506' title='bbox 1304 3806 1526 3875; x_wconf 87' lang='grc' dir='ltr'>βουνῶν,</span> <span class='ocrx_word' id='word_1_507' title='bbox 1557 3808 1649 3860; x_wconf 80' lang='grc' dir='ltr'><strong>καὶ</strong></span> <span class='ocrx_word' id='word_1_508' title='bbox 1676 3805 1940 3860; x_wconf 87' lang='grc' dir='ltr'>σπεύσου-</span> 
     </span>
    </p>
   </div>
   <div class='ocr_carea' id='block_1_72' title="bbox 373 3895 1941 3969">
    <p class='ocr_par' dir='ltr' id='par_1_72' title="bbox 373 3895 1941 3969">
     <span class='ocr_line' id='line_1_72' title="bbox 373 3895 1941 3969; baseline 0.004 -23"><span class='ocrx_word' id='word_1_509' title='bbox 373 3912 455 3947; x_wconf 86' lang='grc' dir='ltr'><strong>σιν</strong></span> <span class='ocrx_word' id='word_1_510' title='bbox 497 3897 584 3948; x_wconf 79' lang='grc' dir='ltr'>ἐπ’</span> <span class='ocrx_word' id='word_1_511' title='bbox 613 3896 744 3949; x_wconf 77' lang='grc' dir='ltr'>αὐτὸ</span> <span class='ocrx_word' id='word_1_512' title='bbox 787 3895 924 3960; x_wconf 76' lang='grc' dir='ltr'>λαοὶ,</span> <span class='ocrx_word' id='word_1_513' title='bbox 953 3899 1046 3951; x_wconf 73' lang='grc' dir='ltr'><strong>καὶ</strong></span> <span class='ocrx_word' id='word_1_514' title='bbox 1083 3898 1437 3969; x_wconf 83' lang='grc' dir='ltr'>πορεύσονται</span> <span class='ocrx_word' id='word_1_515' title='bbox 1465 3899 1592 3969; x_wconf 77' lang='grc' dir='ltr'>ἔθνη</span> <span class='ocrx_word' id='word_1_516' title='bbox 1623 3899 1812 3963; x_wconf 83' lang='grc' dir='ltr'>πολλὰ,</span> <span class='ocrx_word' id='word_1_517' title='bbox 1848 3900 1941 3953; x_wconf 74' lang='grc' dir='ltr'><strong>καὶ</strong></span> 
     </span>
    </p>
   </div>
   <div class='ocr_carea' id='block_1_73' title="bbox 371 3987 1936 4064">
    <p class='ocr_par' dir='ltr' id='par_1_73' title="bbox 371 3987 1936 4064">
     <span class='ocr_line' id='line_1_73' title="bbox 371 3987 1936 4064; baseline 0.003 -24"><span class='ocrx_word' id='word_1_518' title='bbox 371 3987 555 4059; x_wconf 79' lang='grc' dir='ltr'>ἐροῦσι</span> <span class='ocrx_word' id='word_1_519' title='bbox 581 4005 594 4018; x_wconf 73' lang='grc' dir='ltr'><strong>ο</strong></span> <span class='ocrx_word' id='word_1_520' title='bbox 643 3987 838 4054; x_wconf 84' lang='grc' dir='ltr'>Δεῦτε,</span> <span class='ocrx_word' id='word_1_521' title='bbox 879 3990 972 4044; x_wconf 69' lang='grc' dir='ltr'><strong>καὶ</strong></span> <span class='ocrx_word' id='word_1_522' title='bbox 1005 3989 1292 4060; x_wconf 75' lang='grc' dir='ltr'>ἀναδῶμεν</span> <span class='ocrx_word' id='word_1_523' title='bbox 1340 3993 1419 4055; x_wconf 86' lang='grc' dir='ltr'><strong>εἰς</strong></span> <span class='ocrx_word' id='word_1_524' title='bbox 1460 3991 1519 4044; x_wconf 82' lang='grc' dir='ltr'>τὸ</span> <span class='ocrx_word' id='word_1_525' title='bbox 1556 3991 1680 4064; x_wconf 74' lang='grc' dir='ltr'>ὅρος</span> <span class='ocrx_word' id='word_1_526' title='bbox 1712 3993 1936 4064; x_wconf 79' lang='grc' dir='ltr'>Κυρίου,</span> 
     </span>
    </p>
   </div>
   <div class='ocr_carea' id='block_1_74' title="bbox 370 4078 1938 4149">
    <p class='ocr_par' dir='ltr' id='par_1_74' title="bbox 370 4078 1938 4149">
     <span class='ocr_line' id='line_1_74' title="bbox 370 4078 1938 4149; baseline 0.001 -15"><span class='ocrx_word' id='word_1_527' title='bbox 370 4084 462 4135; x_wconf 70' lang='grc' dir='ltr'>καὶ</span> <span class='ocrx_word' id='word_1_528' title='bbox 512 4084 591 4146; x_wconf 82' lang='grc' dir='ltr'>είς</span> <span class='ocrx_word' id='word_1_529' title='bbox 642 4083 732 4135; x_wconf 80' lang='grc' dir='ltr'><strong>τὸν</strong></span> <span class='ocrx_word' id='word_1_530' title='bbox 776 4078 922 4136; x_wconf 80' lang='grc' dir='ltr'>οἷκον</span> <span class='ocrx_word' id='word_1_531' title='bbox 974 4083 1068 4136; x_wconf 86' lang='grc' dir='ltr'><strong>τοῦ</strong></span> <span class='ocrx_word' id='word_1_532' title='bbox 1099 4081 1233 4136; x_wconf 78' lang='grc' dir='ltr'>Θεοῦ</span> <span class='ocrx_word' id='word_1_533' title='bbox 1271 4082 1482 4147; x_wconf 80' lang='grc' dir='ltr'>Ἰακὼϐ,</span> <span class='ocrx_word' id='word_1_534' title='bbox 1536 4085 1628 4136; x_wconf 75' lang='grc' dir='ltr'>καὶ</span> <span class='ocrx_word' id='word_1_535' title='bbox 1678 4084 1938 4149; x_wconf 84' lang='grc' dir='ltr'>δείξουσιν</span> 
     </span>
    </p>
   </div>
   <div class='ocr_carea' id='block_1_75' title="bbox 369 4175 1938 4250">
    <p class='ocr_par' dir='ltr' id='par_1_75' title="bbox 369 4175 1938 4250">
     <span class='ocr_line' id='line_1_75' title="bbox 369 4175 1938 4250; baseline 0.002 -22"><span class='ocrx_word' id='word_1_536' title='bbox 369 4179 502 4247; x_wconf 77' lang='grc' dir='ltr'>ἡμῖν</span> <span class='ocrx_word' id='word_1_537' title='bbox 532 4177 628 4248; x_wconf 81' lang='grc' dir='ltr'>τὴν</span> <span class='ocrx_word' id='word_1_538' title='bbox 666 4177 780 4230; x_wconf 79' lang='grc' dir='ltr'>ὁδὸν</span> <span class='ocrx_word' id='word_1_539' title='bbox 816 4175 1001 4241; x_wconf 73' lang='grc' dir='ltr'>αὑτοῦ,</span> <span class='ocrx_word' id='word_1_540' title='bbox 1044 4177 1138 4230; x_wconf 80' lang='grc' dir='ltr'>καὶ</span> <span class='ocrx_word' id='word_1_541' title='bbox 1171 4176 1545 4248; x_wconf 79' lang='grc' dir='ltr'>πορευσόμεθα</span> <span class='ocrx_word' id='word_1_542' title='bbox 1584 4179 1640 4230; x_wconf 86' lang='grc' dir='ltr'><strong>ἐν</strong></span> <span class='ocrx_word' id='word_1_543' title='bbox 1669 4181 1788 4242; x_wconf 83' lang='grc' dir='ltr'>ταῖς</span> <span class='ocrx_word' id='word_1_544' title='bbox 1821 4179 1938 4250; x_wconf 85' lang='grc' dir='ltr'>τρί-</span> 
     </span>
    </p>
   </div>
   <div class='ocr_carea' id='block_1_76' title="bbox 369 4269 1936 4342">
    <p class='ocr_par' dir='ltr' id='par_1_76' title="bbox 369 4269 1936 4342">
     <span class='ocr_line' id='line_1_76' title="bbox 369 4269 1936 4342; baseline 0.001 -19"><span class='ocrx_word' id='word_1_545' title='bbox 369 4270 486 4332; x_wconf 82' lang='grc' dir='ltr'>ϐοις</span> <span class='ocrx_word' id='word_1_546' title='bbox 517 4269 700 4334; x_wconf 82' lang='grc' dir='ltr'>αὐτοῦ,</span> <span class='ocrx_word' id='word_1_547' title='bbox 731 4271 811 4324; x_wconf 84' lang='grc' dir='ltr'>ὃτι</span> <span class='ocrx_word' id='word_1_548' title='bbox 847 4271 910 4322; x_wconf 79' lang='grc' dir='ltr'><strong>ἐκ</strong></span> <span class='ocrx_word' id='word_1_549' title='bbox 939 4269 1075 4323; x_wconf 88' lang='grc' dir='ltr'>Σιὼν</span> <span class='ocrx_word' id='word_1_550' title='bbox 1123 4269 1458 4336; x_wconf 81' lang='grc' dir='ltr'>ἐξελεύσεται</span> <span class='ocrx_word' id='word_1_551' title='bbox 1505 4270 1686 4342; x_wconf 88' lang='grc' dir='ltr'>νόμος,</span> <span class='ocrx_word' id='word_1_552' title='bbox 1723 4271 1814 4324; x_wconf 79' lang='grc' dir='ltr'><strong>καὶ</strong></span> <span class='ocrx_word' id='word_1_553' title='bbox 1846 4270 1936 4324; x_wconf 84' lang='grc' dir='ltr'><strong>λό-</strong></span> 
     </span>
    </p>
   </div>
   <div class='ocr_carea' id='block_1_77' title="bbox 368 4363 1237 4436">
    <p class='ocr_par' dir='ltr' id='par_1_77' title="bbox 368 4363 1237 4436">
     <span class='ocr_line' id='line_1_77' title="bbox 368 4363 1237 4436; baseline 0 -18"><span class='ocrx_word' id='word_1_554' title='bbox 368 4381 466 4431; x_wconf 85' lang='grc' dir='ltr'>γος</span> <span class='ocrx_word' id='word_1_555' title='bbox 496 4363 701 4436; x_wconf 87' lang='grc' dir='ltr'>Κυρίου</span> <span class='ocrx_word' id='word_1_556' title='bbox 731 4364 790 4431; x_wconf 80' lang='grc' dir='ltr'>ἐξ</span> <span class='ocrx_word' id='word_1_557' title='bbox 822 4363 1194 4435; x_wconf 83' lang='grc' dir='ltr'>Ἰερουσαλήμ.</span> <span class='ocrx_word' id='word_1_558' title='bbox 1219 4383 1237 4417; x_wconf 74' lang='grc' dir='ltr'><strong>ι</strong></span> 
     </span>
    </p>
   </div>
   <div class='ocr_carea' id='block_1_78' title="bbox 367 4477 1945 4548">
    <p class='ocr_par' dir='ltr' id='par_1_78' title="bbox 367 4477 1945 4548">
     <span class='ocr_line' id='line_1_78' title="bbox 367 4477 1945 4548; baseline 0.002 -19"><span class='ocrx_word' id='word_1_559' title='bbox 367 4477 504 4532; x_wconf 77' lang='lat' dir='ltr'><strong>KH’.</strong></span> <span class='ocrx_word' id='word_1_560' title='bbox 553 4477 682 4532; x_wconf 77' lang='grc' dir='ltr'><strong>Ἀπὸ</strong></span> <span class='ocrx_word' id='word_1_561' title='bbox 709 4478 813 4533; x_wconf 87' lang='grc' dir='ltr'><strong>τοῦ</strong></span> <span class='ocrx_word' id='word_1_562' title='bbox 843 4477 1498 4548; x_wconf 80' lang='grc' dir='ltr'><strong>Ζαχαρίου.--Δήλωσις</strong></span> <span class='ocrx_word' id='word_1_563' title='bbox 1531 4477 1663 4546; x_wconf 75' lang='grc' dir='ltr'>περὶ</span> <span class='ocrx_word' id='word_1_564' title='bbox 1689 4477 1945 4548; x_wconf 76' lang='grc' dir='ltr'>Χριστοῦ</span> 
     </span>
    </p>
   </div>
   <div class='ocr_carea' id='block_1_79' title="bbox 439 4547 1943 4618">
    <p class='ocr_par' dir='ltr' id='par_1_79' title="bbox 439 4547 1943 4618">
     <span class='ocr_line' id='line_1_79' title="bbox 439 4547 1943 4618; baseline 0.002 -19"><span class='ocrx_word' id='word_1_565' title='bbox 439 4551 792 4616; x_wconf 74' lang='grc' dir='ltr'>παρουσίας,</span> <span class='ocrx_word' id='word_1_566' title='bbox 839 4551 938 4603; x_wconf 81' lang='grc' dir='ltr'><strong>καὶ</strong></span> <span class='ocrx_word' id='word_1_567' title='bbox 982 4547 1091 4618; x_wconf 74' lang='grc' dir='ltr'><strong>τῆς</strong></span> <span class='ocrx_word' id='word_1_568' title='bbox 1112 4548 1231 4602; x_wconf 75' lang='grc' dir='ltr'>τῶν</span> <span class='ocrx_word' id='word_1_569' title='bbox 1272 4548 1572 4603; x_wconf 81' lang='grc' dir='ltr'>Ἰουδαίων</span> <span class='ocrx_word' id='word_1_570' title='bbox 1617 4547 1943 4618; x_wconf 66' lang='grc' dir='ltr'>πολεμικῆς</span> 
     </span>
    </p>
   </div>
   <div class='ocr_carea' id='block_1_80' title="bbox 439 4617 1940 4688">
    <p class='ocr_par' dir='ltr' id='par_1_80' title="bbox 439 4617 1940 4688">
     <span class='ocr_line' id='line_1_80' title="bbox 439 4617 1940 4688; baseline 0.003 -20"><span class='ocrx_word' id='word_1_571' title='bbox 439 4618 825 4688; x_wconf 73' lang='grc' dir='ltr'>παρασκευῆς</span> <span class='ocrx_word' id='word_1_572' title='bbox 885 4621 1158 4688; x_wconf 78' lang='grc' dir='ltr'>ὄλεθρος,</span> <span class='ocrx_word' id='word_1_573' title='bbox 1234 4618 1423 4672; x_wconf 72' lang='grc' dir='ltr'>ἐθνῶν</span> <span class='ocrx_word' id='word_1_574' title='bbox 1473 4635 1538 4688; x_wconf 81' lang='grc' dir='ltr'><strong>τε</strong></span> <span class='ocrx_word' id='word_1_575' title='bbox 1578 4617 1784 4688; x_wconf 74' lang='grc' dir='ltr'>εἰρήνῃ</span> <span class='ocrx_word' id='word_1_576' title='bbox 1842 4619 1940 4672; x_wconf 79' lang='grc' dir='ltr'><strong>καὶ</strong></span> 
     </span>
    </p>
   </div>
   <div class='ocr_carea' id='block_1_81' title="bbox 435 4687 1936 4760">
    <p class='ocr_par' dir='ltr' id='par_1_81' title="bbox 435 4687 1936 4760">
     <span class='ocr_line' id='line_1_81' title="bbox 435 4687 1936 4760; baseline 0.001 -20"><span class='ocrx_word' id='word_1_577' title='bbox 435 4687 721 4760; x_wconf 67' lang='grc' dir='ltr'>βασιλεία</span> <span class='ocrx_word' id='word_1_578' title='bbox 749 4691 970 4759; x_wconf 77' lang='grc' dir='ltr'>Κυρίου</span> <span class='ocrx_word' id='word_1_579' title='bbox 1011 4689 1187 4760; x_wconf 81' lang='grc' dir='ltr'>μέχρι</span> <span class='ocrx_word' id='word_1_580' title='bbox 1228 4688 1346 4742; x_wconf 80' lang='grc' dir='ltr'>τῶν</span> <span class='ocrx_word' id='word_1_581' title='bbox 1391 4687 1661 4757; x_wconf 81' lang='grc' dir='ltr'>περάτων</span> <span class='ocrx_word' id='word_1_582' title='bbox 1700 4687 1810 4756; x_wconf 82' lang='grc' dir='ltr'><strong>τῆς</strong></span> <span class='ocrx_word' id='word_1_583' title='bbox 1851 4692 1936 4743; x_wconf 85' lang='grc' dir='ltr'><strong>οὶ-</strong></span> 
     </span>
    </p>
   </div>
   <div class='ocr_carea' id='block_1_82' title="bbox 439 4759 752 4828">
    <p class='ocr_par' dir='ltr' id='par_1_82' title="bbox 439 4759 752 4828">
     <span class='ocr_line' id='line_1_82' title="bbox 439 4759 752 4828; baseline 0.006 -16"><span class='ocrx_word' id='word_1_584' title='bbox 439 4759 752 4828; x_wconf 68' lang='grc' dir='ltr'>κινυμένης.</span> 
     </span>
    </p>
   </div>
   <div class='ocr_carea' id='block_1_83' title="bbox 445 4851 1933 4925">
    <p class='ocr_par' dir='ltr' id='par_1_83' title="bbox 445 4851 1933 4925">
     <span class='ocr_line' id='line_1_83' title="bbox 445 4851 1933 4925; baseline 0.002 -24"><span class='ocrx_word' id='word_1_585' title='bbox 445 4872 462 4901; x_wconf 78' lang='grc' dir='ltr'><strong>ι</strong></span> <span class='ocrx_word' id='word_1_586' title='bbox 491 4854 658 4924; x_wconf 83' lang='grc' dir='ltr'>Χαῖρε</span> <span class='ocrx_word' id='word_1_587' title='bbox 693 4853 914 4925; x_wconf 81' lang='grc' dir='ltr'>σφόδρα,</span> <span class='ocrx_word' id='word_1_588' title='bbox 949 4851 1184 4924; x_wconf 82' lang='grc' dir='ltr'>θύγατερ</span> <span class='ocrx_word' id='word_1_589' title='bbox 1217 4852 1374 4915; x_wconf 85' lang='grc' dir='ltr'>Σιὼν,</span> <span class='ocrx_word' id='word_1_590' title='bbox 1403 4853 1666 4923; x_wconf 82' lang='grc' dir='ltr'>κήρυσσε,</span> <span class='ocrx_word' id='word_1_591' title='bbox 1697 4852 1933 4924; x_wconf 87' lang='grc' dir='ltr'>θύγατερ</span> 
     </span>
    </p>
   </div>
   <div class='ocr_carea' id='block_1_84' title="bbox 376 4943 1937 5017">
    <p class='ocr_par' dir='ltr' id='par_1_84' title="bbox 376 4943 1937 5017">
     <span class='ocr_line' id='line_1_84' title="bbox 376 4943 1937 5017; baseline -0.001 -18"><span class='ocrx_word' id='word_1_592' title='bbox 376 4946 760 5017; x_wconf 76' lang='grc' dir='ltr'>Ἰερουσαλήμο</span> <span class='ocrx_word' id='word_1_593' title='bbox 789 4946 898 5000; x_wconf 74' lang='grc' dir='ltr'>ἰδοὺ</span> <span class='ocrx_word' id='word_1_594' title='bbox 931 4948 960 4998; x_wconf 86' lang='grc' dir='ltr'><strong>ὁ</strong></span> <span class='ocrx_word' id='word_1_595' title='bbox 986 4944 1234 5015; x_wconf 81' lang='grc' dir='ltr'>βασιλεύς</span> <span class='ocrx_word' id='word_1_596' title='bbox 1258 4961 1349 4997; x_wconf 91' lang='grc' dir='ltr'><strong>σου</strong></span> <span class='ocrx_word' id='word_1_597' title='bbox 1378 4943 1591 5015; x_wconf 76' lang='grc' dir='ltr'>ἔρχεταί</span> <span class='ocrx_word' id='word_1_598' title='bbox 1622 4961 1702 4998; x_wconf 88' lang='grc' dir='ltr'><strong>σοι</strong></span> <span class='ocrx_word' id='word_1_599' title='bbox 1731 4944 1937 5008; x_wconf 82' lang='grc' dir='ltr'>δίκαιος</span> 
     </span>
    </p>
   </div>
   <div class='ocr_carea' id='block_1_85' title="bbox 365 5033 1934 5107">
    <p class='ocr_par' dir='ltr' id='par_1_85' title="bbox 365 5033 1934 5107">
     <span class='ocr_line' id='line_1_85' title="bbox 365 5033 1934 5107; baseline -0.001 -17"><span class='ocrx_word' id='word_1_600' title='bbox 365 5037 462 5090; x_wconf 77' lang='grc' dir='ltr'>καὶ</span> <span class='ocrx_word' id='word_1_601' title='bbox 498 5034 702 5102; x_wconf 81' lang='grc' dir='ltr'>σώζων,</span> <span class='ocrx_word' id='word_1_602' title='bbox 737 5037 897 5100; x_wconf 69' lang='grc' dir='ltr'>αὐτὸς</span> <span class='ocrx_word' id='word_1_603' title='bbox 941 5037 1130 5107; x_wconf 78' lang='grc' dir='ltr'>πρᾶος,</span> <span class='ocrx_word' id='word_1_604' title='bbox 1170 5037 1264 5090; x_wconf 73' lang='grc' dir='ltr'><strong>καὶ</strong></span> <span class='ocrx_word' id='word_1_605' title='bbox 1301 5033 1644 5107; x_wconf 83' lang='grc' dir='ltr'>ἐπιϐεϐηκὼς</span> <span class='ocrx_word' id='word_1_606' title='bbox 1673 5036 1762 5088; x_wconf 81' lang='grc' dir='ltr'><strong>ἐπὶ</strong></span> <span class='ocrx_word' id='word_1_607' title='bbox 1802 5036 1934 5090; x_wconf 78' lang='grc' dir='ltr'>ὑπο-</span> 
     </span>
    </p>
   </div>
   <div class='ocr_carea' id='block_1_86' title="bbox 367 5127 1937 5200">
    <p class='ocr_par' dir='ltr' id='par_1_86' title="bbox 367 5127 1937 5200">
     <span class='ocr_line' id='line_1_86' title="bbox 367 5127 1937 5200; baseline 0 -20"><span class='ocrx_word' id='word_1_608' title='bbox 367 5128 574 5196; x_wconf 77' lang='grc' dir='ltr'>ζύγιον,</span> <span class='ocrx_word' id='word_1_609' title='bbox 603 5129 694 5182; x_wconf 75' lang='grc' dir='ltr'><strong>καὶ</strong></span> <span class='ocrx_word' id='word_1_610' title='bbox 729 5129 904 5183; x_wconf 83' lang='grc' dir='ltr'>πῶλον</span> <span class='ocrx_word' id='word_1_611' title='bbox 937 5128 1073 5192; x_wconf 88' lang='grc' dir='ltr'>νέον,</span> <span class='ocrx_word' id='word_1_612' title='bbox 1106 5131 1198 5183; x_wconf 76' lang='grc' dir='ltr'><strong>καὶ</strong></span> <span class='ocrx_word' id='word_1_613' title='bbox 1228 5127 1594 5200; x_wconf 82' lang='grc' dir='ltr'>ἐξολοθρεύσει</span> <span class='ocrx_word' id='word_1_614' title='bbox 1627 5127 1847 5198; x_wconf 78' lang='grc' dir='ltr'>ἅρματα</span> <span class='ocrx_word' id='word_1_615' title='bbox 1872 5127 1937 5192; x_wconf 76' lang='grc' dir='ltr'>ἐξ</span> 
     </span>
    </p>
   </div>
   <div class='ocr_carea' id='block_1_87' title="bbox 380 5217 1932 5292">
    <p class='ocr_par' dir='ltr' id='par_1_87' title="bbox 380 5217 1932 5292">
     <span class='ocr_line' id='line_1_87' title="bbox 380 5217 1932 5292; baseline -0.001 -19"><span class='ocrx_word' id='word_1_616' title='bbox 380 5219 641 5291; x_wconf 79' lang='grc' dir='ltr'>Ἐφραῖμ,</span> <span class='ocrx_word' id='word_1_617' title='bbox 673 5223 764 5274; x_wconf 78' lang='grc' dir='ltr'>καὶ</span> <span class='ocrx_word' id='word_1_618' title='bbox 795 5222 958 5274; x_wconf 81' lang='grc' dir='ltr'>ἵππον</span> <span class='ocrx_word' id='word_1_619' title='bbox 988 5221 1045 5287; x_wconf 81' lang='grc' dir='ltr'>ἐξ</span> <span class='ocrx_word' id='word_1_620' title='bbox 1079 5221 1462 5292; x_wconf 81' lang='grc' dir='ltr'>Ἰερουσαλήμ·</span> <span class='ocrx_word' id='word_1_621' title='bbox 1500 5221 1591 5274; x_wconf 80' lang='grc' dir='ltr'>καὶ</span> <span class='ocrx_word' id='word_1_622' title='bbox 1621 5217 1932 5291; x_wconf 76' lang='grc' dir='ltr'>ἐξολοθρεύ-</span> 
     </span>
    </p>
   </div>
   <div class='ocr_carea' id='block_1_88' title="bbox 365 5313 1927 5388">
    <p class='ocr_par' dir='ltr' id='par_1_88' title="bbox 365 5313 1927 5388">
     <span class='ocr_line' id='line_1_88' title="bbox 365 5313 1927 5388; baseline -0.003 -19"><span class='ocrx_word' id='word_1_623' title='bbox 365 5333 452 5370; x_wconf 87' lang='grc' dir='ltr'><strong>σει</strong></span> <span class='ocrx_word' id='word_1_624' title='bbox 488 5315 638 5380; x_wconf 77' lang='grc' dir='ltr'>τόξον</span> <span class='ocrx_word' id='word_1_625' title='bbox 671 5316 984 5386; x_wconf 78' lang='grc' dir='ltr'>πολεμικὸν,</span> <span class='ocrx_word' id='word_1_626' title='bbox 1019 5317 1112 5368; x_wconf 76' lang='grc' dir='ltr'>καὶ</span> <span class='ocrx_word' id='word_1_627' title='bbox 1143 5315 1344 5384; x_wconf 86' lang='grc' dir='ltr'>πλῆθος</span> <span class='ocrx_word' id='word_1_628' title='bbox 1379 5316 1603 5388; x_wconf 71' lang='grc' dir='ltr'>εἰρήνης</span> <span class='ocrx_word' id='word_1_629' title='bbox 1644 5313 1702 5378; x_wconf 78' lang='grc' dir='ltr'>ἐξ</span> <span class='ocrx_word' id='word_1_630' title='bbox 1726 5313 1927 5368; x_wconf 81' lang='grc' dir='ltr'>ἐθνῶν·</span> 
     </span>
    </p>
   </div>
   <div class='ocr_carea' id='block_1_89' title="bbox 363 5405 1932 5480">
    <p class='ocr_par' dir='ltr' id='par_1_89' title="bbox 363 5405 1932 5480">
     <span class='ocr_line' id='line_1_89' title="bbox 363 5405 1932 5480; baseline -0.001 -20"><span class='ocrx_word' id='word_1_631' title='bbox 363 5410 459 5462; x_wconf 73' lang='grc' dir='ltr'><strong>καὶ</strong></span> <span class='ocrx_word' id='word_1_632' title='bbox 501 5409 754 5480; x_wconf 71' lang='grc' dir='ltr'>κατάρξει</span> <span class='ocrx_word' id='word_1_633' title='bbox 787 5408 896 5461; x_wconf 79' lang='grc' dir='ltr'>ἀπὸ</span> <span class='ocrx_word' id='word_1_634' title='bbox 924 5407 1195 5478; x_wconf 75' lang='grc' dir='ltr'>θαλάσσης</span> <span class='ocrx_word' id='word_1_635' title='bbox 1227 5407 1331 5474; x_wconf 79' lang='grc' dir='ltr'><strong>ἓως</strong></span> <span class='ocrx_word' id='word_1_636' title='bbox 1374 5407 1666 5480; x_wconf 81' lang='grc' dir='ltr'>θαλάσσης,</span> <span class='ocrx_word' id='word_1_637' title='bbox 1697 5407 1792 5460; x_wconf 70' lang='grc' dir='ltr'><strong>καὶ</strong></span> <span class='ocrx_word' id='word_1_638' title='bbox 1824 5405 1932 5462; x_wconf 79' lang='grc' dir='ltr'><strong>ἀπὸ</strong></span> 
     </span>
    </p>
   </div>
   <div class='ocr_carea' id='block_1_90' title="bbox 361 5500 1219 5572">
    <p class='ocr_par' dir='ltr' id='par_1_90' title="bbox 361 5500 1219 5572">
     <span class='ocr_line' id='line_1_90' title="bbox 361 5500 1219 5572; baseline -0.002 -18"><span class='ocrx_word' id='word_1_639' title='bbox 361 5501 626 5572; x_wconf 73' lang='grc' dir='ltr'>ποταμῶν</span> <span class='ocrx_word' id='word_1_640' title='bbox 663 5502 730 5555; x_wconf 78' lang='grc' dir='ltr'>δι’</span> <span class='ocrx_word' id='word_1_641' title='bbox 759 5500 994 5554; x_wconf 80' lang='grc' dir='ltr'>ἐκϐολῶν</span> <span class='ocrx_word' id='word_1_642' title='bbox 1025 5500 1146 5572; x_wconf 78' lang='grc' dir='ltr'>γῆς.</span> <span class='ocrx_word' id='word_1_643' title='bbox 1199 5519 1219 5552; x_wconf 73' lang='grc' dir='ltr'><strong>ι</strong></span> 
     </span>
    </p>
   </div>
   <div class='ocr_carea' id='block_1_91' title="bbox 2046 3152 3614 3234">
    <p class='ocr_par' dir='ltr' id='par_1_91' title="bbox 2046 3152 3614 3234">
     <span class='ocr_line' id='line_1_91' title="bbox 2046 3152 3614 3234; baseline -0.011 -13"><span class='ocrx_word' id='word_1_644' title='bbox 2046 3175 2204 3230; x_wconf 85' lang='lat' dir='ltr'><strong>runt,</strong></span> <span class='ocrx_word' id='word_1_645' title='bbox 2239 3174 2293 3220; x_wconf 88' lang='lat' dir='ltr'><strong>et</strong></span> <span class='ocrx_word' id='word_1_646' title='bbox 2320 3163 2594 3234; x_wconf 68' lang='lat' dir='ltr'><strong>prophetae</strong></span> <span class='ocrx_word' id='word_1_647' title='bbox 2634 3161 2754 3230; x_wconf 84' lang='lat' dir='ltr'><strong>ejus</strong></span> <span class='ocrx_word' id='word_1_648' title='bbox 2786 3174 2910 3214; x_wconf 90' lang='lat' dir='ltr'><strong>cum</strong></span> <span class='ocrx_word' id='word_1_649' title='bbox 2943 3163 3167 3226; x_wconf 85' lang='lat' dir='ltr'><strong>argento</strong></span> <span class='ocrx_word' id='word_1_650' title='bbox 3199 3152 3534 3214; x_wconf 88' lang='lat' dir='ltr'><strong>divinarunt,</strong></span> <span class='ocrx_word' id='word_1_651' title='bbox 3559 3157 3614 3204; x_wconf 84' lang='lat' dir='ltr'><strong>et</strong></span> 
     </span>
    </p>
   </div>
   <div class='ocr_carea' id='block_1_92' title="bbox 2047 3241 3614 3328">
    <p class='ocr_par' dir='ltr' id='par_1_92' title="bbox 2047 3241 3614 3328">
     <span class='ocr_line' id='line_1_92' title="bbox 2047 3241 3614 3328; baseline -0.013 -13"><span class='ocrx_word' id='word_1_652' title='bbox 2047 3272 2210 3328; x_wconf 89' lang='lat' dir='ltr'><strong>super</strong></span> <span class='ocrx_word' id='word_1_653' title='bbox 2242 3255 2527 3309; x_wconf 89' lang='lat' dir='ltr'><strong>Dominum</strong></span> <span class='ocrx_word' id='word_1_654' title='bbox 2552 3254 2952 3323; x_wconf 88' lang='lat' dir='ltr'><strong>requieverunt,</strong></span> <span class='ocrx_word' id='word_1_655' title='bbox 2982 3247 3226 3302; x_wconf 84' lang='lat' dir='ltr'><strong>dicentes</strong></span> <span class='ocrx_word' id='word_1_656' title='bbox 3254 3263 3267 3298; x_wconf 89' lang='lat'><strong>:</strong></span> <span class='ocrx_word' id='word_1_657' title='bbox 3301 3243 3489 3298; x_wconf 83' lang='lat' dir='ltr'><strong>Nonne</strong></span> <span class='ocrx_word' id='word_1_658' title='bbox 3507 3241 3614 3296; x_wconf 84' lang='lat' dir='ltr'><strong>Do-</strong></span> 
     </span>
    </p>
   </div>
   <div class='ocr_carea' id='block_1_93' title="bbox 2043 3335 3623 3408">
    <p class='ocr_par' dir='ltr' id='par_1_93' title="bbox 2043 3335 3623 3408">
     <span class='ocr_line' id='line_1_93' title="bbox 2043 3335 3623 3408; baseline -0.009 -4"><span class='ocrx_word' id='word_1_659' title='bbox 2043 3351 2226 3406; x_wconf 88' lang='lat' dir='ltr'><strong>minus</strong></span> <span class='ocrx_word' id='word_1_660' title='bbox 2252 3348 2535 3403; x_wconf 89' lang='lat' dir='ltr'><strong>nobiscum</strong></span> <span class='ocrx_word' id='word_1_661' title='bbox 2571 3345 2690 3402; x_wconf 86' lang='lat' dir='ltr'><strong>est?</strong></span> <span class='ocrx_word' id='word_1_662' title='bbox 2721 3360 2828 3399; x_wconf 91' lang='lat' dir='ltr'><strong>non</strong></span> <span class='ocrx_word' id='word_1_663' title='bbox 2862 3341 3078 3396; x_wconf 76' lang='lat' dir='ltr'><strong>venient</strong></span> <span class='ocrx_word' id='word_1_664' title='bbox 3123 3353 3286 3408; x_wconf 85' lang='lat' dir='ltr'><strong>super</strong></span> <span class='ocrx_word' id='word_1_665' title='bbox 3317 3351 3418 3392; x_wconf 90' lang='lat' dir='ltr'><strong>nos</strong></span> <span class='ocrx_word' id='word_1_666' title='bbox 3447 3335 3623 3390; x_wconf 48' lang='lat' dir='ltr'><strong>mala;</strong></span> 
     </span>
    </p>
   </div>
   <div class='ocr_carea' id='block_1_94' title="bbox 2045 3429 3615 3511">
    <p class='ocr_par' dir='ltr' id='par_1_94' title="bbox 2045 3429 3615 3511">
     <span class='ocr_line' id='line_1_94' title="bbox 2045 3429 3615 3511; baseline -0.009 -17"><span class='ocrx_word' id='word_1_667' title='bbox 2045 3439 2250 3496; x_wconf 84' lang='lat' dir='ltr'><strong>Idcirco</strong></span> <span class='ocrx_word' id='word_1_668' title='bbox 2288 3449 2506 3511; x_wconf 86' lang='lat' dir='ltr'><strong>propter</strong></span> <span class='ocrx_word' id='word_1_669' title='bbox 2535 3453 2652 3502; x_wconf 90' lang='lat' dir='ltr'><strong>vos,</strong></span> <span class='ocrx_word' id='word_1_670' title='bbox 2685 3436 2814 3492; x_wconf 89' lang='lat' dir='ltr'><strong>Sion</strong></span> <span class='ocrx_word' id='word_1_671' title='bbox 2848 3433 3001 3504; x_wconf 87' lang='lat' dir='ltr'><strong>quasi</strong></span> <span class='ocrx_word' id='word_1_672' title='bbox 3056 3447 3182 3502; x_wconf 84' lang='lat' dir='ltr'><strong>ager</strong></span> <span class='ocrx_word' id='word_1_673' title='bbox 3227 3429 3502 3491; x_wconf 88' lang='lat' dir='ltr'><strong>arabitur,</strong></span> <span class='ocrx_word' id='word_1_674' title='bbox 3557 3435 3615 3482; x_wconf 88' lang='lat' dir='ltr'><strong>et</strong></span> 
     </span>
    </p>
   </div>
   <div class='ocr_carea' id='block_1_95' title="bbox 2044 3524 3614 3602">
    <p class='ocr_par' dir='ltr' id='par_1_95' title="bbox 2044 3524 3614 3602">
     <span class='ocr_line' id='line_1_95' title="bbox 2044 3524 3614 3602; baseline -0.008 -14"><span class='ocrx_word' id='word_1_675' title='bbox 2044 3533 2339 3590; x_wconf 85' lang='lat' dir='ltr'><strong>Jerusalem</strong></span> <span class='ocrx_word' id='word_1_676' title='bbox 2389 3532 2544 3602; x_wconf 89' lang='lat' dir='ltr'><strong>quasi</strong></span> <span class='ocrx_word' id='word_1_677' title='bbox 2591 3543 2872 3601; x_wconf 90' lang='lat' dir='ltr'><strong>pomorum</strong></span> <span class='ocrx_word' id='word_1_678' title='bbox 2922 3527 3168 3582; x_wconf 85' lang='lat' dir='ltr'><strong>custodia</strong></span> <span class='ocrx_word' id='word_1_679' title='bbox 3193 3524 3331 3588; x_wconf 86' lang='lat' dir='ltr'><strong>erit,</strong></span> <span class='ocrx_word' id='word_1_680' title='bbox 3369 3529 3422 3576; x_wconf 89' lang='lat' dir='ltr'><strong>et</strong></span> <span class='ocrx_word' id='word_1_681' title='bbox 3455 3535 3614 3575; x_wconf 83' lang='lat' dir='ltr'><strong>mons</strong></span> 
     </span>
    </p>
   </div>
   <div class='ocr_carea' id='block_1_96' title="bbox 2043 3613 3612 3682">
    <p class='ocr_par' dir='ltr' id='par_1_96' title="bbox 2043 3613 3612 3682">
     <span class='ocr_line' id='line_1_96' title="bbox 2043 3613 3612 3682; baseline -0.01 0"><span class='ocrx_word' id='word_1_682' title='bbox 2043 3627 2238 3682; x_wconf 91' lang='lat' dir='ltr'><strong>domus</strong></span> <span class='ocrx_word' id='word_1_683' title='bbox 2272 3622 2366 3679; x_wconf 90' lang='lat' dir='ltr'><strong>Dei</strong></span> <span class='ocrx_word' id='word_1_684' title='bbox 2401 3624 2454 3677; x_wconf 92' lang='lat' dir='ltr'><strong>in</strong></span> <span class='ocrx_word' id='word_1_685' title='bbox 2484 3637 2677 3677; x_wconf 89' lang='lat' dir='ltr'><strong>nemus</strong></span> <span class='ocrx_word' id='word_1_686' title='bbox 2724 3621 2892 3675; x_wconf 61' lang='lat' dir='ltr'><strong>silvas.</strong></span> <span class='ocrx_word' id='word_1_687' title='bbox 2947 3621 3008 3672; x_wconf 84' lang='lat' dir='ltr'><strong>Et</strong></span> <span class='ocrx_word' id='word_1_688' title='bbox 3054 3619 3158 3672; x_wconf 89' lang='lat' dir='ltr'><strong>erit</strong></span> <span class='ocrx_word' id='word_1_689' title='bbox 3204 3617 3259 3670; x_wconf 92' lang='lat' dir='ltr'><strong>in</strong></span> <span class='ocrx_word' id='word_1_690' title='bbox 3313 3613 3612 3669; x_wconf 87' lang='lat' dir='ltr'><strong>novissimo</strong></span> 
     </span>
    </p>
   </div>
   <div class='ocr_carea' id='block_1_97' title="bbox 2043 3705 3612 3784">
    <p class='ocr_par' dir='ltr' id='par_1_97' title="bbox 2043 3705 3612 3784">
     <span class='ocr_line' id='line_1_97' title="bbox 2043 3705 3612 3784; baseline -0.011 -9"><span class='ocrx_word' id='word_1_691' title='bbox 2043 3720 2286 3784; x_wconf 89' lang='lat' dir='ltr'><strong>dierum,</strong></span> <span class='ocrx_word' id='word_1_692' title='bbox 2341 3715 2662 3771; x_wconf 78' lang='lat' dir='ltr'><strong>manifestus</strong></span> <span class='ocrx_word' id='word_1_693' title='bbox 2713 3728 2870 3767; x_wconf 86' lang='lat' dir='ltr'><strong>mons</strong></span> <span class='ocrx_word' id='word_1_694' title='bbox 2918 3709 3152 3772; x_wconf 89' lang='lat' dir='ltr'><strong>Domini,</strong></span> <span class='ocrx_word' id='word_1_695' title='bbox 3189 3705 3407 3778; x_wconf 83' lang='lat' dir='ltr'><strong>paratus</strong></span> <span class='ocrx_word' id='word_1_696' title='bbox 3447 3720 3612 3774; x_wconf 86' lang='lat' dir='ltr'><strong>super</strong></span> 
     </span>
    </p>
   </div>
   <div class='ocr_carea' id='block_1_98' title="bbox 2042 3794 3610 3870">
    <p class='ocr_par' dir='ltr' id='par_1_98' title="bbox 2042 3794 3610 3870">
     <span class='ocr_line' id='line_1_98' title="bbox 2042 3794 3610 3870; baseline -0.011 -3"><span class='ocrx_word' id='word_1_697' title='bbox 2042 3813 2272 3867; x_wconf 87' lang='lat' dir='ltr'><strong>vertices</strong></span> <span class='ocrx_word' id='word_1_698' title='bbox 2309 3808 2594 3870; x_wconf 90' lang='lat' dir='ltr'><strong>montium,</strong></span> <span class='ocrx_word' id='word_1_699' title='bbox 2619 3814 2672 3861; x_wconf 90' lang='lat' dir='ltr'><strong>et</strong></span> <span class='ocrx_word' id='word_1_700' title='bbox 2698 3803 2984 3860; x_wconf 80' lang='lat' dir='ltr'><strong>extolletur</strong></span> <span class='ocrx_word' id='word_1_701' title='bbox 3016 3815 3178 3870; x_wconf 89' lang='lat' dir='ltr'><strong>super</strong></span> <span class='ocrx_word' id='word_1_702' title='bbox 3212 3799 3412 3860; x_wconf 87' lang='lat' dir='ltr'><strong>colles,</strong></span> <span class='ocrx_word' id='word_1_703' title='bbox 3443 3806 3496 3850; x_wconf 90' lang='lat' dir='ltr'><strong>et</strong></span> <span class='ocrx_word' id='word_1_704' title='bbox 3531 3794 3610 3850; x_wconf 81' lang='lat' dir='ltr'><strong>ie-</strong></span> 
     </span>
    </p>
   </div>
   <div class='ocr_carea' id='block_1_99' title="bbox 2048 3887 3610 3966">
    <p class='ocr_par' dir='ltr' id='par_1_99' title="bbox 2048 3887 3610 3966">
     <span class='ocr_line' id='line_1_99' title="bbox 2048 3887 3610 3966; baseline -0.012 -10"><span class='ocrx_word' id='word_1_705' title='bbox 2048 3901 2325 3956; x_wconf 88' lang='lat' dir='ltr'><strong>stinabunt</strong></span> <span class='ocrx_word' id='word_1_706' title='bbox 2354 3899 2419 3952; x_wconf 89' lang='lat' dir='ltr'><strong>ad</strong></span> <span class='ocrx_word' id='word_1_707' title='bbox 2449 3898 2597 3951; x_wconf 89' lang='lat' dir='ltr'><strong>illum</strong></span> <span class='ocrx_word' id='word_1_708' title='bbox 2623 3894 2826 3966; x_wconf 88' lang='lat' dir='ltr'><strong>populi,</strong></span> <span class='ocrx_word' id='word_1_709' title='bbox 2861 3902 2914 3948; x_wconf 91' lang='lat' dir='ltr'><strong>et</strong></span> <span class='ocrx_word' id='word_1_710' title='bbox 2941 3893 3093 3946; x_wconf 86' lang='lat' dir='ltr'><strong>ibunt</strong></span> <span class='ocrx_word' id='word_1_711' title='bbox 3125 3897 3311 3960; x_wconf 77' lang='lat' dir='ltr'><strong>gentes</strong></span> <span class='ocrx_word' id='word_1_712' title='bbox 3341 3887 3610 3951; x_wconf 52' lang='lat' dir='ltr'><strong>multauit</strong></span> 
     </span>
    </p>
   </div>
   <div class='ocr_carea' id='block_1_100' title="bbox 2040 3978 3625 4053">
    <p class='ocr_par' dir='ltr' id='par_1_100' title="bbox 2040 3978 3625 4053">
     <span class='ocr_line' id='line_1_100' title="bbox 2040 3978 3625 4053; baseline -0.01 -6"><span class='ocrx_word' id='word_1_713' title='bbox 2040 3992 2258 4047; x_wconf 90' lang='lat' dir='ltr'><strong>dicent:</strong></span> <span class='ocrx_word' id='word_1_714' title='bbox 2287 3987 2497 4053; x_wconf 84' lang='lat' dir='ltr'><strong>Venite,</strong></span> <span class='ocrx_word' id='word_1_715' title='bbox 2535 3985 2890 4042; x_wconf 89' lang='lat' dir='ltr'><strong>ascendamus</strong></span> <span class='ocrx_word' id='word_1_716' title='bbox 2919 3985 2972 4037; x_wconf 88' lang='lat' dir='ltr'><strong>in</strong></span> <span class='ocrx_word' id='word_1_717' title='bbox 3004 3988 3240 4036; x_wconf 88' lang='lat' dir='ltr'><strong>montem</strong></span> <span class='ocrx_word' id='word_1_718' title='bbox 3277 3978 3484 4032; x_wconf 83' lang='lat' dir='ltr'><strong>Domini</strong></span> <span class='ocrx_word' id='word_1_719' title='bbox 3510 4017 3526 4042; x_wconf 95' lang='lat'><strong>,</strong></span> <span class='ocrx_word' id='word_1_720' title='bbox 3557 3986 3625 4032; x_wconf 80' lang='lat' dir='ltr'><strong>et-</strong></span> 
     </span>
    </p>
   </div>
   <div class='ocr_carea' id='block_1_101' title="bbox 2041 4071 3606 4144">
    <p class='ocr_par' dir='ltr' id='par_1_101' title="bbox 2041 4071 3606 4144">
     <span class='ocr_line' id='line_1_101' title="bbox 2041 4071 3606 4144; baseline -0.01 -5"><span class='ocrx_word' id='word_1_721' title='bbox 2041 4085 2096 4139; x_wconf 93' lang='lat' dir='ltr'><strong>in</strong></span> <span class='ocrx_word' id='word_1_722' title='bbox 2125 4085 2344 4139; x_wconf 91' lang='lat' dir='ltr'><strong>domum</strong></span> <span class='ocrx_word' id='word_1_723' title='bbox 2374 4082 2470 4138; x_wconf 90' lang='lat' dir='ltr'><strong>Dei</strong></span> <span class='ocrx_word' id='word_1_724' title='bbox 2495 4079 2685 4144; x_wconf 89' lang='lat' dir='ltr'><strong>Jacob,</strong></span> <span class='ocrx_word' id='word_1_725' title='bbox 2718 4087 2770 4134; x_wconf 91' lang='lat' dir='ltr'><strong>et</strong></span> <span class='ocrx_word' id='word_1_726' title='bbox 2796 4075 3082 4132; x_wconf 89' lang='lat' dir='ltr'><strong>ostendent</strong></span> <span class='ocrx_word' id='word_1_727' title='bbox 3112 4074 3268 4129; x_wconf 91' lang='lat' dir='ltr'><strong>nobis</strong></span> <span class='ocrx_word' id='word_1_728' title='bbox 3296 4073 3438 4126; x_wconf 88' lang='lat' dir='ltr'><strong>viam</strong></span> <span class='ocrx_word' id='word_1_729' title='bbox 3465 4071 3606 4141; x_wconf 73' lang='lat' dir='ltr'><strong>ejus,</strong></span> 
     </span>
    </p>
   </div>
   <div class='ocr_carea' id='block_1_102' title="bbox 2038 4165 3608 4240">
    <p class='ocr_par' dir='ltr' id='par_1_102' title="bbox 2038 4165 3608 4240">
     <span class='ocr_line' id='line_1_102' title="bbox 2038 4165 3608 4240; baseline -0.007 -9"><span class='ocrx_word' id='word_1_730' title='bbox 2038 4185 2090 4232; x_wconf 92' lang='lat' dir='ltr'><strong>et</strong></span> <span class='ocrx_word' id='word_1_731' title='bbox 2113 4175 2510 4230; x_wconf 89' lang='lat' dir='ltr'><strong>ambulabimus</strong></span> <span class='ocrx_word' id='word_1_732' title='bbox 2552 4173 2606 4228; x_wconf 91' lang='lat' dir='ltr'><strong>in</strong></span> <span class='ocrx_word' id='word_1_733' title='bbox 2634 4171 2841 4228; x_wconf 88' lang='lat' dir='ltr'><strong>semitis</strong></span> <span class='ocrx_word' id='word_1_734' title='bbox 2872 4171 2988 4240; x_wconf 87' lang='lat' dir='ltr'><strong>ejus</strong></span> <span class='ocrx_word' id='word_1_735' title='bbox 3013 4209 3026 4233; x_wconf 92' lang='lat'><strong>,</strong></span> <span class='ocrx_word' id='word_1_736' title='bbox 3079 4166 3334 4238; x_wconf 88' lang='lat' dir='ltr'><strong>quoniam</strong></span> <span class='ocrx_word' id='word_1_737' title='bbox 3378 4179 3440 4221; x_wconf 78' lang='lat' dir='ltr'><strong>es</strong></span> <span class='ocrx_word' id='word_1_738' title='bbox 3481 4165 3608 4220; x_wconf 88' lang='lat' dir='ltr'><strong>Sion</strong></span> 
     </span>
    </p>
   </div>
   <div class='ocr_carea' id='block_1_103' title="bbox 2037 4256 3611 4340">
    <p class='ocr_par' dir='ltr' id='par_1_103' title="bbox 2037 4256 3611 4340">
     <span class='ocr_line' id='line_1_103' title="bbox 2037 4256 3611 4340; baseline -0.008 -16"><span class='ocrx_word' id='word_1_739' title='bbox 2037 4268 2343 4340; x_wconf 84' lang='lat' dir='ltr'><strong>egredietur</strong></span> <span class='ocrx_word' id='word_1_740' title='bbox 2397 4267 2479 4322; x_wconf 85' lang='lat' dir='ltr'><strong>lex</strong></span> <span class='ocrx_word' id='word_1_741' title='bbox 2509 4306 2524 4332; x_wconf 95' lang='lat'><strong>,</strong></span> <span class='ocrx_word' id='word_1_742' title='bbox 2589 4273 2643 4320; x_wconf 89' lang='lat' dir='ltr'><strong>et</strong></span> <span class='ocrx_word' id='word_1_743' title='bbox 2693 4264 2914 4320; x_wconf 90' lang='lat' dir='ltr'><strong>verbum</strong></span> <span class='ocrx_word' id='word_1_744' title='bbox 2989 4259 3199 4316; x_wconf 90' lang='lat' dir='ltr'><strong>Domini</strong></span> <span class='ocrx_word' id='word_1_745' title='bbox 3265 4258 3333 4315; x_wconf 90' lang='lat' dir='ltr'><strong>de</strong></span> <span class='ocrx_word' id='word_1_746' title='bbox 3389 4256 3611 4314; x_wconf 84' lang='lat' dir='ltr'><strong>Jerusa-</strong></span> 
     </span>
    </p>
   </div>
   <div class='ocr_carea' id='block_1_104' title="bbox 2041 4357 2307 4413">
    <p class='ocr_par' dir='ltr' id='par_1_104' title="bbox 2041 4357 2307 4413">
     <span class='ocr_line' id='line_1_104' title="bbox 2041 4357 2307 4413; baseline -0.008 -1"><span class='ocrx_word' id='word_1_747' title='bbox 2041 4359 2146 4413; x_wconf 89' lang='lat' dir='ltr'><strong>lem</strong></span> <span class='ocrx_word' id='word_1_748' title='bbox 2179 4357 2246 4413; x_wconf 76' lang='grc'><strong>⁸³.</strong></span> <span class='ocrx_word' id='word_1_749' title='bbox 2288 4377 2307 4410; x_wconf 72' lang='grc' dir='ltr'><strong>ι</strong></span> 
     </span>
    </p>
   </div>
   <div class='ocr_carea' id='block_1_105' title="bbox 2050 4458 3612 4522">
    <p class='ocr_par' dir='ltr' id='par_1_105' title="bbox 2050 4458 3612 4522">
     <span class='ocr_line' id='line_1_105' title="bbox 2050 4458 3612 4522; baseline -0.006 0"><span class='ocrx_word' id='word_1_750' title='bbox 2050 4466 2288 4522; x_wconf 74' lang='lat' dir='ltr'><strong>XXVIII.</strong></span> <span class='ocrx_word' id='word_1_751' title='bbox 2329 4467 2371 4521; x_wconf 79' lang='grc' dir='ltr'><em>Α</em></span> <span class='ocrx_word' id='word_1_752' title='bbox 2417 4467 2701 4522; x_wconf 75' lang='grc' dir='ltr'>Ζαείιανία.</span> <span class='ocrx_word' id='word_1_753' title='bbox 2726 4497 2796 4508; x_wconf 91' lang='lat'><strong>-—-</strong></span> <span class='ocrx_word' id='word_1_754' title='bbox 2825 4464 3127 4520; x_wconf 86' lang='lat' dir='ltr'><strong>Declaratio</strong></span> <span class='ocrx_word' id='word_1_755' title='bbox 3167 4460 3232 4516; x_wconf 81' lang='lat' dir='ltr'><strong>de</strong></span> <span class='ocrx_word' id='word_1_756' title='bbox 3267 4458 3468 4516; x_wconf 81' lang='lat' dir='ltr'><strong>Christi</strong></span> <span class='ocrx_word' id='word_1_757' title='bbox 3514 4460 3612 4513; x_wconf 86' lang='lat' dir='ltr'><strong>ad-</strong></span> 
     </span>
    </p>
   </div>
   <div class='ocr_carea' id='block_1_106' title="bbox 2118 4531 3607 4604">
    <p class='ocr_par' dir='ltr' id='par_1_106' title="bbox 2118 4531 3607 4604">
     <span class='ocr_line' id='line_1_106' title="bbox 2118 4531 3607 4604; baseline -0.006 -12"><span class='ocrx_word' id='word_1_758' title='bbox 2118 4550 2301 4604; x_wconf 83' lang='lat' dir='ltr'><strong>ventu,</strong></span> <span class='ocrx_word' id='word_1_759' title='bbox 2350 4547 2398 4592; x_wconf 85' lang='lat' dir='ltr'><strong>et</strong></span> <span class='ocrx_word' id='word_1_760' title='bbox 2429 4537 2736 4592; x_wconf 81' lang='lat' dir='ltr'><strong>Judworum</strong></span> <span class='ocrx_word' id='word_1_761' title='bbox 2769 4537 2940 4590; x_wconf 82' lang='lat' dir='ltr'><strong>bellici</strong></span> <span class='ocrx_word' id='word_1_762' title='bbox 2979 4545 3266 4604; x_wconf 83' lang='lat' dir='ltr'><strong>apparatus</strong></span> <span class='ocrx_word' id='word_1_763' title='bbox 3323 4531 3607 4604; x_wconf 82' lang='lat' dir='ltr'><strong>pernicies,</strong></span> 
     </span>
    </p>
   </div>
   <div class='ocr_carea' id='block_1_107' title="bbox 2114 4603 3611 4679">
    <p class='ocr_par' dir='ltr' id='par_1_107' title="bbox 2114 4603 3611 4679">
     <span class='ocr_line' id='line_1_107' title="bbox 2114 4603 3611 4679; baseline -0.007 -17"><span class='ocrx_word' id='word_1_764' title='bbox 2114 4611 2442 4679; x_wconf 84' lang='lat' dir='ltr'><strong>gentiumque</strong></span> <span class='ocrx_word' id='word_1_765' title='bbox 2474 4623 2599 4678; x_wconf 77' lang='lat' dir='ltr'><strong>pax,</strong></span> <span class='ocrx_word' id='word_1_766' title='bbox 2647 4618 2695 4664; x_wconf 87' lang='lat' dir='ltr'><strong>et</strong></span> <span class='ocrx_word' id='word_1_767' title='bbox 2730 4621 2940 4679; x_wconf 80' lang='lat' dir='ltr'><strong>regnum</strong></span> <span class='ocrx_word' id='word_1_768' title='bbox 2976 4603 3191 4659; x_wconf 79' lang='lat' dir='ltr'><strong>Domini</strong></span> <span class='ocrx_word' id='word_1_769' title='bbox 3215 4619 3375 4674; x_wconf 82' lang='lat' dir='ltr'><strong>usque</strong></span> <span class='ocrx_word' id='word_1_770' title='bbox 3400 4603 3467 4654; x_wconf 88' lang='lat' dir='ltr'><strong>ad</strong></span> <span class='ocrx_word' id='word_1_771' title='bbox 3507 4611 3611 4655; x_wconf 84' lang='lat' dir='ltr'><strong>ter-</strong></span> 
     </span>
    </p>
   </div>
   <div class='ocr_carea' id='block_1_108' title="bbox 2117 4679 2668 4736">
    <p class='ocr_par' dir='ltr' id='par_1_108' title="bbox 2117 4679 2668 4736">
     <span class='ocr_line' id='line_1_108' title="bbox 2117 4679 2668 4736; baseline 0.004 -3"><span class='ocrx_word' id='word_1_772' title='bbox 2117 4681 2284 4735; x_wconf 85' lang='lat' dir='ltr'><strong>minos</strong></span> <span class='ocrx_word' id='word_1_773' title='bbox 2314 4679 2453 4736; x_wconf 84' lang='lat' dir='ltr'><strong>orbis</strong></span> <span class='ocrx_word' id='word_1_774' title='bbox 2494 4689 2668 4735; x_wconf 67' lang='lat' dir='ltr'><strong>terrm.</strong></span> 
     </span>
    </p>
   </div>
   <div class='ocr_carea' id='block_1_109' title="bbox 2117 4825 3609 4902">
    <p class='ocr_par' dir='ltr' id='par_1_109' title="bbox 2117 4825 3609 4902">
     <span class='ocr_line' id='line_1_109' title="bbox 2117 4825 3609 4902; baseline -0.009 -6"><span class='ocrx_word' id='word_1_775' title='bbox 2117 4861 2138 4896; x_wconf 81' lang='grc' dir='ltr'><strong>ι</strong></span> <span class='ocrx_word' id='word_1_776' title='bbox 2173 4839 2358 4896; x_wconf 87' lang='lat' dir='ltr'><strong>Gaude</strong></span> <span class='ocrx_word' id='word_1_777' title='bbox 2393 4839 2760 4902; x_wconf 82' lang='lat' dir='ltr'><strong>vehementer,</strong></span> <span class='ocrx_word' id='word_1_778' title='bbox 2816 4833 2922 4890; x_wconf 85' lang='lat' dir='ltr'><strong>ﬁlia</strong></span> <span class='ocrx_word' id='word_1_779' title='bbox 2953 4832 3084 4888; x_wconf 89' lang='lat' dir='ltr'><strong>Sion</strong></span> <span class='ocrx_word' id='word_1_780' title='bbox 3113 4871 3129 4898; x_wconf 88' lang='lat'><strong>,</strong></span> <span class='ocrx_word' id='word_1_781' title='bbox 3180 4829 3447 4902; x_wconf 67' lang='lat' dir='ltr'><strong>praedicti,</strong></span> <span class='ocrx_word' id='word_1_782' title='bbox 3499 4825 3609 4882; x_wconf 88' lang='lat' dir='ltr'><strong>tilia</strong></span> 
     </span>
    </p>
   </div>
   <div class='ocr_carea' id='block_1_110' title="bbox 2041 4915 3610 4994">
    <p class='ocr_par' dir='ltr' id='par_1_110' title="bbox 2041 4915 3610 4994">
     <span class='ocr_line' id='line_1_110' title="bbox 2041 4915 3610 4994; baseline -0.01 -4"><span class='ocrx_word' id='word_1_783' title='bbox 2041 4933 2382 4990; x_wconf 85' lang='lat' dir='ltr'><strong>Jerusalem:</strong></span> <span class='ocrx_word' id='word_1_784' title='bbox 2443 4945 2570 4986; x_wconf 83' lang='lat' dir='ltr'><strong>ecce</strong></span> <span class='ocrx_word' id='word_1_785' title='bbox 2614 4928 2729 4984; x_wconf 78' lang='lat' dir='ltr'><strong>Rex</strong></span> <span class='ocrx_word' id='word_1_786' title='bbox 2769 4937 2896 4984; x_wconf 89' lang='lat' dir='ltr'><strong>tuus</strong></span> <span class='ocrx_word' id='word_1_787' title='bbox 2939 4926 3087 4981; x_wconf 89' lang='lat' dir='ltr'><strong>venit</strong></span> <span class='ocrx_word' id='word_1_788' title='bbox 3137 4924 3234 4980; x_wconf 88' lang='lat' dir='ltr'><strong>tibi</strong></span> <span class='ocrx_word' id='word_1_789' title='bbox 3279 4915 3498 4994; x_wconf 88' lang='lat' dir='ltr'><strong>justus,</strong></span> <span class='ocrx_word' id='word_1_790' title='bbox 3555 4929 3610 4976; x_wconf 88' lang='lat' dir='ltr'><strong>et</strong></span> 
     </span>
    </p>
   </div>
   <div class='ocr_carea' id='block_1_111' title="bbox 2044 5015 3608 5095">
    <p class='ocr_par' dir='ltr' id='par_1_111' title="bbox 2044 5015 3608 5095">
     <span class='ocr_line' id='line_1_111' title="bbox 2044 5015 3608 5095; baseline -0.01 -13"><span class='ocrx_word' id='word_1_791' title='bbox 2044 5026 2292 5082; x_wconf 86' lang='lat' dir='ltr'><strong>Salvator</strong></span> <span class='ocrx_word' id='word_1_792' title='bbox 2324 5044 2338 5081; x_wconf 89' lang='lat'><strong>:</strong></span> <span class='ocrx_word' id='word_1_793' title='bbox 2374 5025 2490 5095; x_wconf 89' lang='lat' dir='ltr'><strong>ipse</strong></span> <span class='ocrx_word' id='word_1_794' title='bbox 2519 5032 2863 5086; x_wconf 84' lang='lat' dir='ltr'><strong>mansuetus,</strong></span> <span class='ocrx_word' id='word_1_795' title='bbox 2889 5028 2944 5075; x_wconf 91' lang='lat' dir='ltr'><strong>et</strong></span> <span class='ocrx_word' id='word_1_796' title='bbox 2973 5019 3170 5074; x_wconf 88' lang='lat' dir='ltr'><strong>sedens</strong></span> <span class='ocrx_word' id='word_1_797' title='bbox 3195 5031 3358 5086; x_wconf 90' lang='lat' dir='ltr'><strong>super</strong></span> <span class='ocrx_word' id='word_1_798' title='bbox 3391 5015 3608 5085; x_wconf 79' lang='lat' dir='ltr'><strong>jumen-</strong></span> 
     </span>
    </p>
   </div>
   <div class='ocr_carea' id='block_1_112' title="bbox 2041 5113 3606 5192">
    <p class='ocr_par' dir='ltr' id='par_1_112' title="bbox 2041 5113 3606 5192">
     <span class='ocr_line' id='line_1_112' title="bbox 2041 5113 3606 5192; baseline -0.008 -16"><span class='ocrx_word' id='word_1_799' title='bbox 2041 5134 2128 5188; x_wconf 90' lang='lat' dir='ltr'><strong>to,</strong></span> <span class='ocrx_word' id='word_1_800' title='bbox 2183 5133 2238 5176; x_wconf 91' lang='lat' dir='ltr'><strong>et</strong></span> <span class='ocrx_word' id='word_1_801' title='bbox 2299 5122 2448 5192; x_wconf 90' lang='lat' dir='ltr'><strong>pullo</strong></span> <span class='ocrx_word' id='word_1_802' title='bbox 2505 5119 2884 5180; x_wconf 88' lang='lat' dir='ltr'><strong>adolescente,</strong></span> <span class='ocrx_word' id='word_1_803' title='bbox 2945 5123 3000 5170; x_wconf 87' lang='lat' dir='ltr'><strong>et</strong></span> <span class='ocrx_word' id='word_1_804' title='bbox 3038 5113 3226 5184; x_wconf 87' lang='lat' dir='ltr'><strong>perdet</strong></span> <span class='ocrx_word' id='word_1_805' title='bbox 3281 5125 3480 5166; x_wconf 87' lang='lat' dir='ltr'><strong>currus</strong></span> <span class='ocrx_word' id='word_1_806' title='bbox 3538 5125 3606 5165; x_wconf 78' lang='lat' dir='ltr'><strong>ex</strong></span> 
     </span>
    </p>
   </div>
   <div class='ocr_carea' id='block_1_113' title="bbox 2037 5203 3606 5286">
    <p class='ocr_par' dir='ltr' id='par_1_113' title="bbox 2037 5203 3606 5286">
     <span class='ocr_line' id='line_1_113' title="bbox 2037 5203 3606 5286; baseline -0.01 -16"><span class='ocrx_word' id='word_1_807' title='bbox 2037 5214 2302 5286; x_wconf 87' lang='lat' dir='ltr'><strong>Ephrem,</strong></span> <span class='ocrx_word' id='word_1_808' title='bbox 2363 5221 2417 5269; x_wconf 90' lang='lat' dir='ltr'><strong>et</strong></span> <span class='ocrx_word' id='word_1_809' title='bbox 2469 5227 2666 5282; x_wconf 83' lang='lat' dir='ltr'><strong>equum</strong></span> <span class='ocrx_word' id='word_1_810' title='bbox 2711 5225 2777 5264; x_wconf 80' lang='lat' dir='ltr'><strong>ex</strong></span> <span class='ocrx_word' id='word_1_811' title='bbox 2809 5207 3144 5264; x_wconf 85' lang='lat' dir='ltr'><strong>Jerusalem:</strong></span> <span class='ocrx_word' id='word_1_812' title='bbox 3185 5211 3239 5260; x_wconf 89' lang='lat' dir='ltr'><strong>et</strong></span> <span class='ocrx_word' id='word_1_813' title='bbox 3283 5203 3470 5275; x_wconf 88' lang='lat' dir='ltr'><strong>perdet</strong></span> <span class='ocrx_word' id='word_1_814' title='bbox 3519 5217 3606 5256; x_wconf 90' lang='lat' dir='ltr'><strong>ar-</strong></span> 
     </span>
    </p>
   </div>
   <div class='ocr_carea' id='block_1_114' title="bbox 2037 5295 3605 5370">
    <p class='ocr_par' dir='ltr' id='par_1_114' title="bbox 2037 5295 3605 5370">
     <span class='ocr_line' id='line_1_114' title="bbox 2037 5295 3605 5370; baseline -0.008 -8"><span class='ocrx_word' id='word_1_815' title='bbox 2037 5324 2160 5362; x_wconf 89' lang='lat' dir='ltr'><strong>cum</strong></span> <span class='ocrx_word' id='word_1_816' title='bbox 2201 5308 2472 5370; x_wconf 84' lang='lat' dir='ltr'><strong>bellicum,</strong></span> <span class='ocrx_word' id='word_1_817' title='bbox 2505 5312 2558 5360; x_wconf 89' lang='lat' dir='ltr'><strong>et</strong></span> <span class='ocrx_word' id='word_1_818' title='bbox 2591 5303 2920 5358; x_wconf 85' lang='lat' dir='ltr'><strong>abundantia</strong></span> <span class='ocrx_word' id='word_1_819' title='bbox 2954 5299 3104 5369; x_wconf 89' lang='lat' dir='ltr'><strong>pacis</strong></span> <span class='ocrx_word' id='word_1_820' title='bbox 3122 5313 3187 5352; x_wconf 81' lang='lat' dir='ltr'><strong>ex</strong></span> <span class='ocrx_word' id='word_1_821' title='bbox 3227 5295 3478 5367; x_wconf 79' lang='lat' dir='ltr'><strong>gentibus</strong></span> <span class='ocrx_word' id='word_1_822' title='bbox 3506 5313 3520 5350; x_wconf 90' lang='lat'><strong>:</strong></span> <span class='ocrx_word' id='word_1_823' title='bbox 3552 5302 3605 5349; x_wconf 87' lang='lat' dir='ltr'><strong>et</strong></span> 
     </span>
    </p>
   </div>
   <div class='ocr_carea' id='block_1_115' title="bbox 2038 5387 3606 5470">
    <p class='ocr_par' dir='ltr' id='par_1_115' title="bbox 2038 5387 3606 5470">
     <span class='ocr_line' id='line_1_115' title="bbox 2038 5387 3606 5470; baseline -0.01 -17"><span class='ocrx_word' id='word_1_824' title='bbox 2038 5399 2400 5470; x_wconf 86' lang='lat' dir='ltr'><strong>principatum</strong></span> <span class='ocrx_word' id='word_1_825' title='bbox 2437 5394 2706 5450; x_wconf 89' lang='lat' dir='ltr'><strong>obtinebit</strong></span> <span class='ocrx_word' id='word_1_826' title='bbox 2737 5409 2766 5447; x_wconf 90' lang='lat' dir='ltr'><strong>a</strong></span> <span class='ocrx_word' id='word_1_827' title='bbox 2791 5391 2928 5446; x_wconf 90' lang='lat' dir='ltr'><strong>mari</strong></span> <span class='ocrx_word' id='word_1_828' title='bbox 2960 5403 3134 5459; x_wconf 89' lang='lat' dir='ltr'><strong>usque</strong></span> <span class='ocrx_word' id='word_1_829' title='bbox 3162 5387 3229 5442; x_wconf 88' lang='lat' dir='ltr'><strong>ad</strong></span> <span class='ocrx_word' id='word_1_830' title='bbox 3263 5403 3411 5442; x_wconf 87' lang='lat' dir='ltr'><strong>mare</strong></span> <span class='ocrx_word' id='word_1_831' title='bbox 3436 5427 3451 5452; x_wconf 90' lang='lat'><strong>,</strong></span> <span class='ocrx_word' id='word_1_832' title='bbox 3488 5393 3540 5442; x_wconf 66' lang='lat' dir='ltr'><strong>ei</strong></span> <span class='ocrx_word' id='word_1_833' title='bbox 3575 5402 3606 5438; x_wconf 74' lang='grc' dir='ltr'><strong>ιι</strong></span> 
     </span>
    </p>
   </div>
   <div class='ocr_carea' id='block_1_116' title="bbox 2037 5482 3301 5563">
    <p class='ocr_par' dir='ltr' id='par_1_116' title="bbox 2037 5482 3301 5563">
     <span class='ocr_line' id='line_1_116' title="bbox 2037 5482 3301 5563; baseline -0.011 -14"><span class='ocrx_word' id='word_1_834' title='bbox 2037 5493 2352 5549; x_wconf 83' lang='lat' dir='ltr'><strong>ﬂuminibus</strong></span> <span class='ocrx_word' id='word_1_835' title='bbox 2389 5507 2482 5563; x_wconf 89' lang='lat' dir='ltr'><strong>per</strong></span> <span class='ocrx_word' id='word_1_836' title='bbox 2518 5488 2958 5560; x_wconf 80' lang='lat' dir='ltr'><strong>exporrectiones</strong></span> <span class='ocrx_word' id='word_1_837' title='bbox 2989 5493 3146 5538; x_wconf 72' lang='lat' dir='ltr'><strong>term</strong></span> <span class='ocrx_word' id='word_1_838' title='bbox 3173 5482 3240 5536; x_wconf 79' lang='grc'><strong>⁸³.</strong></span> <span class='ocrx_word' id='word_1_839' title='bbox 3282 5501 3301 5534; x_wconf 75' lang='grc' dir='ltr'><strong>ι</strong></span> 
     </span>
    </p>
   </div>
   <div class='ocr_carea' id='block_1_117' title="bbox 434 5656 1943 5743">
    <p class='ocr_par' dir='ltr' id='par_1_117' title="bbox 434 5673 1872 5743">
     <span class='ocr_line' id='line_1_117' title="bbox 434 5673 1872 5743; baseline -0.004 -9"><span class='ocrx_word' id='word_1_840' title='bbox 434 5681 478 5712; x_wconf 76' lang='grc'><strong><em>⁸⁸</em></strong></span> <span class='ocrx_word' id='word_1_841' title='bbox 503 5679 593 5735; x_wconf 77' lang='lat' dir='ltr'><strong>Jer</strong></span> <span class='ocrx_word' id='word_1_842' title='bbox 633 5697 739 5743; x_wconf 68' lang='lat' dir='ltr'><strong>ut,</strong></span> <span class='ocrx_word' id='word_1_843' title='bbox 777 5679 959 5743; x_wconf 69' lang='lat'><strong>{9-21;</strong></span> <span class='ocrx_word' id='word_1_844' title='bbox 988 5695 1121 5741; x_wconf 76' lang='lat' dir='ltr'><strong>xv&quot;.</strong></span> <span class='ocrx_word' id='word_1_845' title='bbox 1162 5676 1252 5731; x_wconf 68' lang='grc'><strong>1-4</strong></span> <span class='ocrx_word' id='word_1_846' title='bbox 1323 5677 1368 5708; x_wconf 79' lang='grc'><strong>⁸⁵</strong></span> <span class='ocrx_word' id='word_1_847' title='bbox 1400 5677 1562 5732; x_wconf 83' lang='lat' dir='ltr'><strong>Amos</strong></span> <span class='ocrx_word' id='word_1_848' title='bbox 1619 5693 1694 5736; x_wconf 78' lang='lat' dir='ltr'><strong>Ix.</strong></span> <span class='ocrx_word' id='word_1_849' title='bbox 1721 5673 1872 5732; x_wconf 74' lang='lat'><strong>9—1-2.</strong></span> 
     </span>
    </p>
   </div>
   <div class='ocr_carea' id='block_1_118' title="bbox 2046 5656 3391 5743">
    <p class='ocr_par' dir='ltr' id='par_1_118' title="bbox 2046 5656 3391 5743">
     <span class='ocr_line' id='line_1_118' title="bbox 2046 5656 3391 5743; baseline -0.01 -19"><span class='ocrx_word' id='word_1_850' title='bbox 2046 5672 2184 5727; x_wconf 68' lang='lat' dir='ltr'><strong>rlich.</strong></span> <span class='ocrx_word' id='word_1_851' title='bbox 2221 5686 2300 5731; x_wconf 84' lang='lat' dir='ltr'><strong>Ill,</strong></span> <span class='ocrx_word' id='word_1_852' title='bbox 2341 5665 2494 5726; x_wconf 75' lang='lat'><strong>9-12;</strong></span> <span class='ocrx_word' id='word_1_853' title='bbox 2536 5680 2614 5743; x_wconf 68' lang='lat' dir='ltr'><strong>IV,</strong></span> <span class='ocrx_word' id='word_1_854' title='bbox 2640 5663 2754 5717; x_wconf 69' lang='grc'><strong>1-2.</strong></span> <span class='ocrx_word' id='word_1_855' title='bbox 2835 5659 2878 5689; x_wconf 83' lang='grc'><strong>⁸³</strong></span> <span class='ocrx_word' id='word_1_856' title='bbox 2907 5656 3073 5712; x_wconf 81' lang='lat' dir='ltr'><strong>Zach.</strong></span> <span class='ocrx_word' id='word_1_857' title='bbox 3128 5673 3201 5719; x_wconf 79' lang='lat' dir='ltr'><strong>Ix,</strong></span> <span class='ocrx_word' id='word_1_858' title='bbox 3237 5656 3391 5711; x_wconf 77' lang='lat'><strong>9-10.</strong></span> 
     </span>
    </p>
   </div>
   <div class='ocr_carea' id='block_1_119' title="bbox 3527 211 3730 283">
    <p class='ocr_par' dir='ltr' id='par_1_119' title="bbox 3527 211 3730 283">
     <span class='ocr_line' id='line_1_119' title="bbox 3527 211 3730 283; baseline 0.005 -2"><span class='ocrx_word' id='word_1_859' title='bbox 3527 227 3632 283; x_wconf 71' lang='grc' dir='ltr'><strong>ιιι</strong></span> <span class='ocrx_word' id='word_1_860' title='bbox 3727 211 3730 214; x_wconf 84' lang='grc'><em>’</em></span> 
     </span>
    </p>
   </div>
  </div>
