3974 6208
460 274 564 330 ιισ

1122 276 1390 333 EUSEBII
1425 275 1902 333 CESABIENSIS
1937 277 2086 334 OPP.
2127 275 2308 331 PARS
2345 275 2408 330 ll.
2446 305 2515 318 --
2553 255 3078 332 APOLOGETICA.‘

3575 267 3679 324 “6

459 387 646 444 XXIX.
685 389 726 442 Α
761 389 1125 445 Ηαίασίιία.-
1152 389 1428 444 Recusatio
1456 392 1620 460 gentis
1645 391 1920 456 Judaiae,
1967 404 2014 447 et

2126 391 2242 446 ΚΘ.
2293 391 2424 444 Ἀπὸ
2456 390 2560 443 τοῦ
2592 384 3376 460 Μαλαχίουρ-Παραίζησις.
3401 382 3505 436 τοῦ
3546 383 3676 460 ilo-v-

527 461 814 529 eorporalis
859 463 1086 528 ipsorum
1121 475 1184 511 ea:
1229 461 1334 528 lege
1375 463 1538 514 Mosis
1579 463 1905 517 adorationis
1934 480 2016 518 re-

523 531 700 604 iectio,
729 530 999 604 spiritueli
1041 529 1337 604 introducta
1384 532 1437 586 in
1468 549 1641 586 omnes
1671 545 1842 604 gentes
1884 533 2014 587 ado—

527 594 728 654 ratione
758 594 848 668 per
873 594 1161 656 Chrislum.
1661 605 1667 615 '

527 756 635 826 56
661 774 679 804 ‹
706 752 823 807 Non
848 761 931 808 est
946 768 1064 807 mea
1092 754 1404 809 voluntasin
1423 756 2014 822 vobis,dicitDominus

457 849 820 916 omnipotens,
846 851 901 898 et
928 844 1254 900 sacriﬁcium
1284 863 1389 901 non
1421 847 1714 917 suscipiam
1741 849 1807 905 de
1836 851 2012 905 mani-

458 941 558 994 bus
582 937 775 993 vestris
801 955 816 1003 ;
851 940 1105 1008 quoniam
1135 937 1203 991 ab
1228 945 1349 991 ortu
1373 940 1525 1004 solis,
1549 950 1602 996 et
1634 957 1804 1012 usque
1827 943 1894 997 ad
1923 958 2015 997 oc-

456 1047 666 1092 casum,
693 1046 893 1086 nomen
927 1046 1105 1086 meum
1140 1031 1494 1102 gloriﬁcatum
1528 1042 1612 1089 est
1637 1035 1688 1088 in
1716 1036 1966 1106 gentibus
1997 1057 2010 1091 :

456 1132 508 1178 et
531 1125 584 1178 in
618 1123 766 1176 omni
788 1124 905 1177 loco
945 1122 1227 1178 incensum
1257 1123 1478 1178 oﬁ'ertur
1512 1127 1718 1180 nomini
1767 1143 1918 1191 meo,
1958 1136 2014 1183 ct

460 1216 636 1270 hostia
672 1214 869 1268 munda
902 1234 915 1269 :
946 1215 1198 1284 quoniam
1228 1231 1480 1285 magnum
1511 1233 1705 1274 nomen
1750 1235 1924 1274 meum
1955 1221 2010 1274 in

456 1307 727 1377 gentibus,
745 1307 878 1360 dicit
908 1305 1170 1361 Dominus
1191 1307 1551 1380 omnipotens,
1576 1323 1673 1364 vos
1689 1319 1865 1364 autem
1889 1326 2012 1380 pro-

457 1398 651 1452 fanatis
679 1399 811 1453 illud
835 1398 901 1451 ⁸⁸.
945 1417 963 1450 ι

457 1508 621 1585 XX},
663 1509 944 1585 Ablsaia.
985 1543 1052 1550 —
1081 1511 1321 1585 Iudaicae
1349 1515 1512 1585 gentis
1545 1516 1698 1568 ruina
1723 1556 1736 1576 ,
1777 1515 2010 1585 verbique

525 1581 641 1654 Dei,
661 1591 708 1654 et
743 1583 866 1651 legis
898 1597 1055 1654 nova:
1097 1583 1315 1654 ejusque
1352 1581 1542 1637 domus
1589 1586 1871 1654 divulgalio
1893 1581 1935 1646 ,⁷
1960 1595 2010 1638 et

523 1652 734 1722 pietatis
766 1653 994 1704 antatium
1026 1654 1256 1722 gentium
1282 1652 1625 1708 declaratio.’

529 1846 548 1878 σ
590 1827 944 1899 Relinquetur
971 1829 1077 1883 ﬁlia
1110 1828 1241 1886 Sion
1266 1833 1712 1887 utumbraculum
1747 1833 1797 1886 in
1829 1833 2005 1897 vinea,

453 1929 509 1974 et
534 1920 676 1974 sicut
705 1921 976 1976 fructuum
1007 1922 1256 1977 custodia
1303 1923 1358 1977 in
1403 1925 1780 1978 cucumerario
1805 1965 1818 1986 ,
1867 1924 2010 1978 sicut

455 2013 649 2068 civitas
709 2015 763 2068 in
810 2014 1091 2070 obsidione
1137 2016 1221 2082 ";
1265 2035 1282 2068 ι
1322 2031 1386 2070 ac
1416 2016 1671 2086 deinceps
1725 2015 2004 2087 adjungit:

455 2105 736 2171 Quomodo
767 2108 903 2161 facta
938 2115 1022 2162 est
1056 2107 1312 2163 meretrix
1340 2107 1532 2163 civitas
1555 2109 1724 2164 ﬁdelis
1755 2107 1920 2164 Sion?
1954 2108 2007 2163 in

454 2212 560 2266 qua
585 2199 796 2267 justitia
846 2215 1095 2254 somnum
1138 2202 1282 2269 cepit
1325 2201 1379 2255 in
1404 2215 1490 2267 ea,
1526 2217 1670 2256 nunc
1718 2208 1897 2256 autem
1926 2200 2010 2252 in-

457 2289 772 2346 terfectores
802 2291 866 2344 “.
915 2310 935 2342 ›
992 2291 1057 2345 Et
1107 2291 1174 2346 ad
1225 2293 1382 2349 haec:
1425 2313 1444 2345 ι
1491 2292 1661 2348 Erunt
1691 2293 1834 2347 enim
1871 2293 2010 2346 sicut

455 2379 792 2436 terebinthus
822 2380 1047 2449 ahjectis
1096 2380 1261 2446 foliis,
1294 2391 1348 2437 et
1387 2384 1528 2438 sicut
1581 2383 1770 2436 hortus
1813 2396 2006 2450 aquam

456 2484 564 2524 non
606 2469 830 2524 habens.
864 2468 929 2523 Et
965 2471 1068 2525 erit
1110 2469 1375 2525 fortitudo
1415 2486 1640 2536 eorum,
1698 2479 1757 2523 ut
1812 2468 2008 2537 stipula

455 2569 680 2630 stuppa},
723 2571 776 2615 et
807 2571 1046 2630 quaestus
1089 2575 1276 2614 eorum
1299 2600 1314 2624 ,
1361 2569 1419 2613 ut
1461 2561 1707 2614 scintilla:
1745 2560 1924 2630 ignis;
1957 2566 2008 2613 et

455 2653 838 2707 comburentur
868 2651 1072 2719 iniqui,
1122 2658 1175 2705 et
1227 2658 1536 2718 peccatores
1568 2650 1764 2712 simul,
1812 2658 1866 2704 et
1899 2666 2008 2703 non

456 2744 556 2797 crit
582 2743 676 2812 qui
697 2740 1003 2810 exstinguat
1031 2741 1096 2792 ⁸⁷.
1137 2759 1154 2792 ι
1183 2739 1277 2795 His
1295 2741 1546 2795 omnibus
1574 2741 1852 2811 adjungit:
1891 2761 1907 2794 ι
1944 2741 2009 2796 Et

455 2833 556 2888 erit
581 2834 635 2885 in
668 2832 980 2886 novissimis
1007 2831 1198 2886 diebus
1229 2832 1548 2887 manifestus
1570 2848 1726 2888 mons
1757 2832 2006 2895 Domini,

455 2931 508 2978 et
534 2923 728 2978 domus
761 2922 851 2978 Dei
886 2923 942 2976 in
970 2923 1195 2977 summis
1219 2924 1500 2988 montium,
1525 2931 1577 2978 et
1603 2925 1890 2979 extolletur
1917 2940 2010 2979 su-

455 3027 548 3080 per
587 3013 772 3065 colles.
824 3009 888 3063 Et
934 3011 1149 3065 venient
1200 3010 1265 3065 ad
1295 3027 1417 3066 eum
1459 3027 1647 3068 omnes
1692 3020 1914 3082 gentes:
1954 3021 2008 3068 et

2184 461 2365 514 δαίων
2386 460 2616 531 ἕθτους,
2649 460 2743 531 καὶ
2765 451 2872 524 ἷῆς
2896 457 3040 531 κατα
3063 451 3172 531 τὸν·
3207 451 3457 518 Μωσέως
3486 454 3665 531 raros

2185 521 2747 599 σωματικῆς-αὐτῶν
2780 521 3100 594 θρὴσκείας
3136 524 3407 599 domate,
3441 521 3549 588 τῆς
3581 521 3672 575 διὸ

2181 592 2435 668 Χρῖστοῦ
2465 592 2610 652 πᾶσι
2641 598 2761 664 τοῖς
2801 592 3000 652 ἔθνεσι
3032 592 3464 662 παραδοθείσης
3495 608 3663 646 arav-

2182 669 2439 740 ματικῆς
2470 670 2766 735 λατρείας.
3029 677 3034 682 ”

2189 783 2207 814 ι
2253 763 2366 815 Οὐκ
2418 761 2530 814 ἔστι
2581 777 2680 830 μου
2731 759 2940 829 θέλημα
2998 759 3054 810 ὲν
3103 759 3247 826 ἡμῖν,
3297 753 3442 822 λέγει
3474 751 3673 823 Κύριος

2114 853 2531 924 παντοκράτωρ,
2584 853 2675 904 καὶ
2719 850 2907 904 θυσίαν
2955 849 3014 900 οὑ
3062 845 3422 918 προσδέξομαι
3467 845 3530 896 ἐκ
3567 844 3673 896 τῶν

2113 944 2308 1016 χειρῶν
2339 942 2525 1014 ὑμῶν·
2565 943 2696 994 διότι
2742 943 2835 994 ἀπ’
2871 938 3137 992 ἀνατολῶν
3181 937 3332 1007 ἡλίου
3373 936 3466 988 καὶ
3513 935 3674 1006 μέχρι

2110 1035 2328 1106 δυσμῶν
2365 1035 2426 1086 τὸ
2457 1034 2624 1104 ὄνομά
2657 1051 2754 1103 μου
2782 1031 3087 1096 δεδόξασται
3125 1031 3181 1082 ὲν
3211 1030 3321 1090 τοῖς
3358 1019 3552 1088 ἔθνεσι,
3581 1027 3676 1079 καὶ

2112 1129 2169 1181 έν
2223 1128 2384 1181 παντὶ
2431 1126 2580 1195 τόπῳ
2638 1124 2884 1195 θυμίαμα
2942 1123 3270 1194 προσάγεται
3329 1119 3406 1190 τῷ
3453 1117 3677 1189 ὀνόματί

2115 1237 2237 1290 μου,
2265 1219 2358 1271 καὶ
2391 1217 2550 1270 θυσία
2584 1216 2798 1289 καθαρά
2819 1232 2832 1244 ·
2870 1213 3002 1267 διότι
3033 1213 3171 1284 μέγα
3202 1211 3262 1266 τὸ
3287 1210 3458 1283 ὄνομά
3487 1229 3590 1281 μου
3617 1213 3678 1263 ὲν

2110 1311 2218 1370 τοῖς
2263 1308 2456 1370 ἔθνεσι,
2504 1307 2651 1376 λέγει
2691 1305 2885 1377 Κύριος
2931 1304 3360 1376 παντοκράτωρ·
3417 1305 3574 1375 ὑμεῖς
3619 1305 3678 1359 ἃ

2112 1397 2400 1468 βεϐηλοῦτε
2439 1399 2584 1452 αὑτό,
2631 1419 2650 1450 ›

2110 1515 2186 1564 A'.
2243 1511 2372 1565 Ἀπὸ
2421 1513 2525 1565 τοῦ
2567 1513 2823 1566 Ἡσαΐου.
2853 1541 2918 1552 —-
2956 1511 3066 1565 Τοῦ
3125 1510 3416 1564 Ἰουδαίων
3462 1509 3679 1576 ἔθνους

2179 1583 2510 1648 ἀπόπτωσις
2543 1582 2726 1650 λόγου
2769 1599 2832 1634 τε
2873 1582 3040 1645 Θεοῦ,
3088 1581 3185 1633 καὶ
3217 1581 3401 1650 νόμου
3443 1576 3674 1650 καινοῦ,

2178 1652 2346 1704 οἴκου
2401 1668 2462 1704 τε
2506 1648 2690 1705 αὑτοῦ
2736 1652 3098 1720 φανέρωσις,
3159 1649 3258 1704 καὶ
3287 1648 3437 1704 ἡτῶν
3486 1648 3680 1704 ἐθνῶν

2041 1743 2082 1798 Β
2181 1721 2457 1775 ἁπάντων
2484 1722 2790 1788 εὐσεϐείας
2819 1721 3100 1787 δήλωσις.

2183 1833 2201 1864 ι
2238 1811 2819 1884 Ἐγκαταλειφθήσεται
2865 1815 2897 1883 η
2930 1811 3180 1882 θυγάτηρ
3206 1808 3343 1864 Σιὼν
3381 1810 3456 1874 ὡς
3502 1811 3679 1882 σκηνὴ

2107 1905 2164 1956 ὲν
2197 1900 2493 1973 ἀμπελῶνι,
2541 1902 2634 1954 καὶ
2674 1902 2748 1965 ὡς
2777 1901 3216 1974 ὀπωροφυλάκιον
3249 1902 3306 1953 έν
3341 1900 3676 1972 σικυηράτῳ,

2105 1995 2181 2058 ὡς
2212 1993 2364 2056 πόλις
2392 1993 2839 2064 πολιορκουμένη.
2878 2013 2896 2045 ι
2926 1995 3036 2046 Καὶ
3078 1991 3205 2062 ἑξῆς
3238 1991 3506 2062 ἐπιλέγει·
3554 1993 3680 2058 Πῶς

2109 2085 2322 2153 ἐγένετο
2359 2084 2530 2155 πόρνη
2573 2083 2722 2146 πόλις
2772 2083 2934 2154 πιστὴ
2978 2081 3151 2148 Σιὼν;
3192 2085 3249 2136 ὲν
3367 2082 3678 2154 δικαιοσύνη

2109 2177 2370 2248 ἐκοιμήθη
2403 2179 2458 2229 ἐν
2483 2177 2643 2246 αὑτῇ,
2675 2175 2766 2229 νῦν
2785 2176 2838 2228 δὲ
2857 2173 3120 2245 φονευταί.
3154 2195 3172 2226 ι
3192 2175 3301 2229 Καὶ
3331 2176 3422 2228 ἐπὶ
3449 2175 3675 2240 τούτοις·

2115 2284 2132 2316 ‹
2159 2266 2406 2318 Ἔσονται
2431 2264 2537 2334 γὰρ
2560 2265 2634 2327 ὡς
2657 2264 2961 2336 τερέϐινθος
2985 2263 3380 2332 ἀποϐεϐληκυῖα
3394 2265 3460 2317 τὰ
3484 2265 3672 2332 φύλλα,

2109 2355 2202 2406 καὶ
2232 2353 2306 2416 ὼς
2336 2354 2657 2424 παράδεισος
2681 2355 2822 2424 ὓδωρ
2849 2354 2922 2424 μὴ
2949 2354 3106 2422 ἔχων.
3141 2353 3250 2404 Καὶ
3279 2351 3428 2404 ἔσται
3463 2357 3494 2424 ἡ
3525 2356 3675 2423 ἰσχὺς

2109 2445 2287 2496 αὐτῶν
2322 2443 2396 2505 ὡς
2431 2443 2648 2513 καλάμη
2685 2445 2969 2505 στυππίου,
3012 2445 3102 2496 καὶ
3140 2444 3192 2496 αἱ
3223 2443 3471 2513 ἐργασίαι
3498 2445 3674 2497 αὑτῶν

2108 2535 2184 2597 ὡς
2221 2533 2511 2604 σπινθῆρες
2557 2535 2746 2605 σωρὸς,
2780 2535 2872 2587 καὶ
2924 2535 3424 2606 κατακαυθήσονται
3466 2537 3515 2588 οἱ
3553 2537 3674 2591 ἄνο-

2113 2643 2219 2696 μοι,
2247 2626 2340 2678 καὶ
2367 2626 2415 2677 οἱ
2451 2625 2754 2696 ἁμαρτωλοὶ
2788 2626 2918 2695 ἅμα,
2940 2628 3030 2678 καὶ
3046 2626 3144 2678 οὐκ
3171 2626 3318 2679 ἔσται
3343 2627 3625 2688 ό,σ6έσων.
3648 2647 3667 2678 ι

2109 2718 2325 2780 Τούτοις
2363 2716 2562 2769 ἅπασιν
2607 2717 2873 2784 ἐπιλέγει·
2899 2736 2917 2766 ‹
2947 2718 3054 2769 Καὶ
3085 2717 3235 2769 ἔσται
3264 2719 3320 2769 ὲν
3349 2721 3468 2780 ταῖς
3509 2717 3669 2786 ἐσχά-

2109 2824 2228 2870 ταις
2266 2806 2502 2877 ἡμέραις
2541 2805 2780 2875 ὲμιςανὲς
2824 2805 2884 2857 τὸ
2931 2806 3054 2875 ὅρος
3084 2805 3309 2877 Κυρίου,
3340 2807 3433 2859 καὶ
3472 2808 3500 2858 ό
3529 2801 3675 2870 οἶκος

2109 2897 2200 2951 τού
2251 2898 2383 2950 Θεοῦ
2428 2897 2514 2950 ἐπ’
2563 2899 2743 2968 ἄκρων
2794 2896 2900 2949 τῶν
2947 2897 3136 2967 όρέων,
3192 2897 3284 2950 καὶ
3332 2896 3675 2966 ὑψωθήσεται

2114 2991 2364 3062 ὑπεράνω
2410 2990 2516 3043 τῶν
2560 2989 2780 3059 βουνῶν.
2826 2990 2935 3042 Καὶ
2961 2989 3178 3060 ἥξουσιν
3215 2991 3298 3042 ἐπ’
3337 2990 3466 3042 αὑτὸ
3499 2989 3678 3045 πάντα

456 3079 610 3158 ibunt
637 3111 822 3172 gentes
853 3102 1032 3156 multa:
1058 3110 1112 3155 et
1136 3102 1318 3157 dicent
1345 3123 1356 3158 :
1389 3101 1608 3169 Venite,
1653 3079 2012 3162 ascendamus

2126 3080 2180 3134 τὰ
2209 3081 2365 3152 ἔθνη·
2411 3083 2503 3134 καὶ
2535 3080 2888 3152 πορεύσονται
2931 3079 3056 3152 ἔθνη
3091 3079 3277 3143 πολλὰ,
3310 3082 3403 3134 καὶ
3424 3082 3672 3152 ἐροῦσιν·

455 3197 510 3249 in
554 3201 794 3247 montem
850 3191 1064 3247 Domini
1114 3202 1167 3247 et
1209 3194 1263 3249 in
1305 3195 1524 3249 domum
1559 3195 1654 3252 Del
1702 3196 1908 3252 Jacob:
1961 3207 2014 3252 et

455 3285 796 3342 annuntiabit
823 3285 984 3340 nobis
1016 3289 1158 3339 viam
1205 3303 1390 3352 suam,
1434 3299 1488 3343 et
1537 3289 1931 3346 ambulabimus
1958 3292 2014 3344 in

455 3395 536 3433 ea.
569 3379 703 3434 Nam
751 3382 818 3435 de
853 3380 983 3434 Sion
1016 3381 1180 3434 exibit
1210 3381 1314 3446 lex,
1346 3388 1399 3435 et
1435 3381 1657 3436 verbum
1711 3381 1920 3438 Domini
1948 3383 2014 3437 de

456 3469 749 3526 ierusalem
779 3491 793 3527 :
824 3480 876 3528 et
903 3472 1171 3542 judicabit
1200 3474 1340 3527 inter
1370 3481 1556 3543 gentes
1582 3473 1645 3526 ⁸⁸.
1693 3491 1709 3524 ι
1742 3530 1753 3541 ο

455 3668 643 3727 XXXI.
685 3670 762 3724 Ab
797 3671 993 3726 eodem.
1023 3702 1093 3712 —-
1121 3671 1362 3726 Sublulio
1389 3672 1572 3740 gloria:
1590 3672 1768 3740 populi
1797 3671 2013 3724 Judwo-

527 3756 664 3802 rum,
697 3753 744 3794 et
779 3745 1005 3810 gentium
1059 3743 1322 3796 conversio
1375 3760 1405 3794 α
1436 3743 1838 3796 simulacrorum
1871 3743 2014 3794 cultu

525 3812 579 3864 in
599 3812 760 3864 Deum
793 3815 1040 3871 universi.
1061 3823 1107 3865 el
1138 3812 1200 3865 de
1216 3812 1535 3866 desolatioue
1553 3811 1899 3865 Iudaicarum
1925 3828 2004 3865 ur-

525 3880 689 3942 bium,
713 3891 764 3935 et
793 3881 856 3936 de
885 3881 1250 3936 incredulitate
1275 3899 1452 3936 eorum
1477 3898 1601 3954 erga
1637 3882 1820 3936 Deum.

531 4097 550 4128 ι
587 4075 711 4133 Haec
763 4079 895 4134 dicit
924 4078 1182 4134 Dominus
1215 4078 1450 4134 Sabaoth
1481 4099 1493 4134 :
1533 4079 1596 4133 Et
1621 4081 1724 4135 erit
1747 4079 2014 4150 quemad-

457 4169 676 4225 modum
707 4171 752 4225 si
782 4170 905 4241 quis
931 4172 1150 4244 colligat
1179 4172 1381 4241 spicam
1407 4173 1458 4226 in
1477 4172 1720 4226 convalle
1746 4170 1945 4236 solida,
1961 4179 2016 4226 et

452 4261 638 4314 relicta
667 4259 722 4313 in
745 4276 809 4314 ea
839 4260 910 4314 sit
936 4261 1158 4331 stipula,
1189 4270 1281 4314 aut
1308 4270 1563 4332 tanquam
1592 4262 1638 4316 si
1667 4263 1845 4316 bacca:
1865 4262 2022 4316 oliva;

454 4347 575 4404 dua:
601 4349 682 4404 vel
721 4357 832 4405 tres
860 4353 915 4405 in
950 4367 1163 4406 summo
1193 4353 1527 4417 sublimium,
1560 4354 1644 4408 vel
1677 4364 1910 4424 quatuor
1931 4355 2013 4408 vel

2115 3173 2298 3238 Δεῦτε,
2329 3175 2421 3226 καὶ
2447 3174 2735 3243 ἀναδῶμεν
2764 3175 2843 3236 είς
2865 3173 2924 3226 τὸ
2949 3173 3072 3244 ὅρος
3095 3173 3186 3226 τοῦ
3219 3174 3443 3246 Κυρίου,
3480 3176 3570 3227 καὶ
3597 3177 3679 3240 είς

2113 3266 2204 3319 τὸν
2240 3264 2382 3321 οἷκον
2410 3266 2501 3319 τοῦ
2523 3266 2656 3319 Θεοῦ
2691 3265 2882 3319 Ἰακώϐ
2906 3284 2918 3297 ·
2961 3267 3053 3320 καὶ
3095 3269 3381 3336 ἀναγγελεῖ
3419 3269 3546 3338 ἡμῖν
3576 3269 3681 3339 τὴν

2113 3357 2230 3410 ὁδὸν
2281 3357 2478 3422 αὐτού,
2533 3359 2626 3410 καὶ
2684 3358 3058 3428 πορευσόμεθα
3107 3360 3163 3410 ὲν
3207 3359 3362 3430 αὐτῇ.
3419 3361 3513 3412 Ἐκ
3569 3360 3684 3432 γὰρ

2116 3447 2250 3502 Σιὼν
2272 3448 2606 3512 ἐξελεύσεται
2642 3449 2822 3518 νόμος,
2857 3450 2948 3501 καὶ
2975 3448 3129 3517 λόγος
3151 3451 3352 3520 Κυρίου
3380 3450 3438 3518 ἐξ
3477 3451 3678 3522 Ἰερου-

2117 3541 2315 3612 σαλὴμ,
2345 3543 2436 3594 καὶ
2465 3544 2638 3612 κρινεῖ
2663 3539 2764 3593 ἀνὰ
2799 3541 2962 3610 μέσον
2984 3542 3090 3596 τῶν
3110 3541 3300 3595 ἐθνῶν.
3329 3561 3346 3594 ι

2115 3651 2235 3722 AA".
2291 3653 2418 3704 Ἂπύ
2464 3652 2576 3722 τοῦ
2616 3653 2820 3722 αὐτοῦ.
2851 3684 2920 3693 -
2945 3654 3294 3722 Καθαίρεσις
3327 3651 3450 3722 τῆς
3491 3651 3679 3719 δόξης

2186 3721 2290 3775 τοῦ
2332 3721 2632 3775 Ἰουδαίων
2657 3721 2830 3783 λαοῦ,
2866 3723 2962 3774 καί
2995 3724 3031 3788 ἡ
3061 3721 3178 3773 τῶν
3203 3721 3393 3776 ἐθνῶν
3415 3722 3532 3776 ἀπὸ
3565 3722 3682 3790 τῆς

2183 3792 2664 3857 εἰδωλολατρείας
2696 3791 3025 3859 ἐπιστροφὴ
3058 3791 3202 3858 πρὸς
3238 3792 3344 3844 τὸν
3369 3792 3485 3844 τῶν
3519 3791 3684 3844 ὅλων

2188 3860 2353 3920 Θεὸν,
2397 3860 2466 3913 τά
2497 3877 2558 3912 τε
2591 3863 2720 3928 περὶ
2762 3861 2870 3927 τῆς
2907 3863 3149 3930 ἐρημίας
3183 3861 3300 3914 τῶν
3335 3861 3682 3915 Ἰουδαϊκῶν·

2185 3932 2435 4018 πόλεων,
2481 3931 2576 3984 καί
2619 3933 2748 3999 περὶ
2782 3931 2893 3999 τῆς
2929 3937 3015 3997 εὶς
3058 3931 3163 3984 τὸν
3206 3931 3354 3984 Θεὸν
3393 3932 3682 3998 ἀπιστίας

2189 4017 2403 4054 αυτων.

2191 4110 2210 4142 ι
2239 4091 2374 4144 Τάδε
2419 4091 2563 4160 λέγει
2611 4091 2809 4162 Κύριος
2835 4090 3091 4144 Σαϐαὼθ·
3139 4091 3233 4144 καὶ
3270 4089 3420 4143 ἔσται
3461 4090 3519 4143 ὃν
3555 4090 3683 4161 τρό-

2117 4198 2216 4237 πον
2258 4183 2348 4236 ὲάν
2391 4201 2472 4246 τις
2514 4183 2789 4253 συναγάγῃ
2834 4183 3032 4251 στάχυν
3072 4183 3129 4234 ἐν
3173 4183 3415 4254 φάραγγι
3461 4182 3677 4252 στερεᾷ,

2118 4277 2210 4333 καὶ
2239 4275 2566 4346 καταλειφθῇ
2603 4276 2658 4326 ὲν
2689 4275 2822 4345 αὐτῇ
2851 4273 3094 4344 καλάμη,
3125 4273 3158 4344 ἢ
3191 4274 3266 4336 ὡς
3293 4273 3466 4346 ρῶγες
3495 4272 3681 4336 ἐλαίας

2116 4367 2208 4421 δύο
2255 4367 2287 4436 ἢ
2331 4371 2478 4437 τρεῖς
2531 4368 2614 4418 ἐπ’
2660 4367 2831 4438 ἄκρου
2891 4365 3215 4437 μετεώρων,
3265 4365 3298 4432 ἥ
3344 4365 3602 4435 τέσσαρες
3641 4364 3677 4434 ἢ

456 4440 696 4509 quinque
729 4442 785 4494 in
820 4443 984 4498 ramis
1023 4457 1208 4497 eorum
1239 4446 1442 4500 relicta:
1471 4445 1691 4501 fuerint.
1727 4445 1849 4501 Haec
1883 4447 2014 4503 dicit

2126 4459 2278 4511 πέντε
2317 4457 2544 4512 ἐπὶτῶν
2583 4457 2788 4511 κλάδων
2839 4456 3016 4510 αὐτῶν
3071 4455 3492 4525 καταλειφθῶσι.
3539 4455 3676 4509 Τάδε

458 4537 721 4592 Dominus
758 4537 897 4593 Deus
927 4536 1091 4594 Israel
1120 4559 1134 4594 :
1166 4539 1260 4595 Die
1301 4540 1392 4595 illa
1421 4540 1700 4600 conﬁdens
1729 4542 1833 4596 erit
1855 4543 2014 4597 homo

459 4633 517 4684 in
542 4645 628 4692 eo,
653 4629 742 4696 qui
775 4628 876 4699 57
901 4628 1028 4684 fecit
1057 4630 1268 4700 ipsum;
1295 4632 1438 4686 oculi
1460 4642 1636 4687 autem
1657 4632 1776 4701 ejus
1803 4633 1867 4687 ad
1891 4649 2016 4688 san-

457 4725 608 4770 ctum
628 4715 790 4771 Israel
815 4718 1123 4787 respicient,
1153 4728 1205 4772 et
1228 4735 1334 4774 non
1360 4720 1630 4774 conﬁdent
1654 4723 1708 4777 in
1733 4723 2015 4786 altaribus,
2062 4732 2069 4744 ’

458 4825 638 4882 neque
683 4808 741 4865 in
765 4811 1018 4879 operibus
1048 4826 1302 4865 manuum
1341 4829 1582 4877 suarum,
1604 4830 1724 4884 quae
1776 4814 2020 4870 fecerunt

457 4904 609 4976 digiti
634 4905 878 4975 ipsorum
907 4925 920 4960 :
952 4921 1125 4976 neque
1158 4907 1422 4976 aspicient
1459 4909 1628 4980 ligna,
1659 4920 1712 4964 et
1741 4911 2010 4966 abomina-

462 4997 638 5050 tiones
657 5012 788 5051 suas
836 4997 922 5051 die
969 4998 1077 5051 illa.
1141 4997 1313 5052 Erunt
1363 4999 1610 5054 civitates
1641 5009 1746 5056 tua:
1775 5003 2015 5063 relictae,

458 5087 913 5155 quemadmodum
961 5088 1274 5144 defecerunt
1304 5091 1601 5145 Amorrluei
1630 5100 1682 5146 et
1714 5091 1851 5146 Επεὶ
1883 5108 1911 5145 a
1941 5093 2019 5146 fa-

459 5178 541 5230 cie
571 5177 801 5233 ﬁliorum
834 5181 1017 5245 Israel,
1049 5191 1102 5236 et
1149 5192 1310 5238 erunt
1340 5183 1552 5239 deserta
1584 5203 1595 5237 :
1639 5185 1895 5253 quoniam
1927 5185 2021 5239 de-

461 5271 680 5326 seruisti
713 5269 880 5327 Deum
911 5273 1241 5331 Salvatnrem
1274 5285 1448 5340 tuum,
1475 5285 1527 5332 et
1572 5277 1782 5331 Domini
1817 5277 1909 5332 Dei
1940 5278 2019 5331 tui

461 5375 566 5414 non
598 5364 912 5420 recordatus
942 5382 1022 5422 es.
1067 5365 1356 5438 Promerea
1412 5368 1681 5438 plantabis
1732 5369 2020 5438 plantatio—

461 5467 582 5504 ncm
625 5453 890 5510 inﬁdelem
919 5477 931 5510 :
969 5473 1290 5531 quacunque
1323 5470 1502 5516 autem
1536 5463 1622 5518 die
1651 5461 1978 5532 plantaveris
2001 5501 2017 5524 ,

457 5541 745 5611 decipieris
780 5548 844 5598 ⁸³.
889 5568 908 5599 ι

459 5652 550 5691 τευ
558 5653 630 5705 μα
662 5637 889 5692 ἄπιστον
932 5658 944 5670 ·

2116 4549 2262 4618 λέγει
2308 4549 2508 4620 Κύριος
2555 4552 2581 4602 ό
2604 4550 2732 4612 Θεὸς
2759 4548 2851 4602 τοῦ
2895 4549 3126 4619 Ἰσραήλ·
3159 4550 3234 4619 Τῇ
3273 4549 3454 4620 ἡμέρα
3495 4548 3679 4620 ἐκείνῃ

2121 4639 2391 4704 πεποιθὼς
2417 4641 2565 4694 ἔσται
2593 4642 2621 4692 ό
2651 4641 2932 4712 ἄνθρωπος
2957 4641 3048 4692 ἐπὶ
3074 4640 3150 4710 τῷ
3183 4642 3461 4711 ποιήσαντι
3495 4639 3674 4692 αὑτόν·

2120 4736 2168 4787 οἱ
2209 4734 2263 4786 δὲ
2300 4733 2562 4804 ὀφθαλμοὶ
2595 4733 2756 4787 αὑτοῦ
2797 4734 2876 4796 εἰς
2917 4734 3006 4787 τὸν
3048 4733 3198 4801 ἅγιον
3233 4723 3674 4804 Ἰσραὴλί-μὸλέ-

2120 4826 2338 4896 ψονται·
2374 4827 2466 4879 καὶ
2499 4827 2558 4878 οὑ
2580 4825 2652 4896 μὴ
2685 4825 2997 4888 πεποιθότες
3029 4820 3160 4879 ὦσιν
3193 4826 3284 4877 ἐπὶ
3313 4827 3425 4888 τοῖς
3457 4825 3676 4894 βωμοῖς,

2121 4915 2240 4970 οὔτε
2277 4919 2368 4969 ἐπὶ
2393 4919 2505 4979 τοῖς
2543 4917 2721 4988 ἔργοις
2755 4917 2861 4969 τῶν
2893 4916 3090 4987 χειρῶν
3122 4916 3322 4983 αὐτῶν,
3357 4917 3393 4969 ἃ
3422 4915 3679 4987 ἐποίησαν

2120 5010 2168 5060 οἱ
2189 5008 2433 5062 δάκτυλοι
2466 5007 2640 5059 αὑτῶν
2660 5025 2672 5036 ·
2705 5009 2797 5060 καὶ
2840 5009 2938 5061 οὑκ
2970 5009 3188 5076 ὄψονται
3216 5009 3284 5062 τὰ
3309 5010 3523 5079 δένδρα,
3555 5009 3678 5063 οὔτε

2121 5099 2187 5152 τὰ
2231 5099 2572 5170 βδελύγματα
2616 5100 2790 5154 αὑτῶν
2838 5102 2902 5172 τῇ
2952 5101 3134 5172 ἡμέρα
3181 5103 3384 5173 ἐκείνῃ.
3431 5103 3678 5156 Ἔσονται

2123 5193 2179 5243 αἱ
2201 5191 2382 5255 πόλεις
2419 5207 2510 5243 σου
2540 5190 3112 5260 ὲγκαταλελειμμέναι,
3141 5192 3198 5245 ὃν
3226 5195 3422 5264 τρόπον
3454 5194 3678 5262 ἐγκατέ-

2123 5283 2276 5335 λιπον
2320 5284 2368 5335 οἱ
2418 5284 2729 5354 Ἀμορραῖοι
2783 5283 2877 5336 καί
2915 5283 2964 5335 οἱ
3015 5284 3193 5337 Εὑαῖοι
3237 5285 3344 5337 ἀπὸ
3391 5282 3679 5356 προσώπου

2124 5374 2231 5426 τῶν
2265 5373 2394 5425 υἱῶν
2430 5373 2674 5445 Ἰσραήλ·
2712 5375 2802 5426 καὶ
2856 5374 3063 5428 ἔσονται
3092 5374 3284 5446 ἔρημοι
3315 5375 3444 5428 διότι
3490 5377 3684 5443 ἐγκατ-

2125 5464 2314 5528 έλιπες
2341 5465 2430 5516 τὸν
2462 5464 2592 5516 Θεὸν
2643 5465 2734 5519 τὸν
2773 5466 2992 5538 σωτῆρά
3033 5483 3155 5523 σου,
3211 5467 3304 5518 καὶ
3341 5465 3549 5537 Κυρίου
3587 5463 3680 5518 τοῦ

2126 5555 2259 5608 Θεοῦ
2313 5572 2405 5608 σου
2446 5555 2544 5608 οὑκ
2583 5556 2878 5627 ἐμνήσθης.
2926 5556 3024 5610 Διὰ
3060 5554 3216 5609 τοῦτο
3255 5557 3537 5626 φυτεύσεις
3583 5552 3680 5627 φύ-

1005 5645 1067 5715 τῇ
1096 5645 1150 5697 δὲ
1183 5607 1433 5720 ἡμέραίῇ
1481 5645 1547 5700 ἂν
1579 5646 1846 5720 φυτεύσῃς
1898 5647 2237 5720 πλανηθήσῃ.
2275 5666 2292 5699 ι

535 5754 581 5788 ⁸⁸
611 5753 838 5812 Malach.
871 5783 906 5822 ι,
947 5759 1128 5826 l0,lt.
1207 5764 1251 5794 '-'
1282 5763 1380 5820 lsa.
1415 5783 1448 5830 ι,
1483 5767 1514 5817 8
1612 5764 1655 5797 ⁸⁸
1686 5767 1814 5821 ibid.
1855 5768 1942 5821 ει.

2126 5768 2163 5823 )i
2188 5771 2220 5822 '.
2254 5769 2342 5823 51.
2418 5769 2590 5826 "lsa.
2622 5784 2681 5836 n,
2709 5767 2824 5823 2-1.
2920 5769 2966 5801 “
3001 5767 3100 5823 lsa.
3129 5780 3262 5831 rvn,
3297 5763 3443 5821 5-10.
