4068 6206
305 199 409 253 117

1205 196 1848 259 DEMONSTRATIONIS
1885 196 2339 254 EVANGELICAS
2378 197 2502 252 LIB.
2545 194 2608 250 II.

3418 194 3527 250 “8

303 319 430 374 AB’.
500 317 610 373 Τοῦ
658 318 864 374 αὐτοῦ.
899 350 966 360 —-
988 318 1257 386 Δήλωσις
1300 320 1693 387 καθαιρέσεως
1740 321 1856 375 τῶν

1961 317 2174 374 XXXII.
2204 317 2277 371 Ab
2306 320 2504 371 eodem.
2534 346 2603 358 —-—
2635 313 2888 387 Exposita
2931 312 3208 387 eversionis
3259 310 3517 387 Iudaica-

385 387 721 476 ’(ουδατκῶν
736 391 969 443 πόλεων
982 390 1075 442 καί
1098 389 1207 459 τῆς
1223 390 1338 444 τῶν
1351 390 1538 445 ἐθνῶν
1550 408 1625 443 κα
1633 391 1698 444 τὰ
1715 392 1861 444 Θεὸν

371 476 769 526 ευρρυσυνης.

378 590 395 619 ι
410 570 580 640 Κύριε
596 572 624 622 6
639 571 766 631 Θεὸς
783 588 903 641 μου,
921 569 1127 635 δοξάσω
1148 588 1227 633 σε,
1247 571 1470 641 ὑμνήσω
1491 572 1551 624 τὸ
1565 572 1731 642 ὄνομά
1748 586 1860 633 σου,

295 664 380 715 ὅτι
425 663 685 731 ἐποίησας
724 661 1005 731 θαυμαστά
1030 663 1347 733 πράγματα,
1400 663 1590 733 βουλὴν
1612 663 1862 734 ἀρχαίαν,

301 753 584 822 ἀληθινήν.
605 753 642 803 Γ
646 752 833 813 ἐνοιτο,
861 752 1052 823 Κύριε,
1081 754 1159 805 ὅτι
1176 753 1376 823 ἔθηκας
1390 753 1568 815 πόλεις
1594 756 1670 816 εἰς
1685 752 1863 821 χῶμα,

299 843 483 905 πόλεις
510 843 603 911 όχυ
613 842 727 914 ράς,
762 842 853 895 τοῦ
875 847 1058 896 πεσεῖν
1076 845 1252 898 αὐτῶν
1268 844 1334 897 τά
1353 844 1408 897 θε
1418 844 1588 914 μείλια.
1609 843 1727 897 Τῶν
1738 844 1865 896 ἀσε-

298 933 414 985 δῶν
443 932 591 996 πόλις
613 936 689 996 εἰς
727 934 815 986 τὸν
846 934 1019 988 αἰῶνα
1041 936 1097 987 οὐ
1131 935 1205 1006 μὴ
1230 934 1549 1006 οίκοδομηθῇ
1569 952 1583 964 ·
1601 934 1686 987 διὰ
1712 933 1866 988 τοῦτο

300 1025 649 1095 εὐλογήσουσί
702 1042 780 1078 σε.
852 1028 1065 1094 Ἐγένου
1102 1029 1208 1101 γὰρ
1271 1030 1417 1100 πάσῃ
1458 1029 1607 1081 πόλει
1642 1030 1864 1099 ταπεινῇ

300 1116 513 1187 βοηθὸς,
542 1118 633 1170 καὶ
689 1121 796 1181 τοῖς
853 1119 1163 1191 ἀθυμήσασι
1196 1121 1261 1174 δι’
1294 1121 1496 1174 ἔνδειαν
1528 1120 1715 1189 σκέπη.
1760 1120 1867 1172 Καὶ

299 1206 515 1275 ποιήσει
544 1206 741 1277 Κύριος
770 1208 993 1260 Σαϐαὼθ
1024 1212 1155 1262 πᾶσι
1185 1214 1294 1273 τοῖς
1328 1211 1531 1263 ἔθνεσιν
1552 1210 1643 1262 ἐπὶ
1664 1210 1724 1262 τὸ
1748 1208 1868 1279 ὅρος

294 1295 475 1360 τοῦτο,
508 1297 712 1350 πίονται
749 1299 1104 1371 εύλςροσύνην,
1153 1302 1363 1355 πίονται
1405 1299 1564 1365 οἶνον,
1594 1302 1869 1372 χρίσονται

306 1388 475 1460 μύρον
504 1390 558 1440 ἐν
582 1389 660 1459 τῷ
684 1389 801 1461 ὄρει
830 1391 1018 1462 τούτῳ.
1073 1394 1317 1465 Παράδος
1343 1394 1515 1448 ταῦτα
1547 1395 1721 1447 πάντα
1759 1394 1868 1453 τοῖς

296 1481 589 1551 ἔθνεσινοή
620 1482 727 1554 γὰρ
761 1482 921 1554 βουλὴ
952 1484 1085 1555 αὕτη
1119 1486 1210 1537 ἐπὶ
1242 1488 1414 1541 πάντα
1452 1488 1519 1540 τὰ
1547 1486 1671 1556 ἔθνη
1692 1504 1706 1517 ο
1736 1504 1870 1540 κατ·

298 1574 500 1626 ἐπιενδ
527 1574 748 1638 θάνατος
796 1575 1037 1646 ἰσχύσας.
1082 1579 1230 1630 »Καὶ
1259 1578 1447 1631 πάλιν·
1493 1597 1510 1629 ι
1558 1579 1796 1647 Ἀφεῖλεν
1840 1579 1868 1629 6

2012 406 2128 442 rum
2155 389 2382 453 urbium,
2415 396 2461 440 et
2483 381 2935 456 gentium’lwtitia:
2965 382 3245 436 secundum
3278 381 3463 435 Deum.

2040 589 2056 619 ι
2096 566 2320 620 Domine
2346 564 2488 619 Deus
2523 579 2695 624 meus,
2720 560 3032 633 glorificabo
3063 569 3132 621 te,
3167 559 3397 613 laudabo
3425 573 3522 612 no-

1964 676 2084 714 men
2116 669 2285 725 tuum,
2321 658 2573 727 quoniam
2605 654 2776 710 fecisti
2794 669 2880 709 res
2910 653 3203 715 mirabiles,
3233 650 3519 705 consilium

1964 752 2267 821 antiquum,
2291 765 2498 804 verum.
2532 746 2672 814 Fiat,
2713 747 2957 812 Domine,
2993 744 3250 814 quoniam
3291 740 3520 813 posuisti

1965 844 2213 897 civitates
2256 842 2311 895 in
2344 841 2634 903 tumulum,
2662 840 2909 894 civitates
2951 837 3209 897 munitas,
3238 843 3297 889 ut
3329 834 3523 889 cadent

1966 949 2149 989 earum
2183 932 2547 986 fundamenta.
2598 930 2887 999 lmpiorum
2944 929 3134 982 civitas
3177 928 3228 980 in
3260 933 3521 981 aeternum

1968 1042 2074 1080 non
2105 1024 2459 1079 :edificabitur
2493 1042 2505 1075 :
2543 1030 2826 1093 propterea
2862 1020 3143 1075 heuedicet
3168 1019 3262 1071 tibi
3288 1017 3520 1088 populus

1966 1123 2143 1190 inops,
2173 1127 2226 1173 et
2255 1119 2500 1172 civitates
2533 1115 2812 1169 hominum
2850 1113 3080 1181 injurias
3107 1112 3392 1165 ferentium
3425 1111 3523 1163 be—

1969 1211 2219 1265 nedicent
2242 1209 2357 1265 tibi.
2387 1206 2588 1260 Factus
2619 1206 2761 1259 enim
2800 1220 2858 1258 es
2902 1204 3047 1257 omni
3083 1203 3285 1256 civitati
3329 1200 3521 1254 humili

1969 1298 2201 1367 adjutor,
2237 1305 2289 1351 et
2329 1310 2561 1349 maerore
2614 1292 2820 1347 allectis
2872 1301 3092 1362 propter
3147 1292 3519 1360 indigentiam,

1970 1387 2232 1457 protectio
2264 1394 2352 1440 :et
2382 1385 2539 1438 faciet
2568 1383 2825 1437 Dominus
2850 1381 3085 1435 Sabaoth
3118 1382 3370 1437 omnibus
3391 1397 3522 1451 gen-

1969 1480 2115 1534 tibus
2146 1480 2200 1532 in
2229 1487 2406 1533 monte
2435 1479 2558 1540 hoc,
2591 1478 2773 1531 bibent
2808 1476 3067 1536 laetitiam.
3099 1475 3285 1531 bibent
3313 1475 3519 1539 vinum,

1974 1579 2242 1641 ungentur
2268 1577 2543 1640 unguento
2573 1569 2627 1621 in
2668 1577 2849 1621 monte
2873 1567 2995 1621 hoc.
3053 1566 3231 1621 Trade
3267 1566 3379 1621 haec
3406 1580 3524 1620 om-

296 1663 430 1726 Θεὺς
470 1666 575 1715 πᾶν
597 1663 826 1735 δάκρυον
854 1665 960 1718 ἀπὸ
995 1665 1194 1728 παντὸς
1226 1665 1536 1735 προσώπου,
1567 1666 1625 1720 τὸ
1656 1665 1854 1726 ὄνειδος

1959 1661 2045 1715 nia
2070 1659 2341 1730 gentibus,
2379 1658 2668 1713 consilium
2701 1657 2845 1711 enim
2872 1656 2974 1709 hoc
3003 1657 3056 1709 in
3086 1671 3277 1711 omnes
3299 1654 3517 1726 gentes:

295 1755 391 1807 τοῦ
425 1754 554 1808 λαοῦ
584 1756 797 1824 ἀφεῖλεν
823 1759 851 1809 6
885 1758 1015 1820 Θεὸς
1049 1759 1156 1811 ἀπὸ
1183 1760 1359 1829 πάσης
1382 1760 1480 1829 τῆς
1503 1759 1622 1828 γῆς.
1648 1759 1719 1810 Τὸ
1747 1758 1855 1829 γάρ

298 1846 473 1915 στόμα
499 1847 701 1917 Κυρίου
720 1847 944 1917 ἐλάλησε
971 1847 1159 1902 ταῦτα.
1176 1868 1195 1899 ι

294 2131 419 2185 Al".
464 2130 570 2184 Τοῦ
592 2131 797 2188 αὐτοῦ.
829 2162 898 2172 --
941 2131 1187 2201 Ἀγαθῶν
1212 2133 1534 2201 ἐπαγγελία
1565 2130 1639 2198 τῇ
1676 2131 1856 2186 πάλαι

364 2201 561 2268 ἐρήμῳ
600 2201 669 2264 ἐξ
716 2201 906 2255 ἐθνῶν
951 2203 1287 2269 Ἐκκλησία,
1327 2203 1433 2257 τοῦ
1458 2220 1520 2257 τε
1569 2201 1859 2256 Ἰουδαίων

367 2271 580 2350 ἔθνους
614 2272 951 2350 ἁεςόγνωσις
988 2272 1087 2350 καὶ
1125 2273 1374 2350 ξαίεγχχος
1401 2272 1523 2350 τῶν
1565 2270 1859 2340 ἁμαρτιῶν

365 2340 581 2403 αὐτῶν,
606 2341 702 2393 καί
723 2340 959 2394 πάντων
983 2341 1101 2395 τῶν
1128 2340 1316 2395 ἐθνῶν
1342 2341 1577 2410 κλῆσις.

372 2470 390 2500 ι
418 2450 510 2520 Μὴ
531 2452 891 2520 μνημονεύετε
910 2451 977 2505 τὰ
1000 2452 1208 2524 πρῶτα,
1240 2454 1331 2507 καὶ
1351 2455 1417 2508 τὰ
1435 2458 1630 2527 ἀρχαῖα
1651 2460 1723 2531 μὴ
1748 2462 1858 2513 συλι

290 2539 569 2607 λογίζεσθε
589 2557 601 2569 ⁸
632 2541 712 2593 ὅτι
737 2541 843 2594 ἰδοὺ
870 2541 979 2610 ἐγὼ
995 2543 1132 2594 ποιῶ
1154 2543 1314 2597 καινά
1328 2544 1364 2598 ἃ
1379 2546 1471 2598 νῦν
1488 2547 1746 2613 ἀνατελεῖ,
1765 2551 1857 2603 καὶ

291 2628 564 2697 γνώσεσθε
581 2629 723 2682 αύτὰ
742 2646 754 2659 '
776 2631 866 2683 καὶ
900 2632 1108 2702 ποιήσω
1133 2633 1190 2685 ὲν
1219 2636 1282 2703 τῇ
1315 2634 1502 2705 ἐρήμῳ
1527 2636 1659 2702 ὁδὸν,
1691 2640 1782 2691 καὶ
1801 2640 1856 2691 ὲν

290 2723 359 2790 τῇ
389 2721 598 2792 ἀνύδρῳ
618 2723 908 2792 ποταμούς.
939 2724 1046 2776 Καὶ
1075 2724 1353 2794 εύλογήσει
1383 2744 1448 2796 με
1478 2727 1543 2779 τά
1568 2727 1729 2799 θηρία
1761 2731 1853 2783 τοῦ

290 2812 483 2883 ἀγροῦ,
518 2813 765 2883 σειρῆνες
797 2814 888 2866 καὶ
914 2814 1207 2884 θυγατέρες
1236 2815 1532 2883 στρουθῶν·
1572 2820 1651 2871 ὅτι
1686 2818 1857 2873 ἔδωκα

290 2904 352 2953 ὲν
368 2904 432 2972 τῇ
464 2903 653 2973 ἐρήμῳ
688 2902 830 2972 ὕδωρ
856 2903 1067 2955 ποτίσαι
1094 2904 1155 2955 τὸ
1175 2904 1329 2971 γένος
1365 2922 1462 2974 μου
1494 2905 1553 2958 τὸ
1584 2906 1853 2971 ἐκλεκτὸν,

1959 1752 2235 1807 devoravit
2290 1766 2436 1804 nmrs
2465 1749 2800 1803 iuvalescens
2831 1747 2932 1800 ⁸ο».
2978 1746 3044 1799 Et
3090 1762 3280 1801 rursus
3312 1766 3323 1800 :
3356 1743 3525 1800 «Abs-

1958 1843 2080 1900 tulit
2142 1841 2282 1896 Deus
2332 1856 2547 1895 onmem
2602 1840 2897 1909 lacrymam
2929 1837 2996 1893 ab
3029 1836 3179 1890 omni
3212 1836 3370 1899 facie,
3400 1851 3524 1906 pro-

1957 1937 2115 1990 brum
2171 1933 2357 2002 populi
2382 1930 2605 1985 abstulit
2637 1930 2779 1983 Deus
2803 1930 2873 1984 ab
2895 1929 3042 1984 omni
3076 1936 3242 1983 terra.
3282 1925 3356 1983 Os
3378 1928 3523 1982 enim

1960 2021 2168 2078 Domini
2192 2022 2431 2075 locutum
2456 2028 2539 2074 est
2571 2019 2685 2073 huic
2716 2019 2816 2072 υ.»

1957 2130 2192 2187 XXXIII.
2229 2130 2305 2183 Ab
2344 2130 2540 2184 eodem.
2573 2160 2642 2168 —
2668 2128 2936 2182 Bonorum
2995 2129 3272 2196 promissio
3299 2126 3367 2179 ad
3397 2125 3523 2180 olim

2028 2203 2287 2257 desertam
2315 2218 2348 2253 a
2367 2199 2603 2270 gentibus
2641 2198 2955 2261 Ecclesium,
3003 2206 3055 2251 et
3084 2196 3325 2251 Iudaicae
3356 2198 3519 2266 gentis

2028 2273 2340 2341 desperatio,
2362 2269 2409 2324 et
2434 2269 2732 2338 redargutio
2746 2278 3079 2337 peccatorum
3104 2282 3303 2331 eorum,
3335 2275 3384 2319 et
3416 2282 3522 2321 om-

2028 2345 2171 2397 nium
2198 2342 2429 2411 gentium
2457 2342 2677 2394 vacatio.

2038 2473 2055 2506 ι
2097 2456 2175 2510 Ne
2206 2453 2572 2509 recordamini
2632 2452 2829 2522 prima,
2858 2459 2911 2505 et
2946 2451 3168 2519 antiqua
3200 2465 3265 2505 ne
3306 2463 3523 2519 compu-

1963 2552 2072 2599 tate
2100 2563 2114 2598 :
2152 2544 2404 2613 quoniam
2433 2557 2557 2597 ecce
2583 2558 2682 2611 ego
2700 2541 2837 2594 facio
2868 2556 3025 2606 nova,
3047 2555 3168 2609 quae
3195 2540 3523 2595 nuncorien'

1966 2642 2076 2697 tur,
2111 2644 2163 2689 et
2204 2632 2547 2703 cognoscetis
2574 2647 2636 2686 ea
2686 2646 2700 2681 :
2738 2640 2789 2687 et
2823 2630 3016 2684 faciam
3053 2630 3106 2683 in
3137 2630 3350 2686 deserto
3378 2628 3521 2685 viam

1964 2736 2017 2780 et
2047 2726 2136 2780 ubi
2171 2742 2278 2779 non
2309 2735 2392 2780 est
2442 2738 2602 2792 aqua,
2662 2721 2889 2776 ﬂuvios:
2924 2729 2977 2775 et
3006 2721 3326 2776 henedicent
3378 2719 3511 2775 miti

1960 2816 2149 2872 bestia:
2188 2817 2335 2886 agri,
2382 2816 2590 2869 sirenes
2630 2821 2683 2868 et
2717 2813 2838 2867 ﬁlia:
2876 2828 3155 2883 passerum
3191 2831 3203 2867 :
3260 2813 3518 2882 quoniam

1961 2909 2082 2964 dedi
2112 2910 2165 2963 in
2198 2910 2413 2963 deserto
2437 2922 2654 2977 aquam,
2689 2914 2747 2959 ut
2776 2914 2960 2975 potum
2983 2906 3168 2960 darem
3202 2906 3383 2974 generi
3400 2919 3522 2959 meo

289 2994 419 3047 λαόν
457 3012 555 3064 μου
607 2994 663 3047 ὃν
723 2996 1220 3065 περιεποιησάμην⁶
1263 2994 1362 3058 τὰς
1408 2997 1605 3067 ἀρετάς
1645 3015 1745 3068 μου
1786 2999 1856 3051 δι-

1962 3002 2154 3064 electo,
2189 3000 2387 3068 populo
2408 3014 2548 3062 meo,
2585 3013 2743 3067 quem
2770 2997 3069 3065 acquisivi:
3104 2996 3330 3051 virtutes
3368 3010 3518 3050 meas

294 3084 543 3153 ηγεῖσθε.
579 3086 650 3136 Οὐ
674 3086 763 3137 νῦν
794 3085 1024 3138 ἐκαλεσά
1043 3102 1099 3138 σε
1126 3087 1336 3149 Ἰακὼϐ,
1369 3090 1486 3141 οὐδὲ
1520 3092 1770 3144 κοπιάσαι
1800 3108 1858 3144 σε

301 3176 536 3244 ἐποίησα
576 3176 800 3248 Ἰσραήλ.
836 3179 948 3230 Οὐκ
977 3178 1210 3248 ἤνεγκας
1239 3197 1327 3249 μοι
1353 3180 1601 3250 πρόϐατα
1626 3182 1723 3250 τῆς
1744 3182 1865 3234 ὁλο-·

306 3267 638 3340 καρπώσεώς
674 3287 785 3331 σου,
836 3271 955 3323 οὐδὲ
1002 3274 1059 3324 ὲν
1090 3274 1206 3335 ταῖς
1253 3272 1462 3337 θυσίαις
1491 3292 1581 3326 σου
1607 3274 1858 3339 ὲδόξασάς

302 3376 405 3429 με’
433 3359 527 3411 οὐκ
578 3359 888 3422 ὲδούλευσάς
920 3377 1007 3429 μοι
1063 3363 1119 3413 ὲν
1144 3360 1352 3432 δώροις.
1383 3363 1503 3415 οὐδὲ
1541 3363 1769 3431 ἕγκοπόν
1798 3381 1857 3418 σε

294 3448 527 3518 ἐποίησα
580 3450 636 3501 ἐν
690 3448 908 3518 λιϐάνῳ,
940 3450 1060 3502 οὐδὲ
1092 3452 1306 3521 ἐκτήσω
1352 3469 1440 3522 μοι
1475 3454 1734 3525 ἀργυρίου
1767 3455 1859 3506 θυ-

296 3539 498 3608 μίαμα,
522 3538 638 3590 οὐδὲ
684 3537 846 3607 στέαρ
881 3538 987 3591 τῶν
1019 3537 1215 3591 θυσιῶν
1246 3556 1337 3592 σου
1369 3540 1707 3611 ἐπεθύμησα,
1742 3540 1857 3594 ἀλλ’

293 3634 351 3684 ὲν
382 3634 498 3693 ταῖς
525 3630 814 3701 ἁμαρτίαις
848 3647 939 3682 σου
978 3631 1071 3683 καὶ
1102 3633 1157 3683 ὲν
1178 3635 1295 3696 ταῖς
1333 3632 1567 3696 ἀδικίαις
1601 3649 1692 3686 σου
1726 3650 1857 3705 προ-

293 3725 458 3793 ἐστην
492 3741 603 3777 σου.
631 3743 648 3775 ι
686 3724 792 3775 Καὶ
820 3723 1003 3785 ἐντοῖς
1042 3723 1169 3792 ἑξῆς
1194 3740 1355 3793 φησιν
1375 3741 1387 3753 ·
1412 3743 1430 3774 ε
1453 3724 1852 3797 Ἐπιστράφητε

291 3816 431 3885 πρὸς
477 3815 564 3885 με,
612 3815 706 3867 καὶ
760 3812 1063 3885 σωθήσεσθε
1096 3817 1144 3867 oi
1186 3815 1278 3867 ἀπ’
1326 3815 1550 3885 ἐσχάτου
1592 3816 1692 3886 τῆς
1731 3817 1851 3886 γῆς.

302 3905 444 3975 Ἑγὼ
466 3908 606 3976 ειμι,
635 3907 726 3959 καὶ
742 3907 840 3958 οὐκ
863 3905 1007 3959 ἐστιν
1031 3905 1185 3970 ἄλλος
1208 3922 1221 3935 ·
1248 3908 1364 3958 κατ’
1400 3906 1632 3977 ἐμαυτοῦ
1649 3907 1852 3977 ὀμνύω,

287 3993 323 4068 ἦ
357 3998 466 4068 μὴν
493 3996 827 4063 ἐξελεύσεται
856 4000 919 4051 ἐκ
950 3996 1043 4049 τυῦ
1081 3997 1345 4068 στόματός
1389 4015 1488 4068 μου
1520 3998 1849 4070 δικαιοσύνη.

289 4091 350 4143 Οί
381 4090 541 4157 Λόγοι
584 4107 682 4160 μου
730 4091 828 4142 οὐκ
883 4091 1419 4162 ἀποστραφήσονται’
1458 4093 1537 4145 ὅτι
1590 4093 1711 4161 ἐμοὶ
1748 4095 1853 4146 πᾶν

286 4180 420 4248 γόνυ
459 4180 681 4249 κάμψει,
706 4181 799 4233 καὶ
824 4182 1036 4251 ὀμεῖται
1064 4185 1210 4236 πᾶσα
1237 4184 1455 4252 γλῶσσα
1477 4184 1568 4237 τὸν
1593 4184 1725 4238 Θεὸν
1762 4185 1853 4239 τὸν

286 4268 575 4337 ἀληθινὸν,
616 4268 787 4337 λέγων
811 4287 823 4299 ·
864 4271 1182 4344 Δικαιοσύνη
1216 4276 1307 4326 καὶ
1356 4275 1480 4339 δόξα
1517 4276 1653 4347 πρὸς
1692 4276 1851 4329 αὑτὸν

1960 3107 2205 3147 narrare.
2238 3091 2347 3161 58
2378 3089 2493 3144 Non
2524 3105 2668 3144 nunc
2701 3091 2888 3144 vocavi
2920 3099 2992 3153 te,
3020 3088 3207 3154 Jacob,
3231 3105 3405 3159 neque
3434 3090 3516 3143 la~

1960 3184 2152 3239 borare
2206 3193 2256 3237 te
2296 3183 2421 3247 feci,
2471 3180 2655 3237 Israel.
2689 3180 2805 3235 Non
2839 3180 3079 3235 obtulisti
3114 3181 3243 3234 mihi
3282 3180 3522 3251 pecudes

1959 3276 2261 3330 holocausti
2298 3276 2396 3339 tui,
2454 3290 2629 3344 neque
2664 3275 2717 3328 in
2749 3272 3030 3329 sacrificiis
3063 3274 3173 3327 tuis
3201 3273 3520 3342 glorificasti

1959 3383 2079 3433 me;
2115 3382 2219 3420 non
2252 3366 2467 3421 servisti
2506 3366 2637 3421 mihi
2661 3366 2714 3418 in
2740 3365 2919 3428 donis,
2951 3380 3051 3419 nec
3082 3365 3267 3419 labore
3291 3372 3340 3419 te
3354 3362 3509 3417 affeci

1958 3463 2012 3516 in
2046 3463 2221 3523 thure,
2242 3476 2415 3530 neque
2441 3457 2769 3529 comparasti
2802 3458 2932 3511 mihi
2957 3465 3178 3528 argento
3210 3456 3516 3516 incensum,

1957 3569 2131 3624 neque
2164 3553 2377 3622 adipem
2412 3552 2753 3604 victimarum
2813 3558 3029 3603 tuarum
3063 3547 3350 3618 concupivi
3372 3587 3386 3610 ,
3423 3546 3517 3602 sed

1957 3648 2011 3701 in
2043 3646 2279 3717 peccatis
2308 3643 2438 3705 tuis,
2470 3650 2522 3695 et
2556 3642 2609 3695 in
2640 3642 2922 3711 injustitiis
2948 3643 3059 3696 tuis
3083 3642 3272 3711 praefui
3293 3641 3449 3694 tibi“
3470 3659 3513 3692 ι.

1956 3738 2021 3792 Et
2074 3740 2127 3791 in
2159 3734 2513 3805 sequentibus
2574 3734 2689 3789 ait:
2740 3751 2758 3784 ι
2797 3734 3188 3788 Convertimini
3222 3733 3288 3786 ad
3329 3748 3434 3793 me,
3464 3740 3517 3785 et

1955 3831 2090 3885 salvi
2114 3828 2290 3889 eritis,
2322 3826 2413 3895 qui
2446 3826 2641 3880 venitis
2672 3824 2738 3878 ab
2763 3832 3005 3878 extremo
3030 3833 3208 3879 terrae.
3238 3822 3347 3893 Ego
3369 3839 3513 3886 sum,

1953 3932 2011 3978 et
2038 3937 2145 3976 non
2173 3928 2255 3975 est
2284 3920 2444 3980 alius,
2475 3932 2567 3986 per
2599 3932 2686 3970 me
2720 3914 3040 3985 ipsumjuro
3070 3934 3084 3970 :
3115 3929 3239 3969 vere
3257 3913 3426 3968 exibit
3450 3914 3517 3968 de

1953 4029 2046 4068 ore
2071 4027 2189 4067 meo
2212 4011 2444 4080 justitia.
2467 4007 2649 4063 Verba
2676 4024 2793 4079 mea
2819 4022 2926 4061 non
2970 4012 3347 4062 revertentur:
3380 4019 3517 4074 quo-
3612 4006 3615 4009 ’

1954 4105 2096 4158 niam
2120 4102 2250 4156 mihi
2302 4115 2460 4155 omne
2485 4114 2623 4168 genu
2658 4098 2993 4161 curvabitur,
3027 4106 3081 4152 et
3101 4096 3307 4166 iurabit
3336 4096 3516 4150 omnis

1953 4196 2136 4264 lingua
2186 4192 2350 4247 Deum
2376 4208 2583 4254 verum,
2643 4191 2831 4245 dicens
2863 4210 2875 4244 :
2909 4188 3129 4244 Justitia
3166 4196 3220 4244 et
3247 4189 3415 4259 gloria
3446 4186 3516 4242 ad

1952 4302 2073 4340 eum
2105 4285 2301 4346 veniet,
2335 4290 2388 4337 et
2416 4282 2737 4337 erubescent
2788 4298 3000 4346 omnes,
3049 4284 3141 4352 qui
3195 4280 3515 4353 disjungunt

283 4359 426 4430 ἣξει,
452 4362 548 4416 καί
587 4362 1029 4433 αίσχυνθήσονται
1063 4366 1258 4429 πάντες
1283 4368 1329 4419 oi
1373 4367 1694 4439 διορίζοντες
1722 4369 1847 4421 ἑαυ-

1959 4377 2161 4445 seipsos
2192 4391 2221 4427 a
2252 4372 2478 4429 Domino
2510 4374 2558 4407 ’³
2598 4391 2641 4425 ι.

286 4448 415 4510 τοὺς
444 4449 551 4501 ἀπὸ
576 4448 667 4501 τοῦ
693 4451 915 4520 Κυρίου.
958 4471 976 4503 ι

286 4560 407 4633 ΛΔξ.
440 4559 547 4633 Τοῦ
568 4560 769 4613 αὑτοῦ.
793 4592 862 4600 -
887 4560 1151 4628 Δήλωσις
1189 4563 1298 4632 τῆς
1327 4564 1431 4618 τοῦ
1475 4566 1729 4633 Χριστοῦ
1759 4569 1845 4630 είς

361 4629 705 4703 ᾀνθρώεζους
751 4629 1256 4703 παρουσίας-,ίΚαί
1296 4629 1542 4703 ἐλεγχος
1564 4634 1669 4688 τοῦ
1708 4629 1844 4688 Ἰουέ

357 4698 536 4773 δαίων
557 4701 790 4773 ἔθνους,
813 4700 909 4753 καί
944 4702 1065 4766 τοῖς
1096 4702 1337 4757 ἔθνεσιν
1368 4698 1596 4758 debet,»
1614 4704 1846 4773 ἀγαθῶν

359 4769 699 4838 ἐπαγγελία.

364 4904 381 4935 ε
414 4885 567 4937 Οὕτω
602 4883 748 4953 λέγει
780 4885 1010 4956 Κύριος“
1051 4888 1205 4940 Ποῖον
1248 4888 1309 4940 τὸ
1346 4888 1545 4957 βιϐλίον
1570 4887 1726 4941 τοῦτο
1750 4888 1845 4941 τοῦ

282 4976 614 5029 ἀποστασίου
641 4977 739 5044 τῆς
769 4979 970 5048 μητρὸς
1004 4980 1176 5050 ὑμῶν,
1202 4981 1258 5032 ὲν
1283 4974 1326 5047 ᾧ
1359 4981 1712 5047 ὲξαπέστειλα
1750 4983 1844 5035 αύ-

279 5067 419 5135 τήν;
480 5066 512 5138 ἢ
564 5067 667 5120 τίνι
715 5069 962 5139 ὁπόχρεῳ
1002 5071 1258 5142 πέπρακα
1306 5073 1482 5142 ὑμᾶς;
1556 5073 1684 5126 Ἰδοὺ
1726 5076 1845 5137 ταῖς

284 5159 577 5229 ἁμαρτίαις
605 5159 755 5230 ὑμῶν
792 5162 1084 5232 ἐπράθητε,
1123 5165 1215 5216 καὶ
1252 5166 1370 5227 ταῖς
1414 5165 1661 5234 ἀνομίαις
1694 5165 1845 5236 ὑμῶν

281 5250 634 5315 ἐξαπέστειλα
668 5254 765 5324 τὴν
789 5254 998 5326 μητέρα
1028 5255 1207 5325 ὑμῶν·
1245 5256 1377 5309 διότι
1417 5252 1596 5328 ἦλθον,
1631 5257 1725 5310 καὶ
1749 5260 1848 5311 οὐκ

278 5338 349 5410 ἦν
374 5341 649 5413 ἄνθρωπος
665 5359 681 5376 ο
709 5344 960 5408 ἐκάλεσα,
978 5347 1070 5399 καὶ
1086 5348 1186 5400 οὑκ
1212 5343 1278 5419 ἦν
1293 5350 1320 5401 6
1335 5349 1790 5419 ὑπακουσόμενος,
1825 5369 1843 5400 ι

277 5435 375 5487 καὶ
394 5434 461 5487 τὰ
477 5436 621 5505 ἑξῆς·
649 5432 729 5502 οἷς
760 5438 1020 5507 ἐπιλέγει·
1058 5458 1076 5490 ι
1115 5441 1177 5492 Οἱ
1207 5441 1554 5511 πορευόμενοι
1571 5443 1626 5494 ἐν
1649 5441 1847 5506 σκότει,

1951 4575 2184 4631 XXXIV.
2224 4577 2301 4644 Ab
2330 4578 2525 4634 eodem.
2556 4608 2626 4619 -—
2658 4577 2956 4634 Declaratio
3010 4577 3208 4634 Christi
3240 4580 3306 4633 ad
3344 4581 3516 4635 hami-

2022 4665 2109 4701 nes
2140 4646 2409 4711 adventus,
2441 4660 2489 4703 et
2527 4648 2827 4718 redargutio
2880 4649 3045 4718 gentis
3087 4648 3420 4715 Iudaeorum,
3463 4660 3513 4705 et

2022 4719 2219 4771 cunctis
2245 4720 2482 4789 gentibus
2508 4721 2786 4788 promissio
2819 4719 3093 4775 bonorum.

2027 4909 2045 4940 ε
2088 4890 2177 4944 Sic
2227 4891 2360 4945 dicit
2402 4891 2685 4954 Dominus,
2729 4893 2853 4961 quis
2906 4902 2988 4948 est
3023 4893 3265 4949 hicliber
3299 4891 3512 4965 repudii

1953 4983 2142 5036 matris
2167 4992 2381 5046 vestrm,
2414 4984 2467 5037 in
2498 4988 2607 5053 quo
2644 4983 2802 5039 emisi
2835 4986 3002 5040 eam?
3036 4993 3129 5039 aut
3162 4986 3250 5041 cui
3280 4985 3511 5041 debitori

1950 5074 2168 5129 vendidi
2216 5090 2314 5129 vos
2345 5075 2368 5128 ?
2397 5090 2524 5130 ecce
2557 5076 2796 5145 peccatis
2822 5078 3021 5133 vestris
3042 5076 3247 5132 venditi
3272 5077 3427 5141 estis,
3459 5086 3513 5132 et

1953 5167 2331 5236 iniquitatibus
2360 5167 2557 5222 vestris
2616 5168 2773 5223 emisi
2806 5176 3033 5223 matrem
3065 5176 3297 5224 vestram
3326 5189 3340 5224 :
3376 5186 3514 5240 quo-

1953 5260 2097 5313 niam
2122 5258 2268 5322 veni,
2296 5269 2348 5314 et
2376 5275 2485 5313 non
2513 5268 2630 5315 erat
2653 5259 2815 5315 homo
2849 5259 3077 5314 :vocavi
3128 5272 3183 5315 et
3227 5276 3337 5317 non
3395 5271 3511 5316 erat

1954 5349 2046 5420 qui
2071 5349 2283 5405 audiret
2299 5350 2367 5417 ";
2404 5371 2422 5403 ι
2457 5359 2509 5405 et
2536 5352 2762 5422 reliqua.
2794 5350 3003 5416 Quibus
3027 5352 3273 5423 adjungit
3306 5372 3318 5407 :
3353 5354 3512 5406 «Am-

1956 5442 2204 5498 bulantes
2227 5443 2279 5496 in
2307 5445 2562 5507 tenebris,
2582 5450 2635 5499 et
2660 5458 2766 5497 non
2792 5450 2877 5498 est
2899 5444 2978 5499 eis
3008 5443 3097 5500 lux
3122 5463 3135 5499 :
3171 5443 3426 5501 confidite
3458 5445 3511 5499 in

349 5614 398 5664 ζ’
422 5613 522 5668 lsa.
551 5630 672 5677 xxv,
712 5616 814 5671 1-8.
891 5617 930 5648 ⁹¹
956 5614 1089 5676 Ibid.
1121 5618 1172 5673 8.
1249 5621 1292 5652 ⁵³
1328 5619 1432 5685 lsa,
1465 5636 1616 5683 XLIII,
1654 5620 1834 5678 I8-‘24.

1987 5621 2089 5678 lsa.
2123 5637 2244 5687 xcv,
2269 5621 2457 5677 22-23.
2534 5624 2579 5656 ⁸³
2610 5623 2716 5678 lsa.
2753 5639 2805 5687 ι,
2843 5622 2947 5690 1,2.
