3974 6208
435 324 463 381 1
476 327 540 385 19
1101 320 1373 381 EUSEBI!
1408 312 1881 376 CEISK‘RIENSlS
1917 313 2003 371 ΟΡ

2109 305 2297 365 PARS
2326 304 2392 361 ll.
2410 335 2482 346 -
2518 296 3012 357 APOLOGETICA.
3575 286 3680 342 ιευ

435 446 658 503 nomine
711 446 964 512 Domini.
998 453 1051 503 et
1082 442 1378 501 innititnini
1424 442 1534 497 Deo
1587 449 1816 496 vestro:
1871 451 1998 495 ecce

2109 432 2199 486 καὶ
2225 429 2325 483 οὑκ
2357 427 2502 481 ἔστιν
2533 425 2714 486 αὐτοῖς
2738 420 2850 490 φῶς
2871 437 2886 453 ⁶
2912 414 3205 472 πεποίθατε
3235 410 3329 467 ἐπὶ
3353 407 3679 512 tilio”???

396 567 409 593 ε
434 558 628 600 Otones
643 561 738 600 vos
761 545 935 615 ignem
960 540 1269 602 incenditis,
1297 537 1667 594 corroboratis
1695 533 1998 591 ﬂammam:

2112 521 2340 595 Κυρίου,
2377 518 2471 573 καὶ
2493 510 2945 586 ἀντισπρίσασθε
2981 510 3072 563 ἐπὶ
3100 506 3178 579 τῷ
3197 505 3315 577 Θεῷ
3340 502 3529 615 ὑμῶν.π
3543 499 3678 615 :th

435 638 711 693 ambulate
751 635 955 690 lumine
988 634 1132 705 ignis
1173 634 1363 696 vestri,
1397 639 1451 686 et
1477 630 1690 687 ﬂamma
1719 647 1881 703 quam
1909 646 2002 687 ac-

437 729 720 787 cendistis.
749 726 977 799 Propter
1002 744 1086 782 me
1135 725 1275 781 facta
1302 732 1432 781 sunt
1462 724 1577 780 haec
1609 724 1801 791 vobis,
1820 724 1876 777 in
1901 724 2002 778 tri-

439 821 589 876 stitia
617 820 902 876 dormietis
930 820 1001 885 ",
1030 839 1049 872 ι
1070 829 1123 875 et
1152 835 1273 891 qua:
1295 827 1629 890 sequuntur;
1658 818 1858 889 quibus
1908 816 2004 872 ad-

432 913 615 983 jungit
643 931 657 966 :
688 931 707 961 σ
742 912 939 967 Audite
966 926 1071 974 me,
1106 911 1288 966 audite
1326 926 1451 966 me:
1500 909 1735 980 populus
1767 922 1921 963 meus
1949 913 2004 962 et

436 1019 613 1073 reges,
658 1004 724 1058 ad
752 1020 836 1059 me
860 1018 1021 1059 aures
1070 1003 1376 1059 intendite:
1413 1003 1674 1073 quoniam
1721 1001 1805 1056 lex
1850 1015 1881 1054 a
1915 1014 2004 1055 me

435 1094 768 1166 egredietur,
818 1104 872 1151 et
894 1094 1159 1163 judicium
1208 1109 1387 1150 meum
1417 1094 1472 1149 in
1507 1093 1689 1148 lumen
1719 1090 1959 1163 gentium
1985 1109 2041 1151 ι,

440 1189 841 1259 appropinquat
875 1187 985 1243 cito
1010 1187 1223 1258 jusutia
1257 1202 1397 1251 mea,
1427 1195 1482 1239 et
1509 1185 1818 1258 egredietur
1841 1182 2001 1255 quasi

440 1282 530 1337 lux
583 1281 822 1335 salutare
849 1289 1125 1341 metumet
1166 1282 1219 1332 in
1259 1277 1541 1332 brachium
1584 1292 1762 1332 meum
1814 1282 2002 1346 gentes

437 1373 734 1443 sperabunt
752 1373 821 1427 ".
867 1392 885 1424 ι

438 1502 654 1558 XXXV.
683 1503 760 1557 Ab
783 1504 993 1585 eodem:
1015 1532 1085 1585 τ-
1123 1501 1442 1585 Redurqntio
1463 1505 1747 1585 impiarum
1776 1503 2002 1585 injttria-

506 1592 622 1628 rum
665 1574 831 1645 gentis
883 1573 1148 1633 Judaicw,
1175 1586 1223 1628 et
1257 1575 1525 1643 religionis
1566 1589 1748 1629 eorum
1796 1574 1952 1628 ruina
1983 1590 2002 1627 :

507 1646 794 1699 rurationis
835 1653 1012 1699 autem
1041 1647 1274 1699 omnium
1300 1648 1531 1716 gentium
1555 1645 1868 1715 patefactio.

2113 591 2311 676 πάντες
2369 611 2527 682 ὑμεῖς
2578 606 2689 679 πῦρ
2729 603 2911 659 καίετε
2942 603 3036 657 καὶ
3077 595 3436 669 κατισχῦσατε
3470 591 3676 662 φλόγα*

2107 703 2406 779 πορεύεσθε
2450 699 2528 772 τῷ
2579 699 2717 769 φωτὶ
2745 697 2840 751 τοῦ
2886 694 3059 767 πυρὸς
3087 690 3262 763 ὑμῶν,
3302 688 3396 742 καὶ
3424 688 3491 756 τῇ
3520 682 3679 779 ιρλογὶ

2109 794 2144 874 ᾖ
2174 773 2520 864 εξεκαὺσατε.
2552 794 2628 847 Δι’
2667 790 2768 861 ἐμὲ
2812 787 3024 874 ὲγένετρ
3044 784 3215 838 ταῦτα
3246 782 3375 846 ὑμῖν
3394 793 3408 808 ·
3444 780 3500 830 ὲν
3532 773 3679 847 λύπῃ

2106 862 2529 963 κοιμηθήσεσθε,
2544 906 2562 940 ι
2582 885 2677 941 καὶ
2701 884 2769 937 τὰ
2802 881 2944 952 ἑξῆς·
2966 862 3047 929 οἷς
3070 868 3361 939 ἐπιλέγῑι.‹
3385 866 3676 963 Ἀκούσατε

2108 955 2235 1058 μου,
2253 955 2521 1040 ἀκοῦσατὲ
2545 996 2646 1052 μου
2667 994 2681 1010 ·
2710 975 2836 1039 λαός
2861 990 2979 1044 μου,
3007 969 3099 1023 καὶ
3120 968 3169 1021 οἱ
3197 955 3678 1058 βασιλεῖς,πρὸςμ,²ί

2106 1050 2458 1138 ἐνωτίσασθε,
2485 1050 2566 1127 ὅτι
2594 1071 2754 1142 νόμος
2783 1067 2912 1139 παρ’
2946 1060 3077 1135 ἐμοῦ
3110 1057 3464 1125 ἐξελεύσεται,
3507 1052 3602 1106 καὶ
3642 1050 3679 1122 ἡ

2106 1171 2293 1243 κρίσις
2340 1186 2438 1241 μου
2471 1168 2550 1230 εἰς
2572 1162 2686 1235 φῶς
2720 1160 2906 1216 ἐθνῶν.
2955 1152 3191 1224 Ἑγγίζει
3230 1149 3443 1243 ταχὺᾉήι
3471 1144 3680 1243 δικαιο-

2108 1263 2247 1335 σύνη
2281 1280 2411 1335 μου,
2437 1259 2531 1315 καὶ
2548 1253 2883 1324 ἐξελεύσεται
2914 1249 2989 1313 ὡς
3014 1246 3129 1317 φῶς
3163 1243 3223 1297 τὸ
3252 1237 3514 1313 σωτήριόν
3555 1251 3678 1308 μου,

2104 1358 2203 1411 καὶΙ
2237 1356 2332 1410 ἐπὶ
2363 1354 2453 1409 τὸν
2488 1348 2745 1424 βραχίονά
2774 1363 2872 1419 μου
2906 1343 3031 1414 ἔθνη
3053 1336 3342 1393 ἐλπιοῦσιν.
3369 1353 3388 1386 ι

2090 1511 2229 1579 ’ΛΕ’.
2264 1511 2376 1579 Ἐκ
2404 1506 2511 1579 rei}
2547 1494 3277 1579 αὑτοῦ.-ςξΕλεγχος’ζῶν
3291 1488 3686 1579 ἀσεϐημάτων

2178 1562 2433 1634 dare,»
2473 1574 2768 1631 Ἰουδαίων
2797 1562 3063 1642 eorum,”
3087 1562 3183 1642 grai
3201 1565 3547 1642 ᾀπόεττωσις
3573 1562 3684 1613 αὑ-

2323 1630 2435 1715 τῆς
2455 1630 2784 1708 εὐσεϐείας.
2816 1639 2932 1710 Τῆς
2957 1630 3027 1693 δέ
3045 1635 3162 1691 τῶν
3195 1631 3386 1690 ἐθνῶν
3404 1630 3686 1685 ἁπάντων

2182 1714 2458 1787 κλήσεως
2482 1714 2770 1783 δήλωσις.
2832 1734 2839 1741 ι

510 1847 531 1880 ς
560 1827 817 1900 Nunquid
846 1845 953 1884 non
989 1829 1214 1885 robusta
1243 1834 1333 1883 est
1356 1843 1550 1884 manus
1568 1826 1777 1883 Domini
1809 1827 1876 1882 ad
1898 1827 2003 1883 sal-

2181 1860 2207 1907 ἰ
2247 1854 2337 1927 Μὴ
2360 1854 2479 1924 οὑχὶ
2505 1823 2683 1924 ίσχὺει
2701 1852 2735 1923 ἠ
2755 1849 2874 1921 χεὶρ
2903 1846 3110 1918 Κυρίου
3139 1843 3233 1899 τοῦ
3269 1842 3460 1907 σῶσαι,
3493 1841 3526 1913 ἢ
3552 1839 3688 1895 {6&-

436 1921 720 1987 vaudum?
751 1928 847 1976 aut
866 1929 1086 1992 gravata
1118 1930 1200 1975 est
1220 1921 1366 1977 auris
1393 1919 1537 1989 ejus,
1563 1927 1754 1975 utnon
1782 1920 2009 1975 audiat?

434 2012 531 2068 sed
558 2023 780 2085 peccata
806 2021 989 2069 vestra
1022 2013 1273 2067 dividunt
1318 2012 1460 2067 inter
1489 2026 1588 2068 vos
1621 2020 1677 2067 et
1706 2011 1876 2066 Deum
1903 2053 1919 2077 ,
1955 2021 2012 2067 et

434 2104 544 2177 59
576 2113 797 2177 propter
820 2113 1037 2176 peccata
1066 2113 1269 2169 vestra,
1317 2106 1513 2160 avertit
1561 2104 1754 2160 faciem
1798 2119 1953 2160 suam
1978 2119 2012 2157 a

433 2195 593 2253 vobis
646 2212 716 2251 ne
759 2196 1106 2252 misereatur.
1131 2194 1323 2251 Manus
1371 2195 1516 2250 enim
1550 2203 1748 2251 vestrae
1797 2193 2013 2250 fmdatae

435 2301 567 2350 sunt
616 2292 902 2364 sanguine,
934 2299 989 2346 et
1020 2292 1172 2362 digiti
1210 2291 1373 2347 vestri
1433 2290 1487 2345 in
1544 2290 1827 2361 peccatis:
1864 2289 2009 2345 labia

432 2392 617 2440 autem
646 2394 827 2440 vestra
852 2384 1033 2439 locuta
1070 2390 1197 2440 sunt
1260 2383 1600 2454 iniquitatem
1644 2425 1659 2450 ,
1725 2388 1780 2438 et
1825 2380 2007 2452 lingua

434 2483 614 2530 vestra
648 2474 968 2544 injustitiam
999 2474 1295 2528 meditatur
1326 2489 1338 2524 :
1373 2472 1554 2528 nullus
1573 2471 1815 2542 loquitur
1834 2469 2005 2538 justa,

437 2583 613 2638 neque
637 2576 723 2622 est
747 2564 1014 2637 judicium
1049 2580 1235 2620 verum
1270 2580 1283 2615 :
1325 2562 1608 2619 conﬁdunt
1651 2562 1707 2616 in
1745 2561 1920 2625 vanis,
1951 2569 2006 2616 et

435 2657 734 2728 loquuntur
761 2656 943 2709 inania
969 2672 984 2709 :
1016 2654 1274 2725 quoniam
1312 2652 1631 2722 concipiunt
1660 2650 1923 2715 laborem,
1950 2657 2006 2707 et

437 2748 656 2820 pariunt
685 2745 1028 2818 iniquitatem
1056 2764 1070 2800 :
1103 2760 1205 2800 ova
1230 2742 1478 2814 aspidum
1510 2743 1809 2815 fregerunt,
1839 2750 1894 2798 et
1924 2750 2005 2797 te-

435 2844 541 2896 lam
564 2852 778 2895 aranea:
808 2846 1018 2907 texunt,
1040 2844 1095 2893 et
1117 2837 1210 2907 qui
1235 2837 1352 2892 vult
1373 2852 1440 2891 ex
1460 2834 1579 2891 ovis
1607 2849 1796 2890 eorum
1822 2849 2006 2889 eome-

434 2934 585 2998 dere,
615 2932 704 2988 ubi
738 2930 1017 2997 contrivit,
1050 2929 1238 2984 lotium
1272 2928 1502 2991 invenit,
1549 2935 1604 2983 et
1644 2926 1701 2981 in
1729 2940 1796 2982 eo
1845 2940 2003 2996 regu-

435 3027 578 3092 lum;
606 3025 713 3080 tela
737 3038 926 3080 eorum
956 3040 1066 3078 non
1096 3023 1215 3078 erit
1254 3021 1309 3077 in
1352 3022 1773 3086 vestimentum,
1828 3034 2006 3089 neque

432 3118 748 3190 aperientur
767 3131 832 3172 ex
861 3114 1118 3187 operibus
1164 3115 1306 3171 suis.
1357 3113 1535 3185 Opera
1582 3112 1729 3167 enim
1771 3126 1960 3169 eorum
1985 3151 2000 3177 ,

431 3217 596 3282 opera
626 3209 954 3280 iniquitatis,
989 3207 1153 3279 pedes
1177 3215 1358 3263 autem
1393 3220 1605 3272 eorum,
1641 3203 1709 3260 ad
1736 3204 2002 3275 improbi-

431 3313 596 3359 tatem
617 3312 873 3366 currunt,
898 3301 1112 3357 veloces
1140 3301 1207 3356 ad
1231 3298 1618 3356 elfundendum
1644 3298 2000 3370 sanguinem;

430 3402 486 3448 et
512 3394 872 3464 cogitationes
918 3407 1146 3457 eorum,
1192 3390 1552 3463 cogitationes
1604 3389 2000 3460 insipientium.

429 3490 698 3548 Contritio
728 3499 783 3546 et
807 3487 1030 3544 miseria
1081 3487 1137 3541 in
1170 3485 1276 3541 viis
1308 3500 1498 3543 eorum
1521 3502 1538 3552 ;
1559 3485 1765 3540 semitis
1812 3494 2001 3538 eorum

429 3582 696 3647 distortae,
730 3597 827 3652 per
876 3595 1013 3652 quas
1049 3587 1357 3646 transeunt,
1391 3587 1447 3635 et
1503 3578 1754 3634 nesciunt
1787 3588 1999 3643 pacem.

429 3672 641 3729 idcirco
670 3669 911 3727 amotum
942 3681 1027 3727 est
1065 3671 1334 3743 judicium
1367 3670 1435 3724 ab
1460 3670 1562 3735 eis,
1605 3675 1661 3724 et
1692 3674 1801 3722 ιισιι
1851 3681 2003 3721 com-

430 3766 720 3837 prehendit
752 3782 848 3823 eos
894 3767 1131 3839 iustitia.
1182 3765 1320 3820 Cum
1369 3774 1750 3836 exspectarent
1799 3764 1999 3827 lucem,

431 3864 590 3918 factae
620 3847 748 3939 sunt
769 3861 851 3918 eis
876 3860 1114 3918 tenebrae
1148 3881 1160 3918 :
1215 3866 1599 3932 exspectantes
1628 3858 2000 3930 splendorem,

430 3953 489 4009 in
513 3953 848 4010 obscuritate
874 3955 1051 4011 noctis
1075 3953 1526 4021 ambulaverunt;
1557 3952 1725 4006 manu
1749 3952 2001 4022 explora-

428 4045 565 4101 bunt
602 4056 663 4102 ut
702 4048 830 4103 caeci
882 4049 1184 4119 parietem,
1229 4056 1285 4102 et
1313 4045 1470 4119 quasi
1519 4045 1655 4117 ipsis
1700 4046 1843 4101 oculi
1890 4062 2000 4100 non

428 4138 564 4206 sint,
615 4142 1075 4203 contrectabunt:
1128 4139 1325 4197 cadent
1362 4140 1415 4195 in
1442 4139 1696 4205 meridie,
1733 4139 1890 4211 quasi
1945 4138 2000 4194 in

427 4230 607 4287 media
635 4239 832 4287 nocte:
867 4238 1125 4302 tanquam
1173 4233 1491 4297 morientes,
1545 4232 1919 4303 ingemisceut,
1950 4240 2003 4288 et

429 4321 590 4393 quasi
634 4332 797 4377 urSus
829 4333 883 4377 et
916 4323 1169 4377 columba
1198 4322 1362 4380 simul
1387 4323 1711 4388 incedent,"
1765 4333 1851 4379 iet
1883 4339 2003 4395 quae

2114 1966 2238 2023 ρυνε
2256 1948 2317 2001 τὸ
2330 1945 2422 2012 οὖς
2444 1945 2609 2001 αὑτοῦ
2628 1943 2724 1998 τοῦ
2749 1941 2823 2015 μὴ
2849 1940 3077 1995 ἀκοῦσαι
3096 1956 3110 2005 ;
3127 1937 3342 1993 ἀλλάτά
3357 1938 3690 2008 ἁμαρτήμα-

2108 2057 2176 2093 τα
2202 2040 2354 2111 ὑμῶν
2384 2039 2642 2108 διίστησιν
2669 2034 2772 2090 ἀνά
2794 2033 2954 2106 μέσον
2976 2032 3128 2104 ὑμῶν
3164 2031 3255 2085 καὶ
3280 2029 3376 2084 τοῦ
3401 2028 3556 2093 Θεοῦ,
3591 2027 3686 2083 καὶ

2111 2133 2200 2187 διὰ
2223 2131 2322 2195 τάς
2348 2130 2619 2202 ἁμαρτίας
2643 2128 2796 2199 ὑμῶν
2825 2124 3098 2198 ἀπέτρεψε
3121 2123 3181 2177 τὸ
3207 2123 3494 2196 πρόσωπον
3523 2118 3685 2175 αὑτοῦ

2109 2225 2202 2295 ἀφ’
2226 2223 2401 2296 ὑμῶν,
2432 2222 2525 2276 τοῦ
2549 2221 2624 2294 μὴ
2639 2221 2876 2291 ἐλεῆσαι.
2912 2220 2976 2273 Δί
3002 2218 3111 2290 γὰρ
3140 2220 3321 2289 χεῖρες
3344 2216 3496 2288 ὑμῶν
3524 2229 3688 2287 μεμο-

2107 2315 2375 2389 λυσμέναι
2404 2314 2617 2383 αἵματι,
2648 2311 2742 2365 καὶ
2760 2313 2809 2364 οἱ
2830 2309 3082 2364 δάκτυλοι
3107 2309 3262 2379 ὑμῶν
3283 2310 3341 2361 ὲν
3365 2307 3680 2378 ἁμαρτίαις.

2108 2408 2192 2464 Τά
2221 2410 2278 2463 δὲ
2314 2407 2463 2479 χείλη
2498 2405 2649 2476 ὑμῶν
2682 2403 2942 2472 ἐλάλησεν
2971 2403 3231 2473 ἀνομίαν,
3272 2400 3365 2455 καὶ
3400 2401 3433 2471 ἡ
3463 2399 3682 2468 γλῶσσα

2110 2501 2263 2573 ὑμῶν
2297 2499 2510 2554 ἀδικίαν
2541 2496 2757 2569 μελετᾷ·
2793 2495 2966 2557 οὐδεὶς
2990 2494 3141 2548 λαλεῖ
3170 2494 3373 2555 δίκαια,
3402 2492 3510 2546 οὐδ’
3535 2491 3682 2547 ἐστιν

2108 2596 2142 2666 ἡ
2176 2594 2354 2665 κρίσις
2382 2590 2628 2661 ἀληθινή’
2669 2587 2988 2643 πεποίθασιν
3026 2588 3120 2641 ἐπὶ
3156 2585 3424 2658 ματαίοις,
3462 2585 3554 2639 καὶ
3582 2585 3681 2638 λα-

2106 2685 2257 2740 λοῦσι
2294 2683 2443 2737 κενά·
2483 2683 2564 2736 ὅτι
2590 2681 2780 2736 κύουσι
2805 2681 2986 2744 πόνον,
3015 2680 3109 2734 καὶ
3140 2679 3413 2733 τίκτουσιν
3432 2679 3681 2750 ἀνομίαν⁸

2106 2778 2191 2831 ὠά
2223 2774 2464 2831 ἀσπίδων
2494 2772 2729 2846 ἕρρηξαν
2752 2814 2767 2839 ,
2803 2774 2894 2826 καὶ
2926 2772 3071 2826 ἱστὸν
3106 2772 3346 2846 ἀράχνης
3379 2771 3681 2842 ὑφαίνουσι,

2106 2868 2201 2923 καὶ
2225 2871 2254 2922 ὁ
2273 2866 2440 2921 θέλων
2458 2867 2565 2921 τῶν
2579 2866 2702 2921 ὠῶν
2722 2866 2897 2921 αὑτῶν
2919 2869 3133 2937 φαγεῖν,
3163 2864 3476 2937 συντρίψας,
3503 2862 3683 2936 οὔριον

2106 2956 2251 3034 εὗρε.
2268 2961 2361 3016 καὶ⁵
2384 2964 2441 3015 ὲν
2463 2960 2609 3032 αὑτῷ
2630 2959 2957 3032 βασιλίσκων
2986 2959 3015 3011 ό
3042 2958 3186 3023 ἱστὸς
3211 2958 3389 3013 αὐτῶν
3411 2957 3510 3010 οὑκ
3533 2956 3685 3010 ἔσται

2107 3054 2188 3118 είς
2225 3054 2456 3126 ἱμάτιον,
2494 3051 2614 3106 οὑδὲ
2665 3053 2738 3129 μῂ
2781 3050 3181 3124 περιϐάλωνται
3216 3050 3323 3104 ἀπὸ
3352 3048 3462 3104 τῶν
3507 3049 3683 3122 ἔργων

2031 3178 2074 3233 C
2109 3145 2310 3202 αὑτῶν.
2340 3144 2421 3198 Τὰ
2443 3144 2552 3217 γὰρ
2578 3143 2715 3215 ἔργα
2742 3144 2921 3197 αὑτῶν
2943 3142 3080 3216 ἔργα
3102 3143 3351 3214 ἀνομίας·
3375 3143 3425 3195 οἱ
3450 3134 3505 3195 δὲ
3524 3141 3682 3233 πόδες

2107 3236 2285 3292 αὑτῶν
2328 3237 2421 3290 ἐπὶ
2461 3236 2724 3308 πονηρίαν
2754 3234 3025 3308 τρέχουσι.
3063 3234 3281 3305 Ταχινοὶ
3305 3232 3493 3305 ἐκχέαι
3518 3226 3679 3304 αἷμα,

2105 3329 2199 3385 καὶ
2226 3330 2273 3382 οἱ
2306 3327 2644 3398 διαλογισμοὶ
2671 3325 2847 3381 αὑτῶν
2875 3324 3211 3397 διαλογισμοὶ
3248 3324 3513 3396 ἀφρόνων.
3547 3322 3683 3379 Σύν-

2103 3439 2320 3494 τριμμα
2345 3420 2440 3473 καὶ
2464 3419 2806 3492 ταλαιπωρία
2839 3420 2895 3473 ἐν
2928 3420 3047 3482 ταῖς
3074 3418 3211 3481 ὁδοῖς
3242 3414 3439 3471 αὑτῶν·
3473 3418 3529 3470 αί
3565 3414 3684 3489 τρί-

2105 3514 2189 3569 ϐοι
2242 3513 2420 3577 αὑτῶν
2463 3512 2911 3585 ι’ἱιεστραμμένσ.ι⁴
2964 3510 3028 3576 ἀς
3082 3510 3392 3573 διοδεὺουσι,
3453 3511 3547 3564 καὶ
3582 3510 3685 3564 οὑκ

2103 3606 2306 3663 οἴδασιν
2367 3606 2618 3679 εἰρήνην·
2672 3605 2761 3659 διὰ
2819 3603 2974 3659 τοῦτο
3027 3602 3238 3675 ἀπέστη
3286 3605 3318 3676 ή
3373 3604 3555 3677 κρίσις
3587 3604 3682 3659 ἀπ’

2104 3697 2300 3763 αὑτῶν,
2359 3698 2453 3752 καὶ
2510 3698 2571 3767 οὑ
2631 3697 2705 3770 μὴ
2761 3695 3045 3767 καταλάϐῃ
3101 3695 3296 3758 αὐτοὺς
3346 3691 3678 3765 δικαιοσύνη.

2115 3790 2554 3863 ’Υπομεινάντων
2599 3789 2745 3859 φῶς,
2792 3787 3008 3856 ἐγένετο
3055 3788 3239 3852 αὐτοῖς
3285 3786 3507 3852 σκότος’
3564 3784 3683 3857 μεί-

2102 3901 2292 3947 ναντες
2323 3883 2519 3956 αὐγὴν,
2552 3884 2609 3936 ἐν
2640 3882 2819 3954 ἀωρίᾳ
2854 3880 3285 3953 περιεπάτησαψ
3331 3879 3682 3951 ψηλαφήσου-

2106 3993 2188 4030 σιν
2216 3975 2292 4039 ὡς
2318 3975 2507 4044 τυφλοὶ
2536 3977 2733 4045 τοῖχον,
2765 3974 2859 4028 καὶ
2880 3974 2956 4038 ὡς
2981 3974 3079 4044 οὑχ
3105 3972 3456 4044 ὑπαρχόντων
3481 3970 3682 4042 ὀφθαλ-

2106 4064 2242 4138 μῶν,
2278 4064 2678 4136 ψηλαφήσουσι·
2726 4061 3016 4116 πεσοῦνται
3050 4063 3105 4114 ἐν
3138 4061 3477 4134 μεσημϐρίᾳ,
3513 4061 3589 4126 ὡς
3621 4063 3680 4116 ὲν

2106 4154 2460 4227 μεσονυκτίῳ’
2491 4154 2566 4219 ὡς
2605 4152 3041 4226 ἀποθνήσκοντες
3084 4151 3446 4217 στενάξουσιν·
3474 4151 3550 4217 ὡς
3578 4152 3680 4225 ἀρ-

2101 4263 2228 4310 κτος
2247 4247 2342 4300 καὶ
2383 4245 2697 4319 περιστερὰ,
2726 4246 2842 4317 ἄμα
2864 4244 3248 4318 πορεύσονται.
3280 4265 3299 4298 ι
3321 4244 3414 4299 xui
3438 4245 3505 4299 τὰ
3531 4245 3679 4317 έξῆἱ⁹

2101 4333 2182 4403 οἷς
2221 4338 2495 4408 ἐπιλέγει⁸
2549 4358 2567 4391 ι
2600 4339 2710 4393 Καὶ
2760 4337 3156 4409 φοϐηθήσονται
3209 4339 3257 4391 οἱ
3303 4335 3412 4391 ἀπὸ
3459 4336 3683 4409 δυσμῶν

428 4422 734 4485 sequuntur
812 4430 828 4480 ;
871 4415 1072 4486 quibus
1125 4415 1411 4487 adiungit:
1451 4434 1471 4468 ι
1520 4423 1575 4471 et
1608 4415 1877 4500 timebunt
1905 4417 1998 4489 qui

2109 4429 2163 4483 τὸ
2190 4429 2363 4501 ὄνομα
2387 4430 2616 4502 Κυρίου,
2641 4430 2735 4484 καὶ
2753 4432 2804 4483 oi
2826 4430 2934 4484 ἀπὸ
2956 4428 3227 4485 ἀνατολῶν
3255 4427 3405 4501 ἡλίου
3423 4428 3483 4482 τὸ
3507 4428 3679 4501 ὄνομα

428 4506 499 4562 ab
531 4519 733 4562 occasu
755 4506 1049 4571 exsistunt,
1072 4521 1271 4562 nomen
1302 4504 1540 4570 Domini,
1567 4515 1622 4562 et
1648 4506 1741 4578 qui
1774 4507 1844 4563 ab
1872 4520 1996 4562 ortu

2109 4521 2162 4574 τὸ
2204 4520 2434 4586 ἔνδοξον.
2468 4540 2487 4573 ι
2549 4520 2708 4575 Ἀλλά
2739 4520 2848 4594 γάρ
2882 4519 3146 4574 πλείστων
3171 4520 3310 4574 ὅσων
3341 4508 3680 4592 οὐσῶν’περὶ

427 4597 585 4666 solis,
612 4614 811 4654 nomen
826 4598 1236 4671 gloriosum“:
1283 4600 1574 4666 Caeterum,
1599 4617 1722 4656 cum
1753 4602 2001 4672 plurimae

2109 4614 2199 4685 τῆς
2214 4613 2384 4684 αὑτῆς
2406 4612 2711 4679 ὑποθέσεως
2729 4611 3096 4684 προφητειῶν,
3117 4613 3237 4675 ταῖς
3261 4610 3679 4684 παρατεθείσαις

425 4690 674 4765 ejusdem
704 4693 1008 4764 argumenti
1044 4692 1155 4749 sint
1181 4693 1498 4766 prophetiae,
1530 4695 1858 4752 testimoniis
1891 4696 2003 4752 his-

2109 4705 2432 4778 μαρτυρίαις
2472 4704 2944 4777 ἀρκεσθησόμεθα,
2993 4705 3088 4757 καὶ
3126 4701 3267 4757 κατὰ
3306 4703 3495 4774 καιρὸν
3521 4698 3679 4767 αὖθις

426 4800 511 4853 ce,
537 4800 661 4857 qua:
705 4785 796 4842 hic
853 4786 1231 4858 apposuimus,
1271 4787 1512 4853 contenti
1540 4788 1751 4844 erimus
1788 4808 1802 4844 :
1838 4797 2004 4860 atque

425 4894 490 4935 ea
511 4894 613 4935 suo
637 4888 882 4951 tempore
909 4894 1103 4935 rursus
1121 4888 1447 4950 repetentes,
1465 4882 1892 4953 explanabimus.
1920 4880 2006 4937 ln-

425 4978 576 5027 terea
600 4986 753 5034 vero,
784 4969 1006 5040 quando
1033 4970 1103 5025 ad
1135 4972 1360 5027 verbum
1391 4972 1604 5027 abunde
1625 4972 1828 5028 talibus
1849 4973 2004 5030 testi-

426 5063 630 5121 moniis
657 5064 745 5118 usi
764 5078 980 5129 sumus,
1009 5063 1146 5120 satis
1173 5081 1272 5120 nos
1307 5064 1614 5121 ostendisse
1645 5067 2000 5133 arbitramur,

424 5155 562 5211 nihil
590 5156 824 5227 amplius
845 5172 1009 5227 quam
1027 5157 1269 5227 reliquas
1290 5166 1500 5228 gentes,
1535 5159 1738 5216 habere
1754 5158 1993 5217 Judzeos.

426 5245 555 5304 Sive
584 5249 731 5305 enim
761 5250 909 5306 illius
934 5251 1095 5305 amici
1129 5250 1224 5306 Dei
1243 5251 1477 5307 Abrahae
1506 5252 1903 5311 benedictionis
1938 5269 1998 5311 se

423 5341 579 5398 solos
621 5342 809 5398 dicunt
836 5359 963 5401 esse
982 5346 1295 5415 participes,
1329 5353 1612 5416 propterea
1638 5345 1787 5418 quod
1816 5349 1885 5401 ab
1905 5348 1999 5403 illo

423 5434 538 5486 sint
559 5431 779 5487 oriundi
815 5451 830 5488 :
856 5434 969 5503 jam
998 5433 1142 5491 Deus
1171 5436 1349 5506 palam
1374 5438 1650 5506 pollicitus
1680 5446 1783 5504 est,
1819 5441 1997 5506 genti-

419 5520 527 5577 bns
547 5534 765 5592 quoque
800 5538 985 5593 parem
1029 5540 1139 5608 non
1164 5526 1326 5582 modo
1378 5528 1482 5598 ipsi
1511 5527 1763 5592 Abralue,
1805 5528 1902 5583 sed
1943 5536 2001 5582 et

423 5618 597 5680 tsaac,
642 5621 697 5669 et
745 5612 915 5670 Jacob
970 5617 1404 5674 benedictionem
1458 5636 1517 5676 se
1553 5621 1993 5692 impertiturum:

2104 4794 2464 4859 ἀναλαϐόντες
2491 4792 2904 4866 ἐξομαλίσομεν·
2951 4793 3241 4865 ἡγούμενοι
3268 4793 3405 4858 τέως
3431 4793 3678 4865 δαψιλέσι

2103 4889 2226 4949 ταῖς
2248 4883 2446 4952 λέξεσι,
2484 4884 2580 4938 καὶ
2601 4885 2719 4947 ταῖς
2746 4882 2854 4937 ἀπὸ
2879 4882 3080 4935 τούτων
3114 4881 3440 4954 μαρτυρίαις
3471 4898 3675 4953 κεχρηο

2107 4976 2278 5049 μένοι,
2322 4975 2521 5040 ἱκανῶς
2563 4972 2959 5045 ἀποδεδειχέναι
2992 4973 3156 5045 μηδὲν
3183 4974 3340 5028 πλέον
3369 4973 3512 5043 ἔχειν
3547 4973 3679 5026 ἰου-

2100 5067 2284 5132 δαίους
2303 5068 2411 5123 τῶν
2433 5067 2633 5122 λοιπῶν
2656 5064 2843 5121 ἐθνῶν.
2866 5064 2990 5117 Εἴτε
3018 5062 3127 5137 γὰρ
3148 5063 3248 5134 τῆς
3274 5062 3369 5117 τοῦ
3399 5063 3678 5133 θεοφιλοῦς

2113 5161 2363 5234 ’Δϐραάμ
2393 5161 2643 5232 εὐλογίας
2672 5162 2867 5232 μόνους
2895 5160 3093 5223 αὐτούς
3119 5177 3279 5229 φασιν
3309 5154 3451 5215 εἶναι
3481 5177 3677 5215 κοινω-

2103 5259 2245 5321 νοὺς,
2265 5254 2352 5309 διὰ
2371 5254 2431 5307 τὸ
2451 5253 2510 5321 ἐξ
2530 5250 2693 5309 αὑτοῦ
2712 5248 2975 5316 κατάγειν
2995 5248 3054 5300 τὸ
3074 5246 3249 5316 γένος·
3277 5246 3412 5300 ἀλλὰ
3434 5247 3665 5311 καὶτοῖς

2106 5349 2279 5403 ἔθνεσι
2307 5347 2406 5417 τῆς
2438 5347 2559 5415 ἴσης
2584 5342 2662 5414 τῷ
2696 5341 2945 5412 Ἀϐραὰμ
2982 5340 3042 5393 οὑ
3090 5338 3268 5411 μόνον,
3297 5337 3431 5392 ἀλλά
3460 5339 3557 5392 καὶ
3586 5336 3665 5410 τῷ

2102 5439 2312 5506 Ἰσαὰκ,
2357 5439 2452 5491 καὶ
2492 5437 2571 5508 τῷ
2597 5434 2791 5490 Ἰακὼϐ
2827 5432 3082 5502 ιύλογίας
3124 5430 3450 5502 μεταδώσειν
3490 5431 3666 5501 ἐπήγ-

2106 5532 2289 5603 γελται
2307 5548 2321 5561 ο
2350 5530 2640 5601 διαρρήδην
2682 5525 3135 5599 εὑλογηθήσεσθαι
3163 5524 3366 5597 ὁμοίως
3392 5524 3571 5578 παντά
3600 5525 3671 5578 τά

2108 5625 2233 5695 ἔθνη
2267 5619 2560 5695 προειπὼν,
2588 5622 2681 5676 καὶ
2716 5620 2822 5675 ὑπὸ
2856 5619 2983 5690 μίαν
3010 5618 3103 5672 καὶ
3129 5616 3226 5688 τὴν
3257 5615 3428 5686 αῠτῆν
3459 5615 3668 5687 εὖφρο,

491 5769 541 5804 ³⁸
572 5765 673 5825 Isa.
713 5786 763 5837 ι,
796 5770 984 5830 1ὃοίθ.
1059 5773 1105 5803 ³⁸
1136 5774 1240 5865 lsa:
1266 5790 1341 5836 ιι.
1382 5775 1493 5832 4-5.
1572 5777 1615 5811 ⁵⁷
1641 5776 1747 5834 isa.
1779 5792 1866 5832 LIX
1904 5775 2003 5829 l-il

2118 5776 2161 5808 ’³
2187 5773 2323 5829 ibid.
2348 5771 2441 5828 ιο..
