4068 6206
181 200 295 256 121

1100 204 1746 266 ΒΕΜΟΝΞΤΒΑΤΙΟΝΙΞ
1795 211 2252 270 EVANGELlCE
2307 209 2434 271 ΗΒ.
2474 216 2539 271 ll.

3330 223 3432 277 122

179 323 368 392 σύνην
398 319 509 383 τοῖς
537 320 828 392 μακαρίοις
853 321 946 373 καὶ
965 320 1228 389 θεοφιλέσι
1249 321 1343 376 καὶ
1369 323 1436 376 τὰ
1462 323 1621 378 λοιπὰ
1643 324 1750 378 εθντ

1869 329 2068 398 quippe
2093 329 2186 399 qui
2217 328 2614 384 benedicendas
2641 343 2765 386 esse
2792 331 3014 398 itidem,
3055 344 3111 388 ut
3141 333 3266 392 illos
3313 352 3433 390 oui-

179 411 658 483 ἀνακαλούμενος,
709 411 848 465 κατὰ
889 413 967 465 τό·
1011 431 1029 462 ι
1068 413 1418 486 Εὐφράνθητε
1455 415 1580 487 ἔθνη
1627 416 1763 487 μετὰ

181 505 281 558 τοῦ
312 505 446 558 λαοῦ
469 503 656 558 αὑτοῦ·
687 525 704 556 ι
743 505 854 558 καί·
889 523 906 554 ι
938 506 1224 576 ’Ἄρχοντες
1253 505 1394 560 λαῶν
1427 507 1765 580 συνήχθησαν

187 593 335 661 μετά
359 591 452 646 τοῦ
475 593 610 646 Θεοῦ
650 593 911 664 Ἀϐραάμ·
945 612 961 642 ›
987 594 1096 646 εἴτε
1119 595 1210 646 ἐπὶ
1235 595 1477 668 βασιλείᾳ
1492 597 1584 650 τοῦ
1607 598 1761 660 Θεοῦ,

180 684 343 737 ὡσὰν
371 684 536 737 αὐτοῦ
559 685 838 753 γεγονότες
859 684 1076 755 κλῆρος,
1105 687 1488 757 φρυάττονται,
1516 689 1649 742 ἀλλὰ
1671 689 1763 743 καὶ

184 778 282 829 ἐπὶ
323 777 501 829 πάντα
529 777 596 830 τὰ
629 777 788 829 λοιπὰ
822 777 948 849 ἔθνη
992 778 1326 847 βασιλεύσειν
1359 783 1386 834 ὁ
1418 782 1549 845 Θεὸς
1579 784 1764 836 θεσπί-

189 871 378 934 ζεται·
419 888 437 920 ι
475 869 674 922 Εἴπατε
715 888 732 920 ι
765 869 894 940 γὰρ,
923 870 1104 940 φησίν,
1141 891 1160 922 ι
1188 874 1244 924 ὲν
1277 877 1386 937 τοῖς
1415 874 1642 938 ἔθνεσιν,
1681 877 1761 930 ὅτι

187 961 407 1032 Κύριος
449 961 780 1014 ἐϐασίλευσε.
815 981 832 1012 ι
889 963 997 1014 Καὶ
1037 964 1214 1016 πάλιν·
1264 983 1282 1014 ι
1329 965 1703 1020 Ἐϐασίλευσεν
1735 970 1762 1022 ὁ

190 1055 332 1118 Θεὸς
359 1056 452 1108 ἐπὶ
486 1055 659 1107 πάντα
691 1054 760 1106 τὰ
788 1054 934 1125 ἔθνη·
973 1056 1080 1108 εἴτε
1116 1057 1207 1110 ἐπὶ
1239 1057 1298 1110 τὸ
1334 1058 1632 1130 ἱερουργεῖν
1669 1060 1763 1113 καὶ

190 1153 272 1222 τῷ
301 1152 423 1223 Θεῷ
461 1151 738 1224 λατρεύειν
769 1151 1062 1221 ἐξειλέχθαι
1103 1152 1296 1214 αὐτοὺς
1330 1156 1504 1220 φαῖεν,
1528 1153 1762 1206 δεικτέον

189 1246 270 1308 ὡς
292 1247 386 1298 καὶ
413 1247 521 1308 τοῖς
541 1243 716 1297 ἔθνεσι
737 1244 836 1313 τῆς
861 1244 980 1314 ίσης
1000 1246 1028 1296 ὁ
1054 1243 1207 1312 λόγος
1236 1243 1562 1314 μεταδώσειν
1593 1246 1761 1316 ἐπήγ-

190 1337 731 1407 γελται-θεραπείας,
772 1338 962 1406 λέγων·
1005 1357 1024 1390 ι
1067 1340 1347 1408 Ἐνέγκατε
1387 1340 1459 1410 τῷ
1491 1341 1676 1411 Κυρίῳ
1706 1343 1760 1393 αί

192 1430 428 1500 πατριαὶ
453 1430 556 1482 τῶν
581 1430 765 1494 ἐθνῶν,
792 1431 1048 1496 ἐνέγκατε
1074 1431 1150 1500 τῷ
1177 1431 1364 1502 Κυρίῳ
1389 1431 1544 1498 δόξαν
1569 1433 1662 1486 καὶ
1681 1449 1760 1484 τι-

195 1523 325 1592 μήν·
359 1523 528 1592 ἄρατε
564 1521 772 1584 θυσίας,
816 1523 910 1575 καὶ
947 1522 1328 1594 εἰσπορεύεσθε
1355 1525 1434 1587 είς
1467 1525 1563 1587 τὰς
1591 1523 1760 1586 αὐλὰς

192 1615 379 1667 αὐτοῦ·
414 1636 432 1665 ι
454 1609 535 1677 οἷς
557 1617 648 1667 καὶ⁸
666 1616 726 1668 τὸ
749 1615 898 1686 παρὰ
927 1615 1003 1685 τῷ
1019 1615 1210 1686 Ἡσαΐᾳ
1231 1615 1481 1685 συνάψεις
1510 1615 1704 1683 λόγιον,
1734 1633 1752 1664 ι

192 1707 251 1760 τὸ
277 1708 478 1777 φῆσαν·
516 1726 533 1758 ι
571 1707 761 1759 Ἔσται
795 1707 1169 1778 θυσιαστήριον
1199 1706 1278 1777 τῷ
1311 1707 1495 1778 Κυρίῳ
1521 1709 1576 1758 ἐν
1607 1706 1760 1778 χώρᾳ

193 1800 492 1868 Αἰγύπτου,
521 1800 616 1853 καὶ
656 1798 953 1867 γνώσονται
984 1801 1032 1851 οἱ
1079 1797 1366 1866 Αίγύπτιοι
1405 1799 1495 1851 τὸν
1531 1798 1754 1869 Κύριον,

192 1893 283 1944 καὶ
314 1892 606 1961 ποιήσουσι
633 1889 839 1953 θυσίας,
864 1890 958 1942 καὶ
986 1887 1226 1953 εῦξονται
1257 1889 1418 1958 εὐχὰς
1447 1889 1524 1959 τῷ
1549 1889 1754 1960 Κυρίῳ,

197 1985 277 2036 καὶ
313 1981 704 2034 ἀποδώσουσιν.
745 2002 762 2032 ι
817 1981 984 2033 Ἔνθα
1026 1982 1117 2034 καὶ
1159 1981 1470 2052 ἐπιστήσεις
1502 1981 1576 2042 ὼς
1605 1979 1759 2042 ἐκτὸς

192 2075 284 2144 τῆς
328 2075 686 2146 Ἰερουσαλὴμ
719 2075 808 2128 ἐπὶ
837 2074 934 2143 τῆς
973 2073 1243 2140 Αἰγύπτου
1279 2072 1656 2143 θυσιαστήριον
1682 2069 1758 2141 τῷ

195 2167 387 2238 Κυρίῳ
418 2165 800 2234 συστήσεσθαι,
845 2165 947 2218 καὶ
993 2163 1174 2217 θύσειν
1217 2163 1400 2217 αὐτόοι
1439 2164 1564 2225 τοὺς
1592 2163 1755 2229 Λίγυ-

191 2257 396 2319 πτίους,
423 2257 518 2308 καὶ
545 2255 790 2322 εὔξεσθαι
817 2255 997 2326 εὐχὰς,
1020 2256 1112 2308 καί⁵
1137 2253 1524 2322 ἀποδώσειντῴ
1549 2253 1753 2323 Κυρίῳ,

191 2349 610 2420 προᾳητεύεται.
648 2351 720 2401 υύ
759 2349 913 2420 μόνον
959 2348 1012 2400 δὲ
1055 2347 1160 2418 ἄρα
1199 2347 1290 2399 ἐστι¹
1320 2345 1418 2415 τῆς
1459 2344 1753 2411 Αἰγύπτου,

188 2440 323 2493 ἀλλὰ
353 2441 446 2494 καὶ
489 2442 573 2494 ἐπ’
619 2439 788 2510 αὐτῆς
827 2440 924 2510 τῆς
963 2438 1194 2508 ἀληθοῦς
1235 2436 1602 2509 Ἰερουσαλὴμ,
1635 2437 1755 2506 ἣτις

189 2535 318 2586 ποτε
351 2534 486 2604 αῦτη
517 2537 738 2594 νοεῖται,
779 2533 955 2585 πάντα
995 2533 1060 2585 τὰ
1105 2531 1252 2602 ἔθνη,
1307 2531 1399 2583 καὶ
1435 2529 1585 2582 αὐτοί
1613 2547 1674 2598 γε
1705 2531 1754 2581 oi

189 2625 402 2678 πάντων
435 2624 976 2695 δεισιδαιμονέστατοι
1019 2623 1302 2691 Αἰγύπτιοι
1346 2622 1442 2692 τὴν
1475 2621 1615 2675 κατὰ
1643 2622 1756 2674 δια-

187 2734 332 2770 νοιαν
375 2717 754 2788 θεωρουμένην
796 2716 1164 2787 σκηνοπηγίαν
1209 2714 1484 2786 ἑορτάσειν
1523 2714 1626 2766 ὑπὸ
1656 2714 1753 2784 τῆς

188 2812 524 2881 προφητείας
549 2809 962 2863 ἀνακαλοῦνται.
1001 2811 1062 2862 Ei
1093 2809 1146 2862 δὲ
1176 2810 1268 2861 καὶ
1296 2808 1460 2861 πάλαι
1493 2807 1754 2879 πρότερον

187 2903 237 2968 ἐξ
251 2901 418 2972 ενήθη
450 2903 602 2973 μερὶς
628 2901 832 2972 Κυρίου
861 2901 986 2963 λαὸς
1014 2899 1174 2953 αὐτοῦ
1228 2899 1437 2963 Ἰακὼϐ,
1469 2898 1755 2970 σχοίνισμα

1866 428 2161 490 nesgentes
2181 421 2526 490 praedixerit,
2545 430 2598 477 et
2615 423 2715 477 sub
2740 439 2902 478 unam
2940 426 3274 498 eandemque
3303 444 3427 484 cum

1867 511 2036 566 beatis
2060 510 2186 572 illis,
2223 511 2425 582 Deique
2480 514 2671 569 amicis
2703 515 2830 571 viris
2875 517 3134 580 laetitiam,
3186 521 3429 589 reliquas

1865 619 2078 674 quoque
2129 614 2316 675 gentes
2369 606 2558 660 invitet
2591 646 2606 672 ,
2637 607 2790 674 juxta
2837 611 3006 665 illud:
3050 629 3068 662 ι
3126 611 3428 679 Lmtamini,

1863 705 2069 767 gentes,
2094 713 2214 751 cum
2235 699 2432 768 populo
2464 703 2582 766 ejus
2611 701 2655 731 °'
2686 720 2698 753 :
2747 722 2763 752 ι
2794 701 2855 754 [at
2879 703 3008 757 illud
3049 723 3061 759 :
3093 724 3111 755 ι
3145 703 3429 776 Principes

1865 786 2525 862 populorum-congregati
2563 799 2689 844 sunt
2739 806 2860 845 cum
2895 793 3002 848 Deo
3042 795 3355 851 Abraham:
3397 817 3417 849 ι

1864 881 1976 934 sive
2004 879 2069 934 de
2097 881 2206 950 ϐο
2238 895 2405 951 regno
2435 880 2548 944 Dei,
2594 885 2748 952 quasi
2793 886 2938 939 iElius
2978 886 3105 942 facti
3161 888 3422 954 Iizeredes,

1862 970 2198 1039 gloriantur:
2225 972 2337 1040 jam
2371 974 2424 1025 in
2456 973 2680 1043 reliquis
2704 991 2920 1046 quoque
2952 978 3202 1046 gentibus
3232 996 3426 1050 regna-

1865 1068 2043 1114 turum
2088 1060 2274 1125 Deum,
2324 1064 2507 1117 divina
2552 1067 2770 1120 oracula
2829 1068 3169 1123 ostendunt:
3206 1064 3426 1127 «Dicite

1860 1154 2028 1216 enim,
2056 1153 2250 1223 inquit,
2301 1154 2352 1207 in
2382 1157 2670 1225 gentibus,
2723 1159 2865 1226 quod
2913 1158 3174 1214 Dominus
3227 1177 3420 1231 regna-

1860 1241 1936 1293 vit
1970 1241 1984 1271 ¹
2024 1261 2070 1295 .›
2113 1242 2178 1294 Et
2209 1258 2401 1298 rursus
2435 1262 2448 1297 :
2497 1263 2515 1294 ι
2571 1244 2837 1316 Regnavit
2871 1247 3013 1303 Deus
3042 1265 3206 1319 super
3234 1267 3424 1308 omnes

1863 1342 2048 1402 gentes
2071 1337 2128 1390 ἰ
2165 1355 2182 1386 ι
2212 1337 2326 1391 sive
2356 1338 2421 1390 ad
2455 1339 2743 1393 sacerdotii
2776 1357 2994 1404 munus,
3029 1352 3083 1396 et
3116 1345 3182 1398 ad
3219 1347 3423 1400 cultum

1864 1425 1970 1480 Deo
1999 1427 2359 1483 exhibendum
2391 1446 2448 1486 se
2469 1433 2670 1487 electos
2695 1433 2968 1497 dictitant,
2994 1435 3424 1491 demonstratum

1860 1520 1995 1585 erit;
2032 1522 2484 1589 quemadmodmn
2537 1525 2789 1594 gentibus
2816 1542 3054 1596 quoque,
3087 1530 3292 1598 aequale
3323 1530 3425 1582 mi-

1861 1611 2146 1666 nisterium
2180 1630 2356 1669 sermo
2391 1616 2608 1670 divinus
2639 1633 2698 1672 se
2721 1619 3127 1689 impertiturum
3162 1623 3424 1691 promise-

1861 1704 1952 1765 rit,
1986 1704 2076 1756 ubi
2107 1705 2181 1757 ait
2217 1723 2232 1760 :
2269 1725 2286 1756 ι
2319 1707 2519 1763 Aﬂ‘erte
2566 1708 2795 1765 Domino
2819 1750 2833 1774 ,
2887 1712 3103 1766 familiai
3157 1713 3419 1782 gentium,

1858 1794 2046 1850 aﬂ‘erte
2075 1795 2303 1851 Domino
2337 1799 2563 1868 gloriam
2592 1811 2646 1855 et
2668 1803 2925 1858 honorem
2954 1822 2965 1857 :
2995 1805 3164 1857 tollite
3189 1805 3418 1871 hostias,

1856 1894 1910 1940 et
1935 1887 2281 1956 ingredimini
2314 1891 2366 1944 in
2398 1893 2537 1944 atria
2563 1893 2682 1961 ejus
2715 1895 2736 1924 ³
2771 1912 2783 1947 :
2819 1914 2836 1946 ι
2870 1895 3070 1964 quibus
3094 1895 3257 1949 etiam
3289 1897 3421 1950 illud

1857 1979 1997 2048 apud
2023 1979 2212 2036 Isaiam
2259 1985 2485 2036 oracqu
2512 2002 2540 2035 ιι
2574 1986 2876 2054 adjungere
2898 1987 3119 2055 poteris,
3152 1986 3296 2056 quod
3346 1986 3423 2042 ita

1857 2071 2056 2126 habet:
2093 2091 2111 2122 ι
2151 2072 2213 2126 Ει
2237 2076 2406 2129 altare
2441 2075 2673 2130 Domino
2713 2079 2766 2130 in
2793 2086 2934 2133 terra
2976 2080 3214 2162 Egypti,
3250 2089 3300 2134 et
3328 2096 3422 2135 co-

1855 2173 2115 2233 gnoscent
2145 2164 2384 2236 IEgyptii
2430 2165 2736 2231 Dominum,
2789 2178 2840 2224 et
2877 2170 3073 2224 facient
3131 2173 3418 2240 sacriﬁcia,

1854 2267 1906 2309 et
1937 2257 2208 2310 vovebunt
2243 2269 2362 2310 vota
2395 2257 2646 2322 Domino,
2681 2269 2734 2314 et
2759 2261 2984 2315 reddent
3015 2261 3056 2316 ⁸.
3099 2282 3118 2314 ι
3156 2261 3256 2316 Ubi
3290 2264 3418 2316 item

1855 2347 1984 2400 illud
2018 2348 2116 2401 tibi
2141 2348 2242 2402 erit
2271 2349 2728 2403 considerandum
2758 2352 3036 2414 attentius,
3077 2353 3221 2422 quod
3267 2361 3419 2406 extra

1851 2435 2147 2492 Jerusalem
2175 2439 2226 2491 in
2257 2438 2488 2508 Egypto
2511 2439 2678 2493 altare
2700 2437 2928 2494 Domino
2953 2443 3416 2508 constituendum,

1852 2536 1905 2584 et
1937 2530 2047 2584 illic
2084 2531 2490 2584 sacriticaturos
2517 2528 2826 2600 Egyptios,
2853 2539 3085 2601 votaque
3115 2531 3345 2585 Domino
3367 2541 3420 2586 et

1854 2617 2112 2682 facturos,
2139 2629 2190 2674 et
2214 2619 2525 2674 reddituros
2552 2620 2835 2689 prophetia
2866 2623 3152 2691 signiﬁcet.
3186 2621 3300 2676 Non
3327 2638 3415 2676 er-

1853 2727 1920 2775 go
1943 2713 1995 2764 in
2020 2711 2255 2782 {Egypto
2279 2713 2452 2766 solum
2483 2752 2497 2776 ,
2535 2715 2627 2768 sed
2664 2715 2716 2767 in
2745 2715 2859 2783 ipsa
2903 2730 3119 2783 quoque
3159 2730 3286 2768 vera
3331 2712 3419 2770 Je-

1851 2803 2114 2865 rusalem,
2174 2819 2510 2873 quzecunque
2557 2821 2619 2858 ea
2667 2805 3016 2875 intelligatur,
3051 2820 3239 2860 omnes
3288 2821 3418 2876 gen-

1855 2902 1960 2958 tes,
2012 2911 2225 2949 necnon
2259 2895 2362 2966 ipsi
2393 2897 2634 2950 omnium
2685 2898 3205 2967 superstitiosissimi
3251 2898 3417 2970 IEgy-

187 2995 552 3067 κληρονομίας
591 2993 752 3046 αὐτοῦ
807 2995 1038 3065 Ἰσραὴλ,
1082 2993 1215 3046 ἀλλὰ
1247 2991 1468 3062 ὕστερόν
1508 3008 1636 3044 ποτε
1663 2991 1750 3044 καὶ

1859 2987 1976 3056 ptii,
2011 2985 2078 3040 ad
2107 2985 2159 3040 id
2181 2988 2322 3056 quod
2355 3004 2418 3042 ex
2449 2991 2739 3052 sententia,
2773 3006 2878 3045 non
2921 3004 2986 3044 ex
3018 2993 3222 3060 scripto
3249 2993 3416 3045 inter-

183 3087 256 3140 τὰ
282 3086 416 3156 ἐθνη
445 3086 618 3138 πάντα
640 3085 712 3156 τῷ
737 3085 924 3156 Κυρίῳ
945 3083 1259 3156 δοθήσεσθαι
1291 3083 1487 3154 κλῆρος
1513 3082 1746 3154 εἴρηται,

189 3181 466 3250 φήσαντος
494 3177 635 3246 αὐτῷ
655 3177 742 3230 τοῦ
770 3178 1000 3248 Πατρός·
1033 3197 1049 3226 ι
1073 3177 1301 3246 Λίτησαι
1329 3178 1454 3246 παρ’
1478 3174 1631 3245 ἐμοῦ,
1657 3175 1750 3227 καὶ

186 3271 352 3325 δώσω
389 3288 470 3323 σοι
505 3269 623 3340 ἔθνη
657 3269 746 3340 τὴν
780 3269 1140 3340 κληρονομίαν
1178 3285 1288 3320 σου.
1324 3287 1341 3318 ι
1376 3268 1485 3319 Καὶ
1513 3265 1620 3335 γὰρ
1652 3283 1749 3318 κα-

186 3360 568 3431 τακυριεύσειν
613 3361 670 3412 ού
705 3361 800 3430 τῆς
845 3359 1121 3422 Ἰουδαίας,
1169 3357 1281 3411 ἀλλ’
1327 3357 1434 3410 ἀπὸ
1475 3356 1748 3427 θαλάσσης

186 3455 294 3516 ἕως
331 3451 624 3521 θαλάσσης,
658 3452 750 3504 καὶ
780 3451 1029 3523 περάτων
1055 3449 1155 3519 τῆς
1187 3449 1510 3520 οἰκουμένης
1547 3465 1750 3519 προφη-

184 3545 420 3599 τεύεται·
454 3562 471 3592 ι
502 3542 683 3594 Πάντα
711 3558 768 3594 τε
793 3541 862 3594 τὰ
894 3541 1017 3611 ἔθνη
1049 3540 1417 3593 δουλεύσουσιν
1454 3539 1620 3609 αὐτῷ,
1656 3541 1748 3593 καὶ⁴

185 3635 692 3708 ἐνευλογηθήσονται
728 3636 784 3686 ἐν
811 3631 956 3703 αύτῷ
988 3634 1156 3685 πᾶσαι
1184 3633 1238 3686 αἱ
1265 3632 1424 3701 φυλαὶ
1445 3631 1544 3701 τῆς
1570 3632 1688 3702 γῆς.
1723 3651 1741 3682 ι

186 3728 384 3781 Τούτου
411 3726 466 3778 δὲ
494 3721 562 3796 ἦν
597 3726 786 3786 αἴτιον,
819 3725 880 3776 τὸ
910 3723 1173 3794 γνωρίσαι
1205 3723 1278 3793 (1)
1309 3723 1416 3776 τῶν
1450 3723 1582 3775 ὅλων
1615 3722 1746 3776 Θεὸν

185 3819 275 3870 τὸν
298 3819 562 3888 σωτήριον
584 3813 744 3868 αὑτοῦ
763 3812 987 3868 ἐνώπιον
1006 3813 1338 3866 πάντωντῶν
1351 3812 1544 3866 ἐθνῶν.
1577 3812 1745 3882 Σεση-

190 3910 411 3979 μείωται
439 3909 495 3960 δὲ
524 3910 652 3978 ἡμῖν
682 3907 780 3976 ἤδη
805 3907 1064 3978 πρότερον
1094 3906 1154 3958 τὸ
1181 3904 1418 3973 Ἰησοῦς
1446 3903 1634 3974 ὄνομα,
1667 3905 1747 3968 είς

187 4004 279 4073 τὴν
327 4001 598 4070 Ἑλλήνων
647 4000 754 4053 ἀπὸ
805 4001 903 4071 τῆς
970 3998 1230 4070 Ἐϐραίων
1285 3997 1745 4069 μεταϐαλλόμενον

187 4092 391 4161 φωνῆς,
423 4089 716 4157 Σωτήρων
753 4089 1164 4161 ἑρμηνεύεσθαι,
1211 4089 1287 4152 ὡς
1343 4088 1505 4158 μηδὲν
1563 4088 1745 4158 ἕτερον

187 4179 320 4236 εἶναι
371 4184 431 4235 τὸ
482 4182 778 4250 Σωτήρων
804 4181 908 4234 τοῦ
933 4181 1082 4236 Θεοῦ
1115 4181 1148 4251 ἢ
1181 4181 1278 4252 τὴν
1332 4178 1426 4232 τοῦ
1496 4179 1745 4249 Σωτῆρος

185 4276 338 4346 ἡμῶν
428 4273 601 4346 Ἰησοῦ
679 4273 911 4345 Χριστοῦ
996 4272 1384 4344 προσηγορίαν.
1465 4271 1746 4342 Μαρτυρεῖ

1855 3078 2173 3149 pretandum
2204 3079 2295 3142 sit,
2336 3081 2804 3136 tabernaculorum
2861 3083 3102 3146 solenne,
3135 3085 3415 3138 celebrau-

1854 3171 2004 3235 dum,
2034 3171 2350 3227 invitantur.
2373 3173 2528 3238 Quod
2555 3175 2601 3229 si
2626 3173 2752 3227 olim
2779 3175 2952 3228 factus
2975 3181 3059 3229 est
3093 3193 3112 3222 σ
3153 3192 3274 3244 pars
3308 3177 3416 3230 Do-

1854 3261 1986 3315 mini
2013 3262 2242 3331 populus
2261 3263 2380 3332 ejus
2417 3263 2604 3328 Jacob,
2640 3264 2915 3320 funiculus
2947 3264 3272 3320 liwreditatis
3295 3268 3414 3337 ejus

1853 3350 2019 3407 lsrael
2050 3354 2093 3418 ⁸,
2136 3362 2154 3404 t
2204 3361 2258 3406 at
2288 3354 2342 3408 in
2377 3364 2652 3424 posterum
2675 3396 2689 3417 ,
2739 3364 2925 3426 gentes
2953 3373 3167 3426 quoque
3199 3372 3408 3413 omnes.

1854 3443 2082 3498 Domino
2114 3447 2168 3498 in
2208 3453 2408 3500 sortem
2433 3462 2554 3500 esse
2579 3447 2916 3510 tribuendas,
2944 3448 3146 3504 dictum
3173 3458 3282 3504 est:
3321 3449 3413 3504 ubi

1851 3534 2102 3589 videlicet
2149 3536 2223 3588 illi
2253 3536 2331 3590 sic
2360 3537 2434 3590 ait
2469 3536 2662 3591 Pater:
2702 3559 2719 3588 «
2757 3538 2975 3595 Postula
3004 3557 3032 3593 a
3065 3551 3235 3604 me,et
3271 3541 3414 3596 dabo

1853 3625 1949 3679 tibi
2003 3633 2191 3695 gentes
2223 3626 2588 3681 haireditatem
2625 3635 2769 3681 tuam
2795 3630 2836 3683 ⁸.
2870 3649 2887 3680 ι
2924 3629 3133 3684 Etenim
3168 3631 3417 3684 domina-

1852 3723 2034 3768 turum
2062 3731 2183 3771 esse
2211 3731 2318 3770 non
2359 3720 2412 3770 in
2443 3714 2627 3771 Judaea
2657 3719 2855 3781 solum,
2899 3719 2990 3772 sed
3020 3734 3050 3771 a
3075 3721 3207 3773 mari
3243 3733 3415 3788 usque

1851 3807 1919 3862 ad
1945 3823 2114 3871 mare,
2171 3818 2224 3864 et
2254 3808 2386 3864 ﬁnes
2435 3810 2584 3864 orbis
2627 3820 2804 3870 terrae,
2834 3811 3110 3889 prophetia
3142 3812 3337 3865 clamat
3365 3809 3410 3873 ⁷,

1850 3915 2148 3970 omnesque
2181 3901 2257 3954 illi
2289 3908 2477 3970 gentes
2497 3917 2618 3957 esse
2641 3902 2956 3963 servituras,
2997 3901 3416 3956 benedicendasr-

1850 4007 1956 4062 que
1979 4007 2100 4046 esse
2128 3991 2181 4044 in
2198 4007 2266 4046 eo
2291 4007 2482 4047 omnes
2503 3993 2678 4046 tribus
2702 4000 2876 4046 terrae.
2903 3991 3013 4046 Hac
3041 4002 3219 4047 autem
3245 4007 3410 4047 causa

1851 4082 1953 4136 hoc
1989 4083 2187 4136 factum
2221 4091 2326 4147 est,
2353 4092 2410 4136 ut
2437 4083 2576 4140 Deus
2604 4085 2845 4139 universi
2875 4086 2930 4138 in
2964 4095 3261 4154 conspectu
3291 4099 3412 4139 om-

1850 4174 1998 4228 nium
2034 4174 2298 4244 gentium,
2361 4176 2600 4232 salutare
2653 4193 2812 4232 suum
2875 4185 3065 4231 notum
3101 4176 3304 4231 faceret
3334 4176 3355 4208 ⁸
3391 4195 3406 4232 :

1851 4281 1950 4322 nos
1978 4265 2235 4334 verojam
2260 4274 2386 4322 ante
2438 4268 2748 4324 notavimus
2778 4283 2974 4322 nomen
3015 4267 3194 4334 Jesus,
3248 4268 3296 4322 si
3341 4282 3408 4322 ex

185 4369 356 4436 τούτῳ
393 4367 485 4419 καὶ
521 4368 549 4418 ὁ
587 4365 806 4436 Συμεὼν
845 4367 900 4418 ἐν
936 4365 1014 4435 τῷ
1052 4364 1386 4433 Εύαγγελίῳ,
1439 4363 1516 4426 ὃς,
1567 4361 1744 4416 λαϐὼν

1853 4357 2112 4413 llebraica
2144 4359 2326 4430 lingua
2379 4353 2434 4413 in
2487 4359 2728 4415 Graecam
2787 4369 3175 4424 convertatur,
3223 4361 3409 4431 Σωτή-

181 4461 243 4513 τὺ
299 4459 530 4522 παιδίον,
580 4458 736 4511 αὐτὸν
792 4456 853 4526 δὴ
908 4456 996 4508 τὸν
1064 4455 1288 4526 Ἰησοῦν,
1344 4455 1478 4524 μετὰ
1531 4457 1738 4525 χεῖρας,

182 4550 472 4622 ἐπηύξατο·
518 4568 536 4599 ι
575 4547 686 4601 Νῦν
724 4546 972 4610 ἀπολύεις
1002 4544 1090 4599 τὸν
1123 4546 1303 4600 δοῦλόν
1334 4564 1448 4612 σου,
1474 4546 1737 4607 Δέσποτα,

179 4643 320 4697 κατὰ
357 4641 417 4693 τὸ
454 4641 605 4712 ῥῆμά
642 4656 750 4700 σου,
781 4641 838 4691 ἐν
891 4639 1110 4709 εἰρήνῃ·
1161 4639 1242 4691 ὅτι
1275 4635 1411 4690 εἶδον
1449 4639 1497 4690 οἱ
1535 4636 1739 4706 ὀφθαλ-

183 4735 272 4803 μοί
309 4752 408 4804 μου
441 4734 500 4785 τὸ
536 4731 796 4803 σωτήριόν
825 4747 935 4793 σου,
971 4731 998 4782 ὃ
1022 4730 1321 4802 ἡτοίμασας
1351 4730 1489 4784 κατὰ
1523 4730 1739 4802 πρόσω·-

179 4843 277 4878 πον
311 4826 526 4878 πάντων
551 4823 656 4875 τῶν
688 4821 851 4887 λαῶν,
875 4821 988 4891 φῶς
1027 4825 1105 4885 είς
1129 4821 1468 4891 ἀποκάλυψιν
1501 4821 1732 4876 ἐθνῶν.·»

177 4919 317 4972 Αὐτὸ
353 4917 482 4987 γοῦν
509 4917 569 4969 τὸ
611 4917 872 4987 σωτήριον
903 4916 996 4969 καὶ
1023 4918 1050 4969 ὁ
1075 4915 1375 4988 Ψαλμῳδὸς
1413 4915 1616 4986 ἐδήλου,
1653 4915 1738 4967 λέ-

177 5025 307 5077 γων·
339 5031 355 5060 ι
393 5007 682 5079 Ἐγνὼρισε
721 5009 919 5078 Κύριος
949 5007 1006 5060 τὸ
1050 5011 1310 5079 σωτήριον
1343 5006 1503 5060 αὑτοῦ
1528 5048 1541 5071 ,
1583 5009 1736 5061 ἐναν-

176 5100 288 5153 τίον
317 5100 425 5152 τῶν
470 5099 636 5152 ἐθνῶν
662 5100 976 5170 ἀπεκάλυψε
1014 5099 1110 5171 τὴν
1131 5099 1471 5168 δικαιοσύνην
1503 5097 1687 5151 αὐτοῦ.
1717 5117 1734 5148 ι

177 5189 286 5239 Καὶ
311 5187 452 5240 κατὰ
476 5187 566 5241 τὸν
600 5189 820 5241 Ἡσαΐαν
842 5189 982 5242 τοῦτ’
1009 5189 1137 5242 αὐτὸ
1161 5189 1222 5241 τὸ
1251 5190 1513 5260 σωτήριον
1544 5189 1741 5251 ίδόντες

176 5279 378 5342 πάντες
427 5278 730 5350 ἄνθρωποι,
786 5282 1176 5352 προσκυνήσειν
1221 5280 1463 5349 λέγονται
1509 5279 1586 5350 τῷ
1632 5280 1738 5332 τῶν

172 5370 310 5422 ὅλων
343 5368 462 5439 Θεῷ
491 5369 550 5422 τὸ
601 5371 863 5441 σωτήριον
916 5371 1078 5423 αὐτοῦ
1118 5373 1230 5434 τοῖς
1284 5373 1446 5424 πᾶσιν
1495 5370 1737 5440 ἀφθόνως

242 5489 290 5519 ’⁸
323 5485 466 5540 Psal.
492 5501 638 5547 XLVI,
673 5487 754 5540 10.
851 5492 866 5516 ³
901 5485 1040 5543 Psal.
1077 5501 1200 5548 xcv,
1234 5487 1318 5542 10.

176 5573 346 5618 nan,
380 5558 431 5610 9.
512 5556 694 5612 ‘Psal.
721 5574 780 5620 ιι,
842 5567 902 5618 3.
978 5556 1162 5612 7Psal.
1199 5573 1344 5619 LXXI,
1381 5558 1434 5615 8.
1477 5560 1560 5623 ll,
1594 5558 1678 5612 l7.

249 5650 325 5717 (1)
358 5647 708 5705 Desideratur
731 5649 820 5701 τόν
873 5648 1028 5703 Enn.
1064 5648 1236 5703 Pun.

1423 5487 1442 5516 ²
1467 5485 1608 5540 Psal.
1646 5501 1789 5547 XLVI,
1818 5485 1872 5540 9.

1759 5557 1779 5588 ⁸
1807 5555 1952 5613 Psal.
1985 5573 2147 5623 xcv”,
2177 5556 2231 5610 2.
2299 5558 2319 5589 ⁸
2347 5557 2478 5624 Luc,
2506 5575 2564 5623 Ii,
2596 5557 2786 5614 29-52.

1849 4467 1962 4522 ριον
1979 4449 2303 4519 signiﬁcare,
2323 4450 2466 4520 quod
2490 4451 2680 4506 Latine
2699 4451 2899 4506 dicitur
2919 4452 3177 4513 salutare,
3201 4451 3408 4505 utnihil

1844 4542 1990 4597 aliud
2005 4544 2072 4596 sit
2085 4542 2330 4597 Salutare
2343 4542 2438 4597 Dei
2447 4559 2605 4614 quam
2625 4543 2917 4598 Salvatoris
2929 4545 3101 4598 nostri
3117 4542 3241 4598 Jesu
3256 4542 3410 4598 Chri-

1843 4635 1913 4690 sti
1930 4635 2219 4706 appellatio
2244 4655 2256 4691 :
2275 4635 2402 4691 huic
2428 4636 2502 4691 rei
2530 4636 2685 4692 ﬁdem
2706 4638 2833 4692 facit
2850 4637 3069 4692 Simeon
3091 4638 3146 4691 in
3166 4636 3406 4706 Evange—

1841 4728 1933 4790 lio,
1956 4729 2045 4798 qui
2062 4737 2286 4798 accepto
2299 4743 2489 4799 puero,
2518 4729 2634 4799 ipso
2651 4729 2834 4799 utique
2853 4729 3004 4792 Jesu,
3027 4730 3168 4784 intra
3185 4743 3402 4792 manus,

1841 4820 1920 4876 sic
1946 4821 2120 4873 oravit
2156 4838 2168 4873 :
2205 4837 2225 4871 ι
2265 4818 2420 4874 Nunc
2451 4819 2685 4877 dimittis
2712 4837 2926 4876 servum
2953 4829 3125 4883 tuum,
3155 4818 3400 4880 Domine,

1841 4911 2135 4967 secundum
2151 4912 2374 4966 verbum
2406 4919 2559 4966 tuum
2600 4912 2656 4966 in
2679 4929 2839 4983 pace:
2859 4913 2984 4982 quia
3003 4911 3401 4966 videruntoeuli

1837 5002 1940 5072 6]
1978 5003 2082 5057 mei
2131 5001 2380 5056 Salutare
2412 5011 2588 5065 tuum,
2613 5005 2755 5074 quod
2806 5005 3008 5074 parasti
3042 5011 3166 5057 ante
3209 5001 3400 5055 faciem

1837 5097 2075 5150 omnium
2114 5097 2466 5166 populorum,
2507 5095 2687 5150 lumen
2735 5096 2802 5149 ad
2847 5094 3226 5151 revelationem
3271 5108 3404 5164 gen-

1836 5187 1972 5240 tium
1995 5189 2037 5240 '.
2081 5207 2098 5237 ι
2151 5185 2264 5241 Hoc
2314 5187 2490 5256 ipsum
2537 5187 2702 5258 igitur
2756 5188 3025 5251 Salutare,
3061 5186 3399 5243 Psalmorum

1837 5295 2051 5350 quoque
2103 5288 2298 5334 auctor
2361 5282 2708 5352 signiﬁcavit,
2753 5296 2874 5335 cum
2919 5279 3098 5334 dixit:
3145 5297 3166 5330 ‹
3201 5277 3397 5332 Notum

1837 5372 1960 5428 fecit
1994 5371 2278 5426 Dominum
2313 5371 2564 5429 Salutare
2595 5389 2774 5438 suum,
2826 5374 2878 5426 in
2929 5380 3222 5442 conspectu
3267 5387 3398 5442 gen-

1977 5485 1996 5516 ³
2026 5485 2168 5539 Psal.
2201 5502 2322 5548 xcv,
2382 5487 2487 5551 7,8.
2562 5487 2706 5542 "lsa.
2741 5504 2852 5553 xu,
2896 5487 2981 5555 l9,
3009 5486 3098 5544 2|.
3198 5487 3391 5544 'Deut.
