  <div class='ocr_page' id='page_1' title='image "/cluster/home/n/w/nwhite01/storage/ocr_20150623/22/hvd.32044073501132/067.png"; bbox 0 0 3974 6208; ppageno 0'>
   <div class='ocr_carea' id='block_1_1' title="bbox 524 304 627 360">
    <p class='ocr_par' dir='ltr' id='par_1_1' title="bbox 524 304 627 360">
     <span class='ocr_line' id='line_1_1' title="bbox 524 304 627 360; baseline 0.029 -3"><span class='ocrx_word' id='word_1_1' title='bbox 524 304 627 360; x_wconf 75' lang='lat' dir='ltr'><strong>I25</strong></span> 
     </span>
    </p>
   </div>
   <div class='ocr_carea' id='block_1_2' title="bbox 1180 292 2079 354">
    <p class='ocr_par' dir='ltr' id='par_1_2' title="bbox 1180 293 2079 354">
     <span class='ocr_line' id='line_1_2' title="bbox 1180 293 2079 354; baseline -0.006 -2"><span class='ocrx_word' id='word_1_2' title='bbox 1180 296 1446 353; x_wconf 86' lang='lat' dir='ltr'><strong>EUSEBII</strong></span> <span class='ocrx_word' id='word_1_3' title='bbox 1481 294 1954 354; x_wconf 65' lang='grc' dir='ltr'>εΑεεΑιιιεΝειε</span> <span class='ocrx_word' id='word_1_4' title='bbox 1989 293 2079 350; x_wconf 79' lang='grc' dir='ltr'><strong>ΟΡ</strong></span> 
     </span>
    </p>
   </div>
   <div class='ocr_carea' id='block_1_3' title="bbox 2182 292 3088 354">
    <p class='ocr_par' dir='ltr' id='par_1_3' title="bbox 2182 292 3088 352">
     <span class='ocr_line' id='line_1_3' title="bbox 2182 292 3088 352; baseline 0.003 -6"><span class='ocrx_word' id='word_1_5' title='bbox 2182 293 2355 350; x_wconf 79' lang='lat' dir='ltr'><strong>PARS</strong></span> <span class='ocrx_word' id='word_1_6' title='bbox 2392 293 2455 350; x_wconf 91' lang='lat' dir='ltr'><strong>II.</strong></span> <span class='ocrx_word' id='word_1_7' title='bbox 2485 324 2557 347; x_wconf 86' lang='lat'><strong>-—.</strong></span> <span class='ocrx_word' id='word_1_8' title='bbox 2591 292 3088 352; x_wconf 80' lang='lat' dir='ltr'><strong>APOLOGETICA.</strong></span> 
     </span>
    </p>
   </div>
   <div class='ocr_carea' id='block_1_4' title="bbox 3645 295 3751 350">
    <p class='ocr_par' dir='ltr' id='par_1_4' title="bbox 3645 295 3751 350">
     <span class='ocr_line' id='line_1_4' title="bbox 3645 295 3751 350; baseline 0.019 -2"><span class='ocrx_word' id='word_1_9' title='bbox 3645 295 3751 350; x_wconf 67' lang='grc'><strong>126</strong></span> 
     </span>
    </p>
   </div>
   <div class='ocr_carea' id='block_1_5' title="bbox 520 407 2079 484">
    <p class='ocr_par' dir='ltr' id='par_1_5' title="bbox 520 407 2076 481">
     <span class='ocr_line' id='line_1_5' title="bbox 520 407 2076 481; baseline -0.005 -11"><span class='ocrx_word' id='word_1_10' title='bbox 520 415 656 470; x_wconf 89' lang='lat' dir='ltr'><strong>tium</strong></span> <span class='ocrx_word' id='word_1_11' title='bbox 690 413 944 470; x_wconf 88' lang='lat' dir='ltr'><strong>revelavit</strong></span> <span class='ocrx_word' id='word_1_12' title='bbox 992 410 1262 481; x_wconf 73' lang='lat' dir='ltr'><strong>justitiam</strong></span> <span class='ocrx_word' id='word_1_13' title='bbox 1302 425 1457 464; x_wconf 89' lang='lat' dir='ltr'><strong>suam</strong></span> <span class='ocrx_word' id='word_1_14' title='bbox 1483 410 1546 464; x_wconf 78' lang='lat'><strong>&#39;°.</strong></span> <span class='ocrx_word' id='word_1_15' title='bbox 1588 430 1606 463; x_wconf 74' lang='grc' dir='ltr'><strong>ι</strong></span> <span class='ocrx_word' id='word_1_16' title='bbox 1646 407 1906 464; x_wconf 74' lang='lat' dir='ltr'><strong>Similiter</strong></span> <span class='ocrx_word' id='word_1_17' title='bbox 1935 408 2076 478; x_wconf 89' lang='lat' dir='ltr'><strong>apud</strong></span> 
     </span>
    </p>
   </div>
   <div class='ocr_carea' id='block_1_6' title="bbox 2182 407 3752 484">
    <p class='ocr_par' dir='ltr' id='par_1_6' title="bbox 2182 410 3752 484">
     <span class='ocr_line' id='line_1_6' title="bbox 2182 410 3752 484; baseline 0.002 -23"><span class='ocrx_word' id='word_1_18' title='bbox 2182 410 2561 480; x_wconf 83' lang='grc' dir='ltr'><strong>κεχαρισμένῳ</strong></span> <span class='ocrx_word' id='word_1_19' title='bbox 2585 428 2598 441; x_wconf 76' lang='grc' dir='ltr'><strong><em>ο</em></strong></span> <span class='ocrx_word' id='word_1_20' title='bbox 2648 413 2740 466; x_wconf 74' lang='grc' dir='ltr'>καὶ</span> <span class='ocrx_word' id='word_1_21' title='bbox 2770 413 3164 484; x_wconf 84' lang='grc' dir='ltr'><strong>προσκυνήσειν</strong></span> <span class='ocrx_word' id='word_1_22' title='bbox 3215 429 3277 481; x_wconf 81' lang='grc' dir='ltr'><strong>γε</strong></span> <span class='ocrx_word' id='word_1_23' title='bbox 3327 411 3476 484; x_wconf 82' lang='grc' dir='ltr'><strong>αὑτῷ</strong></span> <span class='ocrx_word' id='word_1_24' title='bbox 3511 411 3609 466; x_wconf 80' lang='grc' dir='ltr'><strong>οὐκ</strong></span> <span class='ocrx_word' id='word_1_25' title='bbox 3651 411 3752 465; x_wconf 74' lang='grc' dir='ltr'>ἐπὶ</span> 
     </span>
    </p>
   </div>
   <div class='ocr_carea' id='block_1_7' title="bbox 519 501 2076 572">
    <p class='ocr_par' dir='ltr' id='par_1_7' title="bbox 519 501 2076 572">
     <span class='ocr_line' id='line_1_7' title="bbox 519 501 2076 572; baseline -0.003 -13"><span class='ocrx_word' id='word_1_26' title='bbox 519 505 711 562; x_wconf 90' lang='lat' dir='ltr'><strong>Isaiam</strong></span> <span class='ocrx_word' id='word_1_27' title='bbox 731 520 920 560; x_wconf 89' lang='lat' dir='ltr'><strong>omnes</strong></span> <span class='ocrx_word' id='word_1_28' title='bbox 965 502 1233 567; x_wconf 88' lang='lat' dir='ltr'><strong>homines,</strong></span> <span class='ocrx_word' id='word_1_29' title='bbox 1255 501 1356 557; x_wconf 91' lang='lat' dir='ltr'><strong>hoc</strong></span> <span class='ocrx_word' id='word_1_30' title='bbox 1390 501 1565 572; x_wconf 89' lang='lat' dir='ltr'><strong>ipsum</strong></span> <span class='ocrx_word' id='word_1_31' title='bbox 1600 503 1834 558; x_wconf 87' lang='lat' dir='ltr'><strong>salutare</strong></span> <span class='ocrx_word' id='word_1_32' title='bbox 1862 502 2076 555; x_wconf 87' lang='lat' dir='ltr'><strong>intuen-</strong></span> 
     </span>
    </p>
   </div>
   <div class='ocr_carea' id='block_1_8' title="bbox 520 593 2083 664">
    <p class='ocr_par' dir='ltr' id='par_1_8' title="bbox 520 593 2083 664">
     <span class='ocr_line' id='line_1_8' title="bbox 520 593 2083 664; baseline -0.006 -9"><span class='ocrx_word' id='word_1_33' title='bbox 520 610 624 662; x_wconf 86' lang='lat' dir='ltr'><strong>tes,</strong></span> <span class='ocrx_word' id='word_1_34' title='bbox 659 598 824 653; x_wconf 90' lang='lat' dir='ltr'><strong>Deum</strong></span> <span class='ocrx_word' id='word_1_35' title='bbox 865 597 1106 652; x_wconf 83' lang='lat' dir='ltr'><strong>universi</strong></span> <span class='ocrx_word' id='word_1_36' title='bbox 1158 597 1419 651; x_wconf 90' lang='lat' dir='ltr'><strong>dicuntur</strong></span> <span class='ocrx_word' id='word_1_37' title='bbox 1451 595 1750 659; x_wconf 73' lang='lat' dir='ltr'><strong>adoraturi,</strong></span> <span class='ocrx_word' id='word_1_38' title='bbox 1795 595 1890 664; x_wconf 91' lang='lat' dir='ltr'><strong>qui</strong></span> <span class='ocrx_word' id='word_1_39' title='bbox 1925 593 2083 648; x_wconf 86' lang='lat' dir='ltr'><strong>Salu-</strong></span> 
     </span>
    </p>
   </div>
   <div class='ocr_carea' id='block_1_9' title="bbox 519 685 2081 756">
    <p class='ocr_par' dir='ltr' id='par_1_9' title="bbox 519 685 2081 756">
     <span class='ocr_line' id='line_1_9' title="bbox 519 685 2081 756; baseline -0.003 -14"><span class='ocrx_word' id='word_1_40' title='bbox 519 701 636 742; x_wconf 87' lang='lat' dir='ltr'><strong>tare</strong></span> <span class='ocrx_word' id='word_1_41' title='bbox 670 703 828 743; x_wconf 92' lang='lat' dir='ltr'><strong>suum</strong></span> <span class='ocrx_word' id='word_1_42' title='bbox 852 688 1108 742; x_wconf 85' lang='lat' dir='ltr'><strong>omnibus</strong></span> <span class='ocrx_word' id='word_1_43' title='bbox 1132 685 1346 740; x_wconf 88' lang='lat' dir='ltr'><strong>abunde</strong></span> <span class='ocrx_word' id='word_1_44' title='bbox 1387 686 1460 741; x_wconf 88' lang='lat' dir='ltr'><strong>sit</strong></span> <span class='ocrx_word' id='word_1_45' title='bbox 1497 685 1794 756; x_wconf 78' lang='lat' dir='ltr'><strong>largiturus</strong></span> <span class='ocrx_word' id='word_1_46' title='bbox 1821 705 1833 739; x_wconf 89' lang='lat'>:</span> <span class='ocrx_word' id='word_1_47' title='bbox 1861 693 1916 740; x_wconf 91' lang='lat' dir='ltr'><strong>et</strong></span> <span class='ocrx_word' id='word_1_48' title='bbox 1948 685 2081 739; x_wconf 83' lang='lat' dir='ltr'><strong>ado-</strong></span> 
     </span>
    </p>
   </div>
   <div class='ocr_carea' id='block_1_10' title="bbox 522 775 2079 845">
    <p class='ocr_par' dir='ltr' id='par_1_10' title="bbox 522 775 2079 845">
     <span class='ocr_line' id='line_1_10' title="bbox 522 775 2079 845; baseline -0.001 -13"><span class='ocrx_word' id='word_1_49' title='bbox 522 779 712 841; x_wconf 86' lang='lat' dir='ltr'><strong>raturi,</strong></span> <span class='ocrx_word' id='word_1_50' title='bbox 751 793 860 831; x_wconf 93' lang='lat' dir='ltr'><strong>non</strong></span> <span class='ocrx_word' id='word_1_51' title='bbox 889 778 946 832; x_wconf 91' lang='lat' dir='ltr'><strong>in</strong></span> <span class='ocrx_word' id='word_1_52' title='bbox 985 777 1087 831; x_wconf 90' lang='lat' dir='ltr'><strong>hac</strong></span> <span class='ocrx_word' id='word_1_53' title='bbox 1119 777 1364 831; x_wconf 85' lang='lat' dir='ltr'><strong>inferiori</strong></span> <span class='ocrx_word' id='word_1_54' title='bbox 1414 775 1738 838; x_wconf 89' lang='lat' dir='ltr'><strong>Jerusalem.</strong></span> <span class='ocrx_word' id='word_1_55' title='bbox 1772 791 1892 845; x_wconf 69' lang='lat' dir='ltr'><strong>qua:</strong></span> <span class='ocrx_word' id='word_1_56' title='bbox 1918 784 1999 830; x_wconf 86' lang='lat' dir='ltr'><strong>est</strong></span> <span class='ocrx_word' id='word_1_57' title='bbox 2023 775 2079 830; x_wconf 90' lang='lat' dir='ltr'><strong>in</strong></span> 
     </span>
    </p>
   </div>
   <div class='ocr_carea' id='block_1_11' title="bbox 521 869 2082 939">
    <p class='ocr_par' dir='ltr' id='par_1_11' title="bbox 521 869 2082 939">
     <span class='ocr_line' id='line_1_11' title="bbox 521 869 2082 939; baseline -0.001 -16"><span class='ocrx_word' id='word_1_58' title='bbox 521 871 826 934; x_wconf 59' lang='lat' dir='ltr'><strong>Palmstina,</strong></span> <span class='ocrx_word' id='word_1_59' title='bbox 850 869 945 924; x_wconf 88' lang='lat' dir='ltr'><strong>sed</strong></span> <span class='ocrx_word' id='word_1_60' title='bbox 970 884 1412 939; x_wconf 81' lang='lat' dir='ltr'><strong>unumquemque</strong></span> <span class='ocrx_word' id='word_1_61' title='bbox 1441 885 1504 922; x_wconf 80' lang='lat' dir='ltr'><strong>ex</strong></span> <span class='ocrx_word' id='word_1_62' title='bbox 1529 869 1646 922; x_wconf 92' lang='lat' dir='ltr'><strong>loco</strong></span> <span class='ocrx_word' id='word_1_63' title='bbox 1671 883 1790 928; x_wconf 88' lang='lat' dir='ltr'><strong>suo.</strong></span> <span class='ocrx_word' id='word_1_64' title='bbox 1811 875 1864 922; x_wconf 92' lang='lat' dir='ltr'><strong>et</strong></span> <span class='ocrx_word' id='word_1_65' title='bbox 1893 881 2082 922; x_wconf 86' lang='lat' dir='ltr'><strong>omnes</strong></span> 
     </span>
    </p>
   </div>
   <div class='ocr_carea' id='block_1_12' title="bbox 520 957 2081 1032">
    <p class='ocr_par' dir='ltr' id='par_1_12' title="bbox 520 957 2081 1032">
     <span class='ocr_line' id='line_1_12' title="bbox 520 957 2081 1032; baseline -0.002 -17"><span class='ocrx_word' id='word_1_66' title='bbox 520 963 832 1032; x_wconf 85' lang='lat' dir='ltr'><strong>quicunque</strong></span> <span class='ocrx_word' id='word_1_67' title='bbox 886 963 995 1017; x_wconf 90' lang='lat' dir='ltr'><strong>sint</strong></span> <span class='ocrx_word' id='word_1_68' title='bbox 1047 963 1102 1016; x_wconf 91' lang='lat' dir='ltr'><strong>in</strong></span> <span class='ocrx_word' id='word_1_69' title='bbox 1159 961 1356 1016; x_wconf 87' lang='lat' dir='ltr'><strong>insulis</strong></span> <span class='ocrx_word' id='word_1_70' title='bbox 1397 957 1639 1031; x_wconf 89' lang='lat' dir='ltr'><strong>gentium</strong></span> <span class='ocrx_word' id='word_1_71' title='bbox 1669 979 1682 1014; x_wconf 91' lang='lat'><strong>:</strong></span> <span class='ocrx_word' id='word_1_72' title='bbox 1714 977 1822 1029; x_wconf 85' lang='lat' dir='ltr'><strong>quo</strong></span> <span class='ocrx_word' id='word_1_73' title='bbox 1844 968 2081 1028; x_wconf 89' lang='lat' dir='ltr'><strong>tempore</strong></span> 
     </span>
    </p>
   </div>
   <div class='ocr_carea' id='block_1_13' title="bbox 520 1050 2081 1121">
    <p class='ocr_par' dir='ltr' id='par_1_13' title="bbox 520 1050 2081 1121">
     <span class='ocr_line' id='line_1_13' title="bbox 520 1050 2081 1121; baseline -0.002 -15"><span class='ocrx_word' id='word_1_74' title='bbox 520 1054 800 1108; x_wconf 84' lang='lat' dir='ltr'><strong>oraculum</strong></span> <span class='ocrx_word' id='word_1_75' title='bbox 835 1053 965 1107; x_wconf 82' lang='lat' dir='ltr'><strong>illud</strong></span> <span class='ocrx_word' id='word_1_76' title='bbox 995 1053 1154 1107; x_wconf 85' lang='lat' dir='ltr'><strong>ﬁnem</strong></span> <span class='ocrx_word' id='word_1_77' title='bbox 1179 1052 1429 1121; x_wconf 77' lang='lat' dir='ltr'><strong>accipiet,</strong></span> <span class='ocrx_word' id='word_1_78' title='bbox 1456 1051 1599 1120; x_wconf 88' lang='lat' dir='ltr'><strong>quod</strong></span> <span class='ocrx_word' id='word_1_79' title='bbox 1634 1050 1860 1104; x_wconf 85' lang='lat' dir='ltr'><strong>allirmat</strong></span> <span class='ocrx_word' id='word_1_80' title='bbox 1893 1064 2081 1103; x_wconf 89' lang='lat' dir='ltr'><strong>omnes</strong></span> 
     </span>
    </p>
   </div>
   <div class='ocr_carea' id='block_1_14' title="bbox 523 1141 2082 1212">
    <p class='ocr_par' dir='ltr' id='par_1_14' title="bbox 523 1141 2082 1212">
     <span class='ocr_line' id='line_1_14' title="bbox 523 1141 2082 1212; baseline -0.002 -15"><span class='ocrx_word' id='word_1_81' title='bbox 523 1143 772 1198; x_wconf 86' lang='lat' dir='ltr'><strong>homines</strong></span> <span class='ocrx_word' id='word_1_82' title='bbox 803 1144 1056 1198; x_wconf 79' lang='lat' dir='ltr'><strong>invocare</strong></span> <span class='ocrx_word' id='word_1_83' title='bbox 1090 1158 1197 1196; x_wconf 94' lang='lat' dir='ltr'><strong>non</strong></span> <span class='ocrx_word' id='word_1_84' title='bbox 1224 1143 1458 1212; x_wconf 88' lang='lat' dir='ltr'><strong>amplius</strong></span> <span class='ocrx_word' id='word_1_85' title='bbox 1489 1141 1628 1196; x_wconf 88' lang='lat' dir='ltr'><strong>Deos</strong></span> <span class='ocrx_word' id='word_1_86' title='bbox 1650 1141 1877 1211; x_wconf 88' lang='lat' dir='ltr'><strong>patrios,</strong></span> <span class='ocrx_word' id='word_1_87' title='bbox 1906 1156 2082 1209; x_wconf 91' lang='lat' dir='ltr'><strong>neque</strong></span> 
     </span>
    </p>
   </div>
   <div class='ocr_carea' id='block_1_15' title="bbox 523 1233 2082 1302">
    <p class='ocr_par' dir='ltr' id='par_1_15' title="bbox 523 1233 2082 1302">
     <span class='ocr_line' id='line_1_15' title="bbox 523 1233 2082 1302; baseline -0.001 -12"><span class='ocrx_word' id='word_1_88' title='bbox 523 1237 834 1299; x_wconf 86' lang='lat' dir='ltr'><strong>simulacra,</strong></span> <span class='ocrx_word' id='word_1_89' title='bbox 867 1243 963 1290; x_wconf 92' lang='lat' dir='ltr'><strong>aut</strong></span> <span class='ocrx_word' id='word_1_90' title='bbox 1003 1236 1302 1302; x_wconf 64' lang='lat' dir='ltr'><strong>daemonas,</strong></span> <span class='ocrx_word' id='word_1_91' title='bbox 1361 1236 1453 1289; x_wconf 87' lang='lat' dir='ltr'><strong>sed</strong></span> <span class='ocrx_word' id='word_1_92' title='bbox 1513 1250 1711 1288; x_wconf 87' lang='lat' dir='ltr'><strong>nomen</strong></span> <span class='ocrx_word' id='word_1_93' title='bbox 1771 1233 2006 1298; x_wconf 90' lang='lat' dir='ltr'><strong>Domini,</strong></span> <span class='ocrx_word' id='word_1_94' title='bbox 2029 1243 2082 1288; x_wconf 89' lang='lat' dir='ltr'><strong>et</strong></span> 
     </span>
    </p>
   </div>
   <div class='ocr_carea' id='block_1_16' title="bbox 521 1323 2080 1397">
    <p class='ocr_par' dir='ltr' id='par_1_16' title="bbox 521 1323 2080 1397">
     <span class='ocr_line' id='line_1_16' title="bbox 521 1323 2080 1397; baseline -0.006 -12"><span class='ocrx_word' id='word_1_95' title='bbox 521 1329 726 1385; x_wconf 86' lang='lat' dir='ltr'><strong>servire</strong></span> <span class='ocrx_word' id='word_1_96' title='bbox 769 1328 844 1381; x_wconf 92' lang='lat' dir='ltr'><strong>illi</strong></span> <span class='ocrx_word' id='word_1_97' title='bbox 897 1328 1000 1382; x_wconf 85' lang='lat' dir='ltr'><strong>sub</strong></span> <span class='ocrx_word' id='word_1_98' title='bbox 1025 1327 1157 1397; x_wconf 85' lang='lat' dir='ltr'><strong>jugo</strong></span> <span class='ocrx_word' id='word_1_99' title='bbox 1193 1341 1322 1391; x_wconf 90' lang='lat' dir='ltr'><strong>uno,</strong></span> <span class='ocrx_word' id='word_1_100' title='bbox 1355 1335 1407 1380; x_wconf 91' lang='lat' dir='ltr'><strong>et</strong></span> <span class='ocrx_word' id='word_1_101' title='bbox 1439 1325 1515 1379; x_wconf 91' lang='lat' dir='ltr'><strong>illi</strong></span> <span class='ocrx_word' id='word_1_102' title='bbox 1544 1341 1573 1378; x_wconf 90' lang='lat' dir='ltr'><strong>a</strong></span> <span class='ocrx_word' id='word_1_103' title='bbox 1616 1325 1865 1380; x_wconf 92' lang='lat' dir='ltr'><strong>terminis</strong></span> <span class='ocrx_word' id='word_1_104' title='bbox 1899 1323 2080 1377; x_wconf 87' lang='lat' dir='ltr'><strong>ﬂumi-</strong></span> 
     </span>
    </p>
   </div>
   <div class='ocr_carea' id='block_1_17' title="bbox 521 1415 2080 1489">
    <p class='ocr_par' dir='ltr' id='par_1_17' title="bbox 521 1415 2080 1489">
     <span class='ocr_line' id='line_1_17' title="bbox 521 1415 2080 1489; baseline -0.004 -13"><span class='ocrx_word' id='word_1_105' title='bbox 521 1437 649 1476; x_wconf 90' lang='lat' dir='ltr'><strong>num</strong></span> <span class='ocrx_word' id='word_1_106' title='bbox 702 1420 991 1489; x_wconf 67' lang='grc' dir='ltr'><strong>ίΕιΙιίορὶδε</strong></span> <span class='ocrx_word' id='word_1_107' title='bbox 1042 1418 1335 1473; x_wconf 81' lang='lat' dir='ltr'><strong>rationales</strong></span> <span class='ocrx_word' id='word_1_108' title='bbox 1393 1425 1447 1472; x_wconf 89' lang='lat' dir='ltr'><strong>et</strong></span> <span class='ocrx_word' id='word_1_109' title='bbox 1508 1417 1820 1471; x_wconf 80' lang='lat' dir='ltr'><strong>incruentas</strong></span> <span class='ocrx_word' id='word_1_110' title='bbox 1875 1415 2080 1469; x_wconf 85' lang='lat' dir='ltr'><strong>hostias</strong></span> 
     </span>
    </p>
   </div>
   <div class='ocr_carea' id='block_1_18' title="bbox 517 1503 2082 1582">
    <p class='ocr_par' dir='ltr' id='par_1_18' title="bbox 517 1503 2082 1582">
     <span class='ocr_line' id='line_1_18' title="bbox 517 1503 2082 1582; baseline -0.007 -16"><span class='ocrx_word' id='word_1_111' title='bbox 517 1529 615 1582; x_wconf 92' lang='lat' dir='ltr'><strong>per</strong></span> <span class='ocrx_word' id='word_1_112' title='bbox 646 1511 854 1565; x_wconf 89' lang='lat' dir='ltr'><strong>Novum</strong></span> <span class='ocrx_word' id='word_1_113' title='bbox 882 1510 1084 1564; x_wconf 80' lang='lat' dir='ltr'><strong>Christi</strong></span> <span class='ocrx_word' id='word_1_114' title='bbox 1124 1507 1551 1571; x_wconf 89' lang='lat' dir='ltr'><strong>Testamentum,</strong></span> <span class='ocrx_word' id='word_1_115' title='bbox 1577 1523 1683 1560; x_wconf 92' lang='lat' dir='ltr'><strong>non</strong></span> <span class='ocrx_word' id='word_1_116' title='bbox 1727 1507 1784 1559; x_wconf 90' lang='lat' dir='ltr'><strong>in</strong></span> <span class='ocrx_word' id='word_1_117' title='bbox 1834 1503 2082 1558; x_wconf 80' lang='lat' dir='ltr'><strong>inferiori</strong></span> 
     </span>
    </p>
   </div>
   <div class='ocr_carea' id='block_1_19' title="bbox 514 1596 2078 1670">
    <p class='ocr_par' dir='ltr' id='par_1_19' title="bbox 514 1596 2078 1670">
     <span class='ocr_line' id='line_1_19' title="bbox 514 1596 2078 1670; baseline -0.007 -12"><span class='ocrx_word' id='word_1_118' title='bbox 514 1605 839 1669; x_wconf 86' lang='lat' dir='ltr'><strong>Jerusalem,</strong></span> <span class='ocrx_word' id='word_1_119' title='bbox 905 1617 1080 1670; x_wconf 88' lang='lat' dir='ltr'><strong>neque</strong></span> <span class='ocrx_word' id='word_1_120' title='bbox 1134 1601 1286 1654; x_wconf 92' lang='lat' dir='ltr'><strong>ineo</strong></span> <span class='ocrx_word' id='word_1_121' title='bbox 1316 1599 1459 1669; x_wconf 89' lang='lat' dir='ltr'><strong>quod</strong></span> <span class='ocrx_word' id='word_1_122' title='bbox 1517 1599 1572 1652; x_wconf 92' lang='lat' dir='ltr'><strong>in</strong></span> <span class='ocrx_word' id='word_1_123' title='bbox 1623 1599 1712 1651; x_wconf 89' lang='lat' dir='ltr'><strong>illa</strong></span> <span class='ocrx_word' id='word_1_124' title='bbox 1769 1604 1854 1651; x_wconf 93' lang='lat' dir='ltr'><strong>est</strong></span> <span class='ocrx_word' id='word_1_125' title='bbox 1900 1596 2078 1660; x_wconf 87' lang='lat' dir='ltr'><strong>altari,</strong></span> 
     </span>
    </p>
   </div>
   <div class='ocr_carea' id='block_1_20' title="bbox 517 1686 2080 1761">
    <p class='ocr_par' dir='ltr' id='par_1_20' title="bbox 517 1686 2080 1761">
     <span class='ocr_line' id='line_1_20' title="bbox 517 1686 2080 1761; baseline -0.006 -13"><span class='ocrx_word' id='word_1_126' title='bbox 517 1694 611 1749; x_wconf 88' lang='lat' dir='ltr'><strong>sed</strong></span> <span class='ocrx_word' id='word_1_127' title='bbox 645 1694 699 1747; x_wconf 91' lang='lat' dir='ltr'><strong>in</strong></span> <span class='ocrx_word' id='word_1_128' title='bbox 751 1693 870 1761; x_wconf 90' lang='lat' dir='ltr'><strong>ejus</strong></span> <span class='ocrx_word' id='word_1_129' title='bbox 920 1691 1212 1760; x_wconf 71' lang='lat' dir='ltr'><strong>Aithiopite</strong></span> <span class='ocrx_word' id='word_1_130' title='bbox 1244 1691 1461 1753; x_wconf 81' lang='lat' dir='ltr'><strong>ﬁnibus,</strong></span> <span class='ocrx_word' id='word_1_131' title='bbox 1497 1688 1564 1744; x_wconf 88' lang='lat' dir='ltr'><strong>de</strong></span> <span class='ocrx_word' id='word_1_132' title='bbox 1606 1703 1712 1758; x_wconf 88' lang='lat' dir='ltr'><strong>qua</strong></span> <span class='ocrx_word' id='word_1_133' title='bbox 1737 1687 1848 1756; x_wconf 87' lang='lat' dir='ltr'><strong>jam</strong></span> <span class='ocrx_word' id='word_1_134' title='bbox 1876 1686 2080 1740; x_wconf 90' lang='lat' dir='ltr'><strong>dictum</strong></span> 
     </span>
    </p>
   </div>
   <div class='ocr_carea' id='block_1_21' title="bbox 514 1776 2080 1851">
    <p class='ocr_par' dir='ltr' id='par_1_21' title="bbox 514 1776 2080 1851">
     <span class='ocr_line' id='line_1_21' title="bbox 514 1776 2080 1851; baseline -0.007 -10"><span class='ocrx_word' id='word_1_135' title='bbox 514 1795 622 1848; x_wconf 87' lang='lat' dir='ltr'><strong>est,</strong></span> <span class='ocrx_word' id='word_1_136' title='bbox 657 1785 956 1838; x_wconf 88' lang='lat' dir='ltr'><strong>oblaturos.</strong></span> <span class='ocrx_word' id='word_1_137' title='bbox 996 1781 1150 1849; x_wconf 86' lang='lat' dir='ltr'><strong>Quod</strong></span> <span class='ocrx_word' id='word_1_138' title='bbox 1181 1782 1224 1837; x_wconf 92' lang='lat' dir='ltr'><strong>si</strong></span> <span class='ocrx_word' id='word_1_139' title='bbox 1264 1797 1514 1851; x_wconf 89' lang='lat' dir='ltr'><strong>magnum</strong></span> <span class='ocrx_word' id='word_1_140' title='bbox 1547 1780 1803 1850; x_wconf 87' lang='lat' dir='ltr'><strong>quiddam</strong></span> <span class='ocrx_word' id='word_1_141' title='bbox 1849 1785 1952 1840; x_wconf 91' lang='lat' dir='ltr'><strong>cst,</strong></span> <span class='ocrx_word' id='word_1_142' title='bbox 1984 1776 2080 1830; x_wconf 85' lang='lat' dir='ltr'><strong>Dei</strong></span> 
     </span>
    </p>
   </div>
   <div class='ocr_carea' id='block_1_22' title="bbox 516 1868 2078 1948">
    <p class='ocr_par' dir='ltr' id='par_1_22' title="bbox 516 1868 2078 1948">
     <span class='ocr_line' id='line_1_22' title="bbox 516 1868 2078 1948; baseline -0.005 -20"><span class='ocrx_word' id='word_1_143' title='bbox 516 1877 774 1948; x_wconf 85' lang='lat' dir='ltr'><strong>populum</strong></span> <span class='ocrx_word' id='word_1_144' title='bbox 805 1883 859 1930; x_wconf 92' lang='lat' dir='ltr'><strong>et</strong></span> <span class='ocrx_word' id='word_1_145' title='bbox 886 1891 1029 1939; x_wconf 91' lang='lat' dir='ltr'><strong>esse,</strong></span> <span class='ocrx_word' id='word_1_146' title='bbox 1061 1881 1114 1929; x_wconf 92' lang='lat' dir='ltr'><strong>et</strong></span> <span class='ocrx_word' id='word_1_147' title='bbox 1149 1873 1383 1938; x_wconf 91' lang='lat' dir='ltr'><strong>censeri,</strong></span> <span class='ocrx_word' id='word_1_148' title='bbox 1419 1882 1472 1927; x_wconf 91' lang='lat' dir='ltr'><strong>et</strong></span> <span class='ocrx_word' id='word_1_149' title='bbox 1522 1887 1692 1926; x_wconf 90' lang='lat' dir='ltr'><strong>unum</strong></span> <span class='ocrx_word' id='word_1_150' title='bbox 1733 1870 1835 1923; x_wconf 92' lang='lat' dir='ltr'><strong>hoc</strong></span> <span class='ocrx_word' id='word_1_151' title='bbox 1869 1868 2078 1922; x_wconf 91' lang='lat' dir='ltr'><strong>divino-</strong></span> 
     </span>
    </p>
   </div>
   <div class='ocr_carea' id='block_1_23' title="bbox 516 1958 2078 2038">
    <p class='ocr_par' dir='ltr' id='par_1_23' title="bbox 516 1958 2078 2038">
     <span class='ocr_line' id='line_1_23' title="bbox 516 1958 2078 2038; baseline -0.004 -18"><span class='ocrx_word' id='word_1_152' title='bbox 516 1984 637 2022; x_wconf 89' lang='lat' dir='ltr'><strong>rum</strong></span> <span class='ocrx_word' id='word_1_153' title='bbox 671 1970 1064 2038; x_wconf 87' lang='lat' dir='ltr'><strong>promissorum</strong></span> <span class='ocrx_word' id='word_1_154' title='bbox 1116 1967 1410 2019; x_wconf 83' lang='lat' dir='ltr'><strong>maximnm</strong></span> <span class='ocrx_word' id='word_1_155' title='bbox 1458 1972 1560 2026; x_wconf 89' lang='lat' dir='ltr'><strong>est,</strong></span> <span class='ocrx_word' id='word_1_156' title='bbox 1587 1963 1679 2016; x_wconf 92' lang='lat' dir='ltr'><strong>ubi</strong></span> <span class='ocrx_word' id='word_1_157' title='bbox 1717 1962 1786 2016; x_wconf 89' lang='lat' dir='ltr'><strong>ab</strong></span> <span class='ocrx_word' id='word_1_158' title='bbox 1817 1962 1935 2030; x_wconf 92' lang='lat' dir='ltr'><strong>ipso</strong></span> <span class='ocrx_word' id='word_1_159' title='bbox 1968 1958 2078 2013; x_wconf 89' lang='lat' dir='ltr'><strong>Deo</strong></span> 
     </span>
    </p>
   </div>
   <div class='ocr_carea' id='block_1_24' title="bbox 515 2051 2076 2129">
    <p class='ocr_par' dir='ltr' id='par_1_24' title="bbox 515 2051 2076 2129">
     <span class='ocr_line' id='line_1_24' title="bbox 515 2051 2076 2129; baseline -0.007 -16"><span class='ocrx_word' id='word_1_160' title='bbox 515 2059 583 2114; x_wconf 91' lang='lat' dir='ltr'><strong>de</strong></span> <span class='ocrx_word' id='word_1_161' title='bbox 622 2060 688 2114; x_wconf 89' lang='lat' dir='ltr'><strong>iis</strong></span> <span class='ocrx_word' id='word_1_162' title='bbox 710 2059 804 2129; x_wconf 90' lang='lat' dir='ltr'><strong>qui</strong></span> <span class='ocrx_word' id='word_1_163' title='bbox 827 2058 1006 2128; x_wconf 90' lang='lat' dir='ltr'><strong>seipso</strong></span> <span class='ocrx_word' id='word_1_164' title='bbox 1029 2057 1177 2127; x_wconf 84' lang='lat' dir='ltr'><strong>digni</strong></span> <span class='ocrx_word' id='word_1_165' title='bbox 1211 2057 1342 2120; x_wconf 89' lang='lat' dir='ltr'><strong>sint,</strong></span> <span class='ocrx_word' id='word_1_166' title='bbox 1372 2055 1578 2109; x_wconf 87' lang='lat' dir='ltr'><strong>dicitur</strong></span> <span class='ocrx_word' id='word_1_167' title='bbox 1615 2073 1628 2108; x_wconf 89' lang='lat'><strong>:</strong></span> <span class='ocrx_word' id='word_1_168' title='bbox 1666 2073 1683 2105; x_wconf 83' lang='grc' dir='ltr'>ι</span> <span class='ocrx_word' id='word_1_169' title='bbox 1722 2052 1827 2106; x_wconf 88' lang='lat' dir='ltr'><strong>Ero</strong></span> <span class='ocrx_word' id='word_1_170' title='bbox 1859 2051 2076 2104; x_wconf 79' lang='lat' dir='ltr'><strong>illorum</strong></span> 
     </span>
    </p>
   </div>
   <div class='ocr_carea' id='block_1_25' title="bbox 517 2143 2080 2222">
    <p class='ocr_par' dir='ltr' id='par_1_25' title="bbox 517 2143 2080 2222">
     <span class='ocr_line' id='line_1_25' title="bbox 517 2143 2080 2222; baseline -0.006 -16"><span class='ocrx_word' id='word_1_171' title='bbox 517 2152 682 2216; x_wconf 90' lang='lat' dir='ltr'><strong>Deus,</strong></span> <span class='ocrx_word' id='word_1_172' title='bbox 715 2161 770 2207; x_wconf 92' lang='lat' dir='ltr'><strong>et</strong></span> <span class='ocrx_word' id='word_1_173' title='bbox 809 2151 913 2222; x_wconf 89' lang='lat' dir='ltr'><strong>ipsi</strong></span> <span class='ocrx_word' id='word_1_174' title='bbox 962 2158 1124 2205; x_wconf 91' lang='lat' dir='ltr'><strong>erunt</strong></span> <span class='ocrx_word' id='word_1_175' title='bbox 1173 2149 1408 2220; x_wconf 82' lang='lat' dir='ltr'><strong>papulus</strong></span> <span class='ocrx_word' id='word_1_176' title='bbox 1440 2148 1676 2210; x_wconf 82' lang='lat' dir='ltr'><strong>meus“,</strong></span> <span class='ocrx_word' id='word_1_177' title='bbox 1719 2164 1737 2196; x_wconf 75' lang='grc' dir='ltr'>ι</span> <span class='ocrx_word' id='word_1_178' title='bbox 1779 2143 2080 2212; x_wconf 90' lang='lat' dir='ltr'><strong>meritoque</strong></span> 
     </span>
    </p>
   </div>
   <div class='ocr_carea' id='block_1_26' title="bbox 515 2234 2076 2313">
    <p class='ocr_par' dir='ltr' id='par_1_26' title="bbox 515 2234 2076 2313">
     <span class='ocr_line' id='line_1_26' title="bbox 515 2234 2076 2313; baseline -0.008 -15"><span class='ocrx_word' id='word_1_179' title='bbox 515 2254 676 2300; x_wconf 86' lang='lat' dir='ltr'><strong>antea</strong></span> <span class='ocrx_word' id='word_1_180' title='bbox 704 2243 1038 2313; x_wconf 81' lang='lat' dir='ltr'><strong>gloriabatur</strong></span> <span class='ocrx_word' id='word_1_181' title='bbox 1066 2241 1263 2304; x_wconf 88' lang='lat' dir='ltr'><strong>Israel,</strong></span> <span class='ocrx_word' id='word_1_182' title='bbox 1289 2241 1446 2310; x_wconf 90' lang='lat' dir='ltr'><strong>quasi</strong></span> <span class='ocrx_word' id='word_1_183' title='bbox 1478 2239 1569 2309; x_wconf 92' lang='lat' dir='ltr'><strong>qui</strong></span> <span class='ocrx_word' id='word_1_184' title='bbox 1613 2238 1761 2292; x_wconf 89' lang='lat' dir='ltr'><strong>solus</strong></span> <span class='ocrx_word' id='word_1_185' title='bbox 1785 2234 1877 2290; x_wconf 90' lang='lat' dir='ltr'><strong>Dei</strong></span> <span class='ocrx_word' id='word_1_186' title='bbox 1902 2250 2076 2304; x_wconf 86' lang='lat' dir='ltr'><strong>popu-</strong></span> 
     </span>
    </p>
   </div>
   <div class='ocr_carea' id='block_1_27' title="bbox 519 2328 2080 2407">
    <p class='ocr_par' dir='ltr' id='par_1_27' title="bbox 519 2328 2080 2407">
     <span class='ocr_line' id='line_1_27' title="bbox 519 2328 2080 2407; baseline -0.009 -16"><span class='ocrx_word' id='word_1_187' title='bbox 519 2337 604 2392; x_wconf 78' lang='lat' dir='ltr'><strong>lus</strong></span> <span class='ocrx_word' id='word_1_188' title='bbox 643 2345 806 2400; x_wconf 91' lang='lat' dir='ltr'><strong>esset,</strong></span> <span class='ocrx_word' id='word_1_189' title='bbox 838 2337 941 2390; x_wconf 91' lang='lat' dir='ltr'><strong>hoc</strong></span> <span class='ocrx_word' id='word_1_190' title='bbox 985 2351 1201 2407; x_wconf 92' lang='lat' dir='ltr'><strong>quoque</strong></span> <span class='ocrx_word' id='word_1_191' title='bbox 1253 2335 1479 2396; x_wconf 90' lang='lat' dir='ltr'><strong>bonum,</strong></span> <span class='ocrx_word' id='word_1_192' title='bbox 1514 2340 1628 2385; x_wconf 91' lang='lat' dir='ltr'><strong>tum</strong></span> <span class='ocrx_word' id='word_1_193' title='bbox 1657 2345 1779 2384; x_wconf 89' lang='lat' dir='ltr'><strong>cum</strong></span> <span class='ocrx_word' id='word_1_194' title='bbox 1812 2328 1878 2381; x_wconf 92' lang='lat' dir='ltr'><strong>ad</strong></span> <span class='ocrx_word' id='word_1_195' title='bbox 1907 2341 2080 2396; x_wconf 89' lang='lat' dir='ltr'><strong>popu-</strong></span> 
     </span>
    </p>
   </div>
   <div class='ocr_carea' id='block_1_28' title="bbox 517 2420 2079 2494">
    <p class='ocr_par' dir='ltr' id='par_1_28' title="bbox 517 2420 2079 2494">
     <span class='ocr_line' id='line_1_28' title="bbox 517 2420 2079 2494; baseline -0.01 -9"><span class='ocrx_word' id='word_1_196' title='bbox 517 2429 628 2485; x_wconf 90' lang='lat' dir='ltr'><strong>lum</strong></span> <span class='ocrx_word' id='word_1_197' title='bbox 661 2429 812 2483; x_wconf 91' lang='lat' dir='ltr'><strong>illum</strong></span> <span class='ocrx_word' id='word_1_198' title='bbox 847 2429 1131 2483; x_wconf 90' lang='lat' dir='ltr'><strong>advenerit</strong></span> <span class='ocrx_word' id='word_1_199' title='bbox 1155 2426 1438 2487; x_wconf 88' lang='lat' dir='ltr'><strong>Dominus,</strong></span> <span class='ocrx_word' id='word_1_200' title='bbox 1475 2424 1726 2494; x_wconf 80' lang='lat' dir='ltr'><strong>gentibus</strong></span> <span class='ocrx_word' id='word_1_201' title='bbox 1762 2436 1822 2474; x_wconf 92' lang='lat' dir='ltr'><strong>se</strong></span> <span class='ocrx_word' id='word_1_202' title='bbox 1853 2420 2079 2487; x_wconf 80' lang='lat' dir='ltr'><strong>largitu-</strong></span> 
     </span>
    </p>
   </div>
   <div class='ocr_carea' id='block_1_29' title="bbox 515 2509 2077 2592">
    <p class='ocr_par' dir='ltr' id='par_1_29' title="bbox 515 2509 2077 2592">
     <span class='ocr_line' id='line_1_29' title="bbox 515 2509 2077 2592; baseline -0.012 -14"><span class='ocrx_word' id='word_1_203' title='bbox 515 2538 637 2578; x_wconf 84' lang='lat' dir='ltr'><strong>rum</strong></span> <span class='ocrx_word' id='word_1_204' title='bbox 668 2523 974 2592; x_wconf 88' lang='lat' dir='ltr'><strong>pollicetur,</strong></span> <span class='ocrx_word' id='word_1_205' title='bbox 1001 2519 1193 2573; x_wconf 81' lang='lat' dir='ltr'><strong>dicens</strong></span> <span class='ocrx_word' id='word_1_206' title='bbox 1219 2537 1231 2571; x_wconf 93' lang='lat'>:</span> <span class='ocrx_word' id='word_1_207' title='bbox 1274 2536 1291 2566; x_wconf 79' lang='grc' dir='ltr'><strong>ι</strong></span> <span class='ocrx_word' id='word_1_208' title='bbox 1337 2517 1472 2570; x_wconf 89' lang='lat' dir='ltr'><strong>Ecce</strong></span> <span class='ocrx_word' id='word_1_209' title='bbox 1502 2529 1599 2584; x_wconf 85' lang='lat' dir='ltr'><strong>ego</strong></span> <span class='ocrx_word' id='word_1_210' title='bbox 1625 2513 1802 2576; x_wconf 90' lang='lat' dir='ltr'><strong>venio,</strong></span> <span class='ocrx_word' id='word_1_211' title='bbox 1837 2520 1889 2564; x_wconf 91' lang='lat' dir='ltr'><strong>et</strong></span> <span class='ocrx_word' id='word_1_212' title='bbox 1919 2509 2077 2562; x_wconf 88' lang='lat' dir='ltr'><strong>habi-</strong></span> 
     </span>
    </p>
   </div>
   <div class='ocr_carea' id='block_1_30' title="bbox 515 2598 2074 2677">
    <p class='ocr_par' dir='ltr' id='par_1_30' title="bbox 515 2598 2074 2677">
     <span class='ocr_line' id='line_1_30' title="bbox 515 2598 2074 2677; baseline -0.012 -7"><span class='ocrx_word' id='word_1_213' title='bbox 515 2617 643 2670; x_wconf 84' lang='lat' dir='ltr'><strong>tabo</strong></span> <span class='ocrx_word' id='word_1_214' title='bbox 676 2615 733 2666; x_wconf 91' lang='lat' dir='ltr'><strong>in</strong></span> <span class='ocrx_word' id='word_1_215' title='bbox 768 2611 946 2666; x_wconf 90' lang='lat' dir='ltr'><strong>medio</strong></span> <span class='ocrx_word' id='word_1_216' title='bbox 993 2609 1094 2672; x_wconf 92' lang='lat' dir='ltr'><strong>tui,</strong></span> <span class='ocrx_word' id='word_1_217' title='bbox 1131 2617 1183 2662; x_wconf 89' lang='lat' dir='ltr'><strong>et</strong></span> <span class='ocrx_word' id='word_1_218' title='bbox 1214 2607 1526 2677; x_wconf 79' lang='lat' dir='ltr'><strong>confugient</strong></span> <span class='ocrx_word' id='word_1_219' title='bbox 1574 2614 1762 2674; x_wconf 85' lang='lat' dir='ltr'><strong>gentes</strong></span> <span class='ocrx_word' id='word_1_220' title='bbox 1796 2601 1979 2654; x_wconf 72' lang='lat' dir='ltr'><strong>multa:</strong></span> <span class='ocrx_word' id='word_1_221' title='bbox 2008 2598 2074 2654; x_wconf 89' lang='lat' dir='ltr'><strong>ad</strong></span> 
     </span>
    </p>
   </div>
   <div class='ocr_carea' id='block_1_31' title="bbox 516 2693 2077 2768">
    <p class='ocr_par' dir='ltr' id='par_1_31' title="bbox 516 2693 2077 2768">
     <span class='ocr_line' id='line_1_31' title="bbox 516 2693 2077 2768; baseline -0.008 -9"><span class='ocrx_word' id='word_1_222' title='bbox 516 2703 826 2766; x_wconf 85' lang='lat' dir='ltr'><strong>Dominum,</strong></span> <span class='ocrx_word' id='word_1_223' title='bbox 853 2711 906 2756; x_wconf 89' lang='lat' dir='ltr'><strong>et</strong></span> <span class='ocrx_word' id='word_1_224' title='bbox 940 2710 1101 2756; x_wconf 90' lang='lat' dir='ltr'><strong>erunt</strong></span> <span class='ocrx_word' id='word_1_225' title='bbox 1143 2701 1196 2756; x_wconf 91' lang='lat' dir='ltr'><strong>ei</strong></span> <span class='ocrx_word' id='word_1_226' title='bbox 1241 2701 1295 2753; x_wconf 91' lang='lat' dir='ltr'><strong>in</strong></span> <span class='ocrx_word' id='word_1_227' title='bbox 1340 2699 1595 2768; x_wconf 90' lang='lat' dir='ltr'><strong>populum</strong></span> <span class='ocrx_word' id='word_1_228' title='bbox 1618 2699 1681 2750; x_wconf 86' lang='grc'><strong>¹².</strong></span> <span class='ocrx_word' id='word_1_229' title='bbox 1721 2715 1739 2748; x_wconf 75' lang='grc' dir='ltr'><strong>ι</strong></span> <span class='ocrx_word' id='word_1_230' title='bbox 1774 2693 1847 2748; x_wconf 90' lang='lat' dir='ltr'><strong>De</strong></span> <span class='ocrx_word' id='word_1_231' title='bbox 1879 2693 2077 2763; x_wconf 89' lang='lat' dir='ltr'><strong>quibus</strong></span> 
     </span>
    </p>
   </div>
   <div class='ocr_carea' id='block_1_32' title="bbox 517 2788 2076 2862">
    <p class='ocr_par' dir='ltr' id='par_1_32' title="bbox 517 2788 2076 2862">
     <span class='ocr_line' id='line_1_32' title="bbox 517 2788 2076 2862; baseline -0.009 -11"><span class='ocrx_word' id='word_1_232' title='bbox 517 2796 649 2852; x_wconf 82' lang='lat' dir='ltr'><strong>illud</strong></span> <span class='ocrx_word' id='word_1_233' title='bbox 679 2797 804 2850; x_wconf 83' lang='lat' dir='ltr'><strong>item</strong></span> <span class='ocrx_word' id='word_1_234' title='bbox 840 2794 973 2849; x_wconf 87' lang='lat' dir='ltr'><strong>satis</strong></span> <span class='ocrx_word' id='word_1_235' title='bbox 1013 2805 1133 2862; x_wconf 87' lang='lat' dir='ltr'><strong>apte</strong></span> <span class='ocrx_word' id='word_1_236' title='bbox 1175 2795 1390 2850; x_wconf 87' lang='lat' dir='ltr'><strong>dicetur</strong></span> <span class='ocrx_word' id='word_1_237' title='bbox 1423 2810 1434 2844; x_wconf 88' lang='lat'>:</span> <span class='ocrx_word' id='word_1_238' title='bbox 1470 2808 1488 2840; x_wconf 79' lang='grc' dir='ltr'>ι</span> <span class='ocrx_word' id='word_1_239' title='bbox 1532 2789 1594 2842; x_wconf 83' lang='lat' dir='ltr'><strong>Et</strong></span> <span class='ocrx_word' id='word_1_240' title='bbox 1619 2788 1792 2842; x_wconf 89' lang='lat' dir='ltr'><strong>dicam</strong></span> <span class='ocrx_word' id='word_1_241' title='bbox 1838 2801 1943 2839; x_wconf 90' lang='lat' dir='ltr'><strong>non</strong></span> <span class='ocrx_word' id='word_1_242' title='bbox 1981 2799 2076 2854; x_wconf 86' lang='lat' dir='ltr'><strong>po-</strong></span> 
     </span>
    </p>
   </div>
   <div class='ocr_carea' id='block_1_33' title="bbox 516 2875 2076 2961">
    <p class='ocr_par' dir='ltr' id='par_1_33' title="bbox 516 2875 2076 2961">
     <span class='ocr_line' id='line_1_33' title="bbox 516 2875 2076 2961; baseline -0.008 -18"><span class='ocrx_word' id='word_1_243' title='bbox 516 2891 643 2961; x_wconf 93' lang='lat' dir='ltr'><strong>pulo</strong></span> <span class='ocrx_word' id='word_1_244' title='bbox 677 2903 816 2948; x_wconf 90' lang='lat' dir='ltr'><strong>meo,</strong></span> <span class='ocrx_word' id='word_1_245' title='bbox 851 2885 1083 2956; x_wconf 88' lang='lat' dir='ltr'><strong>populus</strong></span> <span class='ocrx_word' id='word_1_246' title='bbox 1130 2899 1282 2937; x_wconf 91' lang='lat' dir='ltr'><strong>meus</strong></span> <span class='ocrx_word' id='word_1_247' title='bbox 1312 2899 1374 2938; x_wconf 90' lang='lat' dir='ltr'><strong>es</strong></span> <span class='ocrx_word' id='word_1_248' title='bbox 1415 2889 1473 2934; x_wconf 92' lang='lat' dir='ltr'><strong>tu</strong></span> <span class='ocrx_word' id='word_1_249' title='bbox 1511 2899 1524 2934; x_wconf 89' lang='lat'><strong>:</strong></span> <span class='ocrx_word' id='word_1_250' title='bbox 1555 2888 1608 2935; x_wconf 89' lang='lat' dir='ltr'><strong>et</strong></span> <span class='ocrx_word' id='word_1_251' title='bbox 1639 2880 1754 2949; x_wconf 91' lang='lat' dir='ltr'><strong>ipse</strong></span> <span class='ocrx_word' id='word_1_252' title='bbox 1783 2877 1946 2940; x_wconf 90' lang='lat' dir='ltr'><strong>dicet,</strong></span> <span class='ocrx_word' id='word_1_253' title='bbox 1970 2875 2076 2930; x_wconf 88' lang='lat' dir='ltr'><strong>Do-</strong></span> 
     </span>
    </p>
   </div>
   <div class='ocr_carea' id='block_1_34' title="bbox 513 2967 2074 3035">
    <p class='ocr_par' dir='ltr' id='par_1_34' title="bbox 513 2967 2074 3035">
     <span class='ocr_line' id='line_1_34' title="bbox 513 2967 2074 3035; baseline -0.008 0"><span class='ocrx_word' id='word_1_254' title='bbox 513 2981 697 3035; x_wconf 89' lang='lat' dir='ltr'><strong>minus</strong></span> <span class='ocrx_word' id='word_1_255' title='bbox 726 2977 868 3033; x_wconf 90' lang='lat' dir='ltr'><strong>Deus</strong></span> <span class='ocrx_word' id='word_1_256' title='bbox 899 2993 1051 3031; x_wconf 92' lang='lat' dir='ltr'><strong>meus</strong></span> <span class='ocrx_word' id='word_1_257' title='bbox 1073 2991 1132 3030; x_wconf 86' lang='lat' dir='ltr'><strong>es</strong></span> <span class='ocrx_word' id='word_1_258' title='bbox 1155 2975 1296 3028; x_wconf 76' lang='lat' dir='ltr'><strong>tu”.</strong></span> <span class='ocrx_word' id='word_1_259' title='bbox 1337 2996 1356 3024; x_wconf 73' lang='grc' dir='ltr'><strong>ι</strong></span> <span class='ocrx_word' id='word_1_260' title='bbox 1385 2973 1443 3028; x_wconf 89' lang='lat' dir='ltr'><strong>Si</strong></span> <span class='ocrx_word' id='word_1_261' title='bbox 1492 2989 1620 3027; x_wconf 85' lang='lat' dir='ltr'><strong>vero</strong></span> <span class='ocrx_word' id='word_1_262' title='bbox 1651 2987 1758 3024; x_wconf 92' lang='lat' dir='ltr'><strong>non</strong></span> <span class='ocrx_word' id='word_1_263' title='bbox 1788 2971 1949 3035; x_wconf 91' lang='lat' dir='ltr'><strong>alius,</strong></span> <span class='ocrx_word' id='word_1_264' title='bbox 1979 2967 2074 3023; x_wconf 90' lang='lat' dir='ltr'><strong>sed</strong></span> 
     </span>
    </p>
   </div>
   <div class='ocr_carea' id='block_1_35' title="bbox 514 3061 2073 3141">
    <p class='ocr_par' dir='ltr' id='par_1_35' title="bbox 514 3061 2073 3141">
     <span class='ocr_line' id='line_1_35' title="bbox 514 3061 2073 3141; baseline -0.008 -16"><span class='ocrx_word' id='word_1_265' title='bbox 514 3071 632 3141; x_wconf 89' lang='lat' dir='ltr'><strong>ipse</strong></span> <span class='ocrx_word' id='word_1_266' title='bbox 672 3077 756 3123; x_wconf 90' lang='lat' dir='ltr'><strong>est</strong></span> <span class='ocrx_word' id='word_1_267' title='bbox 813 3066 1086 3131; x_wconf 87' lang='lat' dir='ltr'><strong>Christus,</strong></span> <span class='ocrx_word' id='word_1_268' title='bbox 1111 3065 1202 3136; x_wconf 89' lang='lat' dir='ltr'><strong>qui</strong></span> <span class='ocrx_word' id='word_1_269' title='bbox 1235 3064 1302 3119; x_wconf 91' lang='lat' dir='ltr'><strong>de</strong></span> <span class='ocrx_word' id='word_1_270' title='bbox 1357 3063 1538 3117; x_wconf 88' lang='lat' dir='ltr'><strong>radice</strong></span> <span class='ocrx_word' id='word_1_271' title='bbox 1583 3061 1736 3116; x_wconf 84' lang='lat' dir='ltr'><strong>Jcsse</strong></span> <span class='ocrx_word' id='word_1_272' title='bbox 1767 3063 2014 3114; x_wconf 83' lang='lat' dir='ltr'><strong>oriturus</strong></span> <span class='ocrx_word' id='word_1_273' title='bbox 2043 3075 2073 3113; x_wconf 93' lang='lat' dir='ltr'><strong>a</strong></span> 
     </span>
    </p>
   </div>
   <div class='ocr_carea' id='block_1_36' title="bbox 2183 496 3749 574">
    <p class='ocr_par' dir='ltr' id='par_1_36' title="bbox 2183 496 3749 574">
     <span class='ocr_line' id='line_1_36' title="bbox 2183 496 3749 574; baseline 0.004 -25"><span class='ocrx_word' id='word_1_274' title='bbox 2183 496 2282 565; x_wconf 81' lang='grc' dir='ltr'><strong>τῆς</strong></span> <span class='ocrx_word' id='word_1_275' title='bbox 2313 498 2462 552; x_wconf 82' lang='grc' dir='ltr'>κάτω</span> <span class='ocrx_word' id='word_1_276' title='bbox 2500 501 2852 572; x_wconf 81' lang='grc' dir='ltr'>Ἰερουσαλὴμ</span> <span class='ocrx_word' id='word_1_277' title='bbox 2889 503 2989 573; x_wconf 86' lang='grc' dir='ltr'><strong>τῆς</strong></span> <span class='ocrx_word' id='word_1_278' title='bbox 3034 501 3176 556; x_wconf 81' lang='grc' dir='ltr'>κατὰ</span> <span class='ocrx_word' id='word_1_279' title='bbox 3221 503 3320 574; x_wconf 80' lang='grc' dir='ltr'>τὴν</span> <span class='ocrx_word' id='word_1_280' title='bbox 3365 501 3749 573; x_wconf 81' lang='grc' dir='ltr'><strong>Παλαιστίνην,</strong></span> 
     </span>
    </p>
   </div>
   <div class='ocr_carea' id='block_1_37' title="bbox 2185 588 3752 659">
    <p class='ocr_par' dir='ltr' id='par_1_37' title="bbox 2185 588 3752 659">
     <span class='ocr_line' id='line_1_37' title="bbox 2185 588 3752 659; baseline 0.006 -20"><span class='ocrx_word' id='word_1_281' title='bbox 2185 588 2298 640; x_wconf 80' lang='grc' dir='ltr'>ἀλλ’</span> <span class='ocrx_word' id='word_1_282' title='bbox 2329 589 2555 646; x_wconf 83' lang='grc' dir='ltr'><strong>’ἑκαστον</strong></span> <span class='ocrx_word' id='word_1_283' title='bbox 2590 595 2654 645; x_wconf 84' lang='grc' dir='ltr'>ἐκ</span> <span class='ocrx_word' id='word_1_284' title='bbox 2687 593 2780 646; x_wconf 90' lang='grc' dir='ltr'><strong>τοῦ</strong></span> <span class='ocrx_word' id='word_1_285' title='bbox 2809 594 2971 647; x_wconf 89' lang='grc' dir='ltr'>τόπου</span> <span class='ocrx_word' id='word_1_286' title='bbox 3010 593 3176 648; x_wconf 87' lang='grc' dir='ltr'>αὐτοῦ</span> <span class='ocrx_word' id='word_1_287' title='bbox 3197 634 3212 659; x_wconf 94' lang='grc'>,</span> <span class='ocrx_word' id='word_1_288' title='bbox 3253 595 3345 648; x_wconf 79' lang='grc' dir='ltr'><strong>καὶ</strong></span> <span class='ocrx_word' id='word_1_289' title='bbox 3374 596 3578 658; x_wconf 81' lang='grc' dir='ltr'>πάντας</span> <span class='ocrx_word' id='word_1_290' title='bbox 3620 597 3752 658; x_wconf 80' lang='grc' dir='ltr'>τοὺς</span> 
     </span>
    </p>
   </div>
   <div class='ocr_carea' id='block_1_38' title="bbox 2184 678 3752 758">
    <p class='ocr_par' dir='ltr' id='par_1_38' title="bbox 2184 678 3752 758">
     <span class='ocr_line' id='line_1_38' title="bbox 2184 678 3752 758; baseline 0.008 -30"><span class='ocrx_word' id='word_1_291' title='bbox 2184 678 2241 730; x_wconf 87' lang='grc' dir='ltr'><strong>ἐν</strong></span> <span class='ocrx_word' id='word_1_292' title='bbox 2264 683 2388 744; x_wconf 83' lang='grc' dir='ltr'>ταῖς</span> <span class='ocrx_word' id='word_1_293' title='bbox 2411 684 2592 753; x_wconf 85' lang='grc' dir='ltr'><strong>νήσοις</strong></span> <span class='ocrx_word' id='word_1_294' title='bbox 2615 683 2724 736; x_wconf 85' lang='grc' dir='ltr'>τῶν</span> <span class='ocrx_word' id='word_1_295' title='bbox 2753 683 2950 738; x_wconf 80' lang='grc' dir='ltr'>ἐθνῶν·</span> <span class='ocrx_word' id='word_1_296' title='bbox 2984 687 3071 739; x_wconf 86' lang='grc' dir='ltr'><strong>ὅτε</strong></span> <span class='ocrx_word' id='word_1_297' title='bbox 3108 686 3202 740; x_wconf 82' lang='grc' dir='ltr'>καὶ</span> <span class='ocrx_word' id='word_1_298' title='bbox 3242 687 3649 758; x_wconf 83' lang='grc' dir='ltr'><strong>πληρωθήσεται</strong></span> <span class='ocrx_word' id='word_1_299' title='bbox 3685 686 3752 740; x_wconf 78' lang='grc' dir='ltr'>τὺ</span> 
     </span>
    </p>
   </div>
   <div class='ocr_carea' id='block_1_39' title="bbox 2187 771 3752 852">
    <p class='ocr_par' dir='ltr' id='par_1_39' title="bbox 2187 771 3752 852">
     <span class='ocr_line' id='line_1_39' title="bbox 2187 771 3752 852; baseline 0.006 -29"><span class='ocrx_word' id='word_1_300' title='bbox 2187 771 2394 840; x_wconf 77' lang='grc' dir='ltr'>φάσκον</span> <span class='ocrx_word' id='word_1_301' title='bbox 2436 774 2612 842; x_wconf 82' lang='grc' dir='ltr'>λόγιον</span> <span class='ocrx_word' id='word_1_302' title='bbox 2660 777 3029 832; x_wconf 84' lang='grc' dir='ltr'>ἐπικαλεῖσθαι</span> <span class='ocrx_word' id='word_1_303' title='bbox 3060 778 3267 843; x_wconf 83' lang='grc' dir='ltr'>πάντας</span> <span class='ocrx_word' id='word_1_304' title='bbox 3306 779 3619 852; x_wconf 81' lang='grc' dir='ltr'>ἀνθρώπους</span> <span class='ocrx_word' id='word_1_305' title='bbox 3646 781 3752 833; x_wconf 76' lang='grc' dir='ltr'><strong>οὐκ</strong></span> 
     </span>
    </p>
   </div>
   <div class='ocr_carea' id='block_1_40' title="bbox 2184 865 3754 939">
    <p class='ocr_par' dir='ltr' id='par_1_40' title="bbox 2184 865 3754 939">
     <span class='ocr_line' id='line_1_40' title="bbox 2184 865 3754 939; baseline 0.004 -22"><span class='ocrx_word' id='word_1_306' title='bbox 2184 865 2264 918; x_wconf 78' lang='grc' dir='ltr'><strong>ἔτι</strong></span> <span class='ocrx_word' id='word_1_307' title='bbox 2302 867 2428 930; x_wconf 76' lang='grc' dir='ltr'>τοὺς</span> <span class='ocrx_word' id='word_1_308' title='bbox 2462 867 2740 939; x_wconf 83' lang='grc' dir='ltr'>πατρῴους</span> <span class='ocrx_word' id='word_1_309' title='bbox 2778 869 2950 934; x_wconf 83' lang='grc' dir='ltr'>θεοὺς,</span> <span class='ocrx_word' id='word_1_310' title='bbox 2983 870 3103 923; x_wconf 74' lang='grc' dir='ltr'>οὐδὲ</span> <span class='ocrx_word' id='word_1_311' title='bbox 3146 871 3213 924; x_wconf 80' lang='grc' dir='ltr'>τὰ</span> <span class='ocrx_word' id='word_1_312' title='bbox 3249 871 3461 935; x_wconf 76' lang='grc' dir='ltr'>εἴδωλα,</span> <span class='ocrx_word' id='word_1_313' title='bbox 3495 871 3588 925; x_wconf 79' lang='grc' dir='ltr'>καὶ</span> <span class='ocrx_word' id='word_1_314' title='bbox 3621 872 3754 935; x_wconf 72' lang='grc' dir='ltr'>τοὺς</span> 
     </span>
    </p>
   </div>
   <div class='ocr_carea' id='block_1_41' title="bbox 2183 958 3754 1033">
    <p class='ocr_par' dir='ltr' id='par_1_41' title="bbox 2183 958 3754 1033">
     <span class='ocr_line' id='line_1_41' title="bbox 2183 958 3754 1033; baseline 0.003 -22"><span class='ocrx_word' id='word_1_315' title='bbox 2183 958 2462 1028; x_wconf 89' lang='grc' dir='ltr'>δαίμονας,</span> <span class='ocrx_word' id='word_1_316' title='bbox 2492 960 2626 1013; x_wconf 80' lang='grc' dir='ltr'>ἀλλὰ</span> <span class='ocrx_word' id='word_1_317' title='bbox 2645 961 2706 1013; x_wconf 81' lang='grc' dir='ltr'><strong>τὸ</strong></span> <span class='ocrx_word' id='word_1_318' title='bbox 2730 961 2899 1032; x_wconf 76' lang='grc' dir='ltr'>ὄνομα</span> <span class='ocrx_word' id='word_1_319' title='bbox 2929 962 3158 1031; x_wconf 82' lang='grc' dir='ltr'><strong>Κυρίου,</strong></span> <span class='ocrx_word' id='word_1_320' title='bbox 3186 963 3279 1015; x_wconf 82' lang='grc' dir='ltr'><strong>καὶ</strong></span> <span class='ocrx_word' id='word_1_321' title='bbox 3310 961 3579 1016; x_wconf 85' lang='grc' dir='ltr'>δουλεύειν</span> <span class='ocrx_word' id='word_1_322' title='bbox 3601 961 3754 1033; x_wconf 79' lang='grc' dir='ltr'><strong>αὐτῷ</strong></span> 
     </span>
    </p>
   </div>
   <div class='ocr_carea' id='block_1_42' title="bbox 2185 1051 3755 1128">
    <p class='ocr_par' dir='ltr' id='par_1_42' title="bbox 2185 1051 3755 1128">
     <span class='ocr_line' id='line_1_42' title="bbox 2185 1051 3755 1128; baseline 0.003 -25"><span class='ocrx_word' id='word_1_323' title='bbox 2185 1051 2288 1104; x_wconf 68' lang='grc' dir='ltr'>ὑπὸ</span> <span class='ocrx_word' id='word_1_324' title='bbox 2323 1051 2483 1121; x_wconf 75' lang='grc' dir='ltr'>ζυγὸν</span> <span class='ocrx_word' id='word_1_325' title='bbox 2513 1053 2639 1118; x_wconf 70' lang='grc' dir='ltr'>ἕνα,</span> <span class='ocrx_word' id='word_1_326' title='bbox 2690 1057 2752 1108; x_wconf 86' lang='grc' dir='ltr'><strong>ἐκ</strong></span> <span class='ocrx_word' id='word_1_327' title='bbox 2790 1056 3040 1128; x_wconf 77' lang='grc' dir='ltr'>περάτων</span> <span class='ocrx_word' id='word_1_328' title='bbox 3068 1074 3126 1109; x_wconf 88' lang='grc' dir='ltr'>τε</span> <span class='ocrx_word' id='word_1_329' title='bbox 3159 1055 3419 1126; x_wconf 84' lang='grc' dir='ltr'>ποταμῶν</span> <span class='ocrx_word' id='word_1_330' title='bbox 3467 1055 3755 1119; x_wconf 79' lang='grc' dir='ltr'>Αἰθιοπίας</span> 
     </span>
    </p>
   </div>
   <div class='ocr_carea' id='block_1_43' title="bbox 2184 1146 3754 1219">
    <p class='ocr_par' dir='ltr' id='par_1_43' title="bbox 2184 1146 3754 1219">
     <span class='ocr_line' id='line_1_43' title="bbox 2184 1146 3754 1219; baseline 0.001 -20"><span class='ocrx_word' id='word_1_331' title='bbox 2184 1147 2558 1218; x_wconf 87' lang='grc' dir='ltr'>προσοίσουσιν</span> <span class='ocrx_word' id='word_1_332' title='bbox 2594 1148 2742 1218; x_wconf 77' lang='grc' dir='ltr'><strong>αὑτῷ</strong></span> <span class='ocrx_word' id='word_1_333' title='bbox 2770 1148 2867 1212; x_wconf 74' lang='grc' dir='ltr'>τὰς</span> <span class='ocrx_word' id='word_1_334' title='bbox 2897 1149 3118 1217; x_wconf 84' lang='grc' dir='ltr'>λογικὰς</span> <span class='ocrx_word' id='word_1_335' title='bbox 3143 1151 3236 1203; x_wconf 70' lang='grc' dir='ltr'>καὶ</span> <span class='ocrx_word' id='word_1_336' title='bbox 3270 1148 3530 1219; x_wconf 89' lang='grc' dir='ltr'>ἁναίμους</span> <span class='ocrx_word' id='word_1_337' title='bbox 3559 1146 3754 1212; x_wconf 82' lang='grc' dir='ltr'>Θυσίας</span> 
     </span>
    </p>
   </div>
   <div class='ocr_carea' id='block_1_44' title="bbox 2181 1235 3754 1311">
    <p class='ocr_par' dir='ltr' id='par_1_44' title="bbox 2181 1235 3754 1311">
     <span class='ocr_line' id='line_1_44' title="bbox 2181 1235 3754 1311; baseline 0.003 -24"><span class='ocrx_word' id='word_1_338' title='bbox 2181 1235 2268 1289; x_wconf 81' lang='grc' dir='ltr'><strong>διὰ</strong></span> <span class='ocrx_word' id='word_1_339' title='bbox 2307 1237 2406 1306; x_wconf 81' lang='grc' dir='ltr'>τῆς</span> <span class='ocrx_word' id='word_1_340' title='bbox 2440 1236 2530 1290; x_wconf 88' lang='grc' dir='ltr'><strong>τοῦ</strong></span> <span class='ocrx_word' id='word_1_341' title='bbox 2572 1237 2804 1309; x_wconf 78' lang='grc' dir='ltr'>Χριστοῦ</span> <span class='ocrx_word' id='word_1_342' title='bbox 2837 1239 3044 1310; x_wconf 82' lang='grc' dir='ltr'><strong>Καινῆς</strong></span> <span class='ocrx_word' id='word_1_343' title='bbox 3075 1239 3344 1311; x_wconf 80' lang='grc' dir='ltr'>Διαθήκης</span> <span class='ocrx_word' id='word_1_344' title='bbox 3379 1239 3480 1292; x_wconf 87' lang='grc' dir='ltr'><strong>οὑκ</strong></span> <span class='ocrx_word' id='word_1_345' title='bbox 3523 1239 3615 1290; x_wconf 77' lang='grc' dir='ltr'>ἐπὶ</span> <span class='ocrx_word' id='word_1_346' title='bbox 3652 1239 3754 1310; x_wconf 79' lang='grc' dir='ltr'><strong>τῆς</strong></span> 
     </span>
    </p>
   </div>
   <div class='ocr_carea' id='block_1_45' title="bbox 2183 1327 3753 1403">
    <p class='ocr_par' dir='ltr' id='par_1_45' title="bbox 2183 1327 3753 1403">
     <span class='ocr_line' id='line_1_45' title="bbox 2183 1327 3753 1403; baseline 0.003 -24"><span class='ocrx_word' id='word_1_347' title='bbox 2183 1327 2332 1380; x_wconf 84' lang='grc' dir='ltr'>κάτω</span> <span class='ocrx_word' id='word_1_348' title='bbox 2367 1328 2736 1399; x_wconf 84' lang='grc' dir='ltr'><strong>Ἰερουσαλὴμ,</strong></span> <span class='ocrx_word' id='word_1_349' title='bbox 2760 1329 2866 1382; x_wconf 80' lang='grc' dir='ltr'>οὐδ’</span> <span class='ocrx_word' id='word_1_350' title='bbox 2899 1331 2953 1382; x_wconf 86' lang='grc' dir='ltr'><strong>ἐν</strong></span> <span class='ocrx_word' id='word_1_351' title='bbox 2987 1330 3063 1401; x_wconf 87' lang='grc' dir='ltr'>τῷ</span> <span class='ocrx_word' id='word_1_352' title='bbox 3101 1330 3236 1401; x_wconf 85' lang='grc' dir='ltr'>πρὸς</span> <span class='ocrx_word' id='word_1_353' title='bbox 3260 1329 3430 1402; x_wconf 79' lang='grc' dir='ltr'>ταύτῃ</span> <span class='ocrx_word' id='word_1_354' title='bbox 3455 1330 3753 1403; x_wconf 89' lang='grc' dir='ltr'>θυσιαστη-</span> 
     </span>
    </p>
   </div>
   <div class='ocr_carea' id='block_1_46' title="bbox 2187 1417 3753 1494">
    <p class='ocr_par' dir='ltr' id='par_1_46' title="bbox 2187 1417 3753 1494">
     <span class='ocr_line' id='line_1_46' title="bbox 2187 1417 3753 1494; baseline 0.004 -26"><span class='ocrx_word' id='word_1_355' title='bbox 2187 1417 2302 1489; x_wconf 84' lang='grc' dir='ltr'>ρίῳ,</span> <span class='ocrx_word' id='word_1_356' title='bbox 2327 1419 2438 1472; x_wconf 80' lang='grc' dir='ltr'>ἀλλ’</span> <span class='ocrx_word' id='word_1_357' title='bbox 2481 1421 2540 1471; x_wconf 86' lang='grc' dir='ltr'><strong>ἐν</strong></span> <span class='ocrx_word' id='word_1_358' title='bbox 2565 1423 2676 1483; x_wconf 86' lang='grc' dir='ltr'>τοῖς</span> <span class='ocrx_word' id='word_1_359' title='bbox 2710 1420 3054 1491; x_wconf 84' lang='grc' dir='ltr'><strong>δηλουμένοις</strong></span> <span class='ocrx_word' id='word_1_360' title='bbox 3090 1422 3287 1494; x_wconf 82' lang='grc' dir='ltr'>πέρασι</span> <span class='ocrx_word' id='word_1_361' title='bbox 3322 1423 3423 1493; x_wconf 83' lang='grc' dir='ltr'><strong>τῆς</strong></span> <span class='ocrx_word' id='word_1_362' title='bbox 3463 1423 3753 1488; x_wconf 77' lang='grc' dir='ltr'><strong>Αἰθιοπίας</strong></span> 
     </span>
    </p>
   </div>
   <div class='ocr_carea' id='block_1_47' title="bbox 2183 1510 3754 1586">
    <p class='ocr_par' dir='ltr' id='par_1_47' title="bbox 2183 1510 3754 1586">
     <span class='ocr_line' id='line_1_47' title="bbox 2183 1510 3754 1586; baseline 0.005 -25"><span class='ocrx_word' id='word_1_363' title='bbox 2183 1510 2696 1582; x_wconf 84' lang='grc' dir='ltr'><strong>ἀνενεχθησομένας.</strong></span> <span class='ocrx_word' id='word_1_364' title='bbox 2716 1514 2776 1564; x_wconf 82' lang='lat' dir='ltr'><strong>El</strong></span> <span class='ocrx_word' id='word_1_365' title='bbox 2797 1512 2853 1564; x_wconf 83' lang='grc' dir='ltr'><strong>δὲ</strong></span> <span class='ocrx_word' id='word_1_366' title='bbox 2877 1514 2969 1566; x_wconf 68' lang='grc' dir='ltr'><strong>καὶ</strong></span> <span class='ocrx_word' id='word_1_367' title='bbox 2996 1515 3135 1586; x_wconf 87' lang='grc' dir='ltr'>μέγα</span> <span class='ocrx_word' id='word_1_368' title='bbox 3160 1515 3212 1566; x_wconf 93' lang='grc' dir='ltr'>τί</span> <span class='ocrx_word' id='word_1_369' title='bbox 3229 1516 3363 1578; x_wconf 80' lang='grc' dir='ltr'>ἐστι,</span> <span class='ocrx_word' id='word_1_370' title='bbox 3379 1513 3507 1567; x_wconf 75' lang='grc' dir='ltr'>λαὸν</span> <span class='ocrx_word' id='word_1_371' title='bbox 3530 1511 3666 1568; x_wconf 71' lang='grc' dir='ltr'>εἷναί</span> <span class='ocrx_word' id='word_1_372' title='bbox 3689 1531 3754 1570; x_wconf 84' lang='grc' dir='ltr'>τε</span> 
     </span>
    </p>
   </div>
   <div class='ocr_carea' id='block_1_48' title="bbox 2181 1603 3756 1677">
    <p class='ocr_par' dir='ltr' id='par_1_48' title="bbox 2181 1603 3756 1677">
     <span class='ocr_line' id='line_1_48' title="bbox 2181 1603 3756 1677; baseline 0.003 -22"><span class='ocrx_word' id='word_1_373' title='bbox 2181 1603 2275 1656; x_wconf 81' lang='grc' dir='ltr'>καὶ</span> <span class='ocrx_word' id='word_1_374' title='bbox 2296 1604 2654 1674; x_wconf 75' lang='grc' dir='ltr'><strong>χρηματίζειν</strong></span> <span class='ocrx_word' id='word_1_375' title='bbox 2683 1605 2838 1667; x_wconf 78' lang='grc' dir='ltr'>Θεοῦ,</span> <span class='ocrx_word' id='word_1_376' title='bbox 2865 1608 2956 1659; x_wconf 73' lang='grc' dir='ltr'>καὶ</span> <span class='ocrx_word' id='word_1_377' title='bbox 2986 1607 3042 1660; x_wconf 79' lang='grc' dir='ltr'><strong>ἓν</strong></span> <span class='ocrx_word' id='word_1_378' title='bbox 3078 1624 3140 1675; x_wconf 92' lang='grc' dir='ltr'><strong>γε</strong></span> <span class='ocrx_word' id='word_1_379' title='bbox 3164 1606 3318 1660; x_wconf 87' lang='grc' dir='ltr'>τοῦτο</span> <span class='ocrx_word' id='word_1_380' title='bbox 3343 1605 3450 1659; x_wconf 88' lang='grc' dir='ltr'>τῶν</span> <span class='ocrx_word' id='word_1_381' title='bbox 3478 1608 3756 1677; x_wconf 84' lang='grc' dir='ltr'><strong>μεγίστων</strong></span> 
     </span>
    </p>
   </div>
   <div class='ocr_carea' id='block_1_49' title="bbox 2183 1693 3756 1768">
    <p class='ocr_par' dir='ltr' id='par_1_49' title="bbox 2183 1693 3756 1768">
     <span class='ocr_line' id='line_1_49' title="bbox 2183 1693 3756 1768; baseline 0.005 -22"><span class='ocrx_word' id='word_1_382' title='bbox 2183 1693 2339 1747; x_wconf 88' lang='grc' dir='ltr'>θείων</span> <span class='ocrx_word' id='word_1_383' title='bbox 2375 1696 2746 1765; x_wconf 86' lang='grc' dir='ltr'>ἐπαγγελλιῶν</span> <span class='ocrx_word' id='word_1_384' title='bbox 2783 1697 3057 1768; x_wconf 81' lang='grc' dir='ltr'>τυγχάνει,</span> <span class='ocrx_word' id='word_1_385' title='bbox 3085 1698 3144 1750; x_wconf 76' lang='grc' dir='ltr'>τὸ</span> <span class='ocrx_word' id='word_1_386' title='bbox 3177 1699 3267 1751; x_wconf 84' lang='grc' dir='ltr'>ὑπ’</span> <span class='ocrx_word' id='word_1_387' title='bbox 3301 1698 3463 1752; x_wconf 85' lang='grc' dir='ltr'>αὑτοῦ</span> <span class='ocrx_word' id='word_1_388' title='bbox 3497 1698 3756 1768; x_wconf 87' lang='grc' dir='ltr'>λέγεσθαι</span> 
     </span>
    </p>
   </div>
   <div class='ocr_carea' id='block_1_50' title="bbox 2183 1783 3756 1858">
    <p class='ocr_par' dir='ltr' id='par_1_50' title="bbox 2183 1783 3756 1858">
     <span class='ocr_line' id='line_1_50' title="bbox 2183 1783 3756 1858; baseline 0.004 -23"><span class='ocrx_word' id='word_1_389' title='bbox 2183 1784 2310 1854; x_wconf 75' lang='grc' dir='ltr'>περὶ</span> <span class='ocrx_word' id='word_1_390' title='bbox 2352 1783 2460 1838; x_wconf 83' lang='grc' dir='ltr'><strong>τῶν</strong></span> <span class='ocrx_word' id='word_1_391' title='bbox 2504 1785 2666 1849; x_wconf 80' lang='grc' dir='ltr'>ἀξίων</span> <span class='ocrx_word' id='word_1_392' title='bbox 2700 1785 2891 1840; x_wconf 81' lang='grc' dir='ltr'>αὐτοῦ·</span> <span class='ocrx_word' id='word_1_393' title='bbox 2931 1806 2948 1837; x_wconf 87' lang='grc' dir='ltr'><strong>ι</strong></span> <span class='ocrx_word' id='word_1_394' title='bbox 2986 1788 3216 1858; x_wconf 85' lang='grc' dir='ltr'>Ἔσομαι</span> <span class='ocrx_word' id='word_1_395' title='bbox 3260 1788 3436 1841; x_wconf 77' lang='grc' dir='ltr'>αὐτῶν</span> <span class='ocrx_word' id='word_1_396' title='bbox 3479 1787 3629 1852; x_wconf 84' lang='grc' dir='ltr'>Θεὸς,</span> <span class='ocrx_word' id='word_1_397' title='bbox 3655 1789 3756 1843; x_wconf 74' lang='grc' dir='ltr'><strong>καὶ</strong></span> 
     </span>
    </p>
   </div>
   <div class='ocr_carea' id='block_1_51' title="bbox 2183 1874 3754 1951">
    <p class='ocr_par' dir='ltr' id='par_1_51' title="bbox 2183 1874 3754 1951">
     <span class='ocr_line' id='line_1_51' title="bbox 2183 1874 3754 1951; baseline 0.005 -26"><span class='ocrx_word' id='word_1_398' title='bbox 2183 1874 2335 1926; x_wconf 74' lang='grc' dir='ltr'>αὐτοὶ</span> <span class='ocrx_word' id='word_1_399' title='bbox 2361 1874 2570 1928; x_wconf 81' lang='grc' dir='ltr'>ἔσονται</span> <span class='ocrx_word' id='word_1_400' title='bbox 2596 1876 2722 1940; x_wconf 88' lang='grc' dir='ltr'>λαός</span> <span class='ocrx_word' id='word_1_401' title='bbox 2740 1895 2838 1948; x_wconf 86' lang='grc' dir='ltr'>μου</span> <span class='ocrx_word' id='word_1_402' title='bbox 2861 1896 2873 1910; x_wconf 92' lang='grc'><strong>·</strong></span> <span class='ocrx_word' id='word_1_403' title='bbox 2901 1898 2918 1930; x_wconf 82' lang='grc'><strong>›</strong></span> <span class='ocrx_word' id='word_1_404' title='bbox 2949 1878 3268 1949; x_wconf 76' lang='grc' dir='ltr'>ἐσεμνύνετό</span> <span class='ocrx_word' id='word_1_405' title='bbox 3294 1897 3354 1932; x_wconf 89' lang='grc' dir='ltr'>τε</span> <span class='ocrx_word' id='word_1_406' title='bbox 3379 1879 3504 1951; x_wconf 73' lang='grc' dir='ltr'>πρὶν</span> <span class='ocrx_word' id='word_1_407' title='bbox 3526 1880 3754 1944; x_wconf 76' lang='grc' dir='ltr'><strong>εἰκότως</strong></span> 
     </span>
    </p>
   </div>
   <div class='ocr_carea' id='block_1_52' title="bbox 2184 1967 3756 2041">
    <p class='ocr_par' dir='ltr' id='par_1_52' title="bbox 2184 1967 3756 2041">
     <span class='ocr_line' id='line_1_52' title="bbox 2184 1967 3756 2041; baseline 0.005 -23"><span class='ocrx_word' id='word_1_408' title='bbox 2184 1967 2212 2018; x_wconf 98' lang='lat'><strong>6</strong></span> <span class='ocrx_word' id='word_1_409' title='bbox 2251 1967 2464 2038; x_wconf 81' lang='grc' dir='ltr'><strong>Ἰσραὴλ</strong></span> <span class='ocrx_word' id='word_1_410' title='bbox 2495 1969 2588 2022; x_wconf 72' lang='grc' dir='ltr'>ἐπὶ</span> <span class='ocrx_word' id='word_1_411' title='bbox 2616 1969 2693 2040; x_wconf 84' lang='grc' dir='ltr'><strong>τῷ</strong></span> <span class='ocrx_word' id='word_1_412' title='bbox 2729 1969 2804 2034; x_wconf 86' lang='grc' dir='ltr'><strong>ὡς</strong></span> <span class='ocrx_word' id='word_1_413' title='bbox 2832 1971 2988 2041; x_wconf 84' lang='grc' dir='ltr'>μόνος</span> <span class='ocrx_word' id='word_1_414' title='bbox 3013 1972 3138 2035; x_wconf 85' lang='grc' dir='ltr'>λαὸς</span> <span class='ocrx_word' id='word_1_415' title='bbox 3176 1971 3251 2025; x_wconf 86' lang='grc' dir='ltr'>ῶν</span> <span class='ocrx_word' id='word_1_416' title='bbox 3283 1973 3378 2026; x_wconf 90' lang='grc' dir='ltr'>τοῦ</span> <span class='ocrx_word' id='word_1_417' title='bbox 3409 1972 3544 2026; x_wconf 85' lang='grc' dir='ltr'>Θεοῦ</span> <span class='ocrx_word' id='word_1_418' title='bbox 3565 1989 3577 2002; x_wconf 73' lang='grc' dir='ltr'><strong>ο</strong></span> <span class='ocrx_word' id='word_1_419' title='bbox 3615 1972 3756 2026; x_wconf 82' lang='grc' dir='ltr'>ἀλλὰ</span> 
     </span>
    </p>
   </div>
   <div class='ocr_carea' id='block_1_53' title="bbox 2185 2059 3756 2140">
    <p class='ocr_par' dir='ltr' id='par_1_53' title="bbox 2185 2059 3756 2140">
     <span class='ocr_line' id='line_1_53' title="bbox 2185 2059 3756 2140; baseline 0.006 -29"><span class='ocrx_word' id='word_1_420' title='bbox 2185 2060 2280 2112; x_wconf 73' lang='grc' dir='ltr'><strong>καὶ</strong></span> <span class='ocrx_word' id='word_1_421' title='bbox 2311 2059 2465 2114; x_wconf 88' lang='grc' dir='ltr'>τοῦτο</span> <span class='ocrx_word' id='word_1_422' title='bbox 2498 2062 2559 2114; x_wconf 81' lang='grc' dir='ltr'>τὸ</span> <span class='ocrx_word' id='word_1_423' title='bbox 2606 2063 2840 2131; x_wconf 83' lang='grc' dir='ltr'><strong>ἀγαθὸν,</strong></span> <span class='ocrx_word' id='word_1_424' title='bbox 2887 2065 3226 2138; x_wconf 79' lang='grc' dir='ltr'><strong>ἐπιδημήσας</strong></span> <span class='ocrx_word' id='word_1_425' title='bbox 3274 2069 3309 2128; x_wconf 77' lang='grc' dir='ltr'>,ό</span> <span class='ocrx_word' id='word_1_426' title='bbox 3366 2066 3566 2140; x_wconf 79' lang='grc' dir='ltr'>Κύριος</span> <span class='ocrx_word' id='word_1_427' title='bbox 3589 2108 3604 2132; x_wconf 97' lang='grc'>,</span> <span class='ocrx_word' id='word_1_428' title='bbox 3639 2070 3756 2132; x_wconf 77' lang='grc' dir='ltr'>τοῖς</span> 
     </span>
    </p>
   </div>
   <div class='ocr_carea' id='block_1_54' title="bbox 2186 2151 3756 2228">
    <p class='ocr_par' dir='ltr' id='par_1_54' title="bbox 2186 2151 3756 2228">
     <span class='ocr_line' id='line_1_54' title="bbox 2186 2151 3756 2228; baseline 0.006 -24"><span class='ocrx_word' id='word_1_429' title='bbox 2186 2151 2360 2206; x_wconf 74' lang='grc' dir='ltr'>ἔθνεσι</span> <span class='ocrx_word' id='word_1_430' title='bbox 2404 2155 2708 2226; x_wconf 84' lang='grc' dir='ltr'>χαριεῖσθαι</span> <span class='ocrx_word' id='word_1_431' title='bbox 2750 2157 3115 2228; x_wconf 84' lang='grc' dir='ltr'>ὑπισχνεῖται,</span> <span class='ocrx_word' id='word_1_432' title='bbox 3167 2159 3368 2228; x_wconf 76' lang='grc' dir='ltr'>λέγων’</span> <span class='ocrx_word' id='word_1_433' title='bbox 3415 2178 3433 2210; x_wconf 82' lang='grc' dir='ltr'>ι</span> <span class='ocrx_word' id='word_1_434' title='bbox 3475 2159 3602 2213; x_wconf 84' lang='grc' dir='ltr'>Ἰδοὺ</span> <span class='ocrx_word' id='word_1_435' title='bbox 3639 2156 3756 2228; x_wconf 87' lang='grc' dir='ltr'><strong>ἐγὼ</strong></span> 
     </span>
    </p>
   </div>
   <div class='ocr_carea' id='block_1_55' title="bbox 2186 2245 3757 2322">
    <p class='ocr_par' dir='ltr' id='par_1_55' title="bbox 2186 2245 3757 2322">
     <span class='ocr_line' id='line_1_55' title="bbox 2186 2245 3757 2322; baseline 0.004 -25"><span class='ocrx_word' id='word_1_436' title='bbox 2186 2245 2433 2317; x_wconf 76' lang='grc' dir='ltr'>ἔρχομαι,</span> <span class='ocrx_word' id='word_1_437' title='bbox 2462 2247 2554 2301; x_wconf 79' lang='grc' dir='ltr'>καὶ</span> <span class='ocrx_word' id='word_1_438' title='bbox 2585 2247 2990 2318; x_wconf 86' lang='grc' dir='ltr'>κατασκηνώσω</span> <span class='ocrx_word' id='word_1_439' title='bbox 3017 2253 3074 2303; x_wconf 83' lang='grc' dir='ltr'>ἐν</span> <span class='ocrx_word' id='word_1_440' title='bbox 3120 2251 3268 2322; x_wconf 78' lang='grc' dir='ltr'>μέσῳ</span> <span class='ocrx_word' id='word_1_441' title='bbox 3302 2269 3394 2304; x_wconf 90' lang='grc' dir='ltr'>σου</span> <span class='ocrx_word' id='word_1_442' title='bbox 3415 2268 3429 2282; x_wconf 89' lang='grc'><strong>·</strong></span> <span class='ocrx_word' id='word_1_443' title='bbox 3459 2252 3552 2304; x_wconf 59' lang='grc' dir='ltr'><strong>καὶ¹</strong></span> <span class='ocrx_word' id='word_1_444' title='bbox 3583 2267 3757 2305; x_wconf 87' lang='grc' dir='ltr'>κατα-</span> 
     </span>
    </p>
   </div>
   <div class='ocr_carea' id='block_1_56' title="bbox 2187 2339 3760 2412">
    <p class='ocr_par' dir='ltr' id='par_1_56' title="bbox 2187 2339 3760 2412">
     <span class='ocr_line' id='line_1_56' title="bbox 2187 2339 3760 2412; baseline 0.004 -21"><span class='ocrx_word' id='word_1_445' title='bbox 2187 2339 2468 2408; x_wconf 85' lang='grc' dir='ltr'>φεύξονται</span> <span class='ocrx_word' id='word_1_446' title='bbox 2508 2339 2634 2409; x_wconf 79' lang='grc' dir='ltr'>ἔθνη</span> <span class='ocrx_word' id='word_1_447' title='bbox 2674 2340 2844 2392; x_wconf 82' lang='grc' dir='ltr'>πολλὰ</span> <span class='ocrx_word' id='word_1_448' title='bbox 2873 2341 2966 2393; x_wconf 78' lang='grc' dir='ltr'><strong>ἐπὶ</strong></span> <span class='ocrx_word' id='word_1_449' title='bbox 3007 2343 3095 2394; x_wconf 83' lang='grc' dir='ltr'>τὸν</span> <span class='ocrx_word' id='word_1_450' title='bbox 3129 2343 3349 2412; x_wconf 83' lang='grc' dir='ltr'><strong>Κύριον,</strong></span> <span class='ocrx_word' id='word_1_451' title='bbox 3396 2342 3488 2395; x_wconf 70' lang='grc' dir='ltr'><strong>καὶ</strong></span> <span class='ocrx_word' id='word_1_452' title='bbox 3538 2342 3760 2398; x_wconf 79' lang='grc' dir='ltr'>ἔσονται</span> 
     </span>
    </p>
   </div>
   <div class='ocr_carea' id='block_1_57' title="bbox 2184 2424 3748 2502">
    <p class='ocr_par' dir='ltr' id='par_1_57' title="bbox 2184 2424 3748 2502">
     <span class='ocr_line' id='line_1_57' title="bbox 2184 2424 3748 2502; baseline 0.007 -25"><span class='ocrx_word' id='word_1_453' title='bbox 2184 2427 2332 2496; x_wconf 82' lang='grc' dir='ltr'><strong>αὑτῷ</strong></span> <span class='ocrx_word' id='word_1_454' title='bbox 2379 2431 2456 2490; x_wconf 90' lang='grc' dir='ltr'>είς</span> <span class='ocrx_word' id='word_1_455' title='bbox 2497 2428 2642 2482; x_wconf 91' lang='grc' dir='ltr'>λαόν.</span> <span class='ocrx_word' id='word_1_456' title='bbox 2675 2450 2693 2480; x_wconf 79' lang='grc'>›</span> <span class='ocrx_word' id='word_1_457' title='bbox 2749 2432 2880 2500; x_wconf 80' lang='grc' dir='ltr'>Περὶ</span> <span class='ocrx_word' id='word_1_458' title='bbox 2927 2424 3001 2484; x_wconf 85' lang='grc' dir='ltr'>ὧν</span> <span class='ocrx_word' id='word_1_459' title='bbox 3034 2432 3129 2484; x_wconf 75' lang='grc' dir='ltr'><strong>καὶ</strong></span> <span class='ocrx_word' id='word_1_460' title='bbox 3175 2433 3403 2502; x_wconf 83' lang='grc' dir='ltr'>ἁρμόσει</span> <span class='ocrx_word' id='word_1_461' title='bbox 3451 2431 3748 2499; x_wconf 85' lang='grc' dir='ltr'>λέγεσθαι⁶</span> 
     </span>
    </p>
   </div>
   <div class='ocr_carea' id='block_1_58' title="bbox 2189 2518 3754 2594">
    <p class='ocr_par' dir='ltr' id='par_1_58' title="bbox 2189 2518 3754 2594">
     <span class='ocr_line' id='line_1_58' title="bbox 2189 2518 3754 2594; baseline 0.008 -26"><span class='ocrx_word' id='word_1_462' title='bbox 2189 2536 2208 2568; x_wconf 72' lang='grc' dir='ltr'><strong>ι</strong></span> <span class='ocrx_word' id='word_1_463' title='bbox 2237 2519 2345 2572; x_wconf 71' lang='grc' dir='ltr'><strong>Καὶ</strong></span> <span class='ocrx_word' id='word_1_464' title='bbox 2381 2520 2490 2590; x_wconf 89' lang='grc' dir='ltr'>ἐρῶ</span> <span class='ocrx_word' id='word_1_465' title='bbox 2547 2519 2623 2590; x_wconf 82' lang='grc' dir='ltr'>τῷ</span> <span class='ocrx_word' id='word_1_466' title='bbox 2668 2521 2728 2574; x_wconf 79' lang='grc' dir='ltr'><strong>οῦ</strong></span> <span class='ocrx_word' id='word_1_467' title='bbox 2761 2521 2875 2593; x_wconf 85' lang='grc' dir='ltr'>λαῴ</span> <span class='ocrx_word' id='word_1_468' title='bbox 2919 2518 3016 2593; x_wconf 89' lang='grc' dir='ltr'>μόυ</span> <span class='ocrx_word' id='word_1_469' title='bbox 3041 2540 3054 2553; x_wconf 74' lang='grc' dir='ltr'><strong>ο</strong></span> <span class='ocrx_word' id='word_1_470' title='bbox 3108 2524 3249 2586; x_wconf 84' lang='grc' dir='ltr'>Λαός</span> <span class='ocrx_word' id='word_1_471' title='bbox 3302 2535 3402 2594; x_wconf 88' lang='grc' dir='ltr'><strong>μου</strong></span> <span class='ocrx_word' id='word_1_472' title='bbox 3430 2521 3479 2576; x_wconf 76' lang='grc' dir='ltr'>εἷ</span> <span class='ocrx_word' id='word_1_473' title='bbox 3516 2523 3612 2577; x_wconf 83' lang='grc' dir='ltr'><strong>σύ·</strong></span> <span class='ocrx_word' id='word_1_474' title='bbox 3649 2525 3754 2580; x_wconf 75' lang='grc' dir='ltr'><strong>καὶ</strong></span> 
     </span>
    </p>
   </div>
   <div class='ocr_carea' id='block_1_59' title="bbox 2183 2611 3753 2686">
    <p class='ocr_par' dir='ltr' id='par_1_59' title="bbox 2183 2611 3753 2686">
     <span class='ocr_line' id='line_1_59' title="bbox 2183 2611 3753 2686; baseline 0.005 -23"><span class='ocrx_word' id='word_1_475' title='bbox 2183 2611 2342 2674; x_wconf 77' lang='grc' dir='ltr'>αὐτὸς</span> <span class='ocrx_word' id='word_1_476' title='bbox 2377 2613 2519 2684; x_wconf 69' lang='grc' dir='ltr'>ἐρεῖν</span> <span class='ocrx_word' id='word_1_477' title='bbox 2555 2614 2755 2685; x_wconf 83' lang='grc' dir='ltr'><strong>Κύριος</strong></span> <span class='ocrx_word' id='word_1_478' title='bbox 2786 2618 2813 2668; x_wconf 88' lang='grc' dir='ltr'><strong>ό</strong></span> <span class='ocrx_word' id='word_1_479' title='bbox 2843 2615 2975 2679; x_wconf 85' lang='grc' dir='ltr'>Θεός</span> <span class='ocrx_word' id='word_1_480' title='bbox 3010 2633 3108 2686; x_wconf 93' lang='grc' dir='ltr'>μου</span> <span class='ocrx_word' id='word_1_481' title='bbox 3135 2611 3186 2668; x_wconf 74' lang='grc' dir='ltr'><strong>εἴ</strong></span> <span class='ocrx_word' id='word_1_482' title='bbox 3226 2616 3310 2669; x_wconf 82' lang='grc' dir='ltr'><strong>σύ.</strong></span> <span class='ocrx_word' id='word_1_483' title='bbox 3352 2636 3370 2668; x_wconf 72' lang='grc' dir='ltr'><strong>ι</strong></span> <span class='ocrx_word' id='word_1_484' title='bbox 3409 2619 3470 2670; x_wconf 80' lang='lat' dir='ltr'><strong>Ei</strong></span> <span class='ocrx_word' id='word_1_485' title='bbox 3495 2617 3551 2670; x_wconf 81' lang='grc' dir='ltr'>δὲ</span> <span class='ocrx_word' id='word_1_486' title='bbox 3585 2616 3753 2683; x_wconf 79' lang='grc' dir='ltr'>αὐτός</span> 
     </span>
    </p>
   </div>
   <div class='ocr_carea' id='block_1_60' title="bbox 2183 2704 3752 2779">
    <p class='ocr_par' dir='ltr' id='par_1_60' title="bbox 2183 2704 3752 2779">
     <span class='ocr_line' id='line_1_60' title="bbox 2183 2704 3752 2779; baseline 0.004 -24"><span class='ocrx_word' id='word_1_487' title='bbox 2183 2705 2298 2757; x_wconf 84' lang='grc' dir='ltr'>ἐστι</span> <span class='ocrx_word' id='word_1_488' title='bbox 2331 2705 2423 2756; x_wconf 78' lang='grc' dir='ltr'><strong>καὶ</strong></span> <span class='ocrx_word' id='word_1_489' title='bbox 2450 2704 2556 2756; x_wconf 77' lang='grc' dir='ltr'>οὐδ’</span> <span class='ocrx_word' id='word_1_490' title='bbox 2583 2706 2656 2777; x_wconf 85' lang='grc' dir='ltr'><strong>(Ι)</strong></span> <span class='ocrx_word' id='word_1_491' title='bbox 2682 2705 2838 2770; x_wconf 78' lang='grc' dir='ltr'>ἄλλος</span> <span class='ocrx_word' id='word_1_492' title='bbox 2874 2708 2901 2758; x_wconf 89' lang='lat'><strong>6</strong></span> <span class='ocrx_word' id='word_1_493' title='bbox 2927 2707 3178 2776; x_wconf 80' lang='grc' dir='ltr'>Χριστὸς,</span> <span class='ocrx_word' id='word_1_494' title='bbox 3206 2710 3234 2761; x_wconf 95' lang='lat'><strong>6</strong></span> <span class='ocrx_word' id='word_1_495' title='bbox 3264 2709 3325 2760; x_wconf 84' lang='grc' dir='ltr'><strong>ἐκ</strong></span> <span class='ocrx_word' id='word_1_496' title='bbox 3354 2707 3506 2779; x_wconf 74' lang='grc' dir='ltr'>ῥίζης</span> <span class='ocrx_word' id='word_1_497' title='bbox 3551 2708 3752 2762; x_wconf 79' lang='grc' dir='ltr'><strong>Ἰεσσαὶ</strong></span> 
     </span>
    </p>
   </div>
   <div class='ocr_carea' id='block_1_61' title="bbox 2185 2794 3752 2869">
    <p class='ocr_par' dir='ltr' id='par_1_61' title="bbox 2185 2794 3752 2869">
     <span class='ocr_line' id='line_1_61' title="bbox 2185 2794 3752 2869; baseline 0.004 -24"><span class='ocrx_word' id='word_1_498' title='bbox 2185 2794 2500 2866; x_wconf 81' lang='grc' dir='ltr'>βλαστήσειν</span> <span class='ocrx_word' id='word_1_499' title='bbox 2533 2799 3024 2869; x_wconf 80' lang='grc' dir='ltr'>προφητευόμενος,</span> <span class='ocrx_word' id='word_1_500' title='bbox 3051 2800 3145 2852; x_wconf 73' lang='grc' dir='ltr'>καὶ</span> <span class='ocrx_word' id='word_1_501' title='bbox 3179 2799 3334 2852; x_wconf 86' lang='grc' dir='ltr'>τοῦτό</span> <span class='ocrx_word' id='word_1_502' title='bbox 3363 2816 3424 2868; x_wconf 92' lang='grc' dir='ltr'><strong>γε</strong></span> <span class='ocrx_word' id='word_1_503' title='bbox 3457 2799 3548 2851; x_wconf 73' lang='grc' dir='ltr'>καὶ</span> <span class='ocrx_word' id='word_1_504' title='bbox 3569 2799 3752 2862; x_wconf 77' lang='grc' dir='ltr'>αὐτοῖς</span> 
     </span>
    </p>
   </div>
   <div class='ocr_carea' id='block_1_62' title="bbox 2194 2887 3750 2964">
    <p class='ocr_par' dir='ltr' id='par_1_62' title="bbox 2194 2887 3750 2964">
     <span class='ocr_line' id='line_1_62' title="bbox 2194 2887 3750 2964; baseline 0.004 -26"><span class='ocrx_word' id='word_1_505' title='bbox 2194 2887 2462 2958; x_wconf 81' lang='grc' dir='ltr'><strong>Ἑϐραίοις</strong></span> <span class='ocrx_word' id='word_1_506' title='bbox 2499 2890 2941 2962; x_wconf 77' lang='grc' dir='ltr'><strong>ἀνωμολόγηται,</strong></span> <span class='ocrx_word' id='word_1_507' title='bbox 2977 2893 3051 2956; x_wconf 84' lang='grc' dir='ltr'>ὡς</span> <span class='ocrx_word' id='word_1_508' title='bbox 3091 2891 3292 2963; x_wconf 78' lang='grc' dir='ltr'><strong>μηδένα</strong></span> <span class='ocrx_word' id='word_1_509' title='bbox 3328 2891 3587 2963; x_wconf 81' lang='grc' dir='ltr'><strong>μηδαμῶς</strong></span> <span class='ocrx_word' id='word_1_510' title='bbox 3620 2892 3750 2964; x_wconf 81' lang='grc' dir='ltr'><strong>περὶ</strong></span> 
     </span>
    </p>
   </div>
   <div class='ocr_carea' id='block_1_63' title="bbox 2181 2978 3752 3056">
    <p class='ocr_par' dir='ltr' id='par_1_63' title="bbox 2181 2978 3752 3056">
     <span class='ocr_line' id='line_1_63' title="bbox 2181 2978 3752 3056; baseline 0.004 -26"><span class='ocrx_word' id='word_1_511' title='bbox 2181 2978 2367 3032; x_wconf 83' lang='grc' dir='ltr'>τούτου</span> <span class='ocrx_word' id='word_1_512' title='bbox 2389 2996 2451 3048; x_wconf 93' lang='grc' dir='ltr'><strong>γε</strong></span> <span class='ocrx_word' id='word_1_513' title='bbox 2484 2981 2874 3052; x_wconf 81' lang='grc' dir='ltr'><strong>ἀμφισϐητεῖν·</strong></span> <span class='ocrx_word' id='word_1_514' title='bbox 2908 2985 3008 3054; x_wconf 85' lang='grc' dir='ltr'>ὅρα</span> <span class='ocrx_word' id='word_1_515' title='bbox 3047 2985 3193 3047; x_wconf 85' lang='grc' dir='ltr'>ὅπως</span> <span class='ocrx_word' id='word_1_516' title='bbox 3216 2984 3306 3036; x_wconf 71' lang='grc' dir='ltr'>καὶ</span> <span class='ocrx_word' id='word_1_517' title='bbox 3335 2979 3487 3047; x_wconf 70' lang='grc' dir='ltr'>οὗτος</span> <span class='ocrx_word' id='word_1_518' title='bbox 3518 2984 3752 3056; x_wconf 80' lang='grc' dir='ltr'><strong>ἀναστή-</strong></span> 
     </span>
    </p>
   </div>
   <div class='ocr_carea' id='block_1_64' title="bbox 2183 3071 3752 3148">
    <p class='ocr_par' dir='ltr' id='par_1_64' title="bbox 2183 3071 3752 3148">
     <span class='ocr_line' id='line_1_64' title="bbox 2183 3071 3752 3148; baseline 0.003 -24"><span class='ocrx_word' id='word_1_519' title='bbox 2183 3071 2366 3126; x_wconf 86' lang='grc' dir='ltr'>σεσθαι</span> <span class='ocrx_word' id='word_1_520' title='bbox 2391 3075 2482 3127; x_wconf 78' lang='grc' dir='ltr'><strong>ἐπὶ</strong></span> <span class='ocrx_word' id='word_1_521' title='bbox 2507 3075 2566 3128; x_wconf 85' lang='grc' dir='ltr'><strong>τὸ</strong></span> <span class='ocrx_word' id='word_1_522' title='bbox 2600 3077 2784 3148; x_wconf 85' lang='grc' dir='ltr'>ἄρχειν</span> <span class='ocrx_word' id='word_1_523' title='bbox 2814 3077 2875 3128; x_wconf 80' lang='grc' dir='ltr'>οὐ</span> <span class='ocrx_word' id='word_1_524' title='bbox 2899 3075 2990 3128; x_wconf 89' lang='grc' dir='ltr'>τοῦ</span> <span class='ocrx_word' id='word_1_525' title='bbox 3027 3076 3260 3148; x_wconf 79' lang='grc' dir='ltr'><strong>Ἰσραὴλ,</strong></span> <span class='ocrx_word' id='word_1_526' title='bbox 3287 3075 3418 3129; x_wconf 81' lang='grc' dir='ltr'><strong>ἀλλά</strong></span> <span class='ocrx_word' id='word_1_527' title='bbox 3449 3075 3554 3129; x_wconf 90' lang='grc' dir='ltr'>τῶν</span> <span class='ocrx_word' id='word_1_528' title='bbox 3578 3074 3752 3129; x_wconf 83' lang='grc' dir='ltr'>ἐθνῶν</span> 
     </span>
    </p>
   </div>
   <div class='ocr_carea' id='block_1_65' title="bbox 514 3149 2079 3238">
    <p class='ocr_par' dir='ltr' id='par_1_65' title="bbox 514 3149 2076 3234">
     <span class='ocr_line' id='line_1_65' title="bbox 514 3149 2076 3234; baseline -0.007 -18"><span class='ocrx_word' id='word_1_529' title='bbox 514 3163 794 3234; x_wconf 89' lang='lat' dir='ltr'><strong>prophetis</strong></span> <span class='ocrx_word' id='word_1_530' title='bbox 820 3158 1154 3230; x_wconf 70' lang='lat' dir='ltr'><strong>pra-dicitur,</strong></span> <span class='ocrx_word' id='word_1_531' title='bbox 1186 3165 1239 3212; x_wconf 89' lang='lat' dir='ltr'><strong>et</strong></span> <span class='ocrx_word' id='word_1_532' title='bbox 1285 3157 1386 3210; x_wconf 91' lang='lat' dir='ltr'><strong>hoc</strong></span> <span class='ocrx_word' id='word_1_533' title='bbox 1425 3155 1560 3224; x_wconf 91' lang='lat' dir='ltr'><strong>ipsis</strong></span> <span class='ocrx_word' id='word_1_534' title='bbox 1589 3168 1806 3224; x_wconf 91' lang='lat' dir='ltr'><strong>quoque</strong></span> <span class='ocrx_word' id='word_1_535' title='bbox 1836 3149 2076 3206; x_wconf 67' lang='lat' dir='ltr'><strong>Hebraeis</strong></span> 
     </span>
    </p>
   </div>
   <div class='ocr_carea' id='block_1_66' title="bbox 2182 3149 3752 3238">
    <p class='ocr_par' dir='ltr' id='par_1_66' title="bbox 2182 3165 3752 3238">
     <span class='ocr_line' id='line_1_66' title="bbox 2182 3165 3752 3238; baseline 0.003 -21"><span class='ocrx_word' id='word_1_536' title='bbox 2182 3165 2621 3238; x_wconf 85' lang='grc' dir='ltr'>ἀναπεφώνηται,</span> <span class='ocrx_word' id='word_1_537' title='bbox 2651 3169 2718 3223; x_wconf 82' lang='grc' dir='ltr'><strong>τά</strong></span> <span class='ocrx_word' id='word_1_538' title='bbox 2744 3186 2803 3221; x_wconf 92' lang='grc' dir='ltr'>τε</span> <span class='ocrx_word' id='word_1_539' title='bbox 2830 3167 2956 3238; x_wconf 75' lang='grc' dir='ltr'>ἔθνη</span> <span class='ocrx_word' id='word_1_540' title='bbox 2989 3168 3226 3221; x_wconf 83' lang='grc' dir='ltr'>ἐλπίσειν</span> <span class='ocrx_word' id='word_1_541' title='bbox 3270 3168 3354 3221; x_wconf 78' lang='grc' dir='ltr'>ἐπ’</span> <span class='ocrx_word' id='word_1_542' title='bbox 3398 3167 3544 3238; x_wconf 77' lang='grc' dir='ltr'><strong>αὑτῷ</strong></span> <span class='ocrx_word' id='word_1_543' title='bbox 3563 3207 3578 3232; x_wconf 94' lang='grc'>,</span> <span class='ocrx_word' id='word_1_544' title='bbox 3613 3168 3752 3222; x_wconf 82' lang='grc' dir='ltr'>ἀλλὰ</span> 
     </span>
    </p>
   </div>
   <div class='ocr_carea' id='block_1_67' title="bbox 515 3244 2079 3320">
    <p class='ocr_par' dir='ltr' id='par_1_67' title="bbox 515 3244 2079 3320">
     <span class='ocr_line' id='line_1_67' title="bbox 515 3244 2079 3320; baseline -0.008 -10"><span class='ocrx_word' id='word_1_545' title='bbox 515 3255 746 3310; x_wconf 86' lang='lat' dir='ltr'><strong>habetur</strong></span> <span class='ocrx_word' id='word_1_546' title='bbox 800 3253 1184 3310; x_wconf 88' lang='lat' dir='ltr'><strong>indubitatum,</strong></span> <span class='ocrx_word' id='word_1_547' title='bbox 1221 3248 1375 3312; x_wconf 87' lang='lat' dir='ltr'><strong>adeo,</strong></span> <span class='ocrx_word' id='word_1_548' title='bbox 1413 3256 1472 3300; x_wconf 91' lang='lat' dir='ltr'><strong>ut</strong></span> <span class='ocrx_word' id='word_1_549' title='bbox 1528 3247 1678 3320; x_wconf 85' lang='lat' dir='ltr'><strong>nullo</strong></span> <span class='ocrx_word' id='word_1_550' title='bbox 1711 3253 1869 3314; x_wconf 87' lang='lat' dir='ltr'><strong>pacto</strong></span> <span class='ocrx_word' id='word_1_551' title='bbox 1928 3244 2079 3312; x_wconf 88' lang='lat' dir='ltr'><strong>quis-</strong></span> 
     </span>
    </p>
   </div>
   <div class='ocr_carea' id='block_1_68' title="bbox 516 3335 2076 3419">
    <p class='ocr_par' dir='ltr' id='par_1_68' title="bbox 516 3335 2076 3419">
     <span class='ocr_line' id='line_1_68' title="bbox 516 3335 2076 3419; baseline -0.009 -18"><span class='ocrx_word' id='word_1_552' title='bbox 516 3348 661 3419; x_wconf 88' lang='lat' dir='ltr'><strong>piam</strong></span> <span class='ocrx_word' id='word_1_553' title='bbox 684 3347 751 3401; x_wconf 90' lang='lat' dir='ltr'><strong>de</strong></span> <span class='ocrx_word' id='word_1_554' title='bbox 793 3346 896 3400; x_wconf 89' lang='lat' dir='ltr'><strong>hoc</strong></span> <span class='ocrx_word' id='word_1_555' title='bbox 931 3344 1210 3412; x_wconf 88' lang='lat' dir='ltr'><strong>ambigat:</strong></span> <span class='ocrx_word' id='word_1_556' title='bbox 1247 3339 1536 3395; x_wconf 87' lang='lat' dir='ltr'><strong>considera</strong></span> <span class='ocrx_word' id='word_1_557' title='bbox 1564 3339 1676 3408; x_wconf 88' lang='lat' dir='ltr'><strong>jam</strong></span> <span class='ocrx_word' id='word_1_558' title='bbox 1717 3335 2076 3408; x_wconf 91' lang='lat' dir='ltr'><strong>quemadmo-</strong></span> 
     </span>
    </p>
   </div>
   <div class='ocr_carea' id='block_1_69' title="bbox 516 3427 2078 3501">
    <p class='ocr_par' dir='ltr' id='par_1_69' title="bbox 516 3427 2078 3501">
     <span class='ocr_line' id='line_1_69' title="bbox 516 3427 2078 3501; baseline -0.008 -7"><span class='ocrx_word' id='word_1_559' title='bbox 516 3442 646 3496; x_wconf 82' lang='lat' dir='ltr'><strong>dum</strong></span> <span class='ocrx_word' id='word_1_560' title='bbox 694 3439 784 3496; x_wconf 84' lang='lat' dir='ltr'><strong>hic</strong></span> <span class='ocrx_word' id='word_1_561' title='bbox 832 3443 1178 3493; x_wconf 79' lang='lat' dir='ltr'><strong>surrecturus</strong></span> <span class='ocrx_word' id='word_1_562' title='bbox 1231 3431 1298 3486; x_wconf 88' lang='lat' dir='ltr'><strong>ad</strong></span> <span class='ocrx_word' id='word_1_563' title='bbox 1358 3430 1730 3501; x_wconf 87' lang='lat' dir='ltr'><strong>imperandum</strong></span> <span class='ocrx_word' id='word_1_564' title='bbox 1792 3443 1900 3482; x_wconf 85' lang='lat' dir='ltr'><strong>non</strong></span> <span class='ocrx_word' id='word_1_565' title='bbox 1975 3427 2078 3497; x_wconf 90' lang='lat' dir='ltr'><strong>ipsi</strong></span> 
     </span>
    </p>
   </div>
   <div class='ocr_carea' id='block_1_70' title="bbox 516 3519 2080 3597">
    <p class='ocr_par' dir='ltr' id='par_1_70' title="bbox 516 3519 2080 3597">
     <span class='ocr_line' id='line_1_70' title="bbox 516 3519 2080 3597; baseline -0.008 -11"><span class='ocrx_word' id='word_1_566' title='bbox 516 3531 703 3591; x_wconf 82' lang='lat' dir='ltr'><strong>Israel,</strong></span> <span class='ocrx_word' id='word_1_567' title='bbox 759 3529 852 3584; x_wconf 83' lang='lat' dir='ltr'><strong>sed</strong></span> <span class='ocrx_word' id='word_1_568' title='bbox 912 3527 1163 3597; x_wconf 85' lang='lat' dir='ltr'><strong>gentibus</strong></span> <span class='ocrx_word' id='word_1_569' title='bbox 1215 3525 1388 3594; x_wconf 88' lang='lat' dir='ltr'><strong>palam</strong></span> <span class='ocrx_word' id='word_1_570' title='bbox 1431 3522 1502 3578; x_wconf 91' lang='lat' dir='ltr'><strong>sit</strong></span> <span class='ocrx_word' id='word_1_571' title='bbox 1565 3521 1764 3584; x_wconf 83' lang='lat' dir='ltr'><strong>dictus,</strong></span> <span class='ocrx_word' id='word_1_572' title='bbox 1815 3534 1914 3572; x_wconf 90' lang='lat' dir='ltr'><strong>nec</strong></span> <span class='ocrx_word' id='word_1_573' title='bbox 1965 3519 2080 3587; x_wconf 90' lang='lat' dir='ltr'><strong>ipse</strong></span> 
     </span>
    </p>
   </div>
   <div class='ocr_carea' id='block_1_71' title="bbox 515 3613 2076 3692">
    <p class='ocr_par' dir='ltr' id='par_1_71' title="bbox 515 3613 2076 3692">
     <span class='ocr_line' id='line_1_71' title="bbox 515 3613 2076 3692; baseline -0.009 -14"><span class='ocrx_word' id='word_1_574' title='bbox 515 3623 700 3689; x_wconf 88' lang='lat' dir='ltr'><strong>Israel,</strong></span> <span class='ocrx_word' id='word_1_575' title='bbox 731 3622 826 3678; x_wconf 87' lang='lat' dir='ltr'><strong>sed</strong></span> <span class='ocrx_word' id='word_1_576' title='bbox 856 3630 1041 3692; x_wconf 88' lang='lat' dir='ltr'><strong>gentes</strong></span> <span class='ocrx_word' id='word_1_577' title='bbox 1071 3621 1124 3673; x_wconf 92' lang='lat' dir='ltr'><strong>in</strong></span> <span class='ocrx_word' id='word_1_578' title='bbox 1169 3634 1234 3673; x_wconf 91' lang='lat' dir='ltr'><strong>eo</strong></span> <span class='ocrx_word' id='word_1_579' title='bbox 1265 3633 1414 3688; x_wconf 88' lang='lat' dir='ltr'><strong>spem</strong></span> <span class='ocrx_word' id='word_1_580' title='bbox 1449 3616 1713 3670; x_wconf 67' lang='lat' dir='ltr'><strong>habiturae</strong></span> <span class='ocrx_word' id='word_1_581' title='bbox 1751 3613 1909 3667; x_wconf 78' lang='lat' dir='ltr'><strong>dictae</strong></span> <span class='ocrx_word' id='word_1_582' title='bbox 1946 3613 2076 3678; x_wconf 92' lang='lat' dir='ltr'><strong>sint,</strong></span> 
     </span>
    </p>
   </div>
   <div class='ocr_carea' id='block_1_72' title="bbox 517 3709 2081 3790">
    <p class='ocr_par' dir='ltr' id='par_1_72' title="bbox 517 3709 2081 3790">
     <span class='ocr_line' id='line_1_72' title="bbox 517 3709 2081 3790; baseline -0.008 -17"><span class='ocrx_word' id='word_1_583' title='bbox 517 3719 717 3790; x_wconf 90' lang='lat' dir='ltr'><strong>quippe</strong></span> <span class='ocrx_word' id='word_1_584' title='bbox 745 3717 839 3787; x_wconf 91' lang='lat' dir='ltr'><strong>qui</strong></span> <span class='ocrx_word' id='word_1_585' title='bbox 868 3722 1013 3770; x_wconf 83' lang='lat' dir='ltr'><strong>esset</strong></span> <span class='ocrx_word' id='word_1_586' title='bbox 1050 3712 1385 3783; x_wconf 77' lang='lat' dir='ltr'><strong>exspectatio</strong></span> <span class='ocrx_word' id='word_1_587' title='bbox 1430 3709 1670 3780; x_wconf 89' lang='lat' dir='ltr'><strong>gentium</strong></span> <span class='ocrx_word' id='word_1_588' title='bbox 1700 3726 1712 3761; x_wconf 92' lang='lat'><strong>:</strong></span> <span class='ocrx_word' id='word_1_589' title='bbox 1746 3714 2081 3778; x_wconf 89' lang='lat' dir='ltr'><strong>quapropter</strong></span> 
     </span>
    </p>
   </div>
   <div class='ocr_carea' id='block_1_73' title="bbox 516 3800 2078 3882">
    <p class='ocr_par' dir='ltr' id='par_1_73' title="bbox 516 3800 2078 3882">
     <span class='ocr_line' id='line_1_73' title="bbox 516 3800 2078 3882; baseline -0.01 -15"><span class='ocrx_word' id='word_1_590' title='bbox 516 3821 570 3868; x_wconf 89' lang='lat' dir='ltr'><strong>et</strong></span> <span class='ocrx_word' id='word_1_591' title='bbox 588 3811 838 3882; x_wconf 84' lang='lat' dir='ltr'><strong>gentibus</strong></span> <span class='ocrx_word' id='word_1_592' title='bbox 879 3809 1188 3879; x_wconf 89' lang='lat' dir='ltr'><strong>prolaturus</strong></span> <span class='ocrx_word' id='word_1_593' title='bbox 1214 3803 1501 3874; x_wconf 88' lang='lat' dir='ltr'><strong>judicium,</strong></span> <span class='ocrx_word' id='word_1_594' title='bbox 1544 3808 1596 3855; x_wconf 90' lang='lat' dir='ltr'><strong>et</strong></span> <span class='ocrx_word' id='word_1_595' title='bbox 1629 3800 1844 3854; x_wconf 80' lang='lat' dir='ltr'><strong>futurus</strong></span> <span class='ocrx_word' id='word_1_596' title='bbox 1899 3800 2078 3853; x_wconf 85' lang='lat' dir='ltr'><strong>lumen</strong></span> 
     </span>
    </p>
   </div>
   <div class='ocr_carea' id='block_1_74' title="bbox 517 3892 2077 3974">
    <p class='ocr_par' dir='ltr' id='par_1_74' title="bbox 517 3892 2077 3974">
     <span class='ocr_line' id='line_1_74' title="bbox 517 3892 2077 3974; baseline -0.008 -16"><span class='ocrx_word' id='word_1_597' title='bbox 517 3904 757 3974; x_wconf 90' lang='lat' dir='ltr'><strong>gentium</strong></span> <span class='ocrx_word' id='word_1_598' title='bbox 791 3901 1046 3956; x_wconf 84' lang='lat' dir='ltr'><strong>vaticinio</strong></span> <span class='ocrx_word' id='word_1_599' title='bbox 1066 3899 1387 3954; x_wconf 89' lang='lat' dir='ltr'><strong>declaretur.</strong></span> <span class='ocrx_word' id='word_1_600' title='bbox 1413 3893 1478 3948; x_wconf 88' lang='lat' dir='ltr'><strong>Et</strong></span> <span class='ocrx_word' id='word_1_601' title='bbox 1509 3909 1721 3956; x_wconf 89' lang='lat' dir='ltr'><strong>rursus,</strong></span> <span class='ocrx_word' id='word_1_602' title='bbox 1751 3892 1958 3946; x_wconf 91' lang='lat' dir='ltr'><strong>dictum</strong></span> <span class='ocrx_word' id='word_1_603' title='bbox 1985 3893 2077 3956; x_wconf 90' lang='lat' dir='ltr'><strong>sit,</strong></span> 
     </span>
    </p>
   </div>
   <div class='ocr_carea' id='block_1_75' title="bbox 519 3986 2078 4064">
    <p class='ocr_par' dir='ltr' id='par_1_75' title="bbox 519 3986 2078 4064">
     <span class='ocr_line' id='line_1_75' title="bbox 519 3986 2078 4064; baseline -0.008 -14"><span class='ocrx_word' id='word_1_604' title='bbox 519 3998 574 4051; x_wconf 92' lang='lat' dir='ltr'><strong>in</strong></span> <span class='ocrx_word' id='word_1_605' title='bbox 617 3997 836 4050; x_wconf 91' lang='lat' dir='ltr'><strong>nomine</strong></span> <span class='ocrx_word' id='word_1_606' title='bbox 871 3995 991 4064; x_wconf 84' lang='lat' dir='ltr'><strong>ejus</strong></span> <span class='ocrx_word' id='word_1_607' title='bbox 1020 3999 1208 4062; x_wconf 86' lang='lat' dir='ltr'><strong>gentes</strong></span> <span class='ocrx_word' id='word_1_608' title='bbox 1248 3996 1588 4060; x_wconf 82' lang='lat' dir='ltr'><strong>speraturas,</strong></span> <span class='ocrx_word' id='word_1_609' title='bbox 1637 3987 1993 4056; x_wconf 88' lang='lat' dir='ltr'><strong>eumdemque</strong></span> <span class='ocrx_word' id='word_1_610' title='bbox 2025 3986 2078 4038; x_wconf 90' lang='lat' dir='ltr'><strong>in</strong></span> 
     </span>
    </p>
   </div>
   <div class='ocr_carea' id='block_1_76' title="bbox 519 4077 2081 4143">
    <p class='ocr_par' dir='ltr' id='par_1_76' title="bbox 519 4077 2081 4143">
     <span class='ocr_line' id='line_1_76' title="bbox 519 4077 2081 4143; baseline -0.006 -1"><span class='ocrx_word' id='word_1_611' title='bbox 519 4088 748 4142; x_wconf 86' lang='lat' dir='ltr'><strong>salutem</strong></span> <span class='ocrx_word' id='word_1_612' title='bbox 782 4085 966 4140; x_wconf 90' lang='lat' dir='ltr'><strong>datum</strong></span> <span class='ocrx_word' id='word_1_613' title='bbox 1000 4083 1066 4138; x_wconf 92' lang='lat' dir='ltr'><strong>iri</strong></span> <span class='ocrx_word' id='word_1_614' title='bbox 1111 4097 1219 4136; x_wconf 91' lang='lat' dir='ltr'><strong>non</strong></span> <span class='ocrx_word' id='word_1_615' title='bbox 1267 4080 1398 4136; x_wconf 91' lang='lat' dir='ltr'><strong>solis</strong></span> <span class='ocrx_word' id='word_1_616' title='bbox 1429 4077 1654 4143; x_wconf 70' lang='lat' dir='ltr'><strong>Judmis,</strong></span> <span class='ocrx_word' id='word_1_617' title='bbox 1692 4077 1786 4134; x_wconf 84' lang='lat' dir='ltr'><strong>sed</strong></span> <span class='ocrx_word' id='word_1_618' title='bbox 1827 4077 2081 4132; x_wconf 89' lang='lat' dir='ltr'><strong>omnibus</strong></span> 
     </span>
    </p>
   </div>
   <div class='ocr_carea' id='block_1_77' title="bbox 518 4172 2080 4245">
    <p class='ocr_par' dir='ltr' id='par_1_77' title="bbox 518 4172 2080 4245">
     <span class='ocr_line' id='line_1_77' title="bbox 518 4172 2080 4245; baseline -0.003 -9"><span class='ocrx_word' id='word_1_619' title='bbox 518 4181 856 4240; x_wconf 89' lang='lat' dir='ltr'><strong>hominibus.</strong></span> <span class='ocrx_word' id='word_1_620' title='bbox 891 4192 1063 4245; x_wconf 87' lang='lat' dir='ltr'><strong>usque</strong></span> <span class='ocrx_word' id='word_1_621' title='bbox 1111 4175 1178 4228; x_wconf 91' lang='lat' dir='ltr'><strong>ad</strong></span> <span class='ocrx_word' id='word_1_622' title='bbox 1229 4181 1529 4229; x_wconf 80' lang='lat' dir='ltr'><strong>extremum</strong></span> <span class='ocrx_word' id='word_1_623' title='bbox 1583 4183 1760 4227; x_wconf 76' lang='lat' dir='ltr'><strong>terrae.</strong></span> <span class='ocrx_word' id='word_1_624' title='bbox 1810 4172 2080 4238; x_wconf 83' lang='lat' dir='ltr'><strong>Quocirca</strong></span> 
     </span>
    </p>
   </div>
   <div class='ocr_carea' id='block_1_78' title="bbox 521 4263 2078 4337">
    <p class='ocr_par' dir='ltr' id='par_1_78' title="bbox 521 4263 2078 4337">
     <span class='ocr_line' id='line_1_78' title="bbox 521 4263 2078 4337; baseline 0 -12"><span class='ocrx_word' id='word_1_625' title='bbox 521 4278 576 4325; x_wconf 92' lang='lat' dir='ltr'><strong>et</strong></span> <span class='ocrx_word' id='word_1_626' title='bbox 606 4270 673 4324; x_wconf 85' lang='lat' dir='ltr'><strong>ab</strong></span> <span class='ocrx_word' id='word_1_627' title='bbox 702 4270 814 4330; x_wconf 91' lang='lat' dir='ltr'><strong>illo.</strong></span> <span class='ocrx_word' id='word_1_628' title='bbox 847 4269 938 4337; x_wconf 90' lang='lat' dir='ltr'><strong>qui</strong></span> <span class='ocrx_word' id='word_1_629' title='bbox 967 4267 1143 4336; x_wconf 91' lang='lat' dir='ltr'><strong>ipsum</strong></span> <span class='ocrx_word' id='word_1_630' title='bbox 1187 4265 1356 4327; x_wconf 84' lang='lat' dir='ltr'><strong>misit,</strong></span> <span class='ocrx_word' id='word_1_631' title='bbox 1399 4263 1580 4327; x_wconf 90' lang='lat' dir='ltr'><strong>Patre,</strong></span> <span class='ocrx_word' id='word_1_632' title='bbox 1613 4265 1818 4321; x_wconf 90' lang='lat' dir='ltr'><strong>dictum</strong></span> <span class='ocrx_word' id='word_1_633' title='bbox 1864 4275 1948 4322; x_wconf 90' lang='lat' dir='ltr'><strong>est</strong></span> <span class='ocrx_word' id='word_1_634' title='bbox 1979 4267 2029 4323; x_wconf 91' lang='lat' dir='ltr'><strong>ei</strong></span> <span class='ocrx_word' id='word_1_635' title='bbox 2062 4286 2078 4325; x_wconf 88' lang='lat'><strong>:</strong></span> 
     </span>
    </p>
   </div>
   <div class='ocr_carea' id='block_1_79' title="bbox 529 4356 2081 4427">
    <p class='ocr_par' dir='ltr' id='par_1_79' title="bbox 529 4356 2081 4427">
     <span class='ocr_line' id='line_1_79' title="bbox 529 4356 2081 4427; baseline 0.004 -16"><span class='ocrx_word' id='word_1_636' title='bbox 529 4379 549 4411; x_wconf 77' lang='grc' dir='ltr'>ι</span> <span class='ocrx_word' id='word_1_637' title='bbox 589 4359 720 4414; x_wconf 89' lang='lat' dir='ltr'><strong>Dedi</strong></span> <span class='ocrx_word' id='word_1_638' title='bbox 748 4367 800 4412; x_wconf 90' lang='lat' dir='ltr'><strong>te</strong></span> <span class='ocrx_word' id='word_1_639' title='bbox 853 4358 907 4412; x_wconf 91' lang='lat' dir='ltr'><strong>in</strong></span> <span class='ocrx_word' id='word_1_640' title='bbox 952 4356 1356 4411; x_wconf 86' lang='lat' dir='ltr'><strong>Testamentum</strong></span> <span class='ocrx_word' id='word_1_641' title='bbox 1402 4356 1637 4426; x_wconf 77' lang='lat' dir='ltr'><strong>generis,</strong></span> <span class='ocrx_word' id='word_1_642' title='bbox 1672 4357 1779 4427; x_wconf 76' lang='lat'><strong>62</strong></span> <span class='ocrx_word' id='word_1_643' title='bbox 1823 4358 1879 4412; x_wconf 94' lang='lat' dir='ltr'><strong>in</strong></span> <span class='ocrx_word' id='word_1_644' title='bbox 1905 4360 2081 4417; x_wconf 89' lang='lat' dir='ltr'><strong>lucem</strong></span> 
     </span>
    </p>
   </div>
   <div class='ocr_carea' id='block_1_80' title="bbox 524 4450 2082 4525">
    <p class='ocr_par' dir='ltr' id='par_1_80' title="bbox 524 4450 2082 4525">
     <span class='ocr_line' id='line_1_80' title="bbox 524 4450 2082 4525; baseline 0 -17"><span class='ocrx_word' id='word_1_645' title='bbox 524 4452 787 4525; x_wconf 80' lang='lat' dir='ltr'><strong>gentium,</strong></span> <span class='ocrx_word' id='word_1_646' title='bbox 822 4458 880 4505; x_wconf 94' lang='lat' dir='ltr'><strong>ut</strong></span> <span class='ocrx_word' id='word_1_647' title='bbox 913 4450 1216 4504; x_wconf 89' lang='lat' dir='ltr'><strong>constituas</strong></span> <span class='ocrx_word' id='word_1_648' title='bbox 1246 4457 1471 4512; x_wconf 88' lang='lat' dir='ltr'><strong>terram,</strong></span> <span class='ocrx_word' id='word_1_649' title='bbox 1497 4458 1551 4504; x_wconf 91' lang='lat' dir='ltr'><strong>et</strong></span> <span class='ocrx_word' id='word_1_650' title='bbox 1582 4452 1940 4521; x_wconf 89' lang='lat' dir='ltr'><strong>consequaris</strong></span> <span class='ocrx_word' id='word_1_651' title='bbox 1972 4454 2082 4508; x_wconf 71' lang='lat' dir='ltr'><strong>ha:-</strong></span> 
     </span>
    </p>
   </div>
   <div class='ocr_carea' id='block_1_81' title="bbox 524 4538 2081 4614">
    <p class='ocr_par' dir='ltr' id='par_1_81' title="bbox 524 4538 2081 4614">
     <span class='ocr_line' id='line_1_81' title="bbox 524 4538 2081 4614; baseline 0 -14"><span class='ocrx_word' id='word_1_652' title='bbox 524 4544 782 4600; x_wconf 88' lang='lat' dir='ltr'><strong>reditates</strong></span> <span class='ocrx_word' id='word_1_653' title='bbox 813 4541 1132 4596; x_wconf 73' lang='lat' dir='ltr'><strong>desertas“.</strong></span> <span class='ocrx_word' id='word_1_654' title='bbox 1167 4538 1590 4595; x_wconf 65' lang='lat' dir='ltr'><strong>i&#39;l‘estimonium</strong></span> <span class='ocrx_word' id='word_1_655' title='bbox 1614 4551 1793 4598; x_wconf 87' lang='lat' dir='ltr'><strong>autem</strong></span> <span class='ocrx_word' id='word_1_656' title='bbox 1827 4545 2081 4614; x_wconf 77' lang='lat' dir='ltr'><strong>gentibus</strong></span> 
     </span>
    </p>
   </div>
   <div class='ocr_carea' id='block_1_82' title="bbox 524 4630 2082 4706">
    <p class='ocr_par' dir='ltr' id='par_1_82' title="bbox 524 4630 2082 4706">
     <span class='ocr_line' id='line_1_82' title="bbox 524 4630 2082 4706; baseline 0.003 -19"><span class='ocrx_word' id='word_1_657' title='bbox 524 4632 676 4697; x_wconf 91' lang='lat' dir='ltr'><strong>dicit,</strong></span> <span class='ocrx_word' id='word_1_658' title='bbox 715 4647 778 4687; x_wconf 92' lang='lat' dir='ltr'><strong>ea</strong></span> <span class='ocrx_word' id='word_1_659' title='bbox 812 4630 877 4685; x_wconf 85' lang='lat' dir='ltr'><strong>de</strong></span> <span class='ocrx_word' id='word_1_660' title='bbox 914 4646 1098 4696; x_wconf 89' lang='lat' dir='ltr'><strong>causa,</strong></span> <span class='ocrx_word' id='word_1_661' title='bbox 1147 4639 1206 4683; x_wconf 90' lang='lat' dir='ltr'><strong>ut</strong></span> <span class='ocrx_word' id='word_1_662' title='bbox 1252 4646 1441 4685; x_wconf 90' lang='lat' dir='ltr'><strong>omnes</strong></span> <span class='ocrx_word' id='word_1_663' title='bbox 1493 4640 1680 4701; x_wconf 87' lang='lat' dir='ltr'><strong>gentes</strong></span> <span class='ocrx_word' id='word_1_664' title='bbox 1725 4651 2082 4706; x_wconf 64' lang='lat' dir='ltr'><strong>quaecumque</strong></span> 
     </span>
    </p>
   </div>
   <div class='ocr_carea' id='block_1_83' title="bbox 524 4719 2083 4790">
    <p class='ocr_par' dir='ltr' id='par_1_83' title="bbox 524 4719 2083 4790">
     <span class='ocr_line' id='line_1_83' title="bbox 524 4719 2083 4790; baseline 0 -10"><span class='ocrx_word' id='word_1_665' title='bbox 524 4725 592 4781; x_wconf 92' lang='lat' dir='ltr'><strong>de</strong></span> <span class='ocrx_word' id='word_1_666' title='bbox 611 4723 830 4780; x_wconf 88' lang='lat' dir='ltr'><strong>Christo</strong></span> <span class='ocrx_word' id='word_1_667' title='bbox 857 4721 993 4776; x_wconf 86' lang='lat' dir='ltr'><strong>nihil</strong></span> <span class='ocrx_word' id='word_1_668' title='bbox 1025 4737 1260 4790; x_wconf 89' lang='lat' dir='ltr'><strong>unquam</strong></span> <span class='ocrx_word' id='word_1_669' title='bbox 1300 4719 1610 4786; x_wconf 89' lang='lat' dir='ltr'><strong>didicerint,</strong></span> <span class='ocrx_word' id='word_1_670' title='bbox 1639 4724 1728 4777; x_wconf 91' lang='lat' dir='ltr'><strong>ubi</strong></span> <span class='ocrx_word' id='word_1_671' title='bbox 1752 4724 1960 4780; x_wconf 89' lang='lat' dir='ltr'><strong>ordinis</strong></span> <span class='ocrx_word' id='word_1_672' title='bbox 1993 4741 2083 4780; x_wconf 83' lang='lat' dir='ltr'><strong>ra-</strong></span> 
     </span>
    </p>
   </div>
   <div class='ocr_carea' id='block_1_84' title="bbox 523 4810 2080 4886">
    <p class='ocr_par' dir='ltr' id='par_1_84' title="bbox 523 4810 2080 4886">
     <span class='ocr_line' id='line_1_84' title="bbox 523 4810 2080 4886; baseline 0.001 -19"><span class='ocrx_word' id='word_1_673' title='bbox 523 4813 747 4876; x_wconf 83' lang='lat' dir='ltr'><strong>tionem,</strong></span> <span class='ocrx_word' id='word_1_674' title='bbox 783 4827 902 4882; x_wconf 68' lang='lat' dir='ltr'><strong>qua:</strong></span> <span class='ocrx_word' id='word_1_675' title='bbox 928 4810 993 4863; x_wconf 87' lang='lat' dir='ltr'><strong>ad</strong></span> <span class='ocrx_word' id='word_1_676' title='bbox 1025 4811 1174 4864; x_wconf 89' lang='lat' dir='ltr'><strong>illum</strong></span> <span class='ocrx_word' id='word_1_677' title='bbox 1212 4810 1443 4881; x_wconf 88' lang='lat' dir='ltr'><strong>pertinet</strong></span> <span class='ocrx_word' id='word_1_678' title='bbox 1469 4814 1787 4882; x_wconf 86' lang='lat' dir='ltr'><strong>agnoverint</strong></span> <span class='ocrx_word' id='word_1_679' title='bbox 1813 4833 1826 4868; x_wconf 92' lang='lat'><strong>:</strong></span> <span class='ocrx_word' id='word_1_680' title='bbox 1857 4824 1911 4871; x_wconf 93' lang='lat' dir='ltr'><strong>et</strong></span> <span class='ocrx_word' id='word_1_681' title='bbox 1938 4831 2080 4886; x_wconf 70' lang='lat' dir='ltr'><strong>quaa-</strong></span> 
     </span>
    </p>
   </div>
   <div class='ocr_carea' id='block_1_85' title="bbox 525 4901 2106 4977">
    <p class='ocr_par' dir='ltr' id='par_1_85' title="bbox 525 4901 2106 4977">
     <span class='ocr_line' id='line_1_85' title="bbox 525 4901 2106 4977; baseline 0.003 -19"><span class='ocrx_word' id='word_1_682' title='bbox 525 4918 648 4958; x_wconf 92' lang='lat' dir='ltr'><strong>nam</strong></span> <span class='ocrx_word' id='word_1_683' title='bbox 680 4902 735 4956; x_wconf 94' lang='lat' dir='ltr'><strong>in</strong></span> <span class='ocrx_word' id='word_1_684' title='bbox 768 4917 832 4956; x_wconf 90' lang='lat' dir='ltr'><strong>eo</strong></span> <span class='ocrx_word' id='word_1_685' title='bbox 858 4901 928 4956; x_wconf 90' lang='lat' dir='ltr'><strong>sit</strong></span> <span class='ocrx_word' id='word_1_686' title='bbox 960 4901 1150 4964; x_wconf 78' lang='lat' dir='ltr'><strong>VII&#39;IIIS,</strong></span> <span class='ocrx_word' id='word_1_687' title='bbox 1186 4901 1515 4956; x_wconf 67' lang='lat' dir='ltr'><strong>invocatum:</strong></span> <span class='ocrx_word' id='word_1_688' title='bbox 1570 4904 1680 4958; x_wconf 92' lang='lat' dir='ltr'><strong>sint</strong></span> <span class='ocrx_word' id='word_1_689' title='bbox 1713 4920 1836 4960; x_wconf 92' lang='lat' dir='ltr'><strong>eum</strong></span> <span class='ocrx_word' id='word_1_690' title='bbox 1865 4925 1878 4959; x_wconf 88' lang='lat'><strong>:</strong></span> <span class='ocrx_word' id='word_1_691' title='bbox 1909 4915 1962 4961; x_wconf 90' lang='lat' dir='ltr'><strong>et</strong></span> <span class='ocrx_word' id='word_1_692' title='bbox 1989 4908 2106 4977; x_wconf 85' lang='lat' dir='ltr'><strong>qui</strong></span> 
     </span>
    </p>
   </div>
   <div class='ocr_carea' id='block_1_86' title="bbox 525 4990 2084 5060">
    <p class='ocr_par' dir='ltr' id='par_1_86' title="bbox 525 4990 2084 5060">
     <span class='ocr_line' id='line_1_86' title="bbox 525 4990 2084 5060; baseline 0.003 -13"><span class='ocrx_word' id='word_1_693' title='bbox 525 5001 682 5049; x_wconf 89' lang='lat' dir='ltr'><strong>antea</strong></span> <span class='ocrx_word' id='word_1_694' title='bbox 705 4992 852 5046; x_wconf 91' lang='lat' dir='ltr'><strong>illum</strong></span> <span class='ocrx_word' id='word_1_695' title='bbox 886 4990 1068 5060; x_wconf 92' lang='lat' dir='ltr'><strong>populi</strong></span> <span class='ocrx_word' id='word_1_696' title='bbox 1099 5005 1372 5060; x_wconf 89' lang='lat' dir='ltr'><strong>nunquam</strong></span> <span class='ocrx_word' id='word_1_697' title='bbox 1400 4992 1651 5058; x_wconf 87' lang='lat' dir='ltr'><strong>viderint,</strong></span> <span class='ocrx_word' id='word_1_698' title='bbox 1679 4994 1748 5048; x_wconf 91' lang='lat' dir='ltr'><strong>ad</strong></span> <span class='ocrx_word' id='word_1_699' title='bbox 1774 4994 1924 5050; x_wconf 92' lang='lat' dir='ltr'><strong>illum</strong></span> <span class='ocrx_word' id='word_1_700' title='bbox 1953 5012 2084 5051; x_wconf 85' lang='lat' dir='ltr'><strong>con-</strong></span> 
     </span>
    </p>
   </div>
   <div class='ocr_carea' id='block_1_87' title="bbox 526 5082 2084 5156">
    <p class='ocr_par' dir='ltr' id='par_1_87' title="bbox 526 5082 2084 5156">
     <span class='ocr_line' id='line_1_87' title="bbox 526 5082 2084 5156; baseline 0.003 -17"><span class='ocrx_word' id='word_1_701' title='bbox 526 5083 770 5155; x_wconf 81' lang='lat' dir='ltr'><strong>fugituri.</strong></span> <span class='ocrx_word' id='word_1_702' title='bbox 801 5086 1097 5145; x_wconf 60' lang='lat' dir='ltr'><strong>Ceterum,</strong></span> <span class='ocrx_word' id='word_1_703' title='bbox 1136 5082 1263 5150; x_wconf 92' lang='lat' dir='ltr'><strong>quid</strong></span> <span class='ocrx_word' id='word_1_704' title='bbox 1295 5084 1544 5155; x_wconf 86' lang='lat' dir='ltr'><strong>pluribus</strong></span> <span class='ocrx_word' id='word_1_705' title='bbox 1583 5100 1723 5156; x_wconf 88' lang='lat' dir='ltr'><strong>opus</strong></span> <span class='ocrx_word' id='word_1_706' title='bbox 1745 5095 1831 5142; x_wconf 89' lang='lat' dir='ltr'><strong>est</strong></span> <span class='ocrx_word' id='word_1_707' title='bbox 1856 5087 2084 5143; x_wconf 84' lang='lat' dir='ltr'><strong>verbis?</strong></span> 
     </span>
    </p>
   </div>
   <div class='ocr_carea' id='block_1_88' title="bbox 525 5173 2082 5252">
    <p class='ocr_par' dir='ltr' id='par_1_88' title="bbox 525 5173 2082 5252">
     <span class='ocr_line' id='line_1_88' title="bbox 525 5173 2082 5252; baseline 0.003 -22"><span class='ocrx_word' id='word_1_708' title='bbox 525 5191 649 5230; x_wconf 90' lang='lat' dir='ltr'><strong>cum</strong></span> <span class='ocrx_word' id='word_1_709' title='bbox 693 5189 757 5229; x_wconf 80' lang='lat' dir='ltr'><strong>ex</strong></span> <span class='ocrx_word' id='word_1_710' title='bbox 787 5173 919 5244; x_wconf 90' lang='lat' dir='ltr'><strong>ipsis</strong></span> <span class='ocrx_word' id='word_1_711' title='bbox 954 5173 1285 5242; x_wconf 88' lang='lat' dir='ltr'><strong>propheticis</strong></span> <span class='ocrx_word' id='word_1_712' title='bbox 1327 5176 1551 5232; x_wconf 84' lang='lat' dir='ltr'><strong>vocibus</strong></span> <span class='ocrx_word' id='word_1_713' title='bbox 1601 5179 1780 5244; x_wconf 86' lang='lat' dir='ltr'><strong>liceat,</strong></span> <span class='ocrx_word' id='word_1_714' title='bbox 1807 5187 1920 5234; x_wconf 90' lang='lat' dir='ltr'><strong>tum</strong></span> <span class='ocrx_word' id='word_1_715' title='bbox 1945 5196 2082 5252; x_wconf 91' lang='lat' dir='ltr'><strong>quas</strong></span> 
     </span>
    </p>
   </div>
   <div class='ocr_carea' id='block_1_89' title="bbox 529 5265 2083 5348">
    <p class='ocr_par' dir='ltr' id='par_1_89' title="bbox 529 5265 2083 5348">
     <span class='ocr_line' id='line_1_89' title="bbox 529 5265 2083 5348; baseline 0.005 -28"><span class='ocrx_word' id='word_1_716' title='bbox 529 5267 712 5337; x_wconf 91' lang='lat' dir='ltr'><strong>posui,</strong></span> <span class='ocrx_word' id='word_1_717' title='bbox 745 5272 856 5319; x_wconf 93' lang='lat' dir='ltr'><strong>tum</strong></span> <span class='ocrx_word' id='word_1_718' title='bbox 881 5280 1018 5335; x_wconf 88' lang='lat' dir='ltr'><strong>quas</strong></span> <span class='ocrx_word' id='word_1_719' title='bbox 1049 5265 1172 5335; x_wconf 91' lang='lat' dir='ltr'><strong>plus</strong></span> <span class='ocrx_word' id='word_1_720' title='bbox 1213 5267 1311 5320; x_wconf 91' lang='lat' dir='ltr'><strong>otii</strong></span> <span class='ocrx_word' id='word_1_721' title='bbox 1337 5276 1530 5324; x_wconf 74' lang='lat' dir='ltr'><strong>nactus</strong></span> <span class='ocrx_word' id='word_1_722' title='bbox 1551 5285 1842 5348; x_wconf 72' lang='lat' dir='ltr'><strong>exponam,</strong></span> <span class='ocrx_word' id='word_1_723' title='bbox 1877 5289 1998 5342; x_wconf 73' lang='lat' dir='ltr'><strong>quae</strong></span> <span class='ocrx_word' id='word_1_724' title='bbox 2027 5274 2083 5328; x_wconf 91' lang='lat' dir='ltr'><strong>in</strong></span> 
     </span>
    </p>
   </div>
   <div class='ocr_carea' id='block_1_90' title="bbox 531 5354 2082 5434">
    <p class='ocr_par' dir='ltr' id='par_1_90' title="bbox 531 5354 2082 5434">
     <span class='ocr_line' id='line_1_90' title="bbox 531 5354 2082 5434; baseline 0.006 -26"><span class='ocrx_word' id='word_1_725' title='bbox 531 5354 729 5410; x_wconf 90' lang='lat' dir='ltr'><strong>divinis</strong></span> <span class='ocrx_word' id='word_1_726' title='bbox 756 5355 911 5410; x_wconf 89' lang='lat' dir='ltr'><strong>libris</strong></span> <span class='ocrx_word' id='word_1_727' title='bbox 928 5354 1198 5422; x_wconf 81' lang='lat' dir='ltr'><strong>feruntur,</strong></span> <span class='ocrx_word' id='word_1_728' title='bbox 1229 5356 1274 5410; x_wconf 93' lang='lat' dir='ltr'><strong>si</strong></span> <span class='ocrx_word' id='word_1_729' title='bbox 1309 5357 1396 5411; x_wconf 93' lang='lat' dir='ltr'><strong>cui</strong></span> <span class='ocrx_word' id='word_1_730' title='bbox 1427 5359 1586 5413; x_wconf 92' lang='lat' dir='ltr'><strong>modo</strong></span> <span class='ocrx_word' id='word_1_731' title='bbox 1612 5360 1822 5429; x_wconf 83' lang='lat' dir='ltr'><strong>placeat</strong></span> <span class='ocrx_word' id='word_1_732' title='bbox 1864 5364 2082 5434; x_wconf 82' lang='lat' dir='ltr'><strong>collige-</strong></span> 
     </span>
    </p>
   </div>
   <div class='ocr_carea' id='block_1_91' title="bbox 527 5445 2082 5520">
    <p class='ocr_par' dir='ltr' id='par_1_91' title="bbox 527 5445 2082 5520">
     <span class='ocr_line' id='line_1_91' title="bbox 527 5445 2082 5520; baseline 0.006 -20"><span class='ocrx_word' id='word_1_733' title='bbox 527 5463 586 5500; x_wconf 89' lang='lat' dir='ltr'><strong>re</strong></span> <span class='ocrx_word' id='word_1_734' title='bbox 623 5445 766 5500; x_wconf 92' lang='lat' dir='ltr'><strong>dicta</strong></span> <span class='ocrx_word' id='word_1_735' title='bbox 804 5447 1212 5517; x_wconf 80' lang='lat' dir='ltr'><strong>prophetarum,</strong></span> <span class='ocrx_word' id='word_1_736' title='bbox 1245 5447 1403 5504; x_wconf 82' lang='lat' dir='ltr'><strong>facile</strong></span> <span class='ocrx_word' id='word_1_737' title='bbox 1447 5449 1537 5513; x_wconf 91' lang='lat' dir='ltr'><strong>iis,</strong></span> <span class='ocrx_word' id='word_1_738' title='bbox 1565 5451 1658 5520; x_wconf 91' lang='lat' dir='ltr'><strong>qui</strong></span> <span class='ocrx_word' id='word_1_739' title='bbox 1697 5467 1761 5506; x_wconf 77' lang='lat' dir='ltr'><strong>ex</strong></span> <span class='ocrx_word' id='word_1_740' title='bbox 1792 5454 2082 5510; x_wconf 89' lang='lat' dir='ltr'><strong>circumci-</strong></span> 
     </span>
    </p>
   </div>
   <div class='ocr_carea' id='block_1_92' title="bbox 527 5539 2080 5614">
    <p class='ocr_par' dir='ltr' id='par_1_92' title="bbox 527 5539 2080 5614">
     <span class='ocr_line' id='line_1_92' title="bbox 527 5539 2080 5614; baseline 0.005 -22"><span class='ocrx_word' id='word_1_741' title='bbox 527 5539 681 5592; x_wconf 89' lang='lat' dir='ltr'><strong>sione</strong></span> <span class='ocrx_word' id='word_1_742' title='bbox 711 5547 839 5591; x_wconf 88' lang='lat' dir='ltr'><strong>sunt</strong></span> <span class='ocrx_word' id='word_1_743' title='bbox 891 5539 1167 5594; x_wconf 87' lang='lat' dir='ltr'><strong>silentium</strong></span> <span class='ocrx_word' id='word_1_744' title='bbox 1221 5539 1517 5610; x_wconf 89' lang='lat' dir='ltr'><strong>imponere,</strong></span> <span class='ocrx_word' id='word_1_745' title='bbox 1554 5542 1826 5613; x_wconf 87' lang='lat' dir='ltr'><strong>siquando</strong></span> <span class='ocrx_word' id='word_1_746' title='bbox 1871 5545 2080 5614; x_wconf 86' lang='lat' dir='ltr'><strong>jactent</strong></span> 
     </span>
    </p>
   </div>
   <div class='ocr_carea' id='block_1_93' title="bbox 2178 3253 3750 3331">
    <p class='ocr_par' dir='ltr' id='par_1_93' title="bbox 2178 3253 3750 3331">
     <span class='ocr_line' id='line_1_93' title="bbox 2178 3253 3750 3331; baseline 0 -20"><span class='ocrx_word' id='word_1_747' title='bbox 2178 3259 2275 3328; x_wconf 78' lang='grc' dir='ltr'><strong>οὐχ</strong></span> <span class='ocrx_word' id='word_1_748' title='bbox 2301 3260 2328 3311; x_wconf 84' lang='grc' dir='ltr'>ὃ</span> <span class='ocrx_word' id='word_1_749' title='bbox 2373 3277 2437 3327; x_wconf 91' lang='grc' dir='ltr'>γε</span> <span class='ocrx_word' id='word_1_750' title='bbox 2487 3260 2703 3331; x_wconf 67' lang='grc' dir='ltr'>Ἰσραὴλ</span> <span class='ocrx_word' id='word_1_751' title='bbox 2739 3259 3020 3323; x_wconf 87' lang='grc' dir='ltr'>λέλεκται,</span> <span class='ocrx_word' id='word_1_752' title='bbox 3056 3259 3349 3330; x_wconf 76' lang='grc' dir='ltr'>ἐπειδήπερ</span> <span class='ocrx_word' id='word_1_753' title='bbox 3399 3259 3559 3322; x_wconf 71' lang='grc' dir='ltr'>αὐτὸς</span> <span class='ocrx_word' id='word_1_754' title='bbox 3599 3253 3667 3329; x_wconf 82' lang='grc' dir='ltr'><strong>ἦν</strong></span> <span class='ocrx_word' id='word_1_755' title='bbox 3713 3261 3750 3329; x_wconf 73' lang='grc' dir='ltr'><strong>ἡ</strong></span> 
     </span>
    </p>
   </div>
   <div class='ocr_carea' id='block_1_94' title="bbox 2179 3345 3751 3420">
    <p class='ocr_par' dir='ltr' id='par_1_94' title="bbox 2179 3345 3751 3420">
     <span class='ocr_line' id='line_1_94' title="bbox 2179 3345 3751 3420; baseline 0.001 -20"><span class='ocrx_word' id='word_1_756' title='bbox 2179 3348 2467 3419; x_wconf 88' lang='grc' dir='ltr'>προσδοκία</span> <span class='ocrx_word' id='word_1_757' title='bbox 2512 3349 2616 3402; x_wconf 89' lang='grc' dir='ltr'><strong>τῶν</strong></span> <span class='ocrx_word' id='word_1_758' title='bbox 2659 3350 2858 3402; x_wconf 68' lang='grc' dir='ltr'>ὲθνῶψ</span> <span class='ocrx_word' id='word_1_759' title='bbox 2899 3349 2979 3402; x_wconf 79' lang='grc' dir='ltr'><strong>διὸ</strong></span> <span class='ocrx_word' id='word_1_760' title='bbox 3017 3350 3109 3402; x_wconf 74' lang='grc' dir='ltr'><strong>καὶ</strong></span> <span class='ocrx_word' id='word_1_761' title='bbox 3155 3348 3331 3420; x_wconf 86' lang='grc' dir='ltr'>κρίσιν</span> <span class='ocrx_word' id='word_1_762' title='bbox 3374 3351 3484 3412; x_wconf 88' lang='grc' dir='ltr'>τοῖς</span> <span class='ocrx_word' id='word_1_763' title='bbox 3541 3345 3751 3403; x_wconf 77' lang='grc' dir='ltr'>ἔθνεσιν</span> 
     </span>
    </p>
   </div>
   <div class='ocr_carea' id='block_1_95' title="bbox 2178 3439 3752 3512">
    <p class='ocr_par' dir='ltr' id='par_1_95' title="bbox 2178 3439 3752 3512">
     <span class='ocr_line' id='line_1_95' title="bbox 2178 3439 3752 3512; baseline 0.002 -19"><span class='ocrx_word' id='word_1_764' title='bbox 2178 3440 2404 3505; x_wconf 76' lang='grc' dir='ltr'>ἐξοίσειν</span> <span class='ocrx_word' id='word_1_765' title='bbox 2430 3442 2666 3510; x_wconf 87' lang='grc' dir='ltr'>λέγεται,</span> <span class='ocrx_word' id='word_1_766' title='bbox 2695 3443 2787 3496; x_wconf 77' lang='grc' dir='ltr'>καὶ</span> <span class='ocrx_word' id='word_1_767' title='bbox 2823 3444 2899 3506; x_wconf 79' lang='grc' dir='ltr'>εἰς</span> <span class='ocrx_word' id='word_1_768' title='bbox 2938 3441 3052 3511; x_wconf 82' lang='grc' dir='ltr'><strong>φῶς</strong></span> <span class='ocrx_word' id='word_1_769' title='bbox 3075 3440 3241 3493; x_wconf 80' lang='grc' dir='ltr'>ἐθνῶν</span> <span class='ocrx_word' id='word_1_770' title='bbox 3267 3439 3615 3512; x_wconf 82' lang='grc' dir='ltr'>γενήσεσθαι·</span> <span class='ocrx_word' id='word_1_771' title='bbox 3653 3440 3752 3496; x_wconf 78' lang='grc' dir='ltr'><strong>καὶ</strong></span> 
     </span>
    </p>
   </div>
   <div class='ocr_carea' id='block_1_96' title="bbox 2180 3533 3745 3607">
    <p class='ocr_par' dir='ltr' id='par_1_96' title="bbox 2180 3533 3745 3607">
     <span class='ocr_line' id='line_1_96' title="bbox 2180 3533 3745 3607; baseline 0.001 -19"><span class='ocrx_word' id='word_1_772' title='bbox 2180 3535 2370 3589; x_wconf 83' lang='grc' dir='ltr'>πάλιν·</span> <span class='ocrx_word' id='word_1_773' title='bbox 2413 3556 2431 3586; x_wconf 79' lang='grc' dir='ltr'><strong>ι</strong></span> <span class='ocrx_word' id='word_1_774' title='bbox 2468 3537 2590 3589; x_wconf 71' lang='grc' dir='ltr'><strong>Ἐπὶ</strong></span> <span class='ocrx_word' id='word_1_775' title='bbox 2643 3536 2720 3607; x_wconf 82' lang='grc' dir='ltr'>τῷ</span> <span class='ocrx_word' id='word_1_776' title='bbox 2767 3537 2986 3607; x_wconf 87' lang='grc' dir='ltr'>ὀνόματι</span> <span class='ocrx_word' id='word_1_777' title='bbox 3035 3533 3196 3589; x_wconf 76' lang='grc' dir='ltr'>αὑτοῦ</span> <span class='ocrx_word' id='word_1_778' title='bbox 3244 3535 3366 3607; x_wconf 78' lang='grc' dir='ltr'>ἔθνη</span> <span class='ocrx_word' id='word_1_779' title='bbox 3415 3533 3690 3606; x_wconf 85' lang='grc' dir='ltr'>ἐλπιοῦσι,</span> <span class='ocrx_word' id='word_1_780' title='bbox 3723 3554 3745 3590; x_wconf 76' lang='grc' dir='ltr'><strong>ι</strong></span> 
     </span>
    </p>
   </div>
   <div class='ocr_carea' id='block_1_97' title="bbox 2180 3628 3754 3700">
    <p class='ocr_par' dir='ltr' id='par_1_97' title="bbox 2180 3628 3754 3700">
     <span class='ocr_line' id='line_1_97' title="bbox 2180 3628 3754 3700; baseline 0 -18"><span class='ocrx_word' id='word_1_781' title='bbox 2180 3629 2275 3682; x_wconf 74' lang='grc' dir='ltr'><strong>καὶ</strong></span> <span class='ocrx_word' id='word_1_782' title='bbox 2316 3631 2396 3692; x_wconf 83' lang='grc' dir='ltr'>εἰς</span> <span class='ocrx_word' id='word_1_783' title='bbox 2448 3629 2717 3700; x_wconf 88' lang='grc' dir='ltr'>σωτηρίαν</span> <span class='ocrx_word' id='word_1_784' title='bbox 2761 3629 3078 3700; x_wconf 83' lang='grc' dir='ltr'>δοθήσεσθαι</span> <span class='ocrx_word' id='word_1_785' title='bbox 3127 3629 3186 3681; x_wconf 78' lang='grc' dir='ltr'><strong>οῦ</strong></span> <span class='ocrx_word' id='word_1_786' title='bbox 3240 3628 3416 3698; x_wconf 88' lang='grc' dir='ltr'>μόνοις</span> <span class='ocrx_word' id='word_1_787' title='bbox 3450 3628 3754 3695; x_wconf 85' lang='grc' dir='ltr'>Ἰουδαίοις,</span> 
     </span>
    </p>
   </div>
   <div class='ocr_carea' id='block_1_98' title="bbox 2180 3714 3753 3789">
    <p class='ocr_par' dir='ltr' id='par_1_98' title="bbox 2180 3714 3753 3789">
     <span class='ocr_line' id='line_1_98' title="bbox 2180 3714 3753 3789; baseline -0.002 -18"><span class='ocrx_word' id='word_1_788' title='bbox 2180 3718 2315 3772; x_wconf 79' lang='grc' dir='ltr'>ἀλλὰ</span> <span class='ocrx_word' id='word_1_789' title='bbox 2367 3721 2460 3772; x_wconf 76' lang='grc' dir='ltr'><strong>καὶ</strong></span> <span class='ocrx_word' id='word_1_790' title='bbox 2501 3721 2663 3772; x_wconf 80' lang='grc' dir='ltr'>πᾶσιν</span> <span class='ocrx_word' id='word_1_791' title='bbox 2716 3717 3019 3789; x_wconf 84' lang='grc' dir='ltr'>ἀνθρώποις</span> <span class='ocrx_word' id='word_1_792' title='bbox 3064 3720 3176 3781; x_wconf 86' lang='grc' dir='ltr'>τοῖς</span> <span class='ocrx_word' id='word_1_793' title='bbox 3223 3717 3326 3780; x_wconf 80' lang='grc' dir='ltr'><strong>ἓως</strong></span> <span class='ocrx_word' id='word_1_794' title='bbox 3377 3717 3601 3787; x_wconf 77' lang='grc' dir='ltr'>ἐσχάτου</span> <span class='ocrx_word' id='word_1_795' title='bbox 3646 3714 3753 3787; x_wconf 84' lang='grc' dir='ltr'>τῆς</span> 
     </span>
    </p>
   </div>
   <div class='ocr_carea' id='block_1_99' title="bbox 2180 3806 3753 3880">
    <p class='ocr_par' dir='ltr' id='par_1_99' title="bbox 2180 3806 3753 3880">
     <span class='ocr_line' id='line_1_99' title="bbox 2180 3806 3753 3880; baseline -0.003 -17"><span class='ocrx_word' id='word_1_796' title='bbox 2180 3809 2314 3879; x_wconf 84' lang='grc' dir='ltr'>γῆς·</span> <span class='ocrx_word' id='word_1_797' title='bbox 2347 3809 2426 3862; x_wconf 75' lang='grc' dir='ltr'>διὸ</span> <span class='ocrx_word' id='word_1_798' title='bbox 2462 3810 2556 3863; x_wconf 62' lang='grc' dir='ltr'><strong>κα)⁵</strong></span> <span class='ocrx_word' id='word_1_799' title='bbox 2589 3811 2799 3880; x_wconf 81' lang='grc' dir='ltr'>εἴρηται</span> <span class='ocrx_word' id='word_1_800' title='bbox 2843 3808 2990 3879; x_wconf 80' lang='grc' dir='ltr'><strong>αὑτῷ</strong></span> <span class='ocrx_word' id='word_1_801' title='bbox 3023 3808 3129 3861; x_wconf 81' lang='grc' dir='ltr'><strong>ὑπὸ</strong></span> <span class='ocrx_word' id='word_1_802' title='bbox 3159 3807 3258 3860; x_wconf 88' lang='grc' dir='ltr'><strong>τοῦ</strong></span> <span class='ocrx_word' id='word_1_803' title='bbox 3293 3806 3753 3877; x_wconf 66' lang='grc' dir='ltr'>καταπέμψαντος</span> 
     </span>
    </p>
   </div>
   <div class='ocr_carea' id='block_1_100' title="bbox 2180 3899 3754 3972">
    <p class='ocr_par' dir='ltr' id='par_1_100' title="bbox 2180 3899 3754 3972">
     <span class='ocr_line' id='line_1_100' title="bbox 2180 3899 3754 3972; baseline -0.003 -17"><span class='ocrx_word' id='word_1_804' title='bbox 2180 3902 2340 3956; x_wconf 75' lang='grc' dir='ltr'>αὐτὸν</span> <span class='ocrx_word' id='word_1_805' title='bbox 2368 3902 2613 3972; x_wconf 86' lang='grc' dir='ltr'>Πατρός·</span> <span class='ocrx_word' id='word_1_806' title='bbox 2668 3922 2685 3952; x_wconf 80' lang='grc' dir='ltr'><strong>ι</strong></span> <span class='ocrx_word' id='word_1_807' title='bbox 2719 3900 2936 3954; x_wconf 82' lang='grc' dir='ltr'><strong>Ἐδωκὰ</strong></span> <span class='ocrx_word' id='word_1_808' title='bbox 2993 3917 3052 3952; x_wconf 91' lang='grc' dir='ltr'>σε</span> <span class='ocrx_word' id='word_1_809' title='bbox 3107 3901 3187 3962; x_wconf 90' lang='grc' dir='ltr'>είς</span> <span class='ocrx_word' id='word_1_810' title='bbox 3231 3899 3490 3970; x_wconf 80' lang='grc' dir='ltr'>διαθήκην</span> <span class='ocrx_word' id='word_1_811' title='bbox 3536 3899 3754 3967; x_wconf 83' lang='grc' dir='ltr'>γένους,</span> 
     </span>
    </p>
   </div>
   <div class='ocr_carea' id='block_1_101' title="bbox 2182 3991 3756 4064">
    <p class='ocr_par' dir='ltr' id='par_1_101' title="bbox 2182 3991 3756 4064">
     <span class='ocr_line' id='line_1_101' title="bbox 2182 3991 3756 4064; baseline -0.003 -16"><span class='ocrx_word' id='word_1_812' title='bbox 2182 3997 2259 4058; x_wconf 88' lang='grc' dir='ltr'>είς</span> <span class='ocrx_word' id='word_1_813' title='bbox 2291 3994 2406 4064; x_wconf 83' lang='grc' dir='ltr'>φῶς</span> <span class='ocrx_word' id='word_1_814' title='bbox 2448 3993 2636 4056; x_wconf 78' lang='grc' dir='ltr'>ἐθνῶν,</span> <span class='ocrx_word' id='word_1_815' title='bbox 2676 3991 2768 4046; x_wconf 86' lang='grc' dir='ltr'><strong>τοῦ</strong></span> <span class='ocrx_word' id='word_1_816' title='bbox 2804 3991 3140 4062; x_wconf 84' lang='grc' dir='ltr'>καταστῆσαι</span> <span class='ocrx_word' id='word_1_817' title='bbox 3173 3991 3269 4064; x_wconf 82' lang='grc' dir='ltr'><strong>τὴν</strong></span> <span class='ocrx_word' id='word_1_818' title='bbox 3315 3991 3440 4060; x_wconf 79' lang='grc' dir='ltr'>γῆν,</span> <span class='ocrx_word' id='word_1_819' title='bbox 3476 3991 3570 4044; x_wconf 75' lang='grc' dir='ltr'>καὶ</span> <span class='ocrx_word' id='word_1_820' title='bbox 3617 3991 3756 4062; x_wconf 85' lang='grc' dir='ltr'>κλη-</span> 
     </span>
    </p>
   </div>
   <div class='ocr_carea' id='block_1_102' title="bbox 2183 4081 3755 4155">
    <p class='ocr_par' dir='ltr' id='par_1_102' title="bbox 2183 4081 3755 4155">
     <span class='ocr_line' id='line_1_102' title="bbox 2183 4081 3755 4155; baseline -0.002 -18"><span class='ocrx_word' id='word_1_821' title='bbox 2183 4084 2477 4155; x_wconf 84' lang='grc' dir='ltr'>ρονομῆσαι</span> <span class='ocrx_word' id='word_1_822' title='bbox 2510 4081 2869 4155; x_wconf 85' lang='grc' dir='ltr'>κληρονομίας</span> <span class='ocrx_word' id='word_1_823' title='bbox 2895 4083 2992 4154; x_wconf 83' lang='grc' dir='ltr'><strong>ἐρή</strong></span> <span class='ocrx_word' id='word_1_824' title='bbox 3003 4099 3153 4153; x_wconf 92' lang='grc' dir='ltr'>μους.</span> <span class='ocrx_word' id='word_1_825' title='bbox 3175 4101 3192 4133; x_wconf 73' lang='grc' dir='ltr'><strong>ι</strong></span> <span class='ocrx_word' id='word_1_826' title='bbox 3217 4081 3526 4154; x_wconf 80' lang='grc' dir='ltr'>Μαρτύριον</span> <span class='ocrx_word' id='word_1_827' title='bbox 3558 4081 3614 4134; x_wconf 85' lang='grc' dir='ltr'>δὲ</span> <span class='ocrx_word' id='word_1_828' title='bbox 3638 4083 3755 4146; x_wconf 77' lang='grc' dir='ltr'>τοῖς</span> 
     </span>
    </p>
   </div>
   <div class='ocr_carea' id='block_1_103' title="bbox 2181 4174 3754 4246">
    <p class='ocr_par' dir='ltr' id='par_1_103' title="bbox 2181 4174 3754 4246">
     <span class='ocr_line' id='line_1_103' title="bbox 2181 4174 3754 4246; baseline 0.001 -18"><span class='ocrx_word' id='word_1_829' title='bbox 2181 4174 2357 4229; x_wconf 75' lang='grc' dir='ltr'>ἔθνεσί</span> <span class='ocrx_word' id='word_1_830' title='bbox 2395 4192 2577 4246; x_wconf 85' lang='grc' dir='ltr'>φησιν,</span> <span class='ocrx_word' id='word_1_831' title='bbox 2613 4175 2751 4228; x_wconf 82' lang='grc' dir='ltr'>ὥστε</span> <span class='ocrx_word' id='word_1_832' title='bbox 2787 4174 2964 4228; x_wconf 84' lang='grc' dir='ltr'>πάντα</span> <span class='ocrx_word' id='word_1_833' title='bbox 3009 4175 3079 4228; x_wconf 79' lang='grc' dir='ltr'><strong>τὰ</strong></span> <span class='ocrx_word' id='word_1_834' title='bbox 3120 4174 3246 4244; x_wconf 80' lang='grc' dir='ltr'>ἔθνη</span> <span class='ocrx_word' id='word_1_835' title='bbox 3277 4175 3345 4228; x_wconf 79' lang='grc' dir='ltr'>τὰ</span> <span class='ocrx_word' id='word_1_836' title='bbox 3378 4175 3645 4246; x_wconf 76' lang='grc' dir='ltr'>μηδέποτέ</span> <span class='ocrx_word' id='word_1_837' title='bbox 3693 4190 3754 4230; x_wconf 83' lang='grc' dir='ltr'>τι.</span> 
     </span>
    </p>
   </div>
   <div class='ocr_carea' id='block_1_104' title="bbox 2180 4263 3753 4340">
    <p class='ocr_par' dir='ltr' id='par_1_104' title="bbox 2180 4263 3753 4340">
     <span class='ocr_line' id='line_1_104' title="bbox 2180 4263 3753 4340; baseline -0.001 -19"><span class='ocrx_word' id='word_1_838' title='bbox 2180 4268 2311 4340; x_wconf 76' lang='grc' dir='ltr'>περὶ</span> <span class='ocrx_word' id='word_1_839' title='bbox 2340 4265 2571 4339; x_wconf 78' lang='grc' dir='ltr'>Χριστοῦ</span> <span class='ocrx_word' id='word_1_840' title='bbox 2605 4267 2960 4339; x_wconf 87' lang='grc' dir='ltr'>μεμαθηκότα</span> <span class='ocrx_word' id='word_1_841' title='bbox 2980 4307 2994 4331; x_wconf 91' lang='grc'>,</span> <span class='ocrx_word' id='word_1_842' title='bbox 3059 4266 3252 4336; x_wconf 88' lang='grc' dir='ltr'>γνόντα</span> <span class='ocrx_word' id='word_1_843' title='bbox 3284 4267 3381 4338; x_wconf 82' lang='grc' dir='ltr'><strong>τὴν</strong></span> <span class='ocrx_word' id='word_1_844' title='bbox 3427 4267 3555 4338; x_wconf 82' lang='grc' dir='ltr'>περὶ</span> <span class='ocrx_word' id='word_1_845' title='bbox 3582 4263 3753 4320; x_wconf 80' lang='grc' dir='ltr'>αὑτοῦ</span> 
     </span>
    </p>
   </div>
   <div class='ocr_carea' id='block_1_105' title="bbox 2181 4355 3755 4431">
    <p class='ocr_par' dir='ltr' id='par_1_105' title="bbox 2181 4355 3755 4431">
     <span class='ocr_line' id='line_1_105' title="bbox 2181 4355 3755 4431; baseline -0.003 -17"><span class='ocrx_word' id='word_1_846' title='bbox 2181 4360 2508 4431; x_wconf 83' lang='grc' dir='ltr'>οίκονομίαν,</span> <span class='ocrx_word' id='word_1_847' title='bbox 2534 4361 2626 4413; x_wconf 58' lang='grc' dir='ltr'><strong>καὶ⁸</strong></span> <span class='ocrx_word' id='word_1_848' title='bbox 2659 4360 2742 4423; x_wconf 90' lang='grc' dir='ltr'>τίς</span> <span class='ocrx_word' id='word_1_849' title='bbox 2777 4355 2843 4431; x_wconf 81' lang='grc' dir='ltr'><strong>ἦν</strong></span> <span class='ocrx_word' id='word_1_850' title='bbox 2873 4361 2930 4413; x_wconf 84' lang='grc' dir='ltr'><strong>ἐν</strong></span> <span class='ocrx_word' id='word_1_851' title='bbox 2965 4357 3110 4430; x_wconf 81' lang='grc' dir='ltr'><strong>αὑτῷ</strong></span> <span class='ocrx_word' id='word_1_852' title='bbox 3141 4357 3387 4428; x_wconf 75' lang='grc' dir='ltr'>δύναμις,</span> <span class='ocrx_word' id='word_1_853' title='bbox 3419 4357 3755 4411; x_wconf 85' lang='grc' dir='ltr'>ἐπικαλέσα-</span> 
     </span>
    </p>
   </div>
   <div class='ocr_carea' id='block_1_106' title="bbox 2187 4443 3757 4519">
    <p class='ocr_par' dir='ltr' id='par_1_106' title="bbox 2187 4443 3757 4519">
     <span class='ocr_line' id='line_1_106' title="bbox 2187 4443 3757 4519; baseline -0.004 -17"><span class='ocrx_word' id='word_1_854' title='bbox 2187 4449 2307 4504; x_wconf 91' lang='grc' dir='ltr'>σθαι</span> <span class='ocrx_word' id='word_1_855' title='bbox 2347 4449 2537 4512; x_wconf 78' lang='grc' dir='ltr'>αὺτδν,</span> <span class='ocrx_word' id='word_1_856' title='bbox 2584 4449 2677 4502; x_wconf 63' lang='grc' dir='ltr'><strong>καί⁸</strong></span> <span class='ocrx_word' id='word_1_857' title='bbox 2721 4448 2847 4511; x_wconf 82' lang='grc' dir='ltr'>τοὺς</span> <span class='ocrx_word' id='word_1_858' title='bbox 2881 4447 2954 4519; x_wconf 82' lang='grc' dir='ltr'>μὴ</span> <span class='ocrx_word' id='word_1_859' title='bbox 3011 4447 3176 4501; x_wconf 79' lang='grc' dir='ltr'>πάλαι</span> <span class='ocrx_word' id='word_1_860' title='bbox 3228 4446 3490 4518; x_wconf 88' lang='grc' dir='ltr'>πρότερον</span> <span class='ocrx_word' id='word_1_861' title='bbox 3544 4443 3757 4507; x_wconf 79' lang='grc' dir='ltr'>εἰδότας</span> 
     </span>
    </p>
   </div>
   <div class='ocr_carea' id='block_1_107' title="bbox 2117 4523 3760 4608">
    <p class='ocr_par' dir='ltr' id='par_1_107' title="bbox 2117 4523 3760 4608">
     <span class='ocr_line' id='line_1_107' title="bbox 2117 4523 3760 4608; baseline -0.005 -11"><span class='ocrx_word' id='word_1_862' title='bbox 2117 4523 2160 4576; x_wconf 79' lang='lat' dir='ltr'><strong>D</strong></span> <span class='ocrx_word' id='word_1_863' title='bbox 2189 4543 2350 4596; x_wconf 76' lang='grc' dir='ltr'>αὐτὸν</span> <span class='ocrx_word' id='word_1_864' title='bbox 2374 4542 2532 4605; x_wconf 72' lang='grc' dir='ltr'>λαοὺς</span> <span class='ocrx_word' id='word_1_865' title='bbox 2565 4543 2650 4594; x_wconf 80' lang='grc' dir='ltr'><strong>ἐπ’</strong></span> <span class='ocrx_word' id='word_1_866' title='bbox 2684 4541 2842 4594; x_wconf 76' lang='grc' dir='ltr'>αὑτὸν</span> <span class='ocrx_word' id='word_1_867' title='bbox 2872 4538 3328 4608; x_wconf 79' lang='grc' dir='ltr'><strong>καταφεύξασθαι.</strong></span> <span class='ocrx_word' id='word_1_868' title='bbox 3354 4539 3461 4590; x_wconf 76' lang='grc' dir='ltr'><strong>Καὶ</strong></span> <span class='ocrx_word' id='word_1_869' title='bbox 3492 4535 3554 4590; x_wconf 60' lang='grc' dir='ltr'><strong>τίο</strong></span> <span class='ocrx_word' id='word_1_870' title='bbox 3577 4553 3643 4606; x_wconf 89' lang='grc' dir='ltr'>με</span> <span class='ocrx_word' id='word_1_871' title='bbox 3670 4535 3760 4589; x_wconf 80' lang='grc' dir='ltr'>δεῖ</span> 
     </span>
    </p>
   </div>
   <div class='ocr_carea' id='block_1_108' title="bbox 2190 4629 3763 4707">
    <p class='ocr_par' dir='ltr' id='par_1_108' title="bbox 2190 4629 3763 4707">
     <span class='ocr_line' id='line_1_108' title="bbox 2190 4629 3763 4707; baseline -0.003 -19"><span class='ocrx_word' id='word_1_872' title='bbox 2190 4635 2447 4707; x_wconf 78' lang='grc' dir='ltr'>μηκύνειν</span> <span class='ocrx_word' id='word_1_873' title='bbox 2485 4635 2572 4687; x_wconf 80' lang='grc' dir='ltr'><strong>τὸν</strong></span> <span class='ocrx_word' id='word_1_874' title='bbox 2615 4634 2769 4702; x_wconf 83' lang='grc' dir='ltr'>λόγον</span> <span class='ocrx_word' id='word_1_875' title='bbox 2790 4675 2804 4697; x_wconf 91' lang='grc'>,</span> <span class='ocrx_word' id='word_1_876' title='bbox 2838 4632 3008 4705; x_wconf 76' lang='grc' dir='ltr'>παρὸν</span> <span class='ocrx_word' id='word_1_877' title='bbox 3049 4632 3106 4695; x_wconf 77' lang='grc' dir='ltr'><strong>ἐξ</strong></span> <span class='ocrx_word' id='word_1_878' title='bbox 3139 4630 3315 4684; x_wconf 81' lang='grc' dir='ltr'>αὐτῶν</span> <span class='ocrx_word' id='word_1_879' title='bbox 3346 4629 3452 4683; x_wconf 87' lang='grc' dir='ltr'>τῶν</span> <span class='ocrx_word' id='word_1_880' title='bbox 3487 4645 3763 4700; x_wconf 81' lang='grc' dir='ltr'>προφητι-</span> 
     </span>
    </p>
   </div>
   <div class='ocr_carea' id='block_1_109' title="bbox 2186 4714 3760 4796">
    <p class='ocr_par' dir='ltr' id='par_1_109' title="bbox 2186 4714 3760 4796">
     <span class='ocr_line' id='line_1_109' title="bbox 2186 4714 3760 4796; baseline -0.008 -14"><span class='ocrx_word' id='word_1_881' title='bbox 2186 4726 2297 4782; x_wconf 87' lang='grc' dir='ltr'>κῶν</span> <span class='ocrx_word' id='word_1_882' title='bbox 2320 4726 2534 4790; x_wconf 80' lang='grc' dir='ltr'>λέξεων,</span> <span class='ocrx_word' id='word_1_883' title='bbox 2569 4719 2644 4779; x_wconf 84' lang='grc' dir='ltr'><strong>ὧν</strong></span> <span class='ocrx_word' id='word_1_884' title='bbox 2676 4742 2734 4778; x_wconf 88' lang='grc' dir='ltr'><strong>τε</strong></span> <span class='ocrx_word' id='word_1_885' title='bbox 2765 4723 3180 4796; x_wconf 85' lang='grc' dir='ltr'>παρατέθειμαι,</span> <span class='ocrx_word' id='word_1_886' title='bbox 3206 4722 3300 4775; x_wconf 72' lang='grc' dir='ltr'><strong>καὶ</strong></span> <span class='ocrx_word' id='word_1_887' title='bbox 3327 4714 3400 4773; x_wconf 83' lang='grc' dir='ltr'><strong>ὧν</strong></span> <span class='ocrx_word' id='word_1_888' title='bbox 3433 4720 3525 4773; x_wconf 82' lang='grc' dir='ltr'>ὲπ⁶ι</span> <span class='ocrx_word' id='word_1_889' title='bbox 3557 4717 3760 4791; x_wconf 84' lang='grc' dir='ltr'>σχολῆς</span> 
     </span>
    </p>
   </div>
   <div class='ocr_carea' id='block_1_110' title="bbox 2189 4801 3757 4891">
    <p class='ocr_par' dir='ltr' id='par_1_110' title="bbox 2189 4801 3757 4891">
     <span class='ocr_line' id='line_1_110' title="bbox 2189 4801 3757 4891; baseline -0.006 -21"><span class='ocrx_word' id='word_1_890' title='bbox 2189 4801 2576 4891; x_wconf 76' lang='grc' dir='ltr'>μνημονὲύσω,</span> <span class='ocrx_word' id='word_1_891' title='bbox 2625 4819 2682 4869; x_wconf 81' lang='grc' dir='ltr'><strong>ἐν</strong></span> <span class='ocrx_word' id='word_1_892' title='bbox 2731 4819 2850 4878; x_wconf 83' lang='grc' dir='ltr'>ταῖς</span> <span class='ocrx_word' id='word_1_893' title='bbox 2896 4814 3066 4877; x_wconf 88' lang='grc' dir='ltr'>θείαις</span> <span class='ocrx_word' id='word_1_894' title='bbox 3124 4812 3434 4884; x_wconf 83' lang='grc' dir='ltr'>φερομένων</span> <span class='ocrx_word' id='word_1_895' title='bbox 3477 4811 3757 4881; x_wconf 74' lang='grc' dir='ltr'><strong>Γραιριιῖς⁹</strong></span> 
     </span>
    </p>
   </div>
   <div class='ocr_carea' id='block_1_111' title="bbox 2185 4899 3759 4983">
    <p class='ocr_par' dir='ltr' id='par_1_111' title="bbox 2185 4899 3759 4983">
     <span class='ocr_line' id='line_1_111' title="bbox 2185 4899 3759 4983; baseline -0.006 -17"><span class='ocrx_word' id='word_1_896' title='bbox 2185 4913 2290 4983; x_wconf 76' lang='grc' dir='ltr'><strong>ὅτῳ</strong></span> <span class='ocrx_word' id='word_1_897' title='bbox 2324 4911 2472 4982; x_wconf 81' lang='grc' dir='ltr'>φίλον</span> <span class='ocrx_word' id='word_1_898' title='bbox 2505 4908 2862 4974; x_wconf 81' lang='grc' dir='ltr'>ἀναλέξασθαι</span> <span class='ocrx_word' id='word_1_899' title='bbox 2892 4908 2988 4971; x_wconf 76' lang='grc' dir='ltr'>τὰς</span> <span class='ocrx_word' id='word_1_900' title='bbox 3033 4905 3376 4978; x_wconf 82' lang='grc' dir='ltr'>προφητικὰς</span> <span class='ocrx_word' id='word_1_901' title='bbox 3412 4903 3615 4973; x_wconf 82' lang='grc' dir='ltr'>φωνὰς,</span> <span class='ocrx_word' id='word_1_902' title='bbox 3646 4899 3759 4958; x_wconf 84' lang='grc' dir='ltr'><strong>αὐ-</strong></span> 
     </span>
    </p>
   </div>
   <div class='ocr_carea' id='block_1_112' title="bbox 2183 4993 3757 5068">
    <p class='ocr_par' dir='ltr' id='par_1_112' title="bbox 2183 4993 3757 5068">
     <span class='ocr_line' id='line_1_112' title="bbox 2183 4993 3757 5068; baseline -0.004 -16"><span class='ocrx_word' id='word_1_903' title='bbox 2183 4999 2334 5052; x_wconf 87' lang='grc' dir='ltr'>τόθεν</span> <span class='ocrx_word' id='word_1_904' title='bbox 2369 4998 2749 5066; x_wconf 79' lang='grc' dir='ltr'><strong>κατασιγάζειν</strong></span> <span class='ocrx_word' id='word_1_905' title='bbox 2784 4999 2907 5060; x_wconf 81' lang='grc' dir='ltr'>τοὺς</span> <span class='ocrx_word' id='word_1_906' title='bbox 2959 4997 3022 5048; x_wconf 85' lang='grc' dir='ltr'>ἐκ</span> <span class='ocrx_word' id='word_1_907' title='bbox 3067 4995 3397 5068; x_wconf 84' lang='grc' dir='ltr'>περιτομῆς,</span> <span class='ocrx_word' id='word_1_908' title='bbox 3445 4993 3757 5062; x_wconf 82' lang='grc' dir='ltr'>φάσκοντας</span> 
     </span>
    </p>
   </div>
   <div class='ocr_carea' id='block_1_113' title="bbox 2187 5084 3754 5160">
    <p class='ocr_par' dir='ltr' id='par_1_113' title="bbox 2187 5084 3754 5160">
     <span class='ocr_line' id='line_1_113' title="bbox 2187 5084 3754 5160; baseline -0.003 -16"><span class='ocrx_word' id='word_1_909' title='bbox 2187 5091 2366 5160; x_wconf 92' lang='grc' dir='ltr'>μόνοις</span> <span class='ocrx_word' id='word_1_910' title='bbox 2396 5091 2575 5153; x_wconf 66' lang='grc' dir='ltr'>αὐτοῖς</span> <span class='ocrx_word' id='word_1_911' title='bbox 2617 5090 2714 5152; x_wconf 83' lang='grc' dir='ltr'>τὰς</span> <span class='ocrx_word' id='word_1_912' title='bbox 2749 5087 3076 5157; x_wconf 81' lang='grc' dir='ltr'>ἐπαγγελίας</span> <span class='ocrx_word' id='word_1_913' title='bbox 3114 5086 3207 5140; x_wconf 90' lang='grc' dir='ltr'>τοῦ</span> <span class='ocrx_word' id='word_1_914' title='bbox 3235 5085 3368 5139; x_wconf 90' lang='grc' dir='ltr'>Θεοῦ</span> <span class='ocrx_word' id='word_1_915' title='bbox 3394 5084 3754 5157; x_wconf 81' lang='grc' dir='ltr'>δεδωρῆσθαι,</span> 
     </span>
    </p>
   </div>
   <div class='ocr_carea' id='block_1_114' title="bbox 2185 5171 3756 5252">
    <p class='ocr_par' dir='ltr' id='par_1_114' title="bbox 2185 5171 3756 5252">
     <span class='ocr_line' id='line_1_114' title="bbox 2185 5171 3756 5252; baseline -0.001 -20"><span class='ocrx_word' id='word_1_916' title='bbox 2185 5182 2328 5252; x_wconf 78' lang='grc' dir='ltr'>ἡμᾶς</span> <span class='ocrx_word' id='word_1_917' title='bbox 2349 5179 2424 5243; x_wconf 83' lang='grc' dir='ltr'><strong>δέ,</strong></span> <span class='ocrx_word' id='word_1_918' title='bbox 2451 5181 2574 5244; x_wconf 75' lang='grc' dir='ltr'>τοὺς</span> <span class='ocrx_word' id='word_1_919' title='bbox 2595 5179 2701 5232; x_wconf 84' lang='grc' dir='ltr'>ἀπὸ</span> <span class='ocrx_word' id='word_1_920' title='bbox 2720 5179 2825 5232; x_wconf 91' lang='grc' dir='ltr'>τῶν</span> <span class='ocrx_word' id='word_1_921' title='bbox 2847 5179 3035 5242; x_wconf 79' lang='grc' dir='ltr'>ἐθνῶν,</span> <span class='ocrx_word' id='word_1_922' title='bbox 3062 5178 3344 5248; x_wconf 84' lang='grc' dir='ltr'>περιττοὺς</span> <span class='ocrx_word' id='word_1_923' title='bbox 3361 5171 3519 5240; x_wconf 75' lang='grc' dir='ltr'>εἶναι,</span> <span class='ocrx_word' id='word_1_924' title='bbox 3535 5175 3628 5230; x_wconf 68' lang='grc' dir='ltr'>καὶ</span> <span class='ocrx_word' id='word_1_925' title='bbox 3639 5175 3756 5230; x_wconf 88' lang='grc' dir='ltr'><strong>τῶν</strong></span> 
     </span>
    </p>
   </div>
   <div class='ocr_carea' id='block_1_115' title="bbox 2185 5265 3761 5342">
    <p class='ocr_par' dir='ltr' id='par_1_115' title="bbox 2185 5265 3761 5342">
     <span class='ocr_line' id='line_1_115' title="bbox 2185 5265 3761 5342; baseline -0.003 -18"><span class='ocrx_word' id='word_1_926' title='bbox 2185 5270 2344 5324; x_wconf 88' lang='grc' dir='ltr'>θείων</span> <span class='ocrx_word' id='word_1_927' title='bbox 2377 5271 2718 5342; x_wconf 84' lang='grc' dir='ltr'>ὑποσχέσεων</span> <span class='ocrx_word' id='word_1_928' title='bbox 2765 5269 3076 5340; x_wconf 82' lang='grc' dir='ltr'>ἀλλοτρίους</span> <span class='ocrx_word' id='word_1_929' title='bbox 3097 5285 3112 5334; x_wconf 88' lang='grc'>;</span> <span class='ocrx_word' id='word_1_930' title='bbox 3135 5266 3408 5320; x_wconf 81' lang='grc' dir='ltr'>Δέδεικται</span> <span class='ocrx_word' id='word_1_931' title='bbox 3443 5266 3550 5336; x_wconf 84' lang='grc' dir='ltr'><strong>γὰρ</strong></span> <span class='ocrx_word' id='word_1_932' title='bbox 3576 5265 3761 5336; x_wconf 74' lang='grc' dir='ltr'>ἔμπα-</span> 
     </span>
    </p>
   </div>
   <div class='ocr_carea' id='block_1_116' title="bbox 2183 5355 3758 5431">
    <p class='ocr_par' dir='ltr' id='par_1_116' title="bbox 2183 5355 3758 5431">
     <span class='ocr_line' id='line_1_116' title="bbox 2183 5355 3758 5431; baseline -0.003 -16"><span class='ocrx_word' id='word_1_933' title='bbox 2183 5361 2286 5426; x_wconf 82' lang='grc' dir='ltr'>λιν,</span> <span class='ocrx_word' id='word_1_934' title='bbox 2317 5362 2390 5425; x_wconf 84' lang='grc' dir='ltr'><strong>ὡς</strong></span> <span class='ocrx_word' id='word_1_935' title='bbox 2419 5363 2738 5415; x_wconf 82' lang='grc' dir='ltr'>τεθέσπιστο</span> <span class='ocrx_word' id='word_1_936' title='bbox 2766 5359 2837 5412; x_wconf 76' lang='grc' dir='ltr'>τὰ</span> <span class='ocrx_word' id='word_1_937' title='bbox 2866 5360 2962 5431; x_wconf 82' lang='grc' dir='ltr'>μὲν</span> <span class='ocrx_word' id='word_1_938' title='bbox 3006 5358 3132 5431; x_wconf 77' lang='grc' dir='ltr'>ἔθνη</span> <span class='ocrx_word' id='word_1_939' title='bbox 3177 5357 3351 5411; x_wconf 83' lang='grc' dir='ltr'>πάντα</span> <span class='ocrx_word' id='word_1_940' title='bbox 3380 5357 3478 5428; x_wconf 81' lang='grc' dir='ltr'><strong>τῆς</strong></span> <span class='ocrx_word' id='word_1_941' title='bbox 3515 5355 3758 5427; x_wconf 81' lang='grc' dir='ltr'>Χριστοῦ</span> 
     </span>
    </p>
   </div>
   <div class='ocr_carea' id='block_1_117' title="bbox 2184 5447 3761 5526">
    <p class='ocr_par' dir='ltr' id='par_1_117' title="bbox 2184 5447 3761 5526">
     <span class='ocr_line' id='line_1_117' title="bbox 2184 5447 3761 5526; baseline -0.006 -18"><span class='ocrx_word' id='word_1_942' title='bbox 2184 5453 2484 5526; x_wconf 86' lang='grc' dir='ltr'>παρουσίας</span> <span class='ocrx_word' id='word_1_943' title='bbox 2505 5452 2861 5519; x_wconf 78' lang='grc' dir='ltr'>ἀπολαύσειν,</span> <span class='ocrx_word' id='word_1_944' title='bbox 2891 5453 2958 5506; x_wconf 78' lang='grc' dir='ltr'>τὰ</span> <span class='ocrx_word' id='word_1_945' title='bbox 2983 5451 3024 5504; x_wconf 72' lang='grc' dir='ltr'><strong>δ’</strong></span> <span class='ocrx_word' id='word_1_946' title='bbox 3059 5449 3322 5504; x_wconf 84' lang='grc' dir='ltr'><strong>Ἰουδαίων</strong></span> <span class='ocrx_word' id='word_1_947' title='bbox 3339 5448 3515 5519; x_wconf 74' lang='grc' dir='ltr'>πλήθη</span> <span class='ocrx_word' id='word_1_948' title='bbox 3547 5447 3761 5499; x_wconf 82' lang='grc' dir='ltr'>ἀποπε-</span> 
     </span>
    </p>
   </div>
   <div class='ocr_carea' id='block_1_118' title="bbox 2185 5537 3759 5618">
    <p class='ocr_par' dir='ltr' id='par_1_118' title="bbox 2185 5537 3759 5618">
     <span class='ocr_line' id='line_1_118' title="bbox 2185 5537 3759 5618; baseline -0.006 -16"><span class='ocrx_word' id='word_1_949' title='bbox 2185 5549 2392 5602; x_wconf 84' lang='grc' dir='ltr'>σεῖσθαι</span> <span class='ocrx_word' id='word_1_950' title='bbox 2417 5548 2514 5618; x_wconf 76' lang='grc' dir='ltr'><strong>τῆς</strong></span> <span class='ocrx_word' id='word_1_951' title='bbox 2549 5546 2682 5618; x_wconf 81' lang='grc' dir='ltr'>πρὸς</span> <span class='ocrx_word' id='word_1_952' title='bbox 2708 5547 2832 5610; x_wconf 80' lang='grc' dir='ltr'>τοὺς</span> <span class='ocrx_word' id='word_1_953' title='bbox 2867 5545 3043 5599; x_wconf 76' lang='grc' dir='ltr'>αὐτῶν</span> <span class='ocrx_word' id='word_1_954' title='bbox 3075 5543 3372 5614; x_wconf 85' lang='grc' dir='ltr'>προγόνους</span> <span class='ocrx_word' id='word_1_955' title='bbox 3403 5537 3759 5608; x_wconf 69' lang='grc' dir='ltr'>ἐπαγγελίας,</span> 
     </span>
    </p>
   </div>
   <div class='ocr_carea' id='block_1_119' title="bbox 613 5651 2079 5733">
    <p class='ocr_par' dir='ltr' id='par_1_119' title="bbox 613 5651 2079 5731">
     <span class='ocr_line' id='line_1_119' title="bbox 613 5651 2079 5731; baseline 0.009 -26"><span class='ocrx_word' id='word_1_956' title='bbox 613 5651 818 5708; x_wconf 82' lang='lat' dir='ltr'><strong>“Psal.</strong></span> <span class='ocrx_word' id='word_1_957' title='bbox 850 5667 1016 5717; x_wconf 81' lang='lat' dir='ltr'><strong>xcvn,</strong></span> <span class='ocrx_word' id='word_1_958' title='bbox 1049 5654 1102 5707; x_wconf 75' lang='lat'><strong>2.</strong></span> <span class='ocrx_word' id='word_1_959' title='bbox 1149 5656 1186 5686; x_wconf 85' lang='grc'>¹¹</span> <span class='ocrx_word' id='word_1_960' title='bbox 1215 5656 1383 5713; x_wconf 82' lang='lat' dir='ltr'><strong>Levit.</strong></span> <span class='ocrx_word' id='word_1_961' title='bbox 1429 5674 1578 5722; x_wconf 76' lang='lat' dir='ltr'><strong>xxvi,</strong></span> <span class='ocrx_word' id='word_1_962' title='bbox 1607 5659 1704 5727; x_wconf 73' lang='lat'><strong>12;</strong></span> <span class='ocrx_word' id='word_1_963' title='bbox 1751 5660 1789 5716; x_wconf 94' lang='lat' dir='ltr'><strong>ll</strong></span> <span class='ocrx_word' id='word_1_964' title='bbox 1820 5663 1943 5720; x_wconf 85' lang='lat' dir='ltr'><strong>Cor.</strong></span> <span class='ocrx_word' id='word_1_965' title='bbox 1973 5679 2048 5731; x_wconf 82' lang='lat' dir='ltr'><strong>vi,</strong></span> <span class='ocrx_word' id='word_1_966' title='bbox 2077 5685 2079 5702; x_wconf 74' lang='grc' dir='ltr'><strong>ι</strong></span> 
     </span>
    </p>
   </div>
   <div class='ocr_carea' id='block_1_120' title="bbox 2182 5651 3755 5733">
    <p class='ocr_par' dir='ltr' id='par_1_120' title="bbox 2182 5654 3755 5733">
     <span class='ocr_line' id='line_1_120' title="bbox 2182 5654 3755 5733; baseline -0.003 -14"><span class='ocrx_word' id='word_1_967' title='bbox 2182 5665 2220 5698; x_wconf 84' lang='grc' dir='ltr'><strong>ι²</strong></span> <span class='ocrx_word' id='word_1_968' title='bbox 2259 5665 2485 5721; x_wconf 83' lang='lat' dir='ltr'><strong>Zachar.</strong></span> <span class='ocrx_word' id='word_1_969' title='bbox 2521 5681 2579 5733; x_wconf 90' lang='grc' dir='ltr'><strong>ιι,</strong></span> <span class='ocrx_word' id='word_1_970' title='bbox 2608 5664 2793 5728; x_wconf 80' lang='grc' dir='ltr'><strong>10,Η.</strong></span> <span class='ocrx_word' id='word_1_971' title='bbox 2839 5661 3200 5728; x_wconf 67' lang='grc' dir='ltr'>¹³Οεε.ιι,ἳ4.</span> <span class='ocrx_word' id='word_1_972' title='bbox 3240 5661 3282 5693; x_wconf 62' lang='grc' dir='ltr'>ιδ</span> <span class='ocrx_word' id='word_1_973' title='bbox 3313 5657 3416 5716; x_wconf 87' lang='lat' dir='ltr'><strong>Isa.</strong></span> <span class='ocrx_word' id='word_1_974' title='bbox 3438 5672 3584 5723; x_wconf 67' lang='grc' dir='ltr'>χιιι,</span> <span class='ocrx_word' id='word_1_975' title='bbox 3608 5654 3666 5722; x_wconf 84' lang='grc'>6,</span> <span class='ocrx_word' id='word_1_976' title='bbox 3693 5654 3755 5714; x_wconf 66' lang='lat'><strong>8.</strong></span> 
     </span>
    </p>
   </div>
   <div class='ocr_carea' id='block_1_121' title="bbox 603 5762 1610 5840">
    <p class='ocr_par' dir='ltr' id='par_1_121' title="bbox 603 5762 1610 5840">
     <span class='ocr_line' id='line_1_121' title="bbox 603 5762 1610 5840; baseline 0.007 -20"><span class='ocrx_word' id='word_1_977' title='bbox 603 5766 681 5840; x_wconf 84' lang='grc' dir='ltr'><strong>(Ι)</strong></span> <span class='ocrx_word' id='word_1_978' title='bbox 719 5762 877 5823; x_wconf 64' lang='grc' dir='ltr'>οῖιδκ</span> <span class='ocrx_word' id='word_1_979' title='bbox 906 5768 1068 5826; x_wconf 88' lang='lat' dir='ltr'><strong>Forte</strong></span> <span class='ocrx_word' id='word_1_980' title='bbox 1095 5772 1211 5826; x_wconf 79' lang='grc' dir='ltr'><strong>οὐκ.</strong></span> <span class='ocrx_word' id='word_1_981' title='bbox 1244 5769 1402 5831; x_wconf 77' lang='lat' dir='ltr'><strong>Enn.</strong></span> <span class='ocrx_word' id='word_1_982' title='bbox 1440 5773 1610 5829; x_wconf 70' lang='lat' dir='ltr'><strong>Pun.</strong></span> 
     </span>
    </p>
   </div>
  </div>
