2034 3103
90 2547 160 2570 υοεωι
186 2547 219 2562 αν
240 2547 417 2572 εγενηυημεν,
437 2547 483 2565 και
496 2547 533 2570 ως
553 2547 676 2575 ιομορρα
693 2548 725 2566 αν
742 2547 880 2575 ωμοιωυη-
934 2547 1052 2568 Sodoma
1074 2547 1137 2568 lactt
1151 2549 1285 2580 essemus,
1304 2547 1330 2570 et
1351 2547 1420 2569 Sicut
1443 2547 1594 2569 humori-na
1613 2547 1717 2571 suutles

129 2614 149 2629 "
167 2615 245 2641 llom.
262 2622 299 2647 Ix,
319 2615 410 2643 21-21).
453 2617 472 2632 ¹⁶
484 2616 561 2644 Rom.
584 2625 621 2649 XI,
641 2618 695 2644 1-5.
738 2619 758 2634 ¹⁷
775 2618 826 2646 Isa.
841 2627 858 2646 ι.
878 2620 903 2647 9.
947 2620 966 2636 ιδ
979 2619 1044 2647 ibid.
1059 2619 1114 2647 7-9.
1696 2582 1972 3103 I
1998 2547 2034 3103 Ι

90 0 181 7 νισι-ιιι
199 0 237 8 vis
258 0 297 7 .vy
314 0 428 8 -ψ-ιιιιυυ
443 0 488 8 oso-
508 0 608 8 amna-vr
628 0 702 8 nme
722 0 764 8 una
773 0 878 8 ..ψυχογ-

173 0 181 7 ν
199 0 237 11 νη
258 0 297 7 nn
314 0 428 16 ..ιι-ιη...

508 0 608 17 ...νην
628 0 688 17 ,ινφ
695 0 702 7 ,
722 0 764 8 ..η

91 35 156 58 των,
175 26 223 52 καὶ
237 26 282 53 διὰ
303 27 380 53 τοῦτο
395 27 443 62 τῆς
463 27 670 62 ἐπηγγελμένης
692 28 878 63 πνευματικῆς

91 72 307 109 ἀπολυτρώσεως
321 74 356 99 δι’
370 74 451 100 αὐτοῦ
467 74 635 109 τευξομένων
646 83 652 89 ·
675 75 738 110 περὶ
753 71 789 100 ὧν
804 75 849 101 καὶ
865 76 878 101 ό

92 117 243 152 Θαυμάσιος
260 118 417 150 Ἀπόστολος
424 119 612 153 διδάσκειπου,
627 120 728 154 λέγων·
745 130 753 145 ι
766 120 878 151 Ἡσαΐας

92 164 118 189 δὲ
135 165 284 199 κραυγάζει
310 165 379 200 ὑπὲρ
398 165 444 192 τοῦ
467 166 591 201 Ἰσραὴλ-
616 166 678 192 Ἐὰν
733 167 746 192 ὁ
763 166 878 202 ἀριθμὸς

92 210 147 236 τῶν
176 210 241 236 υἱῶν
266 211 374 246 Ἰσραὴλ
395 211 431 243 ὡς
459 213 476 247 ἡ
498 212 588 247 ἄμμος
611 213 659 247 τῆς
678 212 824 247 Θαλάσσης,
849 213 880 239 τὸ

94 257 250 292 ὑπόλειμμα
266 257 415 293 σωθήσεται
427 267 433 273 ·
449 257 526 292 λόγον
541 259 594 294 γὰρ
610 259 742 285 συντελῶν
757 260 803 285 καὶ
816 268 874 285 συν-

93 305 200 339 τέμνων
229 305 259 330 ἐν
288 304 460 340 δικαιοσύνῃ·
481 305 523 330 ὅτι
553 304 630 338 λόγον
665 305 878 340 συντετμημένον

92 352 201 385 ποιήσει
223 349 323 385 Κύριος
347 350 392 376 ἐπὶ
413 351 462 385 τῆς
484 351 545 385 γῆς.
566 351 621 377 Καὶ
643 351 733 382 καθὼς
751 352 879 386 προεῖπεν

97 397 229 428 Ἡσαΐαςθ
247 397 277 424 Εἰ
298 397 334 432 μὴ
350 396 451 432 Κύριος
478 396 589 423 Σαϐαὼο
614 398 791 431 ἐγκατέλιπεν
814 398 879 432 ἡμῖν

93 443 217 478 σπέρμα,
233 443 270 474 ὡς
284 443 387 477 Σόδομα
400 443 432 469 ἂν
449 442 563 478 ἐγενήθη
568 452 629 478 μεν,
641 444 687 469 καὶ
703 444 740 473 ὡς
754 443 879 478 Γόμορρα

91 489 123 515 ἃν
132 488 324 524 ὡμοιώθημεν.
337 499 346 514 ι
357 486 404 519 Οἷς
416 488 474 524 μεθ’
482 488 562 523 ἕτερα
571 489 696 524 ἐπιφέρει
706 489 800 523 λέγων·
812 499 820 514 ι
834 489 879 525 Μὴ

91 534 250 562 ἁπὼσατοὸ
267 534 331 566 Θεὸς
352 534 396 561 τὸν
413 535 476 561 λαὸν
500 535 599 567 αὐτοῦς
627 535 663 570 μὴ
687 536 803 569 γένοιτοῐ
825 536 879 561 Καὶ

91 582 145 618 γὰρ
158 581 215 616 ἐγὼ
239 582 406 618 Ἰσραηλίτης
429 582 486 616 εἰμὶ
509 583 540 608 ὲκ
563 582 718 617 σπέρματος
745 582 878 617 Ἀϐραὰμ,

929 0 962 9 νυ
983 0 1109 17 byn-vanu;
1138 0 1315 12 υοοιιιιιιιιιυι.
1332 0 1548 16 υυγυιηιιιιιιιυυ
1571 0 1712 15 ειμυιυυιει

930 32 1011 62 atque
1026 34 1041 53 a
1052 27 1151 54 divinis
1161 27 1403 61 pollicitationibus
1416 27 1519 55 alienos
1531 28 1662 56 exsistere
1676 38 1683 55 ε
1699 36 1715 56 e

930 74 1067 100 contrario
1089 74 1162 100 enim
1183 78 1322 100 ostensum
1338 77 1389 104 est,
1408 73 1638 108 quemadmodum
1655 82 1714 101 ora-

930 120 999 147 culis
1017 119 1144 146 traditum
1169 120 1215 151 sit,
1241 127 1336 146 omnes
1361 123 1454 152 gentes
1473 119 1590 146 adventu
1614 120 1715 148 Christi

931 165 1073 197 fruiturus,
1089 170 1115 193 et
1142 165 1298 193 Judazorum
1318 166 1453 200 ingentem
1472 174 1614 193 numerum
1639 166 1716 194 abea

931 213 1121 247 promissione,
1138 219 1198 246 qua:
1213 211 1245 238 ad
1271 211 1390 245 majores
1413 212 1532 246 ipsorum
1562 212 1634 239 edita
1662 216 1715 244 est.

931 263 1039 293 propter
1055 258 1176 292 ipsorum
1203 265 1266 292 erga
1284 256 1422 284 Christum
1447 258 1638 292 pervicaciam,
1654 265 1716 285 esse

931 312 1070 331 casurum.
1088 303 1194 330 Paucos
1210 311 1273 330 vero
1289 311 1384 330 eorum
1403 303 1536 330 duntaxat
1551 304 1576 329 in
1594 303 1717 330 Salvato—

930 357 985 376 rem
1004 354 1030 376 et
1047 348 1190 374 Dominum
1212 352 1337 375 nostrum
1357 348 1520 377 credituros.
1533 353 1560 374 et
1588 347 1640 374 hac
1656 347 1716 382 ipsa

931 403 959 422 rc
973 394 1136 429 promissam
1154 394 1302 428 spiritalem
1320 394 1532 428 redelnpti0uem
1551 398 1717 420 consecutu-

931 450 986 470 ros.
1000 441 1036 468 De
1049 441 1150 476 quibus
1162 449 1227 468 sane
1244 441 1353 468 divinus
1366 449 1475 476 quoque
1488 440 1637 475 Apostolus
1653 447 1718 474 quo-

930 487 992 514 dam
1018 488 1078 514 Ioco
1103 487 1139 514 ita
1163 487 1283 514 scribit:
1303 496 1311 512 ‹
1335 486 1419 514 Isaias
1451 490 1540 513 autem
1557 487 1655 513 clamat
1668 493 1717 520 pro

932 532 1014 561 Israel
1031 543 1037 560 :
1057 533 1084 560 Si
1110 533 1191 560 fuerit
1211 541 1340 560 numerus
1353 533 1469 560 filiorum
1485 533 1569 560 Israel
1585 536 1717 567 tanquam

932 587 1013 606 arena
1042 579 1136 610 maris,
1156 578 1276 613 reliquize
1299 579 1380 606 salva:
1407 579 1480 606 Iient.
1497 576 1615 606 Verbum
1644 578 1717 606 enim

92 627 176 662 φυλῆς
189 628 326 663 Βενιαμίν.
339 629 394 654 Οὐκ
405 627 533 654 ἀπώσατο
546 629 559 654 ὁ
571 627 636 659 Θεὸς
649 628 694 654 τὸν
711 628 772 654 λαὺν
787 627 877 659 αὐτοῦ,

933 623 1087 658 perfieicns,
1100 628 1126 651 et
1142 623 1309 651 contrahens
1322 624 1348 651 in
1364 625 1491 659 aequitate
1507 634 1513 651 :
1528 625 1591 658 quia
1604 624 1716 652 verbum

91 674 120 701 ὃν
133 674 278 710 προέγνωι
291 674 307 708 ἢ
320 674 370 700 οὐκ
386 673 474 700 οἴδατε
489 674 518 699 ὲν
531 674 608 710 Ἠλίᾳ.
619 674 644 700 τί
660 674 733 708 λέγει
746 675 762 709 ή
773 674 878 709 Γραφὴ,

91 720 127 752 ὥς
148 720 310 755 ἐντυγχάνει
332 719 371 754 τῷ
394 719 468 755 Θεῷ,
484 719 570 754 λέγων
593 720 657 755 περὶ
680 720 725 746 τοῦ
758 720 878 756 Ἰσραήλ·

92 765 189 801 Κύριε,
209 766 273 797 τοὺς
294 766 435 801 προφήτας
460 774 506 791 σου
532 766 714 798 ἀπέκτειναν,
736 766 770 792 τὰ
789 766 881 793 ουσια-

92 812 193 847 στήριά
218 820 267 838 σου
292 811 481 847 κατέσκαψαν
509 811 585 845 κάγὼ
606 811 770 847 ὑπελείφθην
791 812 879 847 μόνος,

91 857 137 884 καὶ
152 857 267 893 ζητοῦσι
284 858 333 894 τὴν
347 858 434 893 ψυχήν
447 867 508 893 μου,
523 858 571 884 τοῦ
582 857 674 884 λαϐεῖν
691 858 783 893 αὐτὴν.
802 858 879 884 Ἀλλὰ

91 902 116 930 τί
132 902 207 936 λέγει
229 904 244 929 ό
266 904 472 939 χρηματισμός;
497 903 648 929 Κατέλιπον
671 903 781 938 ἐμαυτῴ
799 904 880 930 ἐπτα-

90 949 241 984 κισχιλίους
254 949 362 985 ἄνδρας,
373 950 469 981 οἵτινες
480 950 529 976 οὐκ
540 949 665 984 ἔκαμψαν
677 950 741 982 γόνυ
753 951 784 984 τῇ
796 950 877 977 Βάαλ.

89 995 185 1027 Οὕτως
199 993 246 1022 οὖν
264 996 310 1022 καὶ
328 997 356 1022 εν
372 995 410 1031 τῷ
424 996 470 1023 νῦν
487 996 576 1032 καιρῷ
597 996 699 1031 λεῖμμα
714 995 783 1022 κατὰ
803 996 879 1022 ἐκλο-

89 1042 142 1076 γὴν
158 1042 270 1077 χάριτος
283 1040 404 1075 γέγονεν.
418 1051 427 1067 ι
444 1041 492 1067 Διὰ
507 1041 606 1067 τούτων
620 1041 674 1077 γὰρ
688 1041 702 1066 ὁ
721 1041 891 1074 Ἀπόστολος,

91 1086 196 1121 σαφῶς,
207 1086 253 1112 ἐπὶ
264 1088 296 1122 τῇ
306 1086 354 1113 τοῦ
368 1087 466 1118 παντὸς
474 1087 606 1113 Ἰουδαίων
621 1086 879 1118 ἕθνουςὰποπτώσει

91 1131 189 1158 ἑαυτὸν
206 1139 254 1158 και
268 1132 332 1163 τοὺς
346 1132 420 1167 αὐτῷ
446 1133 651 1168 παραπλησίους
673 1133 837 1165 ἀποστόλους
849 1142 878 1159 τε

89 1177 138 1203 καὶ
163 1177 359 1211 εὐαγγελιστὰς
382 1177 428 1204 τοῦ
456 1178 581 1213 Σωτῆρος
605 1177 700 1212 ἡμῶν,
725 1178 827 1209 πάντας
849 1186 878 1204 τε

88 1223 155 1254 τοὺς
167 1222 207 1248 ἔτι
220 1222 266 1248 καὶ
279 1221 327 1248 νῦν
339 1221 370 1254 ἐξ
383 1222 516 1249 Ἰουδαίων
530 1224 569 1255 εἰς
584 1223 629 1249 τὸν
642 1224 757 1258 Χριστὸν
770 1223 879 1249 πιστεύ-

93 1276 204 1300 σαντας,
219 1268 249 1294 τὸ
262 1269 371 1304 σπέρμα
385 1266 454 1294 εἶναι
473 1268 608 1303 διασαφεῖ,
628 1269 658 1295 τὸ
679 1270 731 1296 ὑπὸ
753 1270 799 1296 τοῦ
813 1279 879 1305 προ-

931 668 1100 695 contractius
1118 668 1197 696 faciet
1217 669 1348 696 Dominus
1366 670 1392 696 in
1410 674 1493 696 terra.
1511 669 1543 696 ι-ῖι
1559 671 1630 697 sicut
1649 677 1718 704 prae-

930 714 998 741 dixit
1012 713 1096 742 Isaias
1113 724 1119 741 :
1135 714 1191 742 Nisi
1208 714 1339 743 Dominus
1359 715 1479 742 Sabaoth
1496 716 1651 750 reliquisset
1667 723 1715 743 no-

931 759 972 786 bis
984 767 1088 791 semen,
1104 760 1182 793 qnasi
1212 760 1330 787 Sodoma
1352 760 1418 787 facti
1445 768 1580 792 essemus,
1593 765 1620 788 et
1646 762 1718 789 sicut

931 804 1081 832 Gomorrha
1094 805 1199 832 similes
1216 806 1364 833 fuissemus
1375 807 1398 822 ’⁵
1412 817 1417 834 :
1440 816 1449 832 ι
1468 807 1566 841 quibus
1577 811 1637 841 post
1651 808 1716 840 alia,

931 849 987 877 haec
1004 858 1112 886 quoque
1128 851 1272 886 adjungit:
1289 861 1298 877 ι
1316 851 1443 887 Nunquid
1466 852 1537 879 Deus
1558 853 1656 887 repulit
1669 861 1717 889 po-

930 897 1022 930 pulum
1046 898 1146 924 suum?
1161 897 1241 925 absit.
1260 897 1327 924 Nam
1341 902 1368 925 et
1389 906 1439 932 ego
1455 898 1576 926 Israelita
1592 907 1662 930 sum,
1683 907 1715 927 ex

930 943 1033 969 semine
1045 942 1194 976 Abraham,
1207 944 1279 970 tribu
1291 943 1442 978 Benjamin.
1457 944 1516 971 Non
1533 945 1632 979 repulit
1645 945 1717 974 Deus

930 988 1059 1022 populum
1073 996 1162 1019 suum.
1175 996 1254 1023 quem
1265 990 1401 1023 prmscivit
1413 999 1419 1016 :
1430 989 1471 1016 An
1489 991 1600 1017 nescitis
1616 990 1642 1017 in
1659 990 1717 1018 Elia

930 1032 996 1067 quid
1020 1033 1094 1060 dicat
1119 1035 1280 1068 Scriptura?
1306 1035 1534 1069 quemadmodum
1565 1036 1717 1071 inlerpellat

931 1078 1026 1111 Deum,
1044 1079 1138 1107 dicens
1155 1081 1188 1108 de
1213 1081 1295 1109 Israel
1315 1091 1320 1108 :
1339 1081 1462 1113 Domine.
1482 1082 1629 1117 prophetas
1655 1086 1719 1111 tuos

930 1126 1103 1158 occiderunt,
1120 1127 1217 1154 altaria
1234 1131 1280 1154 tua
1298 1128 1480 1162 snll'oderunt,
1496 1133 1523 1155 et
1544 1136 1594 1163 ego
1606 1128 1719 1156 relictus

930 1180 990 1199 sum
1002 1173 1088 1205 solus,
1101 1178 1127 1200 et
1143 1180 1268 1208 quaerunt
1287 1174 1406 1201 animam
1432 1182 1530 1205 meam,
1548 1178 1576 1200 ut
1593 1175 1717 1201 auferant

928 1227 987 1247 eam
1006 1229 1012 1246 :
1030 1219 1077 1246 sed
1095 1220 1159 1255 quid
1184 1219 1250 1246 dicit
1276 1227 1438 1254 responsum
1456 1219 1602 1247 divinum?
1620 1221 1716 1256 reliqui

929 1266 995 1292 mihi
1014 1266 1064 1300 ipsi
1081 1271 1184 1300 septem
1207 1266 1293 1293 millia
1308 1267 1439 1297 virorum,
1453 1267 1499 1301 qui
1517 1275 1572 1294 non
1584 1276 1716 1296 curvave-

91 1316 180 1350 ᾳήτοο
191 1315 389 1350 ὠνομασμένον,
406 1316 475 1342 κατὰ
483 1315 522 1342 τό’
536 1326 544 1341 ι
558 1316 588 1342 El
601 1316 637 1351 μὴ
650 1316 751 1352 Κύριος
764 1316 874 1342 Σαϐαὼθ

930 1315 1067 1346 runtgenu
1082 1316 1144 1339 ante
1159 1311 1231 1338 Baal.
1248 1311 1292 1339 Sic
1306 1320 1369 1347 ergo
1384 1317 1410 1339 et
1422 1313 1448 1339 in
1458 1313 1509 1340 hoc
1519 1319 1638 1349 tempore
1654 1315 1717 1342 reli~
1758 1335 1763 1342 .

89 1360 274 1394 ἐγκατέλιπεν
288 1361 350 1395 ἡμῖν
363 1361 473 1396 σπέρμα
483 1369 489 1375 -
508 1371 516 1385 ι
536 1360 614 1386 τοῦτο
627 1361 656 1387 δὲ
670 1359 739 1388 εἶναι
755 1362 802 1388 καὶ
810 1361 839 1387 τὸ
848 1362 875 1387 ἐν

90 1408 157 1438 ταῖς
174 1405 278 1438 λοιπαῖς
292 1407 465 1442 προφητείαις
479 1406 642 1442 δηλούμενον
659 1407 814 1442 ὑπόλειμμα
829 1407 875 1434 τοῦ

91 1450 208 1482 παντὸς,
217 1451 283 1486 ὅπερ
293 1451 357 1487 φησὶ
368 1452 425 1478 κατ’
442 1451 556 1486 ἐκλογὴν
570 1450 679 1486 χάριτος
697 1451 875 1486 πεςευλάχθαι.

90 1495 162 1532 Περὶ
177 1492 209 1522 οὗ
224 1495 432 1531 ὑπολείμματος,
452 1496 517 1531 φέρε
531 1495 621 1526 πάλιν,
638 1495 667 1521 τὸ
683 1495 736 1521 ἀπὸ
747 1495 799 1521 τῶν
812 1503 878 1530 προ-

91 1542 186 1578 φητῶν
199 1542 408 1577 ἐξαπλὼσωμεν,
423 1542 459 1574 ὡς
472 1542 504 1569 ἂν
516 1543 669 1578 παρασταίη
682 1542 725 1568 διὰ
737 1542 877 1571 πλειόνων,

89 1588 130 1614 ὅτι
144 1587 182 1623 μὴ
200 1587 360 1622 ἀδιακρίτως
374 1586 455 1612 παντὶ
469 1586 507 1621 τῷ
527 1586 659 1612 Ἰουδαίων
677 1586 747 1612 ἔθνει
768 1586 816 1621 τὴν
831 1585 876 1612 τοῦ

90 1632 210 1668 Χριστοῦ
240 1631 390 1667 παρουσίαν
411 1634 541 1667 σωτήριον
568 1632 674 1658 ἔσεσθαι
708 1632 841 1667 ὑπέσχετο
864 1632 878 1657 ἧ

91 1678 167 1710 θεὸς,
176 1677 234 1704 ἀλλ’
242 1677 343 1711 ὀλίγοις
357 1678 403 1704 καὶ
415 1678 511 1713 κομιδῆ
528 1679 649 1709 σπανίοις
657 1679 711 1709 τοῖς
722 1679 761 1708 εἰς
769 1678 814 1704 τὸν
823 1678 878 1703 Σω-

91 1722 161 1759 τῆρα
178 1724 226 1749 καὶ
237 1722 337 1758 Κύριον
350 1723 429 1758 ἡμῶν
442 1724 660 1755 πεπιστευκόσιν,
676 1723 816 1758 ὼσπεροῦν
833 1724 879 1749 καὶ

90 1769 121 1795 τδ
131 1768 213 1805 ἔργον
222 1768 374 1801 ἀκολούθως
383 1770 440 1800 ταῖς
455 1770 637 1804 προρρήσεσιν
652 1769 877 1804 ἐπηκολούθησεν.

928 1356 998 1390 quize
1014 1356 1163 1383 secundum
1181 1357 1341 1384 electionem
1360 1358 1453 1393 gratia:
1478 1358 1557 1386 factm
1576 1364 1641 1387 sunt
1653 1360 1685 1387 '°.
1703 1369 1714 1387 ι

928 1402 981 1437 63
999 1402 1046 1429 llis
1062 1403 1134 1430 enim
1150 1403 1239 1431 verbis
1252 1404 1399 1438 Apostolus
1412 1405 1491 1439 plane
1506 1405 1532 1432 in
1557 1405 1616 1440 ipso
1632 1406 1715 1434 totius

928 1448 1048 1475 Judaieae
1063 1450 1150 1484 gentis
1165 1458 1241 1481 casu,
1256 1451 1375 1485 seipsum
1387 1455 1412 1478 et
1429 1452 1478 1479 sibi
1493 1452 1605 1484 similes,
1621 1451 1717 1479 Salva-

928 1496 996 1522 toris
1012 1496 1098 1522 nostri
1119 1504 1180 1522 cum
1210 1497 1357 1530 apostolos,
1377 1501 1433 1523 tum
1451 1498 1642 1532 evangelistas,
1656 1506 1716 1525 om-

928 1551 1031 1577 nesque
1042 1544 1088 1577 qui
1100 1551 1134 1570 ex
1149 1542 1251 1571 Iudaeis
1279 1544 1361 1570 eliam
1377 1552 1450 1572 nunc
1463 1545 1495 1571 ad
1511 1545 1650 1573 Christum
1667 1554 1715 1573 ac-

928 1588 1040 1620 cedunt,
1057 1597 1147 1615 semen
1160 1597 1221 1616 esse
1237 1589 1303 1615 illud
1315 1589 1445 1621 declarat,
1458 1591 1530 1625 quod
1548 1593 1716 1620 nominatum

929 1639 971 1661 est
988 1642 1001 1660 a
1017 1635 1147 1669 propheta
1168 1636 1199 1667 ¹⁷,
1216 1636 1259 1662 ubi
1276 1636 1313 1662 ait
1328 1645 1334 1663 ε
1353 1646 1361 1662 ι
1376 1636 1433 1664 Nisi
1447 1637 1576 1665 Dominus
1596 1638 1715 1665 Sabaoth

929 1681 1093 1715 reliquisset,
1124 1682 1202 1709 nobis
1227 1690 1336 1715 semen;
1367 1692 1375 1708 ι
1399 1683 1503 1717 hocque
1531 1683 1619 1717 ipsum
1644 1691 1715 1717 esse,

929 1727 1001 1761 quod
1024 1727 1051 1753 in
1078 1727 1190 1761 reliquis
1216 1728 1281 1755 item
1304 1727 1453 1762 prophetiis
1469 1728 1647 1763 signiﬁcatur,
1666 1737 1716 1757 no-

932 1771 1004 1799 mine
1020 1772 1195 1807 reliquiarum
1209 1774 1302 1805 totius,
1324 1781 1392 1808 quas
1412 1774 1478 1800 dicit
1497 1774 1647 1801 secundum
1660 1774 1715 1802 ele-

93 1818 211 1844 ctionem
225 1817 318 1852 gratiae
332 1821 454 1845 servatas
470 1825 539 1845 esse.
558 1817 596 1844 De
611 1817 710 1852 quibus
725 1825 791 1844 sane
806 1818 940 1853 reliquiis,
955 1827 1004 1854 age
1020 1827 1128 1853 rursus,
1145 1828 1205 1855 quae
1228 1820 1347 1848 dixerint
1364 1821 1512 1856 prophetae,
1537 1821 1619 1849 latius
1638 1829 1716 1850 exse-

92 1871 219 1897 quamur,
231 1867 260 1891 ut
274 1864 398 1899 pluribus
415 1864 471 1898 jam
488 1868 605 1896 constet,
624 1871 678 1891 non
694 1864 819 1892 absolute
832 1865 966 1893 universa:
985 1865 1141 1893 Judmorum
1157 1866 1271 1899 nationi,
1289 1866 1392 1894 Christi
1406 1866 1553 1894 adventum
1569 1867 1715 1894 salutarem

92 1909 214 1937 futurum
230 1911 378 1946 pollicitum
393 1918 452 1938 esse
470 1910 565 1943 Deum,
584 1912 630 1939 sed
647 1912 741 1947 paucis
753 1920 858 1943 eorum,
871 1917 952 1948 atque
967 1914 1112 1941 admodum
1129 1914 1209 1947 raris,
1229 1914 1263 1942 iis
1283 1915 1420 1946 videlicet,
1437 1914 1482 1949 qui
1495 1915 1522 1941 in
1536 1914 1714 1947 Salvatorem,

90 1958 120 1982 α
132 1954 277 1984 Dominum
301 1962 423 1984 nostrum
438 1957 603 1985 crediderint
619 1968 625 1985 :
651 1958 880 1993 quemadmodum
900 1964 927 1987 et
943 1968 986 1988 res
1007 1961 1076 1996 ipsa,
1094 1961 1162 1996 ipsis
1180 1962 1406 1997 praadictionibus
1422 1966 1607 1989 consentanea
1624 1962 1715 1989 decla-

91 2004 175 2033 lavit.

365 2053 560 2079 ΚΕΦΑΛΑΙΟΝ
575 2054 612 2080 Δ’.
894 2058 915 2084 D

91 2094 163 2157 Δεῖ.
181 2095 250 2123 Ἀπὸ
266 2097 319 2124 τοῦ
343 2098 471 2125 Ἡσαΐου.
490 2100 549 2125 Ὅτι
563 2099 605 2133 μὴ
621 2101 663 2132 εἰς
676 2099 737 2127 πᾶν
758 2101 789 2127 τὸ
813 2102 873 2128 Ἰουι

145 2131 221 2157 ϐίων
234 2131 331 2157 ἓθνορ-
349 2133 417 2157 ἀλλ’
430 2135 473 2157 εἶτ*
487 2134 607 2157 ἁλίη-θυι*
622 2135 720 2157 αὐτῶν
731 2135 825 2157 ﬁniam;
841 2137 873 2157 nl

145 2131 221 2171 illa»:
234 2131 331 2171 ἔθνος,
349 2133 417 2160 ἀλλ’
430 2135 473 2171 ei;
487 2131 607 2168 ὀλίγους
622 2131 720 2162 αὐτῶν
731 2135 826 2171 διήκει
841 2137 878 2163 τὰ

126 2167 190 2192 τῶν
204 2167 290 2193 θείων
302 2168 495 2203 ἐπαγγελιῶν.

130 2220 141 2237 ι
162 2211 196 2237 Ἦ
219 2212 255 2246 γῆ
274 2212 350 2247 ὑμῶν
366 2214 477 2250 ἕρημος,
494 2216 521 2242 αἱ
543 2216 633 2247 πόλεις
649 2215 725 2251 ὑμῶν
744 2217 877 2252 πυρίκαυ-

93 2265 162 2284 ατοι·
181 2257 230 2293 τὴν
246 2257 337 2294 χώραν
351 2260 437 2295 ὑμῶν,
447 2261 559 2288 ἐνώπιον
575 2262 650 2297 ὑμῶν
660 2262 794 2299 ἀλλότριοι
808 2272 874 2289 κατ-

90 2304 228 2331 εσθίουσιν
259 2307 365 2343 αὐτὴν,
394 2309 440 2335 καὶ
472 2310 617 2345 ἠρήμωται
647 2313 875 2348 κατεστραμμένη

92 2350 147 2377 ὑπὸ
162 2350 234 2378 λαῶν
247 2352 403 2389 ἀλλοτρίων.
420 2355 737 2393 Ἐγκαταλειφθήσεταιή
754 2357 877 2393 Θυγάτηρ

90 2396 174 2427 Σιὼν,
187 2397 226 2429 ὡς
239 2399 323 2434 σκηνὴ
339 2400 366 2426 ὲν
380 2400 529 2435 ἀμπελῶνι,
543 2403 590 2428 καὶ
605 2402 642 2434 ὡς
654 2404 875 2439 όπωροφυλάκιον

90 2445 120 2470 ἐν
144 2445 312 2480 σικυηράτῳ,
329 2445 366 2478 ὡς
382 2447 458 2479 πόλις
481 2448 704 2485 πολιορκουμένη.
724 2451 779 2476 Καὶ
795 2452 818 2476 εἰ
840 2450 877 2485 μὴ

91 2490 195 2526 Κύριος
212 2490 324 2518 Σαϐαὼο
346 2493 520 2526 ἐγκατέλιπεν
542 2495 607 2530 ἡμῖν
635 2496 754 2531 σπέρμα,
776 2496 813 2528 ὡς
832 2497 878 2523 Σό-

90 2535 160 2570 ὂοεια
186 2535 219 2562 ἂν
240 2535 417 2572 ἐγενήθημεν,
437 2539 483 2565 καὶ
496 2539 533 2570 ὡς
553 2539 676 2575 Γόμορρα
693 2539 725 2566 ἂν
742 2539 880 2575 ὡμοιώθη-

129 2614 149 2629 ¹¹
167 2615 245 2641 llom.
262 2622 299 2647 Ix,
319 2615 410 2643 21-21).

453 2617 472 2632 ¹⁶
484 2616 561 2644 Rom.
584 2625 621 2649 XI,
641 2618 695 2644 1-5.
738 2619 758 2634 ¹⁷
775 2618 826 2646 Isa.
841 2627 858 2646 ι.
878 2620 903 2647 9.

1232 2055 1345 2083 CAPUT
1370 2055 1413 2083 IV.

931 2101 1050 2129 XXXVI.
1068 2101 1106 2128 Ab
1130 2101 1215 2128 Isaia.
1233 2116 1269 2122 ---
1289 2101 1365 2133 Quod
1397 2110 1447 2128 non
1481 2103 1507 2128 in
1534 2109 1634 2128 omnem
1664 2101 1715 2128 Ju-

966 2137 1070 2163 daicam
1090 2142 1205 2171 gentem,
1225 2136 1269 2163 sed
1299 2138 1326 2164 in
1349 2144 1444 2166 paucas
1461 2145 1548 2163 eorum
1572 2137 1714 2170 duntaxat,

965 2173 1113 2199 divinorum
1130 2173 1319 2206 promissorum
1332 2177 1421 2198 eventa
1434 2174 1603 2206 pervenerint.

968 2228 976 2244 ι
1000 2218 1085 2245 Terra
1100 2222 1191 2245 vestra
1206 2218 1324 2250 deserta,
1343 2218 1470 2245 civitates
1486 2222 1583 2245 vestra:
1600 2225 1715 2245 succen-

931 2273 968 2292 sa:
989 2265 1065 2300 igni:
1092 2264 1228 2298 regionem
1255 2268 1384 2295 vestram,
1401 2265 1427 2291 in
1453 2267 1599 2299 conspectu
1624 2268 1715 2290 vestro

932 2311 1010 2337 alieni
1027 2310 1157 2337 devorant
1174 2314 1220 2337 :et
1233 2310 1340 2337 deserta
1355 2314 1406 2341 est,
1419 2318 1480 2337 cum
1496 2309 1626 2337 subversa
1647 2310 1682 2336 sit
1698 2317 1713 2336 a

931 2357 1037 2391 populis
1053 2356 1158 2383 alienis.
1175 2355 1354 2391 Relinquetur
1370 2356 1423 2382 lilia
1437 2355 1514 2388 Sion,
1528 2358 1556 2382 ut
1570 2355 1716 2383 umbracu-

930 2403 985 2429 lum
1011 2403 1038 2429 in
1062 2403 1140 2430 vinea
1156 2423 1163 2434 ,
1189 2407 1214 2429 et
1234 2406 1362 2438 tanquam
1384 2402 1520 2429 fructuum
1542 2401 1666 2429 custodia
1687 2401 1716 2429 in

931 2450 1128 2481 cucumerario,
1145 2453 1274 2484 tanquam
1294 2449 1388 2477 civitas
1404 2449 1430 2475 in
1447 2448 1597 2476 obsidione.
1611 2447 1643 2475 Et
1663 2449 1714 2476 nisi

934 2495 1063 2522 Dominus
1088 2494 1206 2522 Sabaoth
1226 2495 1380 2531 reliquisset
1404 2494 1482 2521 nobis
1504 2502 1607 2528 semen,
1637 2494 1715 2531 quasi

934 2541 1052 2568 Sodoma
1074 2540 1137 2568 facti
1151 2549 1285 2580 essemus,
1304 2546 1330 2570 et
1351 2541 1420 2569 sicut
1443 2540 1594 2569 Gomorrha
1613 2542 1717 2571 similes

947 2620 966 2636 ¹⁸
979 2619 1044 2647 ibid.
1059 2619 1114 2647 7-9.
