3974 6208
555 315 653 378 12³1

1188 315 1475 389 [EUSEBII
1502 314 1978 372 CAESARlENSIS
2013 310 2162 371 OPP.
2204 311 2383 368 PARS
2419 308 2487 371 il.
2523 344 2595 356 —-
2630 308 3132 368 APOLOGETICA.

3670 314 3775 372 ηδ

550 438 845 495 fuissemus
872 429 935 493 “.
977 453 998 489 ι
1032 432 1330 490 Exordiens
1353 448 1582 505 magnus
1620 434 1944 508 divinusque
1986 446 2111 506 pro-

2217 453 2367 507 μεν.»
2400 432 2724 504 Ἀρχόμενος
2770 433 2800 484 ὁ
2830 431 3005 502 μέγας
3031 431 3127 485 καὶ
3159 428 3455 501 θαυμάσιος
3490 434 3778 508 προφήτης

551 530 713 602 pheta
757 541 919 585 suum
968 540 1126 597 opus,
1167 525 1399 596 primum
1452 526 1611 582 docet
1652 527 2107 597 quemadmodum

551 623 865 677 universum
906 632 1019 674 suae
1062 617 1360 689 prophetiae
1403 620 1770 690 propositum,
1794 620 1927 674 nihil
1960 619 2109 673 aliud

548 712 811 774 continet,
846 725 1007 780 quam
1062 710 1326 765 visionem
1356 717 1411 766 et
1441 711 1952 781 contemplationem
1984 724 2105 781 qua:

551 801 756 857 feratur
815 811 1004 856 contra
1067 799 1305 855 Iudaeam
1337 842 1352 867 ,
1404 810 1459 857 et
1513 808 1705 856 contra
1750 800 2048 857 Jerusalem
2091 818 2105 855 :

549 891 742 947 deinde
769 900 1021 946 cunctam
1043 890 1352 946 Iudaeorum
1377 892 1649 948 nationem
1675 894 1971 964 redarguit,
1998 893 2110 963 pri—

549 998 696 1037 mum
744 983 860 1038 haec
897 983 1125 1039 dicens:
1161 1001 1179 1034 ι
1218 983 1452 1053 Agnovit
1488 984 1587 1039 hos
1630 1000 2026 1055 possessorem,
2056 993 2110 1041 et

550 1073 739 1131 asinus
785 1091 1022 1147 praesepe
1056 1074 1267 1129 Domini
1308 1076 1428 1141 sui;
1460 1075 1627 1131 Israel
1676 1087 1855 1133 autem
1887 1094 1974 1134 me
2000 1093 2108 1133 non

551 1168 790 1238 agnovit,
825 1174 878 1221 et
908 1166 1138 1236 p0pulus
1164 1182 1272 1221 non
1303 1167 1571 1223 intellexit
1603 1170 1668 1222 ¹⁹.
1709 1188 1728 1221 ι
1763 1169 1964 1225 Deinde
1995 1171 2112 1224 uni-

549 1272 761 1314 versam
819 1267 1031 1327 gentem
1084 1257 1396 1328 deplorans,
1439 1258 1683 1330 adjungit
1718 1279 1731 1315 :
1779 1278 1800 1312 ι
1840 1258 1931 1316 Van
1963 1262 2110 1332 genti

548 1350 860 1421 peccatrici,
921 1349 1117 1418 populo
1175 1350 1332 1419 pleno
1380 1351 1874 1421 peccatis,semini
1922 1368 2107 1422 pravo,

549 1440 676 1496 filiis
706 1440 907 1510 iniquis
930 1442 998 1495 ὀ.
1035 1461 1054 1492 ι
1090 1440 1251 1498 Hisce
1272 1442 1426 1497 initio
1454 1441 1634 1512 operis
1656 1444 1745 1498 ubi
1774 1452 1965 1499 contra
1990 1444 2112 1500 illos

549 1546 683 1587 usus
711 1540 796 1587 est
837 1532 1329 1603 ohjnrgationihus,
1357 1542 1411 1588 et
1440 1535 1722 1605 proposuit
1755 1538 1952 1592 causas
1991 1536 2112 1605 ejus

547 1625 808 1690 vaticinii,
830 1624 973 1695 quod
992 1635 1181 1681 contra
1199 1627 1317 1681 illos
1341 1626 1563 1689 feratur,
1584 1634 1697 1682 tum
1723 1627 1935 1682 initium
1963 1629 2110 1693 facit,

548 1714 734 1772 dicens
766 1757 779 1770 .
808 1735 827 1767 ι
860 1715 1025 1771 Terra
1050 1706 1230 1774 vestra
1250 1720 1483 1783 deserta,
1511 1734 1666 1790 equae
1695 1727 1875 1774 tamen
1896 1720 2113 1776 deserta

2206 528 2305 598 τῆς
2330 526 2535 589 οἰκείας
2565 523 2769 595 βίϐλου,
2802 522 2900 595 τὴν
2927 524 3107 577 πᾶσαν
3136 524 3235 595 τῆς
3266 524 3597 596 προφητείας
3636 527 3778 581 ὑπό-

2208 618 2373 681 θεσιν,
2408 615 2546 672 κατὰ
2571 617 2670 687 τῆς
2704 615 2964 679 ἰουδαίας
2991 615 3084 668 καὶ
3111 614 3251 669 κατὰ
3281 615 3381 686 τῆς
3423 616 3779 690 Ἰερουσαλὴμ

2206 710 2395 781 ὅρασιν
2440 708 2533 761 καὶ
2574 704 2806 776 θεωρίαν
2852 705 3122 777 περιέχειν
3166 705 3432 759 διδάσκει·
3485 704 3671 759 ἔπειτα
3711 707 3778 760 τδ

2208 801 2315 852 πᾶν
2362 797 2626 851 Ἰουδαίων
2670 796 2819 860 ἔθνος
2859 795 3169 866 ἀπελέγχει,
3214 794 3403 866 πρῶτα
3452 796 3549 866 μὲν
3578 796 3774 867 λέγων

2215 909 2234 942 ι
2260 890 2442 958 Ἔγνω
2472 887 2597 959 βοῦς
2638 887 2729 941 τὸν
2760 887 3118 958 κτησάμενον,
3163 888 3257 941 καὶ
3285 887 3404 951 δνος
3439 887 3537 959 τὴν
3568 890 3778 959 φάτνην

2207 981 2301 1035 τοῦ
2346 981 2534 1053 κυρίου
2581 979 2765 1034 αὐτοῦ’
2803 979 3015 1051 Ἰσραὴλ
3045 979 3101 1034 δέ
3150 996 3218 1048 με
3265 979 3367 1033 οὐκ
3414 979 3573 1048 ἔγνω,
3611 982 3704 1035 καὶ
3742 984 3779 1037 ὀ

2208 1073 2335 1137 λαός
2366 1090 2434 1145 με
2471 1072 2533 1125 οὐ
2560 1070 2840 1140 συνῆκεν.»
2871 1067 3003 1124 Εἶτα
3027 1070 3088 1124 τὺ
3125 1072 3231 1123 πᾶν
3271 1069 3420 1134 ἔθνος
3448 1071 3775 1138 ταλανίζων,

2209 1164 2509 1233 ἐπιφέρειί
2531 1163 2666 1216 Οὐαὶ
2682 1162 2833 1225 ἔθνος
2854 1161 3189 1233 ἁμαρτωλὸν,
3211 1161 3336 1225 λαὸς
3360 1160 3569 1233 πλήρης
3595 1163 3780 1236 ἀμαρ-

2210 1248 2363 1312 τιῶν,
2413 1248 2631 1319 σπέρμα
2681 1247 2933 1319 πονηρὸν,
2982 1248 3088 1299 υἱοὶ
3131 1248 3340 1317 ἄνομοι.
3377 1266 3396 1297 ι
3445 1246 3668 1311 Τούτοις
3713 1251 3777 1301 ὲν

2210 1341 2350 1414 ἀρχῇ
2382 1341 2482 1410 τῆς
2527 1339 2707 1411 βίϐλου
2742 1339 2860 1393 κατ’
2889 1338 3065 1392 αὐτῶν
3107 1338 3448 1409 χρησάμενος
3485 1341 3599 1402 τοῖς
3627 1340 3780 1410 ἐλέγ-

2209 1451 2345 1504 χοις,
2391 1435 2486 1487 καὶ
2522 1432 2840 1505 προδιδάξας
2882 1430 2979 1495 τὰς
3006 1433 3183 1495 αἰτίας
3204 1432 3302 1502 τῆς
3326 1431 3619 1504 μελλούσης
3649 1436 3775 1488 ἑπι-

2211 1523 2472 1596 φέρεσθαι
2509 1524 2629 1578 κατ’
2675 1525 2850 1579 αὐτῶν
2893 1527 3266 1597 προρρήσεως,
3309 1525 3436 1595 ἑξῆς
3465 1526 3777 1599 άπάρχεται

2211 1615 2454 1685 φάσκωνο
2485 1634 2505 1667 ι
2546 1616 2611 1669 Ἡ
2648 1616 2720 1686 γῆ
2751 1614 2902 1685 ὑμῶν
2942 1615 3165 1687 ἔρημος,
3196 1634 3214 1667 ι
3256 1616 3331 1687 μὴ
3368 1616 3531 1688 οὔσης
3561 1619 3779 1690 ἐρήμου

2213 1707 2334 1762 καθ’
2356 1707 2449 1772 οὓς
2476 1708 2808 1779 προεφήτευε
2842 1707 3086 1779 χρόνους
3123 1727 3142 1759 ι
3166 1708 3219 1760 αἱ
3251 1708 3431 1772 πόλεις
3453 1709 3603 1780 ὑμῶν
3620 1711 3781 1782 πυρίο

548 1823 655 1863 non
685 1817 823 1871 erat,
853 1824 918 1863 eo
947 1809 1063 1879 ipso
1115 1826 1221 1881 quo
1248 1811 1584 1881 prophetiam
1622 1811 1817 1867 edebat
1848 1820 2108 1884 tempore.

2212 1816 2454 1853 καυστοι·
2487 1817 2507 1851 ι
2549 1799 2682 1869 μηδὲ
2706 1797 2893 1852 τούτου
2924 1816 3011 1852 πω
3055 1799 3440 1871 γεγενημένου.
3489 1800 3625 1855 Ἀλλ’
3652 1801 3776 1855 οὐδὲ

553 1917 573 1950 ι
610 1897 872 1955 Civitates
911 1911 1106 1956 vestrae
1146 1916 1424 1957 succensa
1450 1902 1595 1972 igni:
1628 1921 1647 1954 ι
1676 1911 2008 1960 cumtamen
2041 1919 2110 1961 ne

549 1990 653 2044 hoc
684 1989 901 2061 quidem
934 1992 1113 2048 adhuc
1147 1992 1349 2048 factum
1379 2001 1547 2050 esset.
1584 1994 1691 2050 Sed
1722 2010 1897 2065 neque
1933 1996 2112 2066 regio-

548 2096 673 2136 nem
722 2084 962 2153 ipsornm
993 2090 1122 2138 tunc
1159 2086 1319 2140 alieni
1353 2085 1705 2152 devorabant,
1739 2086 1854 2166 64
1876 2104 1998 2143 cum
2026 2098 2112 2143 ta-

552 2184 676 2226 men
722 2171 810 2226 ille
842 2173 921 2228 sic
965 2174 1132 2238 dicat,
1170 2194 1191 2226 ι
1243 2176 1517 2245 regionem
1564 2185 1824 2243 vestram,
1877 2180 1932 2234 in
1980 2196 2113 2237 con-

550 2272 738 2335 spectu
769 2273 947 2321 vestro
978 2266 1138 2322 alieni
1169 2267 1458 2332 devorant,
1492 2288 1511 2320 ι
1547 2276 1602 2325 et
1634 2286 1755 2340 quae
1781 2280 2107 2342 sequuntur.

551 2357 621 2414 At
647 2361 791 2415 enim
820 2360 865 2416 si
896 2359 963 2415 ad
991 2358 1287 2415 Salvator-is
1314 2362 1487 2414 nostri
1512 2360 1641 2417 Jesu
1670 2361 1874 2419 Christi
1908 2362 2112 2418 adven-

546 2458 665 2507 tum
707 2454 1012 2516 transieris,
1048 2461 1102 2508 et
1136 2454 1202 2507 ad
1230 2468 1292 2507 ea
1315 2469 1435 2522 qua:
1455 2453 1745 2508 Subsecuta
1775 2463 1903 2509 sunt
1937 2470 2112 2524 usque

548 2541 605 2595 in
637 2543 780 2596 hunc
800 2543 939 2596 diem
964 2551 1225 2612 tempora,
1254 2540 1410 2596 facile
1436 2543 1707 2597 inveneris
1735 2557 1799 2597 ea
1823 2557 1942 2612 quae
1967 2544 2112 2598 dicta

546 2641 677 2688 sunt
719 2634 986 2703 completa
1015 2648 1159 2687 esse.
1192 2630 1325 2687 Nam
1367 2640 1421 2686 et
1450 2631 1557 2685 lilia
1590 2631 1721 2687 Sion
1764 2634 1901 2704 (haec
1930 2642 2109 2688 autem

545 2732 665 2780 erat
693 2723 940 2778 adoralio
966 2739 1087 2794 quae
1111 2725 1164 2778 in
1200 2729 1382 2777 monte
1408 2723 1807 2789 celebrabatur,
1834 2727 1928 2795 qui
1948 2739 2111 2779 voca-

546 2822 639 2868 tur
693 2812 845 2885 Sion)
889 2830 952 2869 ex
993 2830 1101 2884 quo
1154 2810 1370 2869 advenit
1421 2811 1581 2870 Iesus
1618 2815 1868 2871 Salvator
1902 2825 2110 2881 noster,

548 2904 736 2960 relicta
764 2912 849 2959 est
887 2914 945 2959 nt
977 2905 1349 2961 umbraculum
1384 2906 1437 2959 in
1488 2907 1664 2969 vinea,
1694 2915 1749 2962 et
1770 2908 1927 2978 quasi
1964 2908 2110 2965 fruc-

549 3006 698 3054 tuum
727 2998 971 3053 custodia
1000 2998 1054 3053 in
1082 3000 1474 3064 cucumerario,
1507 3007 1600 3053 aut
1632 3000 1678 3055 si
1706 3000 1790 3056 bis
1816 3002 2110 3073 quidquam

549 3087 779 3159 cogitari
836 3094 1014 3157 potest
1063 3087 1355 3153 desertius,
1401 3091 1788 3160 regionemque
1841 3093 2107 3162 ipsorum,

550 3271 645 3333 lia,
677 3285 741 3325 ac
787 3271 989 3325 tributa
1048 3271 1117 3326 ab
1164 3270 1273 3325 illis
1300 3270 1600 3342 exigentes,
1635 3287 1781 3327 nunc
1826 3288 1955 3329 vero
1985 3289 2113 3345 pro-

550 3364 729 3436 prium
763 3362 1004 3432 ipsorum
1034 3362 1317 3432 praedium,
1344 3376 1464 3416 eam
1501 3377 1620 3432 qua:
1646 3364 1774 3417 olim
1801 3362 2112 3421 Iudaeorum

550 3459 686 3515 erat,
711 3459 909 3507 terram
944 3450 1222 3507 facientes.
1259 3450 1364 3505 Sed
1395 3459 1450 3505 et
1486 3453 1743 3521 templum
1774 3453 1907 3509 illud
1939 3455 2113 3509 admi-

552 3543 742 3607 rabile,
769 3543 911 3613 quod
936 3554 1053 3599 erat
1076 3544 1128 3597 in
1156 3557 1343 3597 eorum
1374 3545 1679 3614 metr0poli,
1707 3544 1761 3598 in
1793 3552 1993 3601 terram
2023 3561 2114 3602 ce-

550 3635 704 3699 cidit,
730 3649 761 3690 a
789 3635 1004 3706 populis
1036 3636 1225 3689 alienis
1248 3649 1496 3689 eversum
1521 3653 1533 3689 :
1564 3643 1619 3691 et
1646 3637 1894 3694 civitates
1924 3654 2113 3695 eorum

554 3725 665 3799 igni
703 3741 981 3783 succensae
1022 3732 1189 3781 sunt:
1236 3734 1291 3781 et
1323 3724 1463 3779 facta
1504 3734 1588 3783 est
1645 3726 1946 3784 Jerusalem
1988 3745 2115 3785 vere

554 3819 746 3875 civitas
800 3819 854 3873 in
894 3818 1196 3877 obsidione.
1225 3818 1295 3872 At
1343 3832 1471 3872 vero
1497 3819 1622 3889 quia
1676 3829 1964 3891 postquam
2007 3822 2114 3877 illis

553 3908 669 3966 haec
709 3917 1005 3967 evenerunt
1054 3918 1110 3966 et
1151 3911 1354 3968 chorus
1399 3913 1791 3983 apostolorum,
1821 3920 1875 3967 et
1911 3914 2005 3984 qui
2046 3930 2112 3968 ex

554 4001 797 4059 Hebraeis
839 4005 894 4058 in
950 4002 1230 4060 Christum
1278 4006 1646 4071 crediderunt,
1680 4005 1896 4061 fecundi
1939 4009 2115 4061 instar

552 4097 781 4152 seminis
811 4112 878 4151 ex
906 4096 1013 4152 illis
1043 4096 1177 4167 ipsis
1202 4098 1399 4153 servati
1427 4107 1576 4161 sunt,
1611 4105 1665 4153 et
1684 4114 1782 4168 per
1804 4098 2113 4154 universam

551 4195 776 4253 terram,
803 4197 962 4259 atque
989 4189 1044 4243 in
1065 4205 1224 4245 omne
1243 4204 1413 4261 genus
1446 4191 1721 4245 hominum
1744 4198 2112 4261 penetrantes,

553 4294 769 4334 omnem
798 4281 1091 4345 civitatem,
1128 4297 1192 4337 ac
1236 4284 1436 4345 locum,
1481 4290 1535 4338 et
1586 4286 1857 4354 regionem
1897 4284 2116 4353 proprio

555 4380 717 4442 atque
744 4372 1042 4429 Israelitico
1066 4377 1273 4431 semine
1294 4377 1672 4446 impleverunt,
1702 4378 1837 4433 adeo
1871 4378 2112 4448 quidem,

556 4469 617 4516 ut
651 4478 719 4517 ex
753 4463 862 4520 illis
899 4467 1056 4535 quasi
1095 4467 1277 4537 spicae,
1318 4483 1439 4539 quae
1475 4470 1531 4523 in
1561 4470 1781 4525 nomine
1809 4468 2112 4524 Salvatoris

554 4556 728 4611 nostri
759 4556 997 4612 fundatae
1029 4569 1156 4615 sunt
1191 4559 1469 4625 Ecclesiae,
1502 4561 1612 4616 sint
1645 4572 1818 4617 enataa
1852 4580 1864 4617 :
1916 4562 2111 4617 merito

554 4648 772 4704 divinus
798 4651 1080 4721 propheta,
1117 4652 1184 4708 iis
1213 4656 1397 4717 minis,
1431 4654 1630 4723 quibus
1659 4664 1847 4709 contra
1876 4655 1999 4709 illos
2028 4663 2115 4709 est

553 4755 711 4805 usus,
739 4741 981 4814 adiungit
1011 4762 1025 4799 :
1059 4762 1076 4795 ι
1104 4743 1219 4801 Nisi
1245 4744 1502 4802 Dominus
1534 4743 1772 4800 Sabaoth
1805 4745 2115 4816 reliquisset

555 4835 714 4890 nobis
739 4850 942 4900 semen,
973 4836 1128 4907 quasi
1160 4837 1393 4892 Sodoma
1436 4838 1565 4892 facti
1597 4854 1868 4905 essemus,
1892 4847 1946 4894 et
1972 4840 2115 4894 sicut

554 4924 854 4981 Gomorrha
902 4928 1106 4983 similes
1161 4928 1470 4986 fuissemus.
1535 4951 1552 4984 ι
1587 4930 1743 4998 Quod
1794 4920 2114 5001 quidem'in

555 5018 884 5088 apertiorem
941 5034 1160 5074 sensum
1206 5021 1533 5076 contrahens
1564 5032 1786 5077 sanctus
1815 5021 2109 5092 Apostolus

554 5104 610 5161 in
649 5092 889 5178 Epistola
925 5109 991 5164 ad
1018 5107 1293 5166 Romanos
1319 5113 1706 5182 interpretatus
1726 5123 1850 5168 est:
1890 5130 1907 5163 ι
1949 5111 2115 5167 Isaias

555 5208 734 5254 autem
770 5202 968 5256 clamat
991 5217 1088 5272 pro
1109 5200 1293 5268 Israel,
1323 5202 1368 5259 si
1410 5201 1571 5257 fuerit
1594 5220 1852 5261 numerus
1885 5203 2114 5259 ﬁliorum

558 5288 717 5347 lsrael
749 5294 891 5348 sicut
920 5309 1084 5348 arena
1120 5296 1307 5358 maris,
1344 5295 1563 5365 reliquae
1598 5296 1761 5351 salva:
1795 5297 1943 5352 (ient.
1977 5295 2115 5351 Ver-

554 5376 686 5437 bum
711 5381 854 5437 enim
896 5382 1180 5453 perficiens
1211 5391 1265 5437 ct
1292 5386 1619 5441 contrahens
1661 5384 1823 5441 faciet
1856 5385 2116 5442 Dominus

558 5470 615 5527 in
664 5481 832 5530 terra.
872 5472 939 5527 Et
968 5474 1110 5531 sicut
1151 5475 1399 5546 praedixit
1449 5473 1616 5533 isaias
1651 5495 1663 5532 :
1695 5475 1811 5533 Nisi
1851 5477 2115 5533 Dominus

558 5558 795 5618 Sabaoth
845 5565 1152 5636 reliquisset
1196 5568 1353 5623 nobis
1400 5583 1606 5635 semen,
1664 5570 1819 5651 quasi
1872 5568 2107 5625 Sodoma

623 5717 678 5787 ,⁸⁸
705 5717 810 5775 lsa.
847 5734 885 5784 ι,
914 5719 967 5772 ’5.
1042 5721 1086 5753 ³⁸
1109 5721 1241 5776 ibid.
1270 5722 1304 5778 ι

2212 1888 2310 1962 τὴν
2339 1889 2519 1962 χώραν
2556 1889 2734 1943 αὐτῶν
2771 1890 2893 1943 τότε
2921 1889 3104 1961 ἤσθιον
3153 1890 3418 1963 ἀλλότριοι
3438 1908 3453 1923 ·
3500 1892 3593 1945 καὶ
3623 1892 3781 1964 ὅμως

2211 1980 2363 2053 φησί·
2417 2000 2435 2033 ι
2460 1979 2570 2052 Τὴν
2614 1978 2796 2053 χώραν
2828 1981 2999 2051 ὑμῶν,
3048 1981 3274 2037 ἐνώπιον
3318 1984 3470 2054 ὑμῶν
3507 1983 3781 2056 ἀλλότριοι

2210 2073 2578 2127 κατεσθίουσιν
2608 2074 2795 2145 αὐτὴν,
2828 2093 2846 2126 ι
2868 2073 3047 2128 καὶτὰ
3075 2074 3220 2146 ἑξῆς.
3244 2076 3305 2129 Εἰ
3330 2072 3425 2131 οὗν
3448 2078 3539 2131 ἐπὶ
3563 2078 3660 2149 τὴν
3678 2076 3781 2133 τοῦ

2209 2163 2458 2235 Σωτῆρος
2483 2163 2640 2235 ἡμῶν
2682 2162 2853 2236 Ἰησοῦ
2884 2164 3117 2238 Χριστοῦ
3153 2167 3425 2239 μετέλθοις
3451 2169 3776 2240 παρουσίαν,

2211 2257 2305 2310 καὶ
2341 2257 2465 2319 τοὺς
2492 2257 2550 2322 ἐξ
2579 2257 2784 2311 ἐκείνου
2809 2257 2902 2311 καὶ
2942 2261 3023 2321 είς
3042 2258 3200 2331 δεῦρο
3230 2260 3468 2331 χρόνους,
3502 2263 3679 2317 πάντα
3704 2262 3778 2319 ἂν

2210 2346 2392 2420 εὕροις
2418 2347 2484 2400 τὰ
2515 2348 2780 2419 εἰρημένα
2807 2348 3171 2421 πληρούμενα.
3204 2352 3277 2404 Ἦ
3310 2368 3371 2410 τε
3397 2353 3501 2424 γὰρ
3526 2352 3787 2425 θυγάτηρ

2210 2437 2347 2491 Σιὼν
2391 2437 2549 2509 (αὕτη
2571 2440 2628 2492 δὲ
2660 2437 2784 2512 ἦνὴ
2819 2442 2911 2493 ἐπὶ
2940 2439 3101 2511 ὅρους
3132 2441 3225 2495 τοῦ
3270 2442 3599 2513 καλουμένου
3632 2444 3779 2500 Σιὼν

2209 2532 2594 2611 ἐπιτελουμένη
2636 2532 2920 2607 θρησκεία)
2973 2534 3080 2588 ἀπὸ
3120 2534 3219 2604 τῆς
3259 2533 3428 2604 Ἰησοῦ
3458 2533 3551 2588 τοῦ
3581 2536 3776 2608 Σωτῆ-

2213 2640 2302 2694 ρος
2345 2622 2500 2694 ήμῶν
2540 2624 2839 2695 παρουσίας
2885 2623 3364 2694 ἐγκαταλέλειπται
3396 2625 3472 2688 ὡς
3505 2625 3677 2698 σκηνὴ
3710 2628 3783 2681 ἐν

2210 2715 2512 2785 ἀμπελῶνι,
2543 2716 2638 2769 καὶ
2664 2715 2739 2779 ὡς
2764 2715 3205 2787 ὀπωροφυλάκιον
3227 2718 3287 2770 ὲν
3314 2716 3645 2788 σικυηρόιτῳ,
3678 2719 3780 2773 καὶ

2208 2806 2263 2860 εί
2289 2824 2340 2860 τι
2373 2806 2572 2861 τούτων
2608 2808 2954 2880 ἐρημότερον·
2986 2810 3086 2879 τήν
3120 2824 3178 2861 τε
3205 2807 3386 2880 χώραν
3408 2808 3586 2862 αὐτῶν
3614 2807 3776 2862 ἁλλόο

2206 2914 2347 2970 τριοι
2376 2897 2601 2953 ἐνώπιον
2642 2899 2818 2953 αὐτῶν
2853 2900 3216 2963 κατεσθίουσι,
3253 2901 3374 2954 τοτὲ
3410 2901 3508 2971 μὲν
3535 2901 3778 2972 δασμοὺς

2207 2992 2302 3046 καὶ
2330 2992 2525 3065 φόρους
2543 2993 2737 3056 αὐτοὺς
2753 2993 3223 3063 εἰσπραττόμενοι,
3257 2994 3378 3047 τοτὲ
3402 2993 3458 3047 δὲ
3477 2993 3605 3047 ἴδιον
3642 2995 3776 3048 ἑαυ-

2208 3084 2315 3139 τιῖιν
2330 3085 2515 3155 κτῆμα
2538 3084 2637 3155 τὴν
2660 3083 2825 3138 πάλαι
2853 3084 2961 3137 τῶν
2988 3083 3251 3138 Ἰουδαίων
3268 3085 3368 3155 γῆν
3397 3084 3773 3155 πεποιημένοι.

464 3202 479 3223 ι
548 3179 710 3236 alieni
756 3193 938 3233 coram
981 3179 1114 3250 ipsis
1144 3179 1427 3245 devorant,
1459 3195 1606 3236 nunc
1630 3180 1844 3251 quidem
1876 3184 2111 3254 vectiga-

2224 3176 2382 3231 Ἀλλὰ
2417 3178 2511 3231 καὶ
2558 3177 2619 3230 τὸ
2658 3177 2803 3247 ἱερὸν
2842 3176 2904 3230 τὸ
2949 3176 3219 3248 εὐπρεπὲς
3258 3176 3358 3246 τῆς
3392 3177 3779 3248 μητροπόλεως

2211 3269 2388 3323 αὐτῶν
2417 3267 2759 3340 ἡρειπίωται,
2786 3267 3265 3339 κατεστραμμένον
3303 3266 3407 3320 ὑπὸ
3441 3265 3582 3320 λαῶν
3616 3265 3779 3321 ἀλλο-

2211 3361 2394 3431 τρίωνο
2446 3360 2506 3427 ᾳῖ
2552 3375 2613 3412 τε
2661 3358 2842 3421 πόλεις
2887 3357 3064 3412 αὐτῶν
3099 3357 3455 3429 πυρίκαυστοι
3496 3357 3774 3427 γεγόνασι,

2212 3450 2306 3504 καὶ
2356 3450 2547 3518 γέγονε
2604 3446 2954 3519 Ἰερουσαλὴμ
3011 3446 3223 3517 ἀληθῶς
3259 3445 3410 3509 πόλις
3456 3446 3783 3518 πολιορκουο

2216 3541 2369 3613 μένη.
2396 3540 2530 3593 Ἀλλ’
2562 3539 2705 3606 ἐπεὶ,
2736 3538 2939 3592 τούτων
2955 3538 3081 3609 περὶ
3107 3537 3302 3602 αὐτοὺς
3331 3536 3775 3609 συμϐεϐηκότων,

2211 3633 2241 3685 ό
2276 3633 2381 3686 τῶν
2411 3631 2719 3686 ἀποστόλων
2770 3629 2947 3702 χορὸς,
2986 3629 3040 3682 οἰ
3075 3644 3134 3680 τε
3167 3628 3224 3694 ἐξ
3269 3628 3530 3699 Ἑϐραίων
3565 3630 3645 3691 εἰς
3681 3628 3783 3683 τὸν

2212 3723 2444 3794 Χριστὸν
2488 3720 2907 3782 πεπιστευκότες
2939 3717 3160 3787 γονίμου
3188 3716 3341 3785 δίκην
3372 3716 3681 3788 σπέρματος
3712 3714 3776 3782 ἐξ

2213 3813 2392 3867 αὐτῶν
2444 3812 2667 3867 ἐκείνων
2720 3808 3173 3879 διεφυλάχθησαν,
3233 3807 3355 3862 καθ’
3398 3808 3527 3879 ὅλης
3567 3824 3627 3861 τε
3671 3807 3782 3879 τῆς

2212 3904 2535 3974 οἰκουμένης
2565 3901 2659 3956 καὶ
2689 3902 2770 3965 εἰς
2801 3902 2908 3954 πᾶν
2950 3900 3104 3969 γένος
3136 3897 3436 3971 ἀνθρώπων
3458 3897 3778 3963 διελθόντες,

2214 3996 2391 4048 πᾶσαν
2436 3993 2588 4046 πόλιν
2634 3991 2729 4044 καί⁴
2759 3990 2920 4044 τόπον
2959 3990 3052 4043 καὶ
3090 3987 3272 4060 χώραν
3302 3985 3395 4041 τοῦ
3439 3986 3636 4040 οίκείου
3681 3984 3781 4039 καὶ

2226 4083 2611 4158 ’ἰσραηλιτικοῦ
2662 4083 2863 4155 σπόρου
2917 4073 3282 4150 κατέπλησαν,
3315 4077 3453 4131 ὥστε
3494 4076 3553 4143 ἐξ
3596 4075 3787 4131 αὐτῶν

2215 4176 2412 4246 στάχυς
2438 4173 2536 4237 τὰς
2565 4174 2650 4227 ἐπ’
2678 4172 2935 4243 ὀνόματος
2963 4168 3053 4223 τοῦ
3084 4168 3333 4239 Σωτῆρος
3361 4165 3514 4237 ἡμῶν
3540 4164 3780 4225 ὑποστά-

2215 4282 2311 4329 σας
2368 4263 2691 4334 Ἑκκλησίας
2738 4261 2915 4331 φῦναν
2965 4258 3184 4322 εἰκότως
3228 4259 3257 4312 ὁ
3306 4256 3446 4321 θεῖος
3492 4256 3785 4328 προφήτης

2214 4356 2451 4424 ἐπιλέγει
2473 4358 2591 4419 ταῖς
2616 4349 3144 4426 προαποφανθείσαις
3168 4350 3282 4404 κατ’
3305 4346 3483 4403 αὐτῶν
3506 4344 3777 4410 ἀπειλαῖςο

2221 4469 2238 4500 ι
2266 4450 2330 4502 Εἰ
2359 4446 2432 4519 μὴ
2466 4446 2666 4518 Κύριος
2699 4442 2926 4498 Σαϐαὼθ
2970 4440 3327 4511 ἐγκατέλιπεν
3366 4442 3498 4511 ἡμῖν
3531 4438 3783 4511 σπέρμα,

2216 4540 2291 4605 ὡς
2355 4539 2563 4610 Σόδομα
2617 4536 2685 4592 ἂν
2727 4535 3095 4608 ἐγενήθημεν,
3141 4535 3234 4587 καὶ
3276 4532 3353 4596 ὡς
3418 4532 3666 4603 Γόμορρα
3710 4529 3782 4585 ἂν

2216 4629 2595 4703 ὡμοιώθημεν.
2645 4649 2665 4682 ι
2705 4630 2879 4701 Ὅπερ
2914 4624 3227 4697 συναγαγὼν
3261 4627 3352 4679 ἐπὶ
3382 4624 3442 4679 τὸ
3486 4624 3653 4692 σαφὲς
3686 4624 3781 4694 ἑρ-

2222 4723 2443 4796 μηνεύει
2461 4724 2519 4776 ὲν
2547 4725 2612 4795 τῇ
2643 4721 2775 4793 πρὸς
2802 4720 3102 4790 Ῥωμαίους
3125 4716 3404 4788 Ἐπιστολῇ
3430 4718 3458 4770 ὁ
3487 4714 3628 4786 ἱερὸς
3645 4713 3789 4768 ἁπό-

2221 4811 2420 4874 στολος·
2460 4827 2479 4861 ι
2515 4810 2737 4872 Ἡσαΐας
2766 4807 2824 4861 δὲ
2856 4806 3153 4880 κραυγάζει
3208 4806 3345 4876 ὑπὲρ
3400 4804 3493 4857 τοῦ
3538 4801 3777 4874 Ἰσραήλ·

2233 4902 2358 4957 Ἐὰν
2480 4903 2508 4955 ὁ
2554 4899 2785 4973 ἀριθμὸς
2839 4898 2946 4952 τῶν
2972 4899 3102 4953 υἱῶν
3158 4896 3372 4970 Ἰσραὴλ
3418 4897 3494 4960 ὡς
3527 4898 3560 4967 ἡ
3596 4896 3786 4967 ἄμμος

2215 4995 2313 5065 τῆς
2346 4993 2641 5064 θαλάσσης,
2674 4990 3072 5061 comaeng
3116 4988 3436 5061 σωθήσεται.
3468 4986 3635 5052 Λόγον
3668 4985 3784 5059 γὰρ

2218 5085 2482 5140 συντελῶν
2532 5085 2626 5138 καὶ
2678 5084 2983 5152 συντέμνων
3033 5083 3244 5150 ποιήσει
3280 5078 3482 5150 Κύριος
3534 5078 3624 5131 ἐπὶ
3678 5077 3783 5148 τῆς

2216 5179 2340 5251 γῆς.
2376 5180 2485 5233 Καὶ
2526 5175 2709 5240 καθὼς
2755 5174 3079 5247 προείρηκεν
3125 5172 3349 5236 Ἡσαΐας
3372 5187 3387 5202 ο
3432 5172 3494 5226 Εἰ
3547 5168 3621 5241 μὴ
3663 5170 3783 5222 κοί

2223 5289 2335 5343 ριος
2372 5268 2592 5325 Σαϐαὼθ
2634 5266 2983 5338 ἐγκατέλιπεν
3020 5267 3154 5336 ἡμῖν
3200 5263 3440 5335 σπέρμα,
3470 5261 3546 5325 ὡς
3569 5258 3785 5331 Σόδομα

2219 5362 2285 5417 ἂν
2309 5361 2659 5433 ἐγενήθημεν,
2685 5360 2777 5414 καὶ
2795 5358 2870 5422 ὡς
2886 5358 3135 5430 Γόμορρα
3151 5355 3218 5409 ἂν
3237 5353 3615 5426 ὡμοιώθημεν.
3642 5374 3660 5406 ι
3685 5348 3786 5419 Οἷς

2219 5451 2374 5518 αὖθις
2407 5452 2743 5526 προστίθησι,
2766 5450 2956 5519 λέγων’
2993 5468 3012 5501 ι
3039 5447 3128 5519 Μὴ
3150 5445 3405 5501 ἀπώσατο
3445 5447 3475 5499 ό
3515 5443 3648 5508 Θεὸς
3689 5444 3789 5500 τὸν

2212 5547 2340 5602 λαὸν
2396 5545 2595 5611 αὐτοῦς
2655 5542 2730 5616 μὴ
2771 5541 3010 5612 γένοιτοί
3070 5540 3182 5595 Καὶ
3228 5540 3336 5612 γὰρ
3395 5536 3509 5607 ἐγὼ
3569 5537 3790 5610 Ἰσραη⁶
