4068 6206
183 279 194 312 ἱ
250 221 360 276 129

1155 219 1804 279 DEMONSTRATIONIS
1840 213 2320 282 EVANGE'LIICE.
2361 227 2468 280 [ΛΒ
2506 227 2570 282 ll.

3406 235 3506 291 130

178 327 186 344 ³
246 337 402 405 λζτης
442 337 557 408 etp).
595 339 660 390 ὲκ
693 338 1003 410 σπέρματος
1045 337 1292 410 Ἀδραὰμ
1345 340 1515 410 φυλῆς
1557 340 1814 411 Βενιαμίν

1940 341 2066 396 facti
2107 359 2376 406 essemus,
2426 354 2478 397 et
2509 345 2650 400 sicut
2705 343 3003 402 Gomorrha
3056 348 3263 404 similes
3309 349 3508 408 fuisse-

244 431 364 482 οὐκ
409 429 668 484 ἀπώσατο
711 433 738 483 6
775 430 904 493 Θεὸς
940 432 1028 484 τὸν
1057 431 1184 484 λαδν
1219 432 1406 495 αὐτοῦ,
1453 434 1510 486 ὃν
1555 434 1822 506 προέγνωο

243 523 280 592 ἢ
343 525 445 577 οὐκ
517 523 696 576 οἴδατε
744 525 799 575 ἐν
854 521 1006 593 Ἠλία
1077 523 1128 574 τί
1183 522 1331 593 λέγει
1386 525 1418 594 ἠ
1465 525 1690 596 Γραφὴ,
1751 525 1827 588 ὡς

246 614 567 685 ἐντυγχάνει
642 613 718 684 τῷ
782 611 898 683 Θεῷ
957 613 1098 666 κατὰ
1157 613 1250 666 τοῦ
1323 615 1568 686 Ἰσραήλ;
1632 618 1823 689 Κύριε,

245 709 376 770 τοὺς
435 708 710 777 προφήτας
771 723 863 757 σου
923 705 1281 768 ἀπέκτειναν,
1338 705 1405 758 τὰ
1469 706 1828 780 θυσιαστήριά

249 817 346 851 σου
416 798 787 867 κατέσκαψαν·
862 795 1017 864 κάγὼ
1086 797 1416 867 ὑπελείφθην
1489 798 1666 868 μόνος,
1735 801 1828 852 καὶ

247 892 476 962 ζητοῦσί
515 908 612 962 μου
641 892 736 961 τὴν
777 889 975 960 ψυχὴν,
1008 889 1099 941 τοῦ
1129 889 1309 942 λαϐεῖν
1343 885 1528 960 αὖτ’ήν.
1569 890 1726 943 Ἀλλὰ
1774 893 1828 944 τί

245 985 400 1053 λέγει
431 983 578 1054 αὐτῷ
596 986 624 1036 6
652 981 1062 1053 χρηματισμός;
1093 982 1398 1035 Κατέλιπον
1420 982 1644 1053 ἐμαυτῷ
1667 984 1830 1035 ἐπτα-

243 1076 550 1146 κισχιλίους
604 1074 818 1145 ἄνδρας,
873 1074 1066 1136 οἵτινες
1122 1075 1220 1127 οὐκ
1273 1074 1524 1146 ἔκαμψαν
1577 1076 1704 1144 γόνυ
1762 1078 1827 1146 τῇ

245 1169 420 1223 Βάαλ.
458 1168 640 1230 Οὕτως
692 1164 783 1220 οὖν
832 1167 924 1220 καὶ
962 1168 1019 1220 ὲν
1045 1167 1120 1237 τῷ
1156 1167 1250 1220 νῦν
1271 1169 1445 1240 καιρῷ
1477 1169 1682 1239 λεῖμμα
1711 1170 1828 1222 κατ’

243 1262 482 1332 ἐκλογὴν
504 1261 721 1332 χάριτος
747 1259 987 1327 γέγονεν.
1029 1278 1046 1310 ι
1084 1259 1202 1312 Ὅτι
1231 1259 1274 1312 δ’
1305 1262 1405 1314 οὐκ
1430 1263 1508 1324 είς
1537 1261 1692 1315 ἄλλον
1717 1278 1831 1314 και-

244 1355 369 1428 ρὸν,
413 1355 523 1407 ἀλλ’
545 1355 624 1416 είς
656 1353 744 1405 τὸν
779 1353 875 1422 τῆς
916 1350 1232 1419 ἐπιφανείας
1261 1352 1353 1405 τοῦ
1386 1354 1635 1425 Σωτῆρος
1673 1351 1830 1423 ἡμῶν

255 1445 440 1516 Ἰησοῦ
464 1446 696 1518 Χριστοῦ
727 1442 1040 1513 συντείνειή
1071 1445 1394 1514 προφητεία,
1437 1446 1563 1514 ἑξῆς
1599 1448 1626 1498 ὁ
1654 1445 1828 1513 λόγος,

246 1538 391 1608 μετὰ
419 1538 479 1590 τὸ
514 1538 675 1607 φάναι
697 1577 710 1602 ,
752 1556 770 1589 ι
806 1540 868 1592 Et
898 1541 972 1612 μὴ
1004 1540 1205 1612 Κύριος
1231 1535 1454 1590 Σαϐαὼθ
1479 1537 1831 1606 ἐγκατέλιπεν

242 1631 379 1700 ἡμῖν
409 1630 648 1700 σπέρμα,
684 1629 757 1694 ὼς
787 1632 995 1703 Σόδομα
1029 1631 1093 1686 ἂν
1120 1629 1348 1701 ἐγενήθη
1361 1647 1477 1700 μεν,
1504 1629 1596 1682 καὶ
1623 1628 1698 1691 ὡς
1732 1628 1830 1680 [‘6-

1928 450 2051 490 mns
2085 436 2150 489 “.
2198 455 2216 487 ι
2263 436 2474 502 Quibus
2525 453 2719 491 rursus
2776 439 2890 494 haec
2929 439 3223 511 adjungit:
3269 461 3287 494 ‹
3329 442 3502 498 Νυιιι-

1935 525 2086 594 quid,
2142 528 2337 598 inquit,
2386 529 2584 598 repulit
2639 529 2780 586 Deus
2809 533 3065 602 pepulum
3107 535 3500 592 suum?Absit.

1930 616 2062 671 Nam
2103 626 2155 671 et
2209 635 2308 688 ego
2363 619 2604 674 ISraelita
2655 637 2776 674 sum
2835 641 2900 676 ex
2944 625 3151 678 semine
3204 625 3498 690 Abraham,

1929 712 2070 765 trilm
2087 711 2507 781 Benjamin.Non
2531 715 2725 782 repulit
2743 713 2879 770 Deus
2893 719 3146 787 pupulum
3167 735 3324 774 suum
3341 736 3501 789 quem

1931 804 2200 873 praescivit
2223 822 2232 856 :
2255 819 2442 858 annon
2475 814 2647 860 llOSllS
2672 806 2725 858 in
2750 805 2859 860 Elia
2879 809 3005 876 quid
3027 808 3171 863 dicat
3191 810 3504 880 Scriptura?

1929 896 2388 963 quemadmodum
2414 897 2701 952 intercedit
2732 899 2872 967 apud
2904 899 3070 953 Deum
3092 912 3279 956 centra
3302 901 3504 958 Israel?

1928 984 2036 1055 65
2073 984 2320 1052 Domine,
2375 989 2669 1058 prophetas
2737 999 2860 1045 tuos
2910 993 3248 1058 occiderunt,
3309 997 3502 1050 altaria

1931 1083 2023 1128 tua
2059 1077 2420 1142 suffoderunt,
2455 1088 2508 1132 et
2536 1095 2636 1150 ego
2659 1081 2880 1136 relictus
2911 1099 3030 1137 sum
3061 1084 3232 1147 solus,
3272 1094 3324 1139 et
3353 1101 3502 1156 qua:-

1931 1178 2058 1224 runt
2098 1173 2332 1226 animam
2352 1190 2526 1228 meam
2562 1183 2618 1229 ut
2649 1177 3058 1232 auferanteam.
3078 1178 3343 1232 Cteterutn
3369 1179 3500 1249 quid

1931 1263 2065 1316 dicit
2096 1264 2144 1318 ei
2168 1281 2494 1335 responsum
2532 1269 2822 1322 divinum?
2857 1269 3053 1339 reliqui
3113 1270 3244 1322 mihi
3293 1280 3496 1340 septem

1933 1358 2102 1410 millia
2140 1359 2406 1426 virorum,
2437 1362 2530 1430 qui
2592 1379 2700 1417 non
2759 1371 3124 1417 curvaverunt
3186 1379 3324 1433 genu
3375 1374 3501 1419 ante

1931 1447 2081 1505 Baal.
2136 1451 2226 1504 Sic
2254 1467 2384 1521 ergo
2417 1463 2471 1508 et
2500 1456 2553 1508 in
2603 1455 2705 1509 hoc
2753 1463 2996 1526 tempore
3027 1497 3042 1522 ,
3107 1455 3350 1524 reliquiae
3409 1472 3498 1510 se-

1933 1541 2171 1594 cundum
2203 1543 2522 1598 electionem
2559 1547 2747 1614 gratiae
2777 1545 2932 1599 facta!
2953 1552 3080 1600 sunt
3110 1547 3176 1598 ”.
3217 1565 3233 1597 ι
3273 1543 3347 1598 Ne
3371 1559 3500 1600 vero

1934 1633 1986 1686 in
2019 1632 2167 1686 aliud
2207 1641 2421 1705 tempus
2460 1636 2798 1705 prophetiam
2829 1644 3077 1690 eventum
3112 1651 3270 1690 suum
3298 1635 3500 1707 dirige—

245 1725 425 1794 μορρα
450 1722 515 1775 ἂν
531 1721 909 1794 ὡμοιώθημεν,
942 1745 960 1775 ι
979 1723 1070 1777 τὸν
1090 1725 1262 1778 πάντα
1287 1722 1394 1775 τῶν
1411 1721 1674 1774 Ἰουδαίων
1701 1719 1819 1773 λαὸν

1931 1737 1988 1776 re
2018 1715 2339 1794 snspieeris,
2371 1741 2532 1794 quam
2561 1727 2614 1780 in
2643 1726 2932 1780 adventum
2966 1725 3268 1782 Salvatoris
3326 1726 3498 1782 nostri

240 1813 530 1885 Γομόρρας
563 1816 852 1885 ὀνομάσας,
885 1819 1010 1880 τοὺς
1047 1817 1104 1870 δὲ
1152 1818 1481 1890 ἡγουμένους
1516 1813 1692 1868 αὐτῶν
1723 1813 1823 1884 ἄρ-

241 1924 437 1977 χοντας
505 1907 778 1978 Σοδόμων,
845 1910 1090 1980 ἐπιφέρει
1160 1909 1484 1981 παραίτησιν
1539 1907 1635 1977 τῆς
1685 1906 1826 1960 κατὰ

241 1999 446 2051 Μωσέα
495 1998 808 2070 θρησκείας,
843 2002 935 2054 καί⁸
980 2002 1077 2072 τῆς
1114 2002 1198 2055 διὰ
1249 2000 1342 2054 τοῦ
1382 2000 1632 2070 Σωτῆρος
1671 1998 1824 2070 ἡμῶν

239 2092 412 2142 πᾶσιν
441 2089 746 2161 ἀνθρώποις
785 2093 1230 2164 κατηγγελμένης
1259 2091 1532 2162 Διαθήκης
1569 2091 1660 2143 τὸν
1696 2091 1824 2162 τρό·

242 2199 368 2243 πον,
394 2183 539 2250 λέγω
575 2183 630 2236 δὲ
672 2183 763 2236 τὸν
790 2184 877 2237 διὰ
913 2184 1137 2256 λουτροῦ
1191 2184 1624 2252 παλιγγενεσίας,
1667 2183 1822 2250 λόγον

243 2291 300 2326 τε
331 2275 588 2346 ἄντικρυς
616 2275 734 2328 νέον
764 2276 857 2328 καὶ
881 2276 1044 2346 νόμον
1078 2276 1326 2346 εἰσῆκται
1357 2277 1412 2328 ἐν
1449 2278 1513 2342 τῆ
1551 2275 1678 2346 περὶ
1714 2274 1820 2326 τῶν

241 2365 498 2418 τοιούτων
520 2369 840 2439 προρρήσει.
869 2369 1028 2436 Λέγει
1047 2369 1101 2421 δὲ
1123 2366 1215 2422 οὖν
1241 2385 1253 2398 ·
1287 2387 1302 2418 ι
1346 2367 1637 2420 Ἀκούσατε
1665 2366 1820 2434 λόγον

242 2459 475 2530 Κυρίου,
519 2461 776 2531 ἄρχοντες
816 2461 1082 2532 Σοδόμων,
1133 2461 1425 2534 προσέχετε
1459 2461 1620 2532 νόμον
1659 2459 1817 2523 Θεοῦ,

243 2550 371 2615 λαδς
397 2552 699 2625 Γομόρρας,
758 2553 808 2606 τί
849 2573 936 2624 μοι
975 2553 1174 2624 πλῆθος
1207 2555 1313 2606 τῶν
1348 2553 1545 2607 θυσιῶν
1572 2551 1756 2622 Op.th
1796 2570 1813 2602 ι

241 2645 339 2697 καὶ
386 2645 454 2696 τὰ
497 2644 654 2714 ἑξῆς·
713 2645 854 2718 ἅπερ
903 2647 1073 2700 οἰκεῖα
1123 2648 1249 2700 ὄντα
1292 2647 1392 2716 τῆς
1433 2646 1572 2700 κατὰ
1620 2645 1819 2698 Μωσέα

241 2736 561 2807 νομοθεσίας
594 2735 818 2800 ἀνελὼν,
852 2739 1156 2808 ἀντεισάγει
1203 2737 1447 2807 ἀφέσεως
1493 2736 1820 2807 ἁμαρτημά-

241 2842 350 2879 των
381 2825 564 2897 ἕτερον
612 2828 833 2898 τρόπον,
865 2829 954 2881 τὸν
987 2828 1074 2882 διὰ
1119 2827 1212 2880 τοῦ
1265 2827 1530 2898 σωτηρίου
1574 2826 1816 2898 λουτροῦ,

241 2919 341 2971 ναὶ
372 2917 466 2970 τοῦ
492 2921 587 2971 σὺν
615 2920 789 2991 τούτῳ
819 2922 1218 2992 κηρυττομένου
1253 2920 1387 2990 βίου,
1422 2920 1624 2989 λέγων·
1653 2919 1818 2974 «Λού-

241 3011 434 3072 σασθε,
473 3010 699 3082 καθαροὶ
730 3011 972 3080 γένεσθε,
1020 3013 1244 3082 ἀφέλετε
1286 3011 1383 3074 τὰς
1417 3011 1678 3082 πονηρίας
1711 3009 1818 3063 ἀπὸ

239 3101 357 3156 τῶν
387 3103 573 3173 ψυχῶν
601 3105 745 3175 ὑμῶν
767 3147 781 3170 ,
813 3125 830 3156 ι
857 3106 950 3158 καὶ
979 3105 1044 3158 τὰ
1081 3106 1224 3176 ἑξῆς.
1257 3106 1555 3176 Ἀρχοντας
1577 3102 1632 3155 δὲ
1667 3101 1820 3154 Σοδό-

249 3210 373 3263 μων
408 3197 501 3248 καὶ
529 3196 648 3248 λαὸν
669 3197 956 3268 Γομόρρων
985 3197 1050 3250 δι’
1078 3198 1142 3268 ἢν
1169 3198 1344 3250 αἰτίαν
1383 3197 1577 3259 αὐτοὺς
1607 3194 1819 3264 ὠνόμα-

248 3301 367 3350 σεν,
413 3285 570 3348 αὐτὸς
596 3288 902 3359 παρέστησε
949 3289 1286 3360 παραχρῆμα
1318 3288 1485 3340 εἰπών
1507 3303 1520 3318 ·
1559 3305 1576 3336 ι
1610 3288 1675 3339 Αἱ
1708 3285 1817 3356 γὰρ

241 3380 428 3448 χεῖρες
460 3379 608 3448 ὑμῶν
641 3379 861 3450 πλήρεις
880 3379 1126 3447 αἵματος.
1155 3399 1173 3430 ι
1209 3379 1317 3432 Καὶ
1347 3375 1501 3442 αὖθις
1533 3379 1588 3431 δὲ
1609 3377 1816 3440 ὑποϐὰς

235 3469 423 3538 λέγει·
452 3489 470 3520 ι
504 3471 611 3541 Τὴν
633 3473 861 3542 ἀνομίαν
891 3471 1065 3524 αὐτῶν
1089 3471 1164 3534 ὡς
1187 3471 1429 3541 Σοδόμων
1459 3469 1808 3541 ἀνήγγειλαν,

230 3558 333 3611 καὶ
358 3559 697 3626 ἐνεφάνισαν.
722 3561 856 3613 Οὐαὶ
885 3565 952 3631 τῇ
981 3559 1122 3631 ψυχῇ
1159 3561 1335 3614 αὐτῶν
1358 3573 1370 3590 ⁶
1388 3561 1534 3632 ’διότι
1567 3559 1812 3613 ἐϐουλεύ-

230 3667 402 3703 σαντο
451 3651 642 3721 βουλὴν
681 3652 926 3724 ,πονηρὰν
974 3652 1093 3706 καθ’
1135 3655 1362 3716 ἑαυτῶν,
1415 3654 1678 3718 εἰπόντες,
1729 3655 1810 3707 ὅτι

231 3743 481 3812 Δήσομεν
524 3745 614 3796 τὸν
642 3745 868 3809 δίκαιον,
915 3747 994 3798 ὅτι
1027 3745 1358 3818 δύσχρηστος
1402 3749 1530 3816 ἡμῖν
1567 3748 1712 3799 ἐστιν
1734 3785 1751 3810 ,
1787 3766 1804 3797 ι

235 3839 548 3906 σαφέστατα
591 3841 818 3908 αἵματός
849 3857 988 3903 τινος
1029 3841 1120 3894 καὶ
1154 3841 1271 3904 ἐνὸς
1295 3841 1498 3894 δικαίου
1535 3841 1816 3911 μεμνημέ-

233 3943 323 3990 νος
367 3927 678 3998 ὲπιϐουλῆς.
732 3929 886 3992 Τίνος
917 3929 972 3981 δὲ
1031 3929 1137 4002 ἄρα
1176 3931 1208 3999 ἢ
1248 3930 1340 3983 τοῦ
1389 3931 1637 4002 Σωτῆρος
1661 3930 1816 4001 ἡμῶν

239 4013 422 4089 ’Ἰησοῦ
475 4021 739 4090 Χριστοῦ;
773 4021 838 4074 δι’
864 4023 930 4092 ἣν
955 4023 1047 4074 καὶ
1075 4021 1191 4092 μεθ’
1223 4025 1286 4094 ἣν
1310 4023 1522 4076 ἅπαντα
1553 4023 1816 4094 μετῆλθον

235 4111 419 4173 αὐτοῖς
449 4111 516 4164 τὰ
545 4115 1010 4185 προηγορευμένα.

1926 1810 2055 1866 Jesu
2081 1812 2306 1878 Christi,
2340 1819 2505 1868 verba
2535 1832 2655 1878 ante
2685 1824 2990 1886 sequuntur
3049 1823 3173 1886 post
3231 1815 3364 1870 illud
3414 1817 3499 1874 di-

1931 1911 2101 1969 ctum,
2167 1923 2187 1956 ι
2222 1905 2337 1960 Nisi
2376 1907 2634 1962 Dominus
2689 1906 2927 1962 Sabaoth
2994 1908 3306 1978 reliquisset
3338 1908 3499 1964 nobis

1928 2013 2134 2062 semen,
2161 1999 2315 2067 quasi
2364 1996 2599 2053 Sodoma
2635 1999 2760 2053 facti
2788 2015 3056 2064 essemus,
3098 2008 3151 2054 et
3207 2000 3349 2054 sicut
3389 1996 3494 2054 Go-

1925 2091 2146 2145 morrha
2193 2092 2399 2146 similes
2432 2091 2744 2152 fuissemus,
2783 2112 2800 2144 ι
2837 2093 3152 2147 universum
3207 2091 3493 2148 Judaicum

1925 2184 2204 2254 populum,
2245 2183 2584 2246 Gomorrhm,
2633 2186 2890 2254 populum
2926 2185 3276 2254 appellantia,
3301 2195 3353 2240 et
3397 2201 3494 2240 eo-

1925 2293 2044 2332 rum
2078 2279 2268 2342 duccs,
2309 2298 2326 2328 ι
2371 2280 2644 2349 principes
2710 2277 3092 2340 Sodomorum,
3123 2298 3141 2330 ι
3190 2279 3494 2350 adjungunt

1926 2371 2274 2437 rejectionem
2307 2369 2527 2424 Mosaici
2560 2371 2720 2432 titus,
2758 2369 2962 2442 et_ejus
2994 2368 3326 2426 Testamenti
3376 2385 3495 2424 mo-

1923 2463 2071 2526 dum,
2103 2463 2244 2532 quod
2272 2478 2364 2531 per
2394 2461 2726 2516 Salvator-em
2764 2473 3010 2516 nostrum
3037 2463 3294 2518 omnibus
3327 2463 3497 2516 homi-

1925 2553 2087 2606 nibus
2110 2553 2486 2606 denuntiatum
2510 2561 2593 2606 est
2620 2550 2765 2621 (cum
2799 2551 3134 2606 Testamenti
3176 2551 3320 2615 dico,
3373 2551 3495 2620 ejus

1921 2643 2372 2714 regenerationis,
2404 2660 2526 2714 quae
2558 2644 2614 2696 lit
2647 2659 2742 2714 per
2773 2644 3047 2697 lavacrum
3073 2643 3334 2712 intelligo)
3366 2660 3491 2697 ver-

1921 2736 2159 2806 bumque
2189 2736 2347 2806 plane
2377 2752 2574 2790 novum
2605 2751 2667 2789 ac
2693 2736 2861 2804 legem
2891 2735 3265 2799 introducunt,
3308 2735 3399 2788 ubi
3425 2735 3492 2790 de

1924 2826 2126 2880 talibus
2194 2818 2519 2894 praedicunt:
2575 2824 2663 2878 Sic
2716 2826 2879 2896 igitur
2927 2826 3170 2880 habent:
3220 2843 3238 2875 ι
3298 2825 3493 2880 Audite

1922 2917 2146 2971 verbum
2196 2915 2430 2979 Domini,
2459 2916 2730 2986 principes
2792 2915 3178 2982 Sodomorum,
3227 2916 3491 2972 attendite

1868 3038 1886 3054 -ι
1922 3007 2094 3076 legem
2123 3005 2355 3073 Domini,
2391 3009 2623 3078 populus
2651 3007 2986 3062 Gomorrhte.
3021 3008 3158 3074 Quid
3192 3008 3322 3062 mihi
3355 3009 3490 3062 mul-

1865 3077 1888 3094 ”
1927 3098 2103 3152 titudo
2127 3099 2468 3154 victimarum
2501 3109 2804 3153 vestrarum
2837 3101 2881 3131 ’³
2911 3100 2933 3154 ?
2962 3119 2980 3152 ›
3015 3109 3066 3154 et
3098 3110 3288 3155 caetera
3323 3116 3335 3151 :
3370 3115 3494 3171 qua

1925 3196 1984 3240 ut
2013 3189 2233 3258 propria
2267 3190 2441 3259 legum
2472 3207 2500 3244 a
2531 3186 2713 3261 Meyse
2740 3191 3038 3260 positarum
3067 3189 3319 3245 auferens
3351 3230 3366 3254 ,
3397 3205 3492 3243 co-

1923 3297 2040 3335 rum
2079 3283 2197 3336 loco
2221 3283 2385 3337 alium
2417 3283 2723 3338 remittendi
2752 3291 2970 3353 peccata
2995 3283 3212 3336 modum
3239 3282 3490 3338 introdu-

1921 3376 2019 3440 cit,
2049 3389 2171 3429 eum
2195 3373 2448 3428 videlicet
2473 3375 2562 3444 qui
2595 3389 2689 3444 per
2724 3375 2998 3427 lavacrum
3053 3374 3247 3429 salutis
3296 3384 3350 3429 et
3395 3390 3492 3445 per

1918 3483 2036 3522 eam
2085 3481 2205 3536 qua:
2226 3479 2350 3518 eum
2385 3466 2487 3519 hoc
2513 3466 2838 3537 praedicatur
2870 3466 3036 3522 vitam
3077 3466 3384 3521 celebratur
3409 3467 3490 3522 sic

1917 3559 2136 3615 dicens:
2168 3577 2186 3609 ι
2212 3558 2512 3621 Lavamini,
2536 3560 2719 3614 mundi
2747 3569 2942 3624 estote,
2966 3559 3171 3614 auferte
3191 3560 3489 3630 pravitates

1919 3655 1987 3709 ab
2018 3654 2215 3708 animis
2247 3654 2443 3708 vestris
2473 3653 2540 3716 “,
2573 3671 2591 3703 ι
2617 3661 2670 3706 et
2693 3667 2812 3721 quae
2829 3653 3276 3722 sequuntur.Cur
3307 3660 3486 3705 autem

1919 3745 2196 3816 principes
2231 3744 2588 3798 Sodomorum
2621 3750 2672 3796 et
2718 3742 2976 3811 populum
3023 3741 3340 3795 Gomorrhte
3389 3756 3490 3796 eos

1920 3838 2302 3898 nominaverit,
2335 3837 2476 3890 idem
2511 3835 2657 3889 illico
2674 3831 3038 3903 exposuit,sic
3066 3834 3248 3887 dicens
3279 3851 3336 3887 ;‹
3367 3833 3485 3888 Ma-

1921 3946 2025 3985 nus
2051 3930 2193 3984 enim
2221 3936 2414 3982 vestra:
2442 3927 2612 3996 plenae
2640 3925 2904 3996 sanguine
2933 3926 2999 3978 ".
3034 3944 3054 3978 ›
3081 3925 3147 3980 Ει
3173 3942 3364 3982 rursus
3393 3926 3484 3982 ubi

1919 4023 2137 4094 paulum
2171 4035 2492 4091 progressus
2535 4025 2643 4081 est,
2674 4019 2750 4072 ait
2787 4037 2799 4072 :
2848 4035 2866 4067 ι
2911 4015 3250 4088 lniquitatem
3303 4033 3487 4086 suam,

1921 4119 1979 4167 ut
2007 4113 2368 4168 Sodomorum
2410 4111 2795 4164 nuntiaverunt
2854 4117 3018 4179 atque
3083 4109 3480 4168 indicaverunt.

236 4201 330 4258 Va:
397 4206 592 4260 anima:
645 4208 856 4261 illorum
898 4211 1195 4280 :quoniam
1250 4212 1624 4280 cogitaverunt
1679 4212 1969 4266 consilium
2043 4225 2264 4278 pravunt
2311 4216 2499 4261 contra
2567 4210 2776 4274 seipsos
2831 4206 3126 4261 dicentes:
3165 4204 3485 4276 Ligabimus

229 4296 465 4364 justum,
497 4301 751 4370 quoniam
783 4299 992 4358 inutilis
1039 4305 1196 4359 nobis
1221 4318 1304 4361 est
1327 4307 1416 4360 "z
1459 4326 1478 4357 ι
1520 4308 1608 4361 ubi
1651 4323 1775 4362 cum
1833 4306 1900 4361 de
1933 4305 2166 4376 quodam
2216 4302 2479 4372 sanguine
2506 4309 2559 4354 et
2598 4301 2665 4356 de
2713 4299 2929 4355 insidiis
2974 4301 3234 4358 adversus
3269 4301 3482 4370 justum

232 4392 525 4460 quemdam
559 4396 888 4454 mentionem
935 4397 1140 4463 fecerit,
1189 4417 1349 4470 quem
1393 4401 1537 4456 hunc
1585 4402 1802 4456 tandem
1839 4402 2066 4471 intelligi
2096 4399 2230 4462 vult,
2286 4399 2390 4452 nisi
2428 4396 2763 4451 Salvatorem
2806 4404 3055 4450 nostrum
3095 4394 3277 4451 Jesum
3321 4396 3486 4451 Chri-

235 4488 425 4541 stum?
449 4499 670 4560 propter
700 4508 858 4561 quem
889 4503 941 4546 et
995 4503 1116 4563 post
1179 4510 1339 4565 quem
1391 4497 1572 4550 omnia
1609 4498 1661 4551 in
1685 4499 1808 4553 illos
1842 4511 2179 4568 quacunque
2207 4494 2353 4549 dicta
2379 4501 2527 4558 sunt,
2557 4491 2953 4548 redundarunt.

229 4611 356 4682 ᾼΖξ.
393 4609 712 4682 Τοῦᾼαὺτοῦ
746 4611 1004 4682 Ἡσαΐου.
1039 4642 1105 4652 -—
1137 4613 1262 4666 Ὅτι
1294 4612 1390 4666 διὰ
1426 4613 1532 4668 τὸν
1569 4613 1812 4682 Σωτῆρα

1920 4607 2174 4668 XXXVII.
2201 4611 2280 4665 Ab
2312 4612 2492 4682 eodem
2523 4610 2783 4682 lsaia._-
2817 4608 2970 4674 Quod
3014 4619 3224 4678 propter
3279 4610 3483 4682 Salua—

303 4678 472 4752 ἠμῶν
516 4679 750 4752 Ἰησοῦν
779 4681 1033 4752 Χριστὸν
1055 4685 1151 4736 καί
1171 4684 1322 4752 μετὰ
1337 4684 1450 4752 τὴν
1465 4683 1650 4738 αὑτοῦ
1670 4678 1811 4751 πὶιρ-

299 4751 521 4802 ουσίαν
541 4750 804 4824 ,ἅπαντα-
826 4751 898 4804 τὰ
941 4753 1059 4806 ὑπὸ
1116 4750 1222 4824 τοῦ
1268 4750 1576 4823 προφήτου
1625 4750 1805 4824 προη-

303 4819 630 4889 τορευμὲνα
656 4820 956 4890 μετῆλθον
991 4823 1212 4890 αὐτοῖς.

303 4954 324 4985 ι
367 4935 447 5003 Τῇ
473 4933 528 4986 δὲ
553 4933 734 5004 ἡμέρᾳ
765 4935 948 5006 ἐκείνῃ
1000 4935 1292 5006 ὲπιλάμψει
1329 4939 1357 4990 6
1389 4935 1521 5000 Θεὸς
1551 4939 1607 4990 ἐν
1642 4937 1802 5009 βουλῇ

228 5026 367 5096 μετά
385 5026 544 5095 δόξης
561 5027 651 5078 ἐπὶ
669 5025 768 5095 τῆς
789 5027 911 5097 γῆς,
928 5027 1018 5080 τοῦ
1043 5027 1252 5096 ὑψῶσαι
1270 5030 1362 5083 καὶ
1385 5029 1479 5082 τοῦ
1504 5030 1720 5098 δοξάσαι
1741 5031 1806 5084 τὸ

225 5116 586 5186 καταλειφθὲν
620 5116 711 5170 τοῦ
749 5117 964 5188 Ἰσραὴλ
982 5120 1040 5171 ἐν
1062 5118 1220 5183 Σιὼν,
1243 5122 1335 5173 καὶ
1356 5121 1417 5174 τὸ
1447 5121 1804 5190 καταλειφθὲν

224 5215 284 5264 ἐν
323 5210 708 5280 Ἰερουσαλήμ·
746 5211 891 5279 ἆγιοι
943 5211 1300 5284 κληθήσονται
1347 5215 1543 5279 πάντες
1591 5216 1638 5268 οἱ
1671 5232 1807 5288 γρα-

223 5303 420 5371 φέντες
442 5303 520 5364 εἰς
548 5300 691 5372 ζωὴν
718 5303 793 5364 εἰς
810 5303 1113 5376 Ἰερουσαλή
1123 5322 1180 5374 μ.
1208 5325 1227 5357 ι
1250 5307 1358 5358 Καὶ
1381 5307 1430 5359 τί
1450 5307 1490 5360 δ’
1517 5307 1582 5360 ἂν
1599 5307 1806 5376 γένοιτο

220 5395 282 5446 τὸ
317 5395 673 5462 καταλειφθὲν
721 5394 816 5447 τοῦ
862 5395 1075 5467 Ἰσραὴλ
1098 5436 1112 5460 ,
1153 5396 1313 5461 αὐτὸς
1350 5399 1380 5449 6
1415 5403 1697 5469 προφήτης
1733 5398 1811 5451 δι·-

221 5487 496 5556 εσάφησεν
528 5487 715 5538 είπὼν·
751 5505 769 5532 σ
807 5488 1008 5551 Πάντες
1027 5490 1074 5540 oi
1095 5491 1391 5561 γραφέντες
1429 5493 1506 5556 είς
1547 5491 1812 5564 Ἰερουσα-

306 5605 346 5634 ²¹
379 5602 536 5657 Rom.
581 5618 656 5664 lx,
689 5602 877 5657 27-29.

982 5605 1026 5634 "
1064 5601 1222 5662 Rom.
1259 5622 1336 5673 ιι,
1371 5607 1488 5663 1-5.

225 5669 351 5742 Sap.
385 5690 444 5737 ll,
480 5673 567 5728 £2.

647 5676 690 5707 ³⁷
723 5673 827 5728 lsa.
859 5689 934 5738 tv,
963 5674 1080 5735 2,3.

1593 5607 1639 5640 ⁸³
1671 5604 1776 5664 lsa.
1811 5622 1850 5673 ι,
1885 5605 2076 5662 10-“.

1988 4695 2150 4738 torem
2191 4694 2425 4736 nostrum
2459 4680 2640 4736 Iesum
2677 4680 2966 4744 Christum,
2997 4691 3045 4733 et
3091 4689 3208 4749 post
3248 4680 3481 4748 ejusdem

1985 4755 2284 4816 adventum,
2317 4753 2491 4807 omnia
2513 4769 2625 4823 qua:
2662 4751 2809 4808 dicta
2846 4761 2966 4804 sunt
2998 4768 3030 4804 α
3057 4749 3335 4820 Propheta,
3371 4750 3482 4804 illis.

1983 4825 2288 4878 acciderint.

1989 4957 2007 4988 ι
2047 4937 2104 4992 1η
2130 4939 2216 4993 die
2234 4937 2348 5000 illa,
2380 4936 2659 4991 illucescet
2694 4933 2837 4989 Deus
2860 4933 2914 4987 in
2947 4930 3176 4986 consilio
3209 4945 3331 4984 cum
3361 4929 3480 5001 glo-

1913 5033 1991 5086 ria
2023 5033 2077 5086 in
2117 5040 2283 5095 terra,
2323 5036 2382 5083 ut
2415 5028 2642 5084 extollat
2679 5034 2732 5080 et
2777 5026 3038 5096 glorificet
3077 5023 3150 5086 id,
3181 5022 3320 5092 quod
3350 5021 3481 5076 reli-

1904 5141 2071 5195 quum
2102 5123 2265 5177 fuerit
2299 5138 2364 5176 ex
2388 5120 2576 5184 lseael,
2611 5127 2665 5174 et
2700 5119 2804 5173 erit
2852 5116 2982 5171 illud
3018 5111 3284 5184 reliquum
3312 5128 3376 5166 ex
3401 5111 3482 5168 ls-

1905 5217 2019 5270 rael
2052 5217 2106 5270 in
2143 5215 2298 5275 Sion.
2332 5211 2550 5283 etquod
2579 5213 2826 5266 relictum
2869 5209 3029 5262 fuerit
3067 5208 3120 5260 in
3152 5205 3484 5266 Jerusalem;

1903 5308 2014 5378 66
2041 5307 2216 5362 sancti
2270 5304 2632 5366 vocabuntur,
2669 5313 2859 5354 omnes
2900 5298 2990 5367 qui
3028 5297 3215 5365 scripti
3253 5301 3386 5350 sunt
3411 5293 3486 5348 ad.

1908 5400 2073 5453 vitam
2129 5398 2181 5451 in
2228 5396 2528 5452 Jerusalem
2550 5395 2616 5448 ".
2657 5414 2676 5445 ι
2721 5391 3002 5456 Quodnam
3050 5405 3178 5444 vero
3221 5389 3294 5445 sit
3347 5385 3487 5443 illud

1907 5490 2173 5560 reliquum
2201 5503 2266 5543 ex
2311 5487 2501 5552 lsrael,
2533 5487 2648 5558 ipse
2697 5481 2956 5552 propheta
2983 5479 3315 5549 explanavit,
3349 5491 3479 5530 cum
3573 5555 3576 5557 _

2151 5604 2197 5638 ιδ
2227 5604 2356 5661 ibid.
2388 5601 2473 5660 ιθ.
2554 5605 2597 5638 ιε
2627 5598 2762 5655 ibid.
2793 5597 2880 5652 ιε.
2956 5594 3135 5654 “15a.
3179 5591 3484 5667 m,9,to;
