  <div class='ocr_page' id='page_1' title='image "/cluster/home/n/w/nwhite01/storage/ocr_20150623/22/hvd.32044073501132/071.png"; bbox 0 0 3974 6208; ppageno 0'>
   <div class='ocr_carea' id='block_1_1' title="bbox 455 210 3005 277">
    <p class='ocr_par' dir='ltr' id='par_1_1' title="bbox 455 210 3005 277">
     <span class='ocr_line' id='line_1_1' title="bbox 455 210 3005 277; baseline -0.003 -1"><span class='ocrx_word' id='word_1_1' title='bbox 455 222 544 277; x_wconf 64' lang='lat' dir='ltr'><strong>liii</strong></span> <span class='ocrx_word' id='word_1_2' title='bbox 1082 213 1352 273; x_wconf 84' lang='lat' dir='ltr'><strong>EUSEBII</strong></span> <span class='ocrx_word' id='word_1_3' title='bbox 1389 210 1870 269; x_wconf 64' lang='lat' dir='ltr'><strong>CESARIENSIS</strong></span> <span class='ocrx_word' id='word_1_4' title='bbox 1908 210 2059 269; x_wconf 79' lang='lat' dir='ltr'><strong>OPP.</strong></span> <span class='ocrx_word' id='word_1_5' title='bbox 2093 211 2272 269; x_wconf 79' lang='lat' dir='ltr'><strong>PARS</strong></span> <span class='ocrx_word' id='word_1_6' title='bbox 2312 213 2378 270; x_wconf 88' lang='grc' dir='ltr'>ιι.</span> <span class='ocrx_word' id='word_1_7' title='bbox 2422 244 2489 255; x_wconf 91' lang='lat'><strong>-</strong></span> <span class='ocrx_word' id='word_1_8' title='bbox 2524 210 3005 270; x_wconf 80' lang='lat' dir='ltr'><strong>APOLOGETICA</strong></span> 
     </span>
    </p>
   </div>
   <div class='ocr_carea' id='block_1_2' title="bbox 3589 212 3705 269">
    <p class='ocr_par' dir='ltr' id='par_1_2' title="bbox 3589 212 3705 269">
     <span class='ocr_line' id='line_1_2' title="bbox 3589 212 3705 269; baseline 0 0"><span class='ocrx_word' id='word_1_9' title='bbox 3589 212 3705 269; x_wconf 71' lang='grc'><strong>132</strong></span> 
     </span>
    </p>
   </div>
   <div class='ocr_carea' id='block_1_3' title="bbox 445 326 2034 407">
    <p class='ocr_par' dir='ltr' id='par_1_3' title="bbox 445 330 2020 407">
     <span class='ocr_line' id='line_1_3' title="bbox 445 330 2020 407; baseline -0.004 -14"><span class='ocrx_word' id='word_1_10' title='bbox 445 338 585 393; x_wconf 81' lang='lat' dir='ltr'><strong>dixit</strong></span> <span class='ocrx_word' id='word_1_11' title='bbox 612 354 627 391; x_wconf 88' lang='lat'><strong>:</strong></span> <span class='ocrx_word' id='word_1_12' title='bbox 663 357 686 393; x_wconf 75' lang='grc' dir='ltr'><strong>ι</strong></span> <span class='ocrx_word' id='word_1_13' title='bbox 720 352 910 395; x_wconf 85' lang='lat' dir='ltr'><strong>omnes</strong></span> <span class='ocrx_word' id='word_1_14' title='bbox 935 335 1029 407; x_wconf 88' lang='lat' dir='ltr'><strong>qui</strong></span> <span class='ocrx_word' id='word_1_15' title='bbox 1073 334 1260 405; x_wconf 80' lang='lat' dir='ltr'><strong>scripti</strong></span> <span class='ocrx_word' id='word_1_16' title='bbox 1294 340 1424 389; x_wconf 92' lang='lat' dir='ltr'><strong>sunt</strong></span> <span class='ocrx_word' id='word_1_17' title='bbox 1458 334 1514 388; x_wconf 91' lang='lat' dir='ltr'><strong>in</strong></span> <span class='ocrx_word' id='word_1_18' title='bbox 1553 330 1878 398; x_wconf 78' lang='lat' dir='ltr'><strong>Jerusalem,</strong></span> <span class='ocrx_word' id='word_1_19' title='bbox 1913 349 1933 383; x_wconf 81' lang='grc' dir='ltr'><strong>ι</strong></span> <span class='ocrx_word' id='word_1_20' title='bbox 1965 338 2020 387; x_wconf 93' lang='lat' dir='ltr'><strong>et</strong></span> 
     </span>
    </p>
   </div>
   <div class='ocr_carea' id='block_1_4' title="bbox 2137 326 3705 407">
    <p class='ocr_par' dir='ltr' id='par_1_4' title="bbox 2137 326 3705 406">
     <span class='ocr_line' id='line_1_4' title="bbox 2137 326 3705 406; baseline -0.001 -18"><span class='ocrx_word' id='word_1_21' title='bbox 2137 332 2248 405; x_wconf 71' lang='grc' dir='ltr'>ιὴμ,</span> <span class='ocrx_word' id='word_1_22' title='bbox 2279 334 2373 389; x_wconf 76' lang='grc' dir='ltr'><strong>καὶ</strong></span> <span class='ocrx_word' id='word_1_23' title='bbox 2409 336 2458 388; x_wconf 83' lang='grc' dir='ltr'><strong>οί</strong></span> <span class='ocrx_word' id='word_1_24' title='bbox 2483 333 2774 405; x_wconf 79' lang='grc' dir='ltr'>κληθέντες</span> <span class='ocrx_word' id='word_1_25' title='bbox 2800 334 2963 404; x_wconf 75' lang='grc' dir='ltr'>ἅγιοι.</span> <span class='ocrx_word' id='word_1_26' title='bbox 2999 332 3099 396; x_wconf 85' lang='grc' dir='ltr'>Τίς</span> <span class='ocrx_word' id='word_1_27' title='bbox 3136 326 3231 387; x_wconf 82' lang='grc' dir='ltr'>οὖν</span> <span class='ocrx_word' id='word_1_28' title='bbox 3265 332 3405 406; x_wconf 83' lang='grc' dir='ltr'>αῦτη</span> <span class='ocrx_word' id='word_1_29' title='bbox 3430 332 3465 404; x_wconf 83' lang='grc' dir='ltr'>ἠ</span> <span class='ocrx_word' id='word_1_30' title='bbox 3494 331 3705 405; x_wconf 70' lang='grc' dir='ltr'>ἡμέρα,</span> 
     </span>
    </p>
   </div>
   <div class='ocr_carea' id='block_1_5' title="bbox 445 422 2021 501">
    <p class='ocr_par' dir='ltr' id='par_1_5' title="bbox 445 422 2021 501">
     <span class='ocr_line' id='line_1_5' title="bbox 445 422 2021 501; baseline -0.004 -16"><span class='ocrx_word' id='word_1_31' title='bbox 445 431 539 501; x_wconf 85' lang='lat' dir='ltr'><strong>qui</strong></span> <span class='ocrx_word' id='word_1_32' title='bbox 590 430 773 486; x_wconf 91' lang='lat' dir='ltr'><strong>vocati</strong></span> <span class='ocrx_word' id='word_1_33' title='bbox 822 428 1022 485; x_wconf 90' lang='lat' dir='ltr'><strong>sancti.</strong></span> <span class='ocrx_word' id='word_1_34' title='bbox 1060 445 1079 479; x_wconf 76' lang='grc' dir='ltr'><strong>ι</strong></span> <span class='ocrx_word' id='word_1_35' title='bbox 1116 423 1250 494; x_wconf 71' lang='lat' dir='ltr'><strong>Quae</strong></span> <span class='ocrx_word' id='word_1_36' title='bbox 1289 433 1470 481; x_wconf 90' lang='lat' dir='ltr'><strong>autem</strong></span> <span class='ocrx_word' id='word_1_37' title='bbox 1518 424 1591 479; x_wconf 89' lang='lat' dir='ltr'><strong>sit</strong></span> <span class='ocrx_word' id='word_1_38' title='bbox 1638 423 1759 479; x_wconf 90' lang='lat' dir='ltr'><strong>dies</strong></span> <span class='ocrx_word' id='word_1_39' title='bbox 1814 422 1927 487; x_wconf 89' lang='lat' dir='ltr'><strong>illa,</strong></span> <span class='ocrx_word' id='word_1_40' title='bbox 1963 422 2021 478; x_wconf 89' lang='lat' dir='ltr'><strong>in</strong></span> 
     </span>
    </p>
   </div>
   <div class='ocr_carea' id='block_1_6' title="bbox 445 504 2021 592">
    <p class='ocr_par' dir='ltr' id='par_1_6' title="bbox 445 504 2021 592">
     <span class='ocr_line' id='line_1_6' title="bbox 445 504 2021 592; baseline -0.003 -16"><span class='ocrx_word' id='word_1_41' title='bbox 445 537 552 592; x_wconf 90' lang='lat' dir='ltr'><strong>qua</strong></span> <span class='ocrx_word' id='word_1_42' title='bbox 582 520 731 578; x_wconf 84' lang='lat' dir='ltr'><strong>Deus</strong></span> <span class='ocrx_word' id='word_1_43' title='bbox 762 504 1198 591; x_wconf 26' lang='lat' dir='ltr'><strong>‘glorilicaturus,</strong></span> <span class='ocrx_word' id='word_1_44' title='bbox 1222 524 1277 574; x_wconf 89' lang='lat' dir='ltr'><strong>et</strong></span> <span class='ocrx_word' id='word_1_45' title='bbox 1302 517 1356 572; x_wconf 93' lang='lat' dir='ltr'><strong>in</strong></span> <span class='ocrx_word' id='word_1_46' title='bbox 1401 514 1625 572; x_wconf 87' lang='lat' dir='ltr'><strong>sublimi</strong></span> <span class='ocrx_word' id='word_1_47' title='bbox 1655 515 2021 571; x_wconf 87' lang='lat' dir='ltr'><strong>collocaturus</strong></span> 
     </span>
    </p>
   </div>
   <div class='ocr_carea' id='block_1_7' title="bbox 444 607 2023 684">
    <p class='ocr_par' dir='ltr' id='par_1_7' title="bbox 444 607 2023 684">
     <span class='ocr_line' id='line_1_7' title="bbox 444 607 2023 684; baseline -0.005 -14"><span class='ocrx_word' id='word_1_48' title='bbox 444 614 672 678; x_wconf 89' lang='lat' dir='ltr'><strong>dicitur,</strong></span> <span class='ocrx_word' id='word_1_49' title='bbox 704 632 723 665; x_wconf 80' lang='grc' dir='ltr'><strong>ι</strong></span> <span class='ocrx_word' id='word_1_50' title='bbox 758 612 814 667; x_wconf 84' lang='lat' dir='ltr'><strong>id</strong></span> <span class='ocrx_word' id='word_1_51' title='bbox 857 611 1004 684; x_wconf 87' lang='lat' dir='ltr'><strong>quod</strong></span> <span class='ocrx_word' id='word_1_52' title='bbox 1051 611 1322 681; x_wconf 80' lang='lat' dir='ltr'><strong>reliquum</strong></span> <span class='ocrx_word' id='word_1_53' title='bbox 1368 608 1534 664; x_wconf 80' lang='lat' dir='ltr'><strong>fuerit</strong></span> <span class='ocrx_word' id='word_1_54' title='bbox 1572 624 1639 664; x_wconf 77' lang='lat' dir='ltr'><strong>ex</strong></span> <span class='ocrx_word' id='word_1_55' title='bbox 1688 607 1876 673; x_wconf 93' lang='lat' dir='ltr'><strong>Israel,</strong></span> <span class='ocrx_word' id='word_1_56' title='bbox 1914 626 1934 660; x_wconf 75' lang='grc' dir='ltr'><strong>ι</strong></span> <span class='ocrx_word' id='word_1_57' title='bbox 1967 612 2023 663; x_wconf 79' lang='lat' dir='ltr'><strong>et</strong></span> 
     </span>
    </p>
   </div>
   <div class='ocr_carea' id='block_1_8' title="bbox 445 699 2019 776">
    <p class='ocr_par' dir='ltr' id='par_1_8' title="bbox 445 699 2019 776">
     <span class='ocr_line' id='line_1_8' title="bbox 445 699 2019 776; baseline -0.005 -14"><span class='ocrx_word' id='word_1_58' title='bbox 445 720 562 767; x_wconf 87' lang='lat' dir='ltr'><strong>eos,</strong></span> <span class='ocrx_word' id='word_1_59' title='bbox 602 705 695 776; x_wconf 91' lang='lat' dir='ltr'><strong>qui</strong></span> <span class='ocrx_word' id='word_1_60' title='bbox 714 703 946 759; x_wconf 79' lang='lat' dir='ltr'><strong>vocandi</strong></span> <span class='ocrx_word' id='word_1_61' title='bbox 978 711 1104 759; x_wconf 89' lang='lat' dir='ltr'><strong>sunt</strong></span> <span class='ocrx_word' id='word_1_62' title='bbox 1128 702 1323 766; x_wconf 91' lang='lat' dir='ltr'><strong>sancti,</strong></span> <span class='ocrx_word' id='word_1_63' title='bbox 1351 708 1406 756; x_wconf 89' lang='lat' dir='ltr'><strong>et</strong></span> <span class='ocrx_word' id='word_1_64' title='bbox 1431 699 1709 757; x_wconf 84' lang='lat' dir='ltr'><strong>scribendi</strong></span> <span class='ocrx_word' id='word_1_65' title='bbox 1737 699 1805 755; x_wconf 87' lang='lat' dir='ltr'><strong>ad</strong></span> <span class='ocrx_word' id='word_1_66' title='bbox 1832 700 2019 767; x_wconf 91' lang='lat' dir='ltr'><strong>vitam,</strong></span> 
     </span>
    </p>
   </div>
   <div class='ocr_carea' id='block_1_9' title="bbox 445 791 2022 867">
    <p class='ocr_par' dir='ltr' id='par_1_9' title="bbox 445 791 2022 867">
     <span class='ocr_line' id='line_1_9' title="bbox 445 791 2022 867; baseline -0.003 -15"><span class='ocrx_word' id='word_1_67' title='bbox 445 791 491 845; x_wconf 81' lang='lat' dir='ltr'><strong>si</strong></span> <span class='ocrx_word' id='word_1_68' title='bbox 529 806 701 853; x_wconf 86' lang='lat' dir='ltr'><strong>totam</strong></span> <span class='ocrx_word' id='word_1_69' title='bbox 741 796 908 867; x_wconf 83' lang='lat' dir='ltr'><strong>hujus</strong></span> <span class='ocrx_word' id='word_1_70' title='bbox 945 794 1296 851; x_wconf 71' lang='lat' dir='ltr'><strong>sectiuncula:</strong></span> <span class='ocrx_word' id='word_1_71' title='bbox 1339 793 1704 848; x_wconf 75' lang='lat' dir='ltr'><strong>narrationem</strong></span> <span class='ocrx_word' id='word_1_72' title='bbox 1733 806 2022 863; x_wconf 84' lang='lat' dir='ltr'><strong>percurre-</strong></span> 
     </span>
    </p>
   </div>
   <div class='ocr_carea' id='block_1_10' title="bbox 450 881 2024 957">
    <p class='ocr_par' dir='ltr' id='par_1_10' title="bbox 450 881 2024 957">
     <span class='ocr_line' id='line_1_10' title="bbox 450 881 2024 957; baseline -0.004 -13"><span class='ocrx_word' id='word_1_73' title='bbox 450 889 551 953; x_wconf 90' lang='lat' dir='ltr'><strong>ris,</strong></span> <span class='ocrx_word' id='word_1_74' title='bbox 586 888 746 944; x_wconf 78' lang='lat' dir='ltr'><strong>facile</strong></span> <span class='ocrx_word' id='word_1_75' title='bbox 775 888 976 946; x_wconf 86' lang='lat' dir='ltr'><strong>disces.</strong></span> <span class='ocrx_word' id='word_1_76' title='bbox 1003 885 1166 941; x_wconf 91' lang='lat' dir='ltr'><strong>Initio</strong></span> <span class='ocrx_word' id='word_1_77' title='bbox 1197 886 1364 957; x_wconf 78' lang='lat' dir='ltr'><strong>igitur</strong></span> <span class='ocrx_word' id='word_1_78' title='bbox 1394 886 1563 940; x_wconf 81' lang='lat' dir='ltr'><strong>totius</strong></span> <span class='ocrx_word' id='word_1_79' title='bbox 1597 884 1744 949; x_wconf 85' lang='lat' dir='ltr'><strong>libri,</strong></span> <span class='ocrx_word' id='word_1_80' title='bbox 1777 898 1901 939; x_wconf 92' lang='lat' dir='ltr'><strong>cum</strong></span> <span class='ocrx_word' id='word_1_81' title='bbox 1928 881 2024 937; x_wconf 89' lang='lat' dir='ltr'><strong>ad-</strong></span> 
     </span>
    </p>
   </div>
   <div class='ocr_carea' id='block_1_11' title="bbox 450 974 2025 1040">
    <p class='ocr_par' dir='ltr' id='par_1_11' title="bbox 450 974 2025 1040">
     <span class='ocr_line' id='line_1_11' title="bbox 450 974 2025 1040; baseline -0.004 -5"><span class='ocrx_word' id='word_1_82' title='bbox 450 996 645 1037; x_wconf 86' lang='lat' dir='ltr'><strong>versus</strong></span> <span class='ocrx_word' id='word_1_83' title='bbox 688 978 969 1040; x_wconf 69' lang='lat' dir='ltr'><strong>Judmam,</strong></span> <span class='ocrx_word' id='word_1_84' title='bbox 1036 992 1101 1031; x_wconf 90' lang='lat' dir='ltr'><strong>ac</strong></span> <span class='ocrx_word' id='word_1_85' title='bbox 1143 974 1443 1031; x_wconf 73' lang='lat' dir='ltr'><strong>Jerusalem</strong></span> <span class='ocrx_word' id='word_1_86' title='bbox 1489 975 1753 1030; x_wconf 75' lang='lat' dir='ltr'><strong>visionem</strong></span> <span class='ocrx_word' id='word_1_87' title='bbox 1798 974 2025 1029; x_wconf 73' lang='lat' dir='ltr'><strong>vidisset</strong></span> 
     </span>
    </p>
   </div>
   <div class='ocr_carea' id='block_1_12' title="bbox 451 1065 2025 1145">
    <p class='ocr_par' dir='ltr' id='par_1_12' title="bbox 451 1065 2025 1145">
     <span class='ocr_line' id='line_1_12' title="bbox 451 1065 2025 1145; baseline -0.004 -17"><span class='ocrx_word' id='word_1_88' title='bbox 451 1072 735 1145; x_wconf 84' lang='lat' dir='ltr'><strong>propheta,</strong></span> <span class='ocrx_word' id='word_1_89' title='bbox 769 1078 823 1126; x_wconf 94' lang='lat' dir='ltr'><strong>et</strong></span> <span class='ocrx_word' id='word_1_90' title='bbox 854 1069 1103 1141; x_wconf 82' lang='lat' dir='ltr'><strong>pluribus</strong></span> <span class='ocrx_word' id='word_1_91' title='bbox 1137 1068 1320 1123; x_wconf 80' lang='lat' dir='ltr'><strong>verbis</strong></span> <span class='ocrx_word' id='word_1_92' title='bbox 1368 1067 1536 1123; x_wconf 88' lang='lat' dir='ltr'><strong>totius</strong></span> <span class='ocrx_word' id='word_1_93' title='bbox 1568 1065 1811 1122; x_wconf 74' lang='lat' dir='ltr'><strong>Judaica:</strong></span> <span class='ocrx_word' id='word_1_94' title='bbox 1847 1065 2025 1137; x_wconf 82' lang='lat' dir='ltr'><strong>gentis</strong></span> 
     </span>
    </p>
   </div>
   <div class='ocr_carea' id='block_1_13' title="bbox 454 1159 2024 1235">
    <p class='ocr_par' dir='ltr' id='par_1_13' title="bbox 454 1159 2024 1235">
     <span class='ocr_line' id='line_1_13' title="bbox 454 1159 2024 1235; baseline -0.003 -15"><span class='ocrx_word' id='word_1_95' title='bbox 454 1164 620 1235; x_wconf 90' lang='lat' dir='ltr'><strong>impia</strong></span> <span class='ocrx_word' id='word_1_96' title='bbox 662 1163 905 1217; x_wconf 84' lang='lat' dir='ltr'><strong>facinora</strong></span> <span class='ocrx_word' id='word_1_97' title='bbox 947 1167 1328 1224; x_wconf 85' lang='lat' dir='ltr'><strong>numerasset,</strong></span> <span class='ocrx_word' id='word_1_98' title='bbox 1374 1174 1610 1231; x_wconf 90' lang='lat' dir='ltr'><strong>cumque</strong></span> <span class='ocrx_word' id='word_1_99' title='bbox 1654 1159 2024 1215; x_wconf 89' lang='lat' dir='ltr'><strong>minabundus</strong></span> 
     </span>
    </p>
   </div>
   <div class='ocr_carea' id='block_1_14' title="bbox 453 1248 2026 1322">
    <p class='ocr_par' dir='ltr' id='par_1_14' title="bbox 453 1248 2026 1322">
     <span class='ocr_line' id='line_1_14' title="bbox 453 1248 2026 1322; baseline -0.003 -12"><span class='ocrx_word' id='word_1_100' title='bbox 453 1255 681 1310; x_wconf 80' lang='lat' dir='ltr'><strong>dixisset</strong></span> <span class='ocrx_word' id='word_1_101' title='bbox 708 1254 776 1308; x_wconf 90' lang='lat' dir='ltr'><strong>de</strong></span> <span class='ocrx_word' id='word_1_102' title='bbox 810 1254 1027 1308; x_wconf 91' lang='lat' dir='ltr'><strong>illorum</strong></span> <span class='ocrx_word' id='word_1_103' title='bbox 1069 1252 1377 1317; x_wconf 86' lang='lat' dir='ltr'><strong>eversione,</strong></span> <span class='ocrx_word' id='word_1_104' title='bbox 1426 1251 1602 1322; x_wconf 89' lang='lat' dir='ltr'><strong>deque</strong></span> <span class='ocrx_word' id='word_1_105' title='bbox 1635 1258 1878 1310; x_wconf 72' lang='lat' dir='ltr'><strong>extrema</strong></span> <span class='ocrx_word' id='word_1_106' title='bbox 1935 1248 2026 1306; x_wconf 89' lang='lat' dir='ltr'><strong>Je-</strong></span> 
     </span>
    </p>
   </div>
   <div class='ocr_carea' id='block_1_15' title="bbox 452 1343 2026 1415">
    <p class='ocr_par' dir='ltr' id='par_1_15' title="bbox 452 1343 2026 1415">
     <span class='ocr_line' id='line_1_15' title="bbox 452 1343 2026 1415; baseline -0.002 -13"><span class='ocrx_word' id='word_1_107' title='bbox 452 1348 691 1403; x_wconf 84' lang='lat' dir='ltr'><strong>rusalem</strong></span> <span class='ocrx_word' id='word_1_108' title='bbox 734 1346 1008 1409; x_wconf 79' lang='lat' dir='ltr'><strong>vastitate,</strong></span> <span class='ocrx_word' id='word_1_109' title='bbox 1056 1352 1174 1399; x_wconf 88' lang='lat' dir='ltr'><strong>tum</strong></span> <span class='ocrx_word' id='word_1_110' title='bbox 1210 1344 1368 1400; x_wconf 81' lang='lat' dir='ltr'><strong>linem</strong></span> <span class='ocrx_word' id='word_1_111' title='bbox 1416 1344 1488 1410; x_wconf 91' lang='lat' dir='ltr'><strong>ei,</strong></span> <span class='ocrx_word' id='word_1_112' title='bbox 1516 1360 1639 1415; x_wconf 75' lang='lat' dir='ltr'><strong>qua:</strong></span> <span class='ocrx_word' id='word_1_113' title='bbox 1683 1350 1877 1399; x_wconf 90' lang='lat' dir='ltr'><strong>contra</strong></span> <span class='ocrx_word' id='word_1_114' title='bbox 1902 1343 2026 1399; x_wconf 90' lang='lat' dir='ltr'><strong>illos</strong></span> 
     </span>
    </p>
   </div>
   <div class='ocr_carea' id='block_1_16' title="bbox 451 1433 2022 1506">
    <p class='ocr_par' dir='ltr' id='par_1_16' title="bbox 451 1433 2022 1506">
     <span class='ocr_line' id='line_1_16' title="bbox 451 1433 2022 1506; baseline -0.002 -15"><span class='ocrx_word' id='word_1_115' title='bbox 451 1437 774 1493; x_wconf 85' lang='lat' dir='ltr'><strong>versabatur</strong></span> <span class='ocrx_word' id='word_1_116' title='bbox 818 1435 1261 1506; x_wconf 79' lang='lat' dir='ltr'><strong>contemplationi</strong></span> <span class='ocrx_word' id='word_1_117' title='bbox 1324 1433 1602 1505; x_wconf 89' lang='lat' dir='ltr'><strong>imponit,</strong></span> <span class='ocrx_word' id='word_1_118' title='bbox 1651 1434 1737 1490; x_wconf 89' lang='lat' dir='ltr'><strong>his</strong></span> <span class='ocrx_word' id='word_1_119' title='bbox 1791 1434 1966 1490; x_wconf 81' lang='lat' dir='ltr'><strong>verbis</strong></span> <span class='ocrx_word' id='word_1_120' title='bbox 2007 1452 2022 1488; x_wconf 90' lang='lat'><strong>:</strong></span> 
     </span>
    </p>
   </div>
   <div class='ocr_carea' id='block_1_17' title="bbox 459 1524 2027 1598">
    <p class='ocr_par' dir='ltr' id='par_1_17' title="bbox 459 1524 2027 1598">
     <span class='ocr_line' id='line_1_17' title="bbox 459 1524 2027 1598; baseline -0.001 -16"><span class='ocrx_word' id='word_1_121' title='bbox 459 1547 480 1582; x_wconf 80' lang='grc' dir='ltr'><strong>ι</strong></span> <span class='ocrx_word' id='word_1_122' title='bbox 524 1528 694 1583; x_wconf 86' lang='lat' dir='ltr'><strong>Erunt</strong></span> <span class='ocrx_word' id='word_1_123' title='bbox 723 1528 866 1584; x_wconf 91' lang='lat' dir='ltr'><strong>enim</strong></span> <span class='ocrx_word' id='word_1_124' title='bbox 898 1535 960 1580; x_wconf 90' lang='lat' dir='ltr'><strong>ut</strong></span> <span class='ocrx_word' id='word_1_125' title='bbox 988 1527 1350 1589; x_wconf 84' lang='lat' dir='ltr'><strong>terebinthus,</strong></span> <span class='ocrx_word' id='word_1_126' title='bbox 1380 1527 1608 1598; x_wconf 88' lang='lat' dir='ltr'><strong>abjectis</strong></span> <span class='ocrx_word' id='word_1_127' title='bbox 1633 1524 1797 1588; x_wconf 80' lang='lat' dir='ltr'><strong>foliis,</strong></span> <span class='ocrx_word' id='word_1_128' title='bbox 1827 1534 1882 1581; x_wconf 91' lang='lat' dir='ltr'><strong>et</strong></span> <span class='ocrx_word' id='word_1_129' title='bbox 1900 1533 2027 1580; x_wconf 82' lang='lat' dir='ltr'><strong>tan-</strong></span> 
     </span>
    </p>
   </div>
   <div class='ocr_carea' id='block_1_18' title="bbox 454 1617 2027 1691">
    <p class='ocr_par' dir='ltr' id='par_1_18' title="bbox 454 1617 2027 1691">
     <span class='ocr_line' id='line_1_18' title="bbox 454 1617 2027 1691; baseline -0.001 -18"><span class='ocrx_word' id='word_1_130' title='bbox 454 1636 618 1691; x_wconf 88' lang='lat' dir='ltr'><strong>quam</strong></span> <span class='ocrx_word' id='word_1_131' title='bbox 672 1620 865 1675; x_wconf 87' lang='lat' dir='ltr'><strong>hortus</strong></span> <span class='ocrx_word' id='word_1_132' title='bbox 913 1634 1110 1690; x_wconf 82' lang='lat' dir='ltr'><strong>aquam</strong></span> <span class='ocrx_word' id='word_1_133' title='bbox 1156 1633 1265 1672; x_wconf 89' lang='lat' dir='ltr'><strong>non</strong></span> <span class='ocrx_word' id='word_1_134' title='bbox 1314 1617 1544 1682; x_wconf 88' lang='lat' dir='ltr'><strong>habens,</strong></span> <span class='ocrx_word' id='word_1_135' title='bbox 1591 1626 1646 1673; x_wconf 92' lang='lat' dir='ltr'><strong>et</strong></span> <span class='ocrx_word' id='word_1_136' title='bbox 1691 1626 1853 1672; x_wconf 91' lang='lat' dir='ltr'><strong>erunt</strong></span> <span class='ocrx_word' id='word_1_137' title='bbox 1884 1617 2027 1672; x_wconf 91' lang='lat' dir='ltr'><strong>vires</strong></span> 
     </span>
    </p>
   </div>
   <div class='ocr_carea' id='block_1_19' title="bbox 2127 418 3711 498">
    <p class='ocr_par' dir='ltr' id='par_1_19' title="bbox 2127 418 3711 498">
     <span class='ocr_line' id='line_1_19' title="bbox 2127 418 3711 498; baseline -0.002 -20"><span class='ocrx_word' id='word_1_138' title='bbox 2127 418 2248 498; x_wconf 81' lang='grc' dir='ltr'>ἐνῇ</span> <span class='ocrx_word' id='word_1_139' title='bbox 2289 423 2530 489; x_wconf 77' lang='grc' dir='ltr'><strong>δοξάσειν</strong></span> <span class='ocrx_word' id='word_1_140' title='bbox 2560 426 2590 478; x_wconf 83' lang='grc' dir='ltr'><strong>ὁ</strong></span> <span class='ocrx_word' id='word_1_141' title='bbox 2629 424 2784 489; x_wconf 79' lang='grc' dir='ltr'>Θεὸς,</span> <span class='ocrx_word' id='word_1_142' title='bbox 2831 426 2926 478; x_wconf 74' lang='grc' dir='ltr'>καὶ</span> <span class='ocrx_word' id='word_1_143' title='bbox 2962 422 3199 493; x_wconf 78' lang='grc' dir='ltr'>ὑψώσειν</span> <span class='ocrx_word' id='word_1_144' title='bbox 3241 422 3302 476; x_wconf 80' lang='grc' dir='ltr'>τὸ</span> <span class='ocrx_word' id='word_1_145' title='bbox 3343 420 3711 492; x_wconf 75' lang='grc' dir='ltr'>καταλειφθὲν</span> 
     </span>
    </p>
   </div>
   <div class='ocr_carea' id='block_1_20' title="bbox 2125 513 3712 588">
    <p class='ocr_par' dir='ltr' id='par_1_20' title="bbox 2125 513 3712 588">
     <span class='ocr_line' id='line_1_20' title="bbox 2125 513 3712 588; baseline -0.001 -20"><span class='ocrx_word' id='word_1_146' title='bbox 2125 514 2219 568; x_wconf 90' lang='grc' dir='ltr'><strong>τοῦ</strong></span> <span class='ocrx_word' id='word_1_147' title='bbox 2273 514 2511 588; x_wconf 82' lang='grc' dir='ltr'>Ἰσραὴλ,</span> <span class='ocrx_word' id='word_1_148' title='bbox 2564 517 2660 570; x_wconf 71' lang='grc' dir='ltr'>καὶ</span> <span class='ocrx_word' id='word_1_149' title='bbox 2707 515 2834 580; x_wconf 78' lang='grc' dir='ltr'>τοὺς</span> <span class='ocrx_word' id='word_1_150' title='bbox 2884 513 3323 587; x_wconf 81' lang='grc' dir='ltr'>κληθησομένους</span> <span class='ocrx_word' id='word_1_151' title='bbox 3365 513 3572 583; x_wconf 81' lang='grc' dir='ltr'><strong>ἁγίους,</strong></span> <span class='ocrx_word' id='word_1_152' title='bbox 3606 513 3712 570; x_wconf 78' lang='grc' dir='ltr'>καὶ</span> 
     </span>
    </p>
   </div>
   <div class='ocr_carea' id='block_1_21' title="bbox 2127 604 3711 679">
    <p class='ocr_par' dir='ltr' id='par_1_21' title="bbox 2127 604 3711 679">
     <span class='ocr_line' id='line_1_21' title="bbox 2127 604 3711 679; baseline -0.002 -19"><span class='ocrx_word' id='word_1_153' title='bbox 2127 605 2575 678; x_wconf 81' lang='grc' dir='ltr'>γραφησομένους</span> <span class='ocrx_word' id='word_1_154' title='bbox 2606 608 2684 670; x_wconf 77' lang='grc' dir='ltr'><strong>είς</strong></span> <span class='ocrx_word' id='word_1_155' title='bbox 2722 607 2890 679; x_wconf 80' lang='grc' dir='ltr'>ζωὴν,</span> <span class='ocrx_word' id='word_1_156' title='bbox 2921 605 3158 674; x_wconf 83' lang='grc' dir='ltr'>λέγεται,</span> <span class='ocrx_word' id='word_1_157' title='bbox 3199 604 3563 677; x_wconf 80' lang='grc' dir='ltr'>ἀναδραμόντι</span> <span class='ocrx_word' id='word_1_158' title='bbox 3619 620 3711 658; x_wconf 89' lang='grc' dir='ltr'><strong>σοι</strong></span> 
     </span>
    </p>
   </div>
   <div class='ocr_carea' id='block_1_22' title="bbox 2128 694 3711 770">
    <p class='ocr_par' dir='ltr' id='par_1_22' title="bbox 2128 694 3711 770">
     <span class='ocr_line' id='line_1_22' title="bbox 2128 694 3711 770; baseline 0 -22"><span class='ocrx_word' id='word_1_159' title='bbox 2128 695 2225 767; x_wconf 75' lang='grc' dir='ltr'>τὴν</span> <span class='ocrx_word' id='word_1_160' title='bbox 2263 696 2390 767; x_wconf 81' lang='grc' dir='ltr'>ὃλην</span> <span class='ocrx_word' id='word_1_161' title='bbox 2433 696 2534 768; x_wconf 80' lang='grc' dir='ltr'>τῆς</span> <span class='ocrx_word' id='word_1_162' title='bbox 2565 696 2869 769; x_wconf 82' lang='grc' dir='ltr'><strong>περικοπῆς</strong></span> <span class='ocrx_word' id='word_1_163' title='bbox 2911 697 3159 770; x_wconf 82' lang='grc' dir='ltr'>διήγησιν</span> <span class='ocrx_word' id='word_1_164' title='bbox 3201 695 3357 767; x_wconf 85' lang='grc' dir='ltr'>δῆλον</span> <span class='ocrx_word' id='word_1_165' title='bbox 3402 694 3568 749; x_wconf 83' lang='grc' dir='ltr'>ἔσται.</span> <span class='ocrx_word' id='word_1_166' title='bbox 3610 695 3711 750; x_wconf 77' lang='grc' dir='ltr'><strong>Ἐν</strong></span> 
     </span>
    </p>
   </div>
   <div class='ocr_carea' id='block_1_23' title="bbox 2128 783 3714 860">
    <p class='ocr_par' dir='ltr' id='par_1_23' title="bbox 2128 783 3714 860">
     <span class='ocr_line' id='line_1_23' title="bbox 2128 783 3714 860; baseline -0.001 -19"><span class='ocrx_word' id='word_1_167' title='bbox 2128 788 2268 859; x_wconf 80' lang='grc' dir='ltr'><strong>ἀρχῇ</strong></span> <span class='ocrx_word' id='word_1_168' title='bbox 2293 784 2581 860; x_wconf 78' lang='grc' dir='ltr'><strong>τοιγαροῦν</strong></span> <span class='ocrx_word' id='word_1_169' title='bbox 2623 788 2722 859; x_wconf 79' lang='grc' dir='ltr'>τῆς</span> <span class='ocrx_word' id='word_1_170' title='bbox 2749 787 2877 859; x_wconf 81' lang='grc' dir='ltr'>ὅλης</span> <span class='ocrx_word' id='word_1_171' title='bbox 2907 785 3087 857; x_wconf 76' lang='grc' dir='ltr'>βίϐλου</span> <span class='ocrx_word' id='word_1_172' title='bbox 3128 787 3229 857; x_wconf 81' lang='grc' dir='ltr'>τὴν</span> <span class='ocrx_word' id='word_1_173' title='bbox 3260 783 3400 839; x_wconf 88' lang='grc' dir='ltr'>κατά</span> <span class='ocrx_word' id='word_1_174' title='bbox 3443 784 3543 855; x_wconf 85' lang='grc' dir='ltr'>τῆς</span> <span class='ocrx_word' id='word_1_175' title='bbox 3574 784 3714 840; x_wconf 81' lang='grc' dir='ltr'>Ἰου-</span> 
     </span>
    </p>
   </div>
   <div class='ocr_carea' id='block_1_24' title="bbox 2128 879 3708 957">
    <p class='ocr_par' dir='ltr' id='par_1_24' title="bbox 2128 879 3708 957">
     <span class='ocr_line' id='line_1_24' title="bbox 2128 879 3708 957; baseline 0.003 -24"><span class='ocrx_word' id='word_1_176' title='bbox 2128 879 2283 943; x_wconf 88' lang='grc' dir='ltr'>δαίας</span> <span class='ocrx_word' id='word_1_177' title='bbox 2304 880 2400 935; x_wconf 79' lang='grc' dir='ltr'>καὶ</span> <span class='ocrx_word' id='word_1_178' title='bbox 2426 880 2570 935; x_wconf 76' lang='grc' dir='ltr'>κατά</span> <span class='ocrx_word' id='word_1_179' title='bbox 2605 881 2956 954; x_wconf 77' lang='grc' dir='ltr'>Ἰερουσαλὴμ</span> <span class='ocrx_word' id='word_1_180' title='bbox 2982 880 3107 934; x_wconf 87' lang='grc' dir='ltr'>ίδὼν</span> <span class='ocrx_word' id='word_1_181' title='bbox 3124 881 3313 953; x_wconf 78' lang='grc' dir='ltr'>ὅρασιν</span> <span class='ocrx_word' id='word_1_182' title='bbox 3342 882 3372 934; x_wconf 87' lang='grc' dir='ltr'><strong>ὁ</strong></span> <span class='ocrx_word' id='word_1_183' title='bbox 3396 880 3708 957; x_wconf 63' lang='grc' dir='ltr'>προςιήτης,</span> 
     </span>
    </p>
   </div>
   <div class='ocr_carea' id='block_1_25' title="bbox 2129 970 3711 1045">
    <p class='ocr_par' dir='ltr' id='par_1_25' title="bbox 2129 970 3711 1045">
     <span class='ocr_line' id='line_1_25' title="bbox 2129 970 3711 1045; baseline 0.003 -22"><span class='ocrx_word' id='word_1_184' title='bbox 2129 970 2224 1023; x_wconf 82' lang='grc' dir='ltr'>καὶ</span> <span class='ocrx_word' id='word_1_185' title='bbox 2250 970 2339 1024; x_wconf 90' lang='grc' dir='ltr'><strong>διά</strong></span> <span class='ocrx_word' id='word_1_186' title='bbox 2380 970 2646 1025; x_wconf 81' lang='grc' dir='ltr'>πλείστων</span> <span class='ocrx_word' id='word_1_187' title='bbox 2691 971 3216 1045; x_wconf 87' lang='grc' dir='ltr'>άπαριθμησάμενος</span> <span class='ocrx_word' id='word_1_188' title='bbox 3246 971 3315 1027; x_wconf 88' lang='grc' dir='ltr'><strong>τά</strong></span> <span class='ocrx_word' id='word_1_189' title='bbox 3354 972 3448 1027; x_wconf 89' lang='grc' dir='ltr'><strong>τοῦ</strong></span> <span class='ocrx_word' id='word_1_190' title='bbox 3504 974 3711 1038; x_wconf 80' lang='grc' dir='ltr'>παντὸς</span> 
     </span>
    </p>
   </div>
   <div class='ocr_carea' id='block_1_26' title="bbox 2143 1061 3709 1136">
    <p class='ocr_par' dir='ltr' id='par_1_26' title="bbox 2143 1061 3709 1136">
     <span class='ocr_line' id='line_1_26' title="bbox 2143 1061 3709 1136; baseline 0.003 -20"><span class='ocrx_word' id='word_1_191' title='bbox 2143 1061 2408 1116; x_wconf 84' lang='grc' dir='ltr'>Ἰουδαίων</span> <span class='ocrx_word' id='word_1_192' title='bbox 2433 1061 2616 1126; x_wconf 78' lang='grc' dir='ltr'>ἔθνους</span> <span class='ocrx_word' id='word_1_193' title='bbox 2638 1063 2982 1135; x_wconf 82' lang='grc' dir='ltr'>ἀσεϐήματα,</span> <span class='ocrx_word' id='word_1_194' title='bbox 3010 1065 3309 1136; x_wconf 79' lang='grc' dir='ltr'>ἀπειλήσας</span> <span class='ocrx_word' id='word_1_195' title='bbox 3336 1083 3396 1119; x_wconf 88' lang='grc' dir='ltr'><strong>τε</strong></span> <span class='ocrx_word' id='word_1_196' title='bbox 3417 1065 3513 1119; x_wconf 73' lang='grc' dir='ltr'>καὶ</span> <span class='ocrx_word' id='word_1_197' title='bbox 3535 1065 3709 1121; x_wconf 78' lang='grc' dir='ltr'>εἰπὼν</span> 
     </span>
    </p>
   </div>
   <div class='ocr_carea' id='block_1_27' title="bbox 2129 1154 3710 1229">
    <p class='ocr_par' dir='ltr' id='par_1_27' title="bbox 2129 1154 3710 1229">
     <span class='ocr_line' id='line_1_27' title="bbox 2129 1154 3710 1229; baseline 0.004 -22"><span class='ocrx_word' id='word_1_198' title='bbox 2129 1154 2197 1208; x_wconf 88' lang='grc' dir='ltr'><strong>τά</strong></span> <span class='ocrx_word' id='word_1_199' title='bbox 2244 1156 2370 1225; x_wconf 76' lang='grc' dir='ltr'>περὶ</span> <span class='ocrx_word' id='word_1_200' title='bbox 2411 1155 2509 1226; x_wconf 84' lang='grc' dir='ltr'>τῆς</span> <span class='ocrx_word' id='word_1_201' title='bbox 2529 1156 2913 1227; x_wconf 82' lang='grc' dir='ltr'>καταστροφῆς</span> <span class='ocrx_word' id='word_1_202' title='bbox 2937 1156 3136 1222; x_wconf 81' lang='grc' dir='ltr'>αὐτῶν,</span> <span class='ocrx_word' id='word_1_203' title='bbox 3167 1159 3261 1211; x_wconf 78' lang='grc' dir='ltr'>καὶ</span> <span class='ocrx_word' id='word_1_204' title='bbox 3290 1158 3389 1229; x_wconf 87' lang='grc' dir='ltr'>τῆς</span> <span class='ocrx_word' id='word_1_205' title='bbox 3408 1158 3710 1223; x_wconf 78' lang='grc' dir='ltr'>παντελοῦς</span> 
     </span>
    </p>
   </div>
   <div class='ocr_carea' id='block_1_28' title="bbox 2131 1245 3710 1321">
    <p class='ocr_par' dir='ltr' id='par_1_28' title="bbox 2131 1245 3710 1321">
     <span class='ocr_line' id='line_1_28' title="bbox 2131 1245 3710 1321; baseline 0.003 -23"><span class='ocrx_word' id='word_1_206' title='bbox 2131 1247 2363 1318; x_wconf 77' lang='grc' dir='ltr'>ἐρημίας</span> <span class='ocrx_word' id='word_1_207' title='bbox 2397 1245 2768 1318; x_wconf 85' lang='grc' dir='ltr'>Ἰερουσαλὴμ,</span> <span class='ocrx_word' id='word_1_208' title='bbox 2799 1248 2951 1312; x_wconf 82' lang='grc' dir='ltr'>τέλος</span> <span class='ocrx_word' id='word_1_209' title='bbox 2980 1248 3081 1319; x_wconf 81' lang='grc' dir='ltr'><strong>τῆς</strong></span> <span class='ocrx_word' id='word_1_210' title='bbox 3114 1250 3232 1302; x_wconf 83' lang='grc' dir='ltr'>κατ’</span> <span class='ocrx_word' id='word_1_211' title='bbox 3256 1248 3435 1302; x_wconf 83' lang='grc' dir='ltr'>αὐτῶν</span> <span class='ocrx_word' id='word_1_212' title='bbox 3471 1249 3710 1321; x_wconf 79' lang='grc' dir='ltr'>Θεωρίας</span> 
     </span>
    </p>
   </div>
   <div class='ocr_carea' id='block_1_29' title="bbox 2131 1337 3714 1412">
    <p class='ocr_par' dir='ltr' id='par_1_29' title="bbox 2131 1337 3714 1412">
     <span class='ocr_line' id='line_1_29' title="bbox 2131 1337 3714 1412; baseline 0.002 -20"><span class='ocrx_word' id='word_1_213' title='bbox 2131 1340 2349 1407; x_wconf 83' lang='grc' dir='ltr'>ἐπάγει,</span> <span class='ocrx_word' id='word_1_214' title='bbox 2401 1337 2594 1407; x_wconf 84' lang='grc' dir='ltr'>λέγων·</span> <span class='ocrx_word' id='word_1_215' title='bbox 2626 1358 2647 1391; x_wconf 82' lang='grc' dir='ltr'><strong>ι</strong></span> <span class='ocrx_word' id='word_1_216' title='bbox 2683 1340 2933 1393; x_wconf 88' lang='grc' dir='ltr'>Ἔσονται</span> <span class='ocrx_word' id='word_1_217' title='bbox 2970 1340 3078 1412; x_wconf 84' lang='grc' dir='ltr'><strong>γάρ</strong></span> <span class='ocrx_word' id='word_1_218' title='bbox 3124 1340 3198 1404; x_wconf 87' lang='grc' dir='ltr'>ὡς</span> <span class='ocrx_word' id='word_1_219' title='bbox 3231 1339 3535 1411; x_wconf 87' lang='grc' dir='ltr'>τερέϐινθος</span> <span class='ocrx_word' id='word_1_220' title='bbox 3571 1343 3714 1395; x_wconf 85' lang='grc' dir='ltr'>ἀπο-</span> 
     </span>
    </p>
   </div>
   <div class='ocr_carea' id='block_1_30' title="bbox 2134 1430 3710 1507">
    <p class='ocr_par' dir='ltr' id='par_1_30' title="bbox 2134 1430 3710 1507">
     <span class='ocr_line' id='line_1_30' title="bbox 2134 1430 3710 1507; baseline 0.003 -23"><span class='ocrx_word' id='word_1_221' title='bbox 2134 1430 2427 1502; x_wconf 74' lang='grc' dir='ltr'>ϐεϐληκυῖα</span> <span class='ocrx_word' id='word_1_222' title='bbox 2472 1431 2541 1485; x_wconf 85' lang='grc' dir='ltr'><strong>τά</strong></span> <span class='ocrx_word' id='word_1_223' title='bbox 2579 1430 2771 1501; x_wconf 85' lang='grc' dir='ltr'>φύλλα,</span> <span class='ocrx_word' id='word_1_224' title='bbox 2822 1434 2918 1486; x_wconf 73' lang='grc' dir='ltr'>καὶ</span> <span class='ocrx_word' id='word_1_225' title='bbox 2957 1431 3034 1496; x_wconf 86' lang='grc' dir='ltr'><strong>ὡς</strong></span> <span class='ocrx_word' id='word_1_226' title='bbox 3081 1432 3407 1505; x_wconf 82' lang='grc' dir='ltr'>παράδεισος</span> <span class='ocrx_word' id='word_1_227' title='bbox 3451 1432 3594 1507; x_wconf 77' lang='grc' dir='ltr'>ὕδωρ</span> <span class='ocrx_word' id='word_1_228' title='bbox 3629 1433 3710 1506; x_wconf 81' lang='grc' dir='ltr'>μὴ</span> 
     </span>
    </p>
   </div>
   <div class='ocr_carea' id='block_1_31' title="bbox 2131 1522 3711 1599">
    <p class='ocr_par' dir='ltr' id='par_1_31' title="bbox 2131 1522 3711 1599">
     <span class='ocr_line' id='line_1_31' title="bbox 2131 1522 3711 1599; baseline 0.002 -22"><span class='ocrx_word' id='word_1_229' title='bbox 2131 1522 2305 1595; x_wconf 77' lang='grc' dir='ltr'>ἔχων·</span> <span class='ocrx_word' id='word_1_230' title='bbox 2358 1524 2452 1578; x_wconf 77' lang='grc' dir='ltr'>καὶ</span> <span class='ocrx_word' id='word_1_231' title='bbox 2493 1523 2644 1578; x_wconf 74' lang='grc' dir='ltr'>ἔσται</span> <span class='ocrx_word' id='word_1_232' title='bbox 2675 1526 2709 1595; x_wconf 80' lang='grc' dir='ltr'><strong>ἡ</strong></span> <span class='ocrx_word' id='word_1_233' title='bbox 2756 1526 2908 1596; x_wconf 79' lang='grc' dir='ltr'>ἰσχὺς</span> <span class='ocrx_word' id='word_1_234' title='bbox 2955 1524 3133 1580; x_wconf 84' lang='grc' dir='ltr'>αὐτῶν</span> <span class='ocrx_word' id='word_1_235' title='bbox 3187 1525 3262 1589; x_wconf 89' lang='grc' dir='ltr'><strong>ώς</strong></span> <span class='ocrx_word' id='word_1_236' title='bbox 3282 1525 3498 1599; x_wconf 84' lang='grc' dir='ltr'>καλάμη</span> <span class='ocrx_word' id='word_1_237' title='bbox 3536 1543 3711 1580; x_wconf 77' lang='grc' dir='ltr'>στυπ-</span> 
     </span>
    </p>
   </div>
   <div class='ocr_carea' id='block_1_32' title="bbox 2133 1615 3710 1690">
    <p class='ocr_par' dir='ltr' id='par_1_32' title="bbox 2133 1615 3710 1690">
     <span class='ocr_line' id='line_1_32' title="bbox 2133 1615 3710 1690; baseline 0.001 -21"><span class='ocrx_word' id='word_1_238' title='bbox 2133 1616 2280 1681; x_wconf 90' lang='grc' dir='ltr'>πίου,</span> <span class='ocrx_word' id='word_1_239' title='bbox 2298 1616 2391 1669; x_wconf 75' lang='grc' dir='ltr'>καὶ</span> <span class='ocrx_word' id='word_1_240' title='bbox 2422 1619 2479 1670; x_wconf 78' lang='grc' dir='ltr'>αἱ</span> <span class='ocrx_word' id='word_1_241' title='bbox 2501 1615 2745 1689; x_wconf 77' lang='grc' dir='ltr'>ἐργασίαι</span> <span class='ocrx_word' id='word_1_242' title='bbox 2776 1616 2954 1671; x_wconf 74' lang='grc' dir='ltr'>αὐτῶν</span> <span class='ocrx_word' id='word_1_243' title='bbox 2969 1617 3044 1681; x_wconf 89' lang='grc' dir='ltr'><strong>ώς</strong></span> <span class='ocrx_word' id='word_1_244' title='bbox 3066 1616 3361 1689; x_wconf 78' lang='grc' dir='ltr'>σπινθῆρες</span> <span class='ocrx_word' id='word_1_245' title='bbox 3377 1619 3546 1690; x_wconf 84' lang='grc' dir='ltr'>πυρός</span> <span class='ocrx_word' id='word_1_246' title='bbox 3567 1635 3582 1650; x_wconf 88' lang='grc'><strong>·</strong></span> <span class='ocrx_word' id='word_1_247' title='bbox 3612 1622 3710 1674; x_wconf 77' lang='grc' dir='ltr'>καὶ</span> 
     </span>
    </p>
   </div>
   <div class='ocr_carea' id='block_1_33' title="bbox 455 1707 2034 1783">
    <p class='ocr_par' dir='ltr' id='par_1_33' title="bbox 455 1710 2031 1782">
     <span class='ocr_line' id='line_1_33' title="bbox 455 1710 2031 1782; baseline -0.002 -15"><span class='ocrx_word' id='word_1_248' title='bbox 455 1727 643 1768; x_wconf 90' lang='lat' dir='ltr'><strong>eorum</strong></span> <span class='ocrx_word' id='word_1_249' title='bbox 697 1719 955 1782; x_wconf 85' lang='lat' dir='ltr'><strong>tanquam</strong></span> <span class='ocrx_word' id='word_1_250' title='bbox 1009 1710 1265 1765; x_wconf 86' lang='lat' dir='ltr'><strong>surculus</strong></span> <span class='ocrx_word' id='word_1_251' title='bbox 1301 1720 1530 1779; x_wconf 71' lang='lat' dir='ltr'><strong>stuppae,</strong></span> <span class='ocrx_word' id='word_1_252' title='bbox 1564 1716 1618 1764; x_wconf 91' lang='lat' dir='ltr'><strong>et</strong></span> <span class='ocrx_word' id='word_1_253' title='bbox 1652 1715 1894 1780; x_wconf 73' lang='lat' dir='ltr'><strong>quaestus</strong></span> <span class='ocrx_word' id='word_1_254' title='bbox 1935 1723 2031 1764; x_wconf 83' lang='lat' dir='ltr'><strong>eo-</strong></span> 
     </span>
    </p>
   </div>
   <div class='ocr_carea' id='block_1_34' title="bbox 2137 1707 3706 1783">
    <p class='ocr_par' dir='ltr' id='par_1_34' title="bbox 2137 1707 3706 1783">
     <span class='ocr_line' id='line_1_34' title="bbox 2137 1707 3706 1783; baseline 0.006 -22"><span class='ocrx_word' id='word_1_255' title='bbox 2137 1707 2636 1781; x_wconf 83' lang='grc' dir='ltr'>κατακαυθήσονται</span> <span class='ocrx_word' id='word_1_256' title='bbox 2661 1710 2711 1763; x_wconf 90' lang='grc' dir='ltr'><strong>οί</strong></span> <span class='ocrx_word' id='word_1_257' title='bbox 2746 1709 2957 1781; x_wconf 81' lang='grc' dir='ltr'>ἄνομοι,</span> <span class='ocrx_word' id='word_1_258' title='bbox 3001 1712 3093 1764; x_wconf 81' lang='grc' dir='ltr'>καὶ</span> <span class='ocrx_word' id='word_1_259' title='bbox 3136 1712 3186 1764; x_wconf 86' lang='grc' dir='ltr'><strong>οί</strong></span> <span class='ocrx_word' id='word_1_260' title='bbox 3225 1710 3538 1783; x_wconf 73' lang='grc' dir='ltr'>ἁμαρτωλοὶ</span> <span class='ocrx_word' id='word_1_261' title='bbox 3564 1710 3706 1782; x_wconf 75' lang='grc' dir='ltr'>ἅμα,</span> 
     </span>
    </p>
   </div>
   <div class='ocr_carea' id='block_1_35' title="bbox 454 1804 2028 1875">
    <p class='ocr_par' dir='ltr' id='par_1_35' title="bbox 454 1804 2028 1875">
     <span class='ocr_line' id='line_1_35' title="bbox 454 1804 2028 1875; baseline -0.001 -17"><span class='ocrx_word' id='word_1_262' title='bbox 454 1819 601 1867; x_wconf 83' lang='grc' dir='ltr'>ιἰιιη,</span> <span class='ocrx_word' id='word_1_263' title='bbox 634 1810 692 1857; x_wconf 92' lang='lat' dir='ltr'><strong>ut</strong></span> <span class='ocrx_word' id='word_1_264' title='bbox 734 1805 983 1860; x_wconf 68' lang='lat' dir='ltr'><strong>scintillae</strong></span> <span class='ocrx_word' id='word_1_265' title='bbox 1015 1804 1159 1875; x_wconf 79' lang='lat' dir='ltr'><strong>ignis</strong></span> <span class='ocrx_word' id='word_1_266' title='bbox 1191 1821 1204 1856; x_wconf 89' lang='lat'><strong>:</strong></span> <span class='ocrx_word' id='word_1_267' title='bbox 1238 1813 1295 1859; x_wconf 92' lang='lat' dir='ltr'><strong>et</strong></span> <span class='ocrx_word' id='word_1_268' title='bbox 1336 1805 1731 1860; x_wconf 89' lang='lat' dir='ltr'><strong>comburentur</strong></span> <span class='ocrx_word' id='word_1_269' title='bbox 1767 1804 1939 1874; x_wconf 91' lang='lat' dir='ltr'><strong>iniqui</strong></span> <span class='ocrx_word' id='word_1_270' title='bbox 1973 1811 2028 1858; x_wconf 90' lang='lat' dir='ltr'><strong>et</strong></span> 
     </span>
    </p>
   </div>
   <div class='ocr_carea' id='block_1_36' title="bbox 454 1893 2033 1967">
    <p class='ocr_par' dir='ltr' id='par_1_36' title="bbox 454 1893 2033 1967">
     <span class='ocr_line' id='line_1_36' title="bbox 454 1893 2033 1967; baseline 0 -17"><span class='ocrx_word' id='word_1_271' title='bbox 454 1904 772 1967; x_wconf 87' lang='lat' dir='ltr'><strong>peccatores</strong></span> <span class='ocrx_word' id='word_1_272' title='bbox 794 1896 980 1961; x_wconf 91' lang='lat' dir='ltr'><strong>simul,</strong></span> <span class='ocrx_word' id='word_1_273' title='bbox 1010 1903 1063 1950; x_wconf 87' lang='lat' dir='ltr'><strong>et</strong></span> <span class='ocrx_word' id='word_1_274' title='bbox 1086 1911 1191 1950; x_wconf 88' lang='lat' dir='ltr'><strong>non</strong></span> <span class='ocrx_word' id='word_1_275' title='bbox 1221 1897 1326 1951; x_wconf 88' lang='lat' dir='ltr'><strong>erit</strong></span> <span class='ocrx_word' id='word_1_276' title='bbox 1351 1896 1444 1967; x_wconf 91' lang='lat' dir='ltr'><strong>qui</strong></span> <span class='ocrx_word' id='word_1_277' title='bbox 1470 1896 1783 1966; x_wconf 80' lang='lat' dir='ltr'><strong>exstinguat</strong></span> <span class='ocrx_word' id='word_1_278' title='bbox 1802 1895 1902 1951; x_wconf 79' lang='grc'><strong>²⁸.›</strong></span> <span class='ocrx_word' id='word_1_279' title='bbox 1930 1893 2033 1950; x_wconf 87' lang='lat' dir='ltr'><strong>Ubi</strong></span> 
     </span>
    </p>
   </div>
   <div class='ocr_carea' id='block_1_37' title="bbox 456 1985 2029 2056">
    <p class='ocr_par' dir='ltr' id='par_1_37' title="bbox 456 1985 2029 2056">
     <span class='ocr_line' id='line_1_37' title="bbox 456 1985 2029 2056; baseline -0.001 -16"><span class='ocrx_word' id='word_1_280' title='bbox 456 2000 581 2040; x_wconf 90' lang='lat' dir='ltr'><strong>cum</strong></span> <span class='ocrx_word' id='word_1_281' title='bbox 631 1985 895 2041; x_wconf 88' lang='lat' dir='ltr'><strong>adversus</strong></span> <span class='ocrx_word' id='word_1_282' title='bbox 950 1986 1073 2041; x_wconf 91' lang='lat' dir='ltr'><strong>illos</strong></span> <span class='ocrx_word' id='word_1_283' title='bbox 1120 1987 1440 2041; x_wconf 88' lang='lat' dir='ltr'><strong>vaticinium</strong></span> <span class='ocrx_word' id='word_1_284' title='bbox 1496 1986 2029 2056; x_wconf 85' lang='lat' dir='ltr'><strong>circumscripserit,</strong></span> 
     </span>
    </p>
   </div>
   <div class='ocr_carea' id='block_1_38' title="bbox 455 2077 2036 2150">
    <p class='ocr_par' dir='ltr' id='par_1_38' title="bbox 455 2077 2036 2150">
     <span class='ocr_line' id='line_1_38' title="bbox 455 2077 2036 2150; baseline 0.001 -19"><span class='ocrx_word' id='word_1_285' title='bbox 455 2084 575 2133; x_wconf 87' lang='lat' dir='ltr'><strong>tum</strong></span> <span class='ocrx_word' id='word_1_286' title='bbox 616 2078 867 2150; x_wconf 87' lang='lat' dir='ltr'><strong>reprimit</strong></span> <span class='ocrx_word' id='word_1_287' title='bbox 895 2094 975 2141; x_wconf 90' lang='lat' dir='ltr'><strong>se,</strong></span> <span class='ocrx_word' id='word_1_288' title='bbox 1016 2089 1070 2134; x_wconf 92' lang='lat' dir='ltr'><strong>et</strong></span> <span class='ocrx_word' id='word_1_289' title='bbox 1094 2094 1238 2133; x_wconf 86' lang='lat' dir='ltr'><strong>novo</strong></span> <span class='ocrx_word' id='word_1_290' title='bbox 1267 2078 1426 2133; x_wconf 91' lang='lat' dir='ltr'><strong>initio</strong></span> <span class='ocrx_word' id='word_1_291' title='bbox 1456 2077 1619 2144; x_wconf 78' lang='lat' dir='ltr'><strong>facto,</strong></span> <span class='ocrx_word' id='word_1_292' title='bbox 1649 2080 1880 2134; x_wconf 89' lang='lat' dir='ltr'><strong>alteram</strong></span> <span class='ocrx_word' id='word_1_293' title='bbox 1920 2094 2036 2134; x_wconf 88' lang='lat' dir='ltr'><strong>ma-</strong></span> 
     </span>
    </p>
   </div>
   <div class='ocr_carea' id='block_1_39' title="bbox 455 2168 2032 2241">
    <p class='ocr_par' dir='ltr' id='par_1_39' title="bbox 455 2168 2032 2241">
     <span class='ocr_line' id='line_1_39' title="bbox 455 2168 2032 2241; baseline -0.001 -16"><span class='ocrx_word' id='word_1_294' title='bbox 455 2171 649 2226; x_wconf 85' lang='lat' dir='ltr'><strong>teriam</strong></span> <span class='ocrx_word' id='word_1_295' title='bbox 682 2169 1019 2241; x_wconf 76' lang='lat' dir='ltr'><strong>aggreditur,</strong></span> <span class='ocrx_word' id='word_1_296' title='bbox 1067 2170 1402 2241; x_wconf 79' lang='lat' dir='ltr'><strong>exordioque</strong></span> <span class='ocrx_word' id='word_1_297' title='bbox 1445 2170 1611 2226; x_wconf 89' lang='lat' dir='ltr'><strong>etiam</strong></span> <span class='ocrx_word' id='word_1_298' title='bbox 1653 2170 1734 2241; x_wconf 92' lang='lat' dir='ltr'><strong>(ut</strong></span> <span class='ocrx_word' id='word_1_299' title='bbox 1764 2168 2032 2241; x_wconf 89' lang='lat' dir='ltr'><strong>dicebam)</strong></span> 
     </span>
    </p>
   </div>
   <div class='ocr_carea' id='block_1_40' title="bbox 455 2258 2032 2333">
    <p class='ocr_par' dir='ltr' id='par_1_40' title="bbox 455 2258 2032 2333">
     <span class='ocr_line' id='line_1_40' title="bbox 455 2258 2032 2333; baseline -0.003 -15"><span class='ocrx_word' id='word_1_300' title='bbox 455 2264 552 2318; x_wconf 89' lang='lat' dir='ltr'><strong>tali</strong></span> <span class='ocrx_word' id='word_1_301' title='bbox 599 2262 810 2318; x_wconf 85' lang='lat' dir='ltr'><strong>utitur:</strong></span> <span class='ocrx_word' id='word_1_302' title='bbox 844 2260 1086 2318; x_wconf 80' lang='lat' dir='ltr'><strong>Verbum</strong></span> <span class='ocrx_word' id='word_1_303' title='bbox 1133 2261 1280 2333; x_wconf 90' lang='lat' dir='ltr'><strong>quod</strong></span> <span class='ocrx_word' id='word_1_304' title='bbox 1328 2262 1530 2316; x_wconf 83' lang='lat' dir='ltr'><strong>factum</strong></span> <span class='ocrx_word' id='word_1_305' title='bbox 1590 2269 1676 2317; x_wconf 91' lang='lat' dir='ltr'><strong>est</strong></span> <span class='ocrx_word' id='word_1_306' title='bbox 1721 2260 1789 2316; x_wconf 88' lang='lat' dir='ltr'><strong>ad</strong></span> <span class='ocrx_word' id='word_1_307' title='bbox 1836 2258 2032 2315; x_wconf 88' lang='lat' dir='ltr'><strong>Isaiam</strong></span> 
     </span>
    </p>
   </div>
   <div class='ocr_carea' id='block_1_41' title="bbox 456 2350 2032 2425">
    <p class='ocr_par' dir='ltr' id='par_1_41' title="bbox 456 2350 2032 2425">
     <span class='ocr_line' id='line_1_41' title="bbox 456 2350 2032 2425; baseline -0.003 -16"><span class='ocrx_word' id='word_1_308' title='bbox 456 2354 628 2410; x_wconf 76' lang='lat' dir='ltr'><strong>filium</strong></span> <span class='ocrx_word' id='word_1_309' title='bbox 666 2354 836 2410; x_wconf 81' lang='lat' dir='ltr'><strong>Amos</strong></span> <span class='ocrx_word' id='word_1_310' title='bbox 864 2356 1184 2425; x_wconf 77' lang='lat' dir='ltr'><strong>prophetam</strong></span> <span class='ocrx_word' id='word_1_311' title='bbox 1207 2395 1223 2418; x_wconf 96' lang='lat'><strong>,</strong></span> <span class='ocrx_word' id='word_1_312' title='bbox 1265 2353 1334 2409; x_wconf 91' lang='lat' dir='ltr'><strong>de</strong></span> <span class='ocrx_word' id='word_1_313' title='bbox 1370 2352 1555 2408; x_wconf 67' lang='lat' dir='ltr'><strong>Judzea</strong></span> <span class='ocrx_word' id='word_1_314' title='bbox 1595 2360 1650 2408; x_wconf 88' lang='lat' dir='ltr'><strong>et</strong></span> <span class='ocrx_word' id='word_1_315' title='bbox 1696 2353 1764 2408; x_wconf 88' lang='lat' dir='ltr'><strong>de</strong></span> <span class='ocrx_word' id='word_1_316' title='bbox 1807 2350 2032 2408; x_wconf 85' lang='lat' dir='ltr'><strong>Jerusa-</strong></span> 
     </span>
    </p>
   </div>
   <div class='ocr_carea' id='block_1_42' title="bbox 457 2444 2034 2518">
    <p class='ocr_par' dir='ltr' id='par_1_42' title="bbox 457 2444 2034 2518">
     <span class='ocr_line' id='line_1_42' title="bbox 457 2444 2034 2518; baseline -0.003 -19"><span class='ocrx_word' id='word_1_317' title='bbox 457 2444 650 2506; x_wconf 79' lang='lat' dir='ltr'><strong>lem&quot;,</strong></span> <span class='ocrx_word' id='word_1_318' title='bbox 687 2466 706 2499; x_wconf 73' lang='grc' dir='ltr'><strong>ι</strong></span> <span class='ocrx_word' id='word_1_319' title='bbox 741 2446 843 2509; x_wconf 89' lang='lat' dir='ltr'><strong>vel,</strong></span> <span class='ocrx_word' id='word_1_320' title='bbox 872 2456 929 2500; x_wconf 92' lang='lat' dir='ltr'><strong>ut</strong></span> <span class='ocrx_word' id='word_1_321' title='bbox 955 2446 1315 2518; x_wconf 78' lang='lat' dir='ltr'><strong>Symmachus</strong></span> <span class='ocrx_word' id='word_1_322' title='bbox 1347 2444 1736 2514; x_wconf 86' lang='lat' dir='ltr'><strong>interpretatus</strong></span> <span class='ocrx_word' id='word_1_323' title='bbox 1757 2450 1861 2506; x_wconf 89' lang='lat' dir='ltr'><strong>est,</strong></span> <span class='ocrx_word' id='word_1_324' title='bbox 1896 2460 1915 2492; x_wconf 77' lang='grc' dir='ltr'><strong>ι</strong></span> <span class='ocrx_word' id='word_1_325' title='bbox 1946 2456 2034 2497; x_wconf 89' lang='lat' dir='ltr'><strong>su-</strong></span> 
     </span>
    </p>
   </div>
   <div class='ocr_carea' id='block_1_43' title="bbox 458 2531 2031 2611">
    <p class='ocr_par' dir='ltr' id='par_1_43' title="bbox 458 2531 2031 2611">
     <span class='ocr_line' id='line_1_43' title="bbox 458 2531 2031 2611; baseline -0.003 -20"><span class='ocrx_word' id='word_1_326' title='bbox 458 2554 557 2611; x_wconf 86' lang='lat' dir='ltr'><strong>per</strong></span> <span class='ocrx_word' id='word_1_327' title='bbox 593 2536 779 2593; x_wconf 71' lang='lat' dir='ltr'><strong>Judaza</strong></span> <span class='ocrx_word' id='word_1_328' title='bbox 823 2546 878 2593; x_wconf 90' lang='lat' dir='ltr'><strong>et</strong></span> <span class='ocrx_word' id='word_1_329' title='bbox 926 2554 1093 2608; x_wconf 90' lang='lat' dir='ltr'><strong>super</strong></span> <span class='ocrx_word' id='word_1_330' title='bbox 1146 2535 1471 2592; x_wconf 83' lang='lat' dir='ltr'><strong>Jerusalem.</strong></span> <span class='ocrx_word' id='word_1_331' title='bbox 1506 2552 1526 2586; x_wconf 76' lang='grc' dir='ltr'><strong>ι</strong></span> <span class='ocrx_word' id='word_1_332' title='bbox 1583 2533 1662 2588; x_wconf 82' lang='lat' dir='ltr'><strong>Ex</strong></span> <span class='ocrx_word' id='word_1_333' title='bbox 1706 2548 1814 2603; x_wconf 90' lang='lat' dir='ltr'><strong>quo</strong></span> <span class='ocrx_word' id='word_1_334' title='bbox 1844 2531 2031 2588; x_wconf 86' lang='lat' dir='ltr'><strong>forsan</strong></span> 
     </span>
    </p>
   </div>
   <div class='ocr_carea' id='block_1_44' title="bbox 459 2622 2033 2698">
    <p class='ocr_par' dir='ltr' id='par_1_44' title="bbox 459 2622 2033 2698">
     <span class='ocr_line' id='line_1_44' title="bbox 459 2622 2033 2698; baseline -0.004 -16"><span class='ocrx_word' id='word_1_335' title='bbox 459 2626 611 2682; x_wconf 88' lang='lat' dir='ltr'><strong>illum</strong></span> <span class='ocrx_word' id='word_1_336' title='bbox 640 2627 1201 2698; x_wconf 88' lang='lat' dir='ltr'><strong>suspicetur-aliquis,</strong></span> <span class='ocrx_word' id='word_1_337' title='bbox 1236 2628 1302 2680; x_wconf 91' lang='lat' dir='ltr'><strong>de</strong></span> <span class='ocrx_word' id='word_1_338' title='bbox 1331 2624 1532 2696; x_wconf 88' lang='lat' dir='ltr'><strong>quibus</strong></span> <span class='ocrx_word' id='word_1_339' title='bbox 1565 2624 1741 2679; x_wconf 87' lang='lat' dir='ltr'><strong>tristia</strong></span> <span class='ocrx_word' id='word_1_340' title='bbox 1768 2622 1921 2694; x_wconf 90' lang='lat' dir='ltr'><strong>prius</strong></span> <span class='ocrx_word' id='word_1_341' title='bbox 1960 2623 2033 2677; x_wconf 91' lang='lat' dir='ltr'><strong>sit</strong></span> 
     </span>
    </p>
   </div>
   <div class='ocr_carea' id='block_1_45' title="bbox 458 2713 2029 2780">
    <p class='ocr_par' dir='ltr' id='par_1_45' title="bbox 458 2713 2029 2780">
     <span class='ocr_line' id='line_1_45' title="bbox 458 2713 2029 2780; baseline -0.003 -8"><span class='ocrx_word' id='word_1_342' title='bbox 458 2718 822 2780; x_wconf 88' lang='lat' dir='ltr'><strong>vaticinatus,</strong></span> <span class='ocrx_word' id='word_1_343' title='bbox 857 2717 926 2771; x_wconf 89' lang='lat' dir='ltr'><strong>de</strong></span> <span class='ocrx_word' id='word_1_344' title='bbox 972 2716 1164 2771; x_wconf 89' lang='lat' dir='ltr'><strong>iisdem</strong></span> <span class='ocrx_word' id='word_1_345' title='bbox 1217 2730 1363 2770; x_wconf 92' lang='lat' dir='ltr'><strong>nunc</strong></span> <span class='ocrx_word' id='word_1_346' title='bbox 1418 2722 1752 2769; x_wconf 89' lang='lat' dir='ltr'><strong>commutata</strong></span> <span class='ocrx_word' id='word_1_347' title='bbox 1796 2713 2029 2779; x_wconf 86' lang='lat' dir='ltr'><strong>ratione,</strong></span> 
     </span>
    </p>
   </div>
   <div class='ocr_carea' id='block_1_46' title="bbox 459 2806 2033 2879">
    <p class='ocr_par' dir='ltr' id='par_1_46' title="bbox 459 2806 2033 2879">
     <span class='ocr_line' id='line_1_46' title="bbox 459 2806 2033 2879; baseline -0.003 -15"><span class='ocrx_word' id='word_1_348' title='bbox 459 2809 684 2864; x_wconf 87' lang='lat' dir='ltr'><strong>meliora</strong></span> <span class='ocrx_word' id='word_1_349' title='bbox 717 2807 963 2879; x_wconf 75' lang='lat' dir='ltr'><strong>quaedam</strong></span> <span class='ocrx_word' id='word_1_350' title='bbox 989 2809 1300 2879; x_wconf 71' lang='lat' dir='ltr'><strong>praedicere.</strong></span> <span class='ocrx_word' id='word_1_351' title='bbox 1324 2806 1394 2861; x_wconf 85' lang='lat' dir='ltr'><strong>At</strong></span> <span class='ocrx_word' id='word_1_352' title='bbox 1415 2821 1544 2861; x_wconf 88' lang='lat' dir='ltr'><strong>vero</strong></span> <span class='ocrx_word' id='word_1_353' title='bbox 1572 2820 1781 2870; x_wconf 88' lang='lat' dir='ltr'><strong>eorum,</strong></span> <span class='ocrx_word' id='word_1_354' title='bbox 1804 2820 1925 2876; x_wconf 65' lang='lat' dir='ltr'><strong>qua:</strong></span> <span class='ocrx_word' id='word_1_355' title='bbox 1953 2819 2033 2860; x_wconf 85' lang='lat' dir='ltr'><strong>se-</strong></span> 
     </span>
    </p>
   </div>
   <div class='ocr_carea' id='block_1_47' title="bbox 460 2897 2032 2973">
    <p class='ocr_par' dir='ltr' id='par_1_47' title="bbox 460 2897 2032 2973">
     <span class='ocr_line' id='line_1_47' title="bbox 460 2897 2032 2973; baseline -0.003 -18"><span class='ocrx_word' id='word_1_356' title='bbox 460 2908 706 2973; x_wconf 90' lang='lat' dir='ltr'><strong>quuntur</strong></span> <span class='ocrx_word' id='word_1_357' title='bbox 758 2908 1069 2962; x_wconf 75' lang='lat' dir='ltr'><strong>contextus.</strong></span> <span class='ocrx_word' id='word_1_358' title='bbox 1115 2913 1456 2971; x_wconf 90' lang='lat' dir='ltr'><strong>nequaquam</strong></span> <span class='ocrx_word' id='word_1_359' title='bbox 1505 2898 1647 2955; x_wconf 84' lang='lat' dir='ltr'><strong>istuc</strong></span> <span class='ocrx_word' id='word_1_360' title='bbox 1692 2898 1798 2953; x_wconf 93' lang='lat' dir='ltr'><strong>dici</strong></span> <span class='ocrx_word' id='word_1_361' title='bbox 1830 2897 2032 2968; x_wconf 86' lang='lat' dir='ltr'><strong>permi-</strong></span> 
     </span>
    </p>
   </div>
   <div class='ocr_carea' id='block_1_48' title="bbox 2130 1801 3708 1877">
    <p class='ocr_par' dir='ltr' id='par_1_48' title="bbox 2130 1801 3708 1877">
     <span class='ocr_line' id='line_1_48' title="bbox 2130 1801 3708 1877; baseline 0.001 -23"><span class='ocrx_word' id='word_1_362' title='bbox 2130 1801 2223 1855; x_wconf 77' lang='grc' dir='ltr'>καὶ</span> <span class='ocrx_word' id='word_1_363' title='bbox 2253 1802 2353 1855; x_wconf 78' lang='grc' dir='ltr'>οὐκ</span> <span class='ocrx_word' id='word_1_364' title='bbox 2395 1801 2549 1871; x_wconf 72' lang='grc' dir='ltr'>ἔσται</span> <span class='ocrx_word' id='word_1_365' title='bbox 2597 1804 2627 1856; x_wconf 85' lang='grc' dir='ltr'>ὁ</span> <span class='ocrx_word' id='word_1_366' title='bbox 2660 1802 2888 1860; x_wconf 86' lang='grc' dir='ltr'>σϐέσων.</span> <span class='ocrx_word' id='word_1_367' title='bbox 2922 1821 2941 1855; x_wconf 72' lang='grc' dir='ltr'><strong>ι</strong></span> <span class='ocrx_word' id='word_1_368' title='bbox 2976 1804 3328 1877; x_wconf 72' lang='grc' dir='ltr'>Περιγράψας</span> <span class='ocrx_word' id='word_1_369' title='bbox 3368 1803 3424 1857; x_wconf 80' lang='grc' dir='ltr'>δὲ</span> <span class='ocrx_word' id='word_1_370' title='bbox 3474 1803 3708 1858; x_wconf 86' lang='grc' dir='ltr'>ἐνταῦθα</span> 
     </span>
    </p>
   </div>
   <div class='ocr_carea' id='block_1_49' title="bbox 2128 1892 3709 1969">
    <p class='ocr_par' dir='ltr' id='par_1_49' title="bbox 2128 1892 3709 1969">
     <span class='ocr_line' id='line_1_49' title="bbox 2128 1892 3709 1969; baseline 0.005 -25"><span class='ocrx_word' id='word_1_371' title='bbox 2128 1892 2228 1964; x_wconf 83' lang='grc' dir='ltr'>τὴν</span> <span class='ocrx_word' id='word_1_372' title='bbox 2274 1893 2394 1946; x_wconf 84' lang='grc' dir='ltr'>κατ’</span> <span class='ocrx_word' id='word_1_373' title='bbox 2446 1892 2625 1947; x_wconf 83' lang='grc' dir='ltr'>αὐτῶν</span> <span class='ocrx_word' id='word_1_374' title='bbox 2671 1895 2993 1967; x_wconf 76' lang='grc' dir='ltr'>πρόρρησιν,</span> <span class='ocrx_word' id='word_1_375' title='bbox 3049 1896 3315 1966; x_wconf 77' lang='grc' dir='ltr'>ὑποστολῇ</span> <span class='ocrx_word' id='word_1_376' title='bbox 3377 1897 3610 1969; x_wconf 76' lang='grc' dir='ltr'>χρῆταιο</span> <span class='ocrx_word' id='word_1_377' title='bbox 3644 1896 3709 1964; x_wconf 75' lang='grc' dir='ltr'>ἐξ</span> 
     </span>
    </p>
   </div>
   <div class='ocr_carea' id='block_1_50' title="bbox 2131 1986 3708 2061">
    <p class='ocr_par' dir='ltr' id='par_1_50' title="bbox 2131 1986 3708 2061">
     <span class='ocr_line' id='line_1_50' title="bbox 2131 1986 3708 2061; baseline 0.002 -22"><span class='ocrx_word' id='word_1_378' title='bbox 2131 1986 2322 2057; x_wconf 84' lang='grc' dir='ltr'>ἐτέρας</span> <span class='ocrx_word' id='word_1_379' title='bbox 2357 1986 2414 2040; x_wconf 78' lang='grc' dir='ltr'>δὲ</span> <span class='ocrx_word' id='word_1_380' title='bbox 2446 1987 2640 2060; x_wconf 82' lang='grc' dir='ltr'>ἀρχῆς,</span> <span class='ocrx_word' id='word_1_381' title='bbox 2675 1986 2933 2060; x_wconf 82' lang='grc' dir='ltr'>δευτέρας</span> <span class='ocrx_word' id='word_1_382' title='bbox 2977 1987 3285 2061; x_wconf 77' lang='grc' dir='ltr'>ὑποθέσεως</span> <span class='ocrx_word' id='word_1_383' title='bbox 3331 1986 3579 2054; x_wconf 70' lang='grc' dir='ltr'>ἅπτεται,</span> <span class='ocrx_word' id='word_1_384' title='bbox 3612 1991 3708 2042; x_wconf 77' lang='grc' dir='ltr'>καὶ</span> 
     </span>
    </p>
   </div>
   <div class='ocr_carea' id='block_1_51' title="bbox 2131 2078 3709 2152">
    <p class='ocr_par' dir='ltr' id='par_1_51' title="bbox 2131 2078 3709 2152">
     <span class='ocr_line' id='line_1_51' title="bbox 2131 2078 3709 2152; baseline 0.001 -20"><span class='ocrx_word' id='word_1_385' title='bbox 2131 2080 2400 2152; x_wconf 83' lang='grc' dir='ltr'>προοιμίῳ</span> <span class='ocrx_word' id='word_1_386' title='bbox 2415 2096 2481 2148; x_wconf 88' lang='grc' dir='ltr'><strong>γε</strong></span> <span class='ocrx_word' id='word_1_387' title='bbox 2507 2078 2584 2151; x_wconf 82' lang='grc' dir='ltr'>τῷ</span> <span class='ocrx_word' id='word_1_388' title='bbox 2611 2079 2907 2151; x_wconf 80' lang='grc' dir='ltr'>λεγομένῳ,</span> <span class='ocrx_word' id='word_1_389' title='bbox 2929 2079 3116 2151; x_wconf 81' lang='grc' dir='ltr'>τοιῷδε</span> <span class='ocrx_word' id='word_1_390' title='bbox 3139 2080 3335 2152; x_wconf 83' lang='grc' dir='ltr'>χρῆται</span> <span class='ocrx_word' id='word_1_391' title='bbox 3351 2094 3365 2108; x_wconf 82' lang='grc'>⁶</span> <span class='ocrx_word' id='word_1_392' title='bbox 3398 2099 3419 2131; x_wconf 75' lang='grc' dir='ltr'><strong>ι</strong></span> <span class='ocrx_word' id='word_1_393' title='bbox 3453 2080 3511 2134; x_wconf 82' lang='lat'><strong>&#39;0</strong></span> <span class='ocrx_word' id='word_1_394' title='bbox 3535 2080 3709 2149; x_wconf 80' lang='grc' dir='ltr'>Λόγος</span> 
     </span>
    </p>
   </div>
   <div class='ocr_carea' id='block_1_52' title="bbox 2130 2170 3707 2245">
    <p class='ocr_par' dir='ltr' id='par_1_52' title="bbox 2130 2170 3707 2245">
     <span class='ocr_line' id='line_1_52' title="bbox 2130 2170 3707 2245; baseline 0.011 -27"><span class='ocrx_word' id='word_1_395' title='bbox 2130 2171 2160 2242; x_wconf 71' lang='grc' dir='ltr'><strong>δ</strong></span> <span class='ocrx_word' id='word_1_396' title='bbox 2192 2172 2481 2243; x_wconf 80' lang='grc' dir='ltr'>γενόμενος</span> <span class='ocrx_word' id='word_1_397' title='bbox 2530 2172 2668 2245; x_wconf 78' lang='grc' dir='ltr'>πρὸς</span> <span class='ocrx_word' id='word_1_398' title='bbox 2705 2171 2928 2225; x_wconf 73' lang='grc' dir='ltr'>Ἡσαΐαν</span> <span class='ocrx_word' id='word_1_399' title='bbox 2967 2172 3081 2226; x_wconf 81' lang='grc' dir='ltr'>υἱὸν</span> <span class='ocrx_word' id='word_1_400' title='bbox 3125 2171 3325 2242; x_wconf 71' lang='grc' dir='ltr'>Ἀμὼςν</span> <span class='ocrx_word' id='word_1_401' title='bbox 3352 2170 3443 2224; x_wconf 81' lang='grc' dir='ltr'><strong>τὸν</strong></span> <span class='ocrx_word' id='word_1_402' title='bbox 3493 2173 3707 2243; x_wconf 74' lang='grc' dir='ltr'>προφή-</span> 
     </span>
    </p>
   </div>
   <div class='ocr_carea' id='block_1_53' title="bbox 2129 2261 3708 2335">
    <p class='ocr_par' dir='ltr' id='par_1_53' title="bbox 2129 2261 3708 2335">
     <span class='ocr_line' id='line_1_53' title="bbox 2129 2261 3708 2335; baseline 0 -21"><span class='ocrx_word' id='word_1_403' title='bbox 2129 2279 2253 2331; x_wconf 86' lang='grc' dir='ltr'>την,</span> <span class='ocrx_word' id='word_1_404' title='bbox 2278 2264 2404 2335; x_wconf 74' lang='grc' dir='ltr'>περὶ</span> <span class='ocrx_word' id='word_1_405' title='bbox 2420 2263 2518 2334; x_wconf 85' lang='grc' dir='ltr'>τῆς</span> <span class='ocrx_word' id='word_1_406' title='bbox 2544 2263 2801 2326; x_wconf 83' lang='grc' dir='ltr'>Ἰουδαίας</span> <span class='ocrx_word' id='word_1_407' title='bbox 2821 2263 2916 2316; x_wconf 74' lang='grc' dir='ltr'>καὶ</span> <span class='ocrx_word' id='word_1_408' title='bbox 2941 2263 3067 2334; x_wconf 76' lang='grc' dir='ltr'>περὶ</span> <span class='ocrx_word' id='word_1_409' title='bbox 3094 2261 3465 2332; x_wconf 81' lang='grc' dir='ltr'>Ἰερουσαλὴμ,</span> <span class='ocrx_word' id='word_1_410' title='bbox 3488 2281 3509 2313; x_wconf 72' lang='grc' dir='ltr'><strong>ι</strong></span> <span class='ocrx_word' id='word_1_411' title='bbox 3536 2263 3594 2332; x_wconf 78' lang='grc' dir='ltr'>ἢ,</span> <span class='ocrx_word' id='word_1_412' title='bbox 3628 2263 3708 2325; x_wconf 86' lang='grc' dir='ltr'>ὡς</span> 
     </span>
    </p>
   </div>
   <div class='ocr_carea' id='block_1_54' title="bbox 2131 2338 3708 2425">
    <p class='ocr_par' dir='ltr' id='par_1_54' title="bbox 2131 2338 3708 2425">
     <span class='ocr_line' id='line_1_54' title="bbox 2131 2338 3708 2425; baseline -0.002 -18"><span class='ocrx_word' id='word_1_413' title='bbox 2131 2351 2471 2423; x_wconf 83' lang='grc' dir='ltr'>ὀΣύμμαχος</span> <span class='ocrx_word' id='word_1_414' title='bbox 2522 2338 2902 2425; x_wconf 75' lang='grc' dir='ltr'>ἡρμήνευσεν,</span> <span class='ocrx_word' id='word_1_415' title='bbox 2945 2371 2966 2403; x_wconf 81' lang='grc' dir='ltr'><strong>ι</strong></span> <span class='ocrx_word' id='word_1_416' title='bbox 3005 2353 3144 2424; x_wconf 84' lang='grc' dir='ltr'>ὑπὲρ</span> <span class='ocrx_word' id='word_1_417' title='bbox 3171 2352 3270 2423; x_wconf 84' lang='grc' dir='ltr'>τῆς</span> <span class='ocrx_word' id='word_1_418' title='bbox 3315 2352 3569 2416; x_wconf 83' lang='grc' dir='ltr'>Ἰουδαίας</span> <span class='ocrx_word' id='word_1_419' title='bbox 3609 2352 3708 2404; x_wconf 73' lang='grc' dir='ltr'>καὶ</span> 
     </span>
    </p>
   </div>
   <div class='ocr_carea' id='block_1_55' title="bbox 2133 2437 3707 2516">
    <p class='ocr_par' dir='ltr' id='par_1_55' title="bbox 2133 2437 3707 2516">
     <span class='ocr_line' id='line_1_55' title="bbox 2133 2437 3707 2516; baseline 0.001 -19"><span class='ocrx_word' id='word_1_420' title='bbox 2133 2444 2273 2516; x_wconf 80' lang='grc' dir='ltr'>ὑπὲρ</span> <span class='ocrx_word' id='word_1_421' title='bbox 2304 2444 2676 2516; x_wconf 85' lang='grc' dir='ltr'>Ἰερουσαλήμ.</span> <span class='ocrx_word' id='word_1_422' title='bbox 2724 2464 2743 2496; x_wconf 72' lang='grc' dir='ltr'><strong>ι</strong></span> <span class='ocrx_word' id='word_1_423' title='bbox 2782 2447 2941 2509; x_wconf 85' lang='grc' dir='ltr'>Ἴσως</span> <span class='ocrx_word' id='word_1_424' title='bbox 2977 2461 3062 2508; x_wconf 88' lang='grc' dir='ltr'><strong>τις</strong></span> <span class='ocrx_word' id='word_1_425' title='bbox 3093 2443 3427 2515; x_wconf 81' lang='grc' dir='ltr'>ὑπολήψεται</span> <span class='ocrx_word' id='word_1_426' title='bbox 3463 2444 3591 2515; x_wconf 77' lang='grc' dir='ltr'>περὶ</span> <span class='ocrx_word' id='word_1_427' title='bbox 3625 2437 3707 2498; x_wconf 82' lang='grc' dir='ltr'>ὧν</span> 
     </span>
    </p>
   </div>
   <div class='ocr_carea' id='block_1_56' title="bbox 2130 2533 3708 2608">
    <p class='ocr_par' dir='ltr' id='par_1_56' title="bbox 2130 2533 3708 2608">
     <span class='ocr_line' id='line_1_56' title="bbox 2130 2533 3708 2608; baseline 0.001 -21"><span class='ocrx_word' id='word_1_428' title='bbox 2130 2533 2201 2587; x_wconf 86' lang='grc' dir='ltr'><strong>τά</strong></span> <span class='ocrx_word' id='word_1_429' title='bbox 2221 2533 2520 2606; x_wconf 89' lang='grc' dir='ltr'>σκυθρωπά</span> <span class='ocrx_word' id='word_1_430' title='bbox 2545 2534 2831 2608; x_wconf 86' lang='grc' dir='ltr'>προλαϐὼν</span> <span class='ocrx_word' id='word_1_431' title='bbox 2851 2535 3127 2599; x_wconf 86' lang='grc' dir='ltr'>ἐθέσπισε,</span> <span class='ocrx_word' id='word_1_432' title='bbox 3152 2534 3354 2589; x_wconf 87' lang='grc' dir='ltr'>τούτων</span> <span class='ocrx_word' id='word_1_433' title='bbox 3377 2535 3555 2589; x_wconf 81' lang='grc' dir='ltr'>αὐτῶν</span> <span class='ocrx_word' id='word_1_434' title='bbox 3577 2535 3708 2607; x_wconf 75' lang='grc' dir='ltr'>περὶ</span> 
     </span>
    </p>
   </div>
   <div class='ocr_carea' id='block_1_57' title="bbox 2130 2622 3706 2698">
    <p class='ocr_par' dir='ltr' id='par_1_57' title="bbox 2130 2622 3706 2698">
     <span class='ocr_line' id='line_1_57' title="bbox 2130 2622 3706 2698; baseline 0.002 -22"><span class='ocrx_word' id='word_1_435' title='bbox 2130 2622 2199 2677; x_wconf 85' lang='grc' dir='ltr'><strong>τά</strong></span> <span class='ocrx_word' id='word_1_436' title='bbox 2244 2624 2579 2698; x_wconf 87' lang='grc' dir='ltr'>χρηστότερα</span> <span class='ocrx_word' id='word_1_437' title='bbox 2634 2625 3004 2697; x_wconf 85' lang='grc' dir='ltr'>μεταϐαλόντα</span> <span class='ocrx_word' id='word_1_438' title='bbox 3052 2626 3250 2696; x_wconf 88' lang='grc' dir='ltr'>λέγειν.</span> <span class='ocrx_word' id='word_1_439' title='bbox 3296 2626 3435 2680; x_wconf 83' lang='grc' dir='ltr'>Ἀλλ’</span> <span class='ocrx_word' id='word_1_440' title='bbox 3486 2626 3586 2679; x_wconf 84' lang='grc' dir='ltr'>οὐκ</span> <span class='ocrx_word' id='word_1_441' title='bbox 3637 2624 3706 2679; x_wconf 84' lang='grc' dir='ltr'>ἂν</span> 
     </span>
    </p>
   </div>
   <div class='ocr_carea' id='block_1_58' title="bbox 2131 2713 3709 2790">
    <p class='ocr_par' dir='ltr' id='par_1_58' title="bbox 2131 2713 3709 2790">
     <span class='ocr_line' id='line_1_58' title="bbox 2131 2713 3709 2790; baseline 0.002 -22"><span class='ocrx_word' id='word_1_442' title='bbox 2131 2713 2304 2769; x_wconf 88' lang='grc' dir='ltr'>ταῦτα</span> <span class='ocrx_word' id='word_1_443' title='bbox 2351 2716 2659 2789; x_wconf 76' lang='grc' dir='ltr'>ἐπιτρέψειε</span> <span class='ocrx_word' id='word_1_444' title='bbox 2688 2719 2851 2788; x_wconf 81' lang='grc' dir='ltr'>φάναι</span> <span class='ocrx_word' id='word_1_445' title='bbox 2894 2720 2928 2790; x_wconf 81' lang='grc' dir='ltr'><strong>ἡ</strong></span> <span class='ocrx_word' id='word_1_446' title='bbox 2965 2716 3075 2772; x_wconf 87' lang='grc' dir='ltr'><strong>τῶν</strong></span> <span class='ocrx_word' id='word_1_447' title='bbox 3120 2718 3527 2789; x_wconf 70' lang='grc' dir='ltr'>ἐπιφερομένων</span> <span class='ocrx_word' id='word_1_448' title='bbox 3577 2719 3709 2771; x_wconf 69' lang='grc' dir='ltr'>άκο-</span> 
     </span>
    </p>
   </div>
   <div class='ocr_carea' id='block_1_59' title="bbox 2131 2803 3707 2880">
    <p class='ocr_par' dir='ltr' id='par_1_59' title="bbox 2131 2803 3707 2880">
     <span class='ocr_line' id='line_1_59' title="bbox 2131 2803 3707 2880; baseline 0.001 -21"><span class='ocrx_word' id='word_1_449' title='bbox 2131 2803 2337 2871; x_wconf 87' lang='grc' dir='ltr'>λουθία,</span> <span class='ocrx_word' id='word_1_450' title='bbox 2367 2808 2510 2880; x_wconf 82' lang='grc' dir='ltr'>ὑπὲρ</span> <span class='ocrx_word' id='word_1_451' title='bbox 2555 2810 2655 2880; x_wconf 82' lang='grc' dir='ltr'>μὲν</span> <span class='ocrx_word' id='word_1_452' title='bbox 2699 2808 2791 2863; x_wconf 88' lang='grc' dir='ltr'><strong>τοῦ</strong></span> <span class='ocrx_word' id='word_1_453' title='bbox 2834 2809 3098 2864; x_wconf 86' lang='grc' dir='ltr'>Ἰουδαίων</span> <span class='ocrx_word' id='word_1_454' title='bbox 3133 2808 3404 2880; x_wconf 79' lang='grc' dir='ltr'>ἐθνους,ἢ</span> <span class='ocrx_word' id='word_1_455' title='bbox 3454 2809 3591 2879; x_wconf 83' lang='grc' dir='ltr'>ὑπὲρ</span> <span class='ocrx_word' id='word_1_456' title='bbox 3608 2807 3707 2863; x_wconf 85' lang='grc' dir='ltr'><strong>τοῦ</strong></span> 
     </span>
    </p>
   </div>
   <div class='ocr_carea' id='block_1_60' title="bbox 2134 2898 3712 2974">
    <p class='ocr_par' dir='ltr' id='par_1_60' title="bbox 2134 2898 3712 2974">
     <span class='ocr_line' id='line_1_60' title="bbox 2134 2898 3712 2974; baseline 0.002 -22"><span class='ocrx_word' id='word_1_457' title='bbox 2134 2898 2462 2971; x_wconf 81' lang='grc' dir='ltr'>καλουμένου</span> <span class='ocrx_word' id='word_1_458' title='bbox 2509 2901 2743 2974; x_wconf 78' lang='grc' dir='ltr'>Ἰσραὴλ,</span> <span class='ocrx_word' id='word_1_459' title='bbox 2774 2901 2923 2956; x_wconf 77' lang='grc' dir='ltr'>οὐδὲν</span> <span class='ocrx_word' id='word_1_460' title='bbox 2951 2902 3070 2955; x_wconf 71' lang='grc' dir='ltr'>οὐδὲ</span> <span class='ocrx_word' id='word_1_461' title='bbox 3101 2902 3235 2967; x_wconf 81' lang='grc' dir='ltr'>ὅλως</span> <span class='ocrx_word' id='word_1_462' title='bbox 3267 2901 3498 2973; x_wconf 86' lang='grc' dir='ltr'>χρηστὸν</span> <span class='ocrx_word' id='word_1_463' title='bbox 3526 2900 3712 2972; x_wconf 72' lang='grc' dir='ltr'>περιέ·</span> 
     </span>
    </p>
   </div>
   <div class='ocr_carea' id='block_1_61' title="bbox 462 2989 2034 3067">
    <p class='ocr_par' dir='ltr' id='par_1_61' title="bbox 462 2989 2031 3064">
     <span class='ocr_line' id='line_1_61' title="bbox 462 2989 2031 3064; baseline -0.006 -17"><span class='ocrx_word' id='word_1_464' title='bbox 462 2992 596 3048; x_wconf 84' lang='lat' dir='ltr'><strong>serit</strong></span> <span class='ocrx_word' id='word_1_465' title='bbox 624 3011 638 3047; x_wconf 92' lang='lat'><strong>:</strong></span> <span class='ocrx_word' id='word_1_466' title='bbox 672 2991 872 3064; x_wconf 86' lang='lat' dir='ltr'><strong>quippe</strong></span> <span class='ocrx_word' id='word_1_467' title='bbox 903 2991 998 3061; x_wconf 89' lang='lat' dir='ltr'><strong>qui</strong></span> <span class='ocrx_word' id='word_1_468' title='bbox 1025 3006 1191 3062; x_wconf 89' lang='lat' dir='ltr'><strong>super</strong></span> <span class='ocrx_word' id='word_1_469' title='bbox 1214 2989 1444 3046; x_wconf 87' lang='lat' dir='ltr'><strong>Judaica</strong></span> <span class='ocrx_word' id='word_1_470' title='bbox 1470 2997 1651 3060; x_wconf 81' lang='lat' dir='ltr'><strong>gente,</strong></span> <span class='ocrx_word' id='word_1_471' title='bbox 1687 2997 1742 3043; x_wconf 83' lang='lat' dir='ltr'><strong>et</strong></span> <span class='ocrx_word' id='word_1_472' title='bbox 1773 3002 1938 3058; x_wconf 87' lang='lat' dir='ltr'><strong>super</strong></span> <span class='ocrx_word' id='word_1_473' title='bbox 1965 3002 2031 3042; x_wconf 85' lang='lat' dir='ltr'><strong>eo</strong></span> 
     </span>
    </p>
   </div>
   <div class='ocr_carea' id='block_1_62' title="bbox 2137 2989 3713 3067">
    <p class='ocr_par' dir='ltr' id='par_1_62' title="bbox 2137 2992 3713 3067">
     <span class='ocr_line' id='line_1_62' title="bbox 2137 2992 3713 3067; baseline 0.002 -23"><span class='ocrx_word' id='word_1_474' title='bbox 2137 3008 2326 3063; x_wconf 91' lang='grc' dir='ltr'>χουσα,</span> <span class='ocrx_word' id='word_1_475' title='bbox 2361 2992 2482 3046; x_wconf 82' lang='grc' dir='ltr'>οὐδέ</span> <span class='ocrx_word' id='word_1_476' title='bbox 2511 3010 2575 3062; x_wconf 90' lang='grc' dir='ltr'><strong>γε</strong></span> <span class='ocrx_word' id='word_1_477' title='bbox 2604 2994 2743 3067; x_wconf 79' lang='grc' dir='ltr'>ὑπὲρ</span> <span class='ocrx_word' id='word_1_478' title='bbox 2763 2995 2863 3065; x_wconf 81' lang='grc' dir='ltr'>τῆς</span> <span class='ocrx_word' id='word_1_479' title='bbox 2903 2994 3180 3061; x_wconf 81' lang='grc' dir='ltr'>Ἰουδαίας,</span> <span class='ocrx_word' id='word_1_480' title='bbox 3201 2996 3323 3049; x_wconf 83' lang='grc' dir='ltr'><strong>ούδέ</strong></span> <span class='ocrx_word' id='word_1_481' title='bbox 3351 2995 3490 3067; x_wconf 80' lang='grc' dir='ltr'>ὑπὲρ</span> <span class='ocrx_word' id='word_1_482' title='bbox 3521 2994 3713 3065; x_wconf 85' lang='grc' dir='ltr'>Ἰερου-</span> 
     </span>
    </p>
   </div>
   <div class='ocr_carea' id='block_1_63' title="bbox 461 3060 2034 3158">
    <p class='ocr_par' dir='ltr' id='par_1_63' title="bbox 461 3078 2030 3155">
     <span class='ocr_line' id='line_1_63' title="bbox 461 3078 2030 3155; baseline -0.004 -18"><span class='ocrx_word' id='word_1_483' title='bbox 461 3083 557 3155; x_wconf 87' lang='lat' dir='ltr'><strong>qui</strong></span> <span class='ocrx_word' id='word_1_484' title='bbox 595 3090 825 3138; x_wconf 87' lang='lat' dir='ltr'><strong>vocatur</strong></span> <span class='ocrx_word' id='word_1_485' title='bbox 866 3081 1057 3149; x_wconf 90' lang='lat' dir='ltr'><strong>Israel,</strong></span> <span class='ocrx_word' id='word_1_486' title='bbox 1100 3082 1238 3137; x_wconf 90' lang='lat' dir='ltr'><strong>nihil</strong></span> <span class='ocrx_word' id='word_1_487' title='bbox 1277 3081 1502 3136; x_wconf 91' lang='lat' dir='ltr'><strong>omnino</strong></span> <span class='ocrx_word' id='word_1_488' title='bbox 1542 3078 1672 3134; x_wconf 92' lang='lat' dir='ltr'><strong>boni</strong></span> <span class='ocrx_word' id='word_1_489' title='bbox 1723 3080 2030 3141; x_wconf 87' lang='lat' dir='ltr'><strong>contineat,</strong></span> 
     </span>
    </p>
   </div>
   <div class='ocr_carea' id='block_1_64' title="bbox 2137 3060 3712 3158">
    <p class='ocr_par' dir='ltr' id='par_1_64' title="bbox 2137 3060 3712 3158">
     <span class='ocr_line' id='line_1_64' title="bbox 2137 3060 3712 3158; baseline 0.001 -22"><span class='ocrx_word' id='word_1_490' title='bbox 2137 3060 2337 3155; x_wconf 79' lang='grc' dir='ltr'>σαλὴμ,</span> <span class='ocrx_word' id='word_1_491' title='bbox 2352 3060 2660 3139; x_wconf 85' lang='grc' dir='ltr'>τούναντίον</span> <span class='ocrx_word' id='word_1_492' title='bbox 2675 3060 2732 3138; x_wconf 74' lang='grc' dir='ltr'><strong>δέ</strong></span> <span class='ocrx_word' id='word_1_493' title='bbox 2749 3060 2945 3157; x_wconf 83' lang='grc' dir='ltr'>μυρίας</span> <span class='ocrx_word' id='word_1_494' title='bbox 2958 3086 3098 3139; x_wconf 87' lang='grc' dir='ltr'>κατά</span> <span class='ocrx_word' id='word_1_495' title='bbox 3113 3086 3206 3140; x_wconf 83' lang='grc' dir='ltr'><strong>τοῦ</strong></span> <span class='ocrx_word' id='word_1_496' title='bbox 3239 3060 3712 3158; x_wconf 65' lang='grc' dir='ltr'>Ἰσραὴλμέμίῐιεις</span> 
     </span>
    </p>
   </div>
   <div class='ocr_carea' id='block_1_65' title="bbox 459 3169 2030 3247">
    <p class='ocr_par' dir='ltr' id='par_1_65' title="bbox 459 3169 2030 3247">
     <span class='ocr_line' id='line_1_65' title="bbox 459 3169 2030 3247; baseline -0.005 -15"><span class='ocrx_word' id='word_1_497' title='bbox 459 3191 639 3247; x_wconf 88' lang='lat' dir='ltr'><strong>neque</strong></span> <span class='ocrx_word' id='word_1_498' title='bbox 670 3176 799 3230; x_wconf 87' lang='lat' dir='ltr'><strong>Item</strong></span> <span class='ocrx_word' id='word_1_499' title='bbox 830 3190 994 3247; x_wconf 87' lang='lat' dir='ltr'><strong>super</strong></span> <span class='ocrx_word' id='word_1_500' title='bbox 1014 3172 1222 3237; x_wconf 79' lang='lat' dir='ltr'><strong>Judaea,</strong></span> <span class='ocrx_word' id='word_1_501' title='bbox 1270 3189 1449 3244; x_wconf 90' lang='lat' dir='ltr'><strong>neque</strong></span> <span class='ocrx_word' id='word_1_502' title='bbox 1489 3188 1654 3243; x_wconf 86' lang='lat' dir='ltr'><strong>super</strong></span> <span class='ocrx_word' id='word_1_503' title='bbox 1682 3169 1984 3227; x_wconf 72' lang='lat' dir='ltr'><strong>Jerusalem</strong></span> <span class='ocrx_word' id='word_1_504' title='bbox 2015 3188 2030 3224; x_wconf 88' lang='lat'><strong>:</strong></span> 
     </span>
    </p>
   </div>
   <div class='ocr_carea' id='block_1_66' title="bbox 462 3263 2037 3333">
    <p class='ocr_par' dir='ltr' id='par_1_66' title="bbox 462 3263 2037 3333">
     <span class='ocr_line' id='line_1_66' title="bbox 462 3263 2037 3333; baseline -0.004 -8"><span class='ocrx_word' id='word_1_505' title='bbox 462 3277 658 3326; x_wconf 89' lang='lat' dir='ltr'><strong>contra</strong></span> <span class='ocrx_word' id='word_1_506' title='bbox 690 3278 872 3324; x_wconf 87' lang='lat' dir='ltr'><strong>autem</strong></span> <span class='ocrx_word' id='word_1_507' title='bbox 921 3268 1351 3323; x_wconf 89' lang='lat' dir='ltr'><strong>innumerabiles</strong></span> <span class='ocrx_word' id='word_1_508' title='bbox 1401 3268 1665 3322; x_wconf 85' lang='lat' dir='ltr'><strong>adversus</strong></span> <span class='ocrx_word' id='word_1_509' title='bbox 1697 3263 1866 3320; x_wconf 89' lang='lat' dir='ltr'><strong>Israel</strong></span> <span class='ocrx_word' id='word_1_510' title='bbox 1902 3278 2037 3333; x_wconf 60' lang='lat' dir='ltr'><strong>que-r</strong></span> 
     </span>
    </p>
   </div>
   <div class='ocr_carea' id='block_1_67' title="bbox 461 3353 2038 3433">
    <p class='ocr_par' dir='ltr' id='par_1_67' title="bbox 461 3353 2038 3433">
     <span class='ocr_line' id='line_1_67' title="bbox 461 3353 2038 3433; baseline -0.006 -14"><span class='ocrx_word' id='word_1_511' title='bbox 461 3362 630 3426; x_wconf 85' lang='lat' dir='ltr'><strong>relas,</strong></span> <span class='ocrx_word' id='word_1_512' title='bbox 672 3370 835 3433; x_wconf 82' lang='lat' dir='ltr'><strong>atque</strong></span> <span class='ocrx_word' id='word_1_513' title='bbox 881 3362 1277 3428; x_wconf 88' lang='lat' dir='ltr'><strong>accusationes,</strong></span> <span class='ocrx_word' id='word_1_514' title='bbox 1310 3359 1597 3429; x_wconf 89' lang='lat' dir='ltr'><strong>minasque</strong></span> <span class='ocrx_word' id='word_1_515' title='bbox 1643 3357 1906 3412; x_wconf 86' lang='lat' dir='ltr'><strong>adversus</strong></span> <span class='ocrx_word' id='word_1_516' title='bbox 1946 3353 2038 3411; x_wconf 88' lang='lat' dir='ltr'><strong>Je-</strong></span> 
     </span>
    </p>
   </div>
   <div class='ocr_carea' id='block_1_68' title="bbox 462 3448 2035 3522">
    <p class='ocr_par' dir='ltr' id='par_1_68' title="bbox 462 3448 2035 3522">
     <span class='ocr_line' id='line_1_68' title="bbox 462 3448 2035 3522; baseline -0.004 -13"><span class='ocrx_word' id='word_1_517' title='bbox 462 3455 701 3510; x_wconf 85' lang='lat' dir='ltr'><strong>rusalem</strong></span> <span class='ocrx_word' id='word_1_518' title='bbox 732 3454 921 3508; x_wconf 87' lang='lat' dir='ltr'><strong>tristes</strong></span> <span class='ocrx_word' id='word_1_519' title='bbox 963 3461 1247 3508; x_wconf 89' lang='lat' dir='ltr'><strong>recenseat</strong></span> <span class='ocrx_word' id='word_1_520' title='bbox 1271 3467 1286 3504; x_wconf 91' lang='lat'><strong>:</strong></span> <span class='ocrx_word' id='word_1_521' title='bbox 1315 3450 1573 3522; x_wconf 88' lang='lat' dir='ltr'><strong>quodque</strong></span> <span class='ocrx_word' id='word_1_522' title='bbox 1602 3448 1876 3504; x_wconf 88' lang='lat' dir='ltr'><strong>universis</strong></span> <span class='ocrx_word' id='word_1_523' title='bbox 1906 3463 2035 3520; x_wconf 82' lang='lat' dir='ltr'><strong>gen-</strong></span> 
     </span>
    </p>
   </div>
   <div class='ocr_carea' id='block_1_69' title="bbox 464 3539 2042 3613">
    <p class='ocr_par' dir='ltr' id='par_1_69' title="bbox 464 3539 2042 3613">
     <span class='ocr_line' id='line_1_69' title="bbox 464 3539 2042 3613; baseline -0.003 -16"><span class='ocrx_word' id='word_1_524' title='bbox 464 3544 612 3600; x_wconf 86' lang='lat' dir='ltr'><strong>tibus</strong></span> <span class='ocrx_word' id='word_1_525' title='bbox 643 3544 883 3600; x_wconf 88' lang='lat' dir='ltr'><strong>salutare</strong></span> <span class='ocrx_word' id='word_1_526' title='bbox 923 3543 1172 3613; x_wconf 80' lang='lat' dir='ltr'><strong>contigit,</strong></span> <span class='ocrx_word' id='word_1_527' title='bbox 1209 3542 1577 3606; x_wconf 89' lang='lat' dir='ltr'><strong>vocationem,</strong></span> <span class='ocrx_word' id='word_1_528' title='bbox 1612 3549 1777 3611; x_wconf 89' lang='lat' dir='ltr'><strong>atque</strong></span> <span class='ocrx_word' id='word_1_529' title='bbox 1813 3539 2042 3609; x_wconf 57' lang='lat' dir='ltr'><strong>agnitio.</strong></span> 
     </span>
    </p>
   </div>
   <div class='ocr_carea' id='block_1_70' title="bbox 463 3630 2041 3695">
    <p class='ocr_par' dir='ltr' id='par_1_70' title="bbox 463 3630 2041 3695">
     <span class='ocr_line' id='line_1_70' title="bbox 463 3630 2041 3695; baseline -0.003 -6"><span class='ocrx_word' id='word_1_530' title='bbox 463 3649 590 3691; x_wconf 85' lang='lat' dir='ltr'><strong>nem</strong></span> <span class='ocrx_word' id='word_1_531' title='bbox 631 3634 831 3690; x_wconf 88' lang='lat' dir='ltr'><strong>summi</strong></span> <span class='ocrx_word' id='word_1_532' title='bbox 873 3632 967 3688; x_wconf 85' lang='lat' dir='ltr'><strong>Dei</strong></span> <span class='ocrx_word' id='word_1_533' title='bbox 1004 3632 1241 3687; x_wconf 81' lang='lat' dir='ltr'><strong>futuram</strong></span> <span class='ocrx_word' id='word_1_534' title='bbox 1290 3632 1535 3688; x_wconf 87' lang='lat' dir='ltr'><strong>divinet:</strong></span> <span class='ocrx_word' id='word_1_535' title='bbox 1566 3641 1619 3689; x_wconf 92' lang='lat' dir='ltr'><strong>et</strong></span> <span class='ocrx_word' id='word_1_536' title='bbox 1645 3633 1712 3687; x_wconf 90' lang='lat' dir='ltr'><strong>ad</strong></span> <span class='ocrx_word' id='word_1_537' title='bbox 1751 3634 1888 3695; x_wconf 82' lang='lat' dir='ltr'><strong>haec,</strong></span> <span class='ocrx_word' id='word_1_538' title='bbox 1912 3630 2041 3685; x_wconf 87' lang='lat' dir='ltr'><strong>novi</strong></span> 
     </span>
    </p>
   </div>
   <div class='ocr_carea' id='block_1_71' title="bbox 465 3726 2040 3799">
    <p class='ocr_par' dir='ltr' id='par_1_71' title="bbox 465 3726 2040 3799">
     <span class='ocr_line' id='line_1_71' title="bbox 465 3726 2040 3799; baseline -0.001 -15"><span class='ocrx_word' id='word_1_539' title='bbox 465 3728 752 3798; x_wconf 87' lang='lat' dir='ltr'><strong>cujusdam</strong></span> <span class='ocrx_word' id='word_1_540' title='bbox 779 3728 983 3782; x_wconf 90' lang='lat' dir='ltr'><strong>montis</strong></span> <span class='ocrx_word' id='word_1_541' title='bbox 1012 3726 1377 3799; x_wconf 87' lang='lat' dir='ltr'><strong>proditionem</strong></span> <span class='ocrx_word' id='word_1_542' title='bbox 1403 3728 1458 3781; x_wconf 93' lang='lat' dir='ltr'><strong>in</strong></span> <span class='ocrx_word' id='word_1_543' title='bbox 1499 3727 1699 3792; x_wconf 89' lang='lat' dir='ltr'><strong>lucem,</strong></span> <span class='ocrx_word' id='word_1_544' title='bbox 1728 3735 1784 3782; x_wconf 90' lang='lat' dir='ltr'><strong>et</strong></span> <span class='ocrx_word' id='word_1_545' title='bbox 1812 3726 2040 3782; x_wconf 86' lang='lat' dir='ltr'><strong>alterius</strong></span> 
     </span>
    </p>
   </div>
   <div class='ocr_carea' id='block_1_72' title="bbox 466 3815 2043 3890">
    <p class='ocr_par' dir='ltr' id='par_1_72' title="bbox 466 3815 2043 3890">
     <span class='ocr_line' id='line_1_72' title="bbox 466 3815 2043 3890; baseline -0.004 -14"><span class='ocrx_word' id='word_1_546' title='bbox 466 3819 661 3876; x_wconf 88' lang='lat' dir='ltr'><strong>domus</strong></span> <span class='ocrx_word' id='word_1_547' title='bbox 674 3817 793 3883; x_wconf 89' lang='lat' dir='ltr'><strong>Dei,</strong></span> <span class='ocrx_word' id='word_1_548' title='bbox 811 3826 1007 3889; x_wconf 62' lang='lat' dir='ltr'><strong>praeter</strong></span> <span class='ocrx_word' id='word_1_549' title='bbox 1036 3833 1176 3883; x_wconf 87' lang='lat' dir='ltr'><strong>eam,</strong></span> <span class='ocrx_word' id='word_1_550' title='bbox 1199 3833 1320 3890; x_wconf 76' lang='lat' dir='ltr'><strong>qua:</strong></span> <span class='ocrx_word' id='word_1_551' title='bbox 1342 3824 1427 3874; x_wconf 91' lang='lat' dir='ltr'><strong>est</strong></span> <span class='ocrx_word' id='word_1_552' title='bbox 1457 3817 1511 3872; x_wconf 90' lang='lat' dir='ltr'><strong>in</strong></span> <span class='ocrx_word' id='word_1_553' title='bbox 1557 3815 1883 3880; x_wconf 88' lang='lat' dir='ltr'><strong>Jerusalem,</strong></span> <span class='ocrx_word' id='word_1_554' title='bbox 1916 3831 2043 3871; x_wconf 85' lang='lat' dir='ltr'><strong>con-</strong></span> 
     </span>
    </p>
   </div>
   <div class='ocr_carea' id='block_1_73' title="bbox 466 3903 2043 3981">
    <p class='ocr_par' dir='ltr' id='par_1_73' title="bbox 466 3903 2043 3981">
     <span class='ocr_line' id='line_1_73' title="bbox 466 3903 2043 3981; baseline -0.006 -13"><span class='ocrx_word' id='word_1_555' title='bbox 466 3912 828 3968; x_wconf 83' lang='lat' dir='ltr'><strong>structionem</strong></span> <span class='ocrx_word' id='word_1_556' title='bbox 870 3908 1217 3964; x_wconf 80' lang='lat' dir='ltr'><strong>manifestam</strong></span> <span class='ocrx_word' id='word_1_557' title='bbox 1262 3914 1564 3981; x_wconf 88' lang='lat' dir='ltr'><strong>proponat,</strong></span> <span class='ocrx_word' id='word_1_558' title='bbox 1611 3908 1793 3977; x_wconf 91' lang='lat' dir='ltr'><strong>itaque</strong></span> <span class='ocrx_word' id='word_1_559' title='bbox 1833 3906 1925 3961; x_wconf 90' lang='lat' dir='ltr'><strong>ubi</strong></span> <span class='ocrx_word' id='word_1_560' title='bbox 1974 3903 2043 3960; x_wconf 91' lang='lat' dir='ltr'><strong>de</strong></span> 
     </span>
    </p>
   </div>
   <div class='ocr_carea' id='block_1_74' title="bbox 465 3996 2038 4064">
    <p class='ocr_par' dir='ltr' id='par_1_74' title="bbox 465 3996 2038 4064">
     <span class='ocr_line' id='line_1_74' title="bbox 465 3996 2038 4064; baseline -0.004 -6"><span class='ocrx_word' id='word_1_561' title='bbox 465 4000 653 4058; x_wconf 68' lang='lat' dir='ltr'><strong>Judaaa</strong></span> <span class='ocrx_word' id='word_1_562' title='bbox 685 4009 740 4059; x_wconf 84' lang='lat' dir='ltr'><strong>et</strong></span> <span class='ocrx_word' id='word_1_563' title='bbox 790 4001 856 4057; x_wconf 91' lang='lat' dir='ltr'><strong>de</strong></span> <span class='ocrx_word' id='word_1_564' title='bbox 899 3999 1203 4057; x_wconf 87' lang='lat' dir='ltr'><strong>Jerusalem</strong></span> <span class='ocrx_word' id='word_1_565' title='bbox 1235 4001 1450 4055; x_wconf 91' lang='lat' dir='ltr'><strong>locutus</strong></span> <span class='ocrx_word' id='word_1_566' title='bbox 1475 4005 1581 4064; x_wconf 86' lang='lat' dir='ltr'><strong>est,</strong></span> <span class='ocrx_word' id='word_1_567' title='bbox 1610 4006 1741 4055; x_wconf 90' lang='lat' dir='ltr'><strong>tunc</strong></span> <span class='ocrx_word' id='word_1_568' title='bbox 1768 3997 1845 4054; x_wconf 89' lang='lat' dir='ltr'><strong>sic</strong></span> <span class='ocrx_word' id='word_1_569' title='bbox 1868 3996 2038 4052; x_wconf 90' lang='lat' dir='ltr'><strong>dicit:</strong></span> 
     </span>
    </p>
   </div>
   <div class='ocr_carea' id='block_1_75' title="bbox 473 4089 2043 4164">
    <p class='ocr_par' dir='ltr' id='par_1_75' title="bbox 473 4089 2043 4164">
     <span class='ocr_line' id='line_1_75' title="bbox 473 4089 2043 4164; baseline -0.001 -19"><span class='ocrx_word' id='word_1_570' title='bbox 473 4111 494 4145; x_wconf 78' lang='grc' dir='ltr'><strong>ι</strong></span> <span class='ocrx_word' id='word_1_571' title='bbox 532 4093 680 4164; x_wconf 87' lang='lat' dir='ltr'><strong>quod</strong></span> <span class='ocrx_word' id='word_1_572' title='bbox 712 4092 818 4147; x_wconf 88' lang='lat' dir='ltr'><strong>erit</strong></span> <span class='ocrx_word' id='word_1_573' title='bbox 858 4091 915 4147; x_wconf 93' lang='lat' dir='ltr'><strong>in</strong></span> <span class='ocrx_word' id='word_1_574' title='bbox 938 4090 1259 4147; x_wconf 89' lang='lat' dir='ltr'><strong>novissimis</strong></span> <span class='ocrx_word' id='word_1_575' title='bbox 1297 4090 1492 4145; x_wconf 90' lang='lat' dir='ltr'><strong>diebus</strong></span> <span class='ocrx_word' id='word_1_576' title='bbox 1530 4089 1859 4145; x_wconf 79' lang='lat' dir='ltr'><strong>manifestus</strong></span> <span class='ocrx_word' id='word_1_577' title='bbox 1886 4103 2043 4143; x_wconf 89' lang='lat' dir='ltr'><strong>mons</strong></span> 
     </span>
    </p>
   </div>
   <div class='ocr_carea' id='block_1_76' title="bbox 470 4180 2041 4245">
    <p class='ocr_par' dir='ltr' id='par_1_76' title="bbox 470 4180 2041 4245">
     <span class='ocr_line' id='line_1_76' title="bbox 470 4180 2041 4245; baseline -0.001 -9"><span class='ocrx_word' id='word_1_578' title='bbox 470 4180 729 4245; x_wconf 89' lang='lat' dir='ltr'><strong>Domini,</strong></span> <span class='ocrx_word' id='word_1_579' title='bbox 768 4187 824 4236; x_wconf 88' lang='lat' dir='ltr'><strong>et</strong></span> <span class='ocrx_word' id='word_1_580' title='bbox 875 4180 1072 4237; x_wconf 89' lang='lat' dir='ltr'><strong>domus</strong></span> <span class='ocrx_word' id='word_1_581' title='bbox 1116 4180 1212 4235; x_wconf 92' lang='lat' dir='ltr'><strong>Dei</strong></span> <span class='ocrx_word' id='word_1_582' title='bbox 1260 4182 1314 4235; x_wconf 91' lang='lat' dir='ltr'><strong>in</strong></span> <span class='ocrx_word' id='word_1_583' title='bbox 1375 4180 1675 4236; x_wconf 88' lang='lat' dir='ltr'><strong>verticibus</strong></span> <span class='ocrx_word' id='word_1_584' title='bbox 1731 4181 1995 4236; x_wconf 89' lang='lat' dir='ltr'><strong>montium</strong></span> <span class='ocrx_word' id='word_1_585' title='bbox 2025 4221 2041 4245; x_wconf 93' lang='lat'><strong>,</strong></span> 
     </span>
    </p>
   </div>
   <div class='ocr_carea' id='block_1_77' title="bbox 467 4269 2043 4343">
    <p class='ocr_par' dir='ltr' id='par_1_77' title="bbox 467 4269 2043 4343">
     <span class='ocr_line' id='line_1_77' title="bbox 467 4269 2043 4343; baseline 0.001 -20"><span class='ocrx_word' id='word_1_586' title='bbox 467 4270 577 4343; x_wconf 76' lang='lat'><strong>67</strong></span> <span class='ocrx_word' id='word_1_587' title='bbox 604 4277 657 4323; x_wconf 87' lang='lat' dir='ltr'><strong>et</strong></span> <span class='ocrx_word' id='word_1_588' title='bbox 689 4269 981 4323; x_wconf 74' lang='lat' dir='ltr'><strong>extolletur</strong></span> <span class='ocrx_word' id='word_1_589' title='bbox 1018 4285 1184 4340; x_wconf 88' lang='lat' dir='ltr'><strong>super</strong></span> <span class='ocrx_word' id='word_1_590' title='bbox 1229 4270 1398 4325; x_wconf 92' lang='lat' dir='ltr'><strong>colles</strong></span> <span class='ocrx_word' id='word_1_591' title='bbox 1424 4309 1439 4335; x_wconf 97' lang='lat'><strong>,</strong></span> <span class='ocrx_word' id='word_1_592' title='bbox 1476 4281 1527 4325; x_wconf 89' lang='lat' dir='ltr'><strong>et</strong></span> <span class='ocrx_word' id='word_1_593' title='bbox 1563 4272 1783 4325; x_wconf 91' lang='lat' dir='ltr'><strong>venient</strong></span> <span class='ocrx_word' id='word_1_594' title='bbox 1815 4271 1883 4326; x_wconf 86' lang='lat' dir='ltr'><strong>ad</strong></span> <span class='ocrx_word' id='word_1_595' title='bbox 1918 4286 2043 4327; x_wconf 91' lang='lat' dir='ltr'><strong>eum</strong></span> 
     </span>
    </p>
   </div>
   <div class='ocr_carea' id='block_1_78' title="bbox 470 4360 2041 4431">
    <p class='ocr_par' dir='ltr' id='par_1_78' title="bbox 470 4360 2041 4431">
     <span class='ocr_line' id='line_1_78' title="bbox 470 4360 2041 4431; baseline 0.001 -16"><span class='ocrx_word' id='word_1_596' title='bbox 470 4375 663 4416; x_wconf 88' lang='lat' dir='ltr'><strong>omnes</strong></span> <span class='ocrx_word' id='word_1_597' title='bbox 678 4369 891 4431; x_wconf 81' lang='lat' dir='ltr'><strong>gentes,</strong></span> <span class='ocrx_word' id='word_1_598' title='bbox 911 4370 965 4415; x_wconf 89' lang='lat' dir='ltr'><strong>et</strong></span> <span class='ocrx_word' id='word_1_599' title='bbox 994 4361 1150 4415; x_wconf 91' lang='lat' dir='ltr'><strong>ibunt</strong></span> <span class='ocrx_word' id='word_1_600' title='bbox 1174 4367 1362 4431; x_wconf 88' lang='lat' dir='ltr'><strong>gentes</strong></span> <span class='ocrx_word' id='word_1_601' title='bbox 1386 4361 1567 4415; x_wconf 69' lang='lat' dir='ltr'><strong>multa:</strong></span> <span class='ocrx_word' id='word_1_602' title='bbox 1594 4369 1649 4417; x_wconf 93' lang='lat' dir='ltr'><strong>et</strong></span> <span class='ocrx_word' id='word_1_603' title='bbox 1676 4361 1859 4418; x_wconf 90' lang='lat' dir='ltr'><strong>dicent</strong></span> <span class='ocrx_word' id='word_1_604' title='bbox 1891 4380 1905 4416; x_wconf 88' lang='lat'><strong>:</strong></span> <span class='ocrx_word' id='word_1_605' title='bbox 1936 4360 2041 4417; x_wconf 79' lang='lat' dir='ltr'><strong>Ve-</strong></span> 
     </span>
    </p>
   </div>
   <div class='ocr_carea' id='block_1_79' title="bbox 469 4448 2040 4517">
    <p class='ocr_par' dir='ltr' id='par_1_79' title="bbox 469 4448 2040 4517">
     <span class='ocr_line' id='line_1_79' title="bbox 469 4448 2040 4517; baseline 0.002 -14"><span class='ocrx_word' id='word_1_606' title='bbox 469 4448 606 4515; x_wconf 84' lang='lat' dir='ltr'><strong>nite,</strong></span> <span class='ocrx_word' id='word_1_607' title='bbox 638 4449 998 4505; x_wconf 88' lang='lat' dir='ltr'><strong>ascendamus</strong></span> <span class='ocrx_word' id='word_1_608' title='bbox 1033 4452 1087 4505; x_wconf 90' lang='lat' dir='ltr'><strong>in</strong></span> <span class='ocrx_word' id='word_1_609' title='bbox 1124 4461 1363 4506; x_wconf 90' lang='lat' dir='ltr'><strong>montem</strong></span> <span class='ocrx_word' id='word_1_610' title='bbox 1399 4450 1634 4517; x_wconf 91' lang='lat' dir='ltr'><strong>Domini,</strong></span> <span class='ocrx_word' id='word_1_611' title='bbox 1669 4454 1796 4507; x_wconf 88' lang='lat' dir='ltr'><strong>etin</strong></span> <span class='ocrx_word' id='word_1_612' title='bbox 1820 4453 2040 4507; x_wconf 91' lang='lat' dir='ltr'><strong>domum</strong></span> 
     </span>
    </p>
   </div>
   <div class='ocr_carea' id='block_1_80' title="bbox 434 4541 2042 4617">
    <p class='ocr_par' dir='ltr' id='par_1_80' title="bbox 434 4541 2042 4617">
     <span class='ocr_line' id='line_1_80' title="bbox 434 4541 2042 4617; baseline 0.003 -19"><span class='ocrx_word' id='word_1_613' title='bbox 434 4548 441 4554; x_wconf 84' lang='lat'>&#39;</span> <span class='ocrx_word' id='word_1_614' title='bbox 470 4541 568 4598; x_wconf 92' lang='lat' dir='ltr'><strong>Dei</strong></span> <span class='ocrx_word' id='word_1_615' title='bbox 588 4541 756 4599; x_wconf 89' lang='lat' dir='ltr'><strong>Jacob</strong></span> <span class='ocrx_word' id='word_1_616' title='bbox 779 4542 825 4574; x_wconf 85' lang='grc'>³⁰</span> <span class='ocrx_word' id='word_1_617' title='bbox 854 4561 867 4597; x_wconf 91' lang='lat'>:</span> <span class='ocrx_word' id='word_1_618' title='bbox 901 4561 920 4594; x_wconf 74' lang='grc' dir='ltr'><strong>ι</strong></span> <span class='ocrx_word' id='word_1_619' title='bbox 958 4558 1021 4598; x_wconf 90' lang='lat' dir='ltr'><strong>ac</strong></span> <span class='ocrx_word' id='word_1_620' title='bbox 1049 4544 1116 4599; x_wconf 92' lang='lat' dir='ltr'><strong>de</strong></span> <span class='ocrx_word' id='word_1_621' title='bbox 1147 4545 1400 4614; x_wconf 82' lang='lat' dir='ltr'><strong>gentibus</strong></span> <span class='ocrx_word' id='word_1_622' title='bbox 1424 4547 1643 4617; x_wconf 85' lang='lat' dir='ltr'><strong>quidem</strong></span> <span class='ocrx_word' id='word_1_623' title='bbox 1669 4547 1884 4602; x_wconf 90' lang='lat' dir='ltr'><strong>cunctis</strong></span> <span class='ocrx_word' id='word_1_624' title='bbox 1913 4548 2042 4603; x_wconf 87' lang='lat' dir='ltr'><strong>talia</strong></span> 
     </span>
    </p>
   </div>
   <div class='ocr_carea' id='block_1_81' title="bbox 470 4633 2042 4708">
    <p class='ocr_par' dir='ltr' id='par_1_81' title="bbox 470 4633 2042 4708">
     <span class='ocr_line' id='line_1_81' title="bbox 470 4633 2042 4708; baseline 0.001 -15"><span class='ocrx_word' id='word_1_625' title='bbox 470 4635 682 4694; x_wconf 74' lang='lat' dir='ltr'><strong>divinat</strong></span> <span class='ocrx_word' id='word_1_626' title='bbox 716 4653 730 4689; x_wconf 89' lang='lat'><strong>:</strong></span> <span class='ocrx_word' id='word_1_627' title='bbox 773 4633 842 4689; x_wconf 91' lang='lat' dir='ltr'><strong>de</strong></span> <span class='ocrx_word' id='word_1_628' title='bbox 870 4633 1072 4691; x_wconf 66' lang='lat' dir='ltr'><strong>Judazis</strong></span> <span class='ocrx_word' id='word_1_629' title='bbox 1113 4650 1245 4691; x_wconf 89' lang='lat' dir='ltr'><strong>vero</strong></span> <span class='ocrx_word' id='word_1_630' title='bbox 1283 4636 1540 4708; x_wconf 84' lang='lat' dir='ltr'><strong>deinceps</strong></span> <span class='ocrx_word' id='word_1_631' title='bbox 1585 4638 1891 4708; x_wconf 74' lang='lat' dir='ltr'><strong>cuiusmodi</strong></span> <span class='ocrx_word' id='word_1_632' title='bbox 1932 4639 2042 4695; x_wconf 89' lang='lat' dir='ltr'><strong>sint</strong></span> 
     </span>
    </p>
   </div>
   <div class='ocr_carea' id='block_1_82' title="bbox 471 4728 2042 4804">
    <p class='ocr_par' dir='ltr' id='par_1_82' title="bbox 471 4728 2042 4804">
     <span class='ocr_line' id='line_1_82' title="bbox 471 4728 2042 4804; baseline -0.001 -19"><span class='ocrx_word' id='word_1_633' title='bbox 471 4740 538 4785; x_wconf 81' lang='lat' dir='ltr'><strong>ea</strong></span> <span class='ocrx_word' id='word_1_634' title='bbox 563 4768 578 4792; x_wconf 91' lang='lat'><strong>,</strong></span> <span class='ocrx_word' id='word_1_635' title='bbox 608 4743 728 4800; x_wconf 61' lang='lat' dir='ltr'><strong>quae</strong></span> <span class='ocrx_word' id='word_1_636' title='bbox 760 4728 1008 4799; x_wconf 72' lang='lat' dir='ltr'><strong>adiungit</strong></span> <span class='ocrx_word' id='word_1_637' title='bbox 1032 4768 1047 4793; x_wconf 95' lang='lat'><strong>,</strong></span> <span class='ocrx_word' id='word_1_638' title='bbox 1078 4742 1226 4782; x_wconf 86' lang='lat' dir='ltr'><strong>nunc</strong></span> <span class='ocrx_word' id='word_1_639' title='bbox 1253 4729 1378 4783; x_wconf 88' lang='lat' dir='ltr'><strong>audi</strong></span> <span class='ocrx_word' id='word_1_640' title='bbox 1413 4748 1426 4783; x_wconf 87' lang='lat'><strong>:</strong></span> <span class='ocrx_word' id='word_1_641' title='bbox 1464 4749 1485 4779; x_wconf 69' lang='grc' dir='ltr'>ς</span> <span class='ocrx_word' id='word_1_642' title='bbox 1526 4731 1735 4787; x_wconf 88' lang='lat' dir='ltr'><strong>dimisit</strong></span> <span class='ocrx_word' id='word_1_643' title='bbox 1771 4732 1915 4786; x_wconf 91' lang='lat' dir='ltr'><strong>enim</strong></span> <span class='ocrx_word' id='word_1_644' title='bbox 1943 4747 2042 4804; x_wconf 86' lang='lat' dir='ltr'><strong>po-</strong></span> 
     </span>
    </p>
   </div>
   <div class='ocr_carea' id='block_1_83' title="bbox 474 4817 2041 4894">
    <p class='ocr_par' dir='ltr' id='par_1_83' title="bbox 474 4817 2041 4894">
     <span class='ocr_line' id='line_1_83' title="bbox 474 4817 2041 4894; baseline 0.001 -19"><span class='ocrx_word' id='word_1_645' title='bbox 474 4821 664 4894; x_wconf 91' lang='lat' dir='ltr'><strong>pulum</strong></span> <span class='ocrx_word' id='word_1_646' title='bbox 685 4836 843 4876; x_wconf 89' lang='lat' dir='ltr'><strong>suum</strong></span> <span class='ocrx_word' id='word_1_647' title='bbox 867 4860 884 4884; x_wconf 92' lang='lat'><strong>,</strong></span> <span class='ocrx_word' id='word_1_648' title='bbox 912 4821 1132 4876; x_wconf 89' lang='lat' dir='ltr'><strong>domum</strong></span> <span class='ocrx_word' id='word_1_649' title='bbox 1157 4817 1329 4875; x_wconf 90' lang='lat' dir='ltr'><strong>Jacob</strong></span> <span class='ocrx_word' id='word_1_650' title='bbox 1354 4841 1367 4876; x_wconf 90' lang='lat'>:</span> <span class='ocrx_word' id='word_1_651' title='bbox 1395 4823 1653 4892; x_wconf 89' lang='lat' dir='ltr'><strong>quoniam</strong></span> <span class='ocrx_word' id='word_1_652' title='bbox 1681 4823 1886 4894; x_wconf 88' lang='lat' dir='ltr'><strong>repleta</strong></span> <span class='ocrx_word' id='word_1_653' title='bbox 1916 4831 2001 4879; x_wconf 89' lang='lat' dir='ltr'><strong>est</strong></span> <span class='ocrx_word' id='word_1_654' title='bbox 2024 4863 2041 4889; x_wconf 93' lang='lat'><strong>,</strong></span> 
     </span>
    </p>
   </div>
   <div class='ocr_carea' id='block_1_84' title="bbox 476 4912 2045 4988">
    <p class='ocr_par' dir='ltr' id='par_1_84' title="bbox 476 4912 2045 4988">
     <span class='ocr_line' id='line_1_84' title="bbox 476 4912 2045 4988; baseline 0.002 -20"><span class='ocrx_word' id='word_1_655' title='bbox 476 4921 536 4968; x_wconf 89' lang='lat' dir='ltr'><strong>ut</strong></span> <span class='ocrx_word' id='word_1_656' title='bbox 562 4914 632 4969; x_wconf 89' lang='lat' dir='ltr'><strong>ab</strong></span> <span class='ocrx_word' id='word_1_657' title='bbox 660 4913 815 4969; x_wconf 89' lang='lat' dir='ltr'><strong>initio</strong></span> <span class='ocrx_word' id='word_1_658' title='bbox 845 4953 861 4977; x_wconf 91' lang='lat'><strong>,</strong></span> <span class='ocrx_word' id='word_1_659' title='bbox 893 4912 1044 4984; x_wconf 88' lang='lat' dir='ltr'><strong>regio</strong></span> <span class='ocrx_word' id='word_1_660' title='bbox 1084 4927 1272 4969; x_wconf 90' lang='lat' dir='ltr'><strong>eorum</strong></span> <span class='ocrx_word' id='word_1_661' title='bbox 1313 4914 1626 4970; x_wconf 88' lang='lat' dir='ltr'><strong>hominibus</strong></span> <span class='ocrx_word' id='word_1_662' title='bbox 1651 4954 1668 4981; x_wconf 88' lang='lat'><strong>,</strong></span> <span class='ocrx_word' id='word_1_663' title='bbox 1703 4916 1848 4971; x_wconf 89' lang='lat' dir='ltr'><strong>sicut</strong></span> <span class='ocrx_word' id='word_1_664' title='bbox 1894 4916 2045 4988; x_wconf 84' lang='lat' dir='ltr'><strong>regio</strong></span> 
     </span>
    </p>
   </div>
   <div class='ocr_carea' id='block_1_85' title="bbox 476 5005 2043 5078">
    <p class='ocr_par' dir='ltr' id='par_1_85' title="bbox 476 5005 2043 5078">
     <span class='ocr_line' id='line_1_85' title="bbox 476 5005 2043 5078; baseline 0.002 -17"><span class='ocrx_word' id='word_1_665' title='bbox 476 5006 901 5078; x_wconf 85' lang='lat' dir='ltr'><strong>alienigenarum</strong></span> <span class='ocrx_word' id='word_1_666' title='bbox 934 5025 948 5060; x_wconf 88' lang='lat'><strong>:</strong></span> <span class='ocrx_word' id='word_1_667' title='bbox 985 5012 1040 5061; x_wconf 89' lang='lat' dir='ltr'><strong>et</strong></span> <span class='ocrx_word' id='word_1_668' title='bbox 1084 5006 1179 5060; x_wconf 84' lang='lat' dir='ltr'><strong>lilii</strong></span> <span class='ocrx_word' id='word_1_669' title='bbox 1216 5005 1373 5061; x_wconf 89' lang='lat' dir='ltr'><strong>multi</strong></span> <span class='ocrx_word' id='word_1_670' title='bbox 1410 5006 1573 5061; x_wconf 91' lang='lat' dir='ltr'><strong>alieni</strong></span> <span class='ocrx_word' id='word_1_671' title='bbox 1614 5007 1726 5061; x_wconf 91' lang='lat' dir='ltr'><strong>nati</strong></span> <span class='ocrx_word' id='word_1_672' title='bbox 1757 5015 1885 5063; x_wconf 92' lang='lat' dir='ltr'><strong>sunt</strong></span> <span class='ocrx_word' id='word_1_673' title='bbox 1912 5008 2043 5064; x_wconf 92' lang='lat' dir='ltr'><strong>illis.</strong></span> 
     </span>
    </p>
   </div>
   <div class='ocr_carea' id='block_1_86' title="bbox 474 5088 2044 5169">
    <p class='ocr_par' dir='ltr' id='par_1_86' title="bbox 474 5088 2044 5169">
     <span class='ocr_line' id='line_1_86' title="bbox 474 5088 2044 5169; baseline 0.001 -17"><span class='ocrx_word' id='word_1_674' title='bbox 474 5096 698 5169; x_wconf 79' lang='lat' dir='ltr'><strong>Repleta</strong></span> <span class='ocrx_word' id='word_1_675' title='bbox 728 5107 813 5155; x_wconf 89' lang='lat' dir='ltr'><strong>est</strong></span> <span class='ocrx_word' id='word_1_676' title='bbox 840 5097 986 5154; x_wconf 91' lang='lat' dir='ltr'><strong>enim</strong></span> <span class='ocrx_word' id='word_1_677' title='bbox 1011 5088 1164 5169; x_wconf 83' lang='lat' dir='ltr'><strong>regio</strong></span> <span class='ocrx_word' id='word_1_678' title='bbox 1197 5097 1412 5152; x_wconf 90' lang='lat' dir='ltr'><strong>illorum</strong></span> <span class='ocrx_word' id='word_1_679' title='bbox 1443 5105 1669 5169; x_wconf 87' lang='lat' dir='ltr'><strong>argento</strong></span> <span class='ocrx_word' id='word_1_680' title='bbox 1697 5106 1753 5154; x_wconf 90' lang='lat' dir='ltr'><strong>et</strong></span> <span class='ocrx_word' id='word_1_681' title='bbox 1777 5114 1912 5154; x_wconf 90' lang='lat' dir='ltr'><strong>auro</strong></span> <span class='ocrx_word' id='word_1_682' title='bbox 1939 5138 1955 5164; x_wconf 96' lang='lat'><strong>,</strong></span> <span class='ocrx_word' id='word_1_683' title='bbox 1989 5107 2044 5155; x_wconf 88' lang='lat' dir='ltr'><strong>et</strong></span> 
     </span>
    </p>
   </div>
   <div class='ocr_carea' id='block_1_87' title="bbox 476 5182 2046 5257">
    <p class='ocr_par' dir='ltr' id='par_1_87' title="bbox 476 5182 2046 5257">
     <span class='ocr_line' id='line_1_87' title="bbox 476 5182 2046 5257; baseline 0.001 -11"><span class='ocrx_word' id='word_1_684' title='bbox 476 5207 586 5246; x_wconf 90' lang='lat' dir='ltr'><strong>non</strong></span> <span class='ocrx_word' id='word_1_685' title='bbox 626 5191 725 5246; x_wconf 90' lang='lat' dir='ltr'><strong>l&#39;uit</strong></span> <span class='ocrx_word' id='word_1_686' title='bbox 760 5206 1023 5246; x_wconf 87' lang='lat' dir='ltr'><strong>numerus</strong></span> <span class='ocrx_word' id='word_1_687' title='bbox 1064 5182 1339 5247; x_wconf 82' lang='lat' dir='ltr'><strong>thesauris</strong></span> <span class='ocrx_word' id='word_1_688' title='bbox 1370 5205 1555 5246; x_wconf 89' lang='lat' dir='ltr'><strong>eorum</strong></span> <span class='ocrx_word' id='word_1_689' title='bbox 1581 5192 1622 5223; x_wconf 79' lang='lat'>&quot;</span> <span class='ocrx_word' id='word_1_690' title='bbox 1651 5232 1667 5257; x_wconf 94' lang='lat'><strong>,</strong></span> <span class='ocrx_word' id='word_1_691' title='bbox 1706 5209 1724 5243; x_wconf 75' lang='grc' dir='ltr'><strong>ι</strong></span> <span class='ocrx_word' id='word_1_692' title='bbox 1771 5200 1825 5247; x_wconf 91' lang='lat' dir='ltr'><strong>et</strong></span> <span class='ocrx_word' id='word_1_693' title='bbox 1851 5202 2046 5248; x_wconf 65' lang='lat' dir='ltr'><strong>caatera</strong></span> 
     </span>
    </p>
   </div>
   <div class='ocr_carea' id='block_1_88' title="bbox 478 5282 2045 5355">
    <p class='ocr_par' dir='ltr' id='par_1_88' title="bbox 478 5282 2045 5355">
     <span class='ocr_line' id='line_1_88' title="bbox 478 5282 2045 5355; baseline 0.001 -19"><span class='ocrx_word' id='word_1_694' title='bbox 478 5297 600 5353; x_wconf 73' lang='lat' dir='ltr'><strong>quae</strong></span> <span class='ocrx_word' id='word_1_695' title='bbox 630 5291 935 5355; x_wconf 88' lang='lat' dir='ltr'><strong>sequuntur</strong></span> <span class='ocrx_word' id='word_1_696' title='bbox 956 5323 972 5348; x_wconf 95' lang='lat'><strong>,</strong></span> <span class='ocrx_word' id='word_1_697' title='bbox 1004 5297 1124 5353; x_wconf 63' lang='lat' dir='ltr'><strong>quae</strong></span> <span class='ocrx_word' id='word_1_698' title='bbox 1152 5283 1320 5338; x_wconf 90' lang='lat' dir='ltr'><strong>multo</strong></span> <span class='ocrx_word' id='word_1_699' title='bbox 1350 5284 1505 5354; x_wconf 90' lang='lat' dir='ltr'><strong>plura</strong></span> <span class='ocrx_word' id='word_1_700' title='bbox 1530 5290 1690 5345; x_wconf 87' lang='lat' dir='ltr'><strong>sunt;</strong></span> <span class='ocrx_word' id='word_1_701' title='bbox 1720 5282 1921 5353; x_wconf 89' lang='lat' dir='ltr'><strong>quibus</strong></span> <span class='ocrx_word' id='word_1_702' title='bbox 1946 5282 2045 5337; x_wconf 86' lang='lat' dir='ltr'><strong>ad-</strong></span> 
     </span>
    </p>
   </div>
   <div class='ocr_carea' id='block_1_89' title="bbox 475 5372 2048 5446">
    <p class='ocr_par' dir='ltr' id='par_1_89' title="bbox 475 5372 2048 5446">
     <span class='ocr_line' id='line_1_89' title="bbox 475 5372 2048 5446; baseline 0.001 -19"><span class='ocrx_word' id='word_1_703' title='bbox 475 5373 658 5444; x_wconf 85' lang='lat' dir='ltr'><strong>jungit</strong></span> <span class='ocrx_word' id='word_1_704' title='bbox 689 5391 704 5428; x_wconf 91' lang='lat'><strong>:</strong></span> <span class='ocrx_word' id='word_1_705' title='bbox 738 5392 757 5426; x_wconf 81' lang='grc' dir='ltr'><strong>ι</strong></span> <span class='ocrx_word' id='word_1_706' title='bbox 795 5386 849 5429; x_wconf 88' lang='lat' dir='ltr'><strong>et</strong></span> <span class='ocrx_word' id='word_1_707' title='bbox 878 5374 1244 5430; x_wconf 87' lang='lat' dir='ltr'><strong>adoraverunt</strong></span> <span class='ocrx_word' id='word_1_708' title='bbox 1276 5388 1339 5431; x_wconf 91' lang='lat' dir='ltr'><strong>ea</strong></span> <span class='ocrx_word' id='word_1_709' title='bbox 1374 5415 1390 5441; x_wconf 96' lang='lat'><strong>,</strong></span> <span class='ocrx_word' id='word_1_710' title='bbox 1434 5388 1555 5445; x_wconf 65' lang='lat' dir='ltr'><strong>qua:</strong></span> <span class='ocrx_word' id='word_1_711' title='bbox 1599 5372 1847 5429; x_wconf 81' lang='lat' dir='ltr'><strong>fecerunt</strong></span> <span class='ocrx_word' id='word_1_712' title='bbox 1892 5374 2048 5446; x_wconf 85' lang='lat' dir='ltr'><strong>digiti</strong></span> 
     </span>
    </p>
   </div>
   <div class='ocr_carea' id='block_1_90' title="bbox 479 5460 2045 5545">
    <p class='ocr_par' dir='ltr' id='par_1_90' title="bbox 479 5460 2045 5545">
     <span class='ocr_line' id='line_1_90' title="bbox 479 5460 2045 5545; baseline 0.001 -29"><span class='ocrx_word' id='word_1_713' title='bbox 479 5460 744 5532; x_wconf 88' lang='lat' dir='ltr'><strong>ipsorum.</strong></span> <span class='ocrx_word' id='word_1_714' title='bbox 772 5460 838 5515; x_wconf 82' lang='lat' dir='ltr'><strong>Et</strong></span> <span class='ocrx_word' id='word_1_715' title='bbox 863 5462 1151 5518; x_wconf 89' lang='lat' dir='ltr'><strong>declinavit</strong></span> <span class='ocrx_word' id='word_1_716' title='bbox 1180 5479 1240 5521; x_wconf 86' lang='lat' dir='ltr'><strong>se</strong></span> <span class='ocrx_word' id='word_1_717' title='bbox 1259 5463 1446 5532; x_wconf 89' lang='lat' dir='ltr'><strong>homo,</strong></span> <span class='ocrx_word' id='word_1_718' title='bbox 1478 5472 1535 5545; x_wconf 87' lang='lat' dir='ltr'><strong>et</strong></span> <span class='ocrx_word' id='word_1_719' title='bbox 1560 5463 1709 5519; x_wconf 90' lang='lat' dir='ltr'><strong>humi</strong></span> <span class='ocrx_word' id='word_1_720' title='bbox 1740 5480 1799 5520; x_wconf 92' lang='lat' dir='ltr'><strong>se</strong></span> <span class='ocrx_word' id='word_1_721' title='bbox 1822 5464 2045 5535; x_wconf 80' lang='lat' dir='ltr'><strong>abiecit,</strong></span> 
     </span>
    </p>
   </div>
   <div class='ocr_carea' id='block_1_91' title="bbox 2136 3172 3713 3249">
    <p class='ocr_par' dir='ltr' id='par_1_91' title="bbox 2136 3172 3713 3249">
     <span class='ocr_line' id='line_1_91' title="bbox 2136 3172 3713 3249; baseline -0.002 -20"><span class='ocrx_word' id='word_1_722' title='bbox 2136 3177 2229 3229; x_wconf 73' lang='lat' dir='ltr'><strong>xui.</strong></span> <span class='ocrx_word' id='word_1_723' title='bbox 2264 3177 2617 3249; x_wconf 80' lang='grc' dir='ltr'>κατηγορίας,</span> <span class='ocrx_word' id='word_1_724' title='bbox 2659 3177 2886 3241; x_wconf 84' lang='grc' dir='ltr'>ἀπειλάς</span> <span class='ocrx_word' id='word_1_725' title='bbox 2934 3194 2993 3232; x_wconf 87' lang='grc' dir='ltr'><strong>τε</strong></span> <span class='ocrx_word' id='word_1_726' title='bbox 3034 3177 3177 3232; x_wconf 83' lang='grc' dir='ltr'>κατὰ</span> <span class='ocrx_word' id='word_1_727' title='bbox 3209 3177 3311 3248; x_wconf 79' lang='grc' dir='ltr'>τῆς</span> <span class='ocrx_word' id='word_1_728' title='bbox 3352 3172 3713 3247; x_wconf 70' lang='grc' dir='ltr'>Ἰερουσαλὴμ</span> 
     </span>
    </p>
   </div>
   <div class='ocr_carea' id='block_1_92' title="bbox 2137 3266 3712 3341">
    <p class='ocr_par' dir='ltr' id='par_1_92' title="bbox 2137 3266 3712 3341">
     <span class='ocr_line' id='line_1_92' title="bbox 2137 3266 3712 3341; baseline -0.001 -20"><span class='ocrx_word' id='word_1_729' title='bbox 2137 3266 2486 3339; x_wconf 81' lang='grc' dir='ltr'>σκυθρωπάς,</span> <span class='ocrx_word' id='word_1_730' title='bbox 2519 3269 2613 3323; x_wconf 74' lang='grc' dir='ltr'>καὶ</span> <span class='ocrx_word' id='word_1_731' title='bbox 2643 3268 2741 3341; x_wconf 77' lang='grc' dir='ltr'>τὴν</span> <span class='ocrx_word' id='word_1_732' title='bbox 2769 3270 2903 3323; x_wconf 79' lang='grc' dir='ltr'>πᾶσι</span> <span class='ocrx_word' id='word_1_733' title='bbox 2920 3272 3031 3333; x_wconf 86' lang='grc' dir='ltr'>τοῖς</span> <span class='ocrx_word' id='word_1_734' title='bbox 3063 3269 3240 3323; x_wconf 73' lang='grc' dir='ltr'>ἔθνεσι</span> <span class='ocrx_word' id='word_1_735' title='bbox 3284 3269 3545 3340; x_wconf 86' lang='grc' dir='ltr'>σωτήριον</span> <span class='ocrx_word' id='word_1_736' title='bbox 3577 3266 3712 3340; x_wconf 82' lang='grc' dir='ltr'>κλῆ-</span> 
     </span>
    </p>
   </div>
   <div class='ocr_carea' id='block_1_93' title="bbox 2139 3342 3714 3426">
    <p class='ocr_par' dir='ltr' id='par_1_93' title="bbox 2139 3356 3714 3426">
     <span class='ocr_line' id='line_1_93' title="bbox 2139 3356 3714 3426; baseline -0.001 -15"><span class='ocrx_word' id='word_1_737' title='bbox 2139 3374 2243 3423; x_wconf 90' lang='grc' dir='ltr'>σιν,</span> <span class='ocrx_word' id='word_1_738' title='bbox 2268 3359 2361 3412; x_wconf 76' lang='grc' dir='ltr'>καὶ</span> <span class='ocrx_word' id='word_1_739' title='bbox 2388 3357 2588 3426; x_wconf 84' lang='grc' dir='ltr'>γνῶσιν</span> <span class='ocrx_word' id='word_1_740' title='bbox 2607 3358 2702 3414; x_wconf 86' lang='grc' dir='ltr'><strong>τοῦ</strong></span> <span class='ocrx_word' id='word_1_741' title='bbox 2729 3361 2823 3414; x_wconf 72' lang='grc' dir='ltr'>ἐπὶ</span> <span class='ocrx_word' id='word_1_742' title='bbox 2842 3360 3058 3414; x_wconf 89' lang='grc' dir='ltr'>πάντων</span> <span class='ocrx_word' id='word_1_743' title='bbox 3078 3359 3214 3414; x_wconf 85' lang='grc' dir='ltr'>Θεοῦ</span> <span class='ocrx_word' id='word_1_744' title='bbox 3237 3359 3582 3424; x_wconf 82' lang='grc' dir='ltr'>θεσπίζουσα,</span> <span class='ocrx_word' id='word_1_745' title='bbox 3613 3356 3714 3411; x_wconf 76' lang='grc' dir='ltr'>καὶ</span> 
     </span>
    </p>
   </div>
   <div class='ocr_carea' id='block_1_94' title="bbox 2137 3448 3714 3523">
    <p class='ocr_par' dir='ltr' id='par_1_94' title="bbox 2137 3448 3714 3523">
     <span class='ocr_line' id='line_1_94' title="bbox 2137 3448 3714 3523; baseline 0.002 -22"><span class='ocrx_word' id='word_1_746' title='bbox 2137 3448 2217 3502; x_wconf 75' lang='grc' dir='ltr'>ἔτι</span> <span class='ocrx_word' id='word_1_747' title='bbox 2251 3449 2385 3520; x_wconf 81' lang='grc' dir='ltr'>πρὸς</span> <span class='ocrx_word' id='word_1_748' title='bbox 2418 3449 2646 3515; x_wconf 83' lang='grc' dir='ltr'>τούτοις,</span> <span class='ocrx_word' id='word_1_749' title='bbox 2678 3450 2838 3523; x_wconf 81' lang='grc' dir='ltr'>ὅρους</span> <span class='ocrx_word' id='word_1_750' title='bbox 2866 3451 3187 3523; x_wconf 79' lang='grc' dir='ltr'>ἐπιφάνειαν</span> <span class='ocrx_word' id='word_1_751' title='bbox 3205 3451 3414 3516; x_wconf 80' lang='grc' dir='ltr'>καινοῦ,</span> <span class='ocrx_word' id='word_1_752' title='bbox 3441 3451 3535 3504; x_wconf 74' lang='grc' dir='ltr'>καὶ</span> <span class='ocrx_word' id='word_1_753' title='bbox 3557 3448 3714 3504; x_wconf 69' lang='grc' dir='ltr'>οἴκου</span> 
     </span>
    </p>
   </div>
   <div class='ocr_carea' id='block_1_95' title="bbox 2138 3539 3713 3615">
    <p class='ocr_par' dir='ltr' id='par_1_95' title="bbox 2138 3539 3713 3615">
     <span class='ocr_line' id='line_1_95' title="bbox 2138 3539 3713 3615; baseline 0.001 -22"><span class='ocrx_word' id='word_1_754' title='bbox 2138 3539 2275 3593; x_wconf 87' lang='grc' dir='ltr'>Θεοῦ</span> <span class='ocrx_word' id='word_1_755' title='bbox 2328 3540 2513 3612; x_wconf 84' lang='grc' dir='ltr'>ἐτέρου</span> <span class='ocrx_word' id='word_1_756' title='bbox 2569 3540 2720 3611; x_wconf 84' lang='grc' dir='ltr'>παρά</span> <span class='ocrx_word' id='word_1_757' title='bbox 2764 3542 2856 3596; x_wconf 83' lang='grc' dir='ltr'>τὸν</span> <span class='ocrx_word' id='word_1_758' title='bbox 2904 3545 2962 3596; x_wconf 88' lang='grc' dir='ltr'><strong>ἐν</strong></span> <span class='ocrx_word' id='word_1_759' title='bbox 3028 3542 3384 3615; x_wconf 77' lang='grc' dir='ltr'>Ἰερουσαλὴμ</span> <span class='ocrx_word' id='word_1_760' title='bbox 3443 3541 3713 3607; x_wconf 78' lang='grc' dir='ltr'>ἀνάδειξιν</span> 
     </span>
    </p>
   </div>
   <div class='ocr_carea' id='block_1_96' title="bbox 2141 3629 3715 3705">
    <p class='ocr_par' dir='ltr' id='par_1_96' title="bbox 2141 3629 3715 3705">
     <span class='ocr_line' id='line_1_96' title="bbox 2141 3629 3715 3705; baseline 0.004 -24"><span class='ocrx_word' id='word_1_761' title='bbox 2141 3631 2468 3698; x_wconf 82' lang='grc' dir='ltr'>παριστᾶσα.</span> <span class='ocrx_word' id='word_1_762' title='bbox 2532 3631 2693 3700; x_wconf 83' lang='grc' dir='ltr'>Λέγει</span> <span class='ocrx_word' id='word_1_763' title='bbox 2758 3632 2803 3684; x_wconf 86' lang='grc' dir='ltr'>δ’</span> <span class='ocrx_word' id='word_1_764' title='bbox 2861 3629 2975 3697; x_wconf 78' lang='grc' dir='ltr'>οὖν,</span> <span class='ocrx_word' id='word_1_765' title='bbox 3025 3633 3161 3705; x_wconf 80' lang='grc' dir='ltr'>μετά</span> <span class='ocrx_word' id='word_1_766' title='bbox 3222 3635 3283 3688; x_wconf 85' lang='grc' dir='ltr'>τὸ</span> <span class='ocrx_word' id='word_1_767' title='bbox 3343 3633 3507 3705; x_wconf 78' lang='grc' dir='ltr'>φάναι</span> <span class='ocrx_word' id='word_1_768' title='bbox 3581 3635 3715 3704; x_wconf 75' lang='grc' dir='ltr'>περὶ</span> 
     </span>
    </p>
   </div>
   <div class='ocr_carea' id='block_1_97' title="bbox 2138 3719 3717 3796">
    <p class='ocr_par' dir='ltr' id='par_1_97' title="bbox 2138 3719 3717 3796">
     <span class='ocr_line' id='line_1_97' title="bbox 2138 3719 3717 3796; baseline 0.004 -24"><span class='ocrx_word' id='word_1_769' title='bbox 2138 3719 2236 3791; x_wconf 85' lang='grc' dir='ltr'>τῆς</span> <span class='ocrx_word' id='word_1_770' title='bbox 2279 3721 2564 3785; x_wconf 86' lang='grc' dir='ltr'>Ἰουδαίας,</span> <span class='ocrx_word' id='word_1_771' title='bbox 2614 3722 2709 3774; x_wconf 80' lang='grc' dir='ltr'><strong>καὶ</strong></span> <span class='ocrx_word' id='word_1_772' title='bbox 2758 3722 2886 3796; x_wconf 78' lang='grc' dir='ltr'>περὶ</span> <span class='ocrx_word' id='word_1_773' title='bbox 2925 3724 3295 3796; x_wconf 81' lang='grc' dir='ltr'>Ἰερουσαλὴμ,</span> <span class='ocrx_word' id='word_1_774' title='bbox 3340 3726 3422 3779; x_wconf 82' lang='grc' dir='ltr'>ὄτι</span> <span class='ocrx_word' id='word_1_775' title='bbox 3458 3744 3477 3777; x_wconf 81' lang='grc' dir='ltr'><strong>ι</strong></span> <span class='ocrx_word' id='word_1_776' title='bbox 3516 3724 3717 3779; x_wconf 83' lang='grc' dir='ltr'>Ἔσται</span> 
     </span>
    </p>
   </div>
   <div class='ocr_carea' id='block_1_98' title="bbox 2140 3812 3713 3890">
    <p class='ocr_par' dir='ltr' id='par_1_98' title="bbox 2140 3812 3713 3890">
     <span class='ocr_line' id='line_1_98' title="bbox 2140 3812 3713 3890; baseline 0.004 -26"><span class='ocrx_word' id='word_1_777' title='bbox 2140 3812 2198 3864; x_wconf 87' lang='grc' dir='ltr'><strong>ἐν</strong></span> <span class='ocrx_word' id='word_1_778' title='bbox 2221 3815 2337 3876; x_wconf 85' lang='grc' dir='ltr'>ταῖς</span> <span class='ocrx_word' id='word_1_779' title='bbox 2386 3815 2641 3884; x_wconf 77' lang='grc' dir='ltr'>ἐσχάταις</span> <span class='ocrx_word' id='word_1_780' title='bbox 2679 3814 2914 3889; x_wconf 83' lang='grc' dir='ltr'>ἡμέραις</span> <span class='ocrx_word' id='word_1_781' title='bbox 2953 3817 3193 3888; x_wconf 79' lang='grc' dir='ltr'>ἐμφανὲς</span> <span class='ocrx_word' id='word_1_782' title='bbox 3219 3818 3279 3871; x_wconf 84' lang='grc' dir='ltr'>τὸ</span> <span class='ocrx_word' id='word_1_783' title='bbox 3319 3818 3444 3890; x_wconf 75' lang='grc' dir='ltr'>ὅρος</span> <span class='ocrx_word' id='word_1_784' title='bbox 3480 3818 3713 3890; x_wconf 84' lang='grc' dir='ltr'>Κυρίου,</span> 
     </span>
    </p>
   </div>
   <div class='ocr_carea' id='block_1_99' title="bbox 2140 3899 3719 3982">
    <p class='ocr_par' dir='ltr' id='par_1_99' title="bbox 2140 3899 3719 3982">
     <span class='ocr_line' id='line_1_99' title="bbox 2140 3899 3719 3982; baseline 0.004 -26"><span class='ocrx_word' id='word_1_785' title='bbox 2140 3903 2234 3956; x_wconf 75' lang='grc' dir='ltr'><strong>καὶ</strong></span> <span class='ocrx_word' id='word_1_786' title='bbox 2294 3899 2442 3969; x_wconf 76' lang='grc' dir='ltr'>οἶκος</span> <span class='ocrx_word' id='word_1_787' title='bbox 2493 3904 2587 3959; x_wconf 89' lang='grc' dir='ltr'><strong>τοῦ</strong></span> <span class='ocrx_word' id='word_1_788' title='bbox 2629 3906 2765 3960; x_wconf 88' lang='grc' dir='ltr'>Θεοῦ</span> <span class='ocrx_word' id='word_1_789' title='bbox 2822 3909 2911 3962; x_wconf 80' lang='grc' dir='ltr'><strong>ἐπ’</strong></span> <span class='ocrx_word' id='word_1_790' title='bbox 2956 3908 3141 3980; x_wconf 86' lang='grc' dir='ltr'>ἄκρων</span> <span class='ocrx_word' id='word_1_791' title='bbox 3198 3909 3309 3964; x_wconf 84' lang='grc' dir='ltr'><strong>τῶν</strong></span> <span class='ocrx_word' id='word_1_792' title='bbox 3359 3911 3558 3982; x_wconf 85' lang='grc' dir='ltr'>ὀρέων,</span> <span class='ocrx_word' id='word_1_793' title='bbox 3616 3909 3719 3962; x_wconf 70' lang='grc' dir='ltr'>καὶ</span> 
     </span>
    </p>
   </div>
   <div class='ocr_carea' id='block_1_100' title="bbox 2141 3997 3717 4072">
    <p class='ocr_par' dir='ltr' id='par_1_100' title="bbox 2141 3997 3717 4072">
     <span class='ocr_line' id='line_1_100' title="bbox 2141 3997 3717 4072; baseline 0.003 -22"><span class='ocrx_word' id='word_1_794' title='bbox 2141 3997 2486 4071; x_wconf 67' lang='grc' dir='ltr'>ὑψωθήσεται</span> <span class='ocrx_word' id='word_1_795' title='bbox 2549 4001 2800 4071; x_wconf 81' lang='grc' dir='ltr'>ὑπεράνω</span> <span class='ocrx_word' id='word_1_796' title='bbox 2835 3999 2943 4055; x_wconf 85' lang='grc' dir='ltr'>τῶν</span> <span class='ocrx_word' id='word_1_797' title='bbox 2985 3999 3207 4071; x_wconf 84' lang='grc' dir='ltr'>βουνῶν,</span> <span class='ocrx_word' id='word_1_798' title='bbox 3241 4002 3334 4055; x_wconf 81' lang='grc' dir='ltr'>καὶ</span> <span class='ocrx_word' id='word_1_799' title='bbox 3373 4000 3590 4072; x_wconf 75' lang='grc' dir='ltr'>ἥξουσιν</span> <span class='ocrx_word' id='word_1_800' title='bbox 3622 4002 3717 4055; x_wconf 84' lang='grc' dir='ltr'>ἐπ’</span> 
     </span>
    </p>
   </div>
   <div class='ocr_carea' id='block_1_101' title="bbox 2141 4090 3717 4166">
    <p class='ocr_par' dir='ltr' id='par_1_101' title="bbox 2141 4090 3717 4166">
     <span class='ocr_line' id='line_1_101' title="bbox 2141 4090 3717 4166; baseline 0.003 -23"><span class='ocrx_word' id='word_1_801' title='bbox 2141 4090 2274 4144; x_wconf 81' lang='grc' dir='ltr'>αὐτὸ</span> <span class='ocrx_word' id='word_1_802' title='bbox 2328 4093 2503 4146; x_wconf 89' lang='grc' dir='ltr'>πάντα</span> <span class='ocrx_word' id='word_1_803' title='bbox 2543 4092 2611 4147; x_wconf 86' lang='grc' dir='ltr'><strong>τά</strong></span> <span class='ocrx_word' id='word_1_804' title='bbox 2660 4092 2809 4166; x_wconf 73' lang='grc' dir='ltr'>ἔθνη,</span> <span class='ocrx_word' id='word_1_805' title='bbox 2832 4095 2927 4148; x_wconf 78' lang='grc' dir='ltr'>καὶ</span> <span class='ocrx_word' id='word_1_806' title='bbox 2958 4094 3311 4164; x_wconf 84' lang='grc' dir='ltr'>πορεύσονται</span> <span class='ocrx_word' id='word_1_807' title='bbox 3346 4094 3475 4166; x_wconf 74' lang='grc' dir='ltr'>ἔθνη</span> <span class='ocrx_word' id='word_1_808' title='bbox 3520 4094 3717 4160; x_wconf 86' lang='grc' dir='ltr'>πολλά,</span> 
     </span>
    </p>
   </div>
   <div class='ocr_carea' id='block_1_102' title="bbox 2143 4184 3721 4261">
    <p class='ocr_par' dir='ltr' id='par_1_102' title="bbox 2143 4184 3721 4261">
     <span class='ocr_line' id='line_1_102' title="bbox 2143 4184 3721 4261; baseline 0.003 -25"><span class='ocrx_word' id='word_1_809' title='bbox 2143 4185 2237 4237; x_wconf 81' lang='grc' dir='ltr'>καὶ</span> <span class='ocrx_word' id='word_1_810' title='bbox 2268 4184 2485 4256; x_wconf 80' lang='grc' dir='ltr'>ἐροῦσιν</span> <span class='ocrx_word' id='word_1_811' title='bbox 2507 4203 2520 4216; x_wconf 89' lang='grc'><strong>·</strong></span> <span class='ocrx_word' id='word_1_812' title='bbox 2568 4186 2732 4240; x_wconf 88' lang='grc' dir='ltr'>Δεῦτε</span> <span class='ocrx_word' id='word_1_813' title='bbox 2767 4188 2861 4242; x_wconf 82' lang='grc' dir='ltr'>καὶ</span> <span class='ocrx_word' id='word_1_814' title='bbox 2898 4186 3186 4259; x_wconf 74' lang='grc' dir='ltr'>ἀναδῶμεν</span> <span class='ocrx_word' id='word_1_815' title='bbox 3225 4191 3305 4253; x_wconf 86' lang='grc' dir='ltr'><strong>είς</strong></span> <span class='ocrx_word' id='word_1_816' title='bbox 3344 4189 3406 4242; x_wconf 84' lang='grc' dir='ltr'>τὸ</span> <span class='ocrx_word' id='word_1_817' title='bbox 3445 4188 3569 4261; x_wconf 76' lang='grc' dir='ltr'>ὅρος</span> <span class='ocrx_word' id='word_1_818' title='bbox 3600 4189 3721 4241; x_wconf 82' lang='grc' dir='ltr'><strong>Κυ-</strong></span> 
     </span>
    </p>
   </div>
   <div class='ocr_carea' id='block_1_103' title="bbox 2148 4276 3722 4351">
    <p class='ocr_par' dir='ltr' id='par_1_103' title="bbox 2148 4276 3722 4351">
     <span class='ocr_line' id='line_1_103' title="bbox 2148 4276 3722 4351; baseline 0.003 -21"><span class='ocrx_word' id='word_1_819' title='bbox 2148 4278 2286 4349; x_wconf 88' lang='grc' dir='ltr'>ρίου,</span> <span class='ocrx_word' id='word_1_820' title='bbox 2318 4280 2412 4332; x_wconf 72' lang='grc' dir='ltr'>καὶ</span> <span class='ocrx_word' id='word_1_821' title='bbox 2442 4282 2519 4343; x_wconf 85' lang='grc' dir='ltr'>εἰς</span> <span class='ocrx_word' id='word_1_822' title='bbox 2543 4280 2635 4334; x_wconf 83' lang='grc' dir='ltr'>τὸν</span> <span class='ocrx_word' id='word_1_823' title='bbox 2662 4276 2808 4335; x_wconf 75' lang='grc' dir='ltr'>οἷκον</span> <span class='ocrx_word' id='word_1_824' title='bbox 2831 4280 2926 4334; x_wconf 90' lang='grc' dir='ltr'><strong>τοῦ</strong></span> <span class='ocrx_word' id='word_1_825' title='bbox 2965 4280 3101 4335; x_wconf 86' lang='grc' dir='ltr'>Θεοῦ</span> <span class='ocrx_word' id='word_1_826' title='bbox 3144 4281 3357 4336; x_wconf 85' lang='grc' dir='ltr'>Ἰακώϐ.</span> <span class='ocrx_word' id='word_1_827' title='bbox 3382 4300 3401 4334; x_wconf 84' lang='grc'><strong>›</strong></span> <span class='ocrx_word' id='word_1_828' title='bbox 3432 4282 3543 4336; x_wconf 74' lang='lat' dir='ltr'><strong>Kal.</strong></span> <span class='ocrx_word' id='word_1_829' title='bbox 3582 4282 3722 4351; x_wconf 76' lang='grc' dir='ltr'>περὶ</span> 
     </span>
    </p>
   </div>
   <div class='ocr_carea' id='block_1_104' title="bbox 2149 4366 3719 4443">
    <p class='ocr_par' dir='ltr' id='par_1_104' title="bbox 2149 4366 3719 4443">
     <span class='ocr_line' id='line_1_104' title="bbox 2149 4366 3719 4443; baseline 0.004 -25"><span class='ocrx_word' id='word_1_830' title='bbox 2149 4366 2247 4437; x_wconf 88' lang='grc' dir='ltr'>μὲν</span> <span class='ocrx_word' id='word_1_831' title='bbox 2286 4367 2393 4419; x_wconf 82' lang='grc' dir='ltr'>τῶν</span> <span class='ocrx_word' id='word_1_832' title='bbox 2434 4367 2601 4423; x_wconf 78' lang='grc' dir='ltr'>ἐθνῶν</span> <span class='ocrx_word' id='word_1_833' title='bbox 2635 4369 2889 4425; x_wconf 84' lang='grc' dir='ltr'>ἁπάντων</span> <span class='ocrx_word' id='word_1_834' title='bbox 2919 4369 3144 4425; x_wconf 87' lang='grc' dir='ltr'>τοιαῦτα</span> <span class='ocrx_word' id='word_1_835' title='bbox 3181 4370 3456 4437; x_wconf 60' lang='lat' dir='ltr'><strong>Geo-niger</strong></span> <span class='ocrx_word' id='word_1_836' title='bbox 3491 4371 3620 4443; x_wconf 79' lang='grc' dir='ltr'>περὶ</span> <span class='ocrx_word' id='word_1_837' title='bbox 3653 4371 3719 4425; x_wconf 76' lang='grc' dir='ltr'>δὲ</span> 
     </span>
    </p>
   </div>
   <div class='ocr_carea' id='block_1_105' title="bbox 2147 4456 3725 4533">
    <p class='ocr_par' dir='ltr' id='par_1_105' title="bbox 2147 4456 3725 4533">
     <span class='ocr_line' id='line_1_105' title="bbox 2147 4456 3725 4533; baseline 0.002 -23"><span class='ocrx_word' id='word_1_838' title='bbox 2147 4456 2254 4510; x_wconf 84' lang='grc' dir='ltr'><strong>τῶν</strong></span> <span class='ocrx_word' id='word_1_839' title='bbox 2280 4457 2547 4512; x_wconf 88' lang='grc' dir='ltr'>Ἰουδαίων</span> <span class='ocrx_word' id='word_1_840' title='bbox 2575 4460 2701 4533; x_wconf 75' lang='grc' dir='ltr'><strong>ἑξῆς</strong></span> <span class='ocrx_word' id='word_1_841' title='bbox 2722 4457 2810 4514; x_wconf 81' lang='grc' dir='ltr'>οἷα</span> <span class='ocrx_word' id='word_1_842' title='bbox 2838 4462 3098 4530; x_wconf 82' lang='grc' dir='ltr'>ἐπιλέγει,</span> <span class='ocrx_word' id='word_1_843' title='bbox 3130 4461 3296 4516; x_wconf 81' lang='grc' dir='ltr'>ἄκουε</span> <span class='ocrx_word' id='word_1_844' title='bbox 3312 4478 3325 4491; x_wconf 90' lang='grc'><strong>·</strong></span> <span class='ocrx_word' id='word_1_845' title='bbox 3351 4480 3371 4513; x_wconf 84' lang='grc' dir='ltr'><strong>ι</strong></span> <span class='ocrx_word' id='word_1_846' title='bbox 3394 4461 3584 4533; x_wconf 79' lang='grc' dir='ltr'>Ἀνῆκε</span> <span class='ocrx_word' id='word_1_847' title='bbox 3605 4459 3725 4533; x_wconf 84' lang='grc' dir='ltr'><strong>γάρ</strong></span> 
     </span>
    </p>
   </div>
   <div class='ocr_carea' id='block_1_106' title="bbox 2147 4548 3723 4624">
    <p class='ocr_par' dir='ltr' id='par_1_106' title="bbox 2147 4548 3723 4624">
     <span class='ocr_line' id='line_1_106' title="bbox 2147 4548 3723 4624; baseline 0.003 -22"><span class='ocrx_word' id='word_1_848' title='bbox 2147 4548 2237 4603; x_wconf 78' lang='grc' dir='ltr'><strong>τὸν</strong></span> <span class='ocrx_word' id='word_1_849' title='bbox 2267 4550 2393 4604; x_wconf 80' lang='grc' dir='ltr'>λαὸν</span> <span class='ocrx_word' id='word_1_850' title='bbox 2413 4550 2571 4605; x_wconf 81' lang='grc' dir='ltr'>αὐτοῦ</span> <span class='ocrx_word' id='word_1_851' title='bbox 2592 4554 2684 4606; x_wconf 86' lang='grc' dir='ltr'>τὸν</span> <span class='ocrx_word' id='word_1_852' title='bbox 2715 4551 2861 4607; x_wconf 75' lang='grc' dir='ltr'>οἷκον</span> <span class='ocrx_word' id='word_1_853' title='bbox 2886 4552 2977 4607; x_wconf 87' lang='grc' dir='ltr'><strong>τοῦ</strong></span> <span class='ocrx_word' id='word_1_854' title='bbox 2993 4552 3128 4608; x_wconf 89' lang='grc' dir='ltr'>Θεοῦ</span> <span class='ocrx_word' id='word_1_855' title='bbox 3164 4552 3374 4619; x_wconf 87' lang='grc' dir='ltr'>Ἰακὼϐ,</span> <span class='ocrx_word' id='word_1_856' title='bbox 3392 4555 3472 4608; x_wconf 84' lang='grc' dir='ltr'>ὅτι</span> <span class='ocrx_word' id='word_1_857' title='bbox 3489 4553 3723 4624; x_wconf 74' lang='grc' dir='ltr'>ἐνεπλήο</span> 
     </span>
    </p>
   </div>
   <div class='ocr_carea' id='block_1_107' title="bbox 2150 4640 3723 4719">
    <p class='ocr_par' dir='ltr' id='par_1_107' title="bbox 2150 4640 3723 4719">
     <span class='ocr_line' id='line_1_107' title="bbox 2150 4640 3723 4719; baseline 0.004 -25"><span class='ocrx_word' id='word_1_858' title='bbox 2150 4640 2247 4712; x_wconf 86' lang='grc' dir='ltr'><strong>σθη</strong></span> <span class='ocrx_word' id='word_1_859' title='bbox 2282 4643 2358 4706; x_wconf 86' lang='grc' dir='ltr'>ὡς</span> <span class='ocrx_word' id='word_1_860' title='bbox 2381 4642 2443 4697; x_wconf 89' lang='grc' dir='ltr'>τὸ</span> <span class='ocrx_word' id='word_1_861' title='bbox 2473 4645 2725 4716; x_wconf 80' lang='grc' dir='ltr'>άπαρχῆς</span> <span class='ocrx_word' id='word_1_862' title='bbox 2745 4647 2779 4717; x_wconf 75' lang='grc' dir='ltr'>ἡ</span> <span class='ocrx_word' id='word_1_863' title='bbox 2815 4643 2966 4717; x_wconf 83' lang='grc' dir='ltr'>χώρα</span> <span class='ocrx_word' id='word_1_864' title='bbox 2985 4645 3164 4699; x_wconf 80' lang='grc' dir='ltr'>αὐτῶν</span> <span class='ocrx_word' id='word_1_865' title='bbox 3179 4645 3651 4719; x_wconf 85' lang='grc' dir='ltr'>κληδονισμῶν,ώς</span> <span class='ocrx_word' id='word_1_866' title='bbox 3680 4646 3723 4717; x_wconf 73' lang='grc' dir='ltr'><strong>ἡ</strong></span> 
     </span>
    </p>
   </div>
   <div class='ocr_carea' id='block_1_108' title="bbox 2147 4732 3721 4808">
    <p class='ocr_par' dir='ltr' id='par_1_108' title="bbox 2147 4732 3721 4808">
     <span class='ocr_line' id='line_1_108' title="bbox 2147 4732 3721 4808; baseline 0.002 -22"><span class='ocrx_word' id='word_1_867' title='bbox 2147 4733 2255 4787; x_wconf 84' lang='grc' dir='ltr'><strong>τῶν</strong></span> <span class='ocrx_word' id='word_1_868' title='bbox 2279 4732 2608 4804; x_wconf 81' lang='grc' dir='ltr'>ἀλλοφύλων,</span> <span class='ocrx_word' id='word_1_869' title='bbox 2642 4737 2735 4790; x_wconf 77' lang='grc' dir='ltr'>καὶ</span> <span class='ocrx_word' id='word_1_870' title='bbox 2762 4737 2925 4791; x_wconf 84' lang='grc' dir='ltr'>τέκνα</span> <span class='ocrx_word' id='word_1_871' title='bbox 2957 4737 3125 4793; x_wconf 86' lang='grc' dir='ltr'>πολλά</span> <span class='ocrx_word' id='word_1_872' title='bbox 3155 4737 3425 4808; x_wconf 83' lang='grc' dir='ltr'>ἀλλόφυλα</span> <span class='ocrx_word' id='word_1_873' title='bbox 3455 4736 3721 4808; x_wconf 77' lang='grc' dir='ltr'>ἐγεννήθη</span> 
     </span>
    </p>
   </div>
   <div class='ocr_carea' id='block_1_109' title="bbox 2150 4824 3725 4902">
    <p class='ocr_par' dir='ltr' id='par_1_109' title="bbox 2150 4824 3725 4902">
     <span class='ocr_line' id='line_1_109' title="bbox 2150 4824 3725 4902; baseline 0.003 -24"><span class='ocrx_word' id='word_1_874' title='bbox 2150 4824 2351 4889; x_wconf 79' lang='grc' dir='ltr'>αὐτοῖς.</span> <span class='ocrx_word' id='word_1_875' title='bbox 2392 4826 2723 4899; x_wconf 80' lang='grc' dir='ltr'>Ἐνεπλήσθη</span> <span class='ocrx_word' id='word_1_876' title='bbox 2752 4826 2861 4899; x_wconf 89' lang='grc' dir='ltr'><strong>γάρ</strong></span> <span class='ocrx_word' id='word_1_877' title='bbox 2879 4829 2913 4898; x_wconf 81' lang='grc' dir='ltr'>ἡ</span> <span class='ocrx_word' id='word_1_878' title='bbox 2937 4827 3090 4901; x_wconf 84' lang='grc' dir='ltr'>χώρα</span> <span class='ocrx_word' id='word_1_879' title='bbox 3116 4828 3297 4884; x_wconf 81' lang='grc' dir='ltr'>αὐτῶν</span> <span class='ocrx_word' id='word_1_880' title='bbox 3320 4828 3602 4902; x_wconf 80' lang='grc' dir='ltr'>ἀργυρίου,</span> <span class='ocrx_word' id='word_1_881' title='bbox 3625 4828 3725 4883; x_wconf 71' lang='grc' dir='ltr'>καὶ</span> 
     </span>
    </p>
   </div>
   <div class='ocr_carea' id='block_1_110' title="bbox 2151 4914 3715 4992">
    <p class='ocr_par' dir='ltr' id='par_1_110' title="bbox 2151 4914 3715 4992">
     <span class='ocr_line' id='line_1_110' title="bbox 2151 4914 3715 4992; baseline 0.001 -22"><span class='ocrx_word' id='word_1_882' title='bbox 2151 4918 2397 4988; x_wconf 85' lang='grc' dir='ltr'>χρυσίου,</span> <span class='ocrx_word' id='word_1_883' title='bbox 2435 4918 2531 4972; x_wconf 75' lang='grc' dir='ltr'>καὶ</span> <span class='ocrx_word' id='word_1_884' title='bbox 2558 4918 2658 4973; x_wconf 81' lang='grc' dir='ltr'>οὐκ</span> <span class='ocrx_word' id='word_1_885' title='bbox 2689 4914 2757 4990; x_wconf 80' lang='grc' dir='ltr'>ἦν</span> <span class='ocrx_word' id='word_1_886' title='bbox 2786 4919 3016 4991; x_wconf 81' lang='grc' dir='ltr'>ἀριθμὸς</span> <span class='ocrx_word' id='word_1_887' title='bbox 3037 4921 3145 4974; x_wconf 85' lang='grc' dir='ltr'><strong>τῶν</strong></span> <span class='ocrx_word' id='word_1_888' title='bbox 3167 4920 3455 4992; x_wconf 84' lang='grc' dir='ltr'>θησαυρῶν</span> <span class='ocrx_word' id='word_1_889' title='bbox 3481 4919 3715 4983; x_wconf 74' lang='grc' dir='ltr'>αὑτῶν,ι</span> 
     </span>
    </p>
   </div>
   <div class='ocr_carea' id='block_1_111' title="bbox 2151 5005 3723 5085">
    <p class='ocr_par' dir='ltr' id='par_1_111' title="bbox 2151 5005 3723 5085">
     <span class='ocr_line' id='line_1_111' title="bbox 2151 5005 3723 5085; baseline 0.001 -24"><span class='ocrx_word' id='word_1_890' title='bbox 2151 5009 2245 5062; x_wconf 77' lang='grc' dir='ltr'>καὶ</span> <span class='ocrx_word' id='word_1_891' title='bbox 2275 5008 2344 5062; x_wconf 90' lang='grc' dir='ltr'><strong>τά</strong></span> <span class='ocrx_word' id='word_1_892' title='bbox 2376 5009 2503 5081; x_wconf 78' lang='grc' dir='ltr'>ἐξῆς</span> <span class='ocrx_word' id='word_1_893' title='bbox 2530 5011 2754 5075; x_wconf 88' lang='grc' dir='ltr'>τούτων,</span> <span class='ocrx_word' id='word_1_894' title='bbox 2787 5011 3129 5066; x_wconf 66' lang='grc' dir='ltr'>ὄνταπλείω·</span> <span class='ocrx_word' id='word_1_895' title='bbox 3156 5005 3237 5076; x_wconf 84' lang='grc' dir='ltr'>οἷς</span> <span class='ocrx_word' id='word_1_896' title='bbox 3263 5013 3536 5085; x_wconf 81' lang='grc' dir='ltr'>ἐπιφέρει·</span> <span class='ocrx_word' id='word_1_897' title='bbox 3565 5031 3585 5064; x_wconf 79' lang='grc' dir='ltr'><strong>ι</strong></span> <span class='ocrx_word' id='word_1_898' title='bbox 3606 5012 3723 5067; x_wconf 76' lang='grc' dir='ltr'><strong>Καὶ</strong></span> 
     </span>
    </p>
   </div>
   <div class='ocr_carea' id='block_1_112' title="bbox 2151 5097 3725 5175">
    <p class='ocr_par' dir='ltr' id='par_1_112' title="bbox 2151 5097 3725 5175">
     <span class='ocr_line' id='line_1_112' title="bbox 2151 5097 3725 5175; baseline 0.003 -23"><span class='ocrx_word' id='word_1_899' title='bbox 2151 5100 2561 5173; x_wconf 88' lang='grc' dir='ltr'>προσεκύνησαν</span> <span class='ocrx_word' id='word_1_900' title='bbox 2594 5097 2675 5166; x_wconf 78' lang='grc' dir='ltr'>οἷς</span> <span class='ocrx_word' id='word_1_901' title='bbox 2702 5103 2961 5175; x_wconf 87' lang='grc' dir='ltr'>ἐποίησαν</span> <span class='ocrx_word' id='word_1_902' title='bbox 2998 5106 3047 5157; x_wconf 91' lang='grc' dir='ltr'>οἱ</span> <span class='ocrx_word' id='word_1_903' title='bbox 3083 5103 3332 5158; x_wconf 84' lang='grc' dir='ltr'>δάκτυλοι</span> <span class='ocrx_word' id='word_1_904' title='bbox 3368 5104 3547 5158; x_wconf 77' lang='grc' dir='ltr'>αὐτῶν</span> <span class='ocrx_word' id='word_1_905' title='bbox 3564 5144 3579 5168; x_wconf 92' lang='grc'><strong>,</strong></span> <span class='ocrx_word' id='word_1_906' title='bbox 3624 5105 3725 5157; x_wconf 73' lang='grc' dir='ltr'>καὶ</span> 
     </span>
    </p>
   </div>
   <div class='ocr_carea' id='block_1_113' title="bbox 2149 5190 3724 5267">
    <p class='ocr_par' dir='ltr' id='par_1_113' title="bbox 2149 5190 3724 5267">
     <span class='ocr_line' id='line_1_113' title="bbox 2149 5190 3724 5267; baseline 0.001 -23"><span class='ocrx_word' id='word_1_907' title='bbox 2149 5190 2348 5262; x_wconf 71' lang='grc' dir='ltr'>ἔκυψεν</span> <span class='ocrx_word' id='word_1_908' title='bbox 2372 5192 2676 5264; x_wconf 76' lang='grc' dir='ltr'>ἄνθρωπος,</span> <span class='ocrx_word' id='word_1_909' title='bbox 2701 5193 2796 5247; x_wconf 73' lang='grc' dir='ltr'>καὶ</span> <span class='ocrx_word' id='word_1_910' title='bbox 2821 5192 3177 5266; x_wconf 82' lang='grc' dir='ltr'>ἐταπεινώθη,</span> <span class='ocrx_word' id='word_1_911' title='bbox 3210 5195 3304 5249; x_wconf 75' lang='grc' dir='ltr'>καὶ</span> <span class='ocrx_word' id='word_1_912' title='bbox 3329 5195 3390 5247; x_wconf 79' lang='grc' dir='ltr'>οὐ</span> <span class='ocrx_word' id='word_1_913' title='bbox 3426 5195 3501 5267; x_wconf 81' lang='grc' dir='ltr'>μὴ</span> <span class='ocrx_word' id='word_1_914' title='bbox 3533 5195 3724 5265; x_wconf 83' lang='grc' dir='ltr'>ἀνήσω</span> 
     </span>
    </p>
   </div>
   <div class='ocr_carea' id='block_1_114' title="bbox 2149 5277 3723 5359">
    <p class='ocr_par' dir='ltr' id='par_1_114' title="bbox 2149 5277 3723 5359">
     <span class='ocr_line' id='line_1_114' title="bbox 2149 5277 3723 5359; baseline 0 -22"><span class='ocrx_word' id='word_1_915' title='bbox 2149 5277 2365 5349; x_wconf 77' lang='grc' dir='ltr'>αὐτοὺς,</span> <span class='ocrx_word' id='word_1_916' title='bbox 2400 5284 2496 5338; x_wconf 65' lang='grc' dir='ltr'><strong>καλ⁸</strong></span> <span class='ocrx_word' id='word_1_917' title='bbox 2521 5284 2616 5339; x_wconf 88' lang='grc' dir='ltr'><strong>νῦν</strong></span> <span class='ocrx_word' id='word_1_918' title='bbox 2650 5284 2917 5341; x_wconf 86' lang='grc' dir='ltr'>είσέλθετε</span> <span class='ocrx_word' id='word_1_919' title='bbox 2960 5288 3039 5350; x_wconf 87' lang='grc' dir='ltr'><strong>εἰς</strong></span> <span class='ocrx_word' id='word_1_920' title='bbox 3066 5286 3166 5351; x_wconf 89' lang='grc' dir='ltr'><strong>τάς</strong></span> <span class='ocrx_word' id='word_1_921' title='bbox 3206 5286 3430 5359; x_wconf 80' lang='grc' dir='ltr'>πέτρας,</span> <span class='ocrx_word' id='word_1_922' title='bbox 3461 5285 3556 5340; x_wconf 76' lang='grc' dir='ltr'>καὶ</span> <span class='ocrx_word' id='word_1_923' title='bbox 3585 5284 3723 5357; x_wconf 81' lang='grc' dir='ltr'>κρύ-</span> 
     </span>
    </p>
   </div>
   <div class='ocr_carea' id='block_1_115' title="bbox 2151 5364 3719 5450">
    <p class='ocr_par' dir='ltr' id='par_1_115' title="bbox 2151 5364 3719 5450">
     <span class='ocr_line' id='line_1_115' title="bbox 2151 5364 3719 5450; baseline 0.005 -25"><span class='ocrx_word' id='word_1_924' title='bbox 2151 5373 2350 5426; x_wconf 86' lang='grc' dir='ltr'>πτεσθε</span> <span class='ocrx_word' id='word_1_925' title='bbox 2378 5376 2458 5439; x_wconf 79' lang='grc' dir='ltr'>εἰς</span> <span class='ocrx_word' id='word_1_926' title='bbox 2480 5364 2578 5446; x_wconf 67' lang='grc' dir='ltr'><strong>τήν</strong></span> <span class='ocrx_word' id='word_1_927' title='bbox 2610 5376 2714 5446; x_wconf 81' lang='grc' dir='ltr'>γῆν</span> <span class='ocrx_word' id='word_1_928' title='bbox 2738 5378 2845 5431; x_wconf 82' lang='grc' dir='ltr'>άπὸ</span> <span class='ocrx_word' id='word_1_929' title='bbox 2866 5377 3157 5450; x_wconf 84' lang='grc' dir='ltr'>προσώπου</span> <span class='ocrx_word' id='word_1_930' title='bbox 3182 5375 3275 5430; x_wconf 85' lang='grc' dir='ltr'><strong>τοῦ</strong></span> <span class='ocrx_word' id='word_1_931' title='bbox 3300 5376 3464 5447; x_wconf 83' lang='grc' dir='ltr'>φόϐου</span> <span class='ocrx_word' id='word_1_932' title='bbox 3490 5375 3719 5446; x_wconf 78' lang='grc' dir='ltr'>Κυρίου.</span> 
     </span>
    </p>
   </div>
   <div class='ocr_carea' id='block_1_116' title="bbox 2150 5464 3721 5542">
    <p class='ocr_par' dir='ltr' id='par_1_116' title="bbox 2150 5464 3721 5542">
     <span class='ocr_line' id='line_1_116' title="bbox 2150 5464 3721 5542; baseline 0.003 -22"><span class='ocrx_word' id='word_1_933' title='bbox 2150 5465 2245 5520; x_wconf 70' lang='grc' dir='ltr'>καὶ</span> <span class='ocrx_word' id='word_1_934' title='bbox 2276 5466 2385 5519; x_wconf 81' lang='grc' dir='ltr'>άπὸ</span> <span class='ocrx_word' id='word_1_935' title='bbox 2419 5464 2710 5539; x_wconf 87' lang='grc' dir='ltr'>προσώπου</span> <span class='ocrx_word' id='word_1_936' title='bbox 2752 5469 2849 5541; x_wconf 77' lang='grc' dir='ltr'>τῆς</span> <span class='ocrx_word' id='word_1_937' title='bbox 2891 5468 3050 5542; x_wconf 80' lang='grc' dir='ltr'>δόξης</span> <span class='ocrx_word' id='word_1_938' title='bbox 3093 5466 3260 5524; x_wconf 81' lang='grc' dir='ltr'>αὐτοῦ</span> <span class='ocrx_word' id='word_1_939' title='bbox 3282 5507 3300 5535; x_wconf 92' lang='grc'><strong>,</strong></span> <span class='ocrx_word' id='word_1_940' title='bbox 3344 5468 3473 5525; x_wconf 81' lang='grc' dir='ltr'>ὅταν</span> <span class='ocrx_word' id='word_1_941' title='bbox 3511 5468 3721 5540; x_wconf 69' lang='grc' dir='ltr'>ἀναστῇ</span> 
     </span>
    </p>
   </div>
   <div class='ocr_carea' id='block_1_117' title="bbox 555 5620 2319 5714">
    <p class='ocr_par' dir='ltr' id='par_1_117' title="bbox 555 5620 2319 5714">
     <span class='ocr_line' id='line_1_117' title="bbox 555 5620 2319 5714; baseline 0.005 -21"><span class='ocrx_word' id='word_1_942' title='bbox 555 5642 602 5678; x_wconf 72' lang='grc' dir='ltr'>ε·</span> <span class='ocrx_word' id='word_1_943' title='bbox 630 5639 737 5698; x_wconf 86' lang='lat' dir='ltr'><strong>Isa.</strong></span> <span class='ocrx_word' id='word_1_944' title='bbox 768 5641 1007 5707; x_wconf 53' lang='lat'><strong>1,50,34.</strong></span> <span class='ocrx_word' id='word_1_945' title='bbox 1088 5642 1273 5701; x_wconf 76' lang='lat' dir='ltr'><strong>&quot;Isa.</strong></span> <span class='ocrx_word' id='word_1_946' title='bbox 1308 5661 1368 5714; x_wconf 83' lang='grc' dir='ltr'><strong>η,</strong></span> <span class='ocrx_word' id='word_1_947' title='bbox 1401 5646 1456 5705; x_wconf 74' lang='grc' dir='ltr'>ι.</span> <span class='ocrx_word' id='word_1_948' title='bbox 1528 5645 1583 5680; x_wconf 64' lang='grc' dir='ltr'>ιο</span> <span class='ocrx_word' id='word_1_949' title='bbox 1616 5643 1749 5704; x_wconf 86' lang='lat' dir='ltr'><strong>ibid.</strong></span> <span class='ocrx_word' id='word_1_950' title='bbox 1773 5644 1896 5703; x_wconf 75' lang='lat'><strong>2-3.</strong></span> <span class='ocrx_word' id='word_1_951' title='bbox 1971 5645 2015 5679; x_wconf 75' lang='grc' dir='ltr'>οι</span> <span class='ocrx_word' id='word_1_952' title='bbox 2040 5644 2173 5702; x_wconf 87' lang='lat' dir='ltr'><strong>ibid.</strong></span> <span class='ocrx_word' id='word_1_953' title='bbox 2200 5620 2319 5704; x_wconf 75' lang='lat'><strong>0-8.</strong></span> 
     </span>
    </p>
   </div>
  </div>
