2034 3103
129 105 184 133 155

584 104 910 134 οειιοΝετιιΑτιοΝιε
930 106 1159 136 ΕἺΑΝΕΕΙΛΟᾸΞ
1176 108 1241 137 LIB.
1256 109 1289 137 Il.

1693 117 1743 143 154

126 161 246 198 θραῦσαι
259 162 309 197 τὴν
328 162 390 197 γῆν.
406 171 415 186 ι
429 162 470 188 Δι’
482 157 517 188 ὧν
528 161 620 196 σαφῶς
635 162 780 189 ἀνάστασιν
795 172 854 190 τινα
865 172 893 189 το

944 178 949 194 ι
964 168 990 191 et
1004 172 1057 191 non
1073 165 1204 192 dimittam
1217 174 1264 194 eos
1279 176 1286 193 ε
1301 171 1327 194 et
1339 175 1410 195 nunc
1422 168 1593 203 ingredimini
1603 173 1629 199 in
1639 179 1742 208 petras,

123 207 228 243 Κυρίου
244 208 365 235 διδάσκει
380 208 504 235 ἔσεσθαι.
517 208 545 234 ἐν
590 208 806 244 θραυσθήσεσθαι
822 211 920 242 πᾶσαν,

121 253 175 289 τὴν
197 253 250 288 γῆν
273 253 320 280 τοῦ
340 253 471 280 Ἰουδαίων
492 250 601 283 ἔθνουςη
624 254 687 289 περὶ
709 254 798 281 αὐτῶν
820 254 874 291 γὰρ
897 256 911 281 ὀ

121 300 180 332 πᾶς
190 298 225 336 ἦν
234 299 322 334 λόγος,
335 299 427 334 ὥσπερ
439 300 484 327 καὶ
499 302 572 335 ὲςης,
587 300 620 327 δι’
632 297 661 327 οὗ
676 309 756 335 φησιν
765 309 771 314 ’
785 311 794 325 ι
806 301 910 337 Ἡμέρα

119 345 179 381 γὰρ
195 346 297 381 Κυρίου
309 345 420 372 Σαϐαὼθ
437 346 482 372 ἐπὶ
497 346 584 372 πάντα
599 346 726 382 ὑϐριστὴν
742 346 790 373 καὶ
805 347 910 383 ὑπερή-

119 399 224 425 φανον,
241 391 288 418 καὶ
303 392 348 418 ἐπὶ
374 392 461 418 πάντα
478 392 577 428 ὑψηλὸν
604 393 650 420 καὶ
667 392 813 428 μετέωρον,
835 402 844 418 ι
863 392 909 418 καὶ

117 437 157 464 τὰ
171 436 279 468 τούτοις
291 436 432 464 ἀκόλουθα.
448 437 492 463 Ἑν
506 438 592 474 ταύτῃ
611 437 752 473 τοιγαροῦν
769 439 802 472 τῇ
819 438 909 474 ἡμέρᾳ

117 482 172 518 τῆς
188 482 361 514 ἀναστάσεως
379 482 424 508 τοῦ
446 482 559 518 Κυρίου,
577 483 609 509 τὰ
631 483 701 509 κατὰ
724 483 777 509 τῶν
796 483 907 519 ἐπαιρο-

119 528 216 563 μένων
232 528 302 555 κατὰ
317 529 366 563 τῆς
385 527 511 560 γνώσεως
532 528 577 554 τοῦ
600 528 666 555 Θεοῦ
686 529 905 564 προαγορεύσας,

120 582 131 598 ι
152 573 197 599 Ἐν
215 573 283 608 αὑτῇ
296 572 394 609 ταύτῃ,
410 573 487 607 φησὶ,
505 575 536 608 τῇ
553 573 643 609 ἡμέρᾳ
660 573 831 609 ὑψωθήσεται
851 575 906 600 Κύ-

117 627 189 655 ριος,
206 619 253 645 καὶ
268 619 302 646 τὰ
318 619 490 655 χειροποίητα
507 619 596 646 πάντα
611 620 829 656 κατακρύψουσιν
850 622 906 647 εἰσ-

114 665 281 698 ενέγκαντες
300 666 340 696 είς
355 665 388 691 τὰ
411 665 544 699 σπήλαια,
564 675 574 690 ›
597 665 737 701 μονονουχὶ
756 665 841 701 δηλῶν
857 666 904 701 τὴν

114 711 293 746 ἀποστροφὴν
309 711 364 737 τῶν
384 711 499 738 εἰδώλων
512 732 519 743 ,
538 712 571 746 ἢν
594 712 807 748 ἀπεστράφησαν
827 713 904 740 αὐτοί

113 765 146 783 τε
167 757 297 789 Ἰουδαῖοι,
317 757 363 784 καὶ
381 758 404 783 οἱ
429 757 515 783 λοιποὶ
544 757 641 790 πάντες
671 758 808 794 ἄνθρωποι
835 759 903 794 μετὰ

113 803 165 838 τὴν
181 802 228 830 τοῦ
247 803 369 838 Σωτῆρος
390 802 468 838 ἡμῶν
487 803 656 836 ἐπιφάνειαν,
679 805 903 836 καταπτύσαντες

963 213 990 236 et
1004 208 1202 238 abscondimini
1217 213 1244 239 in
1259 217 1358 240 terram
1377 222 1391 241 a
1409 216 1478 242 faeie
1493 216 1600 245 timoris
1617 218 1722 247 Domini
1734 241 1742 251 .

962 257 988 280 et
1008 262 1022 281 a
1046 254 1114 282 facie
1140 256 1233 287 gloriae
1253 257 1311 291 ejus
1325 278 1331 290 ,
1357 266 1418 285 cum
1441 262 1589 288 surrexerit
1611 270 1742 298 quassare

960 303 1060 326 terram
1077 300 1110 326 ".
1131 311 1140 327 ι
1159 301 1263 334 Quibus
1278 304 1367 331 verbis
1384 306 1462 340 plane
1477 312 1663 336 surrecturum
1680 318 1742 338 esse
1791 322 1796 327 ι

960 344 1103 373 Dominum
1119 346 1241 380 indicat,
1259 353 1286 376 et
1302 350 1456 378 universam
1470 356 1569 379 terram
1586 355 1674 388 gentis
1689 355 1740 382 Ju-

959 391 1042 419 daicae
1057 396 1248 427 quassaturum
1266 394 1315 422 :de
1337 395 1437 424 Iudaeis
1454 398 1524 424 enim
1546 400 1633 427 omnis
1651 409 1740 429 sermo

958 441 1000 464 est
1014 458 1021 468 .
1037 439 1266 473 quemadmodum
1283 441 1362 468 etiam
1379 443 1406 469 in
1421 445 1606 478 sequentibus,
1624 447 1668 473 ubi
1681 447 1738 476 ait;

961 491 970 508 ι
990 482 1051 510 Dies
1062 484 1134 510 enim
1147 484 1252 512 Domini
1266 485 1382 514 Sabaoth
1399 497 1479 523 super
1493 498 1599 517 omnem
1616 493 1740 526 petulan-

957 531 1009 555 tem
1023 534 1049 556 et
1065 530 1222 565 superbum.
1238 536 1265 558 et
1282 540 1365 567 super
1380 541 1485 561 omnem
1497 537 1632 564 excelsum
1649 544 1675 565 et
1689 547 1738 566 su-

956 574 1064 602 blimem
1081 576 1113 608 ³³,
1135 585 1143 601 ι
1161 584 1275 612 qumque
1283 569 1333 605 ’his
1348 579 1476 614 deinceps
1493 588 1676 611 consentanea
1693 585 1736 612 di-

955 624 1063 648 cuntttr.
1087 621 1115 648 In
1134 621 1184 648 hac
1206 623 1288 658 igitur
1304 624 1365 655 die.
1394 626 1420 651 in
1435 634 1487 660 qua
1506 633 1680 658 surrecturus
1694 635 1736 658 est

954 661 1094 696 Dominus,
1112 671 1253 701 postquam
1272 669 1434 697 vaticinatus
1446 674 1488 697 est
1505 678 1598 699 contra
1615 682 1672 705 eos,
1689 676 1736 710 qui

952 710 1120 737 extolluntur
1135 712 1265 741 adversus
1283 715 1464 749 cognitionem
1485 716 1549 749 Dei,
1570 722 1626 745 tum
1642 720 1667 746 in
1686 720 1736 747 hac

951 753 1020 789 ipsa,
1037 755 1158 790 inquam,
1170 758 1214 785 die
1225 778 1232 790 ,
1251 758 1393 787 Dominum
1407 761 1431 787 id
1448 761 1583 789 facturum
1603 765 1735 799 propheta

953 801 1087 837 signiﬁcat
1108 813 1114 830 :
1133 813 1142 829 ι
1163 804 1314 833 Extolletur
1331 817 1339 832 ι
1360 807 1470 841 inquit,
1490 808 1619 837 Dominus
1641 812 1667 837 in
1691 812 1734 839 die

114 849 209 883 πάσης
237 848 455 884 δεισιδαιμονίας
480 858 489 873 ι
516 849 554 884 Τῇ
576 849 639 883 γοῦν
667 849 756 886 ἡμέρᾳ
788 851 893 885 ἐκείνῃ’,

948 847 994 874 illa
1007 856 1013 874 :
1027 852 1054 875 et
1067 850 1221 878 manufacta
1238 853 1326 879 omnia
1341 854 1527 885 occultabnnt,
1542 856 1733 886 introferentes

114 895 210 930 φησὶν,
227 894 340 921 ἐκϐαλεῖ
374 894 515 930 ἄνθρωπος
535 895 569 921 τὰ
585 895 754 931 βδελύγματα
771 895 850 922 αὐτοῦ
866 894 900 922 τὰ

114 941 214 976 χρυσᾶ,
230 940 322 967 καὶτὰ
342 941 450 975 ἀργυρᾶ
463 940 481 967 ἃ
507 941 635 976 ἐποίησαν
645 961 652 973 ,
669 943 830 977 προσκυνεῖν
844 943 900 973 τοῖς

115 986 257 1021 ματαίοις,
274 995 283 1011 ι
297 985 423 1017 καθόλου,
435 986 473 1018 ὡς
489 986 571 1018 εἰκὸς,
587 987 634 1013 καὶ
652 987 716 1023 περὶ
735 987 834 1019 παντὸς
851 988 898 1013 ἀν-

113 1030 226 1067 θρώπου
239 1031 324 1059 ταῦτα
338 1031 486 1066 ἀναφωνῶν
501 1031 543 1058 διὰ
562 1032 611 1067 τὴν
627 1032 774 1067 μέλλουσαν
791 1033 898 1060 ἔσεσθαι

111 1078 168 1105 τῶν
185 1078 270 1105 ἐθνῶν
284 1078 388 1113 κλῆσιν.
407 1078 490 1110 ’ἰδίως
502 1078 530 1105 δὲ
542 1076 620 1110 αὖθις
631 1080 694 1114 περὶ
703 1078 749 1105 τοῦ
768 1079 898 1107 Ἰουδαίων

114 1123 208 1156 ἔθνους
231 1124 283 1150 ὑπὸ
304 1124 367 1159 μίαν
386 1124 504 1150 διάνοιαν
526 1124 589 1160 ἑξῆς
609 1124 744 1159 ὲπιλέγει·
770 1135 779 1150 ι
800 1126 863 1152 Ἰδοὺ
883 1127 898 1153 ὁ

112 1171 252 1205 Δεσπότης
271 1170 372 1206 Κύριος
386 1169 496 1196 Σαϐαὼθ
513 1170 608 1205 ἀφελεῖ
624 1171 677 1197 ἀπὸ
692 1171 742 1206 τῆς
759 1172 896 1206 Ἰουδαίας,

112 1217 161 1243 καὶ
176 1216 232 1242 ἀπὸ
251 1216 428 1251 Ἰερουσαλὴμ
445 1216 580 1251 ἰσχύοντα,
595 1216 642 1243 xui.
653 1216 806 1252 ἰσχύουσαν,
822 1218 896 1253 ἰσχὺν

111 1261 208 1297 ἄρτου.
227 1262 274 1288 καὶ
287 1262 364 1297 ίσχὺν
380 1261 484 1293 ὓδατος,
502 1262 627 1296 γίγαντα,
642 1262 689 1288 καὶ
706 1263 840 1297 ἰσχύοντα,
851 1264 897 1290 καὶ

111 1307 254 1343 ἄνθρωπον
268 1307 441 1342 πολεμιστὴν,
454 1307 502 1334 xui.
518 1307 646 1342 δικαστὴν
657 1327 664 1338 ,
678 1308 726 1334 καὶ
744 1309 894 1344 προφήτην,

111 1353 160 1380 καὶ
175 1353 334 1389 στοχαστὴν,
352 1353 399 1379 xui.
418 1353 611 1389 πρεσϐύτερον,
632 1354 679 1380 καὶ
699 1354 896 1390 πεντηκόνταρ-

110 1406 174 1433 χον,
203 1398 249 1424 xui.
268 1396 423 1432 θαυμαστὸν
455 1396 619 1432 σύμϐουλον,
644 1397 690 1423 xui.
715 1397 795 1432 σοφὸν
818 1399 895 1434 ἁρχι-

109 1442 223 1468 τέκτονα
235 1461 242 1473 .
264 1442 312 1468 καὶ
337 1442 446 1468 συνετὸν
473 1442 627 1478 ἀκροατὴν,
644 1452 654 1468 ι
676 1443 722 1469 καὶ
738 1443 772 1470 τὰ
792 1443 894 1476 τούτοις

126 1487 186 1522 Ξῆς.
204 1487 286 1514 Ἔνθα
299 1488 458 1523 ἐπιστήσας,
471 1488 592 1524 παράθες
602 1489 635 1515 τὰ
647 1489 834 1524 προλεγόμενα
844 1490 894 1525 τῆς

108 1534 281 1568 προφητείας
297 1534 327 1560 δι’
340 1530 378 1560 ὧν
397 1534 518 1569 εἴρηται,
534 1544 543 1560 ι
562 1534 589 1561 Ὁ
610 1535 695 1569 Λόγος
718 1536 732 1562 ὸ
749 1536 892 1571 γενόμενος

108 1580 190 1615 παρὰ
205 1580 306 1615 Κυρίου
326 1581 391 1616 πρὸς
416 1581 537 1613 Ἡσαΐαν,
550 1582 607 1608 υἱὸν
630 1581 729 1617 Ἀμὼς,
753 1582 822 1618 ὑπὲρ
844 1583 892 1618 τῆς

117 1625 250 1656 Ἰουδαίας
269 1626 314 1652 xui.
330 1626 396 1662 ὑπὲρ
422 1626 606 1662 Ἰερουσαλὴμ,
621 1637 629 1653 ι
649 1628 686 1659 ὡς
710 1628 809 1663 μᾶλλον
830 1630 891 1654 κατ’

108 1671 204 1698 αὐτῶν
224 1671 239 1706 ῆ
263 1672 329 1707 ὑπὲρ
352 1671 441 1698 αὐτῶν
465 1672 500 1699 τὰ
522 1672 724 1708 ἐπενηνεγμένα
745 1673 889 1708 τυγχάνει·

108 1718 137 1744 εἰ
154 1719 191 1753 μή
209 1726 250 1749 τις
267 1718 321 1753 ἄρα
336 1718 364 1743 ὲν
380 1718 484 1750 τούτοις
496 1718 631 1744 λανθάνων
648 1719 801 1754 περιέχεται
818 1719 889 1750 νοῦς.

104 1761 172 1793 Πῶς
189 1761 258 1797 γὰρ,
289 1762 391 1797 μέλλων
414 1763 540 1797 ἀφαιρεῖν
563 1762 616 1789 ἀπὸ
629 1763 677 1798 τῆς
697 1764 822 1795 Ἰουδαίας
844 1764 890 1791 καὶ

104 1807 162 1834 ἀπὺ
191 1807 367 1843 Ἰερουσαλὴμ
391 1808 515 1843 ἰσχύοντα
546 1808 593 1835 xui.
624 1808 785 1844 ἰσχύουσαν,
814 1810 890 1845 ίσχὺν

106 1853 193 1888 ἄρτου
212 1853 258 1879 καὶ
271 1854 347 1889 ἰσχὺν
363 1852 466 1885 ὕδατος,
480 1854 526 1880 xui.
539 1853 626 1880 πάντα
639 1854 672 1881 τὰ
691 1855 719 1880 ἐν
734 1855 825 1886 αὐτοῖς
839 1855 889 1882 πά-

103 1899 360 1935 λαιεδιαπρέποντα,
368 1900 437 1936 ὑπὲρ
446 1900 496 1935 τῆς
512 1900 640 1932 Ἰουδαίας
653 1901 699 1927 καὶ
710 1902 780 1937 ὑπὲρ
794 1902 890 1938 Ἰερου-

48 1932 55 1940 ’
106 1945 199 1981 σαλὴμ
225 1932 333 1973 έσεσθαι
360 1947 394 1973 τὰ
413 1932 594 1982 ἀεσττιζὸμενα
617 1932 769 1982 προῦλεγεί
783 1932 841 1979 πῶς
860 1948 888 1974 δὲ

103 1991 178 2026 ὺπέρ,
205 1991 294 2017 αὐτῶν
323 1991 380 2018 ἐστι
405 1992 451 2019 καὶ
480 1992 514 2018 τὰ
546 1992 609 2027 ἑξῆς
636 1990 713 2024 αὖθις
745 1992 885 2027 λέγεσθαι;

104 2047 117 2061 ι
138 2037 256 2063 ’Δνεῖται
273 2037 459 2073 Ἰερουσαλὴμ,
475 2038 521 2064 καὶ
534 2039 550 2073 ἡ
568 2038 681 2064 Ἰουδαία
693 2038 885 2074 συμπέπτωκε,

102 2082 150 2110 ui.
181 2084 208 2109 αἱ
240 2082 358 2117 γλῶσσαι
383 2083 471 2110 αὐτῶν
500 2083 569 2118 μετὰ
598 2083 727 2118 ἀνομίας,
755 2084 788 2110 τὰ
818 2085 886 2120 πρὸς

102 2127 206 2162 Κύριον
229 2127 433 2160 ἀπειθοῦντες.»
455 2128 534 2154 Ἀλλὰ
547 2127 601 2163 γὰρ
624 2129 653 2155 ὲν
674 2128 765 2163 τοιῷδε
786 2129 882 2165 καιρῷ,

950 900 982 920 ea
999 893 1025 920 in
1043 895 1185 928 speluncas
1203 896 1245 923 ’δε
1267 906 1276 922 ι
1294 898 1339 924 ubi
1362 900 1554 933 propemodum
1579 901 1680 929 indicat
1703 911 1733 930 a-

950 939 1099 967 rersionem
1116 948 1131 967 a
1146 942 1309 976 simulacris,
1327 952 1379 978 qua
1396 947 1484 972 aversi
1500 951 1562 973 sunt
1577 952 1603 974 et
1620 948 1670 982 ipsi
1684 948 1732 976 Ju-

949 983 997 1011 daei
1014 1005 1021 1016 ,
1045 990 1071 1013 et
1087 993 1181 1014 omnes
1208 989 1305 1023 reliqui
1328 990 1449 1018 homines
1468 1013 1474 1024 ,
1501 998 1560 1027 post
1583 993 1731 1023 Salt'atoris

949 1030 1036 1057 nostri
1054 1030 1197 1059 adventum
1211 1054 1218 1064 ,
1246 1035 1355 1068 quando
1383 1043 1489 1063 omnem
1510 1039 1728 1072 superstitionem

949 1077 1084 1110 aspernati
1099 1075 1174 1104 'sunt.
1193 1087 1202 1103 ‹
1220 1078 1291 1114 Ergo
1306 1081 1332 1107 in
1349 1081 1392 1108 die
1407 1083 1451 1108 illa
1465 1104 1472 1113 .
1492 1084 1579 1118 inquit
1593 1105 1599 1115 ,
1620 1086 1727 1120 objiciet

948 1120 1029 1148 homo
1043 1121 1258 1151 abominationes
1274 1132 1338 1152 suas
1353 1133 1450 1154 aureas
1463 1133 1544 1162 atque
1561 1135 1703 1164 argenteas
1718 1151 1726 1162 ,

947 1175 1016 1202 quas
1031 1168 1152 1196 fecerunt
1163 1189 1171 1200 .
1187 1175 1215 1197 ut
1232 1171 1377 1199 adorarent
1391 1174 1480 1200 inania
1496 1176 1528 1202 ³⁸.
1548 1186 1556 1201 ι
1578 1176 1626 1203 Ubi
1643 1177 1700 1205 luec
1719 1199 1727 1212 ,

946 1216 976 1239 ut
990 1220 1037 1248 par
1051 1219 1091 1241 est
1103 1234 1110 1245 .
1125 1214 1159 1242 de
1169 1217 1243 1243 omni
1259 1217 1367 1246 homine
1382 1221 1528 1248 enitutians
1541 1241 1547 1251 ,
1561 1228 1671 1257 propter
1683 1223 1726 1250 l'u-

946 1261 1033 1286 turam
1044 1260 1163 1294 gentium
1183 1263 1349 1291 vocationem
1362 1285 1368 1295 ,
1388 1270 1443 1292 tum
1459 1268 1603 1301 separatim
1628 1277 1725 1297 rursus

946 1304 997 1331 sub
1012 1313 1093 1332 uuam
1109 1308 1270 1335 sententiam
1287 1309 1320 1336 de
1334 1309 1445 1338 Iudaica
1462 1318 1540 1347 gente
1553 1314 1687 1349 adjnngit,
1700 1320 1726 1343 et

945 1349 1024 1378 dicit:
1036 1361 1046 1376 «
1058 1351 1127 1379 Ecce
1135 1352 1289 1381 dominator
1300 1355 1429 1384 Dominus
1439 1357 1569 1391 Sabaoth,
1579 1360 1682 1388 auferet
1693 1362 1726 1389 dc

944 1391 1036 1420 Juda-a
1056 1398 1083 1422 et
1103 1394 1136 1422 de
1155 1395 1305 1425 Jerusalem
1321 1400 1407 1427 virum
1430 1402 1570 1430 robustum
1585 1425 1591 1435 ,
1606 1409 1632 1431 et
1648 1406 1725 1432 femi-

945 1445 1007 1465 nam
1023 1440 1156 1468 valentem
1167 1462 1175 1475 ,
1196 1443 1280 1470 robur
1296 1446 1375 1479 panis
1390 1466 1396 1476 ,
1413 1452 1439 1473 et
1465 1449 1546 1475 robur
1566 1458 1641 1485 aqua:
1653 1471 1660 1483 ,
1681 1452 1723 1486 gi-

944 1489 1051 1519 gantem
1063 1505 1070 1518 ,
1086 1491 1113 1514 et
1129 1487 1270 1516 robustum
1285 1509 1293 1522 ,
1308 1494 1334 1517 et
1355 1491 1489 1520 hominem
1506 1494 1679 1526 bellatorem.
1697 1501 1724 1524 et

941 1531 1070 1565 judieem.
1081 1536 1108 1560 et
1122 1534 1291 1569 prophetam.
1300 1540 1326 1564 et
1343 1538 1536 1572 conjecturam,
1548 1545 1570 1567 et
1585 1542 1721 1577 685cm-

942 1584 1016 1604 orem
1030 1597 1037 1609 ,
1053 1582 1080 1605 et
1097 1581 1246 1616 principem
1264 1590 1346 1617 super
1361 1584 1557 1619 quinquaginta
1575 1608 1582 1619 ,
1601 1594 1626 1614 et
1640 1589 1722 1616 mira-

943 1623 1022 1650 bilem
1030 1625 1236 1659 consiliarium,
1254 1631 1281 1655 et
1292 1628 1400 1656 doctum
1417 1630 1607 1663 architectum,
1621 1637 1646 1659 et
1659 1642 1723 1668 pru-

941 1666 1047 1695 dentem
1059 1669 1209 1698 auditorem
1224 1672 1257 1704 ",
1275 1681 1284 1698 ι
1298 1677 1324 1699 et
1340 1681 1398 1707 qum
1409 1680 1569 1709 sequuntur.
1582 1677 1646 1709 Quze
1659 1666 1720 1704 cum

940 1712 1094 1748 diligentius
1109 1716 1255 1744 attenderis
1265 1738 1273 1749 ,
1292 1720 1421 1752 apponito
1436 1721 1469 1747 iis
1485 1729 1545 1755 quae
1561 1721 1638 1749 initio
1653 1731 1717 1757 pro-

940 1759 1037 1793 phetia:
1049 1760 1120 1787 dicta
1136 1766 1210 1794 sunt,
1223 1770 1282 1797 quae
1296 1765 1335 1791 sic
1347 1764 1446 1792 habent
1460 1776 1465 1793 :
1483 1776 1491 1791 ι
1512 1767 1628 1794 Verbum
1645 1769 1717 1803 quod

940 1804 1040 1832 factum
1056 1811 1097 1834 est
1118 1814 1132 1833 a
1150 1806 1263 1835 Domino
1280 1809 1312 1836 ad
1330 1810 1425 1837 Isaiam
1446 1812 1528 1838 ﬁlium
1544 1813 1627 1841 Amos
1637 1822 1718 1848 super

938 1849 1030 1877 Judaza
1042 1871 1049 1883 ,
1067 1855 1094 1879 et
1119 1859 1200 1887 super
1223 1852 1371 1882 Jerusalem
1384 1856 1405 1871 ³⁷
1418 1876 1425 1887 ,
1443 1861 1471 1883 ιιι
1487 1866 1545 1891 quze
1558 1858 1597 1885 sic
1613 1860 1717 1893 prolata

939 1899 1012 1928 sunt,
1025 1898 1110 1932 magis
1124 1903 1218 1926 contra
1229 1899 1312 1934 ipsos,
1328 1908 1408 1934 quam
1426 1909 1475 1935 pro
1491 1903 1558 1936 ipsis
1571 1904 1714 1936 exsistant,

938 1942 989 1969 nisi
1003 1942 1071 1970 forte
1089 1943 1116 1970 in
1132 1944 1175 1972 his
1188 1945 1285 1980 aliquis
1302 1946 1387 1973 latens
1403 1948 1641 1982 comprehenditur
1654 1957 1717 1977 scn-

937 1996 995 2015 sus.
1011 1987 1063 2021 Qui
1077 1989 1147 2016 enim
1165 1989 1221 2017 ﬁeri
1237 1995 1326 2025 potest
1342 2011 1348 2023 ,
1375 1997 1402 2018 ut
1420 1993 1442 2019 is
1461 1994 1506 2026 qui
1523 1994 1663 2021 ablaturus
1680 1996 1716 2021 sit

936 2034 970 2061 ab
983 2033 1075 2062 Iudaea
1091 2054 1098 2066 ,
1111 2038 1138 2062 et
1165 2036 1200 2062 ab
1217 2035 1367 2065 Jerusalem
1382 2058 1389 2068 ,
1412 2038 1498 2064 virum
1514 2039 1654 2066 robustum
1667 2060 1674 2071 ,
1689 2044 1715 2068 et

936 2080 1062 2107 feminam
1079 2081 1211 2109 valentem
1224 2101 1232 2113 ,
1255 2083 1337 2109 robur
1358 2083 1434 2117 panis
1450 2103 1456 2114 ,
1474 2088 1500 2109 et
1516 2085 1598 2111 robur
1614 2093 1691 2119 aqum
1706 2106 1713 2116 .

935 2130 962 2153 et
976 2127 1066 2154 omnia
1088 2136 1256 2163 quaecunque
1277 2129 1340 2155 olim
1362 2130 1388 2155 in
1404 2130 1444 2156 eis
1459 2130 1616 2165 dignitatem
1631 2131 1714 2159 habe-

101 2175 131 2200 ὲν
144 2171 168 2207 ᾧ
180 2174 209 2200 τὸ
222 2174 284 2209 ὅρος
303 2173 404 2210 Κυρίου
425 2175 491 2201 πᾶσι
515 2175 570 2206 τοῖς
590 2174 692 2201 ἔθνεσιν
710 2174 815 2210 ἀνάγκη
835 2184 883 2210 κη-

944 2177 999 2199 iant
1011 2192 1018 2203 ,
1046 2180 1094 2208 pro
1108 2173 1219 2205 Judaea.
1242 2179 1269 2202 et
1291 2182 1339 2209 pro
1357 2174 1505 2202 Jerusalem
1525 2176 1613 2203 futura
1626 2186 1687 2205 esse
1704 2198 1712 2210 ,

100 2220 259 2255 ρύττεσθαι,
274 2221 289 2247 ὃ
303 2228 332 2247 τε
346 2220 391 2246 ἐπὶ
402 2219 448 2247 τοῦ
465 2220 544 2255 ὅρους
562 2218 635 2252 οἶκος
647 2220 694 2247 τοῦ
711 2220 787 2251 Θεοῦ.
800 2222 842 2255 ἐφ’
853 2217 883 2248 οὗ

102 2266 192 2292 πάντα
203 2265 239 2292 τὰ
253 2265 315 2301 ἔθνη
329 2266 452 2293 συνιόντα
463 2266 540 2301 φασί·
553 2275 562 2291 ι
574 2266 666 2298 Δεῦτε,
681 2265 728 2292 xui.
740 2266 883 2302 ἀναϐὦμεν

101 2311 143 2342 είς
158 2311 189 2337 τὸ
202 2311 265 2346 ὅρος
284 2311 396 2347 Κυρίου,
414 2311 460 2338 καὶ
474 2313 513 2343 εἰς
527 2311 571 2337 τὸν
584 2309 656 2338 οἷκον
678 2311 726 2338 τοῦ
746 2311 812 2338 Θεοῦ
834 2312 883 2338 Ἰα-

100 2356 178 2382 κώϐ·
198 2366 208 2382 ι
227 2357 362 2389 τοιαύταις
382 2358 396 2383 ὁ
417 2356 494 2391 λόγος
517 2357 686 2393 χρησάμενος
707 2357 882 2393 κατηγορίαις

99 2402 147 2428 τοῦ
162 2402 294 2429 Ἰουδαίων
305 2402 406 2436 ἔθνους,
423 2403 571 2438 ἀπειλήσας
581 2412 610 2430 τε
622 2404 712 2435 αὐτοῖς
723 2403 757 2430 τὰ
769 2403 878 2439 ἔσχατα,

98 2447 278 2473 ὲπισυνάπτει
302 2447 406 2479 τούτοις
428 2449 493 2474 πᾶσι
516 2447 565 2479 τὰς
589 2447 795 2483 προεκτεθείσας
814 2449 880 2483 ἡμῖν

97 2491 196 2523 λέξεις,
215 2492 355 2525 διδάσκων,
369 2493 420 2524 ὅτι,
439 2492 486 2519 τοῦ
510 2493 608 2525 παντὸς
633 2492 763 2520 Ἰουδαίων
787 2493 878 2525 ἔθνους

98 2537 241 2572 Wo;
258 2538 451 2565 ἀποπεσεῖσθαι
481 2539 529 2574 τῆς
553 2538 623 2565 κατὰ
643 2538 687 2565 τὸν
714 2538 779 2565 Θεὸν
800 2539 877 2565 εὐσε-

97 2582 186 2614 ϐείας,
205 2584 456 2619 περιλειφθήσονταί
472 2593 543 2615 τινες
561 2585 590 2610 ὲν
606 2584 697 2615 αὐτοῖς
717 2584 748 2610 οὐ
765 2592 881 2611 συναπο-

95 2627 246 2660 laticum;
260 2630 315 2660 τοῖς
327 2629 393 2655 πᾶσι
414 2628 468 2656 τῶν
491 2629 597 2656 κακῶν·
626 2628 742 2664 ἔμπαλιν
757 2628 785 2655 δὲ
805 2629 880 2655 ὼσὰν

94 2673 128 2700 lx
146 2673 290 2709 μοχθηρῶν
309 2674 356 2701 καὶ
372 2675 534 2710 παρανόμων
552 2674 771 2710 διασεσωσμένοι,
789 2675 880 2702 καὶτὸ

95 2719 240 2755 ιιὶικρινές
255 2720 303 2756 τῆς
314 2720 452 2752 εὐσεϐείας
466 2720 675 2754 ὲπιδεδεγμένοι,
693 2720 740 2755 τῆς
757 2719 830 2755 παρὰ
841 2719 879 2755 τῷ

936 2217 991 2244 haec
1013 2218 1071 2252 ipsa
1091 2227 1150 2253 quae
1170 2219 1361 2246 diriuabantur
1386 2221 1562 2254 prtedixerit?
1577 2223 1713 2256 quomodo

934 2266 1025 2290 autem
1043 2268 1106 2290 sunt
1118 2270 1168 2298 pro
1184 2263 1292 2295 iisdem,
1307 2271 1338 2290 ea
1351 2271 1411 2298 qua:
1426 2264 1553 2298 deinceps
1567 2266 1714 2292 dicuntur?

935 2316 945 2332 ι
967 2307 1059 2335 Soluta
1082 2312 1124 2336 est
1135 2307 1295 2340 Jerusalem,
1312 2312 1337 2335 et
1352 2307 1443 2335 Judzea
1458 2309 1575 2335 concidit
1588 2329 1595 2340 ,
1619 2313 1645 2336 et
1660 2310 1711 2335 lin-

931 2360 990 2387 gua:
1012 2361 1105 2380 eorum
1131 2360 1192 2380 cum
1214 2353 1357 2388 iniquitate
1372 2373 1378 2384 ,
1397 2361 1427 2380 ea
1446 2362 1504 2388 quae
1519 2355 1552 2381 ad
1568 2354 1710 2381 Dominum

933 2403 1055 2434 spectant
1076 2406 1129 2426 non
1153 2399 1295 2426 credentes
1317 2400 1349 2426 ³⁸.
1369 2410 1378 2425 ›
1403 2400 1483 2435 Atqui
1511 2408 1564 2435 quo
1589 2406 1708 2435 tempore

932 2448 1050 2471 montem
1064 2443 1171 2471 Domini
1185 2445 1311 2472 omnibus
1325 2445 1450 2479 gentibus
1466 2447 1582 2473 nuntiari
1597 2454 1710 2473 necesse

931 2493 1008 2522 erat,
1027 2489 1126 2524 Deique
1143 2491 1171 2518 in
1196 2491 1242 2517 illo
1258 2498 1350 2518 monte
1373 2491 1481 2518 domum
1499 2512 1505 2522 ,
1522 2493 1548 2517 in
1562 2500 1642 2526 quam
1662 2492 1708 2519 ubi

930 2543 1024 2563 omnes
1047 2540 1141 2571 gentes
1162 2537 1353 2565 convenissent
1368 2557 1375 2569 ,
1392 2541 1447 2564 ιιιιιι
1471 2538 1569 2565 dicturi
1594 2544 1684 2566 essent
1702 2549 1708 2566 :

933 2590 942 2607 ι
962 2581 1078 2613 Venite.
1105 2583 1285 2610 ascendamus
1309 2583 1335 2609 in
1356 2588 1474 2609 montem
1492 2583 1617 2616 Domini,
1639 2586 1708 2612 etin

928 2628 1039 2656 domum
1057 2627 1104 2655 Dei
1119 2627 1203 2655 Iacob
1214 2629 1236 2644 "
1253 2638 1260 2656 :
1277 2637 1287 2654 ι
1303 2629 1329 2655 in
1347 2636 1379 2656 eo
1392 2648 1400 2660 ,
1415 2629 1524 2663 inquam
1539 2649 1546 2660 ,
1564 2630 1623 2664 ipso
1640 2635 1708 2658 tem—

928 2681 1003 2710 pore.
1023 2673 1066 2701 ubi
1080 2681 1170 2701 sermo
1186 2674 1294 2702 divinus
1310 2675 1409 2702 talibus
1420 2674 1540 2701 Judaicze
1557 2677 1645 2709 gentis
1659 2684 1706 2702 ac-

927 2719 1115 2747 cusationibus
1138 2723 1180 2747 est
1203 2727 1271 2748 usus
1285 2741 1293 2754 ,
1320 2721 1406 2755 iisque
1428 2721 1545 2748 minatus
1561 2726 1680 2749 extrema
1699 2732 1705 2749 :

149 2779 232 2807 "lsa.
246 2780 363 2810 11.8-10.
400 2779 494 2808 "ibid.
508 2780 551 2807 l2.
590 2780 612 2796 ”
629 2780 693 2808 ibid.
711 2779 808 2811 47,18‘
847 2780 868 2796 "
881 2779 947 2808 ibid.
967 2779 1012 2809 ΞΟ.
1050 2780 1073 2796 ³⁸
1092 2779 1145 2808 lsa.
1164 2780 1279 2814 111,105.
1293 2780 1358 2807 "Isti
1374 2802 1380 2808 .
1398 2789 1428 2814 tt,
1448 2782 1473 2810 Ι.
1511 2782 1533 2798 ⁸⁸
1551 2781 1603 2810 lsa.
1621 2791 1661 2814 In,
1679 2783 1705 2810 ε.

94 2814 115 2830 ³³
137 2814 188 2842 lsa.
207 2824 238 2848 It,
258 2815 286 2844 5.
