3974 6208
563 234 664 290 155

1189 237 1453 294 EUSEBII
1489 237 1969 296 (DESARIENSIS
2006 238 2155 297 OPP.
2194 239 2376 296 PARS
2408 240 2473 297 Il.
2513 272 2585 283 -—
2625 239 3121 298 APOLOGETICA.

3686 240 3784 295 I36

556 364 671 412 tum
700 358 787 413 bis
814 356 1067 413 omnibus
1099 395 1114 420 ,
1145 373 1209 413 ea
1240 373 1364 428 qua:
1389 367 1515 415 ante
1555 361 1911 430 exposuimus
1951 364 2109 416 verba

2215 362 2333 433 Θεῷ
2358 363 2583 439 Γραφῆς
2610 364 3126 437 καταξιωθήσονται,
3160 362 3251 419 τοῦ
3278 362 3412 418 Θεοῦ
3434 380 3495 417 τε
3528 362 3619 417 καὶ
3645 362 3785 431 ἆγιοι

557 449 804 521 adjungit
831 489 848 514 ,
875 449 1139 521 docetque
1162 467 1228 507 ex
1262 450 1408 506 omni
1448 449 1674 507 Judaica
1701 459 1859 522 gente
1887 492 1904 517 ,
1932 468 2055 523 quae
2089 466 2120 506 a

554 558 686 599 vero
716 542 811 598 Dei
840 543 987 596 cultu
1025 557 1223 599 casura
1253 545 1360 606 sit,
1391 542 1774 615 superfuturos
1805 544 2119 615 quosdam‘,

552 635 646 707 qui
676 651 785 691 non
815 634 1003 689 eadem
1034 650 1158 690 cum
1201 636 1454 691 omnibus
1502 637 1643 691 mala
1689 636 1800 691 sint
1843 636 2118 703 subituri,

552 726 686 796 quin
728 732 919 780 contra
966 727 1148 794 potius
1176 765 1191 788 ,
1240 735 1495 796 tanquam
1526 742 1593 782 ex
1625 727 1807 797 pravis
1835 733 1998 798 atque
2033 727 2120 781 in-

548 814 713 883 justis
757 813 926 868 relicti
972 814 1297 885 superstites
1324 855 1337 879 ,
1371 816 1888 886 comprobatamque
1913 831 1977 871 ac
2001 816 2117 872 sin-

552 919 731 962 ceram
763 906 1015 977 pietatem
1050 907 1282 977 amplexi
1310 946 1325 968 ,
1377 920 1439 960 ea
1491 907 1763 977 scriptura
1794 923 1914 977 quae
1944 923 1975 962 a
2008 907 2117 965 Deo

548 997 795 1076 profecta
823 999 915 1057 sit.
948 997 1096 1067 digni
1129 997 1237 1051 sint
1266 996 1521 1059 habendi,
1553 1012 1617 1051 ac
1645 999 1786 1053 servi
1818 997 1909 1052 Dei
1942 997 2117 1054 sancti

549 1087 802 1147 vocandi,
833 1087 1033 1157 quibus
1063 1100 1196 1140 sane
1224 1086 1404 1142 verbis
1435 1087 1595 1155 plane
1624 1088 1895 1158 significat
1928 1087 2118 1141 Salva-

550 1195 638 1237 tor
666 1187 854 1237 uoster
881 1220 895 1241 ,
931 1178 1206 1248 apostolos
1233 1193 1297 1233 ac
1326 1179 1626 1249 discipulos
1650 1219 1666 1243 ,
1705 1189 1867 1250 atque
1890 1194 2118 1251 evange.

550 1274 706 1329 listas
736 1314 754 1340 ,
785 1271 1135 1340 reliquosque
1165 1284 1353 1324 omnes
1391 1311 1405 1333 ,
1450 1271 1543 1342 qui
1588 1271 1656 1326 de
1697 1270 2116 1327 circumcisione

548 1363 812 1434 assumpti
844 1363 899 1416 iu
929 1363 1105 1433 ipsum
1148 1360 1521 1426 crediderint,
1559 1377 1669 1432 quo
1690 1367 1936 1433 tempore
1978 1378 2112 1433 gens

546 1472 736 1514 eorum
767 1456 1020 1510 universa
1043 1456 1258 1511 cecidit.
1289 1455 1460 1509 Porro
1480 1455 2106 1522 Ittecillesermoinnuit,

540 1549 641 1619 qui
686 1550 766 1605 sic
798 1548 959 1603 habet
992 1567 1005 1604 :
1044 1565 1063 1599 ‹
1105 1547 1161 1602 1η
1202 1548 1291 1602 die
1319 1547 1411 1603 illa
1455 1545 1533 1618 (in
1574 1561 1680 1616 qua
1735 1546 1985 1601 videlicet
2044 1561 2110 1602 ea

545 1655 668 1718 qua
695 1641 950 1712 praedicta
982 1650 1113 1697 sunt
1135 1640 1318 1695 omnia
1349 1640 1416 1695 de
1446 1630 2021 1711 vocatione‘gentium,
2053 1649 2107 1696 et

542 1730 615 1788 de
640 1730 950 1788 Judzcorum
992 1731 1150 1785 ruina
1206 1729 1390 1785 futura
1425 1730 1573 1802 sunt)
1610 1730 1905 1790 .illucescet
1964 1730 2108 1787 Deus
2140 1722 2182 1779 Β

544 1824 602 1883 in
654 1823 885 1877 consilio
922 1837 1047 1877 cum
1102 1821 1276 1893 gloria
1330 1822 1386 1876 in
1429 1830 1576 1877 terra
1610 1861 1627 1887 ,
1667 1829 1728 1877 ut
1774 1823 1997 1879 extollat
2055 1831 2112 1879 et

542 1914 807 1989 gloriﬁcct
845 1914 990 1984 quod
1035 1900 1289 1969 relictum.
1331 1913 1494 1968 fuerit
1538 1929 1603 1969 ex
1657 1913 1822 1969 Israel
1850 1953 1865 1978 ,
1899 1921 1953 1970 et
2008 1915 2115 1969 erit

541 2005 689 2078 quod
717 2006 965 2061 relictum
1013 2004 1174 2061 fuerit
1220 2005 1275 2059 in
1318 2003 1450 2060 Sion
1477 2044 1493 2069 ,
1544 2011 1600 2061 et
1649 2005 1797 2077 quod
1859 2006 2109 2060 relictum

545 2095 707 2157 fuerit
800 2100 854 2154 itt
954 2097 1321 2161 Jerusalem,
1404 2099 1579 2154 sancti
1675 2098 2015 2155 vocabuntur
2091 2113 2108 2150 :

552 2190 654 2261 B9
709 2206 900 2247 omnes
947 2191 1039 2262 qui
1077 2191 1265 2261 scripti
1304 2198 1432 2247 sunt
1475 2191 1541 2246 ad
1575 2190 1742 2246 vitam
1790 2191 1844 2247 in
1887 2188 2112 2247 Jerusa-

544 2287 649 2340 lem
675 2282 743 2348 ιο,
783 2303 803 2337 ι
840 2290 1060 2355 propter
1083 2299 1222 2355 quas
1252 2282 1564 2354 prodituros
1603 2283 1671 2340 de
1706 2282 2007 2340 Jerusalem
2037 2281 2113 2336 vi-

540 2376 740 2432 delicet
762 2392 826 2432 ac
855 2376 921 2433 de
947 2375 1154 2441 Judzea,
1189 2376 1384 2432 merito
1414 2393 1578 2448 super
1619 2375 1827 2441 Judaea,
1858 2385 1913 2433 et
1943 2392 2110 2446 super

539 2467 862 2530 Jerusalem,
913 2466 1248 2536 prophetiam
1270 2464 1419 2520 illam
1436 2465 1567 2530 dici,
1583 2466 1902 2533 prommium
1928 2465 2107 2534 ipsum

542 2557 802 2619 ostendit,
852 2566 947 2611 aut
984 2559 1146 2612 etiam
1182 2563 1405 2627 propter
1453 2570 1637 2610 veram
1682 2553 2002 2621 Jerusalem,
2052 2561 2107 2610 et

547 2656 765 2718 propter
791 2647 1033 2702 Judaeam
1069 2647 1239 2711 illam,
1273 2663 1394 2717 quae
1418 2649 1461 2702 si
1484 2662 1549 2702 ex
1578 2645 1873 2710 sententia,
1906 2661 2014 2701 non
2037 2661 2105 2701 ex

544 2740 749 2808 scripto
776 2738 1174 2803 consideretur,
1212 2739 1342 2795 huic
1394 2738 1552 2795 alteri
1606 2739 1956 2810 proportione
2011 2753 2103 2794 re-

542 2832 824 2901 spondeat.
854 2830 974 2899 Qua
1017 2831 1085 2887 de
1115 2848 1174 2886 re
1202 2848 1325 2886 cum
1353 2833 1456 2888 erit
1504 2839 1740 2902 tempus,
1774 2830 2098 2894 videbimus,

542 2932 594 2978 rt
637 2924 763 2994 quis
807 2925 1025 2979 tandem
1076 2925 1316 2979 divinam
1376 2925 1748 3005 apostolorum
1801 2922 2101 2979 Salvatoris

541 3018 735 3082 nostri,
786 3025 841 3073 et
893 3019 1355 3089 evangelistarum
1404 3033 1638 3074 cernens
1684 3017 1959 3082 virtutem,
2013 3032 2101 3073 se-
2129 3055 2171 3111 C

538 3109 775 3164 cundum
805 3123 969 3180 quam
1026 3109 1080 3163 in
1128 3124 1344 3164 onmem
1384 3118 1583 3164 terram
1611 3108 1778 3165 exivit
1805 3123 1975 3165 sonus
2005 3124 2100 3165 eo-

540 3217 680 3266 rum,
702 3208 755 3257 ct
780 3203 835 3256 in
862 3201 996 3258 ﬁnes
1014 3202 1163 3258 orhis
1185 3209 1343 3257 terrae
1369 3203 1532 3257 verba
1557 3216 1771 3265 eorum,
1801 3215 2100 3272 omnesque

537 3306 603 3349 ex
637 3292 732 3349 illo
758 3294 825 3349 ad
850 3293 957 3349 hoc
985 3309 1159 3362 usque
1181 3302 1396 3364 tempus
1424 3293 1629 3349 Christi
1659 3293 1953 3357 Ecclesias,
1978 3310 2100 3364 quae

537 3386 701 3440 verba
734 3400 924 3441 eorum
974 3386 1028 3440 iu
1074 3400 1167 3441 ore
1216 3393 1593 3457 praeceptaque
1622 3385 1846 3449 habent,
1878 3391 1934 3441 et
1962 3384 2098 3441 Novi

536 3474 868 3533 Testamenti
904 3493 1000 3547 per
1044 3493 1142 3533 eos
1171 3478 1478 3548 publicatas
1527 3477 1734 3534 Christi
1785 3479 1934 3550 leges
1985 3496 2094 3535 non

535 3568 663 3623 huic
719 3568 1018 3640 prophetia:
1079 3570 1455 3625 testimonium
1505 3571 1755 3625 veritatis
1808 3571 2100 3627 exhibeat?

534 3667 724 3728 utpote
769 3660 817 3714 ei
864 3674 986 3729 qua:
1017 3657 1301 3713 manifeste
1331 3658 1501 3722 dicat,
1550 3675 1569 3709 ι
1608 3658 1665 3713 in
1693 3658 1948 3724 consilio,
1991 3677 2011 3711 ι
2044 3664 2101 3714 et

2225 455 2582 527 κληθήσονται
2613 455 2808 510 δοῦλοι.
2856 457 3017 529 Δηλοί
3055 455 3111 509 δὲ
3152 455 3239 510 διὰ
3275 455 3477 509 τούτων
3522 455 3648 519 τοὺς
3690 455 3783 508 τοῦ

2222 543 2473 615 Σωτῆρος
2510 544 2665 615 ήμῶν
2697 544 3025 610 ἀποστόλους
3068 543 3162 598 καὶ
3196 542 3463 616 μαθητὰς,
3502 541 3595 597 καὶ
3627 543 3787 612 εὐαγ-

2218 633 2503 703 γελιστάς,
2539 635 2635 689 καὶ
2663 635 2790 699 τοὺς
2825 635 3042 700 λοιποὺς
3072 634 3315 699 ἅπαντας
3359 637 3484 698 τοὺς
3522 632 3580 688 ὲν
3632 651 3785 707 περι-

2218 728 2357 797 τομῇ
2388 726 2468 790 εις
2494 725 2657 780 αὐτὸν
2688 726 3146 797 πεπιστευκότας,
3181 725 3321 780 κατά
3355 725 3446 779 τὸν
3474 724 3662 797 χρόνον
3689 726 3784 796 τῆς

2217 817 2584 882 ἀποπτῶσεως
2618 817 2710 872 τοῦ
2733 788 3129 882 παντδςάύτῶν
3144 818 3345 882 ἔθνους.
3369 815 3551 871 Ταῦτα
3588 816 3648 870 δὲ
3703 819 3786 871 αἱ-

2216 910 2446 965 νιττεται
2477 910 2698 981 φάσκων
2725 912 2753 964 ό
2780 910 2964 981 λόγος·
2995 929 3015 962 ι
3058 912 3144 964 Ἐν
3193 914 3260 982 τῇ
3288 910 3469 983 ἡμέρα
3497 908 3681 984 ἐκείνῃ
3703 912 3786 981 (ὲν

2214 998 2514 1077 ᾖδηλονότι
2555 1002 2624 1057 τὰ
2656 1002 3103 1076 προηγορευμένα
3144 1004 3317 1058 πάντα
3360 1002 3487 1075 περὶ
3524 1002 3626 1073 τῆς
3656 1002 3785 1076 κλή-

2216 1109 2353 1156 σεως
2383 1092 2491 1146 τῶν
2524 1092 2714 1156 ἐθνῶν,
2757 1093 2852 1146 καὶ
2896 1092 3024 1163 περὶ
3055 1093 3151 1163 τῆς
3184 1091 3291 1145 τῶν
3342 1091 3613 1145 Ἰουδαίων
3656 1091 3788 1147 ἀπο-

2213 1182 2473 1249 πτὼσεως
2489 1181 2802 1257 γενήσεται)
2849 1183 3141 1257 ἐπιλάμψει
3173 1186 3201 1237 ὁ
3223 1182 3355 1248 θεὸς
3380 1184 3438 1236 ἐν
3461 1183 3625 1257 βουλῇ
3654 1185 3785 1256 μετά

2210 1273 2366 1347 δόξης
2392 1276 2483 1329 ἐπὶ
2511 1276 2610 1347 τῆς
2638 1275 2762 1346 γῆς,
2793 1273 2886 1330 τοῦ
2921 1274 3134 1345 ὑψῶσαι
3158 1274 3253 1328 καὶ
3276 1274 3496 1340 δοξάσαι
3528 1274 3590 1327 τὸ
3620 1291 3787 1331 κατα-

2209 1366 2423 1437 λειφθὲν
2450 1366 2542 1421 τοῦ
2568 1367 2804 1441 Ἰσραὴλ,
2822 1368 2916 1423 καὶ
2939 1367 3111 1431 ἔσται,
3134 1367 3191 1420 τὸ
3218 1367 3537 1436 ὑπολειφθὲν
3567 1368 3628 1421 ἐν
3653 1366 3787 1421 Σιὼν

2208 1459 2302 1511 καὶ
2326 1458 2384 1511 τὸ
2403 1458 2758 1529 καταλειφθὲν
2773 1461 2830 1512 ὲν
2845 1458 3218 1532 Ἰερουσαλὴμ,
3245 1459 3386 1528 ἆγιοι
3402 1457 3783 1530 κληθήσονται·

2207 1549 2404 1614 πάντες
2445 1552 2494 1604 οἱ
2532 1551 2831 1622 γραφέντες
2863 1552 2947 1614 εἰς
2972 1549 3116 1621 ζωὴν
3159 1553 3217 1604 ὲν
3258 1549 3633 1622 Ἰερουσαλὴμ,
3675 1568 3693 1601 ι
3719 1548 3782 1603 δι’

2206 1641 2299 1706 οὓς
2327 1642 2422 1696 καὶ
2451 1643 2675 1707 εἰκότως
2704 1644 2812 1697 ἀπὸ
2842 1645 2944 1714 τῆς
2987 1634 3247 1707 Ἰουδαίας
3279 1643 3372 1696 καὶ
3397 1641 3538 1713 ὑπὲρ
3580 1642 3783 1712 Ἰερου-

2211 1735 2389 1806 σαλὴμ
2403 1736 2478 1803 (1)
2492 1735 2587 1806 τὴν
2601 1734 2930 1808 προφητείαν
2942 1734 3127 1806 ἐδήλου
3142 1732 3392 1804 λέγεσθαι
3405 1734 3466 1786 τὸ
3482 1733 3785 1804 προοίμιον,

2210 1828 2243 1901 ἢ
2273 1828 2364 1881 καὶ
2387 1827 2474 1881 διὰ
2501 1829 2598 1899 τὴν
2627 1826 2801 1898 ἁληθῆ
2843 1826 3214 1900 Ἰερουσαλὴμ,
3259 1825 3350 1879 καὶ.
3380 1825 3476 1896 τὴν
3506 1824 3786 1893 ἀναλόγως

2211 1921 2346 1992 αὐτῇ
2373 1920 2513 1975 κατά
2548 1920 2785 1974 διάνοιαν
2822 1918 3197 1990 θεωρουμένην
3241 1917 3527 1971 Ἰουδαίαν·
3567 1917 3694 1989 περὶ
3724 1909 3784 1972 οὗ

2211 2010 2351 2063 κατά
2371 2009 2558 2081 καιρὸν
2587 2009 2863 2080 εἰσόμεθα.
2888 2008 2997 2063 Καὶ
3020 2008 3101 2072 τίς
3130 2024 3192 2077 γε
3218 2007 3326 2061 τῶν
3346 2005 3660 2061 ἀποστόλων
3690 2003 3781 2058 τοῦ

2485 2102 2640 2173 ἡμῶν
2662 2104 2755 2157 καὶ
2780 2103 2886 2157 τῶν
2911 2101 3310 2171 εὐαγγελιστῶν
3337 2099 3432 2170 τὴν
3457 2098 3634 2152 ἔνθεον
3658 2114 3785 2152 συν·-

2209 2193 2350 2263 ορῶν
2397 2192 2645 2264 δύναμιν,
2694 2192 2818 2247 καθ’
2843 2194 2909 2265 ἦν
2936 2194 3015 2256 εἰς
3043 2194 3220 2246 πᾶσαν
3248 2192 3346 2261 τὴν
3373 2191 3475 2260 γῆν
3500 2187 3725 2254 ἐξῆλθεν
3755 2190 3785 2241 ὸ

2210 2283 2442 2353 φθόγγος
2472 2286 2673 2347 αὐτῶν,
2710 2287 2803 2339 καὶ
2849 2287 2928 2347 εἰς
2964 2283 3032 2338 τὰ
3066 2283 3274 2354 πέρατα
3318 2283 3419 2353 τῆς
3451 2278 3785 2351 οἰκουμένης

2206 2374 2274 2428 τὰ
2304 2376 2519 2445 ῥήματα
2546 2375 2742 2439 αὐτῶν,
2770 2374 2941 2430 πᾶσαί
2971 2391 3030 2427 τε
3054 2374 3111 2440 ἐξ
3148 2373 3359 2426 ἐκείνου
3387 2372 3480 2425 καὶ
3512 2373 3591 2433 εις
3617 2369 3787 2441 δεῦρο

2206 2468 2262 2519 αἱ
2301 2465 2396 2518 τοῦ
2425 2465 2660 2538 Χριστοῦ
2701 2465 3018 2537 Ἐκκλησίαι
3058 2466 3181 2529 τοὺς
3221 2464 3412 2533 λόγους
3455 2461 3635 2516 αὐτῶν
3673 2460 3784 2514 ἀνὰ

2207 2556 2378 2627 στόμα
2426 2560 2519 2610 καὶ
2569 2556 2866 2628 μαθήματα
2907 2556 3109 2627 ἔχουσι,
3163 2556 3255 2610 καὶ
3298 2555 3395 2620 τὰς
3442 2554 3543 2624 τῆς
3572 2552 3783 2623 Καινῆς

2203 2647 2477 2719 Διαθήκης
2510 2647 2575 2700 δι’
2603 2646 2778 2701 αὐτῶν
2811 2647 3173 2719 κηρυχθείσας
3211 2645 3305 2699 τοῦ
3344 2642 3581 2716 Χριστοῦ
3615 2659 3782 2715 νομο-

2205 2739 2508 2805 θεσίας,οὐκ
2534 2739 2599 2795 ἂν
2628 2739 2885 2810 ἀλήθειαν
2905 2742 2968 2811 τῇ
2988 2738 3291 2812 προφητεία
3311 2739 3582 2808 ὲπιμαρτυ
3592 2737 3777 2808 ρήσαι,

2205 2833 2420 2905 φησάσῃ
2444 2832 2717 2905 ἐμφανῶς,
2753 2851 2771 2884 ι
2801 2833 2858 2887 ἐν
2888 2831 3047 2903 βουλῇ
3079 2851 3096 2881 i
3131 2832 3225 2885 καὶ
3246 2849 3264 2881 ι
3292 2829 3428 2901 μετὰ
3448 2827 3604 2900 δόξης
3633 2847 3652 2879 ι
3683 2826 3777 2881 ἐπὶ

2205 2927 2383 2981 πᾶσαν
2409 2925 2509 2997 τὴν
2534 2926 2635 2995 γῆν
2655 2922 2888 2994 ύψώσειν
2903 2923 2994 2977 τὸν
3015 2922 3146 2975 Θεὸν
3169 2922 3264 2977 καὶ
3289 2921 3531 2988 δοξάσειν
3557 2939 3574 2970 ι
3598 2920 3659 2973 τὺ
3677 2935 3775 2973 κα-

2204 3014 2486 3085 ταλειφθὲν
2518 3014 2766 3088 Ἰσραήλς
2795 3034 2813 3067 ι
2842 3015 2937 3068 καὶ
2958 3014 3034 3078 ὡς
3056 3014 3163 3086 ἄρα
3198 3033 3216 3064 ι
3243 3013 3303 3067 τὸ
3327 3010 3689 3081 καταλειφθὲν
3718 3010 3775 3065 ἐν

2205 3104 2341 3159 Σιὼν
2380 3105 2474 3160 καὶ
2504 3105 2563 3159 τὸ
2590 3104 2945 3174 καταλειφθὲν
2976 3105 3033 3157 ὲν
3077 3101 3430 3175 Ἰερουσαλὴμ
3463 3102 3607 3170 ἆγιοι
3638 3100 3770 3171 κλη-

2204 3195 2456 3267 θήσονται
2500 3196 2698 3262 πάντες
2746 3197 2794 3250 οἱ
2824 3196 3128 3267 γραφέντες
3154 3196 3234 3259 εἰς
3267 3194 3444 3267 ζωήν;
3480 3214 3497 3247 ι
3539 3194 3689 3248 ’Λντὶ
3716 3193 3772 3247 δὲ

2201 3287 2295 3341 τοῦ
2328 3287 2618 3359 λεγομένου
2655 3288 2804 3358 παρὰ
2828 3292 2939 3352 τοῖς
2975 3288 3390 3359 Ἐὅδομήκοντα,
3421 3306 3440 3339 ι
3482 3288 3570 3340 Ἐν
3610 3285 3769 3359 βουλῇ

2204 3379 2341 3451 μετά
2363 3379 2541 3451 δόξης,
2555 3398 2573 3431 ι
2589 3381 2617 3433 ὁ
2646 3379 2872 3445 Ἀκύλας
2892 3380 2985 3434 καὶ
2999 3380 3288 3433 Θεοδοτίων
3311 3377 3613 3450 συμφώνως
3637 3399 3655 3432 ι
3695 3380 3770 3443 εἰς

2201 3471 2425 3543 δύναμιν
2455 3474 2547 3526 καὶ
2572 3472 2728 3537 δόξαν
2747 3492 2767 3526 ι
2796 3475 3160 3545 ὴρμήνευσαν,
3182 3474 3279 3544 τὴν
3300 3473 3506 3526 ὑπὸτοῦ
3535 3471 3675 3526 Θεοῦ
3698 3472 3773 3524 δο-

2202 3563 2388 3618 θεῖσαν
2424 3566 2539 3629 τοῖς
2566 3565 2880 3629 ἀποστόλοις
2913 3563 3170 3636 δύναμιν,
3206 3566 3298 3619 καὶ
3341 3565 3437 3637 τὴν
3471 3566 3563 3619 ἐπὶ
3596 3563 3770 3634 ταύτῃ

2202 3656 2353 3729 παρά
2382 3656 2459 3729 τῷ
2491 3657 2609 3729 Θεῷ
2639 3657 2793 3725 δόξαν
2820 3657 3212 3729 παριστῶντες,
3245 3658 3384 3714 κατά
3404 3657 3486 3711 τό·
3510 3675 3528 3709 ι
3559 3657 3763 3727 Κύριος

538 3767 559 3800 ι
598 3764 723 3804 cum
752 3748 947 3820 gloria,
979 3768 998 3801 ι
1035 3748 1091 3803 in
1118 3763 1336 3803 onmem
1362 3754 1564 3803 terram
1594 3746 1761 3802 Deum
1794 3748 1850 3802 in
1877 3747 2097 3803 sublimi

2206 3746 2362 3802 δώσει
2383 3748 2536 3820 ῥῆμα
2571 3751 2686 3814 τοῖς
2728 3749 3230 3820 εὐαγγελιζομένοις
3271 3749 3500 3820 δυνάμει
3521 3748 3712 3820 πολλῇ.
3742 3765 3761 3796 ο

534 3846 925 3902 collocaturum
969 3852 1025 3900 et
1065 3843 1492 3916 glorificaturum
1523 3862 1543 3895 ι
1578 3845 1633 3900 id
1665 3844 1810 3915 quod
1852 3845 2105 3900 relictum

2206 3845 2303 3900 erit
2346 3859 2413 3899 ex
2463 3844 2664 3900 Israel?
2705 3866 2724 3900 ι
2759 3847 2888 3903 item
2954 3846 3410 3918 quemadmodum
3436 3864 3456 3897 ι
3500 3844 3554 3901 id
3624 3842 3766 3915 quod

532 3942 783 3997 relictum
816 3940 980 3996 fuerit
1017 3940 1074 3994 in
1102 3939 1254 4006 Sion,
1288 3940 1518 4010 etquod
1580 3940 1827 3995 relictum
1869 3939 2033 3995 fuerit
2085 3939 2142 3995 in
2188 3939 2512 4007 Jerusalem,
2557 3942 2732 3998 sancti
2798 3941 3160 4005 vocabuntur,
3211 3955 3402 3997 omnes
3433 3942 3527 4009 qui
3576 3935 3766 4008 scripti

532 4038 600 4094 ad
631 4038 837 4093 vitam?
869 4057 889 4088 ι
923 4052 1023 4109 pro
1051 4052 1118 4094 eo
1144 4045 1325 4092 autem
1355 4037 1501 4109 quod
1570 4037 1773 4093 dicitur
1800 4036 1943 4108 apud
1966 4034 2130 4100 LXX,
2178 4055 2197 4089 ι
2238 4038 2291 4091 in
2328 4038 2559 4092 consilio
2580 4052 2702 4092 cum
2762 4037 2934 4108 gloria
2963 4056 2978 4092 :
3018 4057 3038 4090 ι
3095 4035 3292 4106 Aquila
3316 4044 3371 4089 et
3400 4033 3762 4091 Theodotiou,

531 4131 676 4188 inter
708 4148 768 4189 se
795 4133 1213 4197 concordantes,
1250 4151 1271 4184 ι
1314 4132 1371 4188 in
1411 4135 1664 4189 virtutem
1699 4140 1753 4190 et
1782 4134 2030 4206 gloriam,
2066 4151 2086 4185 ο
2126 4133 2464 4204 interpretati
2530 4145 2660 4190 sunt
2707 4152 2720 4188 :
2757 4135 2837 4190 sic
2874 4136 3064 4205 utique
3105 4149 3226 4189 eam
3293 4132 3546 4188 virtutem
3575 4145 3700 4201 qua:
3728 4141 3761 4180 α

533 4229 645 4286 Deo
690 4230 952 4300 apostolis
986 4229 1113 4284 data
1154 4237 1262 4296 cst,
1292 4239 1346 4286 et
1374 4244 1537 4302 quam
1569 4238 1693 4301 post
1740 4233 1903 4287 talem
1962 4232 2215 4287 virtutem
2280 4233 2421 4303 apud
2485 4232 2653 4288 Deum
2721 4231 2960 4287 habituri
3007 4239 3185 4296 erant,
3243 4230 3471 4303 gloriam
3516 4227 3765 4284 indican-

533 4327 636 4382 tes,
658 4322 814 4389 juxta
842 4321 973 4376 illud
1004 4341 1017 4376 :
1055 4340 1075 4373 ι
1113 4321 1378 4379 Dominus
1425 4323 1574 4382 dabat
1602 4326 1831 4379 verbum
1872 4326 2373 4397 evangelizantibus
2401 4327 2600 4381 virtute
2629 4327 2799 4381 multa
2827 4324 2893 4379 δι.
2940 4343 2961 4378 ι

603 4409 888 4467 XXXVIII.
926 4411 1055 4469 Item
1095 4413 1238 4484 quod
1283 4430 1343 4469 re
1381 4415 1498 4486 ipsa
1528 4413 1731 4470 factum
1762 4423 1846 4472 est
1881 4434 1896 4471 :
1936 4433 1956 4468 ι
1993 4432 2094 4471 au-

2265 4418 2393 4473 AH'.
2425 4419 2535 4474 Kal.
2585 4416 2716 4471 αὐτὸ
2757 4415 3148 4487 γεγενημένον·
3203 4433 3223 4465 ι
3273 4415 3432 4485 Ἀκοῇ
3475 4412 3757 4467 ἀκούσετε.

532 4502 649 4558 ditu
673 4503 928 4567 audietis,
951 4512 1004 4560 et
1026 4521 1132 4559 non
1161 4506 1493 4576 intelligetis,
1516 4513 1571 4561 et
1598 4507 1923 4576 aspicientes
1946 4505 2092 4577 aspi-

531 4596 710 4660 cietis,
738 4605 792 4651 et
826 4610 936 4650 non
966 4595 1239 4652 videbitis.
1272 4596 1535 4653 Crassum
1573 4598 1721 4653 enim
1770 4600 1974 4654 factum
2010 4605 2094 4654 est

531 4704 628 4744 cor
650 4687 833 4761 populi
869 4687 1055 4757 hujus,
1099 4694 1155 4743 et
1179 4688 1408 4744 auribus
1438 4690 1676 4764 graviter
1702 4688 2012 4752 audierunt,
2038 4696 2093 4743 et

531 4781 721 4835 oculos
745 4794 875 4834 suos
897 4779 1232 4845 clauserunt,
1259 4795 1329 4835 ne
1353 4781 1570 4852 quando
1604 4780 1820 4836 videant
1843 4781 2018 4836 oculis
2039 4787 2094 4834 ct

538 4872 769 4928 auribus
799 4871 1041 4935 audiant,
1063 4878 1117 4927 et
1146 4879 1552 4936 convertantur,
1586 4883 1641 4927 et
1669 4888 1855 4927 sanem
1883 4887 1998 4928 eos.
2029 4870 2093 4926 Et

531 4964 648 5024 dixi
679 4985 693 5022 :
729 4979 1034 5035 quousque,
1065 4962 1408 5019 Domine?et
1435 4964 1574 5019 dixit
1612 4979 1631 5020 :
1662 4962 1841 5019 Donec
1874 4971 2094 5020 vasten-

525 5066 620 5113 tur
649 5056 920 5120 civitates,
970 5055 1125 5119 adeo,
1159 5063 1219 5110 ut
1249 5072 1358 5109 non
1402 5056 1737 5118 babitentur,
1772 5061 1827 5109 et
1870 5053 2088 5119 domus,

529 5150 685 5214 adeo,
724 5157 782 5205 ut
810 5165 918 5205 non
959 5150 1031 5205 sit
1079 5149 1244 5204 homo
1294 5168 1307 5204 :
1343 5157 1397 5202 et
1428 5156 1573 5205 terra
1607 5149 1947 5219 relinquetur
1996 5149 2097 5204 de-

528 5251 695 5298 serta.
736 5242 799 5296 Et
830 5249 952 5313 post
986 5242 1099 5298 haec
1127 5241 1398 5296 amovebit
1422 5242 1609 5312 procul
1629 5235 1783 5297 Deus
1816 5242 2088 5300 homines.

531 5341 585 5386 et
604 5334 1129 5405 multiplicabuntur,
1159 5334 1251 5405 qui
1284 5334 1461 5390 relicti
1489 5333 1690 5390 fuerint
1715 5334 1770 5388 in
1799 5342 1944 5388 terra
1964 5333 2030 5386 δ’.
2062 5356 2081 5385 ι

529 5424 826 5481 Considera
860 5429 1025 5499 igitur
1057 5428 1145 5483 hic
1191 5443 1428 5498 quoque,
1464 5442 1699 5497 quonam
1760 5426 1943 5487 modo,
1991 5424 2085 5495 qui

2198 4512 2291 4564 καὶ
2327 4510 2387 4564 οὐ
2426 4508 2499 4582 μὴ
2543 4510 2768 4580 συνῆτε·
2804 4511 2897 4564 καὶ
2945 4508 3230 4579 βλέποντες
3277 4506 3520 4579 βλέψετε,
3564 4505 3663 4559 καὶ⁸
3698 4499 3753 4554 οὐ

2200 4602 2274 4675 μὴ
2304 4602 2468 4672 ἴδητε.
2509 4600 2814 4673 Ἐπαχύνθη
2839 4602 2946 4672 γὰρ
2979 4602 3012 4673 ὴ
3047 4600 3242 4672 καρδία
3271 4599 3364 4653 τοῦ
3390 4599 3519 4653 λαοῦ
3542 4597 3753 4656 τούτου.

2197 4694 2430 4757 καὶτοῖς
2469 4692 2572 4745 ὠσὶ
2612 4692 2820 4765 βαρέως
2850 4693 3116 4763 ἥκουσαν,
3157 4691 3251 4746 καὶ
3286 4692 3413 4755 τοὺς
3448 4686 3751 4761 ὀφθαλμοὺς

2197 4781 2376 4835 αὐτῶν
2417 4781 2773 4852 ἐκάμμυσαν,
2847 4781 3053 4853 μήποτε
3098 4781 3249 4834 ἴδωσι
3282 4783 3394 4843 τοῖς
3433 4778 3745 4851 ὀφθαλμοῖς,

2198 4874 2292 4927 καὶ
2318 4875 2429 4936 τοῖς
2454 4872 2587 4926 ὠσὶν
2611 4872 2903 4933 ἀκούσωσι,
2937 4873 3029 4926 καὶ
3060 4872 3448 4944 ὲπιστρέψωσι,
3472 4871 3567 4925 καὶ
3592 4869 3749 4923 ἰάσω·

2201 4982 2297 5035 μαι
2320 4963 2536 5027 αὐτούς.
2558 4964 2668 5016 Καὶ
2692 4960 2850 5018 εἶπα·
2880 4964 3023 5028 Ἕως
3047 4964 3199 5027 πότε,
3230 4962 3432 5034 Κύριε;
3454 4963 3547 5017 καὶ
3580 4960 3745 5015 εἶπεν·

2198 5056 2342 5119 Ἕως
2373 5054 2441 5110 ἂν
2482 5054 2809 5128 ὲρημωθῶσι
2842 5057 3022 5121 πόλεις
3064 5056 3214 5129 παρὰ
3258 5056 3320 5110 τὸ
3366 5057 3439 5128 μὴ
3483 5050 3746 5109 κατοικεῖ·

2196 5147 2341 5210 σθαι,
2385 5152 2476 5201 καὶ
2502 5144 2667 5209 ο’κοι,
2704 5148 2851 5220 παρά
2888 5149 2948 5202 τὸ
2986 5150 3058 5220 μὴ
3092 5144 3232 5204 εἶναι
3264 5147 3614 5221 ἀνθρώπους·
3658 5141 3745 5196 καὶ

2194 5242 2227 5312 ἡ
2255 5240 2326 5310 γῆ
2358 5240 2847 5313 καταλειφθήσεται
2875 5241 3099 5312 ἕρημος.
3123 5243 3235 5296 Καὶ
3261 5248 3396 5313 μετλι
3429 5240 3601 5296 ταῦτα
3642 5249 3744 5308 μα·

2194 5334 2381 5403 κρυνεῖ
2415 5335 2444 5385 ὁ
2472 5331 2603 5396 Θεὸς
2630 5333 2756 5397 τοὺς
2790 5331 3129 5404 ἀνθρώπους,
3161 5334 3255 5386 καὶ
3290 5331 3749 5405 πληθυνθήσονται

2192 5421 2638 5491 καταλειφθέντες
2667 5422 2760 5476 ἐπὶ
2791 5423 2891 5496 τῆς
2916 5423 3039 5495 γῆς.
3075 5443 3094 5474 ι
3126 5423 3265 5494 Ὅρα
3300 5423 3364 5494 δὴ
3391 5422 3485 5476 καὶ
3522 5412 3746 5475 ἐνταῦθα

529 5514 701 5570 relicti
746 5517 855 5571 sint
888 5533 1080 5573 rursus
1114 5519 1168 5573 in
1200 5525 1367 5582 terra,
1402 5533 1527 5573 cum
1572 5516 1781 5587 reliqua
1826 5517 2083 5571 universa

2206 5514 2309 5568 ιίνα
2349 5516 2546 5588 τρόπον
2594 5517 2645 5571 οἱ
2690 5515 3138 5586 καταλειφθέντες
3172 5516 3334 5570 πάλιν
3364 5516 3458 5570 ἐπὶ
3498 5515 3596 5585 τῆς
3623 5508 3739 5578 γῆςη

632 5606 679 5640 ⁵⁸
706 5603 809 5661 Isa.
842 5622 913 5673 tv,
936 5592 1045 5664 2-5.
1120 5609 1167 5643 “
1192 5609 1336 5665 Psal.
1374 5624 1539 5674 LXVII,
1566 5608 1655 5663 I2.
1728 5606 1774 5642 δ’
1806 5606 1913 5664 Isa.
1937 5622 2013 5672 vr,
2038 5603 2191 5660 9-I2.

599 5694 675 5765 (Il
694 5695 889 5753 Deesse
903 5698 1105 5765 aliquid
1123 5708 1290 5767 patet,
1304 5710 1420 5757 tum
1433 5718 1498 5760 ex
1519 5700 1873 5770 ἀνακολουθὶᾳ
1886 5699 2171 5770 pbraseos,
2189 5706 2299 5753 tum
2316 5712 2380 5751 ex
2394 5697 2677 5753 collatione
2690 5695 2895 5753 Latinae
2909 5694 3395 5764 interpretationis.
3408 5690 3562 5750 Eon.
3580 5690 3722 5744 I'nlt
