4068 6206
258 227 371 283 137

1173 215 1826 282 DEMONSTRATIONIS
1854 214 2312 276 EVANGELICIE
2342 215 2471 271 LIB.
2512 214 2578 272 li.

3386 214 3488 276 £38

253 346 358 417 τῆς
384 343 577 415 λοιπῆς
612 342 827 417 ἀπάσης
852 345 1057 417 ἐρήμου
1092 341 1477 412 γενησομένης,
1513 336 1661 410 μόνοι
1691 336 1804 409 πλη

1928 334 2289 390 vastationem
2320 348 2550 403 passura
2577 331 2668 396 sit,
2699 331 2799 387 soli
2829 331 3085 387 dicantur
3113 333 3486 404 muttiplican-

249 437 618 508 θυνθήσεσθαι
649 437 912 508 λέγονται.
961 431 1082 489 Εἶεν
1115 435 1159 489 δ’
1202 434 1267 487 ἂν
1313 434 1405 485 καὶ
1449 426 1590 485 οὗτοι
1636 431 1684 484 ol
1725 429 1819 484 τοῦ

248 528 504 598 Σωτῆρος
554 527 714 597 ἡμῶν
778 525 1010 597 μαθηταὶ
1070 524 1131 589 ἐξ
1186 522 1450 595 Ἐϐραίων
1492 522 1571 584 είς
1616 520 1820 582 πάντας

244 617 572 689 ἀνθρώπους
602 618 969 690 προελθόντες,
996 617 1045 670 οἳ
1074 616 1167 670 καὶ
1193 614 1345 685 δίκην
1368 599 1682 687 σπέρματος
1718 628 1817 664 κα-

242 710 660 779 ταλειφθέντες,
711 709 972 779 πολύχουν
1018 710 1398 781 προσήνεγκαν
1447 707 1537 759 τὸν
1585 704 1817 776 καρπὸν,

240 801 348 865 τὰς
372 802 493 855 καθ’
515 801 644 873 ὅλης
664 802 761 871 τῆς
786 801 1109 871 οἰκουμένης
1122 799 1236 871 τῶν
1262 797 1433 853 ἐθνῶν
1469 797 1813 867 Ἐκκλησίας·

241 896 343 950 καὶ
367 895 467 948 θέα
499 911 581 962 γε,
612 894 686 957 ὡς
718 893 857 947 κατὰ
880 892 941 946 τὸ
968 893 1098 946 αὐτό
1132 909 1263 963 φησι
1293 890 1516 952 τούτους
1553 892 1651 961 μὲν
1684 890 1820 959 πλη-

241 985 607 1057 θυνθήσεσθαι
671 986 865 1055 μόνους
922 982 1377 1052 καταλειφθέντας
1442 981 1507 1034 ὲκ
1561 980 1659 1050 τῆς
1708 980 1817 1033 τῶν

253 1077 526 1132 Ἰουδαίων
582 1074 968 1139 ἀποπτὼσεως,
1017 1074 1257 1136 ἐκείνους
1312 1089 1376 1141 γε
1427 1072 1532 1143 μὴν
1584 1070 1817 1141 πάμπαν

238 1170 487 1242 ιρήμους
511 1167 745 1220 ἔσεσθαι·
784 1184 802 1219 ι
846 1165 911 1219 Ἦ
945 1166 1015 1236 γῆ
1045 1166 1151 1237 γὰρ
1168 1164 1367 1228 αὐτῶν,
1388 1164 1541 1234 φησὶ,
1572 1162 1818 1216 καταλει-

239 1262 514 1334 φθήσεται
550 1260 772 1333 ἒρημος.
820 1278 839 1311 ι
881 1258 1049 1312 Τοῦτο
1092 1259 1149 1312 δὲ
1180 1259 1273 1311 καὶ
1324 1257 1581 1328 ἀνωτέρω
1634 1257 1815 1320 αὐτοῖς

237 1357 463 1424 ἐλέγετο
494 1353 599 1407 ὑπὸ
622 1352 715 1407 τοῦ
748 1350 911 1407 αὑτοῦ
940 1353 1241 1424 προφήτου,
1281 1350 1419 1404 κατά
1445 1350 1524 1414 τὸ,
1574 1367 1590 1400 ι
1636 1348 1700 1402 Ἢ
1736 1349 1816 1420 γῆ

237 1448 405 1519 ὑμῶν
436 1447 655 1518 ἔρημος,
689 1447 743 1501 αἱ
776 1445 958 1507 πόλεις
988 1444 1141 1515 ὑμῶν
1167 1444 1525 1515 πυρίκαυστοι
1544 1458 1557 1471 ·
1587 1442 1684 1513 τὴν
1706 1439 1815 1512 χώ·-

240 1554 344 1607 ραν
396 1536 568 1607 ὑμῶν,
622 1534 848 1588 ἐνώπιον
899 1533 1053 1605 ὑμῶν
1111 1532 1381 1603 ἀλλότριοι
1440 1530 1815 1585 κατεσθίουσιν

238 1629 434 1698 αὑτήν.
489 1645 509 1678 ι
546 1628 681 1680 Πότε
715 1626 771 1679 δὲ
815 1627 909 1679 καὶ
951 1625 1123 1679 ταῦτα
1160 1622 1463 1695 ἐπληροῦτο
1500 1623 1532 1694 ἢ
1568 1622 1674 1675 ἀπὸ
1707 1621 1813 1674 τῶν

1924 427 2003 484 di.
2030 426 2202 480 Erunt
2227 434 2406 480 autem
2431 426 2509 490 bi,
2539 425 2640 495 ipsi
2675 422 2975 479 Salvatoris
3009 424 3182 481 nostri
3206 426 3483 497 discipuli,

1923 522 2016 593 qui
2045 522 2113 577 ab
2144 520 2404 585 Hebraeis,
2438 520 2506 575 ad
2542 535 2732 577 omnes
2764 520 3010 575 homines
3044 519 3296 589 profecti,
3325 530 3490 593 atque

1921 616 2096 669 instar
2124 614 2347 669 seminis
2371 612 2570 677 relicti,
2599 613 2823 668 uberem
2858 612 2965 682 70
2982 610 3217 665 fructum
3248 616 3488 681 protule—

1920 714 2069 770 runt,
2091 705 2238 775 ipsas
2266 705 2504 774 gentium
2524 704 2578 758 in
2604 710 2717 758 toto
2736 704 2865 759 orbe
2882 712 3148 758 terrarum
3172 702 3443 760 Ecclesias
3468 724 3483 759 :

1918 807 1974 853 et
2002 797 2211 865 inspice
2234 812 2386 860 sane,
2416 795 2875 866 quemadmodum
2903 797 3090 851 eodem
3123 801 3366 865 tempore
3386 796 3487 851 hos

1919 890 2066 945 solos
2088 888 2399 943 Judzeorum
2422 888 2596 943 ruina:
2621 889 2947 958 superstites
2972 887 3386 957 multiplicatum
3419 887 3486 941 iri

1919 980 2169 1043 aflirmat,
2220 980 2343 1033 illos
2381 989 2560 1033 autem
2616 978 2967 1034 solitudinem
3012 978 3253 1048 penitus,
3307 985 3487 1032 vasta-

1918 1075 2230 1143 tionemque
2268 1087 2547 1143 passuros.
2586 1090 2605 1123 ι
2658 1070 2826 1128 Terra
2857 1072 3023 1135 enim,
3070 1071 3265 1142 inquit,
3294 1087 3484 1127 eorum

1918 1168 2257 1237 relinquetur
2293 1167 2529 1222 deserta.
2571 1186 2589 1218 ι
2629 1164 2798 1220 Porro
2851 1166 2954 1221 hoc
3003 1166 3183 1235 ipsum
3230 1163 3484 1234 superius

1916 1273 2133 1329 quoque
2166 1258 2371 1313 dictum
2408 1267 2512 1324 est,
2538 1259 2607 1313 ab
2638 1258 2826 1314 eodem
2864 1258 3127 1329 propheta
3151 1257 3218 1311 ad
3241 1256 3482 1319 eosdem,

1919 1350 2011 1403 illo
2047 1349 2169 1404 loco
2222 1367 2234 1403 :
2276 1366 2295 1399 ι
2337 1358 2483 1405 terra
2530 1358 2714 1405 vestra
2747 1349 2985 1415 deserta,
3015 1349 3266 1403 civitates
3291 1356 3485 1403 vestra;

1917 1456 2194 1498 succensae
2251 1443 2360 1513 igni
2413 1462 2426 1497 :
2487 1444 2761 1514 regionem
2805 1451 3066 1506 vestram,
3100 1441 3156 1494 in
3185 1450 3482 1510 conspectu

1915 1542 2099 1589 vestro
2153 1535 2312 1588 alieni
2367 1536 2628 1589 devorant
2676 1536 2739 1587 ⁸³.
2797 1556 2815 1586 ι
2866 1533 3096 1601 Quando
3145 1539 3325 1586 autem
3369 1532 3484 1587 haec

1916 1627 2134 1683 tandem
2170 1628 2439 1698 completa
2470 1634 2619 1692 sunt,
2652 1630 2696 1683 si
2725 1643 2832 1683 non
2883 1638 3005 1698 post
3040 1624 3341 1680 Salvatoris
3375 1641 3478 1679 no-

237 1722 449 1792 χρόνων
476 1720 569 1772 τοῦ
600 1720 843 1789 Σωτῆρος
872 1718 1060 1790 ἡμῶνς
1091 1719 1195 1782 ἕως
1226 1717 1323 1788 μὲν
1346 1716 1454 1788 γὰρ
1475 1715 1686 1768 οὐδέπω
1714 1714 1804 1778 τὰς

1916 1718 2018 1772 stri
2045 1719 2330 1788 tempora?
2383 1720 2686 1789 Antequam
2730 1719 2876 1774 enim
2921 1729 3111 1774 contra
3166 1718 3315 1772 illum
3370 1725 3477 1771 tam

238 1812 361 1866 κατ’
411 1811 575 1864 αὐτοῦ
620 1810 1020 1881 τετολμήκεσαν
1065 1810 1401 1873 δυσσεϐείας,
1437 1811 1536 1863 οὐκ
1570 1799 1697 1880 ἧνὴ
1742 1808 1812 1878 γῆ

220 1904 419 1958 αὐτῶν
453 1904 675 1975 ἕρημος,
709 1903 827 1956 οὐδὲ
862 1904 916 1957 al
957 1903 1136 1966 πόλεις
1169 1904 1545 1974 πυρίκαυστοι,
1569 1902 1687 1955 οὐδὲ
1716 1901 1813 1972 τὴν

238 1995 426 2066 χώραν
464 1993 641 2047 αὐτῶν
673 1992 936 2062 ἀλλότριοι
969 1992 1290 2063 κατήσθιον’
1335 1993 1441 2045 ἀπὸ
1483 1992 1538 2044 δὲ
1582 1992 1682 2061 τῆς
1728 1993 1813 2044 ὲν-

238 2089 366 2142 θέου
407 2087 587 2159 φωνῆς
620 2087 854 2157 ἐκείνης,
888 2087 952 2139 δι’
978 2082 1043 2158 ἧς
1070 2086 1130 2139 τὺ
1165 2086 1355 2157 μέλλον
1382 2087 1563 2149 αὐτοῖς
1597 2084 1811 2137 ἔσεσθαι

238 2179 636 2252 προυθέσπισεν
676 2180 835 2242 αὐτὸς
872 2179 900 2231 ὁ
936 2178 1124 2249 Σωτὴρ
1155 2178 1248 2230 xal
1282 2162 1485 2247 Κύριος
1526 2174 1701 2247 ἡμῶν,
1737 2177 1811 2228 εἰ·

238 2273 382 2336 πὼν,
412 2291 429 2321 ι
475 2271 716 2341 Ἀφίεται
743 2272 770 2324 ὁ
796 2266 940 2333 οἶκος
971 2268 1195 2340 ἔρημος,
1234 2288 1251 2319 ι
1291 2267 1350 2332 ἐξ
1379 2267 1587 2321 ἐκείνου
1627 2267 1721 2321 καὶ
1747 2266 1809 2320 οὐ

242 2366 362 2436 μετ’
396 2365 455 2418 οὐ
499 2363 630 2416 πολὺ
675 2363 775 2432 τῆς
812 2362 1187 2432 προρρήσεως,
1223 2358 1666 2429 πολιορκηθέντες
1705 2357 1810 2410 ὑπὸ

247 2457 555 2528 Ῥωμαίων,
606 2458 686 2520 είς
730 2455 933 2525 ἔρημον
975 2452 1336 2524 κατέστησαν.
1382 2451 1490 2504 Kal
1529 2444 1588 2503 τό
1621 2468 1683 2519 γε
1720 2452 1808 2504 al-

236 2568 355 2605 τιον
410 2550 509 2621 τῆς
548 2547 880 2620 ἐρημώσεως
918 2546 1093 2599 αὐτῶν
1137 2538 1471 2616 προφητικδς
1512 2545 1666 2614 λόγος
1706 2547 1810 2598 ἀπ-

238 2643 472 2712 ελέγχει,
512 2637 795 2712 μονονουχὶ
834 2638 1017 2707 σαφῶς
1045 2636 1432 2708 διερμηνεύων,
1468 2638 1559 2690 καὶ
1598 2638 1695 2709 τὴν
1724 2637 1807 2692 al-

236 2735 358 2789 τίαν
388 2737 485 2804 τῆς
512 2731 881 2794 ἀποπτῶσεως
911 2727 1087 2782 αὐτῶν
1123 2730 1407 2801 παριστὰς.
1453 2729 1667 2799 Ἐπειδὴ
1700 2730 1805 2801 γὰρ

236 2823 330 2877 τοῦ
355 2823 598 2894 Σωτῆρος
620 2822 779 2893 ἡμῶν
804 2820 1140 2883 διδάσκοντος
1160 2823 1218 2873 ὲν
1242 2822 1421 2884 αὐτοῖς
1452 2821 1800 2886 ἀκούσαντες,

233 2914 338 2968 ὠσὶ
363 2914 598 2977 διανοίας
630 2914 730 2968 οὐκ
771 2913 1028 2983 ἥκουσαν,
1071 2912 1191 2964 οὐδὲ
1242 2911 1482 2980 συνῆκαν
1520 2913 1666 2975 ὅστις
1700 2908 1799 2982 ἦν·

240 3006 441 3069 ῑδὸντες
468 3005 525 3057 δὲ
549 3004 706 3058 αὑτὸν
726 3003 927 3074 σαρκδς
958 3002 1275 3073 ὀφθαλμοῖς,
1310 3006 1420 3066 τοῖς
1444 3003 1518 3073 (1)
1544 3002 1801 3075 ψυχῆς-οὐ

236 3096 547 3159 τεθέανται,
580 3096 847 3165 ὲπάχυνάν
869 3112 927 3148 τε
961 3096 1166 3149 ἑαυτῶν
1197 3094 1293 3165 τὴν
1318 3095 1563 3167 καρδίαν,
1585 3096 1678 3148 καὶ
1708 3113 1801 3165 μο-
1828 3118 1869 3177 C

232 3189 453 3257 νονουχὶ
497 3188 621 3250 τοὺς
662 3187 965 3258 ὀφθαλμοὺς
1007 3189 1105 3259 τῆς
1155 3188 1393 3251 διανοίας
1442 3188 1668 3259 ἕμυσαν,
1708 3190 1801 3241 καὶ

230 3280 307 3335 τὰ
348 3275 460 3333 ὦτα
500 3280 779 3351 ἐϐάρυναν,
817 3280 891 3345 ὥς
932 3296 1095 3351 φησιν
1145 3282 1176 3351 ἠ
1223 3280 1525 3351 προφητεία
1550 3320 1563 3345 ,
1610 3282 1799 3334 τούτου

226 3370 399 3448 χάριν
424 3372 870 3443 ὲρημωθήσεσθαι
904 3371 1082 3424 αὐτῶν
1113 3390 1244 3441 φησι
1281 3372 1379 3436 τὰς
1418 3373 1618 3436 πόλεις,
1652 3373 1802 3444 παρὰ

223 3463 289 3516 τὸ
322 3461 397 3533 μὴ
427 3461 814 3523 κατοικεῖσθαι,
847 3462 942 3515 καὶ
968 3461 1065 3532 τὴν
1091 3462 1194 3531 γῆν
1221 3461 1541 3533 γενήσεσθαι
1571 3462 1796 3533 ἔρημον,

223 3555 451 3627 βραχεῖς
482 3554 538 3607 δέ
586 3570 733 3617 τινας
768 3553 827 3617 ἐξ
871 3553 1049 3606 αὐτῶν
1085 3553 1591 3624 ὑπολειφθήσεσθαι,
1644 3552 1800 3625 δίκην

222 3647 449 3717 γονίμου
482 3646 573 3699 καὶ
602 3638 856 3716 ζωπύρου
888 3644 1201 3715 σπέρματος
1233 3646 1706 3717 πεφυλαγμένους·
1748 3645 1798 3699 οἳ

224 3739 319 3792 καὶ
358 3739 441 3801 είς
474 3738 683 3800 πάντας
724 3736 1075 3807 προελθόντες
1114 3735 1454 3808 ἀνθρώπους,
1488 3737 1795 3810 πληθυνθῆ-

227 3828 413 3881 σεσθαι
453 3828 546 3880 ἐπὶ
577 3828 675 3897 τῆς
717 3828 819 3897 γῆς
868 3826 1134 3894 λέγονται.
1181 3826 1325 3899 Πλὴν
1356 3826 1492 3881 ἀλλὰ
1531 3829 1624 3881 καὶ
1662 3828 1797 3899 μετὰ

226 3922 317 3991 τὴν
357 3919 586 3991 πρόοδον
626 3918 831 3971 τούτων
872 3919 1066 3984 αὐτῶν,
1109 3919 1308 3991 δηλαδὴ
1349 3921 1458 3974 τῶν
1485 3920 1795 3974 ἀποστόλων

224 4014 314 4067 τοῦ
355 4014 613 4084 Σωτῆρος
644 4012 821 4083 ἡμῶν,
857 4013 937 4066 ὅτι
970 4013 1132 4085 φησὶν
1180 4014 1264 4066 ἐπ’
1306 4014 1475 4084 αὐτῆς
1520 4016 1618 4086 τῆς
1669 4015 1798 4068 Ἰου-

221 4106 372 4169 δαίας
400 4103 583 4176 χώρας
612 4103 882 4173 διαμεῖναι
908 4101 967 4155 τὸ
988 4101 1323 4167 ἐπιδέκατον,
1348 4105 1441 4157 καὶ
1465 4104 1601 4174 μετὰ
1623 4104 1795 4158 ταῦτα

221 4193 373 4259 αὖθις
425 4195 639 4249 ἔσεσθαι
670 4196 864 4259 αὐτοὺς
909 4196 987 4259 είς
1033 4196 1307 4266 προνομὴν
1352 4197 1426 4261 ὼς
1463 4198 1792 4271 τερέϐινθος,

221 4288 313 4341 καὶ
339 4287 419 4350 ὼς
457 4286 682 4356 βάλανος
720 4287 847 4339 ὅταν
882 4287 1087 4357 ἐκπέσῃ
1117 4287 1216 4357 τῆς
1246 4286 1419 4357 θήκης
1451 4289 1638 4357 αὐτῆς.
1686 4291 1793 4342 ﬂa-

220 4382 438 4451 ρίστησι
478 4380 556 4443 δὲ,
594 4380 670 4442 ὡς
709 4374 878 4449 οἶμαι,
914 4377 1002 4432 διὰ
1036 4377 1240 4431 τούτων
1270 4380 1299 4430 ὁ
1325 4374 1498 4448 λόγος,
1540 4382 1619 4434 ὅτι
1657 4383 1795 4452 μετὰ

1916 1812 2082 1881 impia
2119 1811 2355 1867 facinora
2395 1812 2512 1867 ausi
2545 1820 2751 1876 essent,
2780 1828 3057 1882 nunquam
3088 1811 3263 1866 fuerat
3288 1824 3478 1866 eorum

1914 1912 2059 1960 terra
2083 1904 2297 1959 deserta
2325 1923 2338 1960 :
2370 1920 2548 1974 neque
2579 1905 2828 1959 civitates
2857 1920 3045 1959 eorum
3070 1904 3309 1958 incensae
3342 1903 3475 1974 igni,

1912 2014 2089 2068 neque
2120 1998 2392 2068 regionem
2414 2013 2600 2052 eorum
2630 1997 2790 2051 alieni
2819 1995 3233 2050 devoraverant.
3260 1994 3339 2049 Ex
3367 2010 3476 2065 quo

1912 2095 2090 2143 autem
2122 2087 2361 2141 divinam
2390 2088 2536 2140 illam
2565 2100 2750 2140 vocem
2780 2086 2894 2155 ipse
2916 2084 3166 2139 Salvator
3197 2093 3251 2139 et
3295 2085 3476 2140 Domi—

1911 2195 2016 2235 nus
2063 2187 2249 2234 noster
2291 2179 2495 2242 emisit,
2550 2192 2657 2249 qua
2701 2177 2830 2240 illis,
2878 2178 3024 2247 quod
3058 2177 3301 2232 futurum
3334 2185 3474 2241 erat,

1911 2270 2190 2333 indicavit,
2225 2272 2305 2327 sic
2361 2272 2572 2332 dicens,
2606 2288 2624 2320 ι
2660 2269 3025 2339 Relinquetur
3062 2270 3257 2325 domus
3293 2277 3475 2324 vestra

1909 2362 2123 2417 deserta
2149 2362 2217 2427 “,
2254 2382 2271 2413 ι
2306 2377 2370 2415 ex
2398 2363 2515 2426 illo,
2552 2361 2799 2431 inquam,
2831 2377 3009 2431 neque
3047 2361 3121 2415 ita
3155 2362 3326 2416 multo
3354 2371 3478 2431 post

1907 2455 2070 2510 talem
2104 2456 2535 2525 prtedictionem,
2574 2455 2651 2508 illi
2680 2455 2964 2511 obsidione
3007 2456 3182 2525 pressi
3221 2469 3249 2508 a
3283 2455 3479 2510 Roma-

1907 2547 2015 2609 nis,
2066 2547 2122 2600 in
2183 2546 2534 2602 solitudinem
2587 2561 2650 2599 ac
2704 2547 3012 2601 vastitatem
3063 2546 3270 2601 redacti
3322 2555 3473 2602 sunt.

1906 2635 2140 2691 Causam
2167 2638 2329 2693 etiam
2362 2637 2687 2693 vastationis
2733 2652 2920 2692 eorum
2967 2652 3147 2693 sermo
3192 2638 3473 2708 propheti-

1906 2742 2005 2783 cus
2033 2728 2348 2797 exprobrat,
2387 2726 2480 2781 ubi
2511 2733 2697 2795 aperte
2724 2725 3114 2797 pr0pemodum
3150 2727 3475 2796 interpreta-

1905 2828 2018 2882 tur,
2046 2828 2102 2874 et
2142 2818 2489 2873 manifestum
2520 2818 2792 2887 proponit,
2817 2818 3077 2887 quidnam
3116 2816 3281 2873 fuerit
3316 2816 3473 2886 illud,

1904 2909 2049 2979 quod
2073 2908 2180 2961 illis
2208 2907 2422 2961 ruinam
2461 2908 2726 2962 attulerit.
2757 2906 3053 2977 Postquam
3098 2907 3246 2963 enim
3287 2906 3474 2962 Salva-

1904 3010 2077 3055 torem
2132 3004 2380 3054 nostrum
2413 3004 2553 3069 apud
2597 3001 2745 3071 ipsos
2781 3001 3069 3055 docentem
3108 3001 3212 3072 ipsi
3246 3002 3474 3057 audient

1905 3101 2007 3154 tes,
2038 3093 2261 3147 auribus
2296 3092 2495 3146 mentis
2541 3108 2648 3147 non
2691 3093 3003 3156 audierunt,
3052 3106 3229 3163 neque
3257 3094 3474 3151 intelle-

1907 3192 2102 3239 xerunt
2133 3185 2383 3254 quisnam
2419 3192 2586 3251 esset,
2618 3195 2674 3239 et
2698 3186 2849 3239 illum
2872 3185 3047 3241 oculis
3076 3189 3322 3255 corporis
3348 3201 3469 3241 cer-

1902 3286 2119 3339 nentes,
2145 3278 2310 3332 animi
2332 3278 2510 3334 oculis
2539 3293 2645 3331 non
2666 3286 3084 3349 perspexerunt,
3115 3292 3473 3346 crassumque

1903 3385 2062 3424 suum
2124 3370 2368 3440 ipsorum
2425 3385 2522 3426 cor
2573 3369 2949 3435 reddiderunt,
3000 3376 3054 3425 et
3102 3384 3240 3441 pene
3279 3372 3469 3424 oculos

1903 3464 2102 3517 mentis
2125 3464 2465 3527 clauserunt,
2495 3472 2658 3533 atque
2704 3474 2865 3518 aures
2894 3470 3282 3535 gravavernnt,
3306 3469 3367 3518 ut
3394 3462 3471 3516 ait

1911 3555 2216 3625 prophetia.
2255 3552 2393 3607 Tum
2425 3561 2647 3624 pr0pter
2666 3554 2805 3607 hanc
2829 3568 3078 3619 causam,
3108 3554 3359 3610 civitates
3382 3569 3471 3609 eo-

1901 3661 2021 3699 rum
2061 3646 2195 3700 dicit
2217 3661 2339 3701 esse
2378 3645 2692 3708 vastandas,
2727 3645 2865 3700 adeo
2898 3652 2959 3699 ut
2994 3660 3106 3699 non
3133 3645 3467 3706 habitentur,

1901 3754 1964 3795 ac
1992 3749 2191 3795 terram
2223 3754 2412 3794 eorum
2440 3737 2555 3793 fore
2577 3738 2868 3801 desertam,
2909 3751 3118 3807 paucos
3142 3751 3271 3791 vero
3300 3750 3468 3805 quos-

1900 3832 2024 3886 dam
2078 3848 2145 3887 ex
2182 3831 2289 3886 illis
2348 3828 2749 3900 superfuturos,
2786 3829 2878 3901 Qui
2918 3828 3009 3883 ubi
3048 3828 3222 3883 instar
3249 3826 3466 3881 fecundi

1903 3940 1966 3979 ac
1996 3924 2103 3979 vivi
2134 3924 2358 3980 seminis
2405 3923 2714 3978 conservati
2758 3920 2980 3985 fuerint,
3018 3919 3087 3974 ad
3131 3935 3321 3974 omnes
3369 3920 3466 3972 lio-

1898 4018 2073 4072 mines
2101 4024 2475 4088 penetrantes,
2501 4013 2901 4085 multiplicandi
2945 3999 3070 4069 esse
3116 4012 3171 4065 in
3202 4019 3347 4066 terra
3382 4013 3465 4065 die

1897 4116 2117 4163 cuntur.
2166 4106 2550 4164 Verumtamen
2597 4115 2720 4179 post
2762 4107 2957 4161 borum
3009 4105 3252 4175 ipsorum
3286 4104 3464 4174 profe-

1897 4203 2158 4263 ctionem,
2200 4201 2571 4270 apostolorum
2623 4199 2876 4254 videlicet
2907 4196 3211 4252 Salvatoris
3267 4198 3461 4259 nostri,

1898 4290 2076 4344 adhuc
2106 4291 2181 4345 ait
2216 4292 2272 4344 in
2304 4292 2421 4361 ipsa
2448 4292 2672 4361 regione
2700 4288 3009 4344 Judzeorum
3038 4287 3304 4343 decimam
3343 4303 3464 4358 para

1897 4387 2004 4435 tem
2037 4396 2371 4448 mansuram,
2399 4397 2462 4436 ac
2500 4383 2757 4450 deinceps
2788 4397 2984 4437 rursus
3016 4381 3231 4436 futuros
3268 4395 3363 4436 eos
3405 4381 3459 4434 in

216 4475 315 4542 τὴν
351 4470 573 4542 πρώτην
616 4471 951 4541 πολιορκίαν,
979 4471 1048 4542 ἢν
1085 4470 1222 4523 κατὰ
1264 4472 1391 4533 τοὺς
1420 4472 1527 4524 τῶν
1566 4474 1793 4527 ἀποστό-

1906 4472 2278 4542 lireptionem,
2312 4474 2471 4543 quasi
2502 4473 2894 4538 terebinthnm,
2927 4480 2981 4528 et
3012 4474 3172 4544 quasi
3207 4473 3459 4544 glandem

214 4560 322 4614 λων
356 4560 598 4630 χρόνους,
624 4560 878 4613 καὶκατὰ
923 4559 1210 4629 Ῥωμαίων
1244 4561 1616 4635 αὐτοκράτορα
1648 4565 1783 4617 Οὐε-

218 4652 518 4703 σπασιανὸν
546 4650 877 4722 ἱστοροῦνται
906 4652 1251 4716 πεπονθέναι,
1284 4649 1437 4717 αὖθις
1458 4656 1549 4707 ἐπὶ
1584 4655 1787 4727 ’Δδρια-

1894 4578 1996 4617 suo
2022 4564 2198 4632 spolio
2222 4574 2461 4618 exutam.
2498 4564 2844 4620 Demonstrat
2884 4572 3089 4629 autem,
3113 4572 3173 4618 ut
3197 4564 3455 4627 arbitror,

1892 4654 1978 4709 his
2007 4655 2187 4710 verbis
2232 4658 2537 4722 oraculum,
2593 4664 2719 4729 post
2761 4658 2991 4729 primam
3032 4657 3180 4711 illam
3212 4656 3455 4710 obsidio-

211 4742 307 4796 νοῦ
332 4743 583 4814 δεύτερον
610 4742 1055 4815 πολιορκηθέντες
1084 4745 1359 4809 παντελῶς
1383 4746 1674 4818 εἴρχθησαν
1688 4749 1785 4802 τοῦ

1906 4765 2036 4814 tem,
2082 4765 2245 4819 quam
2294 4750 2663 4821 apostolorum
2708 4749 3070 4822 temporibus,
3104 4748 3209 4805 sub
3250 4746 3448 4815 Vespa-

209 4835 402 4897 τόπου,
423 4832 501 4897 ὡς
528 4833 657 4904 μηδὲ
682 4834 774 4886 τοῦ
800 4833 1024 4903 ἐδάφους
1053 4836 1150 4906 τῆς
1192 4838 1546 4909 Ἰερουσαλὴμ
1571 4839 1778 4894 ὲπιὸαίυ

212 4940 327 4977 ντιν
354 4922 760 4994 ἐπιτρέπεσθαι.
804 4922 972 4976 Τοῦτο
1002 4924 1043 4977 δ’
1081 4921 1171 4979 οὖν
1211 4927 1579 4997 αἱνιττόμενός
1621 4944 1774 4999 φησιο

216 5033 234 5064 ι
274 5014 390 5067 Kal
415 5014 577 5067 πάλιν
598 5013 747 5067 ἔσται
789 5019 867 5080 είς
893 5016 1189 5087 προνομὴν,
1213 5018 1287 5081 ὡς
1321 5018 1649 5088 τερέϐινθος,
1686 5021 1778 5076 xal

210 5106 463 5175 βάλανος,
496 5107 623 5160 ὅταν
659 5108 864 5182 ἐκπέσῃ
898 5111 961 5162 ἐκ
985 5110 1084 5179 τῆς
1114 5110 1285 5180 θήκης
1331 5111 1499 5181 αὐτῆς

1889 4844 2042 4897 siano
2080 4841 2448 4897 Romanorum
2492 4844 2822 4914 imperatore
2859 4843 3103 4913 perpessi
3140 4849 3451 4902 narrantur,

1889 4948 2084 4990 rursus
2126 4936 2229 4990 sub
2271 4935 2511 4990 Adriano
2546 4937 2717 4990 altera
2746 4934 2847 5005 71
2884 4933 3168 4989 obsidione
3200 4930 3449 4995 amictos,

1886 5024 1953 5079 de
1988 5026 2105 5081 loco
2136 5027 2230 5080 illo
2258 5027 2474 5096 penitus
2510 5030 2777 5083 arcendos
2810 5028 2947 5089 fore,
2984 5023 3116 5079 adeo
3150 5033 3209 5077 ut
3239 5040 3307 5077 ne
3334 5024 3451 5076 solo

1886 5119 2106 5205 quidem
2131 5121 2283 5178 urbis
2306 5121 2643 5179 Hierusalem
2680 5122 2937 5177 insistere
2971 5119 3080 5175 illis
3117 5120 3187 5173 sit
3226 5118 3449 5188 permit—

210 5201 457 5255 tendum.
494 5199 605 5257 Hoc
628 5202 792 5273 igitur
820 5205 1073 5266 inuuens,
1108 5205 1188 5259 sic
1221 5205 1295 5258 ait
1330 5224 1343 5258 ε
1406 5224 1423 5255 ι
1473 5206 1535 5259 Ει
1574 5208 1772 5263 lterum
1806 5215 1909 5267 erit
1948 5216 2017 5269 in
2054 5199 2434 5286 direptionem,
2493 5227 2554 5271 ut
2587 5217 2948 5281 terebinthus,
2981 5220 3036 5285 et
3061 5213 3205 5268 sicut
3268 5212 3446 5282 glans,

208 5312 332 5350 cum
362 5296 568 5350 excidit
596 5298 663 5352 de
688 5300 861 5368 spolio
888 5300 1071 5354 suo“.
1118 5320 1136 5351 ι

276 5385 404 5441 ΛΘ.
452 5406 471 5437 ι
514 5389 624 5442 Kal
653 5389 803 5444 ἔσται
831 5392 887 5444 ὲν
918 5395 981 5463 τῇ
1014 5391 1196 5465 ἡμέρᾳ
1224 5394 1422 5467 ἐκείνη
1457 5392 1652 5467 Θρὲψει
1683 5396 1779 5450 ἇν-

206 5475 424 5547 θρωπος
448 5478 675 5548 δάμαλιν
708 5480 864 5551 βοῶν,
904 5484 997 5538 καὶ
1033 5479 1125 5538 δύο
1167 5486 1441 5557 πρόϐατα’
1489 5489 1580 5541 καὶ
1614 5489 1771 5543 ἔσται

274 5589 324 5620 ⁸³
352 5587 455 5644 lsa.
488 5604 528 5653 ι,
562 5588 611 5644 7.
690 5592 735 5623 ⁸⁸
762 5592 949 5648 Matth.
981 5611 1137 5659 χχιιι,
1162 5598 1248 5653 58.
1328 5598 1371 5629 ⁸³
1409 5595 1509 5656 lsa.
1541 5614 1615 5667 vr,
1653 5599 1764 5671 l3.j

275 5673 353 5745 (Ι)
394 5675 744 5735 Desideratur
763 5683 881 5753 τῆς.
913 5683 1070 5738 Eon.
1105 5684 1278 5740 ΡΑτιι.

399 5778 670 5838 Pauor.
705 5778 821 5838 Gn.
861 5779 1062 5841 ΧΧΗ.

1957 5386 2197 5454 XXXIX.
2233 5417 2250 5448 ι
2282 5398 2347 5454 Ει
2377 5401 2484 5456 erit
2512 5400 2564 5455 in
2610 5400 2697 5456 die
2724 5401 2813 5455 illa
2848 5384 3109 5454 aNutriet
3160 5396 3321 5453 homo
3351 5398 3443 5468 ju-

1879 5505 2102 5549 vencam
2136 5496 2317 5561 boum,
2340 5503 2394 5569 et
2421 5496 2558 5551 duas
2590 5508 2738 5559 oves,
2756 5500 2809 5549 et
2829 5493 2933 5549 erit
2959 5508 3029 5550 ex
3053 5508 3119 5548 eo
3147 5491 3291 5563 quod
3323 5494 3445 5565 pluo
