3974 6208
1185 316 1453 372 EUSEBII
1479 314 1969 371 ’C/ESABIENSIS
2009 316 2158 371 OPP.
2197 317 2379 372 PARS
2410 318 2473 374 ll.
2513 350 2579 360 —-
2614 319 3118 378 APGLOGETICA.

3684 325 3778 380 MO

562 435 759 486 rimum
787 433 948 486 faciet
978 433 1060 486 lac
1095 449 1105 484 :
1140 431 1387 487 comedet
1425 431 1699 501 butyrum,
1739 438 1794 483 et
1837 434 1941 483 mel
1967 443 2111 482 com-

2219 430 2326 482 ἀπὸ
2366 432 2459 482 τοῦ
2506 432 2754 483 πλεῖστον
2797 435 2969 484 ποιεῖν
3016 431 3175 499 γάλα,
3232 433 3458 501 φάγεται
3507 431 3780 505 βούτυρον.

561 521 684 578 edet
713 524 1021 593 quicunque
1068 519 1289 576 relictus
1318 519 1478 575 fuerit
1517 521 1571 575 in
1615 528 1757 574 terra
1779 519 1845 574 ⁸⁸.
1880 539 1898 570 ›
1943 518 2041 573 Hic
2072 519 2118 572 si

563 613 707 668 illam
733 613 873 666 diem
893 625 1052 680 quam
1083 609 1343 680 propheta
1373 611 1637 681 signiﬁcat
1658 611 1957 680 quaesieris,
1983 618 2120 665 tem-

563 721 664 776 pus
691 705 956 758 adventus
987 701 1294 759 .Salvatoris
1342 705 1516 758 nostri
1548 704 1810 759 invenies.
1840 705 1941 759 Ubi
1972 705 2118 760 enim

561 798 695 852 dixit
713 796 980 866 propheta
1007 814 1019 850 :
1050 815 1069 848 ι
1097 795 1242 852 Ecce
1274 797 1425 867 virgo
1463 797 1518 850 in
1545 805 1699 852 utero
1746 797 2034 866 concipiet,
2065 806 2119 852 et

560 889 732 959 pariet
762 886 928 941 lilium
953 905 967 940 :
1004 907 1022 939 ι
1047 887 1286 958 plurima
1317 887 1684 956 interponens,
1699 888 1904 942 divinat
1936 889 2003 944 de
2027 888 2116 953 iis,

557 996 686 1052 quae.
696 995 790 1050 per
811 979 1052 1036 eamdem
1073 979 1234 1046 diem,
1253 980 1354 1034 hoc
1373 987 1476 1046 est,
1506 979 1800 1035 Salvatoris
1825 982 2000 1036 nostri
2024 981 2120 1035 ad-

557 1081 752 1129 ventus
779 1078 1045 1140 tempore,
1081 1069 1263 1125 futura
1291 1078 1438 1128 sunt.
1481 1070 1721 1127 Virtutes
1751 1074 1895 1127 enim
1929 1073 2119 1128 invisi-

557 1163 714 1228 biles,
741 1171 794 1218 et
817 1161 1080 1233 quosdam
1131 1162 1399 1225 inimicos,
1451 1172 1614 1233 atque
1661 1166 1866 1229 hostes,
1899 1180 2117 1220 muscas

556 1262 611 1310 et
651 1268 780 1326 apes
818 1254 1087 1325 allegoriae
1137 1254 1347 1324 legibus
1391 1257 1713 1320 nominans,
1770 1258 2115 1328 ingressuros

555 1361 678 1403 esse
723 1354 926 1401 terram
953 1345 1260 1400 Iudaeorum
1299 1345 1455 1414 dicit,
1503 1355 1664 1417 atque
1695 1347 1768 1402 ita
1802 1346 2111 1411 Dominum,

557 1434 794 1490 hostium
827 1439 1071 1505 ipsorum
1112 1436 1399 1497 novacula.
1430 1443 1686 1506 tanq-iam
1717 1436 1896 1507 magni
1927 1437 2118 1506 cujus-

555 1525 680 1580 dam
709 1526 978 1596 corporis,
1009 1525 1180 1596 ipsius
1205 1524 1444 1580 Judaicae
1473 1525 1648 1595 gentis
1681 1534 1867 1594 caput,
1902 1533 1956 1578 et
1977 1526 2115 1594 pilos

556 1617 778 1688 pedum,
809 1624 863 1670 et
895 1615 1142 1679 barbam,
1194 1622 1248 1669 et
1277 1613 1513 1682 denique
1547 1627 1707 1666 omne
1735 1619 2112 1666 ornamentum

555 1722 744 1764 eorum
799 1707 1142 1762 abrasurum.
1179 1704 1317 1760 Cum
1365 1720 1496 1758 vero
1539 1704 1654 1758 haec
1686 1703 1742 1758 in
1786 1703 1877 1757 illa
1907 1704 2014 1768 die,
2047 1703 2114 1758 de

2219 519 2312 572 καὶ
2341 519 2459 588 μέλι
2495 521 2723 588 φάγεται
2758 522 2866 583 πᾶς
2897 523 2925 572 6
2955 521 3334 590 καταλειφθεὶς
3363 524 3456 576 ἐπὶ
3484 523 3584 593 τῆς
3605 525 3726 593 γῆς.
3758 544 3778 576 ι

2231 608 2492 663 Ἐνταῦθα
2508 610 2604 680 τὴν
2623 610 2957 682 δηλουμένην
2988 613 3199 684 ἡμέραν
3234 591 3586 685 ἐπιζητήσας,
3608 591 3780 683 εὕροις
3817 591 3826 618 ³

2216 701 2378 754 αὐτὸν
2405 700 2494 753 τὸν
2521 701 2707 772 χρόνον
2733 703 2833 773 τῆς
2857 702 2950 756 τοῦ
2978 704 3229 774 Σωτῆρος
3266 706 3298 776 ἡ
3306 706 3420 774 μῶν
3448 707 3780 775 ἐπιφανείας.

2218 793 2400 846 Εἰπὼν
2426 792 2535 864 γὰρ
2563 796 2592 846 6
2621 795 2924 868 προφήτης,
2973 813 2994 847 ‹
3040 795 3168 848 Ἰδοὺ
3209 797 3472 868 παρθένος
3509 799 3566 852 ὲν
3592 802 3781 871 γαστρὶ

2217 883 2461 956 λήψεται,
2511 887 2604 939 καὶ
2641 886 2854 953 τέξεται
2894 888 3029 953 υίὸν,
3066 908 3084 940 ι
3129 889 3350 943 πλεῖστα
3378 891 3465 944 διά
3503 890 3666 961 μέσου
3697 892 3781 945 θε-

2219 976 2398 1040 σπίζει
2431 977 2559 1048 περὶ
2589 977 2697 1032 τῶν
2723 978 2858 1032 κατὰ
2889 965 2986 1051 τὴν
3013 981 3180 1052 αὐτὴν
3213 982 3446 1053 ἡμέραν,
3470 982 3611 1036 τοῦτ’
3641 983 3781 1037 ἐστιν

2216 1067 2364 1138 ἀμφὶ
2401 1068 2492 1120 τὸν
2525 1069 2710 1140 χρόνον
2737 1070 2840 1141 τῆς
2866 1070 2959 1125 τοῦ
2999 1073 3248 1146 Σωτῆρος
3280 1077 3313 1146 ἡ
3323 1075 3438 1146 μῶν
3467 1076 3781 1145 ἐπιφανείας

2217 1159 2616 1229 γενησομένων.
2671 1162 2937 1233 Δυνάμεις
3001 1165 3110 1237 γὰρ
3168 1166 3432 1239 ἀοράτους
3485 1168 3578 1222 καί
3638 1186 3781 1232 τινας

2213 1249 2461 1322 ἐχθροὺς,
2505 1251 2596 1304 καὶ
2642 1253 2950 1323 πολεμίους,
2985 1258 3150 1328 μυίας
3179 1259 3272 1310 καὶ
3303 1258 3566 1328 μελίσσας
3603 1259 3782 1328 νόμοις

2215 1342 2541 1414 ἀλληγορίας
2564 1342 2991 1416 ὀνομαζομένους
3025 1347 3382 1418 ἐπιϐήσεσθαι
3419 1351 3484 1420 τῇ
3519 1348 3626 1400 τῶν
3669 1349 3782 1401 Ἰου-

2214 1433 2372 1487 δαίων
2384 1434 2534 1505 χώρᾳ
2557 1437 2739 1504 φησὶν,
2761 1437 2956 1490 καὶτὸν
2973 1438 3173 1510 Κύριον
3197 1437 3342 1510 ξυρῷ
3364 1440 3471 1493 τῶν
3492 1440 3783 1511 πολεμίων,

2215 1525 2362 1578 ὠσάν
2403 1527 2641 1596 μεγάλου
2695 1528 2961 1598 σώματος,
2998 1529 3091 1582 τοῦ
3152 1530 3416 1583 Ἰουδαίων
3459 1531 3642 1593 ἔθνους
3687 1529 3783 1601 τὴν

2215 1619 2474 1690 κεφαλὴν,
2501 1621 2594 1673 καὶ¹
2624 1619 2722 1682 τὰς
2740 1621 2929 1692 τρίχας
2950 1622 3056 1674 τῶν
3081 1623 3276 1689 ποδῶν,
3301 1624 3500 1677 καὶτὸν
3523 1621 3784 1692 πώγωνα,
3824 1625 3832 1634 ’

2216 1711 2307 1763 καὶ
2341 1713 2538 1775 πάντα,
2575 1711 2873 1782 συλλήϐδην
2903 1714 3094 1777 εἰπεῖν,
3134 1716 3222 1767 τὸν
3245 1715 3445 1786 κόσμον
3479 1716 3657 1769 αὐτῶν
3689 1715 3785 1780 ξυι-

557 1817 660 1872 qua
692 1800 868 1872 agitur
904 1799 1083 1853 futura
1111 1799 1241 1860 sint,
1268 1797 1324 1850 in
1370 1809 1476 1865 qua
1506 1795 1752 1850 videlicet
1783 1796 1874 1850 ille
1913 1796 1979 1850 de
2005 1811 2111 1866 quo

2215 1803 2419 1874 ρήσειν.
2457 1803 2672 1857 Τούτων
2706 1805 2750 1857 δ’
2774 1805 3040 1876 ἐσομένων
3071 1808 3128 1859 ὲν
3157 1811 3220 1878 τῇ
3251 1807 3612 1881 θεσπιζομὲνη
3642 1807 3784 1878 ἠμέ-

556 1893 796 1965 loqnitur
839 1898 1097 1947 nascetur
1123 1890 1188 1943 de
1235 1887 1477 1958 Virgine,
1509 1894 1622 1940 tum
1650 1903 1772 1941 eum
1813 1887 2110 1953 hominem,

557 1984 648 2055 qui
679 1984 898 2039 relictus
926 1980 1087 2036 fuerit
1108 1980 1173 2034 de
1203 1977 1370 2032 totius
1391 1979 1568 2046 gentis
1602 1977 1841 2038 interitu,
1877 1978 1976 2032 hoc
2005 1985 2108 2042 est,

555 2091 769 2132 omnem
800 2076 1107 2147 quicunque
1129 2090 1194 2128 ex
1225 2074 1331 2128 illis
1352 2076 1406 2127 in
1435 2069 1708 2125 Christum
1743 2068 1834 2125 Dei
1867 2071 2112 2125 credide-

556 2169 648 2234 rit,
679 2168 1015 2223 nutriturum
1037 2167 1326 2234 juvencam
1353 2163 1538 2226 boum,
1565 2170 1619 2216 et
1653 2162 1791 2218 duas
1817 2178 1944 2217 oves
1975 2177 2114 2232 prae“

557 2257 691 2313 dicit
726 2275 738 2309 :
777 2266 832 2314 et
850 2272 916 2313 ex
950 2271 1016 2311 eo
1040 2256 1182 2326 quod
1217 2255 1510 2326 plurimum
1543 2254 1701 2308 faciet
1733 2256 1836 2318 lac,
1860 2256 2112 2326 butyrum

555 2356 612 2405 et
643 2351 747 2406 mel
777 2363 1144 2412 comesurum.
1179 2345 1351 2400 Porro
1387 2347 1499 2402 haec
1535 2347 1578 2400 si
1626 2347 1848 2416 mystice
1869 2355 2114 2401 contem-

557 2443 813 2514 plaberis,
856 2441 1122 2510 intelliges
1162 2439 1216 2493 in
1265 2438 1561 2492 Salvatoris
1607 2438 1780 2492 nostri
1829 2437 2109 2506 apostolis,

557 2550 716 2591 suum
747 2533 903 2587 linem
933 2531 1228 2600 accepisse.
1257 2529 1496 2594 Quorum
1528 2529 1724 2597 singuli
1757 2527 1809 2580 in
1835 2529 1901 2580 iis
1929 2526 2113 2582 Eccle-

557 2627 676 2690 siis,
717 2625 772 2678 in
810 2623 1008 2694 quibus
1041 2623 1246 2676 virtute
1287 2621 1491 2674 Christi
1543 2619 1914 2684 constiterint,
1956 2620 2111 2674 binas

557 2733 708 2780 oves.
741 2717 845 2769 hoc
877 2723 979 2778 est,
1016 2712 1175 2768 binos
1206 2711 1424 2766 ordines
1455 2712 1628 2767 instar
1656 2711 1859 2774 ovium,
1889 2711 1955 2765 ad
1986 2726 2110 2782 gre-

555 2823 677 2880 gem
706 2806 910 2862 Christi
944 2804 1346 2867 convenientes,
1378 2807 1607 2858 alterum
1643 2802 1859 2872 quidem
1906 2803 1962 2856 in
1997 2801 2110 2874 pri-

559 2903 663 2958 mis
706 2901 882 2955 adhuc
909 2899 1192 2954 elementis
1231 2905 1559 2961 versantem,
1595 2897 1825 2952 alterum
1860 2909 1986 2948 vero
2016 2893 2111 2964 qui

555 2995 666 3065 iam
691 3007 787 3064 per
815 2992 1090 3046 lavacrum
1127 2990 1198 3046 sit
1245 2989 1570 3051 illustratus,
1618 3002 1681 3041 ac
1725 2993 1983 3057 prieterea
2023 2985 2112 3054 ju-

555 3100 783 3144 veneam
833 3099 1017 3145 unam,
1066 3079 1495 3137 ecclesiasticum
1542 3079 1727 3148 utique
1771 3092 1980 3140 eorum,
2017 3075 2111 3146 qui

2219 1910 2289 1966 ρᾳ
2313 1894 2406 1947 τοῦ
2434 1895 2499 1948 ὲκ
2524 1895 2626 1965 τῆς
2654 1895 2931 1968 Παρθένου
2976 1899 3356 1969 γενησομένου,
3402 1897 3496 1952 τὸν
3528 1899 3786 1952 καταλει-

2219 1988 2418 2057 φθέντα
2437 1989 2718 2061 ἄνθρωπον
2741 1991 2804 2042 ἐκ
2822 1989 2922 2059 τῆς
2940 1988 3033 2042 τοῦ
3059 1990 3255 2053 παντὸς
3278 1991 3457 2052 ἔθνους
3483 1989 3784 2053 ἀπωλείας,

2217 2080 2358 2133 τοῦτ’
2389 2081 2533 2134 ἐστιν
2567 2083 2778 2136 ᾶπαντα
2806 2081 2896 2133 τδν
2920 2079 2976 2146 ὲξ
3003 2081 3177 2134 αὐτῶν
3209 2083 3285 2141 εἰς
3317 2082 3406 2133 τὸν
3435 2081 3662 2150 Χριστὸν
3685 2079 3786 2132 τοῦ

2219 2170 2352 2226 Θεοῦ
2387 2175 2803 2236 πεπιστευκότα,
2853 2173 3068 2245 θρέψειν
3106 2174 3330 2244 δάμαλιν
3373 2172 3531 2242 βοῶν,
3571 2171 3784 2225 καὶδύο

2222 2264 2463 2335 πρόϐατα
2493 2267 2844 2337 προφητεύει,
2867 2268 2975 2320 ἀπό
3005 2283 3060 2319 τε
3088 2264 3180 2317 τοῦ
3209 2266 3454 2318 πλεῖστον
3489 2265 3662 2317 ποιεῖν
3691 2263 3782 2330 γά-

2218 2354 2303 2418 λα,
2325 2355 2589 2424 φάγεσθαι
2613 2357 2868 2427 βούτυρον
2893 2357 2985 2410 καὶ
3013 2358 3149 2428 μέλι.
3172 2357 3402 2425 Νοήσεις
3421 2354 3477 2407 δὲ
3501 2352 3780 2407 καὶταῦτα

2220 2445 2355 2498 κατὰ
2402 2447 2663 2516 μυστικὴν
2697 2446 2926 2516 θεωρίαν
2962 2448 3054 2500 ἐπὶ
3086 2447 3191 2500 τῶν
3220 2447 3312 2500 τοῦ
3345 2445 3592 2516 Σωτῆρος
3627 2443 3779 2515 ἡμῶν

2218 2535 2528 2589 ἀποστόλων
2567 2536 2942 2607 τετελεσμένα.
2990 2532 3089 2590 ’Ὧν
3123 2539 3346 2599 ἕκαστος
3376 2539 3432 2589 ἐν
3460 2530 3545 2599 αἷς
3582 2535 3682 2587 σὺν
3716 2535 3776 2603 τῇ

2217 2627 2310 2680 τοῦ
2339 2627 2572 2700 Χριστοῦ
2605 2627 2826 2698 δυνάμει
2870 2629 3234 2700 συνεστήσατο
3275 2626 3653 2696 Ἑκκλησίαις,
3692 2624 3781 2676 δύο

2217 2721 2470 2790 τάγματα
2505 2719 2657 2790 δίκην
2686 2719 2991 2792 προϐάτων,
3024 2721 3118 2773 ἐπὶ
3140 2721 3237 2790 τὴν
3265 2718 3358 2772 τοῦ
3388 2715 3623 2788 Χριστοῦ
3665 2714 3781 2768 ποί-

2221 2828 2358 2882 μνην
2392 2811 2658 2865 συνιόνταο
2691 2810 2751 2864 τὸ
2800 2811 2897 2882 μὲν
2929 2811 3095 2863 εἰσέτι
3146 2809 3592 2880 στοιχειούμενον,
3647 2807 3704 2859 τὸ
3735 2805 3778 2858 δ’

2217 2899 2318 2970 ῆδη
2347 2898 2433 2952 διὰ
2468 2899 2562 2952 τοῦ
2594 2899 2824 2972 ,λουτροῦ
2863 2900 3287 2972 ειτεφωτισμένον⁹
3330 2900 3422 2950 καὶ
3453 2897 3542 2950 ἐπὶ
3570 2896 3777 2956 τούτοις

2222 2990 2348 3060 μίαν
2371 2989 2600 3061 δάμαλιν
2629 2991 2727 3062 τὴν
2754 2980 3204 3061 ἐκκλησιαστικὴν
3233 2989 3338 3042 τῶν
3376 2986 3660 3059 προέδρων
3687 2986 3778 3056 ἀρ-

2218 3082 2316 3154 χὴν
2335 3085 2454 3146 ταῖς
2474 3081 2675 3146 ἐνθέοις
2696 3083 2788 3136 καὶ
2806 3082 3047 3150 λογικαῖς
3072 3085 3296 3152 τροφαῖς
3325 3081 3419 3134 ὲκθ
3430 3081 3620 3152 ρέψας,
3641 3079 3778 3147 γόνι-

555 3176 850 3250 president
872 3175 1256 3246 principatum,
1280 3172 1477 3226 divinis
1499 3180 1552 3225 et
1575 3171 1930 3225 rationalibus
1972 3168 2108 3223 cibis

2215 3190 2310 3244 μον
2339 3172 2398 3237 ἐξ
2436 3173 2614 3227 αὐτῶν
2645 3174 2806 3241 γάλα,
2842 3174 2932 3226 καὶ
2983 3174 3100 3244 μέλι
3141 3173 3240 3242 τῆς
3271 3171 3596 3243 πονηθείσης
3637 3167 3776 3239 αύτῷ

557 3271 856 3326 nutrientes
885 3285 897 3321 :
929 3264 1214 3320 fecundum
1249 3278 1316 3317 ex
1359 3262 1469 3316 illis
1510 3262 1610 3323 lac.
1638 3270 1692 3315 et
1721 3260 1846 3323 mel,
1877 3259 1997 3329 ejus
2035 3259 2115 3314 vi-

554 3360 752 3416 delicet
775 3359 906 3422 cibi,
934 3374 1093 3430 quem
1115 3358 1226 3427 ipsi
1264 3357 1681 3419 elaboraverint,
1723 3355 1957 3410 fructum
1992 3370 2115 3426 per-

555 3459 838 3524 ceperunt.
871 3450 938 3504 Et
964 3449 1107 3519 quod
1137 3448 1350 3518 quidem
1383 3463 1498 3502 eam
1543 3447 1965 3524 multitudinem,
1995 3462 2114 3517 quae

555 3522 1146 3614 ex'imperfectioribus
1176 3548 1389 3596 constat
1429 3541 1642 3604 ovibus.
1672 3522 1889 3596 divinus
1932 3554 2112 3595 sermo

558 3647 873 3704 comparare
897 3631 1260 3694 consueverit,
1275 3646 1386 3684 non
1413 3641 1494 3686 est
1524 3647 1658 3702 Opus
1681 3641 1737 3686 ut
1766 3633 1960 3694 dicam,
1987 3647 2112 3686 cum

559 3725 660 3780 hoc
679 3739 866 3780 omnes
895 3722 1089 3778 divinae
1113 3723 1303 3776 litterae
1325 3721 1633 3777 ostendant.
1669 3722 1773 3791 72
1802 3721 1953 3788 Quod
1987 3737 2114 3777 vero

557 3833 703 3880 eum,
757 3817 849 3886 qui
896 3815 1186 3887 perfectior
1231 3815 1322 3880 sit,
1357 3823 1411 3871 et
1461 3815 1682 3880 multos,
1731 3814 1887 3883 quasi
1935 3815 2112 3870 bonus

556 3908 790 3978 agricola
836 3915 1107 3973 exerceat,
1143 3905 1510 3976 Ecclesimque
1554 3905 1863 3974 praesideat,
1906 3906 2113 3960 rustico

559 4001 720 4054 boum
763 3998 935 4054 labori
987 4000 1114 4054 item
1156 3999 1406 4054 conferre
1455 3998 1646 4056 soleat.
1685 4004 1908 4051 sanctus
1953 3997 2111 4053 nobis

557 4093 891 4145 demonstrat
918 4089 1231 4159 Apostolus,
1253 4089 1344 4142 ubi
1371 4089 1449 4142 ait
1474 4107 1487 4142 :
1515 4107 1534 4139 ι
1565 4085 1819 4157 Nunquid
1843 4087 1908 4141 de
1935 4087 2111 4142 bubus

556 4197 689 4236 cura
711 4191 795 4236 est
835 4180 984 4237 Deo?
1014 4195 1082 4234 an
1112 4189 1331 4250 propter
1369 4194 1468 4233 nos
1509 4179 1728 4233 omnino
1776 4178 1943 4232 dicit?
1972 4193 2110 4248 quo-

557 4275 702 4329 niam
732 4273 892 4329 debet
927 4274 982 4327 in
1007 4289 1122 4344 spe,
1147 4273 1240 4343 qui
1278 4281 1414 4334 arat,
1444 4286 1601 4326 arare
1626 4289 1639 4324 :
1662 4279 1715 4325 et
1745 4272 1836 4340 qui
1869 4271 2107 4334 triturat,

487 4383 490 4386 '
558 4367 612 4419 in
639 4379 755 4434 spe,
774 4371 836 4417 ut
863 4365 933 4420 sit
959 4365 1232 4434 particeps
1254 4364 1321 4415 ⁸⁸.
1348 4387 1367 4415 ι
1397 4362 1551 4429 Quod
1568 4363 1614 4417 si
1647 4361 1770 4432 quis
1803 4361 2110 4417 istiusmodi

559 4453 744 4524 tiguris
771 4452 1023 4522 loquendi
1043 4451 1365 4516 olfeudatur,
1399 4453 1540 4506 idem
1565 4451 1762 4521 poterit
1787 4458 1843 4506 et
1868 4466 2105 4514 muscas,

2213 3265 2416 3335 τροφῆς
2458 3264 2548 3317 τὸν
2592 3266 2800 3338 καρπὸν
2837 3268 3203 3337 ἀπηνέγκατο.
3238 3265 3422 3328 Ὅπως
3458 3264 3554 3334 μὲν
3589 3261 3687 3317 οὖν
3713 3261 3776 3314 τά

2211 3353 2318 3408 τῶν
2364 3355 2726 3426 ἀτελεστέρων
2777 3355 2952 3428 πλήθη
3001 3356 3288 3428 προϐάτοις
3339 3354 3526 3408 εἴωθεν
3567 3357 3599 3407 6
3644 3355 3771 3418 θεῖος

2210 3450 2501 3520 ἀφομοιοῦν
2543 3451 2718 3518 λόγος,
2765 3451 2915 3503 οὐδὲν
2959 3451 3039 3503 δεῖ
3078 3449 3271 3519 λέγειν,
3323 3449 3500 3518 πάσης
3551 3448 3770 3519 Γραφῆς

2212 3541 2368 3594 τοῦτο
2403 3541 2774 3610 διδασκούσης.
2807 3542 2909 3594 Τὸν
2935 3542 2990 3594 δέ
3023 3558 3085 3609 γε
3122 3540 3490 3610 ἐντελέστερον
3527 3540 3624 3592 καὶ
3657 3539 3773 3599 τοὺς

2213 3632 2437 3696 πολλοὺς
2461 3633 2803 3703 γεωργοῦντα
2825 3634 2921 3702 τῆς
2950 3633 3270 3702 Ἐκκλησίας
3287 3631 3606 3702 ἡγούμενον,
3633 3632 3772 3689 ὅπως

2211 3724 2289 3795 τῷ
2313 3727 2570 3795 γεωπόνῳ
2599 3725 2705 3779 τῶν
2739 3724 2874 3793 βοῶν
2912 3725 3272 3794 παραϐάλλει,
3310 3723 3622 3792 συνίστησιν
3649 3725 3674 3775 6
3701 3722 3771 3773 ἰε-

2215 3815 2305 3885 ρὸς
2337 3815 2650 3879 ἀπόστολος,
2681 3816 2869 3884 λέγων·
2903 3835 2920 3865 ι
2952 3815 3042 3886 Μὴ
3070 3815 3176 3867 τῶν
3196 3813 3330 3884 βοῶν
3360 3814 3510 3883 μέλει
3531 3813 3611 3882 τῷ
3640 3811 3770 3881 Θεῷ,

2211 3905 2244 3974 ἢ
2285 3905 2350 3956 δι’
2381 3907 2524 3975 ἡμᾶς
2571 3907 2785 3969 πάντως
2821 3906 2994 3973 λέγει;
3035 3907 3114 3958 ὅτι
3152 3904 3352 3972 ὀφείλει
3393 3904 3479 3956 ἐπ’
3527 3903 3701 3956 ἐλπίδι
3741 3900 3769 3952 ὁ

2213 3994 2477 4066 ἀροτριῶν
2521 3997 2797 4068 ἀροτριᾷν,
2849 3997 2942 4051 καὶ
3001 3997 3030 4048 6
3085 3995 3276 4060 ἀλοῶν,
3323 3997 3408 4048 ἐπ’
3453 3994 3630 4047 ἐλπίδι
3679 3991 3766 4047 τοῦ

2215 4087 2480 4157 μετέχειν.
2520 4107 2538 4138 ›
2579 4089 2640 4140 Εἰ
2670 4087 2727 4140 δὲ
2763 4088 3090 4160 προσκόπτοι
3129 4105 3208 4150 τις
3245 4090 3364 4150 ταῖς
3392 4086 3625 4138 τοιαῖσδε
3655 4100 3769 4155 τρο-

2214 4177 2508 4247 πολογίαις,
2536 4178 2653 4250 ὥρα
2673 4179 2857 4232 τοῦτον
2885 4179 3019 4251 μηδὲ
3042 4179 3139 4242 τὰς
3162 4176 3559 4249 ὀνομαζομένας
3585 4177 3766 4248 μυίας,

2211 4268 2244 4340 ἢ
2279 4268 2552 4339 μελίσσας,
2595 4270 2728 4341 μηδὲ
2761 4271 2820 4323 τὸ
2849 4270 3023 4341 ξυρὸν,
3065 4271 3197 4340 μηδὲ
3230 4271 3319 4323 τὸν
3347 4269 3599 4338 πώγωνα,
3641 4267 3765 4340 μηδὲ

2208 4359 2309 4423 τὰς
2350 4361 2538 4432 τρίχας
2576 4360 2684 4412 τῶν
2734 4362 2906 4415 ποδῶν
2951 4361 3092 4415 κατά
3135 4362 3370 4415 διάνοιαν
3409 4361 3651 4432 θεωρεῖν,
3694 4360 3768 4420 εἰς

2212 4452 2446 4515 ἀτόπους
2467 4452 2523 4505 δὲ
2550 4453 2641 4505 καὶ
2669 4453 2998 4516 άσυστάτους
3023 4453 3309 4506 ἐκπίπτειν
3339 4451 3677 4524 μυθολογίας.
3706 4448 3765 4501 Εἰ

556 4521 618 4596 et
635 4556 786 4612 apes,
820 4521 888 4596 de
936 4539 1134 4610 quibus
1184 4540 1389 4594 dictum
1433 4547 1539 4603 est,
1585 4547 1639 4594 et
1676 4539 2021 4602 novaculum,
2055 4548 2108 4594 et

2215 4541 2255 4594 δ’
2287 4544 2497 4614 ἀνάγκη
2550 4543 2720 4596 ταῦτα
2758 4544 2831 4615 μὴ
2865 4545 3036 4608 ἄλλως
3077 4545 3109 4616 ἢ
3157 4545 3297 4599 κατὰ
3341 4521 3505 4616 μόνην
3539 4542 3764 4614 θεωρίαν

558 4633 803 4696 barbam,
828 4639 883 4687 et
923 4631 1060 4700 pilos
1089 4631 1308 4701 pedum,
1342 4647 1450 4685 non
1486 4646 1551 4686 ex
1584 4630 1877 4692 sententia,
1909 4630 2005 4685 sed
2038 4647 2104 4686 ex

2209 4633 2478 4704 δέχεσθαι,
2512 4635 2666 4705 δῆλον
2693 4638 2770 4689 ὃτι
2792 4637 2885 4689 καὶ
2911 4635 2980 4688 τά
3007 4636 3272 4690 ἀκόλουθα
3301 4635 3705 4708 παραπλησίως.

557 4725 762 4794 scripto
789 4722 1165 4792 contemplari,
1199 4729 1359 4792 atque
1413 4723 1488 4776 ita
1513 4722 1670 4791 plane
1697 4721 1752 4775 in
1794 4722 2027 4776 ridicula
2059 4731 2115 4777 et
2171 4725 2407 4779 absurda
2460 4725 2763 4780 fabularqu
2808 4728 3161 4782 deliramenta
3208 4729 3468 4784 recidere.
3529 4725 3586 4780 Si
3643 4735 3763 4778 veto

557 4831 664 4872 non
687 4813 982 4870 aliterbaac
1012 4813 1262 4884 accipere
1305 4828 1527 4868 necesse
1553 4821 1654 4876 est,
1680 4827 1843 4882 quam
1878 4813 1943 4867 ad
1990 4827 2209 4868 sensum
2273 4815 2563 4886 quemdam
2617 4818 2949 4883 interiorem,
2980 4819 3148 4882 Lhaud
3183 4820 3408 4875 dubium
3460 4827 3566 4883 est,
3609 4816 3764 4887 quin-

557 4909 714 4964 etiam
738 4923 801 4961 ea
828 4922 948 4977 qua:
972 4912 1294 4975 sequuntur,
1321 4905 1484 4958 simili
1518 4905 1746 4958 ratione.

623 4997 734 5054 XL.
765 5016 784 5049 ι
819 4998 876 5052 In
905 4996 990 5051 die
1013 4997 1102 5049 illa
1136 4996 1549 5066 exstinguentur
1582 5007 1811 5062 montes,
1838 5003 1892 5052 et
1918 4996 2106 5060 colles,

556 5097 608 5144 et
647 5090 815 5153 silvae,
841 5097 888 5143 et
912 5087 1250 5142 devorabunt
1279 5086 1348 5140 ab
1373 5085 1554 5140 anima
1577 5101 1748 5156 usque
1779 5085 1846 5139 ad
1873 5099 2102 5141 carnes:

552 5189 609 5234 et
640 5181 742 5236 erit
781 5180 874 5250 qui
916 5177 1103 5249 fugiet,
1140 5187 1400 5247 tanquam
1452 5175 1664 5246 fugiens
1705 5190 1736 5230 a
1769 5175 1984 5229 ﬂamma
2018 5190 2106 5230 ar-

556 5271 714 5326 dente
745 5288 758 5324 :
785 5252 846 5326 et.
885 5271 975 5342 qui
1011 5269 1184 5325 relicti
1221 5267 1423 5324 fuerint
1447 5283 1513 5322 ex
1549 5268 1677 5334 illis,
1723 5276 1885 5323 erunt
1915 5284 2107 5324 nume-

559 5374 686 5414 rus:
717 5367 772 5415 et
818 5374 951 5430 puer
996 5358 1251 5430 parvulus
1292 5357 1496 5414 scribet
1535 5371 1653 5424 eos,
1694 5365 1749 5412 et
1786 5357 1891 5412 erit
1928 5358 1984 5412 in
2017 5357 2106 5413 die

555 5449 682 5504 illa:
716 5465 824 5504 non
875 5451 1013 5505 ultra
1066 5449 1281 5520 adiiciet
1320 5448 1465 5520 quod
1507 5448 1774 5518 reliquum
1821 5446 1985 5504 fuerit
2034 5465 2101 5504 ex

553 5537 737 5603 Israel,
766 5547 816 5595 et
862 5541 949 5610 qui
975 5544 1281 5598 conservati
1314 5556 1380 5596 ex
1411 5539 1601 5602 Jacob,
1627 5556 1735 5595 non
1761 5539 1901 5593 ultra
1931 5540 2099 5596 conli-

655 5714 700 5750 “
734 5711 833 5768 lsa.
868 5728 962 5777 vn,
985 5711 1172 5767 2i-2‘2.

2285 4993 2374 5046 M'.
2421 5012 2439 5043 ι
2484 4995 2564 5064 Τῇ
2609 4992 2790 5066 ἡμέρᾳ
2818 4995 2999 5067 ἐκείνῃ
3027 4995 3489 5067 ἀποσϐεσθήσεται
3533 4998 3602 5051 τὰ
3632 4999 3759 5070 ὅρη,

2214 5083 2304 5136 καὶ
2338 5085 2386 5137 οί
2419 5084 2616 5153 βουνοὶ,
2661 5087 2755 5138 καὶ
2792 5087 2841 5138 οἱ
2878 5087 3090 5158 δρυμοὶ,
3131 5088 3224 5142 καὶ
3262 5091 3629 5159 καταφάγεται
3659 5088 3760 5142 ἀπὸ

2209 5173 2388 5243 ψυχῆς
2412 5175 2516 5238 ἓως
2543 5176 2777 5246 σαρκῶνο
2803 5177 2896 5230 καὶ
2920 5177 3070 5231 ἔσται
3096 5181 3125 5230 6
3146 5179 3380 5248 φεύγων,
3409 5181 3483 5243 ὡς
3506 5184 3534 5233 6
3555 5181 3760 5250 φεύγων

2211 5262 2319 5316 ἀπὸ
2340 5263 2535 5333 φλογὸς
2559 5266 2867 5336 καιομένηςο
2893 5268 2984 5320 καὶ
3006 5269 3053 5320 οί
3083 5269 3528 5339 καταλειφθέντες
3555 5271 3642 5324 ἀπ’
3667 5269 3757 5321 αὑ-

2210 5352 2318 5407 τῶν
2350 5355 2557 5411 ἔσονται
2585 5357 2833 5428 ἀριθμὸς,
2867 5361 2961 5412 καὶ
2994 5360 3199 5413 παιδίον
3229 5362 3421 5432 μικρὸν
3449 5363 3644 5434 γράψει
3667 5360 3756 5411 αὑ-

2209 5447 2352 5511 τούς·
2385 5451 2479 5504 καὶ
2514 5449 2664 5505 ἔσται
2690 5452 2748 5503 ὲν
2785 5455 2850 5523 τῇ
2888 5454 3072 5526 ἡμέρᾳ
3101 5454 3302 5526 ἐκείνῃ,
3337 5455 3518 5507 οὐκέτι
3549 5467 3755 5525 προστεο

2210 5543 2430 5617 θήσεται
2458 5546 2519 5602 τὸ
2547 5549 2901 5618 καταλειφθὲν
2936 5550 3028 5604 τοῦ
3074 5551 3307 5622 Ἰσραὴλ,
3353 5553 3445 5607 καὶ
3487 5555 3535 5606 οἱ
3574 5552 3755 5605 διασω-

1255 5715 1296 5745 ⁸⁷
1327 5712 1461 5770 Ibid.
1497 5715 1580 5771 14.
1659 5714 1748 5768 ⁸⁸1
1782 5714 1908 5770 Cor.
1945 5731 2017 5784 ix,
2055 5718 2107 5784 9,
2145 5718 2232 5774 10.
2311 5727 2332 5748 ⁶
