4068 6206
242 305 341 358 1M

1154 298 1802 357 DEMONSTRATIUNIS
1841 297 2294 354 EVANGELlC/E
2336 300 2460 357 LIB.
2504 299 2564 356 II.
3382 317 3478 370 με

232 421 423 483 θέντες
454 419 546 473 τοῦ
589 420 784 475 Ἰακὼὸ
818 421 993 474 οὐκέτι
1030 423 1345 485 πεποιθότες
1386 419 1518 475 ὦσιν
1564 423 1657 475 ἐπὶ
1682 423 1805 485 τοὺς

1911 425 2101 476 dentes
2125 431 2286 475 erunt
2317 423 2370 475 in
2398 424 2497 487 eis,
2522 424 2614 493 qui
2641 425 2857 493 injuriis
2892 428 3038 508 ipsos
3061 430 3358 497 aﬁecerint,
3386 434 3479 487 sed

230 513 607 584 ἀδικήσαντας
640 514 852 577 αὐτοὺς,
877 514 990 567 ἀλλ’
1019 514 1227 567 ἔσονται
1261 515 1577 578 πεποιθότες
1606 516 1697 567 ἐπί
1716 515 1806 568 τὸν

226 603 368 659 Θεὸν
398 605 489 658 τὸν
523 604 674 673 ἅγιον
701 605 793 657 τοῦ
830 605 1038 676 Ἰσραὴλ
1066 610 1130 677 τῇ
1163 607 1521 677 ἀληθεία,κα“ι
1549 607 1807 677 ἀναστρέ-

230 697 327 766 ψει
360 695 421 749 τὸ
448 696 803 764 καταλειφθὲν
842 696 935 748 τοῦ
990 698 1207 768 Ἰσραὴλ
1245 698 1336 750 ἐπὶ
1366 698 1497 752 Θεὸν
1536 699 1801 768 ίσχύοντασ

231 789 331 842 καὶ
372 789 467 841 ὲαν
498 788 719 856 γένηται
751 790 777 839 6
809 788 1039 858 ἀριθμὸς
1072 789 1179 841 τῶν
1212 789 1344 842 υἱῶν
1404 790 1615 861 Ἰσραὴλ
1656 792 1731 853 ὡς
1770 793 1837 860 ἡ*

230 879 420 950 ἄμμος
455 881 550 949 τῆς
584 879 874 949 Θαλάσσης,
906 881 966 932 τὸ
996 881 1340 951 κατάλειμμα
1373 882 1548 935 αὐτῶν
1575 880 1807 954 σωθήσε-

229 988 344 1025 ται.
386 972 553 1038 Λόγον
593 971 699 1041 γὰρ
742 970 1005 1023 συντελῶι
1040 974 1132 1025 καὶ
1170 973 1478 1043 συντέμνων
1518 975 1574 1026 ἐν
1608 973 1807 1026 δικαιο-

233 1062 391 1131 σύνῃ’
428 1061 510 1113 ὅτι
547 1059 699 1127 λόγον
738 1077 920 1113 συντενι,
930 1078 1002 1131 μη
1012 1062 1168 1131 μένον
1204 1063 1416 1133 ποιήσει
1442 1065 1469 1115 6
1493 1063 1623 1126 Θεὸς
1653 1064 1710 1115 ὲν
1738 1065 1802 1134 τῇ

226 1150 523 1220 οἰκουμένῃ
567 1150 679 1221 ὅλῃ.
723 1170 740 1199 ι
793 1149 1081 1203 Κάνταῦθα
1130 1154 1393 1222 πρόσχες,
1440 1154 1521 1205 ὅτι
1572 1172 1590 1203 ι
1638 1154 1694 1204 ὲν
1737 1156 1801 1223 τῇ

232 1242 573 1313 σκυθρωπῶν
624 1242 839 1312 ἀπειλῇ,
888 1247 1071 1312 φησιν,
1124 1244 1272 1298 ἔσται
1316 1248 1344 1297 6
1393 1246 1627 1314 φεύγων,
1665 1246 1739 1309 ὡς
1777 1246 1805 1296 6

230 1334 450 1403 φεύγων
481 1334 589 1386 ἀπὸ
615 1333 808 1402 φλογὸς
838 1336 1153 1405 καιομένης·
1181 1338 1273 1389 καὶ
1291 1336 1339 1387 οἱ
1361 1336 1805 1405 καταλειφθέντες

224 1428 329 1480 ἀπ’
356 1426 530 1479 αὐτῶν
556 1426 783 1496 ἀριθμὸς
817 1426 988 1489 ἔσται,
1024 1431 1116 1481 καὶ
1146 1430 1354 1483 παιδίον
1384 1431 1576 1502 μικρὸν
1607 1431 1804 1502 γράψει

226 1517 446 1579 αὐτούς’
481 1536 497 1567 ›
532 1517 597 1569 δι’
623 1512 698 1570 ὧν
730 1519 789 1570 τὸ
816 1519 1039 1571 σπάνιον
1068 1518 1173 1571 τῶν
1205 1521 1545 1592 φευξομένων
1574 1522 1663 1573 τὸν
1691 1521 1805 1574 ὄλε-

220 1610 363 1682 θρον
405 1612 469 1663 ὲκ
510 1612 809 1681 περιτομῆς
848 1611 1012 1675 λαοῦ,
1059 1614 1150 1664 καὶ
1188 1613 1276 1664 τὸν
1310 1613 1408 1682 τῆς
1455 1614 1804 1687 Ἰερουσαλὴμ

227 1706 560 1776 ἐμπρησμὸν
595 1704 940 1776 παρίστησιν.
995 1728 1010 1755 ι
1047 1707 1105 1758 Ol
1138 1707 1192 1758 δὲ
1226 1707 1671 1776 καταλειφθέντες
1713 1703 1802 1762 οὗ·

225 1814 328 1859 τοι,
375 1797 559 1866 φησὶν,
601 1796 831 1865 ἀριθμὸς
866 1797 1095 1863 ἔσονται,
1134 1818 1149 1847 ι
1180 1798 1323 1850 τοῦτ’
1382 1800 1528 1853 ἔστιν
1586 1800 1803 1872 ἀριθμῷ

226 1888 423 1959 ληπτοὶ
472 1890 809 1957 γενήσονται,
856 1888 995 1942 οὕτω
1046 1889 1263 1960 βραχεῖς
1306 1893 1399 1944 καὶ
1449 1893 1802 1963 εὐαρίθμητοι

224 1980 401 2043 ὄντες.
451 1980 707 2033 Τοσοῦτοι
732 1981 775 2033 δ’
802 1977 914 2045 οὖν,
960 1982 1035 2044 ὡς
1074 1984 1129 2035 ἐν
1174 1984 1451 2054 συγκρίσει
1481 1984 1573 2035 τοῦ
1608 1985 1803 2048 παντὸς

228 2071 471 2143 πλήθους
502 2072 594 2125 τοῦ
639 2072 903 2125 Ἰουδαίων
924 2073 1126 2137 ἔθνους,
1154 2076 1199 2125 οἱ
1237 2077 1315 2137 εἰς
1348 2076 1434 2127 τὸν
1460 2075 1685 2145 Σωτῆρα
1712 2077 1804 2128 καὶ

228 2165 435 2235 Κύριον
470 2163 627 2233 ἡμῶν
660 2164 1078 2226 πεπιστευκότες
1127 2166 1432 2232 γεγόνασιν,
1484 2167 1531 2218 οἳ
1570 2166 1663 2218 καὶ
1706 2183 1806 2217 κα-

228 2254 578 2325 τηξιώθησαν
624 2255 721 2324 τῆς
766 2255 858 2306 ὑπ’
894 2256 1056 2308 αὑτοῦ
1096 2255 1336 2326 Γραφῆς,
1391 2256 1467 2318 ὡς
1512 2256 1659 2327 δηλοῖ
1705 2256 1805 2325 φά-

233 2362 378 2398 σκων
405 2347 434 2397 ὁ
473 2345 648 2414 λόγος,
691 2365 709 2398 t
747 2347 857 2399 Καὶ
885 2348 1092 2400 παιδίον
1117 2347 1316 2418 γράψει
1350 2350 1565 2413 αὐτούς’
1612 2370 1629 2402 ι
1671 2369 1804 2422 προ-

222 2438 449 2503 διδάξας
499 2438 528 2489 ὃ
575 2439 625 2490 τί
674 2456 804 2490 ποτε
850 2434 917 2509 ἦν
966 2439 1026 2490 τὸ
1063 2438 1299 2506 παιδίον,
1353 2442 1411 2492 ἐν
1459 2436 1539 2503 οἷς
1589 2442 1799 2510 ἔλεγεν·

233 2550 254 2583 ι
312 2530 441 2582 Ἰδοὺ
469 2530 800 2601 ήνΠαρθένος
824 2531 880 2582 ἐν
906 2533 1099 2601 γαστρὶ
1135 2532 1262 2596 ἕξει,
1304 2534 1397 2585 καὶ
1437 2533 1644 2599 τέξεται
1669 2535 1799 2587 υἱόν·

227 2623 327 2673 καὶ
371 2622 498 2691 πρὶν
538 2621 571 2690 ἦ
614 2620 815 2688 γνῶναι
860 2621 918 2673 τὸ
950 2622 1157 2675 παιδίον
1184 2623 1364 2675 καλεῖν
1394 2625 1599 2695 πατέρα
1637 2626 1669 2695 ἦ
1702 2643 1805 2697 μη-

228 2712 381 2783 τέρα·
422 2732 441 2763 ι
478 2714 569 2765 καὶ
601 2713 899 2784 ἐπειδήπερ
941 2714 1191 2777 ἐνταῦθα,
1240 2734 1259 2765 ι
1300 2715 1536 2779 Παιδίον,
1590 2736 1607 2767 ›
1649 2718 1800 2788 φησὶ,

236 2819 259 2851 ι
292 2800 491 2875 γράψει
515 2802 731 2865 αὐτοὺς,
773 2822 790 2853 ι
821 2802 1043 2866 εἰκότως
1071 2805 1127 2855 ὲν
1160 2808 1272 2867 τοῖς
1296 2805 1530 2875 πρόσθεν
1563 2806 1797 2875 ἐλέγετο’

237 2909 257 2940 ι
292 2891 401 2943 Καὶ
424 2874 572 2943 ἔσται
605 2892 665 2944 τὸ
701 2892 1020 2961 ὑπολειφθὲν
1058 2895 1113 2945 ἐν
1152 2893 1307 2958 Σιὼν,
1351 2897 1526 2950 καὶτὸ
1556 2900 1805 2951 καταλει-

234 2982 366 3053 φθὲν
410 2984 464 3034 ὲν
524 2984 894 3055 Ἰερουσαλὴμ,
938 2985 1079 3052 ἆγιοι
1124 2987 1479 3058 κληθήσονται
1514 2991 1710 3053 πάντες
1754 2992 1803 3042 οἱ

231 3074 535 3145 γραφέντες
559 3077 637 3137 εἰς
667 3074 829 3146 ζωήν.
882 3094 900 3127 ›
948 3078 1157 3148 Ὥσπερ
1202 3078 1331 3145 γοῦν
1375 3082 1431 3131 ὲν
1474 3082 1698 3146 ἐκείνοις
1744 3083 1804 3134 τὸ

233 3167 593 3235 καταλειφθὲν
628 3168 925 3238 ὠνόμαστο,
980 3172 1026 3221 οἱ
1064 3170 1106 3222 δ’
1144 3173 1296 3225 αὐτοὶ
1328 3175 1628 3244 γραφέντες
1669 3173 1806 3246 ἦσαν

235 3261 326 3323 εἰς
358 3260 520 3331 ζωήν·
550 3262 712 3325 οὕτως
744 3264 836 3315 καὶ
865 3266 1118 3327 ἐνταῦθα,
1150 3269 1198 3318 οἱ
1241 3268 1688 3336 καταλειφθέντες
1714 3272 1805 3323 ἀπ’

234 3353 425 3407 αὐτῶν
462 3375 478 3404 ι
517 3355 738 3426 ἀριθμὸς
760 3357 989 3420 ἔσονται,
1024 3359 1117 3411 καὶ
1142 3360 1345 3413 παιδίον
1369 3362 1566 3433 γράψει
1592 3363 1804 3425 αύτούς.

237 3445 415 3499 Τοῦτο
446 3446 500 3499 δὲ
543 3447 894 3517 καταλειφθὲν
921 3450 986 3501 ἐκ
1018 3446 1112 3500 τοῦ
1152 3449 1387 3522 Ἰσραὴλ,
1426 3453 1516 3504 καὶ
1542 3454 1587 3503 οἱ
1616 3452 1809 3503 διασω-

234 3539 423 3603 θέντες
461 3541 567 3593 ἀπὸ
601 3540 695 3594 τού
743 3540 932 3596 Ἰακὼὸ
980 3561 996 3593 ι
1035 3542 1235 3606 ούκέτι,
1272 3563 1289 3595 ι
1333 3545 1515 3613 φησιν,
1549 3565 1566 3595 ι
1599 3545 1807 3597 ἔσονται

231 3634 328 3685 ἐπὶ
357 3632 484 3695 τοὺς
508 3633 869 3703 ἀδικήσαντας
897 3634 1112 3697 αὐτοὺς,
1157 3634 1269 3687 ἀλλ’
1308 3634 1515 3687 ἔσονται
1557 3636 1809 3689 πεποιθό-

232 3743 324 3786 τες
350 3727 442 3777 ἐπὶ
464 3725 551 3777 τὸν
578 3726 709 3777 Θεὸν
730 3726 819 3779 τὸν
844 3726 995 3794 ἆγιον
1025 3726 1119 3777 τοῦ
1168 3726 1400 3797 Ἰσραήλ.
1438 3746 1454 3775 ›
1484 3728 1590 3779 Καὶ
1624 3728 1723 3796 ὅρα
1746 3744 1807 3794 γε

232 3820 284 3869 εἰ
316 3817 391 3887 μὴ
412 3816 585 3888 ταύτῃ
625 3833 688 3883 γε
720 3819 784 3886 τῇ
835 3816 1153 3887 πεποιθήσει
1209 3818 1258 3868 οἱ
1300 3820 1364 3869 ὲκ
1404 3817 1496 3870 τοῦ
1545 3819 1808 3872 Ἰουδαίων

236 3909 423 3971 ἔθνους
472 3908 843 3979 προελθόντες,
891 3908 943 3960 οἵ
984 3925 1042 3960 τε
1085 3910 1149 3959 ὲκ
1186 3909 1282 3979 τῆς
1326 3909 1693 3973 ἁποπτώσεως
1714 3910 1807 3963 τοῦ

250 4000 463 4072 Ἰσραὴλ
496 3998 931 4069 περιλειφθέντες
977 4000 1215 4070 μαθηταὶ
1260 4001 1352 4052 καὶ
1391 4000 1672 4055 ἀπόστολοι
1716 4001 1807 4055 τοῦ

238 4093 491 4161 Σωτῆρος
509 4091 684 4162 ἡμῶν,
712 4092 912 4162 μηδένα
938 4091 1093 4159 λόγον
1122 4092 1476 4163 ποιησάμενοι
1492 4093 1599 4147 τῶν
1616 4094 1809 4164 ἀρχόν-

236 4202 345 4236 των
385 4184 480 4237 τού
518 4183 709 4247 αἰῶνος
730 4183 940 4247 τούτου,
971 4184 1133 4253 ἢτῶν
1167 4185 1440 4255 ἀρχόντων
1479 4184 1573 4237 τοῦ
1622 4187 1684 4236 ὲκ
1724 4202 1811 4237 πε-

241 4278 467 4348 ριτομῆς
502 4276 629 4329 λαοῦ
651 4274 759 4328 τῶν
790 4276 954 4329 πάλαι
980 4275 1304 4328 ἀδικούντων
1339 4277 1552 4338 αὐτοὺς,
1589 4274 1808 4344 ἐξῆλθον

238 4372 317 4432 εἰς
354 4368 529 4420 πάντα
572 4365 637 4418 τὰ
688 4365 812 4437 ἔθνη
860 4364 1214 4437 κηρύττοντες
1238 4365 1327 4417 τὸν
1368 4365 1598 4437 Χριστὸν
1632 4364 1806 4432 λόγον,

1913 523 2073 567 erunt
2100 513 2435 568 confidentes
2468 515 2523 568 in
2560 513 2667 569 Deo
2696 525 2886 571 sancto
2915 517 3076 574 Israel
3108 520 3161 574 in
3215 524 3440 577 veritate
3464 542 3478 555 υ

1913 613 1966 657 ct
1996 613 2348 659 eonvertetur
2376 606 2521 674 quod
2561 607 2827 676 reliquum
2879 609 3041 663 fuerit
3088 627 3153 665 ex
3191 614 3379 679 Israel,
3414 615 3481 668 ad

1913 693 2081 747 Deum
2115 695 2309 750 fortem
2350 714 2362 749 :
2390 702 2443 749 et
2478 696 2523 749 si
2562 695 2723 750 fuerit
2754 714 3015 753 numerus
3052 701 3286 756 filiorum
3316 703 3480 759 Israel

1911 784 2055 838 sicut
2080 801 2245 839 arena
2276 786 2465 850 maris,
2492 786 2735 856 reliquiae
2764 803 2949 842 eorum
2986 791 3148 845 salvae
3184 792 3332 846 fient.
3357 792 3482 849 Ver-

1914 874 2040 928 bum
2064 876 2210 929 euim
2241 876 2334 944 qui
2366 875 2599 945 perﬁcit,
2631 885 2685 931 et
2718 878 2811 946 qui
2834 881 3109 934 contrahit
3139 884 3193 935 in
3227 882 3480 951 justitia;

1914 966 2171 1035 quoniam
2204 967 2432 1022 verbum
2472 968 2806 1025 contractius
2854 970 3017 1027 faciet
3063 973 3204 1029 Deus
3251 976 3307 1029 in
3351 977 3483 1034 orbe

1915 1065 2073 1112 terra?
2106 1060 2364 1114 universo
2385 1059 2451 1113 δ’.
2495 1078 2513 1111 ι
2547 1058 2646 1114 Hic
2689 1077 2905 1132 quoque
2944 1067 3181 1129 attende,
3225 1068 3354 1121 dum
3384 1072 3483 1123 tri—

1910 1148 2016 1202 stia
2031 1150 2331 1215 minitatur,
2354 1151 2806 1220 quemadmodum
2830 1172 2849 1205 ι
2872 1156 2995 1221 erit,
3020 1175 3041 1208 ο
3065 1157 3258 1227 inquit,
3282 1161 3371 1230 qui
3395 1162 3482 1214 fu-

1912 1241 2021 1309 giet
2053 1250 2309 1311 tanquam
2344 1243 2555 1313 fugiens
2582 1259 2611 1297 a
2643 1243 2857 1299 flamma
2890 1246 3114 1303 ardente
3146 1266 3160 1302 :
3191 1258 3245 1303 ct
3278 1251 3369 1320 qui
3395 1268 3483 1307 re-

1912 1334 2045 1403 liqui
2073 1334 2276 1389 fuerint
2310 1351 2377 1390 ex
2409 1336 2536 1402 illis,
2571 1352 2833 1391 numerus
2871 1347 3030 1391 erunt
3060 1358 3071 1392 :
3103 1348 3154 1393 ct
3200 1357 3334 1409 puer
3357 1357 3483 1412 par-

1912 1427 2071 1480 vulus
2103 1426 2303 1481 scribet
2325 1442 2442 1491 eos,
2482 1446 2500 1478 ι
2529 1428 2726 1497 quibus
2760 1443 2891 1483 sane
2928 1429 3127 1492 verbis,
3152 1432 3478 1499 paucitatem

1911 1532 2124 1582 eorum,
2155 1519 2247 1587 qui
2266 1535 2330 1573 ex
2363 1520 2563 1589 popqu
2582 1520 3030 1577 Circumcisionis
3056 1524 3335 1577 interitum
3368 1526 3482 1581 sint

1910 1609 2154 1674 evasuri,
2185 1626 2289 1663 una
2325 1625 2448 1665 cum
2481 1612 2633 1667 urbis
2678 1611 3018 1668 Hierusalem
3066 1615 3339 1682 inccndio,
3380 1633 3481 1674 no-

1911 1701 1995 1756 bis
2018 1701 2274 1757 ostendit.
2310 1722 2327 1754 ι
2375 1702 2439 1756 Hi
2467 1718 2615 1767 vero,
2666 1704 2863 1773 inquit,
2910 1706 3003 1775 qui
3032 1706 3225 1776 reliqui
3255 1706 3477 1773 fuerint,

1837 1791 1879 1845 Β
1910 1810 2171 1849 numerus
2201 1807 2380 1861 erunt,
2414 1816 2432 1847 ι
2460 1796 2562 1850 hoc
2594 1802 2697 1861 est,
2734 1813 2842 1851 non
2871 1798 3053 1867 plures
3084 1814 3247 1868 quam
3286 1809 3345 1855 ut
3378 1817 3481 1856 nu-

1911 1902 2062 1942 mero
2123 1889 2510 1957 comprehendi
2564 1891 2808 1958 possint:
2849 1898 3036 1959 utpote
3078 1894 3169 1962 qui
3213 1903 3265 1948 et
3296 1899 3475 1965 pauci,

1910 1986 1962 2031 et
1985 1977 2142 2031 facile
2174 1979 2541 2033 numerabiles
2567 1979 2733 2033 futuri
2766 1982 2874 2035 sint
2905 1998 2916 2031 :
2942 1998 3049 2035 non
3083 1984 3268 2052 plures
3316 1987 3481 2057 igitur

1909 2071 2259 2134 exstiterunt,
2286 2070 2550 2124 duntaxat
2580 2073 2847 2128 universaa
2889 2074 3198 2129 Iudaeorum
3234 2080 3478 2133 multitu-

1910 2162 2025 2214 dini
2059 2163 2379 2229 comparati,
2413 2161 2504 2229 qui
2538 2162 2592 2213 in
2618 2159 2955 2216 Salvatorem
2984 2174 3038 2217 ct
3064 2163 3350 2220 Dominum
3380 2182 3480 2223 no-

1911 2263 2085 2309 strum
2131 2253 2496 2318 crediderunt,
2534 2255 2626 2323 qui
2661 2255 2879 2324 quidem
2922 2256 3084 2310 etiam
3133 2258 3279 2328 digni
3308 2260 3477 2316 habiti

1911 2345 2044 2410 sint,
2089 2346 2183 2415 qui
2226 2345 2294 2399 ab
2334 2361 2399 2400 eo
2439 2347 2770 2416 scripturam
2818 2350 3128 2419 acciperent
3169 2369 3181 2402 :
3216 2354 3479 2422 quemad-

1911 2438 2132 2491 modum
2188 2439 2353 2492 verba
2412 2439 2503 2491 illa
2566 2439 2971 2504 demonstrant,
3027 2459 3047 2492 ι
3104 2451 3159 2496 et
3215 2447 3478 2513 puerulus

1910 2529 2115 2584 scribet
2164 2545 2317 2585 eos:
2371 2549 2391 2583 ι
2448 2530 2715 2598 siquidem
2784 2533 2936 2601 prius
3001 2543 3283 2590 ostensum
3358 2545 3486 2602 est,

1910 2624 2160 2691 quisnam
2218 2621 2306 2675 hic
2355 2629 2501 2677 esset
2552 2624 2849 2689 puerulus,
2923 2627 3012 2680 ubi
3078 2627 3284 2681 dictum
3331 2637 3414 2683 est
3460 2645 3485 2683 ε

1911 2714 2015 2784 73
2080 2713 2219 2768 Ecce
2269 2713 2422 2784 virgo
2469 2714 2523 2767 in
2577 2720 2732 2768 utero
2782 2715 3033 2782 habebit,
3083 2726 3137 2773 et
3196 2720 3369 2788 pariet
3419 2720 3480 2774 Ii-

1912 2806 2042 2858 lium
2074 2807 2162 2857 '°:
2207 2825 2226 2855 »
2261 2812 2315 2859 et
2351 2825 2369 2856 ι
2410 2812 2701 2875 antequam
2753 2808 2891 2862 sciat
2946 2825 3080 2877 puer
3136 2826 3330 2866 vocare
3382 2826 3479 2881 pa-

1911 2905 2065 2961 trem,
2087 2907 2181 2952 aut
2201 2898 2489 2967 matrem.“
2516 2918 2529 2951 :
2562 2918 2580 2949 ›
2612 2906 2665 2953 et
2691 2900 2945 2968 quoniam
2978 2901 3079 2955 boc
3103 2902 3222 2957 loco
3243 2921 3261 2955 ε
3287 2919 3473 2972 μύει-,ε

1912 2990 2104 3058 inquit,
2145 3008 2162 3040 ι
2206 2990 2409 3044 scribet
2437 3005 2562 3055 eos,
2607 3010 2625 3041 ι
2680 2992 2874 3044 merito
2903 2993 2955 3044 in
2992 2994 3364 3063 superioribus
3393 2994 3478 3048 di-

1912 3082 2068 3136 cebat
2098 3102 2109 3135 :
2157 3101 2175 3132 ι
2218 3081 2283 3134 Ει
2313 3082 2419 3135 erit
2447 3082 2595 3151 quod
2634 3083 2900 3152 reliquum
2944 3084 3107 3138 fuerit
3142 3086 3196 3139 in
3221 3083 3479 3141 Hierusa-

1910 3174 2037 3235 lem,
2065 3174 2237 3228 sancti
2266 3173 2607 3228 vocabuntur
2637 3188 2860 3239 omnes,
2901 3176 2993 3244 qui
3026 3176 3213 3244 scripti
3246 3185 3372 3231 sunt
3410 3177 3478 3232 ad

1910 3265 2076 3318 vitam
2096 3266 2164 3318 ⁸³.
2204 3284 2222 3316 ι
2257 3264 2398 3334 Ergo
2424 3272 2482 3318 ut
2517 3264 2627 3319 illic
2679 3267 2944 3334 reliquum
2991 3266 3327 3320 nominatum
3350 3276 3434 3323 est
3457 3308 3478 3336 ,

1912 3355 2107 3425 hicque
2141 3356 2244 3425 ipsi
2274 3364 2464 3423 erant,
2517 3376 2535 3408 ‹
2572 3358 2664 3427 qui
2702 3358 2889 3427 scripti
2920 3368 3047 3412 sunt
3096 3358 3164 3413 ad
3197 3359 3400 3413 vitam:
3451 3377 3473 3412 ι

1911 3449 1984 3499 ita
2008 3447 2168 3501 etiam
2196 3447 2304 3511 hic,
2336 3466 2354 3497 ι
2394 3447 2487 3516 qui
2518 3448 2709 3517 reliqui
2743 3448 2941 3502 fuerint
2969 3465 3033 3503 ex
3061 3449 3140 3504 eis
3160 3488 3175 3514 ,
3216 3464 3477 3505 numerus

1910 3547 2091 3603 erunt,
2121 3546 2174 3593 et
2206 3539 2467 3607 puerulus
2502 3540 2702 3593 scribet
2737 3556 2851 3595 eos.
2897 3559 2915 3591 ι
2950 3539 3061 3595 Iloc
3093 3557 3257 3611 porro
3299 3542 3479 3613 ipsum

1917 3649 1935 3681 ι
1973 3630 2115 3699 quod
2142 3630 2388 3684 relictum
2416 3630 2578 3685 fuerit
2615 3647 2680 3685 ex
2709 3630 2911 3697 Israel,
2951 3642 3003 3686 et
3030 3633 3123 3702 qui
3166 3626 3365 3689 servati
3411 3648 3481 3688 ex

1909 3720 2098 3785 Iacob,
2132 3737 2239 3775 non
2266 3722 2426 3787 ultra,
2453 3741 2471 3773 ι
2494 3722 2686 3792 inquit,
2725 3740 2742 3771 ι
2783 3722 2837 3774 in
2869 3723 2949 3777 cis
2979 3723 3072 3791 qui
3102 3723 3250 3793 ipsos
3281 3723 3481 3793 injuria

1911 3812 2217 3879 affecerint,
2258 3812 2373 3881 sed
2430 3814 2487 3867 in
2531 3814 2640 3868 Deo
2694 3822 2885 3867 sancto
2934 3811 3097 3869 Israel
3144 3814 3480 3869 conﬁdentes

1910 3913 2069 3959 erunt
2100 3924 2113 3958 :
2159 3926 2175 3956 ι
2214 3912 2268 3959 et
2306 3920 2437 3959 sane
2464 3905 2576 3973 jam
2613 3911 2816 3972 specta,
2844 3913 3024 3957 utrum
3073 3906 3190 3975 ipsa
3219 3905 3320 3959 hac
3347 3919 3479 3959 con-

1912 3996 2131 4050 fidentia
2163 3995 2222 4057 ii,
2249 3996 2341 4064 qui
2374 4010 2441 4048 ex
2482 3994 2707 4049 Judaica
2758 4004 2917 4064 gente
2960 3994 3185 4066 profecti
3219 4003 3384 4058 sunt,
3424 4002 3481 4050 et

1912 4084 2004 4154 qui
2043 4083 2111 4138 de
2137 4083 2293 4137 ruina
2327 4081 2491 4138 Israel
2514 4082 2684 4137 relicti
2717 4089 2844 4136 sunt
2873 4082 3126 4151 discipuli
3156 4090 3210 4136 et
3249 4082 3480 4151 apostoli

1914 4176 2210 4231 Salvatoris
2252 4174 2448 4239 nostri,
2480 4174 2613 4228 nihil
2656 4174 3042 4228 aestimaverth
3074 4173 3345 4242 principes
3376 4185 3480 4227 sae-

1912 4267 2021 4321 culi
2058 4266 2241 4334 hujus,
2282 4280 2379 4320 seu
2426 4264 2696 4334 principes
2720 4262 2952 4329 Iudaici,
2986 4266 3076 4335 qui
3104 4265 3232 4319 olim
3280 4264 3479 4333 injuria

1913 4374 2006 4413 eos
2036 4356 2358 4419 afﬁciebant,
2400 4362 2453 4409 et
2484 4356 2563 4409 sic
2614 4354 2666 4408 in
2702 4370 2891 4410 omnes
2942 4364 3128 4425 gentes
3163 4365 3480 4425 penetrave-

239 4460 563 4529 πεποιθήσει
603 4475 663 4510 τε
710 4459 774 4527 τῇ
815 4457 947 4527 πρὸς
988 4456 1078 4508 τὸν
1116 4455 1252 4508 Θεὸν
1277 4454 1524 4525 (ἐπείπερ
1548 4453 1687 4506 κατὰ
1711 4454 1807 4522 τὴν

1915 4452 2043 4513 rint,
2075 4447 2351 4501 Christum
2378 4446 2602 4500 verbum
2638 4446 3013 4516 praedicantes,
3056 4462 3125 4499 an
3171 4459 3299 4499 vero
3343 4444 3481 4498 nihil

239 4550 577 4622 προφητείαν
608 4546 921 4609 πεποιθότες
943 4542 1080 4617 ἦσαν
1107 4547 1198 4598 ἐπὶ
1222 4546 1309 4598 τὸν
1343 4546 1473 4599 Θεὸν
1520 4546 1670 4613 ἅγιον
1713 4542 1807 4595 τοῦ

257 4641 472 4713 Ἰσραὴλ
489 4642 545 4692 ὲν
580 4639 821 4710 ἀληθείᾳ·
851 4640 911 4691 ού
943 4638 1051 4709 γὰρ
1076 4637 1341 4700 ὑπούλως,
1379 4636 1498 4691 οὐδὲ
1528 4635 1644 4706 μεθ’
1676 4637 1808 4688 ύπο-

239 4734 499 4804 κρίσεως,
527 4734 622 4784 σὺν
665 4730 890 4802 ἀληθείᾳ⁵
934 4730 990 4783 δὲ
1028 4730 1180 4793 ὅλους
1224 4731 1445 4792 ἑαυτοὺς
1484 4728 1811 4781 ὲπιδὲδονται

240 4826 465 4893 ἐλπίδι),
492 4826 550 4877 ού
580 4826 737 4895 μόνον
757 4821 1023 4894 προῆλθον
1063 4823 1160 4892 τῆς
1186 4820 1394 4875 ἑαυτῶν
1435 4820 1638 4891 χώρας,
1679 4819 1814 4872 ἀλλά

242 4916 610 4987 κατώρθωσαν
629 4916 689 4967 τὸ
715 4913 1180 4984 προστεθειμένον.
1215 4912 1383 4965 Τοῦτο
1409 4911 1464 4964 δὲ
1487 4911 1618 4975 αὐτὸ
1654 4910 1813 4964 πάλιν

240 5010 303 5061 τὸ
324 5005 702 5075 καταλειφθὲν,
738 5005 898 5057 οἱονεὶ
939 5004 999 5058 τὸ
1039 5004 1255 5075 σπέρμα
1304 5003 1405 5072 τῆς
1451 5001 1816 5065 ἀποπτῶσεως

240 5100 340 5155 τοῦ
375 5102 567 5155 Ἰακὼὸ
601 5102 811 5170 γέγονε,
854 5098 1108 5161 πεποιθὸς
1149 5098 1241 5150 ἐπὶ
1270 5097 1399 5149 Θεὸν
1416 5095 1695 5166 εἰσχύοντα·
1725 5096 1817 5147 καὶ

242 5196 463 5267 αὐτὸδὴ
485 5196 639 5249 τοῦτο
672 5196 732 5248 τὸ
765 5194 1109 5263 κατάλειμμα
1145 5192 1239 5246 τοῦ
1287 5191 1486 5255 παντὸς
1517 5189 1699 5253 ἔθνους
1722 5190 1819 5241 αύ-

244 5289 377 5353 τῶν,
403 5289 691 5359 γενομένου
719 5287 793 5349 ὡς
823 5288 855 5355 ή
893 5286 1072 5355 ἄμμος
1114 5285 1214 5355 τῆς
1265 5283 1560 5353 θαλάσσης,
1598 5280 1711 5334 ἀλλ’
1754 5282 1814 5334 ού

244 5381 391 5434 κατά
419 5378 489 5433 τὰ
512 5380 681 5451 ἄστρα
704 5379 800 5431 τοῦ
818 5377 1065 5446 ούρανοῦ,
1089 5378 1185 5448 τῆς
1207 5375 1357 5447 παρὰ
1376 5375 1453 5447 τῷ
1484 5373 1601 5444 Θεῷ
1642 5389 1819 5443 σωτηκ

249 5473 374 5543 ρίας
428 5469 656 5541 ἠξιώθη,
690 5468 973 5540 ὠσπεροῦν
1009 5467 1385 5539 ἐμαρτύρησεν
1414 5467 1443 5518 6
1475 5464 1814 5524 Ἀπόστολος,

248 5561 442 5615 εἰπών·
482 5582 499 5612 ι
542 5560 763 5623 Ἡσαΐας
784 5561 839 5615 δὲ
877 5557 1068 5630 κράζει
1107 5558 1247 5629 ὑπὲρ
1287 5556 1379 5610 τοῦ
1436 5556 1670 5629 Ἰσραὴλ,
1723 5553 1818 5606 ὲάν

1397 5735 1437 5766 ⁸³
1474 5732 1574 5789 lsa.
1617 5748 1732 5797 \‘lll,
1771 5731 1820 5787 ι.

323 5741 366 5772 ⁴⁹
396 5740 501 5796 lsa.
542 5757 594 5807 ι,
631 5741 810 5793 Πᾶδ.
892 5739 936 5769 ³⁸
967 5737 1067 5793 Isa.
1104 5753 1199 5803 vn,
1232 5736 1317 5813 I4}.

1916 4542 2111 4595 horum
2156 4539 2273 4595 ausi
2316 4539 2445 4602 sint,
2479 4546 2640 4608 atque
2690 4546 2869 4594 utrum
2914 4537 3101 4593 eadem
3148 4551 3275 4606 erga
3311 4535 3481 4590 Deum

1915 4632 2247 4689 confidentia
2274 4634 2442 4703 (nam.
2474 4639 2535 4685 ut
2564 4630 2847 4702 prophetia
2879 4629 3058 4693 habet,
3090 4646 3109 4680 ‹
3146 4626 3486 4682 confidentes

1915 4733 2070 4781 erant
2102 4726 2156 4779 in
2187 4723 2298 4779 Deo
2342 4731 2531 4779 sancto
2566 4723 2728 4779 Israel
2763 4724 2817 4776 in
2849 4722 3097 4775 veritate.
3133 4737 3151 4770 ι
3187 4717 3305 4772 Non
3333 4718 3478 4770 enim

1916 4818 2142 4873 subdole
2180 4826 2272 4870 aut
2300 4816 2550 4870 simulate
2573 4858 2588 4883 ,
2636 4816 2727 4871 sed
2762 4829 2888 4870 vere
2922 4821 3064 4868 totos
3116 4811 3325 4881 seipsos
3364 4808 3481 4878 spei

1916 4909 2268 4975 dediderant)
2325 4922 2434 4961 non
2479 4907 2653 4962 solum
2711 4906 2777 4961 de
2832 4920 2929 4959 sua
2980 4903 3198 4973 regione
3253 4896 3482 4970 profecti

1917 5002 2042 5065 sint,
2080 5015 2266 5055 verum
2307 4998 2360 5052 id
2395 4999 2541 5069 quod
2570 4997 2705 5068 ipsis
2757 4997 3090 5067 propositum
3124 4993 3339 5057 fuerat,
3386 4988 3485 5044 ab-

1918 5092 2059 5147 unde
2088 5091 2435 5161 perfecerint,
2464 5107 2530 5145 an
2555 5106 2686 5145 non.
2720 5089 2920 5157 Nempe
2943 5089 3046 5142 hoc
3076 5086 3254 5153 ipsum
3286 5095 3482 5136 rursus

1917 5183 1970 5239 id
2001 5184 2171 5238 fuisse
2213 5182 2478 5247 invenies,
2509 5180 2654 5251 quod
2702 5180 2950 5235 relictum
2983 5185 3068 5232 est
3094 5174 3252 5247 quasi
3296 5186 3482 5228 semen

1917 5275 2090 5331 ruinae
2113 5273 2284 5329 Jacob
2309 5313 2326 5338 ,
2385 5274 2441 5328 in
2474 5273 2584 5327 Deo
2619 5271 2745 5326 forti
2786 5268 3103 5325 conﬁdens:
3163 5274 3325 5336 atque
3354 5264 3481 5318 item

1916 5367 2019 5421 hoc
2070 5365 2246 5437 ipsum
2296 5366 2563 5420 universae
2610 5365 2730 5432 ejus
2779 5359 2955 5428 gentis
2998 5356 3277 5412 residuum
3333 5356 3485 5423 (quae

1919 5458 2134 5531 quidem
2166 5473 2298 5527 gens
2327 5476 2344 5509 ι
2367 5456 2529 5512 fuerit
2547 5453 2701 5526 quasi
2718 5465 2886 5505 arena
2910 5449 3100 5513 maris,
3140 5468 3157 5501 ι
3194 5463 3304 5502 non
3327 5442 3485 5516 quasi

1921 5552 2087 5608 stellae
2119 5550 2264 5619 coeli)
2286 5550 2515 5627 dignum
2562 5548 2807 5605 habitum
2834 5558 2976 5611 esse,
3002 5540 3091 5597 cui
3138 5540 3287 5597 salus
3314 5556 3346 5595 a
3380 5535 3495 5589 Deo

1900 5731 1943 5762 "
1986 5727 2088 5784 lsa.
2122 5741 2194 5789 iv,
2220 5725 2273 5779 5.
