3974 6208
547 302 649 362 ιιδ

1179 302 1264 356 EU
1276 298 1444 353 SE8“
1477 294 1961 354 CESARIENSIS
1998 293 2116 350 OPF

2222 294 2370 349 ἈΗΒ
2407 294 2472 347 ll.
2509 325 2578 334 —
2618 293 3123 349 APOLOGETICA.
3693 295 3784 350 ιιι

537 419 966 483 condonaretur,
1017 417 1159 474 sicut
1201 416 1429 470 amrmat
1477 414 1808 487 Apostolus,
1861 413 1952 468 ubi
1993 412 2114 468 ait:

2222 409 2304 486 ᾖό
2329 408 2560 483 ἀριθμὸς
2594 409 2704 462 τῶν
2756 409 2886 462 υίῶν
2945 407 3160 480 Ἰσραὴλ
3193 407 3267 471 ὼς
3301 407 3333 480 η
3366 407 3543 477 ἄμμος
3577 404 3674 475 τῆς
3703 403 3789 460 θα-

545 528 564 564 ι
605 508 775 574 Isaias
807 519 989 564 autem
1018 508 1218 564 clamat
1244 522 1340 578 pro
1373 505 1560 572 Israel,
1584 507 1631 562 si
1663 505 1828 561 fuerit
1858 519 2122 560 numerus

537 600 772 656 ﬁliorum
795 598 959 655 Israel
989 597 1130 654 sicut
1157 611 1320 652 arena
1352 597 1536 658 maris,
1561 597 1802 667 reliquiae
1819 596 1980 650 salvae
1997 595 2122 650 fient

537 691 606 747 ⁸⁸.
652 712 669 744 ι
708 689 843 744 Nam
871 704 995 742 cum
1034 689 1143 743 duo
1173 689 1280 744 sint
1325 703 1445 758 qua:
1468 688 1702 743 Abrahae
1728 685 1871 742 Deus
1896 702 2122 762 respon-

539 782 676 840 dens
699 781 950 852 promisit
969 779 1038 835 de
1074 781 1162 843 iis,
1184 780 1276 850 qui
1312 779 1379 834 ab
1401 779 1494 832 illo
1526 779 1722 832 oritnri
1751 785 1928 836 erant.
1953 793 2120 832 unum

538 875 757 946 quidem
782 872 926 943 quod
949 871 1116 928 futuri
1144 882 1326 928 essent
1354 871 1496 927 sicut
1520 871 1688 926 stellae
1719 870 1864 936 caeli,
1892 871 2118 926 alterum

541 982 672 1021 vero
700 964 845 1035 quod
881 971 1140 1032 tanquam
1167 977 1330 1017 arena
1361 961 1528 1016 maris
1549 1001 1562 1022 .
1607 960 1696 1015 Dei
1733 959 1952 1031 quidem
1985 959 2122 1015 ami—

543 1057 616 1120 ci,
653 1057 840 1126 quales
866 1055 1085 1111 luerunt
1118 1055 1193 1108 illi
1220 1062 1452 1117 veteres,
1487 1064 1539 1108 et
1587 1054 1886 1123 prephette,
1913 1062 1967 1108 et
2000 1052 2119 1108 Sal-

543 1147 746 1202 vatoris
776 1145 947 1202 nostri
976 1145 1204 1216 apostoli
1235 1186 1249 1209 ,
1301 1142 1504 1214 quibus
1545 1144 1661 1212 ipse
1696 1144 1826 1198 illud
1873 1145 2121 1200 testimo-

542 1238 693 1294 nium
723 1237 986 1302 exhibuit,
1027 1255 1044 1287 ι
1085 1251 1181 1291 vos
1211 1235 1344 1291 estis
1397 1235 1490 1288 lux
1518 1235 1703 1288 mundi
1745 1236 1810 1301 ",
1847 1254 1864 1287 ι
1901 1233 2121 1288 lumini-

542 1331 646 1388 bus
675 1330 993 1386 coelestibus
1029 1331 1144 1399 ipso
1185 1327 1475 1398 splendore
1526 1335 1957 1399 comparantur:
1991 1327 2120 1382 reli«

540 1426 633 1497 qui
663 1437 813 1489 vero,
839 1423 1040 1477 terreni
1090 1421 1340 1486 scilicet,
1391 1430 1556 1492 atque
1609 1421 1664 1474 in
1722 1419 1945 1474 humum
1997 1433 2121 1490 spe-

540 1523 772 1581 ctantes,
803 1529 983 1569 arena:
1033 1512 1244 1567 similes
1289 1514 1575 1569 habentur.
1645 1511 1882 1567 Proinde
1926 1511 2119 1567 merito

546 1609 636 1665 ubi
661 1616 770 1661 tota
798 1604 1089 1660 multitudo
1124 1602 1357 1660 ﬁliorum
1394 1603 1593 1667 Israel,
1631 1617 1752 1673 qua:
1782 1617 1812 1656 a
1858 1601 2121 1674 dignitate

544 1716 643 1758 sua
673 1698 781 1771 74
811 1705 866 1754 et
914 1712 943 1751 a
980 1696 1198 1752 virtutis
1249 1695 1654 1766 magniﬁcentia
1711 1709 1905 1750 casura
1960 1702 2115 1756 erat,

2223 507 2450 576 λάσσης,
2499 505 2560 557 τὸ
2614 504 2964 575 κατάλειμμα
3014 503 3337 574 σωθήσεται.
3391 520 3409 553 ›
3440 501 3542 554 Δύο
3587 501 3690 571 γάρ
3714 518 3790 556 τοι

2223 596 2561 666 ἐπαγγελιῶν
2599 595 2688 648 διὰ
2734 595 2827 648 τοῦ
2853 593 3102 666 χρησμοῦ
3131 592 3206 664 τῷ
3241 591 3490 663 Ἀϐραὰμ
3512 589 3790 664 δεδομένων

2224 690 2350 760 περὶ
2374 688 2480 741 τῶν
2508 688 2564 754 ἐξ
2587 687 2750 742 αὑτοῦ
2776 687 3173 758 γενησομένων,
3195 685 3270 749 ὡς
3296 684 3404 756 ἄρα
3436 683 3640 737 ἔσονται
3661 683 3793 738 κατά

2222 781 2290 833 τὰ
2328 781 2503 852 ἄστρα
2534 780 2628 833 τοῦ
2654 779 2908 851 οὐρανοῦ,
2949 778 3044 832 καὶ
3075 777 3218 831 κατὰ
3243 777 3344 850 τὴν
3375 777 3556 847 ἄμμον
3584 775 3678 846 τῆς
3703 775 3792 829 θα-

2222 869 2450 941 λάσσης,
2485 870 2592 924 τῶν
2643 872 2739 940 μὲν
2786 869 3050 939 θεοφιλῶν
3102 869 3427 939 λαμπόντων
3467 867 3662 938 ὁμοίως
3686 870 3792 930 τοῖς

2221 961 2492 1032 οὐρανίοις
2529 960 2860 1032 φωστῆρσιν,
2909 953 3013 1013 οἷοι
3067 954 3208 1030 ἦσαν
3243 960 3292 1012 oi
3317 957 3486 1012 πάλαι
3511 957 3790 1030 προφῆται,

2222 1054 2318 1106 καὶ
2339 1055 2388 1106 οἱ
2422 1052 2516 1106 τοῦ
2551 1054 2803 1125 Σωτῆρος
2832 1053 2988 1124 ἡμῶν
3011 1051 3320 1113 ἀπόστολοι,
3381 1048 3465 1115 οἷς
3491 1050 3790 1122 ἐμαρτύρη-

2226 1161 2315 1198 σεν
2345 1144 2533 1198 εἰπών·
2567 1164 2584 1197 ι
2623 1145 2816 1215 Ὑμεῖς
2839 1146 2960 1198 ἐστέ
2983 1144 3042 1197 τὸ
3067 1144 3181 1214 φῶς
3209 1143 3303 1197 τοῦ
3326 1143 3553 1214 κόσμου·
3586 1161 3603 1193 ι
3624 1139 3726 1195 τῶν
3742 1142 3790 1194 δὲ

2223 1235 2470 1306 γηγενῶν
2515 1237 2611 1289 καὶ
2649 1235 3006 1306 χαμαιπετῶν
3050 1237 3220 1306 ἄμμῳ
3247 1235 3350 1305 γῆς
3386 1233 3793 1306 παραϐαλλομέ-

2223 1345 2346 1381 νων·
2383 1327 2606 1392 εἰκότως
2637 1329 2695 1382 ἐν
2721 1329 2929 1392 τούτοις
2950 1329 2978 1380 6
3019 1329 3353 1401 προφητικὺς
3376 1327 3555 1396 λόγος,
3581 1327 3714 1380 ἐπὰν
3741 1325 3795 1379 τδ

2224 1420 2331 1472 πᾶν
2381 1421 2584 1491 πλῆθος
2632 1421 2740 1474 τῶν
2783 1421 2912 1474 υἱῶν
2981 1421 3197 1493 Ἰσραὴλ
3241 1421 3647 1491 ἐκπεσούμενον
3707 1419 3795 1489 τῆς

2221 1511 2378 1578 ἀξίας
2403 1515 2496 1567 καὶ
2524 1512 2620 1566 τοῦ
2663 1512 3037 1584 μεγαλοφυοῦς
3066 1513 3164 1583 τῆς
3196 1513 3416 1585 ἀρετῆς,
3448 1513 3570 1565 ὅλον
3597 1511 3662 1565 δι’
3685 1511 3798 1566 ὅλου

2223 1605 2554 1676 χαμαιπετὲς
2597 1604 2885 1675 γενόμενον
2930 1603 3255 1676 παραϐληθῇ
3282 1607 3348 1675 τῇ
3375 1605 3548 1676 ἄμμῳ
3585 1604 3680 1674 τῆς
3709 1601 3798 1656 0a-

2222 1696 2446 1768 λάσσης,
2477 1697 2596 1750 τότε
2621 1695 2684 1767 δὴ
2713 1695 2774 1749 τὸ
2806 1695 3156 1766 κατάλειμμα
3181 1694 3360 1748 αὐτῶν
3394 1697 3555 1765 μόνον
3581 1693 3801 1765 σωθήσε-

541 1792 903 1862 undecunque
945 1798 1199 1860 spcctans
1241 1787 1298 1842 in
1328 1794 1560 1852 terram,
1615 1794 1676 1840 ut
1707 1800 1889 1842 sermo
1925 1783 1994 1840 de
2043 1784 2116 1839 bis

2229 1805 2340 1854 ται,
2373 1787 2502 1860 περὶ
2537 1783 2598 1842 οῦ
2633 1787 3074 1858 καταλείμματος
3110 1785 3338 1840 πλεῖστα
3376 1789 3511 1858 ἡμῖν
3531 1785 3798 1855 γεγύμνα-

459 1887 464 1891 ’
541 1885 891 1957 propheticus
937 1882 1120 1948 habet,
1151 1895 1328 1935 arente
1358 1879 1526 1934 maris
1567 1885 1881 1946 comparata
1915 1877 2116 1932 fuerit:

2227 1891 2368 1930 σται.
2399 1875 2583 1929 Ταῦτα
2619 1875 2678 1929 δέ
2706 1894 2870 1946 φησιν
2924 1874 3166 1938 ἔσεσθαι,
3204 1875 3343 1929 ἐπὰν
3369 1875 3531 1940 αὐτὸς
3559 1878 3588 1932 6
3610 1875 3802 1948 Κύριος

544 1990 654 2034 tum
687 1977 938 2033 videlicet
981 1989 1169 2030 eorum
1202 1973 1442 2042 reliquiae
1473 1971 1740 2025 duntaxat
1773 1969 1936 2024 salvze
1970 1969 2116 2033 ﬁent,

2227 1967 2533 2038 συντέμνων
2563 1969 2657 2021 καὶ
2684 1968 2974 2032 συντελῶν,
3000 1968 3157 2036 λόγον
3186 1969 3307 2022 καθ’
3334 1968 3464 2042 ὅλης
3500 1969 3599 2039 τῆς
3636 1973 3803 2023 οίκου-

542 2071 610 2126 de
629 2070 829 2140 quibus
856 2081 988 2123 sane
1017 2065 1263 2135 reliquiis
1289 2063 1581 2134 plurimum
1619 2069 1704 2117 est
1747 2075 1776 2113 a
1809 2061 1968 2115 nobis
2011 2061 2116 2114 ela-

2231 2053 2396 2131 μένης
2420 2062 2654 2132 ποιήσει,
2678 2060 2922 2132 ἐναργῶς
2946 2061 3008 2113 τὸ
3036 2059 3390 2131 εὐαγγελικὸν
3425 2060 3693 2132 παριστὰς
3721 2060 3807 2131 κήο

541 2159 788 2213 boratum
822 2176 835 2211 :
879 2164 1041 2226 atque
1065 2155 1178 2208 haec
1215 2153 1394 2207 futura
1420 2167 1543 2207 esse
1571 2151 1723 2215 dicit,
1757 2151 1851 2206 ubi
1884 2152 1999 2222 ipse
2021 2149 2116 2203 Do-

2233 2165 2437 2220 ρυγμα,
2465 2150 2523 2202 ἐν
2547 2143 2612 2218 ᾧ,
2635 2151 2816 2222 πάσης
2835 2150 2936 2221 τῆς
2962 2150 3105 2204 κατά
3136 2151 3343 2205 Μωσέα
3369 2149 3620 2221 περιόδου
3660 2150 3717 2202 ἐν
3735 2149 3807 2200 εί-

543 2249 724 2304 minus
744 2247 1077 2303 contrahens
1127 2251 1182 2300 et
1210 2243 1497 2313 perliciens
1516 2283 1530 2307 ,
1573 2242 1790 2298 verbum
1821 2258 1917 2312 per
1950 2247 2116 2295 totum

2231 2239 2349 2293 κόσι
2379 2241 2471 2293 κα)⁸
2513 2241 2800 2312 συμϐόλοις
2840 2242 2933 2296 καὶ
2976 2245 3313 2312 σωματικαῖς
3359 2240 3677 2314 θρησκείαις
3718 2255 3808 2291 πει

542 2348 812 2396 terrarum
859 2339 1048 2394 orbem
1105 2336 1320 2399 fecerit,
1367 2335 1447 2389 sic
1507 2337 1692 2405 ntique
1746 2333 2116 2404 Evangelicam

2231 2332 2615 2403 ριαιρεθείσης,
2664 2336 2692 2387 6
2725 2333 2984 2404 σύντομος
3021 2333 3114 2384 τοῦ
3155 2333 3487 2401 Εὗαγγελίου
3517 2330 3694 2399 λόγος.
3731 2333 3810 2394 εἰς

543 2430 985 2501 praedicationem
1011 2429 1299 2497 perspicue
1332 2426 1680 2495 signiﬁcans,
1735 2425 1789 2477 in
1821 2440 1926 2493 qua
1969 2421 2116 2475 omni

2228 2422 2434 2484 πάντας
2469 2422 2786 2491 ἀνθρώπους
2824 2421 3171 2492 παραδοθεὶς,
3200 2423 3300 2491 τῆς
3339 2420 3678 2490 προφητείας
3707 2421 3812 2491 τὴν

545 2519 783 2575 Mosaico
811 2519 1013 2572 ambitu
1041 2517 1276 2576 sublato.
1309 2516 1400 2585 qui
1455 2513 1814 2583 imaginibus,
1839 2521 1888 2566 et
1918 2511 2112 2579 signis,

2223 2512 2476 2582 ἀλήθειαν
2508 2511 2858 2566 ἐπιστώσατο.

539 2617 598 2666 et
636 2606 1010 2676 corporalibus
1066 2603 1474 2658 adorationibus
1543 2601 1862 2662 constabat,
1916 2600 2180 2659 brevitate
2235 2603 2520 2674 praeditum
2582 2604 2859 2676 Evangelii
2907 2606 3138 2661 verbum
3202 2606 3256 2660 in
3308 2617 3502 2661 attines
3559 2605 3811 2663 homines

540 2701 822 2760 emissum,
862 2695 1162 2767 prolihetiae
1190 2697 1473 2750 veritatem
1509 2693 1903 2765 comprobavit.

612 2812 749 2866 XLI.
791 2811 856 2865 Et
887 2812 989 2866 erit
1021 2813 1074 2865 in
1098 2810 1185 2866 die
1213 2810 1325 2875 illa,
1357 2809 1510 2864 radix
1534 2808 1708 2874 Jesse,
1733 2818 1787 2864 et
1813 2811 1904 2882 qui
1933 2818 2117 2882 surget

543 2905 810 2973 imperare
839 2901 1091 2972 gentibus
1110 2940 1126 2965 ,
1170 2900 1225 2954 in
1253 2915 1318 2955 eo
1344 2909 1533 2971 gentes
1566 2901 1864 2972 sperabunt
1891 2921 1902 2956 :
1935 2911 1987 2956 et
2013 2901 2118 2956 erit

542 2994 759 3065 requies
788 2994 842 3047 in
873 2993 1099 3049 honore.
1125 2991 1189 3044 Et
1213 2993 1317 3046 erit
1343 2991 1395 3045 in
1422 2992 1510 3048 die
1539 2993 1654 3055 illa,
1689 2992 1905 3062 adiiciet
1929 2993 2114 3050 Domi-

542 3103 646 3143 nus
696 3088 1072 3142 demonstrare
1115 3100 1335 3140 manum
1368 3100 1522 3140 suam
1548 3085 1616 3140 ad
1649 3087 2034 3150 temnlandum,
2063 3097 2116 3143 et

542 3178 891 3250 quaerendum
915 3177 1061 3248 quod
1095 3178 1418 3234 remanserit
1474 3179 1743 3248 reliquum
1774 3180 1960 3250 populi
2000 3180 2117 3245 sui,

543 3271 908 3343 quodcunque
954 3271 1200 3326 relictum
1268 3269 1430 3325 fuerit
1489 3271 1558 3325 ab
1614 3272 1896 3343 Assyriis,
1942 3281 1996 3329 et
2053 3273 2122 3327 ab

543 3363 802 3436 Egypto,
838 3373 894 3419 et
920 3379 950 3418 a
983 3363 1301 3435 Babylonia,
1329 3365 1473 3420 etab
1494 3362 1794 3435 AEtliiOpia,
1825 3375 1880 3420 et
1909 3366 1977 3419 ab
2007 3365 2123 3420 Ela-

543 3457 712 3520 mitis,
744 3467 797 3512 et
827 3471 859 3509 a
893 3456 1025 3512 solis
1055 3465 1209 3522 ortu,
1255 3464 1308 3511 et
1345 3457 1414 3511 ab
1445 3456 1642 3512 insulis
1675 3457 1842 3512 maris
1870 3476 1884 3511 ε
1917 3465 1973 3512 et
2019 3474 2118 3512 ex-

543 3548 697 3602 tollet
720 3547 934 3618 signum
964 3548 1017 3600 in
1051 3559 1238 3617 gentes
1259 3587 1276 3612 ,
1323 3557 1376 3601 et.
1407 3548 1684 3618 dispersos
1710 3547 1848 3603 Juda
1894 3562 2122 3619 congre-

543 3637 690 3707 gabit
725 3652 756 3691 a
784 3649 1019 3708 quatuor
1046 3639 1149 3693 alis
1175 3647 1335 3694 terrae
1357 3641 1424 3692 ".
1475 3660 1492 3692 ι
1528 3640 1664 3694 Cum
1702 3655 1844 3710 srepe
1870 3641 2117 3710 quardam

543 3731 725 3784 t'utura
751 3728 1004 3784 dicantur
1033 3731 1088 3784 in
1110 3729 1346 3800 quodam
1378 3731 1577 3802 insigni
1608 3732 1716 3795 die,
1760 3731 1864 3786 hoe
1897 3741 2000 3799 eSt,
2027 3734 2117 3789 ubi

544 3817 893 3875 manifestum
921 3829 1134 3891 tempus
1181 3821 1487 3888 advenerit,
1545 3838 1649 3877 nos
1703 3823 2118 3880 ratiocinatione

542 3914 881 3984 colligentes,
917 3929 1105 3968 earum
1151 3929 1332 3968 rerum
1388 3928 1508 3982 quae
1537 3914 1951 3984 signiﬁcentur,
2002 3917 2118 3972 exi-

541 4016 656 4058 tum
687 4005 740 4058 in
770 4007 946 4075 ipsum
991 4005 1084 4060 Dei
1109 4005 1399 4060 adventum
1443 4005 1685 4061 recidere
1717 4006 2118 4063 demonstravi-

542 4111 665 4152 mus
697 4115 708 4150 :
743 4096 799 4151 in
831 4112 945 4168 quo
971 4111 1098 4151 cum
1125 4095 1304 4150 omnis
1345 4079 1572 4150 .lndaica
1621 4112 1754 4168 gens
1783 4109 1982 4154 casura
2027 4114 2116 4154 es-

543 4195 645 4251 set,
680 4202 884 4257 paucos
905 4186 1169 4257 quosdam
1208 4197 1481 4243 servatum
1515 4188 1607 4252 iri,
1656 4188 1750 4258 qui
1786 4204 1848 4243 ex
1888 4190 1997 4245 illis
2027 4206 2116 4246 re-

542 4278 823 4351 linquendi
857 4290 1055 4345 erant,
1106 4278 1289 4334 divina
1319 4279 1615 4334 ostendunt
1649 4282 1892 4335 oracula.
1947 4284 1996 4337 ls
2029 4292 2113 4337 ta-

540 4387 664 4428 men
692 4373 867 4438 locus,
896 4373 988 4444 qui
1017 4388 1162 4427 nunc
1191 4373 1244 4426 in
1262 4373 1513 4428 manibus
1539 4380 1642 4436 est,
1667 4381 1723 4428 et
1748 4374 1920 4444 ipsam
1945 4375 2110 4441 diem,

2292 2810 2426 2863 MA‘.
2470 2828 2489 2861 σ
2537 2811 2645 2864 Καὶ
2671 2810 2823 2864 ἔσται
2863 2813 2920 2865 ἐν
2957 2817 3024 2885 τῇ
3064 2814 3248 2885 ἡμέρᾳ
3281 2815 3464 2885 ἐκείνῃ
3492 2815 3526 2885 ή
3561 2813 3691 2884 ῥίζα
3712 2815 3804 2870 τοῦ

2235 2902 2450 2965 Ἰεσσαὶ,
2478 2904 2570 2956 καὶ
2600 2904 2628 2955 6
2654 2905 3010 2977 ἀνιστάμενος
3051 2908 3241 2980 ἄρχειν
3280 2907 3470 2971 ἐθνῶν,
3521 2912 3606 2962 ἐπ’
3657 2911 3802 2982 αὐτῷ

2222 2994 2348 3065 ἔθνη
2391 2995 2687 3061 ἐλπιοῦσιν,
2734 2998 2829 3052 καὶ⁸
2866 2998 3017 3053 ἔσται
3051 3003 3086 3072 η
3113 3000 3420 3065 ἀνάπαυσις
3453 3001 3618 3055 αὐτοῦ
3645 3005 3798 3074 τιμή.

2145 3134 2188 3192 C
2222 3086 2331 3139 Kal.
2358 3086 2508 3140 ἔσται
2540 3089 2596 3140 ἐν
2628 3091 2692 3158 τῇ
2720 3089 2902 3162 ἡμέρᾳ
2926 3091 3128 3164 ἐκείνῃ,
3154 3091 3456 3165 προσθήσει
3486 3093 3686 3167 Κύριος
3708 3093 3797 3149 τοῦ

2223 3178 2393 3246 δεῖξαι
2414 3179 2513 3252 τὴν
2543 3184 2700 3254 χεῖρα
2731 3183 2918 3249 αὑτοῦ,
2953 3184 3046 3237 τοῦ
3081 3183 3322 3258 ζηλῶσαι
3363 3188 3458 3241 καὶ
3489 3188 3720 3260 ζητῆσαι
3743 3187 3802 3242 τὸ

2223 3272 2579 3342 καταλειφθὲν
2623 3274 2912 3329 ὑπόλοιπον
2955 3276 3046 3329 τοῦ
3095 3276 3226 3331 λαοῦ
3269 3277 3454 3342 αὑτοῦ,
3485 3280 3515 3332 ὃ
3544 3279 3610 3334 ἂν
3641 3297 3798 3334 κατα-

2223 3362 2410 3436 λειφθῇ
2442 3365 2548 3417 ὑπδ
2586 3365 2694 3419 τῶν
2751 3366 3071 3440 Ἀσσυρίων,
3103 3371 3197 3422 καὶ
3231 3360 3338 3423 ἀπὸ
3369 3371 3670 3440 Αἰγύπτου,
3709 3375 3794 3428 καὶ

2221 3455 2329 3509 ἀπὸ
2349 3456 2712 3521 Βαϐυλωνίας,
2749 3458 2844 3512 καὶ
2877 3459 2985 3512 ἀπὸ
3016 3459 3321 3526 Αἰθιοπίας,
3349 3464 3438 3518 καί
3479 3463 3795 3536 Ἐλαμιτῶν,

2221 3551 2314 3603 καὶ
2337 3551 2442 3604 ἀπὸ
2469 3552 2620 3622 ἡλίου
2646 3551 2939 3616 ἀνατολῶν,
2967 3553 3062 3607 καί.
3088 3554 3196 3608 ἀπὸ
3226 3555 3335 3608 τῶν
3357 3558 3540 3628 νήσων
3572 3559 3672 3630 τῆς
3709 3557 3794 3611 θα-

2220 3639 2444 3710 λάσσηςί
2468 3644 2561 3693 καὶ
2586 3642 2709 3712 ἀρεῖ
2736 3646 2961 3714 σημεῖον
2997 3646 3078 3708 είς
3111 3644 3179 3698 τὰ
3229 3646 3380 3719 ἔθνη,
3416 3651 3517 3703 καὶ
3560 3650 3684 3713 τοὺς
3718 3648 3794 3700 διο

2219 3734 2595 3804 εσπαρμένους
2636 3733 2802 3789 Ἰούδα
2829 3735 3040 3802 συνάξει
3066 3738 3131 3791 ἐκ
3153 3739 3262 3792 τῶν
3296 3743 3583 3816 τεσσάρων
3616 3739 3796 3812 πτερύ.

2219 3843 2330 3894 γων
2359 3828 2458 3908 τῆς
2491 3828 2614 3898 γῆς.
2648 3829 2914 3892 Πολλάκις
2933 3831 3094 3884 τινῶν
3123 3831 3430 3905 λεγομένων
3474 3835 3692 3890 ἔσεσθαι
3737 3835 3794 3886 ἐν

2217 3916 2470 3989 ἐπισήμῳ
2517 3913 2716 3992 ἡμέρα,
2759 3922 3035 3974 τουτέστιν
3073 3925 3131 3976 ἐν
3160 3925 3450 3997 ἐπιφανείᾳ
3474 3929 3688 4000 χρόνου,
3712 3927 3792 3982 λο-

2217 4009 2400 4081 γισμῷ
2435 4012 2756 4079 συνάγοντες
2794 4014 2894 4084 τὴν
2933 4014 3042 4067 τῶν
3074 4015 3416 4088 δηλουμένων
3454 4011 3789 4086 ἀκολουθίαν,

2218 4101 2310 4153 ἐπὶ
2336 4101 2434 4173 τὴν
2471 4103 2566 4155 τοῦ
2601 4101 2737 4156 Θεοῦ
2776 4106 3077 4176 παρουσίαν
3110 4109 3478 4182 ἀναφέρεσθαι
3514 4111 3788 4177 ἀπεδείξα-

2221 4212 2338 4265 μεν,
2374 4196 2496 4248 καθ’
2524 4196 2592 4266 ἦν
2623 4196 2714 4249 τοῦ
2743 4197 2941 4260 παντὸς
2990 4199 3256 4254 Ἰουδαίων
3275 4201 3462 4268 ἔθνους
3498 4206 3790 4260 ἀποπεσου·

2221 4287 2401 4356 μένου,
2441 4289 2693 4352 σπανίους
2723 4289 2872 4352 τινὰς
2895 4290 3232 4362 σωθήσεσθαι
3255 4294 3382 4357 τοὺς
3403 4295 3462 4362 ἐξ
3491 4297 3668 4350 αὐτῶν
3700 4313 3792 4349 κα-

2215 4376 2742 4451 ταλειφθησομένους
2773 4383 2821 4432 οἱ
2867 4380 2997 4436 θεῖοι
3033 4383 3251 4454 δηλοῦσι
3279 4385 3443 4454 λόγοι.
3493 4390 3575 4441 Ἥ
3602 4406 3663 4457 γε
3695 4389 3791 4458 μὴν

541 4475 594 4520 et
628 4463 773 4534 quod
804 4480 902 4536 per
929 4480 1049 4520 eam
1081 4463 1417 4535 signiﬁcatur
1444 4472 1678 4534 tempus,
1712 4474 1765 4520 et
1787 4482 1910 4538 quae
1942 4469 1998 4523 in
2047 4484 2114 4525 eo

2223 4471 2360 4541 μετά
2377 4473 2564 4542 χεῖρας
2589 4471 2732 4538 λέξις
2755 4474 2848 4526 καὶ
2869 4473 2966 4545 τὴν
2995 4476 3229 4546 ἡμέραν,
3250 4480 3457 4534 καὶτὸν
3479 4481 3527 4534 δι
3543 4481 3578 4536 ἀ
3604 4481 3794 4550 ταύτης

539 4567 798 4614 eventura
824 4564 1028 4622 essent,
1054 4556 1369 4628 planissime
1398 4556 1732 4612 demonstrat
1763 4577 1776 4611 :
1818 4573 1943 4613 cum
1969 4562 2111 4616 enim

541 4659 701 4704 canat
726 4664 792 4704 ex
821 4650 1030 4704 semine
1073 4647 1238 4702 David
1269 4647 1510 4703 futurum
1543 4649 1748 4704 Christi
1772 4658 2112 4718 ortum,cum

541 4756 606 4796 eo
631 4740 1116 4796 simnlJudzeorum
1149 4742 1273 4794 item
1309 4741 1522 4795 ruinam
1546 4741 1830 4810 praedicit;
1861 4743 1994 4798 dicit
2015 4760 2111 4798 au-

545 4842 652 4887 tem
680 4835 796 4889 sic:
831 4853 848 4884 ι
894 4833 1036 4889 Ecce
1057 4832 1365 4888 dominator
1396 4831 1659 4890 Dominus
1697 4835 1956 4902 Sabaoth,
1977 4853 2111 4892 con-

549 4926 784 4981 turbabit
814 4926 1083 4996 gloriosos
1117 4941 1239 4978 cuin
1271 4926 1498 4989 robore,
1530 4934 1582 4980 et
1625 4928 1824 4983 excelsi
1857 4928 2110 4983 humilia-

547 5019 770 5081 buntur.
802 5027 854 5072 et
883 5017 1077 5074 cadent
1114 5016 1312 5071 excelsi
1371 5018 1578 5087 gladio,
1627 5030 1680 5072 et
1718 5017 1957 5076 Libanus
1990 5036 2115 5074 cum

545 5111 777 5166 excelsis
805 5112 959 5166 cadet
989 5111 1054 5165 ⁸⁸.
1097 5130 1114 5161 ι
1148 5109 1317 5164 Porro
1353 5111 1438 5163 hic
1467 5109 1736 5190 Libanum
1768 5114 1941 5182 ipsam
1991 5109 2114 5167 Hie-

541 5201 778 5257 rusalem
813 5201 1038 5273 intelligi
1073 5203 1219 5268 vult,
1271 5203 1412 5258 sicut
1461 5203 1514 5257 in
1557 5204 1682 5259 aliis
1712 5204 2111 5262 demonstravi-

542 5306 705 5349 mus:
740 5309 904 5365 quam
932 5310 1057 5348 cum
1085 5295 1341 5350 omnibus
1375 5296 1490 5351 suis
1532 5296 1753 5361 fastum,
1788 5306 1841 5353 et
1889 5313 2115 5353 venera-

543 5383 742 5439 tionem
765 5401 875 5456 pra:
901 5403 959 5442 se
983 5387 1298 5452 ferentibus,
1331 5395 1385 5443 et
1407 5387 1661 5458 gloriosis
1688 5405 1938 5444 casuram
1960 5432 1974 5454 ,
2023 5391 2111 5447 hic

543 5475 820 5544 prophetat
871 5476 1028 5532 locus
1080 5477 1318 5531 minatur
1349 5497 1361 5532 :
1391 5479 1482 5548 qui
1528 5479 1745 5548 quidem
1781 5480 1870 5534 ubi
1921 5483 2107 5552 priora

541 5565 631 5620 i‘ila
660 5567 949 5637 explicavit
974 5609 989 5633 ,
1039 5569 1150 5624 haec
1186 5570 1442 5640 deinceps
1472 5571 1751 5639 adjnngit;
1788 5590 1803 5622 ι
1840 5571 1905 5626 Ει
1954 5589 2108 5644 egre-

2223 4563 2618 4634 σημαινόμενον
2653 4564 2862 4636 χρόνον,
2888 4566 2982 4619 καὶ
3005 4567 3073 4619 τά
3100 4569 3189 4621 ἐπὶ
3213 4569 3384 4641 τούτῳ
3415 4572 3789 4646 συμϐεϐηκότα

2220 4655 2517 4710 λευκότατα
2551 4657 2868 4728 παρίστησιν
2904 4659 3230 4726 θεσπίζουσα
3265 4664 3371 4736 γὰρ
3396 4664 3494 4737 τὴν
3529 4668 3598 4721 ἐκ
3631 4666 3787 4736 σπέρ-

2223 4763 2390 4816 ματος
2417 4745 2511 4798 τοῦ
2545 4747 2708 4799 Δαϐὶδ
2737 4750 3105 4822 γενησομένην
3138 4753 3231 4806 τοῦ
3273 4756 3509 4826 Χριστοῦ
3565 4758 3784 4828 γένεσιν,

2217 4835 2352 4907 ὁμοῦ
2381 4836 2474 4890 καί⁵
2497 4835 2595 4908 τὴν
2641 4837 2904 4894 Ἰουδαίων
2928 4841 3247 4897 ἀπόπτωσιν
3283 4851 3678 4918 προαναφωνεῖ·
3714 4845 3788 4900 λό-

2218 4929 2380 4997 γειδέ
2405 4928 2596 4994 οὕτως·
2631 4948 2648 4981 t
2695 4930 2824 4985 Ἰδοὺ
2854 4933 2916 5005 δὴ
2950 4934 2978 4986 6
3009 4935 3274 5010 δεσπότης
3313 4940 3514 5011 Κύριος
3549 4939 3782 5005 Σαϐαὼθ,

2221 5018 2543 5090 συνταράξει
2574 5021 2700 5084 τοὺς
2723 5021 2960 5088 ἐνδόξους
2997 5026 3136 5095 μετά
3167 5028 3369 5098 ἰσχύος,
3398 5032 3491 5085 καὶ
3523 5035 3574 5086 οἱ
3601 5030 3782 5103 ὑψηλοὶ

2216 5111 2727 5183 ταπεινωθήσονταιξ,
2771 5116 2862 5167 καὶ
2910 5118 3195 5172 πεσοῦνται
3221 5123 3272 5174 oi
3311 5122 3503 5194 ὑψηλοὶ
3526 5124 3778 5196 μαχαίραο

2216 5207 2244 5257 6
2270 5203 2327 5256 δὲ
2361 5203 2588 5268 Λίϐανος
2633 5205 2730 5258 σὺν
2774 5210 2885 5272 τοῖς
2924 5208 3148 5281 ὑψηλοῖς
3191 5217 3454 5270 πεσεῖται.
3505 5235 3524 5269 ι
3562 5215 3781 5270 Λίϐανον

2217 5295 2272 5347 δέ
2295 5295 2526 5348 ἐνταῦθα
2560 5296 2658 5368 τὴν
2711 5299 3063 5374 Ἰερουσαλὴμ
3103 5306 3418 5372 αἰνίττεται,
3458 5310 3534 5373 ὼς
3574 5312 3630 5363 ἐν
3665 5307 3777 5362 ἐτέ-

2221 5405 2333 5458 ροις
2371 5390 2748 5462 ἀπεδείξαμεν·
2781 5394 2848 5464 ἦν
2879 5397 3016 5466 μετά
3043 5400 3259 5454 πάντων
3296 5403 3404 5457 τῶν
3439 5405 3499 5457 ἐν
3521 5404 3655 5475 αὐτῇ
3703 5418 3779 5456 σε·

2219 5482 2366 5550 μνῶν
2379 5483 2471 5536 καὶ
2491 5483 2712 5550 ἐνδόξων
2738 5489 3020 5545 πεσεῖσθαι
3038 5495 3066 5546 6
3088 5492 3242 5560 λόγος
3260 5496 3490 5550 ἀπειλεῖ·
3508 5498 3598 5552 καὶ
3615 5492 3779 5550 ταῦτά

2213 5589 2274 5642 γε
2299 5578 2839 5647 προανατεινάμενος,
2876 5581 3004 5652 ἐξῆς
3025 5585 3283 5653 ἐπιλέγειο
3323 5606 3343 5638 ι
3379 5587 3488 5641 Καὶ
3510 5586 3780 5654 ἐξελεύσε-

612 5745 660 5778 ⁸⁸
691 5745 848 5800 Rom.
881 5762 956 5814 lx,
1007 5745 1098 5801 27.
1169 5745 1218 5777 "
1246 5745 1434 5801 Matth.
1459 5763 1520 5816 ν,
1550 5745 1632 5801 ιι.
1711 5747 1754 5778 ³⁵
1789 5743 1893 5804 lsa.
1938 5759 1993 5802 ιι
2049 5745 2116 5801 l0

2222 5786 2230 5803 .
2310 5743 2484 5804 "lsa.
2524 5765 2555 5805 ι
2610 5742 2796 5814 53,54
