4068 6206
197 337 313 391 M5

1089 328 1745 430 DEMONSTRATIONIS
1784 325 2242 384 EVANGELICE
2280 326 2407 382 LIB.
2454 325 2513 381 II.

3345 322 3442 375 ιιε

191 467 287 504 ται
321 448 515 518 ῥάϐδος
553 449 616 501 ὲκ
652 448 750 518 τῆς
800 448 951 518 ῥίζης
996 447 1211 509 Ἰεσσαὶ,
1257 449 1348 501 καὶ
1381 447 1536 511 ἄνθος
1568 449 1632 501 ἐκ
1672 448 1746 518 τῆ.

1873 444 2051 500 dietur
2077 444 2225 515 virga
2243 442 2306 498 de
2325 440 2505 497 radice
2524 440 2696 506 Iesse,
2718 441 2821 511 75
2849 451 2898 495 et
2925 440 3021 495 llos
3041 440 3104 494 de
3124 438 3302 493 radice
3318 438 3439 506 ejus

191 538 352 613 ῥίζης
392 539 554 594 αὑτοῦ
592 540 947 610 ἀναϐήσεται,
992 558 1009 585 ι
1041 540 1132 592 καὶ
1162 538 1230 591 τὰ
1261 537 1403 608 ἑξῆς.
1447 537 1767 606 Σαφέστσιτα

187 634 292 705 τὴν
321 637 386 686 ἐκ
412 632 562 704 ῥίζης
602 632 795 685 ‘Iasoai.
832 631 1030 702 (πατὴρ
1060 632 1114 684 δὲ
1143 628 1209 701 ῆν
1240 623 1394 693 οὗτος
1433 629 1524 682 τοῦ
1579 629 1763 697 Δαδὶδ)

186 726 409 793 γένεσιν
459 722 553 778 τοῦ
590 722 824 794 Χριστοῦ
864 723 1153 791 παριστὰς,
1199 724 1281 791 ἐφ’
1410 720 1618 789 γενέσει
1669 721 1765 791 τὴν

187 815 297 869 τῶν
330 815 502 867 ἐθνῶν
540 815 728 882 κλῆσιν
762 814 1020 885 πρότερον
1059 814 1156 883 μὲν
1192 814 1257 866 δι’
1283 813 1599 882 αἰνίγματος
1632 828 1763 883 προ-

188 910 407 981 φητικῷ
440 910 621 981 τρόπῳ
655 908 947 975 ἀναφωνεῖ·
989 905 1047 957 τὸ
1077 905 1201 974 γὰρ,
1252 922 1268 953 ι
1313 899 1765 972 Συμϐοσκηθήσε-

186 1018 278 1053 ται
316 1001 479 1063 λύκος
515 999 628 1070 μετ’
673 998 852 1069 ἀρνὸς,
898 996 991 1049 καὶ
1025 994 1282 1066 πάρδαλις
1307 994 1399 1045 σὺν
1434 992 1604 1063 ἐρίφῳ
1642 1007 1763 1042 συν-

183 1092 583 1153 αναπαύσεται,
620 1109 639 1143 υ
678 1091 770 1143 καὶ
798 1087 864 1141 τὰ
899 1087 1140 1150 τοιαῦτα,
1188 1086 1338 1138 οὐδὲν
1361 1084 1545 1154 ἕτερον
1578 1083 1610 1152 ἢ
1655 1082 1761 1134 τῶν

180 1185 398 1256 ἀγρίων
447 1185 537 1235 καὶ
581 1181 801 1253 ἀπηνῶν
841 1180 931 1233 τὸν
968 1180 1165 1249 τρόπον
1206 1179 1299 1230 καὶ
1357 1178 1518 1247 μηδὲν
1562 1176 1760 1247 θηρίων

178 1276 549 1346 διαφεῴντων
577 1272 765 1334 ἐθνῶν,
797 1272 894 1340 τὴν
925 1272 1016 1323 ἐπὶ
1060 1272 1148 1322 τὸν
1188 1269 1382 1339 εὐσεϐῆ
1416 1270 1507 1321 καὶ
1553 1268 1760 1338 ἥμερόν

185 1387 242 1423 τε
288 1372 387 1422 καὶ
433 1366 740 1420 κοινωνικὸν
781 1366 979 1435 τρόπον
1022 1362 1317 1435 μεταϐολὴν
1357 1362 1570 1433 ἐδήλου⁹
1608 1360 1761 1414 τοῦτο

182 1463 240 1516 δὲ
270 1459 406 1514 αὐτὸ
440 1462 518 1521 είς
553 1458 776 1529 ὕστερον
824 1458 1155 1529 γυμνότερον
1192 1456 1451 1518 διδάσκει,
1500 1454 1753 1523 φάσκωνι

183 1572 203 1604 ¢
266 1550 600 1623 Ἐνεπλήσθη
626 1552 657 1620 ἡ
690 1549 952 1620 σύμπασα
972 1550 1044 1620 γῆ
1066 1548 1159 1601 τοῦ
1182 1548 1382 1617 γνῶναι
1415 1549 1504 1601 τὸν
1532 1547 1755 1618 Κύριον,

181 1641 256 1706 ὣς
281 1642 427 1712 ὕδωρ
472 1640 603 1693 πολὺ
632 1640 999 1709 κατακαλύψει
1045 1638 1335 1703 θαλάσσας.
1378 1659 1397 1690 ι
1430 1639 1538 1693 Καὶ
1578 1638 1657 1690 ἔτι
1695 1654 1755 1705 γε

182 1736 341 1797 αὐτὸς
367 1734 554 1787 ἑαυτὸν
575 1732 888 1804 ἑρμηνεύων
913 1734 939 1785 6
964 1731 1297 1803 προφητικὸς
1317 1731 1471 1800 λόγος
1493 1730 1753 1799 ἐπιλέγειο

1876 536 2208 599 ascendet”,
2244 556 2261 588 ι
2282 545 2335 590 et
2353 543 2566 589 caetera.
2588 532 2642 587 In
2669 534 2867 603 quibus
2897 530 3355 592 manifestESSime,
3374 544 3443 583 ex

1875 629 2059 684 radice
2104 627 2257 683 Iesse
2304 628 2480 698 (pater
2521 634 2700 680 autem
2739 625 2827 679 hic
2872 623 2973 678 fuit
3019 621 3207 693 David)
3260 629 3439 675 ortum

1873 725 2073 780 Christi
2124 724 2413 795 significat,
2448 724 2502 783 in
2532 738 2640 792 quo
2674 730 2816 787 ortu,
2848 722 3182 776 vocationem
3200 719 3438 789 gentium

1873 817 2023 887 prius
2066 832 2161 887 per
2190 814 2481 886 quamdam
2536 812 2806 868 sermonis
2846 811 3254 874 obscuritatem,
3292 822 3442 862 more

1872 910 2184 979 prophetico
2206 908 2457 978 explicat.
2502 906 2633 961 Illud
2664 907 2806 962 enim
2849 925 2860 959 :
2904 924 2922 956 (
2968 904 3229 958 Pascctur
3278 898 3440 955 simul

1872 1003 2032 1073 lupus
2069 1017 2191 1056 cum
2222 1015 2381 1071 agno,
2408 1006 2461 1054 et
2492 998 2692 1068 pardus
2725 1012 2848 1051 cum
2893 997 3055 1051 haedo
3086 994 3245 1050 simul
3282 994 3438 1062 quie-

1871 1105 1984 1152 scet
2008 1097 2073 1160 '3,
2124 1117 2140 1147 ›
2168 1102 2221 1149 et
2252 1111 2371 1165 quae
2407 1101 2535 1150 sunt
2565 1091 2874 1162 hujusmodi
2906 1091 3038 1147 nihil
3083 1089 3227 1142 aliud
3278 1100 3437 1156 quam

1869 1190 2108 1257 gentium
2157 1188 2567 1251 indomitarum,
2605 1193 2653 1240 et
2707 1184 3046 1245 immanium,
3076 1189 3130 1236 et
3188 1181 3242 1233 in
3289 1178 3437 1233 nulla

1869 1296 1927 1334 re
1960 1297 1991 1334 a
2024 1280 2220 1341 belluis
2255 1280 2642 1341 dili'erentium,
2691 1277 2755 1331 ad
2788 1276 2906 1346 pios
2936 1283 2990 1330 et
3014 1280 3350 1336 mansuetos,
3381 1280 3436 1325 et

1866 1372 2013 1426 omni
2048 1373 2316 1427 charitate
2346 1370 2577 1425 refertos
2606 1384 2807 1429 mores,
2844 1366 3254 1429 conversionem
3291 1362 3436 1415 futu-

1867 1480 1980 1517 ram
2017 1464 2283 1519 indicant.
2319 1461 2423 1518 Sed
2454 1462 2557 1518 hoc
2599 1462 2777 1532 ipsum
2812 1460 2970 1516 docet
3005 1458 3249 1528 apertius
3282 1456 3335 1509 in
3367 1453 3433 1508 iis

1865 1571 1984 1625 qua:
2008 1564 2327 1625 sequuntur,
2365 1554 2445 1608 sic
2479 1553 2668 1607 dicens
2698 1571 2710 1605 :
2736 1571 2769 1602 .‹
2814 1551 3035 1621 Repleta
3064 1556 3147 1604 est
3180 1547 3435 1601 universa

1865 1654 2009 1698 terra
2042 1644 2353 1714 cognitione
2388 1641 2623 1705 Domini,
2661 1642 2803 1696 sicut
2843 1655 2983 1711 aqua
3022 1639 3189 1691 multa
3223 1636 3289 1689 ad
3340 1646 3434 1689 co-

1863 1735 2153 1805 opericnda
2182 1734 2353 1789 maria
2372 1733 2437 1787 ⁵⁸.
2479 1752 2496 1784 ι
2524 1731 2792 1786 Praeterea
2826 1734 2941 1801 ipse
2986 1730 3227 1799 seipsum
3264 1727 3431 1781 inter-

187 1845 203 1876 ι
252 1827 363 1879 Καὶ
404 1824 555 1878 ἔσται
585 1827 641 1878 ὲν
669 1828 735 1897 τῇ
775 1825 959 1896 ἡμέρᾳ
989 1825 1171 1894 ἐκείνῃ
1200 1824 1232 1894 ἡ
1263 1822 1386 1895 ῥίζα
1426 1824 1641 1885 Ἰεσσαὶ,
1665 1823 1746 1874 atati

1862 1836 2079 1897 pretans
2138 1842 2318 1882 sermo
2364 1825 2714 1895 propheticus
2755 1822 3035 1892 sequitur?
3083 1838 3100 1870 (
3150 1818 3214 1872 Et
3243 1819 3347 1873 erit
3374 1818 3429 1872 in

179 1921 205 1970 6
231 1916 588 1985 ἀνιστάμενος
609 1916 795 1987 ἄρχειν
822 1914 1009 1977 ἐθνῶν,
1032 1915 1116 1966 ἐπ’
1139 1914 1284 1984 αὐτῷ
1310 1914 1435 1986 ἔθνη
1453 1913 1725 1967 ἐλπιοῦσιν
1741 1932 1753 1944 ο

179 2010 269 2063 καὶ
296 2010 453 2067 ἔσται
488 2011 513 2080 ἢ
544 2009 847 2072 ἀνάπαυσις
878 2008 1044 2061 αὑτοῦ
1074 2011 1229 2080 τιμή.
1273 2029 1289 2060 ι
1338 2009 1552 2079 Ἐπειδὴ
1582 2009 1758 2062 τοίνυν

177 2099 438 2169 ἀνωτέρω
481 2100 581 2170 μὲν
627 2099 725 2171 τὴν
777 2100 1091 2154 ἀπόπτωσιν
1137 2101 1228 2154 τοῦ
1265 2101 1529 2153 Ἰουδαίων
1575 2099 1758 2164 ἔθνους

178 2192 474 2262 ζσήμαινεν
504 2190 1043 2263 ὲπικεκαλυμμένως,
1074 2192 1212 2263 μετά
1242 2192 1297 2245 δὲ
1320 2190 1490 2244 ταῦτα
1521 2191 1617 2263 τὴν
1648 2192 1755 2244 τῶν

178 2283 347 2337 ἐθνῶν
374 2283 585 2352 κλῆσιν,
616 2283 737 2337 τοτὲ
781 2284 879 2355 μὲν
926 2283 1372 2354 κεκαλυμμένως,
1416 2284 1534 2336 τοτὲ
1574 2284 1630 2336 δὲ
1657 2302 1754 2352 γυ-

179 2375 357 2445 μνῶςο
392 2376 616 2440 εἰκότως
644 2371 798 2440 αὖθις
824 2375 1284 2447 ὲπαναλαμϐἀνων
1312 2377 1402 2427 τὸν
1433 2376 1609 2444 λόγον,
1646 2376 1754 2428 τῶν

178 2471 237 2521 ἐκ
265 2468 568 2539 περιτομῆς
605 2471 683 2532 εἰς
725 2470 815 2522 τὸν
857 2469 1088 2539 Χριστὸν
1140 2468 1499 2522 πιστευόντων
1548 2486 1753 2540 μνημοο

175 2560 342 2623 νεύει,
373 2560 514 2632 ὑπὲρ
544 2560 638 2614 τοῦ
670 2562 744 2631 μὴ
771 2562 941 2633 πάντῃ
971 2561 1287 2615 ἀποκλεῖσαι
1332 2560 1508 2614 αὐτῶν
1548 2560 1645 2633 τὴν
1674 2563 1754 2624 είς

172 2649 263 2702 τὸν
300 2650 530 2721 Χριστὸν
560 2652 772 2706 ὲλπίδα”
798 2671 817 2703 ι
854 2653 1046 2705 Ἔσται
1083 2652 1180 2721 μὲν
1225 2652 1351 2723 γὰρ,
1388 2669 1407 2702 ι
1443 2653 1624 2722 φησιν,
1666 2670 1684 2702 ι
1724 2653 1753 2704 6

173 2740 528 2808 ἀνιστάμενος
558 2741 744 2813 ἄρχειν
774 2741 959 2796 ἐθνῶν.
1005 2761 1022 2793 ι
1057 2742 1151 2805 Τίς
1185 2742 1229 2795 δ’
1257 2738 1324 2811 ἦν
1350 2744 1377 2794 6
1396 2741 1751 2812 ἀνιστάμενος

174 2830 345 2900 ἀλλ’ἢ
376 2832 501 2900 ῥίζα
540 2832 633 2885 τοῦ
668 2834 882 2893 Ἰεσσαὶ,
922 2833 979 2886 ὃν
1015 2834 1109 2886 καὶ
1149 2833 1333 2903 σαφῶς
1367 2849 1529 2902 φησιν
1567 2831 1750 2903 ἄρξειν

173 2918 362 2980 δθνῶν,
408 2918 518 2971 ἀλλ’
559 2921 678 2990 ούχὶ
715 2920 965 2993 Ἰσραηλς
1014 2921 1229 2993 Ἐπειδὴ
1273 2920 1450 2974 τοίνυν
1482 2921 1748 2993 διαφόρως

171 3010 269 3081 τὴν
304 3010 410 3064 τῶν
436 3010 601 3064 ἐθνῶν
632 3013 962 3085 ἐπιστροφὴν
1002 3014 1094 3067 ἐπὶ
1126 3013 1217 3066 τὸν
1256 3016 1321 3069 ὲκ
1354 3012 1510 3084 ῥίζης
1556 3014 1748 3067 Ἰεσσαὶ

175 3101 347 3168 φύντα
403 3103 493 3154 καὶ
534 3101 903 3174 βλαστήσαντα
952 3103 1209 3173 ἐδίδαξεν,
1244 3103 1395 3155 οὐδὲν
1437 3100 1491 3153 δὲ
1540 3099 1754 3154 οὐδέπω

171 3192 413 3263 Χριστὸν
451 3196 576 3264 περὶ
623 3194 726 3247 τῶν
770 3196 834 3248 ὲκ
886 3195 1185 3266 περιτομῆς
1230 3196 1474 3265 εἰρήκειο

168 3284 231 3335 τὸ
286 3282 529 3347 meme;
576 3285 671 3354 τῆς
724 3289 1079 3358 προρρήσεως
1124 3286 1434 3347 ἀποδίδωσι,
1486 3287 1739 3356 φάσκων·

172 3393 191 3426 ι
246 3375 358 3427 Καὶ
393 3374 540 3429 ἔσται
573 3378 628 3430 ὲν
657 3380 720 3449 τῇ
774 3379 956 3451 ἡμέρα
1001 3379 1205 3452 ἐκείνῃ,
1249 3398 1267 3430 ι
1310 3378 1455 3431 τοῦτ’
1494 3378 1639 3431 ἐστιν
1687 3380 1743 3430 ὲν

165 3466 247 3538 τῷ
273 3467 455 3540 χρόνῳ
484 3471 578 3541 τῆς
610 3472 925 3542 ἐπιφανείας
957 3470 1051 3525 τοῦ
1094 3475 1157 3526 ὲκ
1192 3470 1349 3544 ῥίζης
1382 3470 1572 3525 Ἰεσσαὶ
1611 3471 1742 3540 φύν-

167 3577 279 3624 τος,
313 3579 333 3610 ι
372 3562 662 3633 προσθήσει
694 3562 893 3634 Κύριος
920 3562 1012 3619 τοῦ
1046 3562 1213 3627 δεῖξαι
1247 3562 1342 3633 τὴν
1376 3565 1534 3633 χεῖρα
1556 3563 1739 3628 αὑτοῦ,

167 3653 424 3723 ζητῆσαι,
451 3655 543 3707 καὶ
571 3653 809 3726 ζηλῶσαι
842 3655 901 3707 τὸ
940 3653 1290 3723 καταλειφθὲν
1329 3653 1614 3707 ὑπόλοιπον
1646 3653 1740 3706 τοῦ

166 3742 315 3805 λαοῦ,
347 3742 378 3796 ὃ
407 3744 472 3797 ἂν
503 3745 836 3818 καταλειφθῇ
868 3746 975 3800 ἀπὸ
1003 3745 1166 3799 τῶνδε
1199 3746 1293 3799 καὶ
1324 3744 1620 3797 τῶνδε-τῶν
1646 3762 1740 3796 πο-

167 3834 387 3904 λεμίων.
424 3856 443 3888 ι
493 3837 632 3889 Ἀνθ⁹
677 3832 738 3890 οὗ
788 3840 817 3891 6
872 3839 971 3908 μὲν
1017 3838 1244 3903 Ἀκύλας
1296 3838 1583 3905 πεποίηκε’
1628 3836 1740 3890 Καὶ

167 3925 312 3979 ισται
347 3930 409 3980 ὲν
439 3931 504 3998 τῇ
534 3929 715 3999 ἡμέρᾳ
747 3930 949 4001 ἐκείνῃ,
990 3929 1283 4001 προσθήσει
1318 3928 1520 3997 Κύριος
1560 3928 1741 3981 δεύτε-

169 4032 255 4087 ρον
285 4017 390 4086 τὴν
433 4021 589 4089 χεῖρα
632 4018 815 4082 αὑτοῦ,
857 4019 949 4072 τοῦ
1000 4018 1299 4090 κτήσασθαι
1330 4019 1392 4072 τὸ
1426 4018 1739 4089 ὑπόλειμμα

170 4106 252 4159 τοῦ
282 4106 417 4161 λαοῦ
450 4108 636 4173 αὐτοῦ,
676 4110 704 4163 ὃ
746 4109 1201 4181 ύπολειφθήσεται
1251 4111 1359 4164 ἀπὸ
1401 4110 1508 4163 τῶν
1548 4110 1738 4177 Ἀσσυ-

172 4201 313 4269 ρίων,
339 4201 437 4254 καὶ
465 4201 572 4254 τῶν
596 4201 736 4272 ἑξῆς.
766 4203 992 4274 Νοήσεις
1016 4204 1071 4256 δὲ
1091 4203 1183 4257 καὶ⁹
1195 4202 1426 4256 ἐνταῦθα
1452 4203 1736 4275 πολεμίους

168 4292 250 4345 τοῦ
277 4293 414 4347 λαοῦ
443 4292 536 4346 τοῦ
565 4293 700 4347 Θεοῦ
733 4296 953 4367 νοητούς
989 4314 1141 4360 τινας
1172 4297 1263 4351 καὶ⁸
1312 4296 1732 4366 πνευματικοὺς,

165 4385 273 4455 ἦτοι
306 4386 565 4457 δαίμονας
597 4390 881 4459 πονηροὺς,
907 4390 939 4460 ἢ
975 4388 1228 4460 δυνάμεις
1264 4390 1637 4459 ἀντικειμένας
1656 4386 1733 4457 τῷ

164 4476 301 4548 λόγῳ
331 4477 658 4544 θεοσεόείας,
681 4479 751 4543 οἰ,
775 4479 881 4533 τῶν
912 4482 1417 4551 κατωνομασμένων
1439 4479 1606 4536 ἐθνῶν
1638 4478 1734 4530 πά-

1859 1916 1947 1972 die
1985 1918 2096 1981 illa,
2130 1917 2282 1973 radix
2318 1916 2488 1980 Jcsse,
2521 1924 2574 1971 et
2596 1916 2688 1985 qui
2724 1915 2896 1983 surgit
2925 1922 2983 1967 ut
3008 1913 3234 1983 imperet
3257 1910 3431 1981 genti-

1856 2010 1979 2074 bus,
2011 2009 2065 2062 in
2103 2023 2167 2063 eo
2195 2017 2379 2080 gentes
2414 2009 2715 2078 sperabunt
2753 2027 2765 2062 :
2809 2015 2863 2062 et
2907 2006 3011 2061 erit
3046 2004 3262 2075 requies
3310 2002 3430 2070 ejus

1856 2114 1980 2153 cum
2012 2100 2298 2155 honore”.
2340 2121 2357 2152 ι
2399 2099 2666 2165 Quoniam
2702 2099 2867 2168 igitur
2901 2096 3153 2166 superius
3190 2092 3439 2149 Iudaicae.

1856 2192 2033 2261 gentis
2065 2192 2276 2245 ruinam
2313 2192 2553 2247 involute
2585 2191 2930 2262 significavit,
2967 2195 3090 2258 post
3129 2203 3258 2241 vero
3293 2203 3427 2257 gen-

1855 2282 1992 2335 tium
2040 2283 2399 2345 vocationem,
2460 2297 2607 2336 nunc
2648 2280 2866 2351 quidem
2926 2279 3243 2339 involulius,
3283 2293 3426 2331 nunc

1855 2380 2036 2426 autem
2083 2373 2441 2444 explicatius:
2479 2373 2673 2431 merito
2727 2386 2918 2427 rursus
2971 2368 3220 2425 eumdem
3272 2385 3429 2439 repe-

1854 2474 1976 2519 tens
2031 2480 2361 2529 sermonem,
2414 2464 2481 2519 de
2533 2464 2599 2519 iis
2634 2463 2728 2533 qui
2784 2478 2849 2517 ex
2906 2462 3323 2517 circumcisione
3370 2462 3433 2517 in

1853 2557 2132 2612 Christum
2164 2557 2424 2611 credituri
2454 2565 2602 2620 sunt,
2638 2559 2965 2612 mentionem
3004 2554 3153 2617 facit,
3187 2570 3253 2608 ne
3276 2553 3425 2608 omni

1852 2647 2064 2703 ratione
2111 2661 2141 2699 a
2189 2645 2410 2702 Christo
2457 2663 2607 2716 Spem
2656 2648 2871 2702 illorum
2926 2645 3196 2701 excludat.
3235 2663 3253 2695 ι
3310 2644 3426 2698 Erit

1852 2742 2018 2803 enim,
2072 2738 2269 2811 inquit,
2318 2739 2411 2808 qui
2460 2742 2652 2807 surgit,
2705 2748 2763 2791 ut
2819 2738 3047 2806 imperet
3081 2736 3354 2805 gentibus.
3399 2755 3418 2786 ι

1854 2829 1959 2884 Sed
1995 2829 2118 2899 quis
2146 2829 2364 2887 tandem
2401 2828 2488 2881 hic
2518 2837 2601 2883 est
2625 2830 2717 2900 qui
2741 2829 2937 2899 surgit,
2976 2826 3081 2880 nisi
3113 2825 3267 2880 radix
3299 2823 3437 2913 ἔδει-θ

1852 2923 1947 2978 se?
1977 2937 2138 2992 quem
2170 2920 2333 2977 etiam
2368 2922 2619 2991 gentibus
2645 2937 2753 2977 non
2788 2921 2892 2991 ipsi
2923 2920 3091 2975 Israel
3126 2921 3424 2990 imperatu-

1849 3028 1970 3067 rum
1999 3012 2246 3067 aIIirmat.
2284 3012 2550 3080 Quoniam
2580 3028 2710 3082 ergo
2740 3013 2889 3067 varie
2912 3012 3095 3066 docuit
3132 3012 3270 3066 hanc
3291 3027 3425 3083 gen-

1852 3105 1986 3159 tium
2040 3106 2477 3168 conversionem,
2514 3105 2581 3159 ad
2617 3122 2738 3160 eum
2783 3105 2873 3176 qui
2924 3105 2991 3160 de
3050 3105 3236 3159 radice
3268 3102 3423 3160 Jesse

1524 3194 1747 3256 εἰκότως
1773 3185 1815 3241 C
1849 3203 2123 3259 nascetur.
2154 3203 2208 3251 et
2232 3197 2536 3267 pullulabit,
2569 3196 2798 3251 necdum
2846 3197 2973 3251 boni
3032 3197 3328 3266 quidquam
3354 3200 3424 3251 de

1850 3287 1917 3342 iis
1938 3288 2031 3357 qui
2056 3288 2110 3341 in
2140 3288 2561 3343 circumcisione
2596 3298 2744 3355 sunt,
2768 3289 3018 3359 protulit:
3049 3290 3243 3343 merito
3272 3289 3421 3359 quod

1849 3378 2185 3451 praedictioni
2208 3379 2478 3447 ejusmodi
2528 3378 2734 3443 deerat,
2776 3380 2974 3444 reddit,
3006 3379 3195 3439 dicens
3233 3398 3245 3433 :
3287 3399 3305 3432 ι
3352 3379 3419 3433 Et

1848 3468 1949 3521 erit
1989 3468 2042 3521 in
2091 3468 2180 3523 die
2230 3469 2345 3533 illa,
2384 3488 2403 3520 ι
2440 3469 2543 3524 hoc
2573 3478 2680 3539 est,
2707 3471 2762 3525 in
2802 3472 2895 3525 illo
2925 3479 3169 3543 tempore
3218 3472 3272 3526 in
3307 3489 3429 3543 quo.

1849 3559 2096 3613 adveniet
2121 3559 2170 3615 is
2189 3560 2280 3629 qui
2313 3566 2535 3616 orturus
2562 3570 2647 3616 est
2681 3562 2748 3617 de
2775 3564 2959 3618 radice
3007 3561 3180 3628 Iesse,
3219 3583 3237 3617 ι
3275 3565 3420 3633 adji-

1847 3651 1953 3706 ciet
1989 3650 2246 3707 Dominus
2277 3653 2654 3709 demonstrare
2692 3670 2912 3709 manum
2942 3671 3118 3720 suam,
3154 3664 3213 3709 ut
3245 3673 3415 3710 temu-

1848 3744 2008 3806 letur,
2040 3753 2093 3797 et
2130 3752 2338 3821 quaerat
2361 3744 2507 3814 quod
2553 3746 2876 3799 remanserit
2910 3746 3180 3816 reliquum
3207 3748 3411 3816 populi.

1846 3847 2172 3903 quocunque
2198 3834 2449 3889 relictum
2498 3834 2662 3890 fuerit
2696 3835 2769 3905 “,5
2799 3853 2817 3885 ›
2856 3841 2950 3887 aut
2983 3836 3051 3889 ab
3080 3835 3186 3898 his.
3220 3844 3313 3889 aut
3346 3837 3415 3888 ab

1845 3924 1953 3979 illis
1980 3924 2249 3979 hostibus.
2284 3923 2455 3991 Quem
2484 3925 2704 3996 quidem
2738 3926 2916 3980 locum
2947 3925 3142 3996 Aquila
3175 3926 3249 3979 ita
3280 3941 3410 3980 con-

1846 4014 2075 4070 vertitzt
2116 4014 2179 4070 Et
2206 4015 2310 4071 erit
2362 4016 2417 4070 in
2474 4016 2561 4071 die
2619 4016 2731 4079 illa,
2760 4016 2980 4086 adjiciet
3030 4015 3294 4072 Dominus
3328 4032 3414 4072 se—

1846 4107 2024 4164 cundo
2054 4122 2271 4161 manum
2310 4122 2466 4161 suam
2490 4108 2556 4162 ad
2584 4109 2975 4178 acquirendum
3012 4106 3289 4164 residuum
3314 4123 3413 4177 po-

1844 4202 1957 4273 puli
1990 4204 2096 4270 sui,
2118 4201 2262 4273 quod
2291 4203 2632 4273 relinquetur
2655 4202 2722 4257 ab
2762 4202 3025 4274 Assyriis,
3065 4220 3085 4255 ι
3110 4210 3164 4257 et
3193 4208 3409 4257 caetera.

1842 4293 2107 4350 Caeterum
2154 4280 2270 4348 haec
2324 4309 2543 4365 quoque
2587 4304 2641 4350 te
2688 4294 3040 4350 considerare
3090 4292 3409 4363 oportebit:

1842 4388 2030 4443 hostes
2063 4388 2248 4456 populi
2277 4386 2371 4442 Dei
2400 4389 2704 4444 censendos
2742 4386 3115 4457 intelligibiles
3142 4386 3411 4455 quosdam

1840 4487 1896 4534 et
1948 4479 2280 4549 spirituales,
2326 4483 2431 4535 hoc
2469 4487 2573 4542 est,
2611 4480 2783 4534 malos
2844 4478 3142 4544 diemones,
3172 4478 3286 4534 sive
3315 4492 3412 4549 po-
3476 4498 3477 4501 η

163 4566 246 4618 λαι
271 4545 547 4640 ’πρότερον
578 4570 823 4640 ἀοράτως
862 4545 1221 4642 προεστῶτες,
1243 4545 1354 4634 *τὰς
1394 4569 1569 4641 ψυχὰς
1604 4570 1731 4621 ἑπο-

1851 4545 2083 4637 ‘estaies,
2121 4568 2435 4641 quaeVerbo
2466 4571 2841 4626 adversentur.
2877 4569 2941 4623 Hi
2981 4587 3145 4641 porro
3178 4545 3410 4625 suntvilli

161 4658 408 4729 λιόρκουν
431 4658 522 4711 τοῦ
557 4660 792 4732 Ἰσραὴλ,
826 4660 1088 4726 ποικίλοις
1132 4662 1355 4717 πάθεσιν
1390 4660 1556 4724 αὐτὰς
1582 4675 1736 4731 περι-

161 4749 468 4811 δάλλοντες,
509 4749 867 4821 ὑποσύροντές
910 4768 971 4805 τε
1009 4753 1101 4805 καὶ⁹
1142 4752 1629 4823 αἰχμαλωτίζοντες
1657 4752 1737 4812 εἰς

158 4842 245 4893 τὸν
277 4842 469 4911 ὅμοιον
495 4841 591 4911 τῆς
616 4841 724 4894 τῶν
769 4841 1077 4911 ἀλλοφύλων
1100 4844 1320 4913 ἀγωγῆς
1361 4844 1494 4913 βίον.
1531 4842 1732 4895 Τούτου

156 4931 217 5002 δὴ
245 4928 343 4984 οὖν
394 4931 593 4994 παντὸς
638 4932 821 5001 σχεδὸν
861 4935 1031 4986 εἰπεῖν
1074 4934 1167 4988 τοῦ
1213 4926 1339 4987 λαοῦ
1381 4935 1520 4988 κατὰ
1559 4933 1734 5003 ψυχὴν

158 5018 508 5091 αἰχμαλώτου
540 5021 827 5091 ληφθέντος
854 5023 956 5075 ὑπὸ
983 5023 1091 5076 τῶν
1118 5023 1520 5094 δεδηλωμένων,
1554 5024 1601 5075 οί
1638 5038 1740 5090 φυ-

158 5114 447 5185 λαχθέντες
487 5113 579 5166 καὶ
624 5114 1070 5183 καταλειφθέντες
1122 5116 1353 5187 ἄτρωτοι
1402 5118 1492 5169 καὶ
1547 5113 1732 5169 ἀσυλοι

159 5206 298 5259 κατά
325 5206 425 5276 τὴν
453 5207 778 5281 πρρφητείαν
797 5208 894 5277 τῆς
914 5207 1243 5279 δηλουμένης
1274 5207 1600 5277 ἐπαγγελίας
1620 5206 1733 5260 τεύι

159 5296 360 5365 ξονται,
401 5296 651 5368 ὀψόμενοι
686 5300 779 5353 τοῦ
822 5299 1025 5371 Κυρίου
1071 5300 1167 5371 τὴν
1209 5303 1366 5370 χεῖρα
1409 5302 1501 5353 καὶ
1546 5299 1730 5369 κτῆμα

160 5386 326 5441 αὑτοῦ
352 5388 723 5459 γενησόμενοι,
759 5391 896 5443 κατὰ
926 5390 985 5442 τὸ
1019 5391 1224 5458 φάσκον
1254 5392 1427 5459 λόγιον
1448 5409 1460 5421 ·
1502 5410 1519 5442 ι
1558 5393 1730 5463 Προσ-

162 5477 316 5547 θὴσει
341 5478 543 5548 Κύριος
564 5480 655 5533 τοῦ
679 5480 845 5549 δεῖξαι
872 5482 967 5553 τὴν
988 5485 1145 5555 χεῖρα
1171 5483 1355 5545 αὑτοῦ,
1371 5483 1462 5537 τοῦ
1490 5484 1728 5555 ζηλῶσαι

162 5569 219 5620 τὸ
252 5570 610 5639 καταλειφθὲν
638 5573 923 5627 ὑπόλοιπον
951 5575 1042 5627 τοῦ
1074 5574 1224 5632 λαοῦ.
1261 5595 1280 5625 ι
1314 5577 1376 5628 Τί
1404 5576 1458 5629 δὲ
1495 5578 1725 5649 προσθή-

226 5753 265 5790 ιτ
298 5750 399 5806 Isa.
440 5769 515 5817 ιι,
564 5753 613 5808 I.
688 5755 732 5787 ³³
768 5752 893 5819 Ibid.
928 5755 980 5810 8.
1059 5756 1101 5788 ⁸⁹
1132 5754 1264 5811 Ibid.
1299 5755 1351 5811 9.
1429 5759 1470 5790 ‘°
1504 5757 1636 5817 Ibid.
1669 5760 1749 5816 IO.

1834 4660 1927 4729 qui
1957 4660 2083 4713 olim
2120 4659 2184 4714 iis
2216 4660 2469 4729 gentibus
2499 4676 2620 4730 qua:
2654 4660 2739 4714 hic
2775 4662 3067 4716 nominata:
3115 4662 3224 4734 76
3257 4670 3405 4725 sunt,

1833 4749 2178 4805 invisibiliter
2192 4760 2476 4820 praeerant,
2492 4759 2544 4806 et
2557 4752 2768 4806 animas
2786 4752 2949 4806 Israel
2967 4741 3405 4814 vastabant,cum

1832 4857 1927 4897 eas
1954 4843 2009 4895 in
2037 4842 2219 4897 varios
2252 4842 2477 4897 eﬂ'ectus
2504 4842 2843 4908 inducerent,
2882 4850 2935 4900 et
2967 4846 3213 4915 captivas
3258 4844 3406 4898 face-

1834 4938 1976 4995 rent,
2000 4939 2054 4984 et
2085 4931 2151 4986 ad
2181 4947 2386 4987 morem
2412 4933 2610 4995 victus.
2641 4933 2940 4988 alienarum
2970 4936 3209 5008 gentium
3240 4935 3406 4989 victui

1836 5025 2089 5088 similem,
2130 5025 2493 5093 attraherent._
2536 5025 2673 5081 Cum
2736 5027 2902 5097 igitur
2956 5027 3045 5080 hic
3090 5026 3402 5088 universus.

1836 5132 2003 5191 prope
2032 5118 2282 5182 dixerim,
2311 5119 2578 5189 populus,
2607 5119 2806 5175 animis
2841 5119 3018 5174 factus
3058 5125 3203 5173 esset
3233 5119 3407 5189 capti»

1834 5226 1934 5265 vus
1971 5210 2038 5264 ab
2070 5211 2162 5275 iis,
2196 5228 2333 5281 quos
2363 5213 2602 5270 diximus
2638 5215 3019 5283 liostibus,qui
3055 5213 3280 5277 servati,
3317 5229 3405 5266 re-

1835 5304 2055 5373 lictique
2083 5314 2212 5361 sunt
2239 5306 2357 5361 sine
2393 5307 2635 5370 vulnere,
2670 5324 2778 5363 non
2816 5305 3030 5377 spoliati
3062 5307 3177 5362 suis
3218 5307 3403 5371 rebus.

1836 5395 2164 5464 promissum
2206 5396 2360 5461 illud,
2396 5397 2464 5453 de
2509 5415 2620 5468 quo
2647 5398 2932 5468 praplietia
2962 5398 3225 5467 loquitur,
3264 5398 3406 5453 obti-

1834 5487 2041 5541 nebunt
2072 5505 2085 5539 :
2117 5494 2302 5556 utpote
2330 5491 2424 5559 qui
2459 5488 2632 5545 visuri
2661 5492 2772 5546 sint
2817 5504 3037 5544 manum
3072 5488 3310 5556 Domini,
3348 5500 3413 5547 et

1833 5578 1980 5635 illius
2010 5580 2287 5649 possessio
2319 5579 2517 5649 futuri;
2560 5582 3021 5654 quemadmodum
3060 5583 3193 5638 illud
3244 5584 3414 5657 habet:

1828 5762 1868 5792 "
1904 5761 2037 5817 Ibid.
2075 5764 2157 5818 II.
