3974 6208
2452 100 2475 137 δ

504 310 622 373 ’ὶΠ
1114 306 1377 364 EUSEBII
1414 302 1890 387 CESARIENSIS
1927 303 2073 360 OPP.

2183 303 2297 361 iRS
2338 305 2401 362 II.
2438 336 2510 346 —
2548 301 3049 361 APOLOGETICﬁ.
3654 307 3752 363 με

514 430 796 486 oraculum
836 424 981 496 quod
1020 418 1099 477 ita
1147 421 1224 491 ait
1266 408 1287 475 Ξ
1317 437 1336 471 ι
1383 417 1619 489 Adjicict
1666 415 1931 473 Dominus
1987 419 2082 472 de-

2188 433 2266 471 σει
2294 417 2525 490 Κύριος;
2550 418 2687 473 ἀλλά
2712 419 2819 492 γὰρ
2850 417 2988 490 πρὸς
3018 409 3100 476 οἷς
3134 416 3279 486 ἅπαξ
3311 417 3618 488 ἐπεδείξατο
3651 421 3757 477 πά-

510 528 822 575 monstrare
860 526 1078 567 manum
1114 524 1295 575 suam,
1327 516 1387 563 ut
1418 509 1702 564 aemuletur
1744 507 1817 564 ob
1856 506 1907 561 id
1938 507 2079 577 quod

2188 508 2270 562 λαι
2293 509 2553 582 πρότερον
2577 510 2665 564 διὰ
2693 512 2800 566 τῶν
2833 509 3144 583 προφητῶψ
3180 530 3198 562 ι
3232 506 3608 584 Προσεγενήθη
3636 514 3757 585 χεὶρ

518 606 845 666 remanserit
880 604 1150 674 reliquum
1194 601 1400 673 pOpuli.
1434 619 1452 654 ι
1486 598 1627 667 Quid
1655 607 1835 669 autem
1869 596 2086 669 adjiciet

2190 599 2411 672 Κυρίου,
2455 602 2551 655 καὶ
2576 602 2800 665 ’τούτοις
2839 600 3177 656 διασωθεῖσιν
3217 603 3327 657 ἀπὸ
3370 602 3471 674 τῆς
3506 603 3759 669 πτώσεως

518 697 819 755 Dominus?
845 711 1059 766 nempe,
1086 695 1154 751 iis
1187 709 1325 765 quos
1347 694 1514 750 semel
1539 690 1815 762 quondam
1847 706 1945 763 per
1969 706 2087 762 pro-

2192 690 2278 744 τοῦ
2306 692 2505 756 παντὸς
2529 691 2684 756 λαοῦ,
2713 692 2783 746 τὰ
2821 691 3073 746 λείποντα
3121 696 3234 758 τοῖς
3276 694 3556 766 προτέροις
3593 711 3761 767 προσ-

518 792 711 861 phetas
733 785 974 843 ostendit
1009 785 1275 856 :Adjecta
1301 796 1385 844 est
1419 802 1618 844 manus
1653 785 1968 851 Domini,ut
1999 783 2087 841 bis

2196 777 2388 851 θήσειν.
2422 799 2439 831 ι
2465 780 2648 835 Ταῦτα
2668 781 2724 834 δὲ
2752 777 2818 852 ἦν
2838 780 2904 834 τά
2930 782 3027 853 τῆς
3046 782 3238 853 καινῆς
3259 782 3530 854 Διαθήκης
3561 784 3765 856 μυστή-

520 881 654 952 ipsis
684 879 849 935 veluti
886 879 956 935 de
1010 881 1181 936 totius
1237 880 1426 951 populi
1474 879 1633 935 ruina
1684 878 1935 943 servatis,
1967 892 2088 948 qua:

2195 885 2300 941 ρια,
2333 869 2421 923 διὰ
2450 869 2551 941 τῆς
2578 870 2759 941 χειρὸς
2790 869 2883 923 τοῦ
2916 872 3120 943 Κυρίου
3152 873 3469 944 δεδειγμένα
3494 873 3570 945 τῷ
3603 889 3764 929 καταο

518 972 794 1044 pi‘iorihus
832 972 1078 1038 deerant,
1106 972 1553 1044 adjungerentur.
1585 970 1710 1027 Haec
1740 985 1903 1043 porro
1931 977 2087 1027 erant

2193 962 2454 1033 λειφθέντι
2486 965 2594 1017 ἀπὸ
2619 962 2711 1016 τοῦ
2741 961 2890 1016 λαοῦ.
2922 964 3081 1018 Ἀλλά
3097 967 3190 1019 καὶ
3216 964 3308 1019 τοῦ
3339 964 3576 1037 ζηλῶσαι
3600 983 3762 1039 φησιν

516 1066 654 1122 Novi
706 1066 1042 1123 Testameuti
1097 1066 1393 1138 mysteria,
1451 1080 1573 1136 qua:
1638 1078 1802 1118 manu
1874 1061 2085 1117 Domini

2198 1055 2247 1109 τὸ
2274 1053 2629 1124 καταλειφθὲν
2652 1055 2942 1110 ὑπόλοιπον
2971 1056 3067 1110 τοῦ
3090 1056 3243 1111 λαοῦ.
3288 1057 3430 1111 Ἀνθ’
3457 1050 3519 1111 οῦ
3543 1057 3767 1130 συμφώ-

515 1165 739 1215 ostensa
762 1164 891 1214 sunt
914 1156 963 1211 ei
994 1155 1136 1227 parti
1167 1170 1288 1227 quae
1315 1155 1382 1210 de
1408 1154 1609 1226 popqu
1638 1155 1829 1210 relicta
1855 1163 1959 1210 est.
1979 1151 2084 1209 Sed

2197 1164 2295 1211 νως
2327 1149 2356 1201 ὁ
2395 1145 2623 1211 Ἀκύλας
2649 1148 2740 1201 καὶ
2771 1146 3084 1214 Θεοδοτίων,
3113 1147 3204 1202 τοῦ
3224 1148 3545 1221 κτήσασθαι,
3578 1149 3766 1220 φησὶν,

517 1251 705 1315 etiam,
737 1268 755 1302 ι
804 1257 863 1304 ιιι
891 1249 1198 1313 aemuletur,
1226 1248 1421 1319 inquit,
1450 1247 1520 1302 ob
1549 1246 1603 1301 id
1642 1246 1787 1317 quod
1815 1262 2086 1302 remanse-

2201 1240 2248 1294 ιδ
2270 1240 2582 1312 ὑπόλειμμα
2607 1239 2701 1294 τοῦ
2721 1239 2848 1294 λαοῦ
2873 1241 3056 1306 αὑτοῦ,
3078 1241 3106 1295 ὃ
3136 1241 3202 1296 ἂν
3230 1242 3501 1315 καταλίπῃ
3527 1243 3637 1297 ἀπὸ
3667 1242 3770 1298 τῶν

516 1344 592 1399 rit
628 1343 897 1415 reliquum
926 1339 1130 1412 pepuli.
1173 1360 1192 1392 ι
1229 1338 1337 1394 Pro
1378 1354 1487 1410 quo
1538 1338 1733 1410 Aquila
1758 1345 1810 1395 ct
1840 1338 2085 1394 Theodo-

2202 1334 2497 1404 Ἀσσυρίων
2547 1333 2641 1389 καὶ
2686 1333 2794 1386 ἀπὸ
2840 1331 2947 1387 τῶν
3005 1332 3204 1387 λοιπῶν
3251 1333 3523 1406 πολεμίων
3575 1333 3768 1389 ἐθνῶν.

518 1436 633 1490 tion
650 1433 1016 1498 concorditer,
1040 1451 1058 1484 ι
1089 1431 1157 1487 ad
1171 1431 1583 1503 acquirendum,
1614 1451 1634 1484 ι
1655 1431 1929 1503 inquiunt,
1953 1450 1970 1483 ι
2002 1448 2087 1487 re-

2202 1424 2358 1477 Γοῦτο
2402 1423 2459 1477 δὲ
2492 1423 2554 1476 τὸ
2598 1423 2952 1493 καταλειφθὲν
2980 1423 3071 1477 τοῦ
3120 1424 3250 1478 λαοῦ
3291 1425 3578 1480 ὑπόλοιπον
3622 1426 3771 1496 ἀρεῖ,

519 1525 737 1581 siduum
773 1524 953 1597 populi
986 1525 1093 1589 sui,
1141 1524 1505 1596 quodcunque
1546 1525 1793 1579 relictum
1831 1523 1989 1579 fuerit
2020 1524 2088 1579 ab

2205 1515 2375 1588 ρησὶν,
2403 1518 2626 1586 σημεῖον
2656 1517 2736 1580 είς
2764 1514 2830 1568 τὰ
2852 1514 3004 1588 έθνη·
3037 1516 3224 1586 σαφῶς
3253 1516 3320 1571 δι’
3344 1515 3523 1571 αὐτῶν
3545 1517 3607 1569 τὸ
3648 1518 3774 1571 ἐαυ-

518 1614 784 1686 Assyriis,
819 1634 843 1668 ι
872 1626 926 1670 et
947 1629 978 1668 a
1012 1615 1240 1686 reliquis
1270 1616 1511 1671 inimicis
1542 1615 1814 1687 gentibus.
1842 1614 1956 1670 Hoc
1991 1630 2087 1669 au-

2209 1607 2283 1661 :oii
2316 1611 2540 1680 σημεῖον
2568 1611 2597 1663 ὁ
2626 1608 2828 1681 Κύριος
2851 1610 2909 1662 ἐν
2936 1609 3067 1662 πᾶσι
3100 1612 3212 1674 τοῖς
3239 1609 3447 1664 ἔθνεσιν
3472 1608 3778 1664 ἐπιδεικνύ-

520 1717 626 1760 ιοιιι
669 1705 813 1776 quod
862 1706 1111 1760 relictum
1166 1705 1327 1761 fuerit
1371 1705 1439 1761 de
1478 1707 1700 1777 populo,
1756 1725 1776 1758 ι
1842 1706 2083 1771 extollet,

2210 1715 2355 1763 ιενος
2375 1716 2388 1729 ·
2419 1700 2514 1754 καὶ
2547 1698 2763 1765 συνάξει
2804 1699 2869 1752 δι’
2902 1699 3076 1754 αὑτῶν
3105 1701 3231 1765 τοὺς
3263 1702 3633 1774 ἀπολομένους
3681 1703 3779 1758 Ἰσ-

519 1798 716 1868 inquit,
750 1799 986 1868 .siguutn
1037 1801 1089 1853 in
1124 1807 1312 1871 gentes
1346 1817 1359 1854 :
1404 1818 1423 1851 ι
1457 1815 1553 1870 per
1610 1814 1706 1855 eos
1743 1799 1886 1855 enim
1928 1799 2087 1870 plane

2213 1790 2350 1861 ›αὴλ,
2383 1790 2476 1844 καὶ
2500 1793 2628 1855 τοὺς
2657 1791 3086 1864 διεσπαρμένους
3123 1793 3317 1858 Ἰούδα,
3366 1770 3563 1849 ἐκντῶν
3590 1795 3782 1850 mead:

519 1888 786 1944 Dominus
815 1889 1031 1960 signum
1069 1906 1230 1945 suum
1262 1891 1316 1944 in
1351 1890 1569 1946 cunctis
1594 1891 1847 1961 gentibus
1883 1890 2088 1962 patefe-

2208 1899 2303 1936 οων
2336 1881 2620 1954 πτερύγων
2658 1883 2757 1954 τῆς
2801 1884 2905 1954 γῆς
2941 1884 3034 1937 ἐπὶ
3082 1885 3174 1938 τὸν
3216 1885 3450 1957 Χριστὸν
3488 1885 3584 1939 τοῦ
3614 1885 3777 1952 Θεοῦ,

520 1981 616 2046 cit,
641 1987 695 2037 et
723 1997 821 2052 per
840 1981 1061 2038 eosdem
1097 1983 1317 2052 collegit
1358 1998 1475 2050 eos,
1506 1983 1601 2053 qui
1632 1999 1698 2038 ex
1726 1982 1891 2039 Israel
1919 1988 2089 2055 perie-

2211 1972 2279 2028 ῖιά
2316 1973 2410 2027 τοῦ
2444 1974 2552 2028 τῶν
2584 1975 2896 2030 ἀποστόλων
2943 1975 3108 2029 αὐτοῦ
3150 1976 3503 2049 κηρύγματος
3544 1995 3780 2032 καταπεο

524 2079 668 2134 rant,
703 2080 757 2128 et
793 2070 886 2142 qui
937 2086 1003 2125 ex
1045 2068 1185 2125 Juda
1233 2070 1465 2141 dispersi
1520 2078 1700 2136 erant,
1738 2081 2026 2142 postquam
2062 2087 2093 2128 a

2210 2065 2490 2137 ρευγότας’
2518 2068 2643 2128 τοὺς
2682 2067 3044 2139 συναχθέντας
3077 2064 3216 2122 εἶναι
3264 2069 3438 2139 λέγων
3465 2068 3571 2123 τῶν
3604 2070 3779 2124 πάλαι

524 2170 760 2231 quatuor
790 2161 893 2216 alis
913 2166 1093 2226 terra,
1126 2160 1195 2214 ad
1242 2158 1522 2216 Christum
1558 2160 1673 2223 Dei,
1711 2176 1777 2214 ex
1830 2160 2093 2229 prmdica-

2211 2158 2594 2231 ἱπῳκισμένων
2615 2159 2709 2213 καὶ
2737 2159 3134 2231 ἀφωρισμένων
3156 2162 3220 2214 ὲκ
3251 2160 3344 2215 τοῦ
3377 2161 3516 2217 κατά
3535 2161 3780 2216 διάνοιαν

525 2254 673 2308 tione
720 2252 1092 2323 apostolorum
1148 2251 1341 2323 ipsius,
1389 2251 1796 2324 confugerunt:
1830 2252 1912 2308 sic
1963 2268 2094 2307 sane

2213 2248 2422 2322 Ἰσραὴλ
2460 2250 2554 2305 καὶ
2585 2249 2772 2304 Ἰούδα.
2820 2251 3034 2322 Τρόπος
3080 2252 3135 2306 δὲ
3186 2252 3402 2307 τοιῶνδε
3452 2252 3640 2324 ψυχῶν
3688 2253 3782 2308 τὸν

522 2344 785 2400 collectos
810 2359 932 2400 esse
948 2343 1261 2414 intelligens
1288 2358 1406 2409 eos,
1430 2344 1523 2415 qui
1545 2344 1821 2414 quondam
1843 2359 1908 2399 ex
1928 2342 2091 2399 Israel

2212 2338 2445 2409 ὶληθινὸν
2491 2339 2707 2412 Ἰσραὴλ
2757 2341 2851 2394 τοῦ
2906 2340 3039 2395 Θεοῦ
3079 2342 3367 2407 δείκνυσιν,
3390 2344 3466 2407 ὡς
3505 2343 3781 2399 ἀνάπαλιν

520 2443 577 2511 et
602 2431 764 2499 Juda.
812 2433 1113 2490 secundum
1160 2433 1483 2490 sententiam
1535 2433 1895 2489 consideratis
1934 2441 2089 2503 atque

2215 2428 2373 2500 ραύλη
2420 2427 2515 2482 καὶ
2567 2430 2815 2501 μοχθηρά
2859 2430 3096 2495 διάθεσις
3141 2432 3232 2486 τὸν
3281 2432 3421 2486 κατά
3461 2433 3638 2505 σάρκα
3674 2435 3784 2489 Ἰσ-

525 2525 785 2596 acceptis,
831 2523 1049 2580 abducti
1083 2523 1298 2594 procul,
1333 2521 1683 2593 separatique
1713 2520 1947 2590 fuerant.
1978 2520 2094 2577 Mos

2216 2518 2356 2590 ›αὴλ,
2386 2519 2652 2591 ἄρχοντας
2691 2519 2941 2592 Σοδόμων
2987 2524 3077 2576 καὶ
3106 2523 3232 2576 λαὸν
3258 2523 3536 2596 Γομόρρας
3564 2524 3785 2597 χρημα-

526 2623 709 2672 autem
753 2613 1134 2684 hujuscemodi
1184 2613 1512 2677 animarum,
1549 2626 1739 2666 verum
1789 2608 1957 2666 Israel
2001 2609 2095 2665 Dei

2213 2610 2362 2676 ιίζειν
2408 2615 2570 2667 ποιεῖ.
2608 2612 2681 2666 Τὸ
2720 2614 2898 2668 τοίνυν
2944 2614 3149 2688 λεῖμμα
3191 2619 3307 2671 κατ’
3340 2618 3567 2689 ἐκλογὴν
3615 2619 3782 2692 χάρι-

523 2708 887 2772 demonstrat,
925 2704 1068 2758 sicut
1115 2719 1146 2759 e
1209 2701 1511 2769 contrario,
1566 2700 1765 2756 vitiosa
1822 2716 2092 2771 pravaque

2214 2717 2306 2764 τος,
2344 2701 2438 2755 καὶ
2474 2701 2536 2755 τὸ
2568 2701 2860 2774 λεγόμενον
2899 2706 2956 2758 ἐν
2978 2708 3042 2777 τῇ
3079 2707 3388 2779 προφητείᾳ
3418 2708 3783 2778 καταλειφθὲν

522 2797 738 2855 affectio
769 2812 894 2853 eum
923 2795 1112 2860 Israel,
1137 2796 1228 2866 qui
1265 2795 1479 2852 ratione
1497 2794 1745 2865 corporis
1771 2808 1892 2849 eam
1918 2794 2091 2865 appel-

2216 2793 2489 2848 indlomov
2536 2794 2632 2848 τοῦ
2672 2794 2823 2859 λαοῦ,
2864 2796 2926 2849 τὸ
2969 2800 3196 2869 σημεῖον
3242 2797 3333 2852 τοῦ
3386 2799 3588 2872 Κυρίου
3647 2802 3785 2856 πᾶσι

521 2889 787 2944 Iationem
819 2887 1050 2944 sortitus
1080 2896 1186 2952 est,
1218 2885 1496 2964 principes
1519 2882 1902 2947 Sodomorum,
1929 2890 1983 2939 et
2009 2898 2090 2954 po-

2219 2889 2308 2951 τοῖς
2364 2885 2573 2941 ἔθνεσιν
2623 2887 2975 2960 ἀνεκήρυξεν,
3036 2889 3130 2943 καὶ
3171 2889 3270 2954 τὰς
3323 2891 3534 2945 τοιάσδε
3601 2891 3788 2964 ψυχὰς

525 2981 714 3053 pulum
746 2978 1065 3034 Gomorrhac
1106 2962 1379 3050 appellare
1410 2978 1464 3031 iu
1499 2976 1741 3033 oraculis
1770 2976 1918 3032 facit.
1951 2976 2094 3033 Reli-

2217 2978 2304 3032 τῶν
2357 2978 2526 3032 ἐθνῶν
2568 2978 2628 3045 ἐξ
2666 2979 2939 3044 ἀπωλείας
2984 2981 3076 3033 ἐπὶ
3118 2981 3218 3053 τὴν
3254 2981 3348 3035 τοῦ
3392 2983 3596 3056 Κυρίου
3640 2962 3786 3053 γνῶ-

524 3073 669 3147 quia:
718 3071 886 3143 igitur
926 3070 1228 3126 secundum
1268 3069 1588 3125 electionem
1623 3070 1829 3140 gratiae,
1860 3076 1914 3124 et
1949 3069 2093 3140 quod

2221 3089 2285 3126 τιν
2346 3071 2784 3144 ἐφελκυσάμενον
2809 3113 2825 3136 ,
2885 3073 2981 3129 ἕνα
3038 3073 3164 3129 λαὸν
3228 3076 3423 3147 συνῆξε
3476 3076 3555 3148 τῷ
3614 3077 3742 3149 Θεῷ
3766 3119 3790 3144 ,

526 3168 583 3221 in
638 3164 919 3237 prOphetia
971 3163 1192 3227 dicitur,
1252 3163 1503 3217 relictum
1548 3159 1829 3217 residuum
1885 3158 2093 3232 populi,

2215 3162 2291 3216 ιὺν
2337 3164 2405 3217 ἐκ
2452 3162 2559 3217 τῶν
2614 3163 2895 3234 τεσσάρων
2950 3165 3235 3237 πτερύγων
3295 3166 3395 3238 τῆς
3449 3167 3551 3238 γῆς
3612 3168 3784 3221 είσέτι

526 3256 741 3329 signum
800 3253 1015 3311 Domini
1074 3253 1214 3326 apud
1290 3261 1521 3309 cunctas
1580 3260 1770 3324 gentes
1831 3251 2095 3323 praedica-

2217 3254 2294 3311 νῦν
2345 3256 2410 3327 τῇ
2460 3253 2555 3309 τοῦ
2607 3255 2845 3328 Χριστοῦ
2890 3257 3117 3328 δυνάμει
3160 3256 3649 3329 συγκροτούμενον.
3692 3253 3786 3314 Οὖ-

525 3358 655 3407 runt
687 3369 702 3404 :
734 3358 789 3407 et
836 3347 1146 3405 istiusmodi
1194 3346 1437 3418 gentium
1490 3345 1702 3400 animas
1732 3345 1804 3402 ab
1852 3345 2094 3410 interitu,

2214 3365 2282 3402 ιοι
2311 3348 2368 3402 δὲ
2396 3347 2550 3403 αὐτοὶ
2586 3349 2635 3402 οἱ
2678 3348 2786 3402 ἀπὸ
2831 3348 2939 3403 τῶν
2982 3350 3337 3405 ἀπολωλότων
3375 3351 3469 3404 τοῦ
3518 3352 3783 3407 Ἰουδαίων

527 3444 596 3501 ad
655 3442 872 3499 Domini
940 3440 1305 3512 cognitionem
1371 3438 1685 3504 trahentes,
1741 3454 1912 3495 unum
1987 3437 2096 3495 Deo

2215 3438 2386 3503 ἔθνους
2416 3438 2772 3504 διασωθέντες
2812 3438 3051 3513 μαθηταὶ
3082 3441 3176 3495 καὶ
3210 3440 3497 3496 ἀπόστολοι
3529 3443 3784 3515 Σωτῆρος

524 3534 786 3605 populum
831 3530 1227 3595 confecerunt,
1278 3529 1371 3601 qui
1429 3545 1461 3584 a
1509 3537 1747 3601 quatuor
1793 3530 2093 3608 aliskterrae

2216 3536 2235 3605 ἡ
2242 3532 2378 3604 μῶν,
2402 3532 2467 3585 ἐκ
2486 3532 2755 3605 διαφόρων
2779 3532 2963 3601 φυλῶν
2980 3533 3363 3605 τυγχάνοντες,
3379 3536 3509 3606 μιᾶς
3536 3536 3785 3607 κλήσεως

522 3622 689 3678 hodie
735 3637 953 3694 quoque
1011 3637 1119 3677 una
1177 3621 1384 3679 Christi
1456 3623 1659 3678 virtute
1729 3622 2091 3678 contrahitur.

2218 3625 2293 3679 ιαὶ
2321 3625 2448 3697 μιᾶς
2478 3624 2699 3698 χάριτος
2739 3624 2858 3689 ἐνδς
2896 3624 3214 3698 Πνεύματος
3252 3626 3405 3696 ἁγίου
3441 3627 3787 3699 κατηξιωμέ-

528 3715 639 3786 77
660 3712 726 3769 IIi
757 3729 885 3770 vero
928 3714 1033 3784 ipsi
1073 3712 1142 3769 de
1187 3711 1429 3770 Iudaicae
1486 3715 1664 3788 gentis
1697 3714 1921 3771 interitu
1966 3730 2097 3771 con-

2217 3733 2301 3779 m,
2330 3716 2508 3770 πάντα
2535 3714 2697 3787 ζῆλον
2727 3715 2786 3769 δν
2820 3715 2985 3770 πάλαι
3021 3716 3158 3788 πρὸς
3186 3717 3382 3783 αὐτοὺς
3416 3713 3562 3789 εἶχον
3589 3718 3647 3771 αἱ
3690 3718 3786 3774 τοῦ

525 3807 730 3864 servati
755 3805 1036 3878 discipuli,
1078 3813 1134 3863 et
1191 3807 1426 3878 apostoli
1460 3805 1762 3864 Salvatoris
1810 3807 2094 3873 nostri,ex

2217 3806 2479 3879 Ἐϐραίων
2517 3806 2702 3872 ἔθνους
2736 3805 2921 3876 φυλαὶ,
2950 3808 3366 3881 ἀπορρίψωσιν,
3404 3810 3479 3875 ὡς
3502 3812 3539 3883 ἡ
3566 3827 3786 3885 προφη-

525 3896 759 3953 diversis
790 3892 1048 3953 tribubus
1097 3897 1340 3962 oriundi,
1379 3897 1834 3965 una-vocatione,
1885 3913 2094 3969 unaque

2213 3900 2323 3953 ιεία
2354 3900 2541 3971 φησίν.
2571 3899 3010 3972 Κατηρτισμένοι
3038 3900 3170 3970 γοῦν
3204 3902 3283 3974 τῷ
3305 3903 3453 3975 αὐτῷ
3486 3902 3566 3959 νοῒ
3597 3906 3699 3959 καὶ
3718 3907 3782 3975 τῇ

525 3989 727 4058 gratia,
752 3994 918 4059 atque
953 4003 1065 4045 uno
1099 3996 1291 4046 sancto
1323 3987 1527 4060 Spiritu
1569 3990 1721 4062 digni
1742 3989 1941 4054 eﬂecti,
1982 4005 2094 4046 om-

2216 3995 2338 4065 ιύτῇ
2370 3991 2583 4067 γνώμῃ,
2631 3993 2692 4047 ού
2743 3992 2902 4065 μόνον
2946 3995 3046 4066 τὴν
3078 3996 3325 4068 ἤπειρον,
3370 3997 3504 4053 ἀλλά
3550 3998 3647 4052 καὶ
3688 3999 3785 4064 τάς

525 4096 652 4137 nem
682 4096 947 4145 amorem,
980 4096 1140 4153 quem
1187 4083 1318 4139 olim
1349 4098 1477 4153 erga
1508 4083 1660 4154 ipsos
1688 4083 1968 4140 Hebraicae
1996 4085 2094 4139 tri-

2217 4085 2400 4156 νήσους
2430 4084 2641 4157 διῆλθον
2683 4084 2791 4137 τῶν
2834 4084 3024 4152 ἐθνῶν,
3082 4089 3263 4153 πάσας
3306 4090 3644 4162 πανταχόθεν
3686 4091 3786 4155 τάς

522 4174 633 4231 bus
684 4173 986 4242 habebant,
1015 4173 1281 4245 ahjecturi
1332 4185 1509 4239 erant,
1556 4183 1615 4229 ut
1670 4177 1746 4230 ait
1794 4177 2091 4248 prophetia.

2218 4177 2312 4231 τῶν
2358 4177 2659 4251 ἀνθρώπων
2701 4179 2877 4251 ψυχὰς
2912 4181 3337 4253 προνομεύοντες
3372 4184 3465 4237 καὶ
3505 4185 3787 4256 αἰχμαλω-

524 4265 663 4322 Cum
691 4265 889 4337 ,igitur
930 4258 1119 4324 eodem
1176 4266 1454 4322 intellectu
1481 4265 1783 4338 eademque
1833 4269 2093 4343 sententia

2217 4268 2449 4334 ιεύοντες
2482 4271 2562 4333 είς
2601 4271 2700 4341 τὴν
2741 4271 3019 4343 ὑποταγὴν
3053 4270 3146 4326 τοῦ
3183 4273 3440 4345 Χριστοῦ,
3473 4275 3786 4342 ἀκολούθως

525 4356 757 4431 perfecti
808 4364 1013 4421 essent,
1074 4373 1183 4413 non
1221 4358 1398 4414 solum
1454 4359 1823 4415 continentem
1874 4369 2094 4426 terram,

2219 4359 2280 4433 τῷ
2307 4362 2539 4435 χρησμῷ
2567 4364 2822 4435 φήσαντιο
2854 4383 2871 4414 ι
2904 4365 3014 4418 Καὶ
3039 4366 3473 4439 πετασθήσονται
3497 4369 3554 4422 ἐν
3576 4369 3788 4434 πλοίοις

527 4449 626 4505 sed
652 4456 707 4505 et
737 4448 949 4504 insulas
997 4449 1239 4519 gentium
1276 4450 1566 4521 pervagati
1615 4459 1764 4516 sunt,
1811 4458 1865 4507 et
1909 4467 2096 4509 omnes

2219 4453 2538 4523 Ξιλλοφύλων,
2579 4453 2855 4509 θάλασσαν
2899 4454 3017 4526 ἅμα
3050 4458 3497 4529 προνομεύοντες,
3533 4459 3627 4514 καὶ
3657 4461 3788 4524 τοὺς

526 4541 772 4613 undique
797 4540 1082 4596 hominum
1110 4536 1322 4597 animas
1342 4541 1634 4612 depraedati
1660 4583 1675 4607 ,
1714 4559 1807 4601 eas
1838 4543 2095 4624 ducentes

2219 4548 2300 4617 Ξφ⁹
2331 4546 2483 4620 ἡλίου
2511 4547 2806 4603 ἀνατολῶν.
2849 4567 2868 4599 ι
2908 4548 3017 4603 Καὶ
3040 4549 3108 4603 τὰ
3139 4549 3304 4606 λοιπά
3345 4551 3403 4605 δὲ
3429 4551 3529 4623 τῆς
3572 4570 3788 4626 προφη-

528 4634 796 4706 eaptivas,
830 4641 892 4690 ut
914 4633 1141 4704 imperio
1166 4633 1369 4690 Christi
1394 4635 1814 4705 subjicereutur.
1849 4635 1953 4704 Qui
1978 4637 2097 4709 qui-

2217 4636 2358 4701 τείας
2382 4636 2591 4702 τούτοις
2614 4638 2890 4707 ἀναλόγως
2916 4638 3330 4711 ἐπιθεωρήσεις,
3364 4641 3600 4713 ἑκάστην
3636 4641 3786 4711 λέξιν

527 4724 652 4781 dem
683 4724 737 4779 in
758 4725 864 4780 hoc
895 4733 1263 4807 consentanea
1304 4725 1381 4781 illi
1404 4729 1632 4783 oraculo
1676 4738 1926 4801 egerunt,
1956 4730 2096 4800 quod

2217 4727 2361 4800 παρά
2393 4728 2571 4800 σαυτῷ
2615 4728 2931 4800 βασανίσας,
2967 4728 3059 4783 καὶ
3106 4731 3214 4783 πᾶν
3250 4731 3349 4802 μὲν
3380 4720 3440 4785 τδ
3479 4729 3786 4789 ἀσύστατον

530 4818 645 4874 ait:
674 4836 694 4870 ι
725 4816 791 4872 Et
818 4817 1077 4873 volabunt
1124 4818 1182 4872 in
1230 4819 1465 4891 navigiis
1512 4827 1801 4878 externum
1848 4838 2000 4879 mare
2027 4824 2099 4880 si-

2215 4820 2300 4874 mi
2334 4820 2586 4875 ταπεινὸν
2614 4820 2785 4892 αὐτῆς
2815 4820 3295 4893 διακρουσάμενος,
3327 4821 3427 4894 τὴν
3457 4824 3515 4878 δὲ
3544 4823 3784 4879 διάνοιαν

527 4910 645 4967 mul
696 4909 1090 4980 deprwdantes,
1124 4920 1181 4967 et
1208 4926 1326 4979 eos,
1362 4913 1457 4982 qui
1483 4913 1551 4968 ad
1580 4913 1715 4970 solis
1767 4923 1946 4969 ortum
1974 4929 2096 4985 spe-

2218 4910 2296 4965 ιοῦ
2328 4910 2655 4983 πνεύματος,
2683 4912 2759 4977 ὼς
2795 4911 2863 4967 ἂν
2894 4912 3028 4967 αὑτό
3063 4929 3146 4967 σοι
3176 4914 3238 4968 τὸ
3270 4915 3488 4986 πνεῦμα
3520 4914 3613 4969 τοῦ
3645 4913 3787 4970 Θεοῦ

528 5010 683 5059 ctant
713 5002 780 5056 ".
814 5021 834 5055 ι
896 5000 1128 5074 Reliqua
1171 5019 1300 5060 vero
1341 5003 1587 5075 ejusdem
1638 5004 1957 5077 prophetiae,
2012 5005 2097 5062 his

2219 5001 2432 5076 iawpsiv
2477 5004 2744 5079 ὑποϐάλῃ,
2781 5007 2998 5077 νοήσας.
3053 5006 3213 5077 Ὑμῖν
3245 5006 3353 5080 γάρ
3381 5009 3409 5060 ό
3452 5008 3642 5081 καιρὸς
3681 5006 3788 5062 οὐκ

530 5094 661 5151 item
700 5095 1052 5171 proportione
1094 5096 1428 5168 respondere
1451 5097 1776 5165 intueberis,
1809 5098 1857 5154 si
1905 5112 2099 5153 unam-

2218 5094 2492 5167 ἐπιτρέπει
2523 5097 2636 5162 τοῖς
2669 5096 2853 5160 τόποις
2905 5096 2999 5150 ἐπὶ⁴
3049 5097 3233 5152 πλεῖον
3264 5097 3643 5171 ἐνδιατρίϐειν,
3681 5099 3787 5170 τὴν

529 5201 808 5257 quamque
856 5188 1146 5245 dictionem
1185 5195 1364 5245 tecum
1398 5189 1515 5260 ipse
1557 5188 1843 5260 diligenter
1869 5203 2098 5260 perpene

2207 5189 2574 5261 προκειμένην
2607 5188 2861 5244 ὑπόθεσιν
2892 5187 3150 5255 ἐξανύσαι
3177 5190 3674 5263 κατεπειγομένοις.

529 5299 701 5369 deris,
726 5310 780 5358 et
807 5305 950 5375 quod
978 5305 1197 5376 quidem
1229 5321 1295 5363 ex
1348 5321 1415 5364 ea
1454 5304 1774 5363 inconstans
1799 5306 1883 5362 vel
1904 5306 2108 5362 humile
2131 5305 2308 5361 visum
2340 5305 2527 5372 fuerit,
2582 5305 2860 5375 rejeceris,
2918 5305 3147 5375 spiritus
3181 5321 3311 5363 vero
3356 5307 3529 5378 ipsius
3583 5305 3790 5362 intelli-

531 5400 769 5467 gentiam
800 5406 1129 5478 perceperis,
1163 5410 1432 5476 quatenus
1458 5402 1577 5474 ipse
1629 5402 1727 5458 tibi
1751 5402 1845 5458 Dei
1895 5403 2125 5475 spiritus
2173 5402 2646 5477 contemplandum
2700 5403 3148 5474 suppeditaverit.
3176 5402 3344 5460 Nobis
3383 5404 3529 5459 enim
3564 5411 3784 5473 tempus

446 5548 453 5559 ,
529 5506 639 5550 non
665 5501 932 5565 permittit
982 5502 1189 5559 diutius
1220 5504 1276 5559 iu
1304 5500 1390 5558 his
1442 5498 1582 5557 locis
1643 5496 1945 5568 immorari,
2003 5502 2096 5573 qui
2124 5504 2406 5559 materiam
2447 5498 2776 5570 propositam
2808 5500 3091 5556 absolvere
3117 5498 3456 5557 festinamus.

510 5758 517 5763 ι
601 5725 645 5760 ⁸³
672 5721 774 5779 Isa.
794 5738 872 5787 ιι,
911 5724 992 5780 Ν.
