4068 6206
266 235 377 290 H9

1148 231 1804 293 DEMONSTRATIONIS
1833 234 2288 291 nuncnum
2331 194 2453 289 ιω.
2502 234 2563 297 n.

3393 241 3489 295 l50

343 354 473 407 MB‘.
526 372 544 403 ί
586 355 695 407 Kal
727 354 1039 424 ἐντελοῦμαι
1086 355 1151 423 τῇ
1201 354 1490 428 οἰκουμένη
1526 357 1622 429 ὅλῃ
1663 355 1828 420 κακὰ,

2001 355 2158 412 XLII.
2186 375 2205 406 ι
2238 355 2309 410 Et
2334 356 2603 411 mandabo
2633 356 2748 411 orbi
2774 358 3027 412 universo
3055 357 3215 421 mala,
3240 365 3293 411 et
3311 357 3491 429 impiis

260 446 362 497 καὶ
382 447 490 506 τοῖς
513 445 733 497 ἀσεϐέσι
753 445 849 507 τὰς
868 446 1135 516 ἁμαρτίας
1149 446 1346 510 αὐτῶν,
1371 448 1464 499 καὶ
1479 446 1659 500 ἁπολῶ
1675 445 1829 516 ὓϐριν

260 536 503 607 ἀνόμων,
559 539 653 590 καὶ
715 537 869 609 ὓϐριν
920 538 1278 609 ὑπερηφάνων
1328 538 1668 593 ταπεινὼσω.
1721 541 1829 594 Kal

261 628 481 682 ἔσονται
530 631 578 681 οἱ
628 630 1174 701 ὲγκαταλελειμμένοι
1221 618 1428 703 ἔντιμοι
1477 631 1673 703 μᾶλλον
1703 632 1735 703 ἢ
1770 633 1830 685 τὸ

262 720 490 789 χρυσίον
513 720 571 773 τὸ
600 719 826 791 ἄπυρονο
858 722 949 773 καὶ
972 722 1254 793 ἄνθρωπος
1276 706 1495 793 ἔντιμος
1520 722 1669 776 ἔσται
1699 723 1832 793 μᾶλ-

263 811 357 863 λον
396 811 430 881 ἢ
469 813 501 864 6
533 810 673 874 λίθος
712 814 740 864 6
782 814 845 866 ἐκ
893 813 1143 886 Σουφείρ.
1184 834 1211 866 ι
1252 816 1361 870 Kal
1399 815 1525 887 ἑξῆς
1568 815 1824 884 ἐπιλέγει·

270 923 292 956 ι
322 903 436 956 Καὶ
463 903 672 958 ἔσονται
697 906 745 957 οἱ
777 906 1252 978 καταλελειμμένοι
1283 909 1357 973 ὡς
1388 908 1660 980 δορκάδων
1699 908 1829 979 φεῦ-

266 1014 384 1066 γον,
412 996 504 1050 καὶ
525 997 600 1060 ὡς
629 997 895 1068 πρόϐατον
924 1000 1291 1072 πλανώμενονέ
1329 986 1363 1075 ι’
1386 1001 1501 1071 Kal
1523 1002 1607 1055 διὰ
1630 1001 1830 1055 τούτων

272 1090 327 1142 τὸ
361 1089 588 1143 σπάνιον
616 1089 721 1141 τῶν
762 1089 1152 1161 σωθησομένων
1196 1091 1358 1161 ἐντῷ
1387 1092 1563 1164 καιρῷ
1598 1092 1697 1162 τῆς
1724 1092 1831 1146 τῶν

266 1179 479 1233 ἀσεϐῶν
530 1180 798 1244 ἀπωλείας
852 1181 1162 1250 σαφέστατα
1208 1184 1236 1235 6
1278 1182 1432 1250 λόγος
1473 1182 1826 1253 παρίστησιν·

265 1271 409 1323 ὥστε
446 1272 520 1341 μὴ
571 1270 751 1343 χώραν
786 1271 927 1341 ἔχειν
969 1274 1217 1338 ὑπονοεῖν,
1252 1273 1578 1345 ἀδιακρίτως
1625 1274 1831 1338 πάντας

269 1362 605 1429 ἁπαξαπλῶς
629 1365 755 1425 τοὺς
778 1366 841 1416 ἐκ
862 1365 1181 1435 περιτομῆς,
1214 1366 1307 1418 καὶ
1334 1366 1441 1418 πᾶν
1458 1364 1522 1419 τὸ
1562 1366 1835 1420 Ἰουδαίων

268 1456 441 1520 ἔθνος,
473 1456 580 1509 τῶν
604 1455 698 1510 τοῦ
723 1456 856 1510 Θεοῦ
888 1457 1166 1521 τεύξεσθαι
1196 1459 1548 1527 ἐπαγγελιῶν.

1930 456 2153 518 peccata
2180 447 2423 518 ipsorum
2448 486 2463 511 ,
2513 455 2567 502 et
2605 447 2825 517 perdam
2878 448 3131 516 injuriam
3159 449 3488 517 iniquorum.

1930 548 1984 594 et
2010 540 2397 594 contumeliam
2449 539 2809 609 superborum
2863 539 3182 594 humiliabo.
3224 540 3288 594 Et
3333 554 3491 597 erunt

1930 629 2022 699 qui
2051 629 2410 684 remanserint
2441 629 2663 699 pretiosi
2688 630 2880 701 magis,
2912 644 3075 700 quam
3133 646 3323 685 aurum
3347 634 3490 702 quod

1931 721 2105 792 ignem
2140 736 2247 774 non
2294 721 2495 775 sentit:
2527 728 2581 775 et
2621 720 2782 775 homo
2824 721 3096 791 pretiosus
3141 721 3245 776 erit
3297 723 3490 792 magis.

1930 827 2095 883 quam
2144 812 2280 882 lapis
2334 813 2387 865 in
2436 810 2637 881 Suphir
2670 812 2736 877 ⁸³,
2788 826 2851 865 ac
2884 812 3140 882 deinceps
3202 812 3489 883 adiungit:

1938 921 1955 951 ε
1993 901 2059 954 Et
2079 909 2257 968 erunt,
2297 919 2321 951 ι
2369 903 2461 970 qui
2500 901 2675 955 relicti
2734 900 2956 966 fuerint,
2992 920 3010 953 ι
3044 903 3201 972 quasi
3242 906 3493 973 capreoli

1932 989 2163 1061 fugiens,
2198 999 2252 1044 et
2291 990 2447 1059 quasi
2475 989 2592 1043 ovis
2614 987 2921 1043 errabunda
2945 988 2991 1020 “
3023 1004 3035 1039 :
3079 1007 3098 1040 ›
3131 996 3290 1058 atque
3323 988 3376 1041 in
3408 988 3493 1044 his

1930 1082 2145 1153 quidem
2178 1083 2501 1152 paucitatem
2518 1097 2729 1146 eorum,
2762 1079 3200 1150 quisuperfuturi
3223 1081 3337 1134 sint
3355 1088 3493 1135 tem-

1932 1189 2061 1242 pore
2116 1174 2367 1229 interitus
2419 1172 2748 1243 impiorum,
2814 1172 2902 1226 hic
2948 1186 3128 1227 sermo
3178 1172 3493 1241 planissime

1932 1268 2168 1324 ostendit
2200 1284 2212 1319 :
2239 1283 2303 1323 ex
2332 1283 2441 1337 quo
2503 1266 2556 1320 id
2612 1264 2983 1335 intelligimus,
3043 1265 3160 1319 sine
3186 1265 3310 1319 ulla.
3340 1281 3493 1321 exce-

1933 1361 2146 1431 ptione,
2186 1360 2453 1414 carituros
2491 1375 2611 1414 esse
2642 1357 2856 1428 propria
2891 1357 3113 1424 regione
3150 1372 3341 1412 omnes
3376 1373 3494 1412 om-

1932 1452 2083 1523 nino,
2119 1452 2210 1520 qui
2244 1451 2310 1505 ad
2341 1448 2811 1505 circumcisionem
2840 1448 3129 1518 pertinent,
3183 1454 3344 1517 atque
3379 1462 3495 1501 om-

1932 1558 2055 1596 nem
2088 1540 2373 1596 Iudaicam
2423 1550 2659 1611 gentem,
2710 1540 2977 1608 promissa
3013 1539 3195 1594 divina
3227 1555 3333 1594 non
3375 1554 3495 1594 esse

1934 1642 2370 1689 COIISBCUIUI‘IIIII.

340 1716 473 1770 ΜΓ.
515 1734 533 1766 ι
570 1716 679 1770 Kal
708 1714 856 1768 ἔσται
900 1716 956 1767 ὲν
980 1718 1046 1786 τῇ
1072 1715 1252 1787 ἡμέρᾳ
1281 1716 1460 1786 ἐκείνῃ
1493 1715 1727 1794 ἔκλειψις
1749 1716 1834 1769 δό-

2009 1726 2187 1780 ΧΙΑΙΙΙ.
2236 1744 2254 1776 ι
2293 1724 2363 1778 Et
2389 1724 2565 1793 erit'jn
2594 1722 2680 1778 die
2713 1723 2805 1777 illa
2826 1722 3072 1778 defectus
3102 1723 3285 1792 gloria:
3304 1719 3494 1781 Jacoh,

267 1808 368 1879 ξης
408 1806 625 1872 Ἰακὼϐ,
650 1808 740 1862 καὶ
767 1806 835 1860 τὰ
858 1807 1013 1860 πίονα
1036 1808 1135 1877 τῆς
1161 1807 1316 1878 δόξης
1336 1807 1497 1860 αὑτοῦ
1529 1808 1834 1879 σεισθήσον-

269 1919 381 1953 ται.
416 1901 521 1953 Kal
554 1900 705 1952 ἔσται
738 1900 796 1952 ὃν
829 1898 1029 1970 τρόπον
1067 1900 1160 1951 ἐάν
1192 1916 1275 1963 τις
1316 1900 1597 1972 συναγάγῃ
1626 1900 1834 1970 ἀμητόν

270 1993 558 2063 ἑστηκότα,
602 1993 693 2046 καὶ
742 1993 963 2064 σπέρμα
1007 1991 1251 2061 σταχύων
1296 1993 1502 2065 ἀμήσῃο
1549 1994 1640 2045 καὶ
1683 1992 1833 2045 ἔσται

267 2087 329 2137 ὅν
368 2086 565 2156 τρόπον
618 2086 710 2138 ὲάν
758 2101 839 2147 τις
880 2084 1161 2153 συναγάγῃ
1203 2084 1437 2153 στάχυας
1488 2085 1545 2135 ἐν
1594 2083 1835 2154 φάραγγι

270 2178 489 2248 στερεᾷ,
524 2176 615 2229 καὶ
639 2175 963 2245 καταλειφθῇ
995 2176 1052 2228 ἐν
1078 2176 1213 2245 αὐτῇ
1240 2176 1474 2246 καλάμή⁸
1509 2177 1542 2246 ἣ
1568 2177 1642 2240 ὡς
1665 2177 1837 2247 ρῶγες

270 2268 457 2330 ἐλαίας
484 2267 596 2333 δύο,
624 2267 657 2337 ἦ
682 2270 831 2338 τρεῖς
859 2268 943 2319 ἐπ’
970 2267 1140 2337 ἄκρου
1176 2266 1469 2339 μετεώρου,
1496 2269 1528 2338 ἢ
1554 2269 1833 2339 τέσσαρες,

280 2360 306 2426 ἦ
342 2361 497 2412 πέντε
532 2359 626 2411 ἐπὶ
656 2358 762 2412 τῶν
802 2357 1007 2411 κλάδων
1038 2356 1215 2411 αὐτῶν
1245 2358 1662 2427 καταλειφθῶσι.
1702 2359 1839 2412 Τάδε

274 2451 418 2518 λέγει
457 2450 659 2521 Κύριος
685 2453 712 2503 6
745 2449 877 2513 Θεὸς
904 2449 996 2502 τοῦ
1050 2449 1263 2521 Ἰσραήλ
1284 2467 1295 2479 ·
1333 2449 1409 2520 Τῇ
1444 2449 1625 2521 ἡμέρᾳ
1656 2450 1836 2521 ἐκείνη

280 2539 548 2603 πεποιθὼς
577 2541 726 2592 ἕσται
770 2540 1048 2612 ἄνθρωπος
1094 2542 1185 2593 ἐπὶ
1227 2540 1303 2611 τῷ
1335 2543 1617 2611 ποιήσαντι
1655 2541 1833 2594 αὐτόν·

275 2635 324 2686 ei
352 2634 407 2685 δὲ
440 2632 707 2702 ὀφθαλμοὶ
739 2631 899 2685 αὐτοῦ
930 2634 1008 2696 εἰς
1031 2632 1121 2685 τὸν
1154 2632 1305 2699 ἆγιον
1345 2632 1437 2685 τοῦ
1487 2632 1698 2704 Ἰσραὴλ
1742 2636 1838 2703 ὲμ-

279 2724 579 2793 ὃλὲψονται,
617 2725 708 2777 καὶ
740 2724 799 2775 οὐ
838 2724 911 2795 μὴ
947 2722 1259 2786 πεποιθότες
1305 2717 1436 2777 ὦσιν
1466 2725 1556 2777 ἐπὶ
1586 2727 1696 2787 τοῖς
1734 2724 1838 2793 βω-

278 2820 416 2887 μοῖς,
471 2815 590 2869 osa:
634 2817 728 2867 ἐπὶ
771 2818 882 2877 τοῖς
935 2815 1113 2885 ἔργοις
1152 2817 1257 2867 τῶν
1312 2815 1507 2886 χειρῶν
1553 2816 1750 2879 αὐτῶν,
1803 2814 1840 2868 ἃ

277 2912 536 2980 εποίησαν
560 2911 609 2962 οἱ
642 2909 891 2964 δάκτυλοι
919 2908 1116 2962 αὐτῶν.
1155 2929 1172 2959 ι
1211 2910 1320 2962 Kal
1339 2908 1425 2962 διὰ
1448 2909 1649 2962 τούτων
1678 2910 1838 2981 ἐναρ-

285 3004 389 3071 (ὡς
428 3003 737 3065 θεσπίζεται
785 3004 820 3072 ἡ
854 3000 978 3066 δόξα
1028 2999 1121 3054 τοῦ
1171 3001 1382 3072 Ἰσραὴλ
1426 3003 1518 3054 καὶ
1560 3003 1734 3055 πάντα
1772 3001 1841 3054 τὰ

281 3097 443 3147 πίονα
489 3093 662 3146 αὐτῶν
690 3091 1201 3163 καθαιρεθήσεσθαι,
1251 3092 1418 3161 ὀλίγοι
1455 3093 1512 3145 δὲ
1558 3089 1709 3156 αὖθις
1746 3094 1841 3147 καὶ

280 3184 502 3254 ἀριθμῷ
530 3184 740 3253 ληπτοὶ,
761 3184 908 3237 ὡσὰν
933 3184 1116 3247 ἐλαίας
1144 3186 1199 3237 ὲν
1225 3184 1374 3255 φυτῷ
1399 3184 1572 3256 ρὦες
1602 3186 1843 3257 βραχεῖς,

286 3274 806 3345 χαταλειφθήσεσθαι
838 3275 1103 3342 λέγονταιο
1155 3270 1297 3329 οὗτοι
1339 3274 1393 3327 δὲ
1439 3276 1503 3329 ἂν
1541 3270 1651 3327 εἷεν
1703 3278 1749 3328 οἱ
1784 3275 1847 3341 ἐξ

287 3364 469 3418 αὐτῶν
506 3366 583 3427 εἰς
620 3366 707 3417 τον
749 3364 949 3436 Κύριον
1002 3365 1155 3436 ἡμῶν
1200 3367 1641 3429 πεπιστευκότες.
1688 3367 1842 3420 Ἀκο-

282 3456 488 3518 Αούθως
542 3456 597 3509 δὲ
648 3457 782 3527 μετὰ
829 3456 896 3509 τὰ
955 3459 1080 3528 περὶ
1130 3458 1353 3510 ἐκείνων
1401 3458 1685 3529 εἰρημένα,
1717 3459 1843 3528 περὶ

278 3548 482 3613 παντὸς
542 3549 841 3620 ἀνθρώπων
893 3550 1079 3617 γένους
1138 3551 1687 3621 ἀποστραφησομένου
1745 3552 1843 3619 τὴν

280 3644 425 3693 κατὰ
464 3640 532 3694 τά
565 3641 756 3694 εἴδωλα
787 3640 1014 3710 πλάνην,
1054 3641 1485 3711 ὲπιγνωσομένου
1515 3642 1571 3694 δὲ
1601 3640 1688 3694 τὸν
1714 3640 1843 3693 θεὸν

291 3733 529 3805 Ἰσραὴλ,
566 3733 983 3803 προφητεύεται.

350 3827 481 3879 MA’.
520 3845 539 3878 ι
592 3826 904 3889 Ἀκούσατε,
937 3826 1110 3896 νῆσοι,
1157 3827 1705 3899 ὲγκαταλελειμμένοι
1752 3829 1847 3882 καὶ

284 3915 631 3986 ὀδυνώμενοι,
668 3915 956 3979 ἀκούσατε,
986 3916 1020 3969 ἃ.
1066 3918 1274 3987 ἥκουσα
1306 3918 1453 3987 παρὰ
1492 3920 1695 3991 Κυρίου
1739 3920 1842 3972 Σα-

280 4008 450 4062 ϐαὼθ·
482 4010 511 4061 6
555 4009 684 4071 Θεὸς
717 4007 809 4061 τοῦ
851 4009 1063 4079 Ἰσραὴλ
1106 4011 1420 4080 ἀνήγγειλεν
1456 4014 1607 4082 ἡμῖν.
1646 4030 1664 4063 ι
1702 4013 1845 4083 ’Ὀρα

286 4101 404 4153 τίνα
442 4102 639 4172 τρόπον
682 4103 773 4154 xal
817 4101 1046 4156 ἐνταῦθα
1094 4104 1153 4155 οὐ
1187 4106 1389 4168 πάντας
1426 4106 1551 4167 τοὺς
1593 4108 1655 4158 ὲκ
1691 4124 1844 4176 περι-

282 4194 457 4264 τομῆς
498 4195 589 4245 ἐπὶ
616 4196 712 4264 τὴν
735 4194 839 4247 τῶν
873 4198 1196 4267 ἀπορρήτων
1226 4197 1484 4267 ἀκρόασιν
1517 4198 1847 4267 παρακαλεῖ,

284 4284 400 4336 ἀλλ’
452 4284 485 4354 ἢ
532 4285 743 4354 μόνους,
780 4284 871 4349 οὓς
909 4286 1160 4356 ὀνομάζει
1196 4287 1715 4357 καταλελειμμένους
1751 4290 1845 4341 καὶ

285 4375 648 4445 ὁδυνωμένους
668 4393 682 4407 ο
741 4371 839 4430 οἷοι
884 4374 1020 4450 ἦσαν
1071 4381 1119 4432 οἱ
1168 4378 1307 4432 κατὰ
1350 4378 1440 4429 τὸν
1502 4377 1841 4441 Ἀπόστολον,

1934 1827 1987 1873 et
2016 1819 2234 1889 pinguia
2259 1818 2441 1888 gloriae
2464 1817 2635 1886 ipsius
2664 1816 3089 1885 quassabuntur.
3108 1812 3289 1868 Eterit
3316 1827 3496 1882 quem-

1935 1910 2225 1965 admodum
2258 1909 2305 1964 si
2332 1908 2455 1981 quis
2472 1908 2692 1977 colligat
2714 1921 2943 1962 messem
2968 1912 3222 1969 stantem,
3242 1911 3295 1958 et
3313 1918 3497 1958 semen

1936 2001 2207 2069 spicarum
2234 2006 2433 2065 metut;
2471 2004 2523 2051 et
2551 1997 2653 2050 erit
2676 1994 3130 2066 quemadmodum
3160 1993 3207 2049 si
3231 1993 3355 2063 quis
3388 1993 3496 2047 col-

1936 2094 2065 2163 ligat
2091 2092 2267 2161 spicas
2312 2091 2369 2145 in
2424 2091 2670 2145 convalle
2700 2086 2895 2152 solida,
2931 2094 2985 2142 et
3017 2087 3128 2157 78
3159 2086 3348 2142 relicta
3383 2085 3496 2138 fue:

1937 2186 2007 2239 rit
2033 2185 2089 2238 in
2140 2199 2204 2237 ea
2245 2182 2444 2252 stipula
2466 2200 2489 2242 ι
2512 2189 2605 2235 aut
2637 2179 2796 2250 quasi
2821 2179 2999 2232 baccae
3025 2178 3180 2233 oliva:
3214 2176 3353 2238 duae.
3384 2178 3495 2231 sive

1937 2282 2047 2330 tres
2084 2275 2141 2328 in
2192 2273 2475 2328 cacumine
2504 2268 2748 2333 sublimi,
2780 2283 2874 2323 seu
2905 2275 3160 2337 quatuor,
3196 2281 3292 2322 seu
3339 2264 3495 2335 quin-

1938 2382 2043 2436 que
2070 2368 2125 2420 in
2159 2365 2327 2420 ramis
2349 2363 2483 2434 ipsis
2504 2362 2707 2417 relictae
2738 2359 2957 2415 fuerint.
2996 2358 3119 2415 Haec
3152 2359 3284 2413 dicit
3314 2355 3497 2412 Domi-

1937 2474 2043 2513 nus
2069 2457 2212 2512 Deus
2240 2455 2406 2512 Israel
2443 2470 2456 2503 :
2492 2452 2551 2507 In
2580 2451 2668 2507 die
2694 2451 2785 2504 illa
2805 2449 3084 2505 conlidens
3113 2449 3216 2503 erit
3252 2448 3413 2502 homo
3442 2446 3495 2500 in

1938 2566 2023 2612 eo,
2047 2548 2138 2618 qui
2170 2546 2298 2601 fecit
2344 2545 2521 2616 ipsum
2556 2562 2568 2595 :
2604 2541 2746 2597 oculi
2779 2548 2958 2611 autem
2997 2540 3116 2609 ejus
3153 2539 3219 2593 ad
3250 2545 3497 2595 sanctum

1940 2640 2103 2694 Israel
2160 2637 2470 2708 respicient,
2499 2643 2552 2689 et
2578 2648 2686 2688 non
2736 2640 2898 2688 erunt
2927 2632 3259 2686 confidentes
3281 2632 3335 2684 in
3363 2631 3499 2685 altae

1940 2734 2109 2794 riuis,
2142 2747 2315 2801 neque
2337 2730 2392 2785 in
2414 2729 2671 2801 operibus
2692 2742 2949 2783 manuum
2987 2739 3229 2788 suarum,
3270 2737 3390 2793 quae
3422 2721 3503 2775 fe-.

1940 2834 2130 2878 cerunt
2166 2821 2319 2892 digiti
2347 2821 2589 2892 ipsorum
2614 2822 2681 2875 ⁸⁸.
2707 2838 2725 2872 ι
2762 2817 2823 2873 In
2863 2817 2946 2872 his
2981 2829 3198 2886 quoque
3222 2813 3513 2883 evidenter.

1942 2915 2196 2977 canitur;
2232 2911 2688 2985 quemadmodum
2741 2911 2912 2983 gloria
2954 2907 3140 2968 Israel.
3198 2913 3252 2961 et
3302 2914 3497 2960 cuncta

1945 3006 2163 3078 pinguia
2189 3022 2377 3061 eorum
2408 3004 2701 3061 auferenda
2734 3005 2863 3069 sint,
2902 3011 2955 3058 et
2996 2999 3153 3071 pauci
3182 3013 3373 3054 rursus
3397 3014 3499 3051 nu—

1943 3114 2202 3167 meroque
2258 3096 2777 3168 compreheusibiles
2821 3091 3159 3164 relinquendi
3194 3107 3206 3143 :
3240 3097 3403 3159 atque
3443 3088 3511 3159 ιιι,

1941 3192 2154 3261 quidem
2180 3199 2361 3255 erunt,
2397 3190 2490 3259 qui
2515 3205 2577 3245 ex
2608 3191 2689 3246 eis
2713 3189 2766 3243 in
2789 3187 3074 3245 Dominum
3106 3192 3351 3241 nostrum
3380 3199 3498 3237 cre-

1940 3284 2195 3339 diderint.
2230 3283 2495 3352 Deinceps
2525 3289 2703 3336 autem
2726 3289 2846 3352 post
2877 3296 2940 3336 ea
2974 3294 3093 3351 quae
3125 3278 3192 3335 de
3220 3280 3326 3334 illis
3351 3278 3497 3333 dicta

1941 3385 2087 3441 sunt,
2117 3375 2197 3443 de,
2216 3376 2472 3431 universo
2502 3391 2698 3447 genere
2754 3376 3031 3430 hominum
3054 3413 3068 3437 ,
3103 3372 3246 3444 quod
3277 3387 3497 3427 aversu-

1942 3483 2062 3521 rnm
2092 3483 2151 3523 se
2179 3467 2249 3521 sit
2270 3466 2337 3520 ab
2358 3480 2542 3521 errore
2575 3464 3011 3529 simulacrorum,
3031 3460 3306 3531 Deumque
3336 3459 3515 3519 Israel,

1943 3560 2271 3631 agniturum,
2290 3556 2605 3610 vaticinium
2641 3555 2905 3625 sequitur.

1954 3869 1962 3875 .
2014 3819 2195 3875 XLIV.
2230 3838 2249 3872 ι
2280 3818 2495 3883 Audite,
2517 3816 2727 3880 insulae,
2753 3831 2845 3886 qtn
2868 3814 3041 3870 relicti
3070 3813 3206 3868 estis
3232 3819 3285 3867 et
3315 3810 3499 3865 dolore

1944 3910 2264 3967 cruciamini
2291 3926 2304 3964 :
2332 3910 2513 3964 audite
2538 3924 2657 3978 qua:
2690 3906 2872 3961 audivi
2910 3921 2940 3959 a
2964 3904 3192 3960 Domino
3224 3901 3459 3956 Sahamh
3490 3916 3501 3954 .

1945 4003 2090 4057 Deus
2119 4002 2286 4058 Israel
2336 4000 2605 4055 nuntiavit
2656 3998 2814 4053 nobis
2837 3997 2903 4051 “.
2944 4016 2963 4049 ι
2997 3995 3191 4065 Specta
3240 3992 3499 4064 quemado

1945 4094 2164 4148 modum
2190 4092 2280 4146 hic
2316 4096 2538 4162 quoque
2564 4105 2672 4144 non
2713 4103 2923 4151 omnes,
2977 4088 3068 4156 qui
3104 4087 3171 4141 ad
3216 4085 3494 4140 circumci-

1948 4189 2157 4244 sionem
2180 4192 2447 4257 spectant,
2482 4184 2557 4237 ad
2576 4181 2844 4253 ejusmodi
2866 4202 2869 4207 ν
2891 4194 3094 4234 arcana
3122 4177 3388 4233 audienda
3421 4177 3499 4231 in-

1946 4272 2101 4343 vitet,
2123 4277 2217 4333 sed
2241 4279 2385 4334 solos
2406 4292 2535 4343 eos,
2568 4292 2707 4347 quos
2728 4274 2859 4329 dicit
2897 4273 3118 4328 relictos
3152 4286 3294 4335 esse,
3316 4285 3380 4325 ac
3401 4267 3502 4323 do-

1947 4371 2062 4427 lore
2086 4369 2319 4425 cruciari
2347 4386 2359 4422 :
2385 4368 2574 4437 quales
2630 4373 2805 4431 erant,
2842 4364 2958 4435 qui,
2984 4371 3043 4417 ut
3084 4362 3160 4415 ait
3189 4361 3503 4432 Apostolus,

286 4467 636 4531 στενάζοντες
675 4469 767 4521 καὶ
805 4469 1195 4540 άποκλαόμενοι
1239 4467 1336 4539 τὴν
1376 4468 1571 4522 κακίαν
1610 4468 1709 4535 τοῦ,
1736 4468 1838 4522 τῶν

1944 4463 2231 4535 gemebant
2259 4476 2322 4516 ac
2342 4436 2696 4530 deplorabant
2742 4458 3000 4511 malitiam
3041 4455 3163 4509 vita:
3201 4454 3503 4508 hominum.

287 4556 587 4628 ἀνθρώπων
617 4558 751 4627 βίου.

362 4652 491 4703 ME’.
530 4670 548 4702 ι
602 4652 930 4723 Ἐπένθησαν
969 4654 1017 4705 οἱ
1047 4652 1237 4723 ὑψηλοὶ
1284 4652 1382 4721 τῆς
1424 4653 1558 4721 γῆς,
1607 4653 1638 4721 ἡ
1679 4651 1735 4704 δὲ
1775 4652 1847 4721 γῆ

287 4744 531 4814 ἦνόμησε
586 4743 673 4796 διὰ
720 4746 844 4807 τοὺς
885 4744 1266 4808 κατοικοῦντας
1316 4746 1504 4816 αὐτήν.
1556 4744 1654 4797 Διὰ
1689 4744 1847 4797 τοῦτο

286 4837 495 4904 πτωχοὶ
520 4820 730 4889 ἔσονται
756 4836 805 4887 οἱ
844 4836 1174 4898 ἐνοικοῦντες
1208 4837 1299 4888 ἐπὶ
1328 4836 1425 4906 τῆς
1468 4835 1589 4906 γῆς,
1622 4836 1716 4889 καὶ
1750 4852 1847 4888 κα-

294 4924 736 4995 ταλειφθήσονται
773 4923 1043 4995 ἄνθρωποι
1075 4924 1263 4993 ὀλίγοι.
1308 4944 1325 4977 ι
1378 4927 1487 4978 Kal
1533 4925 1589 4976 ὲν
1640 4923 1849 4988 τούτοις

288 5018 415 5079 τοὺς
469 5017 914 5089 παραϐεϐηκότας
963 5018 1053 5070 τὸν
1094 5018 1277 5087 νόμον,
1319 5018 1411 5072 καὶ
1454 5018 1548 5087 τὴν
1589 5016 1682 5069 τοῦ
1713 5015 1848 5069 Θεοῦ

288 5108 553 5179 διαθήκην
578 5108 759 5175 τοῦγὲκ
792 5108 1090 5178 περιτομῆς
1117 5107 1245 5160 λαοῦ
1272 5105 1594 5173 ἀπελέγξας,
1626 5106 1850 5177 ἀπειλή-

290 5215 391 5261 σας
412 5214 471 5249 τε
501 5200 679 5261 αὐτοῖς
715 5198 783 5251 τὰ
817 5198 1297 5268 ἀναγεγραμμένα,
1327 5195 1849 5266 καταλειφθήσεσθαι

288 5289 605 5361 ἀνθρώπους
640 5290 699 5353 ἐξ
724 5290 900 5344 αὐτῶν
938 5289 1147 5355 ὀλίγους
1181 5289 1535 5361 προφητειὶεγ
1568 5282 1675 5339 εἷεν
1715 5287 1757 5339 δ’
1784 5288 1851 5340 ἂν

288 5378 439 5438 οὗτοι
477 5383 538 5436 τὸ
566 5384 945 5454 ὠνομασμένον
987 5384 1134 5453 παρὰ
1172 5383 1250 5452 τῷ
1302 5381 1604 5451 ’Λποστόλῳ
1647 5381 1850 5451 λεῖμμα

292 5478 409 5530 κατ’
439 5475 661 5546 ἐκλογὴν
694 5476 931 5546 χάρ.τος.
960 5462 963 5465 γ

363 5657 405 5685 (³
437 5653 540 5709 lsa.
562 5672 677 5712 xm.
700 5657 780 5721 II,
813 5658 895 5710 Η..

976 5659 1013 5687 ⁸⁸³
1054 5658 1185 5712 Ibid.
1219 5656 1300 5711 Η.
1380 5656 1421 5689 δ’
1449 5656 1701 5711 Isa.xvtt.
1740 5653 1847 5708 l-8.
1926 5656 1967 5685 ⁸⁵
2001 5653 2105 5709 Isa.
2140 5670 2282 5709 mx.
2322 5655 2371 5709 Ι.
2401 5653 2457 5709 2'.

2016 4645 2179 4702 XLV.
2221 4646 2540 4699 «Luxerunt
2566 4642 2768 4698 excelsi
2811 4649 2988 4699 terrae.
3034 4649 3089 4694 et
3142 4637 3507 4705 terrainique

1943 4741 2051 4811 egit
2080 4747 2297 4809 propter
2327 4737 2631 4791 habitantes
2661 4748 2806 4790 eam.
2850 4733 3061 4787 Idcirco
3116 4730 3305 4803 inapes
3348 4733 3515 4782 erunt.

1946 4830 2313 4886 inhabitantes
2365 4829 2420 4882 in
2481 4837 2643 4891 terra,
2707 4833 2761 4880 et
2823 4826 3199 4895 relinquentur
3259 4819 3523 4877 homines.

1946 4922 2103 4993 pauci
2134 4922 2201 4977 θ’.
2225 4940 2244 4972 ι
2281 4919 2338 4974 In
2365 4920 2451 4974 his
2492 4934 2707 4989 quoque
2737 4917 2833 4971 ubi
2887 4931 2983 4971 eos
3010 4910 3377 4983 reprehendit,
3404 4912 3507 4981 qui

1946 5027 2009 5067 ex
2042 5010 2240 5081 populo
2273 5009 2707 5064 circumcisionis
2746 5007 2914 5077 legem
2976 5004 3091 5067 Dei,
3118 5011 3171 5058 et
3208 5010 3508 5058 testamen-

1946 5112 2060 5158 tum
2084 5102 2529 5171 contempserint,
2557 5110 2611 5155 et
2629 5101 2711 5155 eis
2740 5100 2979 5154 minatus
3005 5104 3089 5152 est
3135 5109 3198 5150 ea
3227 5110 3349 5165 qua:
3372 5094 3509 5149 scri-

1951 5206 2038 5266 pta
2065 5202 2227 5261 sunt;
2258 5204 2372 5249 tum
2404 5212 2480 5251 ex.
2523 5195 2632 5248 illis
2659 5207 2860 5263 paucos
2910 5190 3157 5245 homines
3208 5204 3329 5243 esse
3346 5187 3509 5240 relin-

1949 5288 2195 5358 quendos
2220 5287 2565 5341 vaticinatur.
2593 5285 2659 5339 Ili
2689 5302 2817 5341 vero
2841 5283 2950 5338 sint
2968 5297 3105 5337 sane
3132 5282 3255 5345 illie,
3274 5296 3394 5352 quae
3415 5296 3509 5333 no-

1948 5382 2226 5436 minantur
2281 5379 2424 5449 apud
2486 5379 2805 5448 Apostolum
2843 5395 2859 5425 ι
2908 5373 3151 5444 reliquiae
3215 5370 3510 5429 secundum

1950 5471 2262 5525 electionem
2282 5469 2466 5540 gnatis:
2492 5469 2553 5519 ".
2581 5488 2597 5519 ι
3378 5466 3379 5469 ‘

2537 5655 2577 5685 ⁸⁷
2600 5653 2700 5709 Isa.
2732 5667 2877 5708 ηυγ.
2900 5651 3013 5706 ιί-θι
3083 5653 3125 5683 ’³⁵
3165 5650 3319 5706 Ilum.
3352 5663 3428 5703 ιι.
3463 5645 3509 5700 5.
