3914 6198
451 223 546 276 Ibi

1040 212 1311 270 EUSEBII
1347 207 1824 265 CESABIENSIS
1860 209 2007 266 OPP.
2047 211 2229 271 PARS
2265 211 2328 268 II.
2367 241 2440 252 ——
2478 204 2974 268 APOLOGETICA.

3580 210 3692 272 139

520 335 698 392 XLVI.
729 356 749 389 ‹
774 336 1167 404 Relinquentur
1196 333 1448 390 civitates
1465 335 1712 398 desertae,
1732 343 1781 390 et
1815 335 1993 390 domu:

2180 335 2328 401 Μετ’.
2367 341 2425 402 ἰ(
2484 331 3022 403 Καταλειφθήσονται
3079 331 3259 396 πόλεις
3317 332 3534 403 ἔρημοι,
3591 337 3690 410 καί

447 443 570 499 qua:
598 427 796 483 relictze
834 424 1054 486 fuerint,
1100 424 1421 479 interibunt.
1455 423 1580 479 Haec
1611 425 1800 480 omnia
1849 431 2009 484 erunt

446 515 501 571 In
532 523 677 570 terra
698 515 753 568 in
790 514 968 569 medio
1029 514 1303 584 gentium:
1329 516 1784 586 quemadmodum
1809 517 1854 572 si
1887 518 2008 587 quis

447 603 665 673 colligat
698 615 904 672 paucas
937 603 1155 667 baccas,
1213 621 1335 674 qua:
1373 605 1428 660 in
1453 606 1595 671 oliva
1621 608 2005 672 remanserint,

446 696 528 752 sic
549 694 806 764 eolligent
827 709 962 760 eos;
991 704 1046 749 et
1085 695 1130 750 si
1160 696 1268 766 79
1295 698 1590 765 cessaverit
1637 698 1932 762 vindemia,
1954 699 2008 753 hi

446 801 576 842 voce
595 785 909 841 clamabunt
941 801 956 837 :
989 786 1082 856 qui
1111 795 1291 842 autem
1315 789 1488 843 relicti
1521 789 1724 844 fuerint
1751 791 1804 844 in
1838 799 2006 855 terra,

445 877 773 937 laetabuntur
805 877 966 934 simul
996 891 1121 932 cum
1152 879 1321 948 gloria
1338 880 1553 936 Domini
1582 882 1648 937 θ’.
1693 903 1711 935 ι
1751 882 1850 938 Hic
1872 900 2008 954 quo-

443 985 547 1040 que
571 969 672 1025 soli
695 969 788 1040 qui
829 968 1002 1024 relicti
1038 969 1262 1043 fuerint,
1305 972 1544 1043 gavisuri
1569 972 1847 1040 dicuntur,
1881 989 2005 1029 cum

442 1059 636 1130 reliqui
666 1075 855 1126 omnes
910 1057 1018 1126 his,
1049 1076 1170 1131 quae
1213 1063 1269 1117 in
1323 1064 1588 1138 vaticinio
1633 1065 2002 1132 continentur,

442 1149 554 1206 sint
579 1149 850 1220 tradendi.

507 1239 716 1297 XLVII.
753 1261 772 1305 ι
807 1243 1235 1306 Conculcabitur
1257 1260 1458 1300 corona
1482 1246 1842 1314 contumeliae,
1861 1262 2004 1301 mer-

438 1335 640 1390 cenarii
675 1334 930 1406 Ephraim
970 1357 984 1394 :
1020 1349 1073 1394 et
1101 1338 1204 1402 erit
1238 1337 1356 1404 llos,
1387 1339 1480 1408 qui
1529 1337 1740 1400 decidet
1784 1338 1850 1393 de
1906 1353 2003 1408 spe

436 1424 622 1495 gloriae
654 1428 706 1481 in
741 1431 1027 1485 cacumine
1071 1431 1274 1485 montis
1321 1431 1543 1495 excelsi,
1580 1429 1738 1500 quasi
1786 1444 2003 1501 praecox

439 1514 574 1572 ficus
611 1536 625 1572 :
657 1518 750 1588 qui
782 1519 919 1574 vidit
950 1536 1072 1581 eum
1124 1520 1440 1591 priusquam
1496 1521 1552 1574 in
1609 1535 1803 1576 manus
1855 1519 2003 1573 acci‘

435 1609 569 1679 piat,
613 1612 774 1668 vellet
809 1628 932 1668 eum
975 1597 1258 1669 devorare.
1312 1612 1407 1668 Die
1461 1613 1551 1667 illa
1606 1612 1868 1667 Dominus
1898 1610 2003 1666 erit

2108 428 2157 482 oi
2211 421 2348 478 οἶκοι
2407 426 2456 478 oi
2505 421 3051 492 ὲγκαταλελειμμένοι
3104 420 3452 476 ἀπολοῦνται.
3499 424 3689 488 Ταῦτα

2109 516 2282 570 πάντα
2310 515 2460 568 ἔσται
2498 517 2554 567 ὲν
2585 517 2650 586 τῇ
2688 516 2756 584 γῇ
2780 514 2838 566 ὲν
2869 511 3019 582 μέσῳ
3038 512 3145 565 τῶν
3176 511 3368 566 ἐθνῶν·
3396 512 3456 566 ὃν
3485 497 3692 585 τρόπον

2108 609 2202 662 ἐάν
2246 625 2330 671 τις
2374 606 2760 677 καλαμήσηται
2801 603 3006 669 ἐλαίαν,
3053 604 3227 667 οὕτως
3270 603 3688 676 καλαμήσονται

2107 698 2333 761 αὐτούς’
2367 699 2461 752 καὶ
2504 697 2598 751 ἐὰν
2631 697 2903 768 παύσηται
2944 699 2973 750 6
3011 696 3300 768 τρυγητὸς,
3331 687 3479 750 οὗτοι
3525 701 3684 776 φωνῇ

2109 790 2464 860 φωνήσουσινο
2506 788 2554 840 οἱ
2587 787 2644 840 δὲ
2677 785 3128 856 καταλειφθέντες
3170 788 3262 841 ἐπὶ
3301 785 3400 856 τῆς
3436 787 3544 857 γῆς
3585 787 3685 840 εὑ-

2113 880 2509 952 φρανθήσονται
2532 881 2648 950 ἅμα
2676 883 2739 950 τῇ
2769 879 2895 953 δόξῃ
2918 881 3141 952 Κυρίου.
3175 897 3192 930 ι
3229 879 3338 931 Kat
3373 878 3608 932 ἐνταῦθα
3634 881 3684 934 οἱ

2106 967 2556 1036 καταλειφθέντες
2593 967 2742 1038 μόνοι
2767 965 3234 1037 εὐφρανθήσεσθαι
3273 965 3546 1034 λέγονται,
3573 967 3687 1022 τῶν

2105 1059 2304 1112 λοιπῶν
2355 1059 2610 1112 ἁπάντων
2667 1061 2779 1120 τοῖς
2840 1055 3249 1128 θεσπιζομένοις
3303 1057 3685 1128 παραδοθησο-

2108 1149 2300 1222 μένων.

2176 1240 2300 1294 MZ'.
2338 1241 2921 1316 [Καταπατηθήσεται
2953 1239 2980 1290 6
3011 1241 3272 1307 στέφανος
3311 1239 3409 1309 τῆς
3443 1239 3684 1311 ὕϐρεως,

2102 1335 2149 1386 oI
2185 1332 2441 1404 μισθωτοὶ
2467 1329 2561 1386 τοῦ
2607 1331 2875 1403 Ἐφραῒμ·
2909 1332 3000 1384 καὶ
3030 1330 3182 1386 ἔσται
3213 1329 3273 1383 τὸ
3302 1330 3460 1394 ἄνθος
3497 1333 3556 1384 τὸ
3583 1333 3688 1386 ὲκ-

2102 1424 2264 1476 πεσὺν
2309 1424 2407 1494 τῆς
2456 1423 2668 1486 ἐλπίδος
2717 1423 2818 1492 τῆς
2865 1421 3026 1492 δόξης
3061 1423 3146 1475 ἐπ’
3193 1423 3360 1493 ἄκρου
3392 1422 3485 1476 τοῦ
3515 1424 3687 1495 ὅρους

2101 1515 2192 1568 τοῦ
2239 1514 2475 1592 ὑψηλοῦ,
2525 1514 2600 1578 ὼς
2657 1515 2962 1586 πρόδρομος
3017 1515 3181 1567 σύκου
3208 1531 3221 1544 ·
3271 1517 3299 1568 6
3347 1514 3470 1570 ἰδὼν
3519 1516 3683 1581 αὐτὸ,

2103 1607 2230 1678 πρὶν
2261 1607 2292 1677 ἢ
2330 1608 2409 1669 είς
2440 1606 2538 1679 τὴν
2568 1609 2726 1677 χεῖρα
2756 1606 2940 1660 λαϐεῖν
2983 1608 3136 1674 αὐτὸ,
3171 1606 3382 1678 θελήσει
3415 1610 3545 1664 αὐτὸ
3574 1629 3687 1667 κα-

434 1715 640 1768 eorona
671 1704 809 1774 spei,
839 1713 1090 1761 contexta
1119 1707 1304 1776 gloriae
1333 1707 1406 1770 ei,
1454 1706 1548 1778 qui
1579 1705 1802 1760 relictus
1833 1704 1906 1761 sit
1933 1705 1993 1758 de

2105 1703 2336 1753 ταπιεῖν.
2377 1699 2456 1770 Τῇ
2484 1677 2668 1771 ἡμέρα
2693 1699 2875 1773 ἐκείνῃ
2906 1700 3108 1772 Κύριος
3157 1677 3308 1754 ἔσται
3346 1703 3374 1754 ὁ
3415 1702 3684 1771 στέφανος

432 1794 636 1864 populo
695 1795 870 1865 ipsius
908 1813 922 1850 :
958 1797 1333 1866 relinquentur
1375 1796 1519 1850 enim
1566 1796 1621 1850 in
1681 1795 1875 1864 spiritu
1905 1793 1999 1862 ju-

432 1881 585 1940 dicii.
613 1904 633 1938 δ
663 1884 838 1941 Etiam
868 1887 958 1956 hic
982 1888 1053 1956 ci,
1080 1888 1170 1958 qui
1198 1888 1418 1943 relictus
1452 1887 1523 1942 sit
1548 1886 1613 1941 de
1640 1887 1858 1956 populo,
1890 1900 2000 1939 non

432 1977 708 2033 universa:
732 1979 807 2034 illi
837 1979 1004 2050 genti,
1037 1979 1170 2036 solis
1219 1979 1407 2048 utique
1437 1978 1565 2042 illis,
1608 1978 1700 2048 qui
1735 1976 1996 2046 reliquia-

433 2081 556 2124 rum
588 2072 808 2126 nomine
839 2072 1235 2146 significantur,
1264 2069 1550 2124 Dominum
1571 2085 1828 2124 coronam
1860 2069 1996 2138 spei,

430 2164 489 2214 et
519 2160 705 2230 gloria:
733 2161 1001 2228 futurum,
1028 2161 1358 2235 vaticinatur
1393 2179 1406 2214 :
1456 2161 1592 2216 alios
1625 2175 1750 2216 vero
1801 2168 1999 2232 pmter

433 2253 620 2324 pepuli
642 2253 928 2324 reliquias,
954 2267 1212 2309 coronam
1236 2253 1601 2318 contumeliae,
1631 2261 1686 2308 et
1718 2267 1998 2308 mercena-

433 2341 548 2416 rius
579 2343 836 2414 Ephraim
865 2344 1130 2399 nominat.
1521 2359 1528 2364 '

501 2521 733 2586 XLVIII.
771 2543 790 2586 ς
825 2524 894 2590 Et
918 2531 1101 2587 erunt,
1129 2521 1224 2592 qui
1257 2518 1431 2575 relicti
1467 2517 1668 2573 fuerint
1702 2517 1758 2571 in
1782 2516 1990 2581 Judaaa,

431 2617 649 2677 mittent
679 2616 916 2684 radicem
953 2615 1233 2678 deorsum,
1263 2620 1318 2668 et
1353 2611 1554 2666 facient
1597 2609 1833 2666 fructum
1873 2626 1994 2681 sur.

430 2725 554 2768 sum
608 2709 865 2779 quoniam
915 2722 982 2762 ex
1035 2705 1371 2774 Hierusalem
1419 2710 1602 2768 erunt,
1673 2703 1766 2772 qui
1818 2703 1992 2758 relicti

431 2801 652 2872 fuerint,
699 2809 754 2856 et
795 2801 888 2871 qui
934 2800 1072 2855 salvi
1121 2797 1286 2852 futuri
1333 2803 1556 2854 suntex
1590 2805 1774 2864 monte
1807 2795 1935 2852 Sion
1974 2817 1987 2876 ς

429 2877 704 2958 cmulatio
728 2891 940 2947 Domini
973 2889 1212 2948 Sabaoth
1241 2887 1402 2944 faciet
1427 2889 1540 2943 haec
1567 2889 1610 2920 ’τι
1643 2907 1656 2942 :
1701 2907 1719 2940 ι
1757 2903 1872 2951 eos,
1896 2889 1988 2958 qui

429 2967 730 3048 secundum
761 2984 1078 3040 electionem
1109 2981 1296 3053 gratiae
1341 2981 1513 3036 relicti
1568 2979 1769 3037 fuerint
1798 2997 1864 3036 ex
1892 2980 1988 3036 Ju-

428 3078 669 3142 dzeorum
691 3085 850 3148 gente
876 3077 1141 3133 missuros
1169 3074 1402 3128 radicem
1428 3074 1705 3141 deorsum,
1735 3083 1788 3128 et
1816 3073 1991 3130 factu-

427 3185 521 3226 ros
551 3152 733 3230 semen
763 3183 981 3225 sursum
1011 3167 1359 3221 vaticinatur.
1409 3165 1510 3220 Ubi
1547 3166 1992 3222 manifestissime

428 3261 802 3334 apostolorum
831 3269 886 3325 et
927 3261 1319 3330 discipulorum
1353 3259 1650 3315 Salvatoris
1678 3259 1852 3315 nostri
1881 3260 1992 3330 ele—_

427 3353 666 3424 ctionem
703 3352 992 3423 significat.
1025 3349 1306 3421 Siquidem
1331 3351 1408 3414 hi,
1439 3367 1506 3406 ex
1538 3352 1605 3406 iis
1649 3352 1740 3422 qui
1785 3355 1852 3406 ad
1883 3353 1992 3407 cir-

427 3442 820 3506 cumcisionem
851 3441 1142 3511 pertinent,
1173 3439 1370 3506 relicti,
1407 3439 1662 3495 deorsum
1693 3440 1749 3494 in
1787 3447 1989 3515 terram

426 3533 688 3588 doctrinm
735 3548 848 3589 suae
896 3534 1109 3588 radices
1159 3531 1447 3596 miserunt,
1487 3531 1623 3587 adeo
1655 3531 1895 3602 quidem,
1931 3538 1990 3604 ut

425 3623 521 3682 illa
551 3624 668 3693 ipsa
705 3624 1019 3679 eorumdem
1047 3623 1294 3680 doctrina
1325 3622 1487 3696 infixa
1518 3624 1610 3687 sit,
1639 3629 1693 3677 et
1713 3621 1993 3694 radicibus

431 3714 641 3771 firmata
665 3730 761 3786 per
791 3722 962 3769 totum
991 3722 1261 3770 terrarum
1291 3714 1479 3768 orbem
1505 3733 1518 3768 :
1556 3727 1773 3768 sursum
1807 3719 1988 3768 autem

427 3807 570 3874 ferre
620 3823 806 3876 semen
855 3814 908 3862 et
937 3807 1176 3862 fructum
1209 3807 1274 3861 ad
1308 3807 1577 3878 promissa
1616 3805 1860 3860 cmlestia
1889 3819 1988 3859 ex-

427 3899 628 3968 hortati
657 3909 806 3962 sunt.
854 3898 922 3954 Hi
963 3916 1091 3956 vero
1141 3901 1243 3971 ipsi
1275 3900 1342 3955 de
1371 3906 1531 3971 gente
1557 3897 1868 3954 Judaaorum
1901 3915 1988 3953 re-

426 3991 564 4058 licti,
621 3993 834 4070 caeteris
869 3993 1242 4063 pereuntibus,
1303 3993 1405 4047 soli
1456 3991 1661 4062 servari
1704 3991 1983 4046 dicuntur.

423 4083 552 4140 llaec
592 4095 771 4148 autem
811 4087 1014 4150 omnia,
1058 4087 1331 4142 :emulatio
1381 4084 1594 4140 Domini
1650 4085 1795 4140 fecit.
1853 4083 1986 4138 Nam

424 4177 698 4231 aemulatio
748 4177 984 4243 Domini,
1017 4193 1138 4248 quae
1173 4177 1284 4232 ‘Iios
1335 4177 1401 4232 ad
1458 4175 1863 4247 provocandum
1893 4192 1988 4230 eos

427 4267 641 4338 impios,
675 4271 767 4339 qui
798 4270 851 4342 in
875 4270 1291 4332 circumcisione
1315 4278 1633 4324 manserunt
1657 4269 1838 4338 elegit,
1866 4269 1988 4322 illos

425 4362 760 4429 provocavit,
791 4369 947 4419 utest
970 4361 1100 4434 illud
1129 4359 1270 4430 apud
1291 4359 1524 4431 Moysem
1553 4361 1759 4418 dictum
1785 4380 1797 4415 :
1832 4381 1850 4412 ‹
1885 4361 1988 4432 ipsi
2021 4382 2064 4435 ι)

424 4463 512 4518 me
535 4441 968 4520 provocaverunt
1000 4454 1056 4507 in
1085 4467 1172 4519 eo,
1204 4452 1298 4524 qui
1339 4468 1449 4508 non
1477 4461 1562 4508 est
1591 4452 1738 4509 Deus
1770 4462 1863 4532 τ,οι
1885 4469 1984 4523 ego

2105 1789 2202 1859 τῆς
2235 1789 2463 1852 ἐλπίδος,
2491 1792 2519 1842 6
2557 1787 2782 1853 πλακεὶς
2816 1789 2914 1860 τῆς
2953 1791 3110 1860 δόξης
3141 1791 3218 1863 τῷ
3260 1792 3681 1860 καταλειφθέντι

2103 1880 2196 1932 τοῦ
2227 1879 2356 1934 λαοῦ
2403 1872 2588 1934 αύτοῦ·
2625 1879 3148 1952 καταλειφθήσονται
3177 1882 3282 1954 γὰρ
3315 1885 3372 1936 ἐν
3407 1883 3682 1954 πνεύματι

2106 1971 2352 2042 κρίσεως.
2400 1990 2419 2025 ι
2446 1973 2555 2026 Καὶ
2587 1972 2818 2026 ἐνταῦθα
2847 1971 2924 2043 τῷ
2963 1973 3368 2042 καταλειφθέντι
3397 1974 3488 2028 τοῦ
3518 1973 3682 2040 λαοῦ,

2103 2065 2222 2134 οὐχὶ
2249 2064 2305 2117 δὲ
2339 2065 2500 2118 παντί⁵
2529 2065 2608 2136 τῷ
2639 2064 2782 2118 ἔθνει
2817 2065 3016 2130 αὐτῶν,
3049 2065 3184 2120 ἀλλὰ
3223 2067 3403 2139 μόνοις
3430 2071 3542 2131 τοῖς
3584 2055 3686 2121 διὰ.

2103 2153 2196 2206 τοῦ
2238 2153 2678 2226 καταλείμματος
2722 2156 3160 2227 σημαινομένοις,
3190 2157 3281 2210 τὸν
3307 2159 3507 2229 Κυριον
3548 2159 3687 2228 στέέ

2103 2261 2268 2315 φανον
2314 2244 2528 2301 ἔσεσθαι
2575 2245 2788 2314 ἐλπίδος
2831 2249 2924 2300 καὶ
2967 2247 3124 2318 δόξης
3171 2249 3515 2318 προφητεύει,
3546 2251 3683 2312 τοὺς

2102 2335 2294 2401 ἄλλους
2351 2335 2504 2410 παρὰ
2557 2338 2616 2392 τὸ
2669 2339 3014 2409 κατάλειμμα
3064 2339 3155 2392 τοῦ
3216 2339 3344 2396 λαοῦ
3377 2326 3678 2415 ’στέφανον

2103 2427 2310 2500 ὕϐρεως
2339 2434 2431 2483 καὶ
2460 2430 2760 2501 μισθωτοὺς
2790 2415 2883 2485 τοῦ
2928 2431 3164 2502 Ἐφραίμ
3188 2431 3486 2502 ὀνομάζων.

2168 2521 2306 2574 MH’.
2355 2538 2374 2582 ι
2412 2521 2520 2575 Καὶ
2553 2521 2760 2576 ἔσονται
2804 2524 2851 2575 οἱ
2900 2522 3450 2594 ἐγκαταλελειμμένοι
3497 2529 3554 2580 ὲν
3599 2530 3674 2597 τῇ

2112 2612 2362 2685 Ἰουδαίᾳ,
2386 2615 2649 2685 φυήσουσι
2668 2613 2820 2686 ῥίζαν
2843 2614 3012 2679 κάτω,
3031 2616 3124 2670 καὶ
3148 2618 3428 2688 ποιήσουσι
3447 2618 3679 2690 σπέρμα

2098 2706 2228 2771 ἄνω,
2278 2706 2360 2759 ὅτι
2406 2707 2466 2770 ἐξ
2521 2706 2874 2778 Ἰερουσαλὴμ
2921 2706 3132 2764 ἔσονται
3174 2709 3224 2761 οί
3273 2707 3563 2780 σωζόμενοι
3610 2707 3680 2776 ἐξ

2096 2794 2254 2866 ὅρους
2277 2781 2432 2862 Σιών.
2465 2796 2524 2848 Ὁ
2545 2795 2702 2867 ζῆλος
2723 2797 2927 2868 Κυρίου
2949 2795 3174 2851 Σαϐαὼθ
3201 2799 3413 2868 ποιήσει
3437 2798 3633 2852 ταῦτα.
3648 2819 3673 2851 ι

2097 2887 2234 2962 Τοὺς
2277 2889 2394 2940 κατ’
2437 2887 2664 2959 ἐκλογὴν
2711 2889 2932 2958 χάριτος
2979 2888 3433 2958 καταλειφθέντας
3477 2892 3540 2944 ὲκ
3571 2891 3677 2945 τοῖ’

2108 2980 2373 3035 Ἰουδαίων
2405 2981 2590 3045 ἔθνους
2622 2984 2845 3054 φυήσειν
2880 2983 3034 3054 ῥίζαν
3067 2983 3235 3047 κάτω,
3280 2984 3372 3040 καὶ
3420 2985 3678 3054 ποιήσειν

2093 3071 2310 3144 σπέρμα
2343 3071 2453 3125 ἀνω
2489 3071 2816 3142 προφητεύει
2836 3113 2850 3136 ,
2900 3073 3210 3140 σαφέστατα
3242 3073 3338 3143 τὴν
3390 3073 3495 3126 τῶν
3528 3075 3677 3127 ἀπο-

2095 3163 2296 3228 στόλων
2328 3164 2421 3223 καὶ
2449 3163 2706 3234 μαθητῶν
2730 3163 2822 3218 τοῦ
2850 3165 3099 3236 Σωτῆρος
3130 3165 3286 3236 ἡμῶν
3313 3164 3538 3236 ἐκλογὴν
3570 3184 3679 3220 πα-

2094 3240 2302 3328 ριστὰς..
2339 3251 2496 3327 Οὗτοι
2524 3256 2654 3328 γὰρ,
2691 3257 2798 3316 ἀπὸ
2837 3256 2945 3310 τῶν
2987 3258 3051 3310 ὲκ
3087 3259 3384 3329 περιτομῆς
3411 3260 3677 3315 καταλει-

2093 3348 2338 3419 φθέντες,
2373 3351 2523 3402 κάτω
2551 3349 2648 3419 μὲν
2671 3350 2750 3412 είς
2777 3335 2878 3419 γῆν
2903 3333 3181 3419 τὰς-ῥίζας
3205 3351 3303 3422 τῆς
3322 3351 3678 3420 διδασκαλίας

2091 3440 2265 3494 αὐτῶν
2297 3440 2639 3505 κατέϐαλλον,
2671 3441 2747 3511 ᾡς
2777 3441 3107 3512 ἐμπαγῆναι,
3147 3441 3239 3494 καὶ
3277 3431 3500 3512 ῥιζῶσαι
3537 3443 3676 3496 καθ’

2066 3531 2215 3602 ’ὅλης
2250 3532 2351 3603 τῆς
2390 3532 2711 3603 οἰκουμένης
2752 3531 2850 3602 τὴν
2879 3531 3096 3603 διδαχὴν
3133 3533 3310 3585 αὐτῶν
3333 3551 3344 3563 ·
3378 3533 3489 3588 ἄνω
3516 3535 3574 3588 δὲ
3602 3537 3676 3589 τὸ

2091 3624 2309 3694 σπέρμα
2340 3625 2434 3676 καὶ
2475 3624 2564 3677 τὸν
2607 3624 2817 3696 καρπὸν
2859 3623 3120 3695 φέρεσθαι
3159 3626 3237 3688 είς
3285 3623 3383 3688 τὰς
3427 3626 3673 3698 ἐπουρε-

2089 3715 2230 3779 νίους
2265 3717 2594 3785 ἐπαγγελίας
2641 3717 3126 3789 παρεκελεύσαντο.
3161 3719 3219 3770 Οἱ
3263 3718 3307 3772 δ’
3339 3719 3490 3772 αὐτοὶ
3517 3715 3673 3774 οὗτοι

2091 3809 2152 3861 ὲκ
2197 3807 2290 3860 τοῦ
2352 3808 2617 3862 Ἰουδαίων
2652 3809 2834 3872 ἔθνους
2868 3807 3368 3879 καταλελειμμένοι,
3404 3809 3508 3864 τῶν
3554 3810 3675 3863 λοι-

2091 3897 2206 3952 πῶν
2237 3896 2640 3969 ἀπολλυμένων,
2679 3900 2829 3970 μόνοι
2854 3881 3148 3970 σωζόμενοι
3178 3899 3441 3967 λέγονται.
3479 3899 3673 3954 Ταῦτα

2088 3989 2144 4042 δὲ
2182 3989 2355 4043 πάντα
2385 3990 2412 4042 6
2451 3989 2610 4060 ζῆλος
2650 3990 2854 4061 Κυρίου
2889 3990 3163 4061 ἐποίησεν.
3199 3991 3292 4053 Εἰς
3319 3989 3427 4061 γὰρ
3464 3989 3523 4042 τὸ
3557 4009 3671 4044 πα⁹

2091 4082 2397 4154 ραζηλῶσαι
2428 4083 2552 4146 τοὺς
2581 4083 2798 4145 ἀσεϐεῖς
2838 4083 2947 4145 τῶν
2980 4084 3045 4135 ὲκ
3074 4081 3396 4154 περιτομῆς,
3439 4082 3671 4150 ἐκλεξά-

2093 4177 2248 4243 μενος
2289 4175 2318 4227 6
2349 4159 2507 4244 ζῆλος
2539 4173 2744 4244 Κυρίου
2793 4173 3039 4238 τούτους,
3086 4173 3465 4247 παρεζήλωσεν
3509 4175 3667 4228 ὲκεί-

2088 4283 2240 4329 νους·
2289 4265 2428 4319 κατά
2470 4266 2532 4320 τὸ
2574 4265 2722 4338 παρά
2748 4267 2937 4320 Μωσεί
2968 4265 3252 4336 λεγόμενον
3272 4283 3285 4296 ο
3310 4287 3329 4318 ι
3362 4268 3523 4320 Αὐτοὶ
3551 4285 3668 4322 πα-

2093 4357 2401 4430 ρεζήλωσάν
2424 4375 2489 4430 με
2509 4359 2596 4411 ἐπ’
2627 4359 2686 4411 ού
2713 4358 2850 4430 Θεῷ,
2879 4356 3034 4426 κάγὼ
3063 4358 3437 4430 παραζηλώσω
3458 4361 3665 4428 αὐτοὺς

2089 4453 2174 4504 ἐπ’
2200 4451 2298 4504 οὐκ
2328 4451 2467 4504 ἔθνει
2491 4469 2505 4482 ο
2538 4453 2623 4505 ἐπ’
2654 4450 2792 4504 ἔθνει
2815 4448 3054 4519 ἀσυνέτῳ
3081 4451 3360 4522 παροργιῶ
3390 4452 3604 4516 αὐτούς.
3636 4474 3659 4507 ι

423 4541 729 4626 provocabo
782 4559 878 4616 eos
935 4543 989 4598 in
1044 4559 1130 4610 ea,
1164 4559 1286 4614 quae
1325 4561 1432 4600 non
1479 4553 1563 4600 est
1590 4561 1721 4616 gens
1757 4565 1771 4601 :
1808 4545 1861 4600 in
1896 4554 2052 4616 gente
2085 4547 2250 4602 stulta
2289 4544 2514 4599 irritabo
2539 4557 2634 4599 eos
2656 4545 2722 4596 ⁷⁸.
2759 4561 2778 4594 ι

494 4631 679 4689 XLIX.
712 4651 732 4686 ι
772 4632 864 4688 Sic
883 4633 1016 4689 dicit
1047 4633 1306 4690 Dominus
1335 4654 1348 4691 :
1384 4635 1850 4703 Quemadmodum
1875 4638 1988 4708 80

424 4725 731 4790 invenietur
767 4723 957 4780 acinus
981 4725 1035 4779 in
1059 4741 1297 4792 racemo,
1334 4736 1388 4784 et
1426 4727 1630 4793 dicent,
1663 4744 1730 4785 ne
1752 4729 1986 4800 dissipa-

424 4817 571 4876 veris
597 4833 756 4898 eum,
816 4819 1070 4888 quoniam
1103 4817 1412 4876 benedictio
1446 4820 1659 4876 Domini
1695 4828 1778 4877 est
1809 4823 1863 4876 in
1893 4837 1980 4885 eo,

425 4910 507 4964 sic
537 4899 984 4980 faciam‘propter
1011 4924 1158 4974 eum,
1210 4911 1301 4981 qui
1353 4913 1522 4972 servit
1568 4913 1699 4969 mihi
1746 4932 1759 4967 :
1823 4913 1986 4983 hujus

423 5019 590 5060 causa
616 5019 724 5060 non
749 5004 970 5074 perdam
1003 5019 1196 5070 omnes
1225 5025 1236 5060 :
1267 5013 1319 5061 et
1353 5005 1579 5064 educam
1616 5021 1683 5061 ex
1705 5005 1874 5060 Iacob
1897 5021 1985 5061 se-

423 5108 569 5155 men.
592 5103 646 5149 et
674 5111 740 5150 ex
780 5093 918 5149 Juda
950 5114 964 5150 :
1003 5102 1056 5150 et
1097 5084 1434 5171 haereditabit
1471 5105 1706 5151 montem
1737 5104 1986 5152 sanctum

424 5197 625 5245 meum,
666 5194 721 5238 et
753 5185 1143 5244 litereditabunt
1171 5186 1330 5240 electi
1373 5188 1475 5241 mei
1508 5195 1560 5242 et
1593 5187 1735 5242 servi
1769 5187 1897 5254 mei,
1934 5195 1987 5241 et

423 5270 746 5330 habitabunt
777 5276 906 5332 illic.
943 5275 1010 5332 Et
1038 5278 1140 5334 erit
1182 5277 1237 5332 in
1267 5278 1402 5335 silva
1432 5279 1706 5345 stabulum
1741 5293 1984 5350 gregum,

423 5367 480 5415 et
501 5365 658 5422 vallis
688 5366 868 5422 Achor
915 5367 971 5423 in
1019 5372 1261 5440 requiem
1293 5379 1658 5425 armentorum
1690 5370 1852 5425 boum
1889 5386 1986 5442 po-

425 5454 554 5524 pulo
584 5469 726 5520 meo,
757 5459 850 5528 qui
884 5460 1296 5531 exquisiverunt
1339 5477 1446 5517 me.
1505 5461 1617 5518 Vos
1645 5471 1848 5528 autem,
1884 5465 1979 5534 qui

494 5609 537 5642 “
566 5607 667 5668 Isa.
692 5624 837 5666 ιιιν.
871 5613 1051 5669 10-14.
1128 5618 1172 5650 ⁷ο
1196 5617 1294 5673 Isa.
1329 5635 1516 5677 xxvm.
1549 5617 1655 5676 5-6.

2161 4637 2292 4692 ΜΘ.
2326 4655 2345 4688 ι
2382 4635 2566 4698 Οὕτως
2589 4634 2732 4704 λέγει
2760 4633 2978 4705 Κύριος·
3013 4635 3108 4687 Ὃν
3139 4636 3337 4707 τρόπον
3364 4635 3662 4710 εὑρήσεται

2091 4730 2120 4783 6
2154 4728 2261 4799 ρὼξ
2291 4729 2347 4782 ὲν
2375 4727 2452 4799 τῷ
2481 4727 2683 4799 βότρυῖ,
2708 4727 2800 4780 καὶ
2831 4723 3076 4798 ἐροῦσιν·
3115 4727 3206 4800 Μὴ
3233 4727 3444 4801 λυμήνῃ
3471 4731 3658 4796 αὐτὸν,

2091 4821 2172 4875 ὅτι
2207 4819 2419 4890 εὐλογία
2463 4819 2668 4891 Κυρίου
2708 4819 2856 4883 ἐστὶν
2904 4820 2962 4871 ὲν
3005 4819 3182 4889 αὐτῷ’
3226 4820 3397 4886 οὕτως
3448 4824 3662 4894 ποιήσω

2093 4912 2278 4967 ἕνεκεν
2314 4911 2405 4966 τοῦ
2459 4908 2796 4974 δουλεύοντός
2845 4928 2961 4981 μοι·
3013 4910 3200 4965 τούτου
3253 4911 3435 4966 ἕνεκεν
3483 4915 3543 4966 οὐ
3578 4914 3661 4986 μὴ

2091 5006 2338 5062 ἀπολέσω
2382 5004 2613 5067 πάντας’
2660 5002 2753 5056 καὶ
2791 5000 2964 5068 ἐξάξω
2999 5004 3058 5058 τὸ
3083 4989 3140 5070 ἔξ
3178 5003 3371 5057 Ἰακὼὸ
3416 5007 3656 5076 σπέρμα,

2091 5099 2182 5152 καὶ
2215 5097 2276 5150 τδ
2306 5096 2364 5163 ἐξ
2401 5095 2588 5148 Ἰούδα·
2623 5097 2715 5148 καὶ
2752 5095 3146 5168 κληρονομήσει
3170 5096 3230 5149 τὸ
3260 5096 3383 5168 ὅρος
3411 5097 3468 5151 τὺ
3501 5098 3661 5168 ἅγιόν

2091 5205 2192 5261 μου
2216 5206 2228 5218 ·
2267 5189 2359 5243 καὶ
2400 5187 2894 5259 κληρονομήσουσιν
2935 5189 2986 5241 ot
3026 5186 3267 5241 ἐκλεκτοί
3317 5205 3417 5258 μου
3463 5190 3559 5244 καὶ
3601 5193 3657 5245 0!

2086 5277 2259 5332 δοῦλοί
2289 5296 2409 5350 μου,
2445 5277 2539 5331 καὶ
2571 5278 2986 5348 κατοικήσουσιν
3006 5277 3139 5331 ἐκεῖ.
3169 5279 3277 5330 Καὶ
3310 5278 3461 5332 ἔσται
3485 5281 3542 5332 ὲν
3575 5279 3656 5352 τῷ

2087 5370 2277 5442 δρυμῷ
2323 5369 2545 5433 ἔπαυλις
2594 5368 2888 5439 ποιμνίων.
2939 5369 3031 5422 καὶ
3081 5369 3295 5442 φάραγξ
3348 5369 3524 5442 ’Λχὼρ
3572 5374 3656 5437 εἰς

2088 5463 2388 5517 ἀνάπαυσιν
2430 5461 2717 5530 βουκολίων
2747 5459 2823 5532 τῷ
2855 5460 2968 5531 λαῷ
3013 5479 3130 5531 μου,
3165 5462 3214 5512 οἳ
3252 5461 3518 5532 ἐζήτησάν
3561 5479 3649 5532 με.

1731 5621 1774 5652 ’³⁸
1805 5617 1906 5674 Isa.
1941 5632 2146 5678 xxxvii.
2173 5615 2355 5680 3l,32.
2434 5618 2477 5647 τ’
2507 5613 2661 5671 Deul-
2693 5632 2861 5678 XXX".
2896 5617 2984 5673 Ξίο
