3914 6198
180 264 295 320 153

1101 259 1751 317 DEMONSTRATIONIS
1787 258 2242 315 EVANGELICA'Z
2280 259 2406 315 LIB.
2449 259 2511 321 ΙΙ.

3340 263 3442 319 156

185 382 389 450 Ὑμεῖς
415 379 481 433 δὲ
514 381 569 433 οῖ
600 379 1055 448 ἐγκαταλιπόντες
1083 395 1148 449 με
1181 379 1275 432 καὶ
1302 377 1773 449 ἐπιλανθανόμενοι

1883 377 2183 448 reliquistis
2214 393 2320 442 me,
2360 385 2415 432 et
2460 375 2845 431 obliviscimini
2890 385 3127 435 montem
3193 389 3442 439 sanctum

174 470 233 524 τὸ
260 472 396 540 ὄρος
420 471 488 523 τὸ
520 471 684 541 ἅγιόν
720 488 842 542 μου,
873 472 965 523 καὶ
994 472 1367 542 ὲτοιμάζοντες
1390 475 1455 543 τῇ
1486 472 1619 543 τύχῃ
1650 473 1781 543 τρόι⁴

177 563 385 625 αζαν,
440 563 551 616 καὶ
598 562 930 633 πληροῦντες
972 560 1049 631 τῷ
1091 561 1305 632 δαίμονι
1351 562 1625 633 κέρασμα,
1668 562 1778 631 ἐγὼ

538 655 689 725 ὑμᾶς
720 656 800 717 εἰς
831 655 1123 725 μάχαιραν.
1151 654 1357 717 Πάντες
1385 657 1442 707 ὲν
1468 657 1646 724 σφαγῇ
1682 672 1780 707 πε-

182 745 359 800 σεῖσθε
381 762 395 775 ·
430 747 529 799 ὅτι
579 745 812 799 ἐκάλεσα
835 746 1002 815 ὑμᾶς,
1033 747 1125 799 καὶ
1154 746 1250 815 οὐχ
1280 745 1645 816 ὑπηκούσατε,
1687 747 1780 799 καὶ

184 840 486 908 ἐποιήσατε
549 838 608 891 τὸ
666 838 901 905 πονηρὸν
963 837 1203 890 ἐναντίον
1258 837 1412 906 ἐμοῦ,
1464 839 1556 892 καὶ
1603 836 1639 891 ἃ
1680 839 1779 889 ούκ

185 928 493 999 ἐϐουλόμην
541 928 881 994 ἐξελέξασθε.
930 948 948 979 ι
985 927 1178 981 Διελὼν
1202 929 1295 981 καὶ
1333 930 1390 981 ὲν
1416 928 1623 991 τούτοις
1648 930 1675 981 6
1697 926 1781 980 λό-

186 1039 293 1089 γος,
328 1020 523 1090 βραχὺ
566 1019 666 1088 μέν
697 1020 748 1071 τί
780 1035 911 1089 φησι
942 1020 1157 1090 σπέρμα
1182 1019 1239 1085 ἐξ
1274 1019 1468 1071 Ἰακὼϐ
1496 1018 1779 1083 τεύξεσθαι

188 1114 288 1166 τῶν
328 1111 812 1181 ἐπηγγελμένων·
850 1110 1135 1174 ἐκλεκτούς
1176 1129 1231 1163 τε
1270 1108 1560 1174 εἶναιτοὺς
1604 1129 1782 1164 κατοι-

192 1208 465 1274 κήσαντας
512 1205 575 1256 ὲν
602 1203 682 1273 τῷ
708 1201 929 1273 δρυμῷ·
958 1202 1127 1266 οὕτως
1150 1202 1431 1272 ὀνομάζων
1462 1203 1558 1272 τὴν
1587 1202 1781 1271 κλῆσιν

191 1297 289 1351 τῶν
318 1296 525 1358 ἐθνῶν,
559 1296 621 1347 ὲν
717 1296 766 1346 οἱ
796 1294 1039 1346 ἐκλεκτοὶ
1072 1295 1162 1348 τοῦ
1197 1295 1422 1366 Κυρίου,
1455 1295 1547 1347 xai.
1582 1293 1642 1345 τὸ
1678 1294 1782 1345 Ἰα-

195 1390 303 1445 κὼϐ
328 1390 582 1459 σπέρμα,
616 1383 727 1439 εἷεν
757 1385 801 1437 6'
837 1387 912 1455 (I)
939 1385 1003 1438 ἂν
1033 1388 1078 1438 οἱ
1105 1386 1388 1439 ἀπόστολοι
1416 1386 1508 1438 καὶ
1546 1384 1781 1455 μαθηταί⁵

199 1480 288 1533 τοῦ
312 1481 568 1550 Σωτῆρος
604 1476 767 1547 ἡμῶν
786 1495 797 1507 ·
829 1478 878 1528 οἱ
898 1477 954 1529 δὲ
979 1476 1152 1530 λοιποὶ
1175 1477 1372 1539 πάντες
1398 1477 1548 1550 παρὰ
1565 1476 1782 1540 τούτους

202 1576 315 1634 ταῖς
351 1571 718 1641 δηλουμέναις
757 1568 1008 1632 ἀπειλαῖς
1045 1568 1465 1638 ὑποϐέϐληνταιο
1504 1571 1782 1639 μονονουχὶ

207 1664 291 1718 τοῦ
312 1665 471 1731 λόγου
500 1661 820 1732 γυμνότατα
848 1659 1234 1732 παριστῶντος,
1272 1661 1345 1731 μὴ
1375 1661 1449 1724 ὡς
1476 1661 1661 1730 ἔτυχεν
1691 1662 1781 1713 ἐπὶ

213 1758 309 1809 πᾶν
338 1756 397 1807 τὸ
439 1753 719 1807 Ἰουδαίων
748 1751 903 1815 ἔθνος
943 1751 1110 1821 φθάσε
1122 1770 1167 1804 ιν
1202 1751 1299 1815 τὰς
1330 1751 1424 1804 τοῦ
1451 1752 1585 1805 Θεοῦ
1610 1754 1781 1820 ἐπαγ-

217 1848 406 1915 γελίας,
467 1848 580 1901 ἀλλ’
622 1847 716 1899 ἐπὶ
782 1846 941 1915 μόνον
1002 1846 1061 1898 τὸ
1098 1845 1480 1915 ὠνομασμένον
1530 1847 1770 1918 σπέρμα,

227 1941 314 1993 καὶ
342 1941 461 2002 τοὺς
491 1938 952 2008 ἐπικαλουμένους
984 1938 1269 2001 ἐκλεκτοὺς
1292 1937 1384 1991 τοῦ
1418 1936 1582 1991 Θεοῦ·
1615 1957 1635 1990 ι
1661 1941 1781 1993 ἐπεὶ

237 2031 411 2082 πολλοὶ.
444 2030 638 2100 κλητοὶ,
681 2029 857 2098 ὀλίγοι
898 2029 956 2082 δὲ
1000 2029 1260 2082 ἐκλεκτοί.
1296 2049 1314 2081 ι
1345 2030 1566 2094 Τούτοις
1600 2030 1657 2084 δὲ
1687 2032 1781 2085 καὶ

239 2122 329 2174 νῦν
354 2123 511 2191 ὄνομα
547 2122 714 2174 καινὸν
758 2120 1171 2192 ἐπιτεθήσεσθαι
1208 2120 1336 2191 ἑξῆς
1367 2124 1396 2174 6
1418 2121 1572 2190 λόγος
1595 2122 1781 2175 θεσπί-

239 2212 336 2278 ζει,
369 2214 573 2280 φάσκων
608 2212 744 2284 πρὸς
774 2213 901 2274 τοὺς
938 2211 1179 2274 ἀσεϐεῖς
1214 2230 1233 2262 ι
1271 2211 1779 2283 Καταλειφθήσεται

232 2303 333 2376 γὰρ
370 2304 423 2357 τὸ
454 2304 618 2374 ὄνομα
664 2302 823 2373 ὑμῶν
870 2303 950 2365 είς
996 2300 1310 2372 πλησμονὴν
1346 2304 1459 2364 τοῖς
1507 2301 1780 2366 ἐκλεκτοῖς

224 2414 344 2465 μαψ
374 2396 507 2465 ὑμᾶς
528 2396 575 2448 δ’
611 2395 794 2448 ἀνελεῖ
820 2393 1024 2465 Κύριος
1046 2411 1058 2425 ·
1090 2396 1201 2456 τοῖς
1225 2393 1282 2446 δὲ
1315 2393 1656 2447 δουλεύσουσι
1689 2411 1778 2462 μοι

218 2487 525 2558 κληθήσεται
550 2488 731 2556 δνομα
762 2486 965 2539 καινόν.
1009 2503 1027 2536 ι
1064 2485 1136 2537 T6
1163 2485 1227 2556 δὴ
1257 2481 1347 2539 οῦν
1374 2485 1543 2557 δνομα
1569 2487 1774 2547 καινὸν,

215 2580 239 2639 ὃ
263 2581 330 2652 μὴ
358 2580 501 2652 παρὰ
531 2583 652 2641 τοῖς
676 2578 930 2641 παλαιοῖς
961 2578 1215 2645 ἔγνωστο,
1256 2580 1406 2629 ποῖον
1434 2578 1499 2631 ἂν
1533 2579 1616 2650 εἴη
1659 2581 1691 2649 ἦ
1717 2580 1778 2633 τὸ

212 2672 307 2727 ἀπὸ
336 2672 427 2742 τῆς
451 2672 552 2725 τοῦ
586 2660 844 2741 Σωτῆρος
875 2669 1032 2740 ἡμῶν
1073 2668 1245 2738 Ἰησοῦ
1269 2670 1363 2722 τοῦ
1388 2670 1627 2741 Χριστοῦ
1656 2690 1780 2743 προ-

211 2765 471 2834 σωνυμίας
522 2762 650 2816 καθ’
707 2762 837 2832 ὅλης
889 2761 990 2832 τῆς
1042 2760 1367 2833 οἰκουμένης
1419 2762 1777 2834 εὐλογημένον

206 2855 536 2926 Χριστιανῶν
569 2855 747 2925 ὄνομα
769 2870 784 2917 ;

621 3027 706 3093 N'.
752 3024 896 3079 Ἀπὸ
936 3024 1043 3079 τοῦ
1071 3025 1348 3095 Μιχαίου.

272 3137 295 3171 ι
328 3119 448 3171 Καὶ
472 3119 627 3171 ἔσται
651 3119 714 3171 ὲκ
749 3118 852 3186 τῆς
890 3116 1149 3185 σταγόνος
1176 3116 1270 3170 τοῦ
1304 3116 1434 3171 λαοῦ
1459 3117 1650 3171 τούτου
1693 3133 1778 3169 συ-

196 3206 547 3277 νιιγόμυενος⁸
585 3205 972 3277 συναχθήσεται
1035 3204 1227 3259 Ἰακὼὸ
1276 3208 1374 3258 σὺν
1426 3207 1609 3259 πᾶσιν.
1664 3205 1778 3261 Ἐκ-

195 3297 501 3366 δεχόμενος
539 3297 817 3367 ἐκδέξομαι
845 3298 977 3359 τοὺς
1008 3296 1364 3361 καταλοίπους
1392 3296 1483 3350 τοῦ
1525 3297 1769 3369 Ἰσραήλ·

196 3389 297 3442 ἐπὶ
320 3389 383 3441 τὸ
410 3390 541 3441 αὐτὸ
572 3389 806 3459 θήσομαι
833 3388 932 3459 τὴν
956 3389 1305 3461 ἀποστροφὴν
1339 3389 1534 3442 αὐτῶν.
1578 3408 1597 3440 ι
1635 3390 1777 3458 Eup-

197 3480 399 3548 ςώνως
423 3486 536 3545 τοῖς
570 3480 973 3552 προεκτεθεῖσιν
1013 3482 1077 3533 ὲκ
1106 3479 1200 3532 τοῦ
1247 3480 1463 3533 Ἡσαΐου
1495 3480 1587 3532 καλ⁵
1617 3482 1646 3533 6
1671 3481 1774 3533 Μι-

193 3569 355 3639 χαίας
389 3568 712 3636 ἐκδέξασθαι
750 3569 839 3622 τὸν
869 3569 1001 3622 Θεὸν
1042 3568 1138 3639 ούχ
1172 3568 1354 3630 ἁπλῶς
1381 3568 1605 3629 πάντας,
1638 3569 1774 3623 ἀλλὰ

199 3663 391 3730 μόνους
434 3660 563 3723 τοῦς
593 3660 957 3723 καταλοίπους
991 3660 1265 3731 ὀνομάζει.
1300 3661 1509 3731 Ὥσπερ
1534 3660 1590 3713 δὲ
1624 3660 1773 3732 παρὰ

194 3751 267 3822 τῷ
308 3754 515 3824 Ἠσαίᾳ
558 3753 781 3824 σπέρμα
814 3752 1124 3823 ὠνομάζετο
1150 3752 1211 3804 τδ
1243 3750 1301 3814 ἐξ
1339 3751 1514 3804 αὐτῶν
1545 3752 1769 3823 λείμμα’

198 3843 361 3910 οὕτως
395 3846 496 3897 καὶ
528 3844 628 3896 νῦν
651 3844 885 3912 σταγόνα
926 3841 1178 3914 ὀνομάζει
1214 3844 1340 3906 τοὺς
1376 3842 1434 3911 ἐξ
1464 3843 1641 3897 αὐτῶν
1669 3860 1772 3919 σω-

199 3934 555 4006 θησομένους.
582 3935 843 4007 Δηλοῦται
874 3933 929 3988 δὲ
963 3936 1054 3987 καὶ
1080 3934 1167 3987 διὰ
1195 3934 1398 3988 τούτων
1439 3937 1468 3988 6
1504 3935 1611 3990 τῶν
1639 3936 1772 3989 ἀπο·

204 4028 397 4079 στόλων
428 4028 613 4097 χορὸς,
642 4026 717 4088 ὡς
750 4025 963 4094 σταγών
998 4043 1081 4087 τις
1120 4027 1213 4079 καὶ
1257 4025 1475 4096 σπέρμα
1511 4026 1604 4079 τοῦ
1644 4027 1772 4080 Ἰου-

202 4118 355 4172 δαίων
388 4116 583 4179 ἔθνους
614 4116 978 4186 γεγενημένος
997 4132 1011 4145 ο
1040 4115 1099 4180 ἐξ
1122 4113 1188 4187 ἧς
1218 4117 1472 4184 σταγόνος
1498 4118 1697 4181 πάντες
1722 4121 1769 4179 οῖ

201 4210 309 4262 καθ’
342 4208 482 4279 ὅλης
517 4208 619 4277 τῆς
649 4208 971 4278 οίκουμένης
1002 4207 1091 4261 τὸν
1129 4207 1363 4275 Χριστὸν
1396 4209 1770 4277 ἐπεγνωκότες

198 4296 285 4352 τοῦ
317 4297 484 4359 Θεοῦ,
528 4297 623 4349 καὶ⁸
662 4296 761 4367 τὴν
800 4296 1141 4350 διδασκαλίαν
1173 4297 1336 4351 αὑτοῦ
1371 4299 1770 4369 παραδεδεγμέ-

1883 485 2087 533 meum,
2118 477 2172 525 et
2194 469 2403 540 paratis
2425 466 2657 522 fortunae
2691 482 2959 533 mensam,
2982 478 3035 525 et
3065 470 3299 541 impletis
3330 472 3443 528 da:-

1881 561 2029 615 moni
2077 562 2330 630 poculum
2367 561 2586 615 mistum
2635 579 2647 613 :
2700 575 2801 633 ego
2851 562 3055 617 tradam
3095 578 3192 621 vos
3240 565 3292 618 in
3330 568 3445 636 gla-

1880 652 2050 707 dium.
2085 651 2288 708 Omnes
2320 654 2373 706 in
2394 654 2668 710 occisione
2689 654 2900 710 cadetis
2927 672 2942 720 ;
2974 656 3231 724 quoniam
3254 658 3442 712 vocavi

1883 758 2004 806 vos,
2030 752 2083 799 et
2114 759 2222 799 non
2246 746 2622 809 auscultastis,
2648 753 2702 801 et
2734 745 2944 800 fecistis
2983 748 3183 800 malum
3224 748 3279 801 in
3309 764 3444 803 con-

1883 844 2073 904 spectu
2100 850 2240 899 meo,
2266 846 2319 890 et
2345 852 2465 907 quae
2491 837 2761 900 nolebam,
2797 838 3041 908 elegistis
3061 839 3129 894 τ’.
3160 858 3178 889 ›
3218 840 3353 894 Cum
3388 842 3445 897 in

1886 926 1972 981 his
2004 927 2278 983 divisione
2319 929 2552 997 quadam
2590 944 2772 983 sermo
2811 928 3030 985 divinus
3072 939 3275 996 utatur,
3328 939 3445 986 tum

1880 1014 2138 1085 exiguum
2186 1016 2457 1085 quoddam
2492 1032 2677 1072 semen
2706 1014 2895 1081 Jacob,
2938 1033 3000 1072 ea
3030 1035 3148 1087 qua;
3176 1020 3447 1088 promissa

1882 1115 2010 1161 ειιιιι
2051 1116 2474 1164 consecuturum
2518 1107 2748 1163 aﬂii'mat
2796 1128 2807 1163 Ζ
2857 1110 3059 1166 εὶθοῑοε
3104 1122 3278 1166 autem
3323 1128 3447 1170 €838

1882 1214 2000 1262 eos,
2049 1201 2143 1270 qui
2191 1201 2432 1255 habitent
2480 1202 2537 1257 in
2588 1202 2745 1257 silva.
2801 1201 2935 1257 Nam
2987 1204 3067 1258 sic
3113 1205 3447 1259 vocationem

1885 1292 2129 1360 gentium
2162 1294 2431 1357 nominat,
2462 1294 2516 1349 in
2547 1312 2654 1366 qua
2700 1296 2857 1352 electi
2891 1297 3127 1361 Domini,
3162 1306 3216 1353 et
3264 1314 3448 1353 semen

1883 1380 2054 1436 Jacob
2087 1383 2221 1448 sint,
2255 1401 2388 1440 sane
2421 1386 2521 1458 ipsi
2557 1389 2789 1458 apostoli
2829 1396 2883 1442 et
2909 1388 3162 1459 discipuli
3207 1388 3449 1445 Salvato-

1882 1474 1963 1528 ris
1993 1477 2170 1529 nostri
2204 1494 2216 1529 :
2248 1484 2443 1546 prmter
2470 1493 2611 1547 quos
2640 1480 2733 1548 qui
2759 1480 2951 1549 reliqui
2986 1488 3131 1541 sunt,
3169 1495 3360 1534 omnes
3393 1481 3449 1535 in

1884 1581 2001 1630 eas,
2040 1583 2161 1636 qua:
2189 1569 2452 1637 expositae
2476 1579 2626 1633 sunt,
2656 1572 2829 1627 minas
2868 1571 3180 1626 reciderunt
3226 1589 3242 1625 :
3277 1588 3449 1643 quan-

1887 1654 2179 1724 doquidem
2233 1657 2351 1727 ipsa
2390 1659 2565 1714 oratio
2611 1676 2779 1729 prope
2831 1662 3175 1730 apertissime
3221 1663 3450 1717 demon-

1886 1753 2046 1809 strat,
2096 1763 2205 1802 non
2258 1764 2391 1804 casu
2430 1750 2663 1820 quodam
2724 1752 2779 1805 in
2828 1760 3082 1808 cunctam
3139 1752 3450 1810 Judzeorum

1882 1846 2098 1909 gentem
2147 1842 2417 1909 promissa
2458 1842 2641 1897 divina
2674 1858 2799 1898 esse
2832 1853 3082 1911 ventura,
3136 1845 3233 1899 sed
3288 1846 3343 1900 in
3397 1846 3449 1901 id

1883 1930 2060 1985 solum
2109 1933 2255 2002 quod
2304 1949 2490 1989 semen
2526 1943 2610 1989 est
2642 1934 3003 1999 nominatum,
3035 1944 3089 1991 et
3119 1937 3175 1991 in
3210 1953 3326 2001 eos,
3359 1939 3451 2009 qui

1880 2019 2065 2074 vocari
2101 2020 2278 2076 solent
2309 2023 2469 2076 electi
2500 2022 2595 2078 Dei
2621 2043 2634 2078 :
2678 2041 2697 2073 ‹
2736 2024 2890 2079 multi
2921 2027 3066 2079 enim
3098 2036 3227 2081 sunt
3249 2028 3449 2093 vocati,

1880 2110 2040 2181 pauci
2072 2127 2201 2167 vero
2224 2113 2381 2169 electi
2412 2115 2478 2171 7‘.
2515 2134 2535 2168 ι
2570 2116 2781 2181 Quibus
2808 2118 2972 2172 etiam
3004 2133 3203 2173 nomen
3248 2133 3452 2173 novum

1880 2201 2269 2272 imponendum
2303 2204 2567 2276 deinceps
2601 2208 2884 2262 oraculum
2910 2210 3078 2275 canit,
3118 2209 3200 2264 sic
3246 2210 3314 2264 ad
3348 2210 3452 2263 im-

1879 2295 1999 2365 pios
2029 2294 2259 2351 dicens:
2299 2313 2319 2345 ι
2359 2294 2722 2366 Relinquetur
2762 2299 2909 2353 enim
2959 2314 3159 2355 nomen
3201 2307 3447 2361 vestrum

1878 2386 1936 2441 in
1978 2389 2285 2443 satietatem
2336 2391 2524 2445 electis
2582 2393 2738 2465 meis.
2777 2391 2886 2449 Vos
2931 2400 3111 2448 autem
3159 2393 3450 2449 interficiet

1881 2478 2143 2537 Dominus
2175 2499 2188 2535 :
2232 2481 2271 2535 ii
2301 2497 2453 2547 vero,
2500 2484 2591 2552 qui
2641 2485 2772 2538 mihi
2812 2484 3073 2548 servient,
3104 2483 3451 2539 vocabuntur

1880 2572 2101 2627 nomine
2129 2588 2270 2628 novo
2289 2575 2357 2630 ⁷³.
2397 2594 2414 2628 ι
2449 2574 2612 2646 Atqui
2633 2592 2835 2631 novum
2872 2577 3016 2631 istud
3050 2590 3272 2640 nomen,
3300 2574 3448 2646 quod

1878 2665 2120 2734 antiquis
2164 2666 2409 2737 ignotum
2468 2666 2652 2733 fuerit,
2693 2669 2970 2739 quodnam
3022 2684 3208 2739 quaeso
3263 2668 3450 2733 fuerit,

1878 2758 1984 2813 nisi
2017 2758 2501 2815 Christianorum?
2535 2762 2679 2831 quod
2711 2777 2741 2815 a
2775 2762 3079 2820 Salvatoris
3110 2763 3286 2818 nostri
3316 2760 3449 2818 Iesu

1875 2848 2078 2905 Christi
2108 2850 2471 2920 appellatione
2499 2851 2793 2907 deductum
2834 2854 2887 2909 in
2941 2862 3057 2908 toto
3108 2856 3241 2910 orbe
3268 2866 3446 2912 terra-

1879 2954 2004 2994 rum
2029 2940 2280 2997 laudibus
2311 2950 2365 2998 et
2394 2942 2579 2997 favore
2607 2944 2954 2998 celebratur?

2400 3034 2505 3104 81
2545 3034 2606 3089 L.
2638 3034 2681 3087 Α
2718 3034 2962 3091 Michwa.

1953 3137 1972 3171 ‹
2015 3121 2083 3175 Et
2107 3123 2211 3177 erit
2238 3123 2306 3179 de
2333 3126 2478 3179 stilla
2529 3126 2713 3196 populi
2767 3127 2953 3197 hujus,
3011 3130 3105 3199 qui
3142 3145 3447 3203 congrega-

1874 3218 1962 3264 tur
1994 3230 2007 3265 :
2036 3214 2456 3283 congregabitur
2491 3214 2659 3271 Iacob
2688 3232 2815 3271 cum
2845 3218 3122 3274 omnibus.
3154 3219 3449 3291 Excipiens

1873 3303 2140 3372 excipiam
2176 3306 2416 3375 reliquos
2446 3321 2512 3361 ex
2541 3306 2707 3362 Israel
2740 3326 2755 3363 :
2797 3309 2853 3363 in
2886 3325 3052 3363 unum
3089 3327 3287 3379 ponam
3310 3328 3444 3367 con-

1872 3395 2179 3451 versionem
2209 3412 2397 3451 eorum
2422 3398 2487 3451 ⁷⁸.
2554 3419 2574 3451 ι
2626 3398 3005 3456 Consentanea
3068 3402 3157 3465 iis,
3207 3420 3330 3474 quae
3374 3404 3445 3459 ab

1873 3484 2014 3541 Isaia
2042 3496 2265 3557 accepta
2291 3497 2439 3553 sunt,
2485 3507 2758 3563 supraque
2787 3509 2816 3547 a
2848 3495 3006 3549 nobis
3034 3498 3305 3567 exposita,
3338 3495 3444 3552 Mi-

1828 3603 1840 3617 -
1872 3579 2052 3635 chasas
2089 3595 2306 3650 quoque
2338 3581 2539 3636 iudicat
2573 3601 2586 3636 :
2617 3585 2711 3654 qui
2747 3584 2914 3639 Deum
2959 3601 3067 3641 non
3126 3588 3443 3659 simpliciter

1873 3682 2086 3733 omnes,
2123 3670 2218 3731 sed
2253 3669 2401 3726 solos
2424 3686 2541 3735 eos,
2572 3673 2664 3741 qui
2691 3674 2882 3744 reliqui
2913 3674 3135 3739 fuerint,
3171 3686 3443 3746 exceptu-

1872 3773 1995 3812 rum
2020 3768 2247 3817 narrat:
2284 3770 2340 3815 et
2369 3761 2827 3830 quemadmodum
2860 3765 3001 3833 apud
3045 3765 3238 3819 Isaiam
3276 3768 3319 3798 ⁷⁷
3351 3781 3441 3821 se-

1873 3868 1998 3907 men
2035 3853 2423 3908 nominabatur
2453 3855 2631 3925 ipsum
2664 3856 2881 3910 illorum
2913 3856 3216 3922 residuum,
3246 3858 3318 3912 ita
3350 3858 3441 3912 hic

1872 3945 2073 4000 stillam
2100 3962 2196 4007 eos
2229 3947 2495 4010 nominat,
2527 3947 2622 4015 qui
2667 3964 2734 4002 ex
2772 3948 2881 4003 illis
2917 3948 3241 4018 superstites
3268 3948 3439 4005 futtili

1872 4045 2020 4091 sunt.
2079 4036 2430 4109 Significatur
2481 4048 2662 4095 autem
2706 4040 2790 4095 his
2839 4040 3019 4095 verbis
3075 4041 3191 4110 ipse
3237 4041 3439 4096 chorus

1872 4126 2262 4192 apostolorum,
2293 4128 2389 4198 qui
2417 4130 2575 4198 quasi
2631 4130 2777 4185 stilla
2829 4130 3097 4201 qua‘dam,
3147 4138 3203 4187 et
3250 4147 3437 4187 semen

1872 4214 2113 4272 Judaicze
2141 4220 2320 4289 gentis
2363 4222 2689 4281 exstiterunt
2724 4240 2738 4277 :
2775 4221 2843 4276 de
2889 4238 2997 4290 qua
3051 4222 3198 4278 stilla
3247 4238 3438 4279 omnes

1872 4306 2184 4377 quicunque
2213 4326 2281 4363 ex
2309 4317 2426 4367 toto
2458 4313 2589 4366 urbe
2611 4311 2892 4366 Christum
2938 4311 3027 4367 Dei
3059 4314 3435 4384 cognoverint,

198 4408 291 4457 νοι,
323 4392 425 4462 τῆς
452 4389 855 4459 θεσπιζομὲνης
885 4390 1298 4460 ἐπισυναγωγῆς
1330 4390 1761 4461 κατηξιώθησαν,

1877 4406 1919 4459 et
1948 4396 2252 4453 doctrinam
2282 4400 2403 4470 ejus
2433 4402 2764 4470 acceperint,
2815 4416 2878 4455 ea
2928 4416 3092 4471 quam
3151 4403 3435 4456 oraculum

194 4483 285 4553 τὴν
310 4485 419 4537 ἀπὸ
443 4482 560 4535 τῶν
593 4480 867 4551 πολεμίων
888 4479 1151 4552 λύτρωσιν
1183 4480 1494 4552 εὑράμενοι.

259 4661 386 4717 NA'.
428 4681 446 4713 ι
497 4662 610 4715 Καὶ
645 4661 706 4714 σὺ
742 4658 1002 4732 Βηθλεὲμ,
1028 4655 1174 4723 οἶκος
1215 4660 1307 4714 τοῦ
1342 4659 1622 4732 Εὐφραθὰ,
1654 4661 1763 4714 ὀλι-

192 4754 380 4819 γοστὸς
418 4749 469 4807 εἶ
493 4756 555 4807 ὲν
612 4752 844 4823 χιλιάσιν
878 4752 1044 4805 Ἰούδα
1072 4771 1085 4783 υ
1126 4754 1191 4805 ὲκ
1234 4752 1326 4805 σοῦ
1357 4771 1448 4824 μοι
1485 4752 1761 4817 ἐξελεύσε-

192 4861 277 4899 ται
316 4828 648 4915 ἡγούμενος,
689 4844 783 4898 τοῦ
822 4838 957 4897 εἶναι
1002 4847 1082 4908 εἰς
1124 4845 1358 4917 ἄρχοντα
1400 4845 1477 4915 τῷ
1521 4848 1756 4919 Ἰσραὴλ,

192 4939 283 4991 καὶ
326 4939 498 5002 ἑξοδοι
534 4936 697 4990 αὑτοῦ
727 4936 821 4990 ἀπ’
861 4936 1033 5007 ἀρχῆς
1067 4937 1125 5001 ἐξ
1157 4938 1377 5009 ἡμερῶν
1421 4938 1631 5001 αἰῶνος.
1663 4939 1760 4992 Διὰ

189 5026 343 5080 ¹οιιῦιτο
373 5027 538 5081 δώσει
573 5027 771 5090 αὐτοὺς
810 5027 914 5091 ἕως
947 5027 1138 5090 καιροῦ
1166 5026 1454 5100 τικτούσης
1476 5045 1489 5060 ο
1527 5030 1755 5095 τέξεται,

194 5119 281 5171 καὶ
315 5122 365 5172 οἱ
392 5118 665 5172 ἐπίλοιποι
690 5119 795 5173 τῶν
828 5118 1072 5187 ἀδελφῶν
1096 5119 1272 5175 αὒτῶν
1302 5120 1701 5191 ἐπιστρέφουσι.
1736 5143 1752 5174 ι

190 5209 297 5263 Καὶ
342 5211 482 5281 μετὰ
529 5210 736 5282 βραχέα
779 5210 1049 5279 ἐπιλέγει·
1104 5229 1123 5262 ι
1180 5212 1289 5264 Καὶ
1327 5212 1477 5265 ἔσται
1524 5213 1584 5265 τὸ
1630 5215 1761 5268 ὑπό·-

192 5300 393 5374 λειμμα
423 5303 519 5357 τοῦ
570 5303 766 5356 Ἰακὼϐ
806 5305 865 5357 ἐν
908 5306 1018 5367 τοῖς
1062 5302 1286 5364 ἔθνεσιν,
1320 5307 1377 5358 ὲν
1422 5303 1571 5375 μέσῳ
1611 5304 1753 5359 λαῶν

192 5396 423 5461 «iam,
455 5397 530 5461 ὡς
570 5397 761 5467 δρόσος
798 5397 948 5467 παρὰ
983 5397 1184 5466 Κυρίου
1233 5397 1523 5460 πίπτουσα,
1555 5400 1646 5452 καλ⁵
1677 5398 1753 5463 ὡς

252 5510 422 5602 :Is'a.
464 5514 763 5578 uv,8-12.
842 5516 891 5554 ⁷⁸
920 5514 1105 5570 Matth.
1140 5532 1274 5579 χχιι,
1310 5516 1391 5571 Μ.
1467 5518 1514 5548 ’⁸
1552 5516 1652 5572 lsa.
1682 5535 1773 5579 th

1877 5526 1925 5581 5.
2001 5529 2048 5561 "
2073 5526 2233 5586 Mich.
2287 5532 2561 5602 mihi?"
2640 5532 2822 5587 ".Isa.
2859 5547 2982 5600 va,
3020 5533 3073 5589 9.

195 5596 240 5639 ν,
273 5580 333 5643 ἓ,
362 5584 415 5637 3.

265 5669 339 5733 ll)
374 5671 533 5732 Forte
572 5676 954 5748 corrigendum
994 5678 1046 5745 γ’
1077 5694 1175 5741 pro
1212 5679 1276 5733 δ’.
1320 5678 1474 5735 Enn.
1509 5679 1678 5739 Pun.

1866 4490 2015 4545 canit
2046 4493 2466 4564 congregatione
2491 4493 2641 4564 digni
2675 4492 2855 4549 effecti
2887 4502 3036 4560 sunt,
3070 4501 3127 4549 et
3155 4494 3435 4550 liberatio-

1864 4597 1986 4635 nem
2022 4581 2091 4637 ab
2122 4582 2372 4645 hostibus
2402 4584 2567 4639 nacti.

1934 4672 2019 4728 LI.
2057 4692 2076 4725 ι
2100 4673 2166 4730 Ει
2196 4683 2254 4728 ιιι
2288 4673 2620 4739 Bethlehem,
2652 4675 2848 4731 domus
2875 4675 3113 4745 Ephrata
3139 4714 3154 4740 ,
3206 4676 3431 4728 minima

1861 4781 1957 4829 es,
1997 4773 2058 4819 ut
2102 4766 2180 4822 sis
2212 4766 2267 4821 in
2302 4767 2548 4821 millibus
2583 4766 2757 4833 Juda;
2791 4783 2858 4823 ex
2889 4777 2943 4822 te
2972 4767 3103 4822 mihi
3126 4766 3434 4838 egredietur

1862 4860 1957 4929 qui
1989 4860 2171 4933 praesit
2193 4902 2208 4927 ,
2239 4868 2300 4915 ut
2334 4862 2405 4917 sit
2436 4862 2491 4915 in
2522 4861 2825 4931 principem
2853 4860 2957 4931 ipsi
2988 4859 3194 4923 Israel,
3230 4867 3284 4913 et
3313 4857 3433 4913 exi-

1864 4959 1951 5004 tus
1991 4950 2110 5019 ejus
2155 4951 2224 5006 ab
2263 4951 2417 5005 initio
2459 4967 2524 5007 ex
2568 4950 2759 5006 diebus
2801 4950 3006 5006 saeculi.
3055 4948 3282 5018 Propter
3326 4949 3430 5003 hoc

1860 5040 2009 5099 dabit
2050 5056 2145 5096 eos
2192 5056 2367 5112 usque
2406 5044 2473 5095 ad
2521 5049 2737 5111 tempus
2782 5039 3082 5110 parientis:
3126 5037 3333 5109 pariet,
3374 5044 3431 5092 et

1860 5132 2057 5203 reliqui
2108 5148 2174 5188 ex
2220 5134 2487 5189 fratribus
2532 5149 2720 5189 eorum
2768 5138 3156 5188 convertentur
3189 5131 3255 5185 ⁷⁸.
3292 5150 3313 5183 ι
3362 5128 3429 5188 Et

1866 5232 1990 5293 post
2027 5239 2202 5295 pauca
2234 5226 2480 5298 adjungit
2507 5245 2521 5283 :
2556 5246 2575 5279 ι
2604 5226 2670 5282 Ει
2702 5227 2806 5282 erit
2834 5226 2978 5297 quod
3012 5224 3280 5294 reliquum
3310 5222 3429 5277 fue-

1861 5316 1933 5371 rit
1960 5332 2026 5371 ex
2059 5316 2230 5375 Jaeob
2260 5320 2314 5375 in
2343 5320 2597 5391 gentibus
2627 5320 2681 5373 in
2715 5318 2894 5373 medio
2928 5318 3252 5390 populorum
3283 5316 3427 5373 mul-

1861 5414 2077 5478 torum,
2123 5413 2279 5482 quasi
2329 5429 2419 5471 ros
2467 5429 2499 5469 a
2535 5414 2763 5470 Domino
2811 5413 3051 5479 cadens,
3079 5418 3134 5469 et
3163 5416 3423 5481 tanquam

3180 5532 3225 5565 ⁷⁸
3257 5530 3418 5586 Μὶοιι.
