3914 6198
491 267 596 323 155

1093 267 1360 326 susse"
1400 257 1881 329 CASSARIENSIS
1910 273 2060 332 opp.
2096 273 2277 332 mas
2317 276 2378 330 ιι.
2417 259 2487 317 —'-
2522 273 3016 333 APOLOGETICA.

3611 277 3712 334 156

479 383 616 454 segni
667 400 834 454 super
880 399 1137 454 gramen,
1183 395 1243 440 ut
1286 401 1396 441 non
1428 399 1788 461 congregetur
1819 392 2050 462 aliquis,

2154 392 2313 465 ἄρνες
2344 393 2428 447 ἐπ’
2462 394 2756 464 ἄγρωστιν,
2789 395 2936 455 ὅπως
2967 391 3040 462 μὴ
3072 359 3308 461 συναχθῇ
3343 389 3548 460 μηδεὶς,
3580 392 3714 464 μηδὲ

489 491 666 546 neque
709 477 975 532 subsistat
1015 477 1070 530 in
1115 476 1241 534 ﬁliis
1295 479 1622 538 hominum:
1663 494 1718 539 et
1763 485 1866 538 erit
1908 484 2051 555 quod

480 567 757 636 ‘reliquum
794 566 949 621 fuerit
983 583 1047 620 ex
1100 567 1267 623 Jaeob
1317 569 1370 623 in
1418 573 1710 641 gentibus,
1762 574 1817 628 in
1873 576 2052 630 medio

480 658 810 728 'populoru‘m
860 658 1187 723 multorum,
1243 670 1499 730 tanquam
1553 665 1639 718 leo
1691 664 1742 718 in
1779 665 2049 734 jumentis

487 749 674 811 silvae,
707 755 762 803 et
792 748 947 817 quasi
979 751 1193 806 catulus
1224 752 1398 808 leonis
1439 754 1494 808 in
1537 755 1790 825 gregibus
1833 759 2046 824 ovium,

452 828 945 906 lquemadmodum
991 856 1115 894 cum
1159 845 1440 897 transierit
1493 855 1546 900 et
1586 846 1915 916 dispertiens
1965 865 2052 905 ra-

485 931 702 1000 puerit,
750 939 806 986 et
844 946 953 986 non
997 933 1067 986 sit
1107 937 1200 1003 qui
1243 937 1481 1006 eripiat:
1525 939 1816 994 extolletur
1857 958 2056 999 manus

484 1030 576 1073 tua
609 1036 776 1090 super
803 1022 1101 1092 aﬁligentes
1135 1033 1220 1088 te,
1251 1034 1304 1082 et
1332 1041 1520 1084 omnes
1577 1030 1782 1085 inimici
1818 1034 1897 1086 tui
1929 1049 2053 1103 per-

483 1112 682 1164 dentur
707 1112 750 1144 ⁷⁹
781 1130 793 1164 :
821 1132 838 1163 ι
866 1113 952 1165 his
980 1115 1224 1182 profecto
1253 1117 1388 1171 nihil
1427 1119 1540 1172 ﬁeri
1575 1132 1760 1190 posset
1789 1123 2046 1190 lucidius,

483 1217 603 1270 qua:
631 1210 686 1256 et
719 1213 902 1256 ortum
930 1203 1232 1262 Salvatoris
1259 1209 1313 1262 in
1341 1208 1649 1265 Bethlehem
1675 1252 1689 1276 ,
1724 1220 1778 1269 et
1803 1215 2050 1283 ejusdem

483 1297 552 1349 ah
583 1303 790 1350 aeterno
839 1301 1311 1367 propagationem,
1353 1313 1406 1357 et
1435 1302 1673 1374 Virginis
1709 1318 1920 1377 partum
1942 1349 1956 1374 ,
1998 1317 2052 1365 et

484 1387 855 1455 apostolorum
896 1397 949 1442 et
989 1390 1386 1460 discipulorum
1430 1394 1552 1464 ejus
1588 1399 1962 1464 vocationem,
1997 1409 2052 1454 et

484 1475 922 1546 praedicationem
951 1480 1018 1534 de
1046 1480 1296 1548 Christo,
1330 1487 1424 1555 qui
1454 1487 1508 1540 in
1539 1496 1710 1542 totum
1739 1490 1924 1544 orbem
1956 1507 2052 1560 per

481 1582 578 1622 eos
608 1566 897 1639 importata
929 1579 1014 1625 est
1035 1611 1050 1636 ,
1085 1572 1350 1630 referunt.
1381 1577 1517 1631 Cum
1546 1579 1689 1633 enim
1720 1581 1767 1634 is
1799 1582 2052 1652 princeps

482 1659 552 1713 de
594 1675 703 1730 quo
747 1663 1026 1732 prophetia
1066 1663 1325 1735 loquitur,
1371 1676 1424 1723 et
1455 1671 1612 1739 cujus
1637 1672 1817 1728 exitus
1841 1689 1906 1728 ex
1938 1674 2053 1728 die-

2159 485 2362 554 ὑποστῇ
2389 486 2447 536 ὲν
2480 486 2614 546 υίοῖς
2643 482 2943 554 ἀνθρώπων
2962 498 2974 511 ·
3009 482 3103 534 καὶ
3123 480 3277 534 ἔσται
3307 479 3368 533 τὸ
3408 481 3714 552 ὑπόλειμμα

2169 576 2360 630 Ἰακὼϐ
2406 577 2463 628 ἐν
2499 578 2612 638 τοῖς
2657 574 2883 638 ἔθνεσιν,
2920 577 2978 626 ὲν
3019 572 3166 643 μέσῳ
3209 571 3352 626 λαῶν
3387 570 3612 637 πολλῶν,
3641 574 3713 638 ὡς

2155 667 2290 721 λέων
2323 669 2380 720 ὲν
2411 669 2522 728 τοῖς
2571 667 2789 736 κτήνεσι
2832 663 2924 716 τοῦ
2969 662 3195 734 δρυμοῦ,
3229 663 3323 715 καὶ
3371 661 3445 725 ὡς
3483 663 3714 734 σκύμνος

2157 761 2214 812 ὲν
2240 758 2506 828 ποιμνίοις
2534 756 2837 828 προϐάτων,
2887 756 2945 808 ὃν
2981 757 3178 825 τρόπον
3219 755 3345 808 ὅταν
3388 754 3587 828 διέλθῃ,
3624 757 3716 810 καὶ

2154 849 2457 912 διαστείλας
2487 849 2727 920 ἁρπάσῃ,
2752 848 2844 899 καὶ
2881 847 2954 917 μὴ
3045 849 3073 898 ὁ
3116 847 3526 918 ἐξαιρούμενος*
3568 848 3715 916 ὑῷωα

2157 936 2379 1006 θήσεται
2410 939 2442 1006 ἡ
2475 937 2595 1007 χείρ
2631 954 2720 988 σου
2753 936 2844 988 ἐπὶ
2885 938 3008 999 τοὺς
3048 935 3322 999 θλίϐοντάς
3353 953 3432 1000 σε,
3466 938 3557 989 καὶ
3587 938 3715 990 πάνο

2156 1044 2246 1090 τες
2276 1028 2325 1080 οἱ
2351 1026 2532 1098 ἐχθροί
2552 1045 2643 1080 σου
2665 1025 3218 1098 ὲξολοθρευθήσονται.
3247 1045 3264 1076 ι
3289 1025 3502 1079 Τούτων
3519 1028 3625 1080 οὐδ’
3644 1031 3716 1098 (i)

2158 1120 2222 1174 ἄν
2247 1137 2298 1174 τι
2327 1120 2536 1188 γένοιτο
2563 1119 2900 1189 λευκότερον,
2924 1118 3064 1171 κατὰ
3096 1117 3155 1171 τὺ
3183 1119 3314 1171 αὐτὸ
3339 1120 3440 1173 καὶ
3458 1120 3557 1190 τὴν
3582 1122 3725 1188 γένει

2159 1229 2239 1264 σιν
2265 1212 2360 1282 τὴν
2389 1214 2445 1264 ὲν
2471 1211 2715 1281 Βηθλεὲμ
2744 1209 2836 1262 τοῦ
2879 1209 3128 1280 Σωτῆρος
3163 1211 3607 1280 ἀναφωνούντων,
3631 1217 3718 1267 καὶ

2156 1306 2254 1374 τὴν
2289 1305 2393 1374 πρὸ
2426 1303 2619 1367 αἰῶνος
2662 1303 2914 1356 οὑσίωσιν
2954 1302 3139 1367 αὑτοῦ,
3177 1304 3270 1356 καὶ
3318 1304 3408 1355 τὸν
3453 1305 3552 1375 τῆς
3581 1306 3721 1375 Παρ-

2158 1393 2310 1447 θένου
2344 1394 2579 1458 τοκετὸν,
2613 1395 2705 1446 καὶ
2743 1394 2851 1448 τῶν
2884 1392 3192 1447 ἀποστόλων
3217 1393 3308 1445 καὶ
3337 1393 3594 1463 μαθητῶν
3631 1397 3723 1448 αὑ-

2158 1485 2250 1539 τοῦ
2291 1487 2389 1556 τὴν
2421 1485 2631 1556 κλῆσιν,
2671 1485 2764 1538 καὶ
2805 1484 2865 1537 τὸ
2893 1485 3154 1556 κήρυγμα
3195 1484 3254 1536 τὸ
3299 1483 3417 1537 καθ’
3464 1485 3593 1556 ὕλης
3627 1486 3721 1556 τῆς

2155 1577 2476 1648 οἰκουμένης
2520 1578 2650 1649 περὶ
2691 1576 2784 1630 τοῦ
2817 1575 3050 1646 Χριστοῦ
3081 1576 3146 1628 δι’
3197 1574 3375 1628 αὐτῶν
3424 1577 3722 1647 κατηγγελ-

2161 1666 2334 1735 μένον.
2370 1667 2475 1720 Τοῦ
2508 1667 2616 1739 γὰρ
2639 1665 2963 1736 δηλουμένου
2994 1667 3272 1736 ἄρχοντος,
3300 1658 3361 1718 οῦ
3388 1667 3486 1729 τὰς
3513 1667 3722 1732 ἐξόδους

485 1751 588 1807 bus
614 1753 832 1808 aeternis
862 1769 984 1810 esse
1028 1755 1304 1822 declarat,
1351 1759 1417 1814 de
1461 1760 1774 1817 Bethlehem
1815 1765 1885 1819 sit
1924 1780 2050 1836 pro-

2154 1758 2178 1807 ό
2203 1756 2356 1824 λόγος
2381 1757 2440 1822 ἐξ
2459 1756 2680 1828 ἡμερῶν
2705 1757 2898 1820 αἰῶνος
2921 1753 3057 1810 εἶναι
3076 1757 3243 1826 δηλοῖ,
3263 1760 3326 1812 ὲκ
3351 1760 3449 1830 τῆς
3476 1759 3719 1833 Βηθλεὲμ

486 1843 728 1900 tecturus
751 1883 768 1908 ,
800 1845 1058 1916 huncque
1088 1848 1268 1918 ipsum
1302 1865 1366 1905 ea
1397 1867 1516 1922 qua!
1550 1855 1770 1923 pariens
1807 1857 2055 1910 nomina-

485 1942 596 2000 tur,
633 1946 823 1990 sancta
853 1935 1023 2008 Virgo
1055 1940 1127 1994 sit
1157 1941 1405 2010 paritura
1433 1962 1445 1998 :
1479 1960 1588 1998 non
1624 1960 1816 2000 omnes
1851 1948 1942 2016 qui
1987 1947 2054 2001 ad

484 2028 959 2083 circumcisionem
987 2040 1238 2100 spectant
1257 2073 1272 2093 ,
1305 2033 1399 2088 sed
1431 2036 1579 2090 solos
1607 2052 1704 2091 eos
1729 2037 1822 2107 qui
1861 2039 2052 2108 reliqui

483 2119 720 2184 fuerint,
755 2122 936 2176 salvos
966 2123 1178 2178 futuros
1211 2124 1469 2191 aﬁirmat,
1513 2145 1651 2198 quos
1683 2137 1738 2183 ct
1781 2131 2051 2186 residuum

484 2208 603 2265 fore
638 2208 840 2274 Iacob,
873 2219 926 2265 et
958 2213 1101 2268 roris
1135 2215 1310 2268 instar
1338 2215 1392 2269 in
1424 2232 1616 2272 omnes
1645 2219 1830 2273 datum
1861 2219 1926 2274 iri
1954 2235 2053 2274 na-

483 2302 681 2358 tiones.
717 2321 737 2353 ‹
772 2301 888 2357 Erit
937 2305 1106 2368 enim,
1180 2306 1377 2376 inquit,
1441 2310 1722 2365 residuum
1770 2310 1940 2367 Jaeob
1994 2312 2051 2366 in

484 2396 735 2465 gentibus
758 2434 772 2456 .
806 2404 865 2450 ut
895 2412 987 2452 ros
1020 2412 1049 2450 a
1087 2397 1315 2452 Domino
1348 2401 1585 2466 cadens,
1629 2410 1683 2457 et
1727 2403 1882 2472 quasi
1927 2406 2050 2474 agni

484 2503 651 2559 super
697 2505 956 2559 gramen,
987 2509 1004 2542 ι
1032 2506 1130 2560 pro
1173 2507 1316 2560 quo,
1357 2512 1375 2543 ι
1405 2495 1561 2562 quasi
1614 2495 1773 2549 stilla;
1822 2497 1877 2549 in
1925 2497 2050 2550 her-

484 2582 607 2635 bam
626 2621 642 2646 ,
675 2600 694 2632 ι
720 2581 829 2651 82
858 2582 1082 2652 Aquila;
1113 2581 1472 2637 ’Theodotion
1501 2593 1678 2640 autem
1703 2627 1717 2652 ,
1749 2603 1767 2638 ι
1791 2594 2048 2658 tanquam

484 2674 577 2726 nix
628 2687 793 2742 super
844 2672 1059 2736 fenum,
1095 2694 1111 2724 ι
1145 2674 1448 2730 reddidere.
1484 2677 1613 2731 Item
1649 2694 1746 2746 pro
1780 2679 1908 2742 illo,
1939 2697 1958 2730 ι
1989 2687 2049 2733 ιιι

483 2778 593 2818 ιιοη
638 2775 998 2833 congregetur
1034 2765 1266 2834 aliquis,
1313 2782 1488 2834 neque
1527 2769 1791 2824 subsistat
1833 2771 1888 2824 in
1922 2770 2048 2828 ﬁliis

482 2853 763 2909 hominum
787 2895 801 2919 ,
835 2873 1009 2928 neque
1048 2858 1284 2914 oﬁ‘endat
1329 2859 1474 2916 ﬁlius
1516 2861 1752 2916 hominis
1773 2902 1790 2926 ,
1820 2881 1838 2914 ι
1871 2861 2048 2918 Theo-

482 2945 670 3000 dotion
711 2951 988 3017 reposuit,
1022 2969 1038 3001 ι
1065 2951 1157 3020 qui
1205 2966 1312 3005 non
1353 2953 1693 3023 exspectabit
1735 2954 2042 3020 hominem,

482 3047 535 3093 et
583 3053 694 3093 non
746 3042 984 3110 sperabit
1037 3044 1093 3097 in
1142 3043 1252 3099 ﬁlio
1305 3045 1560 3100 hominis.
1597 3065 1614 3098 ι
1642 3045 1836 3117 Aquila
1883 3062 2045 3110 vero,
2077 3081 2121 3142 C

487 3148 508 3180 ‹
543 3131 636 3200 qui
685 3145 796 3185 non
836 3134 1175 3202 exspectabit
1220 3136 1432 3202 virum,
1481 3146 1534 3192 et
1583 3153 1692 3192 non
1734 3153 1863 3208 erga
1911 3140 2050 3194 ﬁlios

484 3222 762 3278 hominum
789 3243 802 3278 :
847 3243 866 3276 ι
894 3225 948 3280 in
979 3226 1214 3297 quibus,
1241 3228 1422 3282 omnis
1454 3230 1826 3297 apostolorum
1862 3229 2050 3283 Salva-

481 3313 620 3368 toris
649 3316 822 3370 nostri
852 3331 1012 3386 spes,
1050 3332 1171 3386 qua:
1201 3331 1308 3370 non
1343 3317 1398 3370 in
1431 3318 1684 3382 homine,
1717 3319 1810 3374 sed
1844 3319 1897 3373 in
1931 3317 2050 3372 Sal-

483 3415 690 3472 vatore,
713 3418 767 3463 et
791 3406 1022 3461 Domino
1051 3423 1153 3461 suo
1187 3406 1369 3460 futura
1398 3408 1470 3461 sit
1496 3406 1925 3472 demonstratur,
1955 3409 2050 3479 qui

484 3501 679 3569 utique
713 3498 963 3553 Salvator
1020 3497 1116 3553 Dei
1147 3496 1384 3554 Verbum
1413 3507 1552 3554 erat.
1593 3497 1691 3555 His
1723 3515 1852 3555 vero
1893 3501 2049 3557 dein-

484 3607 614 3661 ceps
662 3591 952 3660 adjungit:
987 3608 1004 3641 ι
1035 3601 1090 3645 et
1128 3591 1234 3644 erit
1283 3591 1428 3660 quod
1474 3591 1744 3661 reliquum
1779 3592 1943 3648 fuerit
1982 3610 2049 3649 ex

485 3682 655 3736 Iacob
703 3682 958 3752 gentibus
1005 3682 1058 3735 in
1109 3681 1288 3737 medio
1334 3682 1659 3751 populorum
1711 3684 2046 3747 multorum,

487 3773 646 3845 quasi
675 3773 760 3829 leo
792 3773 846 3827 in
872 3773 1139 3843 jumentis
1167 3773 1316 3830 silva:
1339 3813 1354 3838 ,
1386 3779 1441 3828 et
1481 3774 1640 3843 quasi
1685 3775 1902 3829 catulus
1942 3776 2052 3830 leo-

486 3869 573 3924 nis
599 3868 653 3922 in
681 3869 936 3940 gregibus
966 3870 1148 3922 ovium
1179 3887 1191 3921 :
1223 3868 1675 3938 quemadmodum
1709 3883 1832 3922 cum
1873 3879 2051 3924 trans-

489 3961 648 4021 ierit.
680 3969 734 4015 et
761 3960 1089 4030 dispertiens
1127 3961 1404 4032 rapuerit,
1451 3968 1505 4016 et
1534 3975 1643 4016 non
1689 3961 1758 4016 sit
1801 3961 1894 4031 qui
1941 3961 2051 4015 eri-

490 4052 603 4121 piat
633 4071 644 4106 :
682 4073 700 4103 ι
727 4053 928 4122 quibus
968 4052 1177 4115 verbis,
1206 4061 1266 4106 ut
1299 4053 1556 4117 arbitror,
1616 4052 1948 4107 conﬁdentia
1996 4059 2051 4106 et

488 4143 817 4212 intrepidum
855 4144 1026 4198 robur
1069 4143 1476 4212 praedicationis
1514 4145 1827 4214 apostolica:
1868 4143 2053 4197 deela-

489 4241 662 4288 ratur.
707 4233 987 4304 Siquidem
1021 4235 1197 4289 instar
1227 4235 1401 4291 leonis
1431 4246 1483 4290 et
1513 4236 1716 4299 catuli,
1762 4236 1820 4290 in
1861 4235 2052 4290 silvam

486 4325 729 4396 gentium
753 4364 767 4390 ,
799 4334 853 4380 et
891 4327 946 4379 in
975 4327 1158 4379 ovium
1189 4325 1551 4381 humanarum
1587 4343 1810 4398 greges,
1843 4326 1920 4380 illi
1972 4325 2051 4378 ir-

2157 1847 2632 1919 προελευσομένου,
2668 1850 2760 1902 καὶ
2798 1849 2897 1918 τῆς
2920 1848 3104 1902 τοῦτον
3133 1851 3528 1922 ἀποτικτούσης
3565 1854 3721 1922 ἁγίας

2155 1939 2426 2010 Παρθένου
2461 1939 2770 2012 τεξομένης,
2805 1941 2863 1993 οὑ
2900 1942 3106 2005 πάντας
3139 1942 3270 2012 φησὶ
3309 1944 3434 2008 τοὺς
3469 1948 3530 1999 ὲκ
3572 1964 3706 2018 περιι

2153 2031 2344 2102 τομῆς,
2376 2031 2509 2084 ἀλλὰ
2545 2031 2734 2102 μόνους
2767 2034 2893 2095 τοὺς
2927 2032 3224 2096 ὲπιλοίποις
3251 2035 3719 2107 ἁνασωθήσεσθαι.

2153 2123 2246 2186 οὓς
2292 2124 2384 2176 καὶ
2425 2123 2631 2193 λεῖμμα
2676 2123 2998 2194 γενήσεσθαι
3041 2124 3134 2177 τοῦ
3175 2125 3388 2190 Ἰακὼϐ,
3434 2129 3527 2180 καὶ
3569 2130 3722 2200 δίκην

2151 2215 2340 2285 δρόσου
2361 2214 2454 2266 «ἐπὶ¹
2484 2215 2659 2269 πάντα
2680 2214 2994 2286 δοθήσεσθαι
3016 2215 3085 2268 τὰ
3107 2215 3253 2286 ἔθνη.
3283 2236 3301 2268 ι
3333 2218 3526 2273 Ἔσται
3539 2223 3714 2295 ,γὰρμ

2153 2305 2306 2376 φησὶ,
2352 2325 2370 2355 ι
2424 2305 2484 2357 τὸ
2527 2306 2836 2376 ὑπόλειμμα
2870 2306 2964 2359 τοῦ
3006 2307 3195 2360 Ἰακὼϐ
3237 2312 3293 2362 ὲν
3336 2313 3450 2374 τοῖς
3509 2312 3721 2366 ἔθνεσιν

2151 2397 2224 2458 ὡς
2249 2395 2434 2466 δρόσος
2464 2396 2612 2467 παρὰ
2637 2397 2841 2468 Κυρίου
2885 2398 3175 2464 πίπτουσα,
3221 2401 3313 2453 καὶ
3342 2401 3416 2464 ὡς
3447 2403 3609 2473 ἄρνες
3631 2407 3721 2456 ἐπ’

2151 2486 2438 2558 ἄγρωστιν.
2473 2507 2491 2538 ι
2537 2488 2675 2542 Ἀνθ’
2703 2486 2784 2553 οῦ,
2820 2509 2839 2540 ι
2870 2491 2963 2543 καὶ
2994 2491 3070 2554 ὡς
3097 2491 3326 2560 ψεκάδες
3356 2494 3446 2546 ἐπὶ
3471 2495 3660 2559 nam,»
3691 2499 3722 2550 ό

2163 2579 2407 2644 Ἀκύλας,
2441 2583 2468 2633 ό
2495 2581 2552 2634 δὲ
2579 2581 2888 2645 Θεοδοτίων,
2919 2601 2938 2634 ί
2971 2584 3062 2635 καὶ
3081 2583 3210 2650 ᾠσεὶ
3235 2585 3442 2653 νιφετὸς
3471 2587 3562 2638 ἐπὶ
3593 2587 3722 2657 χόρ-

2150 2689 2290 2734 τον,›
2317 2671 2662 2725 ὲκδεδώκασι.
2681 2674 2790 2726 Καὶ
2812 2673 2970 2727 πάλιν
2998 2675 3118 2726 ἀντὶ
3140 2675 3253 2740 τοῦ,
3283 2677 3465 2740 Ὅπως
3493 2677 3569 2750 μὴ
3589 2695 3717 2732 συν-

2150 2763 2284 2833 αχθῇ
2325 2764 2512 2834 μηδεὶς
2547 2764 2679 2834 μηδὲ
2713 2765 2918 2836 ὑποστῇ
2953 2765 3010 2817 ὲν
3045 2768 3177 2830 υἱοῖς
3215 2767 3534 2838 ἀνθρώπων,
3580 2769 3718 2841 μηδὲ

2151 2855 2432 2928 προσκόψῃ
2463 2855 2572 2918 υίὸς
2601 2854 2907 2927 ἀνθρώπου,
2936 2858 3138 2928 φησὶνό
3167 2858 3473 2921 Θεοδοτίων,
3496 2879 3514 2910 ι
3534 2861 3629 2922 Ὃς
3659 2859 3718 2913 οὑ

2154 2946 2614 3017 μενεῖᾰνθρωπον,
2632 2948 2724 3000 καὶ
2753 2948 2851 3000 οὑκ
2876 2947 3083 3000 ἑλπίσει
3111 2949 3200 3001 ἐπὶ
3227 2950 3340 3002 υἱὸν
3367 2950 3673 3021 ἀνθρώπου.
3696 2970 3717 3003 ι

2152 3041 2262 3093 Καὶ
2279 3043 2308 3093 ό
2335 3040 2611 3106 Ἀκύλας,‹
2630 3043 2725 3104 Ὃς
2756 3043 2853 3112 οὐχ
2882 3043 3140 3114 ὑπομενεῖ
3165 3043 3350 3115 ἄνδρα,
3387 3045 3480 3098 καὶ
3504 3047 3567 3098 οὑ
3597 3045 3722 3117 περὶ

2153 3133 2301 3195 υίοὺς
2341 3131 2667 3204 ἀνθρώπων·
2710 3152 2729 3184 θ
2767 3133 2834 3185 δι’
2868 3126 2942 3187 ὧν
2974 3135 3121 3188 πᾶσα
3153 3134 3261 3187 τῶν
3289 3136 3602 3190 ἀποστόλων
3628 3137 3720 3191 τοῦ

2152 3224 2397 3294 Σωτῆρος
2421 3225 2576 3294 ἡμῶν
2606 3224 2759 3288 ἐλπὶς
2782 3224 2904 3279 οὔτε
2933 3223 3008 3296 (2)
3043 3228 3122 3288 είς
3164 3226 3466 3298 ἄνθρωπον,
3502 3228 3618 3282 ἀλλ’
3645 3231 3720 3292 εἰς

2151 3315 2240 3367 τὸν
2255 3316 2482 3387 Σωτῆρα
2513 3318 2605 3369 καὶ
2637 3317 2838 3388 Κύριον
2865 3315 3061 3382 αὐτῶν·
3095 3312 3245 3380 οὗτος
3274 3319 3328 3372 δὲ
3343 3315 3408 3389 ῆν
3435 3320 3573 3373 ότοῦ
3591 3321 3719 3374 Θεοῦ

2151 3401 2326 3472 λόγος.
2361 3399 2455 3468 Οἷς
2483 3405 2608 3476 ἑξῆς
2640 3406 2879 3474 ἐπιλέγει
2904 3421 2919 3433 ·
2959 3425 2976 3455 ι
3007 3407 3112 3458 Καὶ
3135 3406 3284 3460 ἔσται
3315 3405 3376 3460 τὸ
3409 3410 3718 3480 ὑπόλειμμα

2164 3494 2356 3548 Ἰακὼϐ
2403 3498 2458 3549 ὲν
2491 3500 2600 3560 τοίς
2643 3497 2867 3556 ἔθνεσιν.
2902 3498 2959 3550 ὲν
2995 3498 3144 3568 μέσῳ
3188 3497 3329 3550 λαῶν
3380 3499 3614 3564 πολλῶν,
3647 3501 3718 3562 ὡς

2151 3585 2286 3640 λέων
2318 3589 2376 3640 ὲν
2407 3591 2516 3652 τοῖς
2549 3591 2765 3660 κτήνεσι
2795 3589 2886 3641 τοῦ
2912 3589 3135 3660 δρυμοῦ,
3169 3590 3262 3642 καὶ⁸
3289 3589 3364 3652 ὡς
3395 3590 3635 3660 σκύμνος
3665 3593 3720 3642 ἐν

2154 3680 2422 3749 ποιμνίοις
2447 3682 2730 3753 προϐάτων
2751 3700 2764 3712 ⁸
2796 3682 2854 3735 ὃν
2880 3683 3078 3753 τρόπον
3105 3681 3231 3734 ὅταν
3256 3680 3456 3754 διέλθῃ.
3492 3685 3590 3735 καὶ
3618 3682 3720 3736 δια-

2154 3773 2364 3837 στείλας
2397 3774 2638 3846 άρπάση,
2672 3773 2764 3826 καὶ
2795 3772 2868 3844 μὴ
2963 3773 2991 3824 ό
3019 3770 3398 3843 ἐξαιρούμενος
3421 3788 3433 3800 ·
3476 3793 3493 3823 ι
3533 3775 3604 3827 δι’
3645 3767 3719 3827 ὧν

2152 3860 2302 3935 οἶμαι
2324 3862 2610 3935 δηλοῦσθαι
2633 3863 2694 3916 τὸ
2721 3862 3013 3934 θαρσαλέον
3049 3863 3139 3916 καὶ¹
3171 3862 3590 3930 ἀκατάπληκτον
3627 3863 3718 3916 τοῦ

2154 3955 2506 4010 ἀποστολικοῦ
2555 3955 2924 4026 κηρύγματος.
2973 3953 3136 4020 Δίκην
3187 3953 3315 4019 γοῦν
3356 3952 3570 4016 λέοντος
3628 3955 3719 4008 καὶ

2156 4047 2391 4118 σκύμνου
2439 4050 2496 4100 ὲν
2525 4046 2600 4117 τῷ
2633 4045 2822 4118 δρυμῷ
2866 4046 2974 4098 τῶν
3001 4046 3188 4108 ἐθνῶν,
3221 4047 3312 4099 καὶ
3347 4049 3403 4099 ὲν
3449 4051 3571 4110 ταῖς
3612 4048 3719 4101 τῶν

2153 4138 2500 4211 ἀνθρωπίνων
2524 4140 2806 4210 προϐάτων
2838 4139 3059 4207 ἀγέλαις
3096 4139 3451 4203 εἰσϐαλόντες,
3480 4141 3579 4192 καὶ
3609 4141 3716 4194 δια-

2156 4231 2454 4293 στείλαντες
2475 4233 2598 4293 τοὺς
2626 4229 2805 4296 ἀξίους
2832 4230 2940 4282 ἀπὸ
2972 4229 3074 4282 τῶν
3098 4229 3348 4295 ἀναξίων,
3374 4231 3717 4300 ὑπηγάγοντο

2154 4322 2230 4392 τῷ
2252 4321 2486 4392 Χριστοῦ
2515 4321 2656 4392 λόγῳ
2681 4339 2694 4352 ο
2725 4321 2858 4391 πρὸς
2886 4321 2944 4374 ὃν
2970 4321 3094 4389 ἑξῆς
3134 4321 3491 4390 ἁναφωνεῖται
3526 4322 3594 4375 τὰ
3627 4322 3718 4374 ἀπ’

489 4423 746 4479 ruentes,
782 4424 836 4470 et
865 4416 1250 4487 dispertientes
1295 4417 1490 4488 dignos
1533 4418 1602 4472 ab
1643 4418 1884 4488 indignis
1905 4457 1920 4483 ,
1953 4432 2048 4473 eos

2154 4415 2313 4469 αὑτοῦ
2340 4432 2352 4444 ·
2387 4434 2405 4465 ι
2453 4413 2826 4484 ’Υψωθὴσεται
2876 4415 2910 4482 ἡ
2939 4414 3058 4483 χείρ
3089 4430 3181 4465 σου
3225 4413 3317 4466 ἐπὶ
3357 4415 3481 4476 τοὺς
3515 4413 3706 4466 θλίϐον-

486 4505 691 4561 Christi
726 4505 892 4560 verbo
921 4506 1294 4575 subjecerunt.
1332 4508 1411 4561 Ad
1443 4523 1601 4578 quem
1635 4509 1892 4578 deinceps
1922 4524 2049 4578 pro-

487 4600 756 4660 feruntur,
787 4613 908 4666 qua
939 4598 1008 4651 ab
1045 4599 1165 4667 ipso
1205 4599 1315 4652 sint
1359 4608 1677 4653 manatura:
1711 4618 1729 4649 ι
1762 4601 2050 4654 extolletur

487 4707 682 4746 manus
713 4699 804 4743 tua
834 4705 1000 4761 super
1027 4689 1330 4762 amigentes
1375 4697 1462 4755 te,
1507 4701 1562 4746 et
1599 4705 1794 4745 omnes
1844 4689 2049 4744 inimici

485 4783 562 4836 tui
594 4781 888 4852 perdentur
915 4801 927 4835 :
970 4801 988 4832 ›
1018 4782 1165 4852 quod
1200 4782 1540 4851 ipsum'sane
1569 4781 1735 4836 etiam
1764 4781 1940 4836 oculis
1968 4781 2050 4834 in-

487 4875 627 4929 tueri
659 4875 804 4930 licet.
838 4875 1100 4940 Quamvis
1147 4873 1291 4928 enim
1332 4873 1550 4937 multis,
1594 4874 1842 4943 quamvis
1885 4873 2048 4926 innu-

486 4964 839 5022 merabilibus
861 5005 877 5028 ,
905 4964 1113 5020 Christi
1142 4963 1367 5019 verbum
1403 4965 1632 5019 antehac
1664 4962 2046 5033 allligentihus,

485 5065 541 5114 et
570 5057 730 5112 hodie
767 5073 986 5130 quoque
1025 5057 1466 5128 oppugnantibus
1488 5095 1504 5120 ,
1537 5056 1702 5112 altius
1735 5065 1916 5111 tamen
1963 5070 2046 5125 Ip-

486 5166 608 5205 sum
640 5152 809 5218 abiit,
853 5161 907 5208 et
939 5153 1212 5223 potentius
1244 5152 1456 5207 cunctis
1499 5150 1748 5206 eﬁectum
1787 5158 1890 5207 est.
1942 5146 2048 5204 Sed

2149 4509 2244 4570 τὰς
2286 4524 2365 4571 σε,
2401 4507 2492 4560 καὶ
2554 4507 2753 4568 πάντες
2792 4507 2841 4556 οἱ
2876 4505 3053 4574 ἐχθροί
3101 4523 3192 4558 σου
3244 4505 3716 4577 ὲξολοθρευθήσον-

2150 4615 2266 4654 ταιο
2297 4599 2326 4651 ὃ
2351 4599 2443 4652 καὶ
2473 4598 2604 4652 αὑτὸ
2639 4599 2897 4669 πάρεστιν
2927 4597 3223 4668 ὀφθαλμοῖς
3251 4597 3700 4668 παραλαμϐάνειν

2152 4689 2372 4760 Μυρίων
2400 4689 2508 4760 γὰρ
2534 4691 2672 4744 ὅσων
2697 4691 2786 4744 τὸν
2820 4689 3054 4761 Χριστοῦ
3088 4690 3242 4756 λόγον
3273 4687 3598 4758 θλιψάντων,
3631 4689 3715 4740 καὶ

2150 4779 2316 4832 εἰσέτι
2367 4780 2460 4834 νῦν
2513 4781 2908 4851 πολεμούντων,
2964 4778 3248 4850 ὑπερήρθη
3306 4780 3398 4832 καὶ
3457 4779 3715 4848 κρείττων

2149 4872 2362 4925 πάντων
2390 4873 2631 4941 γέγονεν.
2676 4872 2833 4924 Ἀλλὰ
2865 4873 2959 4925 καὶ
2991 4871 3178 4941 ὑψώθη
3225 4873 3257 4940 ἡ
3294 4870 3412 4942 χεὶρ
3442 4869 3536 4922 τοῦ
3587 4871 3712 4938 Χρι-

2148 4963 2274 5016 στοῦ
2326 4963 2466 5018 κατὰ
2513 4965 2730 5017 πάντων
2777 4963 2882 5016 τῶν
2934 4962 3234 5030 θλιψάντων
3288 4962 3450 5016 αὑτόν
3472 4979 3485 4992 ⁸
3548 4961 3603 5014 οἴ
3663 4977 3723 5012 τε

2147 5055 2330 5128 ἐχθροὶ
2353 5054 2514 5108 αὑτοῦ
2545 5056 2760 5118 πάντες,
2797 5056 2844 5106 oi
2880 5054 3020 5108 κατὰ
3051 5054 3274 5123 χρόνους
3296 5053 3723 5123 ἐπανιστάμενοι

2148 5145 2312 5200 αὑτοῦ
2336 5149 2400 5217 τῇ
2440 5145 2749 5215 Ἐκκλησία,
2777 5143 3314 5214 ὲξολοθρευθήσεσθαι
3343 5143 3612 5211 λέγονται.

486 5245 648 5298 etiam
703 5246 758 5300 in
813 5247 1028 5302 sublimi
1087 5247 1349 5301 collocata
1406 5257 1490 5304 est
1519 5263 1715 5302 manus
1759 5246 1991 5309 Christi,
2052 5252 2242 5298 contra
2274 5259 2462 5299 omnes
2503 5244 2594 5312 qui
2631 5242 2808 5312 ipsum
2856 5241 3186 5295 aillixeriut:
3237 5241 3469 5309 ejusque
3508 5235 3719 5292 inimici

489 5334 762 5399 universi,
798 5337 962 5392 variis
993 5338 1327 5406 temporibus
1361 5345 1549 5392 contra
1579 5337 1700 5407 ejus
1731 5327 2027 5391 Ecclesiam
2058 5333 2402 5402 insurgentes
2422 5376 2435 5399 ,
2470 5333 2728 5403 perdendi
2757 5346 2878 5386 esse
2909 5331 3186 5384 dicuntur.

1014 5427 1122 5482 LII.
1161 5429 1200 5482 Α
1237 5428 1517 5498 Sep/mnia.

567 5537 584 5568 ι
614 5518 750 5585 Quia
779 5527 912 5576 tunc
939 5534 1251 5577 convertam
1279 5523 1330 5578 iu
1360 5523 1596 5593 pooulos.
1615 5523 1852 5592 linguam
1874 5561 1887 5586 ,
1916 5519 2051 5576 utin

564 5609 609 5638 "
645 5609 802 5663 Mich.
842 5627 896 5670 v,
936 5611 1050 5666 7-9.

571 5702 644 5772 (if)
682 5701 836 5753 Οὐδ’.
865 5699 1022 5759 Forte
1048 5703 1165 5756 οὑκ.
1201 5703 1356 5758 Evn.
1393 5701 1563 5757 Pun.

2570 5423 2693 5476 NB’.
2723 5423 2852 5476 ’Ἀπὸ
2884 5421 2987 5475 τοῦ
3019 5421 3329 5490 Σοφονίου.

2289 5516 2409 5570 Ὅτι
2445 5515 2562 5568 τότε
2607 5510 2959 5582 μεταστρέψω
3005 5511 3091 5561 ἐπὶ
3140 5511 3298 5571 λαοὺς
3345 5509 3595 5577 γλῶσσαν
3647 5508 3730 5569 εἰς

2227 5692 2303 5758 (2)
2348 5695 2513 5750 Οὔτε.
2547 5694 2705 5751 Forte
2733 5694 2850 5747 οὑκ.
2881 5693 3036 5750 Enn.
3065 5693 3234 5748 l‘un.
