3930 6202
290 242 397 295 157

1177 237 1828 296 DEMONSTRATIONIS
1875 236 2334 311 EVANCELICJL
2376 244 2505 295 LIB.
2544 246 2607 295 lt.

3414 245 3515 302 158

282 355 456 424 δνομα
488 353 717 425 Κυρίου,
762 352 855 407 τοῦ
892 352 1173 406 δουλεύειν
1201 352 1349 421 αὑτῷ
1396 353 1500 407 ὑπὸ
1532 352 1692 422 ζυγὸν
1735 353 1850 405 ἕνα.

1957 352 2178 407 nomine
2200 351 2415 407 Domini
2448 351 2693 408 serviant
2722 351 2772 406 ei
2800 352 2902 407 sub
2923 351 3056 422 jugo
3085 366 3213 409 uno.
3240 353 3286 408 A
3317 353 3517 411 ﬁnibus

292 444 392 496 ἐκ
426 444 675 513 περάτων
723 442 980 512 ποταμῶν
1022 441 1302 506 Αἰθιοπίας
1334 440 1694 514 προσδέξομαι
1725 444 1849 507 τοὺς

280 536 625 598 ίκετεύοντάς
657 552 723 606 με
748 552 761 565 ·
800 534 904 587 υἱοὶ
940 533 1046 586 τῶν
1072 534 1479 605 διεσπαρμένων
1521 535 1724 589 οἴσουσι
1755 533 1847 587 θυ-

280 628 405 690 σίας
455 643 564 697 μοι.
613 626 701 678 Ἑν
731 628 795 697 τῇ
830 625 1009 696 ἡμέρα
1041 625 1220 697 ἐκείνη
1254 627 1314 679 οὑ
1348 627 1421 698 μὴ
1450 626 1850 697 καταισχυνθῇς

276 723 346 776 ἐκ
380 724 594 777 πάντων
626 722 731 774 τῶν
763 719 1202 792 ἐπιτηδευμάτων
1228 736 1340 781 σου,
1367 712 1440 771 ὧν
1475 718 1745 789 ἠσέϐησας
1773 719 1852 779 εἰς

277 813 415 881 ἐμέ·
456 813 537 865 ὅτι
566 812 682 863 τότε
724 811 956 882 περιελῶ
996 811 1103 863 ἀπὸ
1145 808 1236 862 σοῦ
1269 808 1335 861 τά
1368 808 1712 879 φαυλίσματα
1751 807 1851 876 τῆς

278 903 492 976 ὕϐρεώς
528 920 640 967 σου,
667 905 760 957 xui
794 904 979 956 οὐκέτι
1028 904 1087 955 οὑ
1126 903 1198 973 μὴ
1228 901 1526 973 προπεθῇς
1554 902 1645 954 τοῦ
1686 918 1850 972 μεγα-

276 996 545 1068 λαυχῆσαι
577 1000 667 1050 ἐπὶ
696 999 754 1050 τὸ
780 998 900 1069 ὅρος
926 999 984 1050 τὸ
1020 998 1171 1065 ἅγιόν
1206 1016 1325 1067 μου,
1359 999 1451 1051 xui
1493 997 1851 1068 ὑπολείψομαι

276 1091 335 1144 ὲν
373 1090 455 1143 σοὶ
500 1091 625 1143 λαὸν
666 1092 838 1161 πρᾶον
872 1091 964 1144 καὶ
1006 1092 1291 1144 ταπεινόν·
1343 1091 1435 1143 xui
1468 1090 1853 1160 εὑλαὸήσονται

276 1182 335 1233 ὲν
359 1180 439 1250 τῷ
464 1182 687 1251 ὀνόματι
717 1181 920 1253 Κυρίου
955 1183 1003 1233 oi
1033 1179 1462 1234 κατάλοιποιτοῦ
1503 1179 1735 1250 Ἰσραὴλ,
1760 1179 1853 1231 xui

274 1273 337 1324 οὑ
369 1274 686 1340 ποιήσουσιν
714 1271 944 1334 ἀδικίαν,
978 1271 1072 1324 xui
1102 1273 1163 1323 οὑ
1186 1271 1474 1342 λαλήσουσι
1508 1271 1729 1341 μάταια,
1764 1270 1855 1321 xui

274 1363 341 1416 οὑ
380 1363 453 1434 μὴ
476 1363 670 1434 εὑρεθῇ
706 1365 760 1415 ἐν
796 1362 1020 1433 στόματι
1051 1362 1228 1415 αὑτῶν
1250 1361 1465 1430 γλῶσσα
1508 1360 1685 1414 δολία·
1723 1360 1854 1412 διότι

275 1456 436 1509 αὑτοὶ
459 1458 781 1526 νεμήσονται
814 1454 906 1509 xui
947 1454 1411 1526 κοιτασθήσονται,
1454 1454 1547 1506 xui
1580 1454 1678 1506 οὑκ
1705 1451 1855 1504 ἔσται

272 1551 305 1604 ό
349 1546 592 1617 ἐκφοϐῶν
643 1547 855 1610 αὑτούς.
901 1566 919 1599 ι
975 1547 1085 1600 Καὶ
1121 1548 1177 1599 ὲν
1231 1545 1437 1608 τούτοις
1473 1542 1853 1613 ὑπολείψεσθαι

274 1639 458 1710 ἑαυτῷ
498 1639 622 1692 λαὸν
660 1640 842 1712 πραῢν
871 1640 963 1693 καὶ
998 1638 1249 1691 ταπεινὸν
1276 1639 1303 1689 ό
1348 1638 1549 1708 Κύριος
1588 1636 1856 1715 ἐπήγγελ-

1950 442 2234 499 ﬂuminum
2272 443 2563 514 {Ethiopiae
2607 445 2902 515 suscipiam
2940 445 3311 516 supplicantes
3341 447 3515 501 mihi:

1951 538 2322 607 dispersorum
2375 537 2551 592 ferent
2598 536 2807 593 hostias
2854 538 3011 592 mihi.
3062 537 3120 592 In
3165 540 3253 594 die
3283 539 3375 594 illa
3406 557 3513 596 non

1951 630 2244 684 erubesces
2284 645 2350 683 ex
2394 630 2649 683 omnibus
2693 630 2890 685 studiis
2936 631 3072 695 luis,
3110 632 3309 701 quibus
3354 634 3517 702 impie

1951 722 2107 791 egisti
2139 722 2425 777 adversum
2456 737 2575 788 me;
2611 722 2738 791 quia
2772 729 2902 776 tunc
2950 722 3192 777 auferam
3236 733 3346 779 ate
3391 742 3518 795 pro-

1953 815 2048 868 bra
2079 815 2425 869 contumelia:
2456 822 2560 867 tua:
2581 854 2594 875 ,
2629 825 2682 868 et
2714 830 2820 869 non
2853 817 2995 868 ultra
3037 814 3263 885 adjicies
3294 818 3518 887 gloriari

1954 920 2121 975 super
2148 913 2328 960 monte
2358 914 2550 960 sancto
2581 921 2739 970 meo,
2783 914 2837 960 et
2880 907 3183 976 relinquam
3226 908 3281 961 in
3324 915 3376 963 te
3417 924 3520 979 po-

1953 998 2137 1065 putlum
2199 1005 2544 1051 mansuetum
2602 1003 2655 1049 et
2708 996 3000 1061 humilem,
3044 1004 3097 1051 et
3147 997 3418 1052 cavebant
3461 999 3520 1054 in

1955 1090 2177 1142 nomine
2224 1087 2479 1151 Domini,
2524 1088 2615 1150 qui
2663 1088 2858 1157 reliqui
2906 1088 3108 1142 fuerint
3137 1106 3198 1144 ex
3234 1089 3435 1157 Israel,
3466 1100 3521 1146 et

1954 1198 2061 1234 non
2091 1180 2294 1234 facient
2325 1180 2675 1249 injustitiam,
2711 1190 2765 1235 et
2798 1197 2903 1234 non
2938 1182 3229 1250 loquentur
3260 1198 3396 1237 vana
3420 1224 3435 1248 ,
3467 1190 3522 1238 et

1953 1288 2063 1326 non
2098 1274 2405 1327 invenietur
2435 1273 2488 1326 in
2518 1290 2611 1328 ore
2651 1289 2838 1327 eurum
2885 1274 3067 1344 lingua
3108 1275 3338 1341 dolosa;
3384 1290 3522 1346 quo-

1953 1365 2100 1419 niam
2139 1366 2241 1434 ipsi
2279 1372 2573 1433 pascentur
2602 1374 2654 1419 et
2690 1366 3004 1430 cubabunt,
3048 1374 3102 1421 et
3139 1381 3245 1420 non
3284 1367 3387 1421 erit
3426 1367 3521 1437 qui

1954 1461 2226 1510 exterreat
2256 1470 2350 1510 eos
2381 1457 2447 1509 ⁸⁰.
2483 1477 2502 1506 ι
2529 1456 2640 1525 83
2670 1456 2726 1509 In
2775 1458 2860 1512 his
2895 1460 3021 1512 item
3064 1458 3377 1512 relicturum
3418 1457 3522 1513 sibi

1957 1546 2211 1614 populum
2234 1554 2573 1600 mansuetum
2602 1556 2655 1599 et
2683 1547 2937 1601 humilem
2964 1547 3223 1603 Dominus
3250 1549 3523 1619 pollicitus

1956 1646 2072 1701 est,
2106 1655 2212 1692 non
2246 1640 2409 1691 alium
2445 1642 2634 1710 utique
2667 1640 2983 1712 significans
3005 1681 3018 1703 ,
3049 1657 3213 1710 quam
3239 1657 3362 1697 eum
3386 1682 3401 1706 ,
3430 1644 3523 1713 qui

272 1749 389 1794 ται,
420 1733 520 1784 οὑκ
566 1732 721 1784 ἀλλον
768 1732 961 1802 δηλῶν,
999 1732 1031 1802 ἢ
1076 1730 1167 1782 τὸν
1208 1733 1272 1782 ὲκ
1315 1729 1612 1801 περιτομῆς
1649 1730 1728 1790 εἰς
1763 1729 1849 1779 τὸν

1957 1728 2022 1782 de
2050 1729 2472 1785 circumcisione
2499 1732 2550 1784 in
2584 1732 2865 1787 Christum
2895 1732 3066 1802 ipsius
3097 1734 3167 1788 sit
3192 1734 3523 1789 crediturus.

274 1824 513 1895 Χριστόν
542 1824 702 1877 αὑτοῦ
746 1824 1162 1877 πεπιστευκότα.
1193 1825 1300 1876 Καὶ
1335 1822 1492 1875 πάλιν
1533 1823 1657 1883 τοὺς
1688 1837 1853 1873 κατα-

274 1918 496 1982 λοίπους
540 1920 633 1970 τοῦ
683 1917 893 1988 Ἰσραὴλ
944 1918 1137 1986 μόνους
1179 1915 1515 1986 σωθήσεσθαι
1570 1912 1707 1983 μετά
1751 1912 1852 1980 τῆς

272 2010 385 2063 τῶν
421 2009 621 2064 λοιπῶν
648 2010 814 2063 ὲθνῶν
844 2010 1105 2080 κλήσεως,
1136 2009 1203 2079 ἢν
1247 2009 1307 2061 ὲν
1332 2010 1443 2069 τοῖς
1489 2004 1723 2076 πρώτοις
1754 2005 1854 2074 τῆς

273 2101 616 2173 προφητείας
646 2103 954 2172 ἒσήμαινεν.

663 2216 785 2269 NI".
830 2215 971 2269 Ἀπὸ
1002 2214 1106 2268 τοῦ
1140 2214 1458 2283 Ζαχαρίου.

358 2324 374 2356 ι
417 2304 549 2358 Ἰδοὺ
585 2304 764 2375 ήμέρα
803 2304 1018 2374 ἔρχεται
1047 2307 1105 2357 ὲν
1131 2304 1233 2365 σοὶ,
1258 2304 1351 2356 xui
1380 2301 1852 2374 διαμερισθήσεται

272 2395 347 2448 τά
378 2393 549 2447 σκῦλά
581 2411 675 2447 σου
710 2396 766 2447 ὲν
804 2396 921 2448 σοί·
955 2397 1049 2448 xui
1082 2393 1390 2457 ἑπισυνάξω
1425 2393 1601 2446 πάντα
1629 2392 1696 2444 τὰ
1723 2391 1851 2461 ἔθνη

273 2489 368 2539 ἐπὶ
412 2486 761 2557 Ἰερουσαλὴμ
784 2488 863 2550 είς
899 2486 1155 2556 πόλεμον,
1185 2485 1279 2537 xui
1312 2482 1576 2537 ἁλώσεται
1605 2484 1637 2553 ή
1675 2482 1849 2545 πόλις,

274 2579 371 2630 xui
402 2577 869 2648 διαρπαγήσονται
906 2576 1095 2639 οἰκίαι,
1142 2576 1235 2628 xui
1267 2577 1321 2628 αί
1361 2577 1618 2643 γυναῖκες
1659 2574 1850 2643 μολυν-

274 2667 553 2736 θήσονται,
603 2670 697 2721 καὶ
733 2665 1069 2734 ἐξελεύσεται
1102 2667 1162 2718 τὸ
1204 2667 1371 2735 ἥμισυ
1415 2666 1517 2734 τῆς
1560 2664 1761 2727 πόλεως
1795 2666 1853 2716 ἐν

275 2760 641 2830 αἰχμαλωσίᾳ·
685 2761 735 2811 οἱ
776 2759 832 2812 δὲ
878 2758 1193 2811 κατάλοιποι
1242 2757 1335 2811 τοὺ
1381 2757 1510 2810 λαοῦ
1548 2774 1648 2826 μου
1679 2755 1738 2808 οὑ
1780 2755 1852 2825 μὴ

275 2850 819 2922 ὲξολοθρευθήσονται
864 2854 928 2905 ἐκ
969 2851 1070 2920 τῆς
1122 2850 1349 2911 πόλεως.
1411 2869 1427 2899 ι
1482 2847 1705 2918 Συνᾲδει
1760 2848 1854 2900 καὶ

271 2943 448 2995 ταῦτα
474 2944 581 3004 τοῖς
609 2940 1046 3012 προτεθειμένοις
1074 2939 1164 2992 ἐπὶ
1191 2939 1268 3009 τῷ
1290 2938 1494 3008 ὀλέθρῳ
1526 2936 1619 2990 τοῦ
1654 2937 1853 3000 παντὸς

288 3033 553 3087 Ἰουδαίων
596 3033 797 3095 ἔθνους,
843 3031 1151 3102 μετελθόντι
1192 3031 1388 3093 αὐτοὺς
1439 3028 1576 3109 μετά
1616 3030 1713 3100 τὴν
1758 3028 1852 3081 τοῦ

275 3124 516 3194 Χριστοῦ
542 3125 834 3194 παρουσίαν
862 3123 1283 3194 πεπληρωμένα.
1314 3120 1466 3174 Μετά
1495 3117 1586 3174 οὖν
1618 3120 1716 3191 τὴν
1748 3121 1855 3173 ἀπὸ

278 3214 600 3276 Βαϐυλῶνος
638 3215 887 3267 ἐπάνοδον
916 3214 1089 3267 ταῦτα
1122 3217 1149 3266 ὁ
1187 3213 1461 3285 Ζαχαρίας
1495 3214 1851 3285 προφητεύει,

285 3303 558 3368 θεσπίζων
599 3306 689 3375 τὴν
723 3306 827 3359 ὑπὸ
879 3307 1161 3376 Ῥωμαίων
1205 3306 1574 3377 γενησομένην
1611 3306 1850 3375 ὑστάτην

284 3397 599 3468 πολιορκίαν
626 3397 715 3451 τοῦ
753 3397 901 3460 λαοῦ,
936 3400 1018 3465 ἐφ’
1131 3398 1221 3450 τοῦ
1256 3399 1454 3462 παντὸς
1486 3398 1669 3461 ἔθνους
1721 3400 1853 3450 Ἰου-

277 3488 448 3543 δαίων
466 3490 776 3559 ὑποχειρίου
800 3492 909 3551 τοῖς
932 3489 1212 3558 πολεμίοις
1238 3492 1630 3561 γενησομένου,
1664 3492 1856 3561 μόνους

279 3580 548 3651 morm;
559 3581 919 3645 καταλοίπους
941 3580 1033 3633 τοῦ
1056 3581 1184 3633 λαοῦ
1206 3581 1563 3651 σωθήσεσθαι,
1592 3583 1852 3654 ἄντικρυς

276 3675 475 3737 αὑτοὺς
524 3675 646 3736 τοὺς
693 3674 1019 3738 ἀποστόλους
1039 3674 1131 3727 τοῦ
1185 3674 1435 3745 Σωτῆρος
1479 3675 1631 3746 ήμῶν
1659 3675 1851 3746 δηλῶν.

674 3786 795 3839 NA’.
840 3786 983 3840 Ἀπὸ
1019 3788 1125 3842 τοῦ
1162 3790 1457 3857 Ἰερεμίου.

358 3900 376 3929 ι
427 3880 853 3950 Ἐπιστράφητε,
887 3879 995 3931 υίοὶ
1026 3879 1414 3947 ἀφεστηκότες,
1446 3880 1591 3947 λέγει
1631 3880 1851 3952 Κύριος·

277 3972 414 4025 διότι
436 3970 548 4038 ἐγὼ
570 3969 896 4040 κατακυριεύ
906 3985 982 4022 σω
1005 3969 1177 4039 ὑμῶν,
1203 3970 1297 4022 xui
1311 3969 1548 4038 λήψομαι
1573 3972 1735 4039 ὑμᾶς,
1760 3971 1854 4022 ἕνα

278 4065 346 4114 ὲκ
375 4060 601 4123 πόλεως,
637 4061 729 4112 xui
756 4060 849 4112 δύο
872 4061 933 4112 ὲκ
968 4061 1218 4130 πατριᾶς·
1257 4060 1349 4111 xui
1381 4059 1579 4125 εἰσάξω
1607 4061 1749 4130 ὑμᾶς
1778 4063 1855 4123 εἰς

281 4151 439 4215 Σιὼν,
469 4153 561 4204 xui
588 4150 741 4204 δώσω
767 4154 893 4222 ὑμῖν
915 4152 1179 4222 ποιμένας
1202 4151 1341 4205 κατά
1363 4152 1458 4222 τὴν
1476 4152 1702 4223 καρδίαν
1729 4171 1852 4222 μου,

280 4242 377 4295 xui
405 4240 761 4311 ποιμανοῦσιν
787 4245 951 4313 ὑμᾶς,
985 4243 1359 4314 ποιμαίνοντες
1384 4244 1500 4313 μετ’
1524 4245 1715 4314 ὲπιστή
1728 4262 1850 4314 μης.

281 4334 393 4386 Καὶ
451 4334 623 4396 ἔσται,
668 4334 763 4387 ἐὰν
812 4335 1172 4406 πληθυνθῆτε,
1220 4336 1314 4387 xui
1371 4335 1660 4405 αὐξηθῆτε,
1704 4336 1849 4403 λέγει

280 4424 503 4495 Κύριος,
558 4428 615 4479 ὲν
657 4429 774 4488 ταῖς
816 4426 1048 4499 ἡμέραις
1076 4427 1311 4489 ἐκείναις
1343 4427 1440 4479 οὑκ
1490 4426 1704 4497 ἐροῦσιν
1746 4426 1845 4479 ἔτι·

282 4517 525 4577 Κιϐωτὸς
569 4517 840 4589 Διαθήκης
878 4518 1081 4589 Κυρίου
1137 4517 1352 4590 Ἰσραὴλ
1390 4519 1488 4572 οὑκ
1521 4519 1850 4589 ἀναϐήσεται

282 4609 377 4660 ἐπὶ
408 4608 654 4679 καρδίαν,
678 4609 794 4662 οὑδὲ
816 4608 1266 4680 όνομασθήσεται,
1296 4608 1389 4662 xui
1413 4609 1472 4661 οὑ
1496 4608 1849 4678 ποιηθήσεται

280 4699 379 4752 ἔτι.
441 4718 459 4749 ι
523 4699 689 4770 Ὀμοῦ
740 4700 830 4753 xui
874 4701 930 4753 ὲν
973 4699 1175 4763 τούτοις
1227 4700 1323 4769 τὴν
1381 4698 1713 4770 ἐπιστροφὴν
1756 4698 1848 4751 τοῦ

292 4792 509 4861 Ἰσραήλ
542 4793 640 4862 τὴν
673 4794 729 4845 ἐν
758 4796 823 4863 τῇ
858 4793 1125 4864 παρουσίᾳ
1155 4791 1247 4845 τοῦ
1280 4791 1531 4863 Σωτῆρος
1555 4792 1710 4863 ήμῶν
1748 4791 1850 4860 ’1η-

281 4883 380 4936 σοῦ
413 4882 647 4954 Χριστοῦ
682 4885 1045 4954 γενησομένην
1077 4884 1338 4948 θεσπίζει,
1370 4883 1487 4937 καθ“
1523 4883 1609 4953 ἢν,
1658 4882 1757 4935 ’ἐνα
1783 4884 1852 4934 ὲκ

280 4976 511 5039 πόλεως,
530 4977 621 5028 xui
634 4976 726 5029 δύο
744 4979 804 5029 ἐκ
825 4978 1077 5047 πατριᾶς,
1099 4978 1191 5030 xui
1210 4976 1406 5047 σφόδρα
1428 4976 1735 5042 όλιγοστοὺς
1754 4975 1848 5027 xui

279 5067 499 5137 ἀριθμῷ
526 5067 742 5139 βραχεῖς
772 5068 1145 5140 ἐκλεξάμενος,
1171 5069 1433 5139 ποιμένας
1452 5068 1555 5120 τῶν
1581 5070 1660 5131 είς
1686 5067 1847 5120 αὑτὸν

281 5160 719 5215 πεπιστευκότων
768 5160 935 5213 ἐθνῶν
979 5162 1075 5231 (1),
1113 5161 1205 5214 xui
1242 5160 1583 5231 αὐξηθέντων
1615 5159 1707 5211 ἐπὶ
1749 5158 1847 5228 τῆς

290 5249 385 5318 τῆς
404 5253 460 5303 ἓν
479 5253 541 5320 τῇ
564 5251 816 5304 διἀὖτῶν
840 5252 1065 5324 ἐσομένη
1098 5253 1284 5323 κλήσει
1308 5271 1416 5304 των
1440 5251 1624 5305 ἐθνῶν·
1657 5269 1673 5301 t
1702 5252 1843 5303 Οὑκ-

285 5341 383 5405 ἔτι,
405 5344 582 5413 φησὶν,
601 5344 828 5415 ἐροῦσιν·
850 5346 1093 5410 Κιϐωτδς
1111 5347 1377 5416 Διαθήκης
1394 5346 1615 5415 Κυρίου·
1632 5364 1648 5394 ι
1665 5343 1846 5396 οὐκέτι

288 5437 390 5503 τὰρ
423 5434 515 5485 ὲπί
548 5433 642 5498 τάς
668 5435 906 5500 Μωσέως
936 5438 1363 5508 ἀναδραμοῖωται
1395 5434 1849 5506 σωμαςέκωεέοας

430 5586 456 5601 η

345 5587 392 5615 ⁸⁸
424 5587 663 5659 Sephon.
699 5606 779 5651 In.
824 5591 971 5646 943.

1954 1819 2021 1872 Et
2053 1834 2242 1874 rursus
2272 1835 2367 1875 eos
2399 1862 2413 1885 ,
2447 1822 2538 1890 qui
2579 1823 2776 1891 reliqui
2815 1823 3014 1877 fuerint
3044 1840 3110 1878 ex
3142 1822 3343 1889 Israel,
3381 1826 3525 1881 solos

1955 1911 2135 1965 salvos
2164 1910 2377 1967 futuros
2403 1952 2415 1969 .
2455 1928 2578 1966 cum
2627 1915 2961 1983 reliquarum
3006 1916 3247 1985 gentium
3284 1919 3524 1972 vocatio-

1953 2019 2049 2069 ne,
2087 2019 2249 2073 quam
2286 2006 2440 2059 initio
2473 2008 2773 2076 pmphetia:
2807 2008 3156 2076 significavit.

2466 2202 2598 2261 LIII.
2649 2204 2692 2257 Α
2732 2202 3021 2261 Zacharia.

2030 2312 2047 2341 ς
2079 2292 2216 2348 Ecce
2242 2292 2359 2349 dies
2391 2294 2569 2349 veniet
2598 2295 2653 2349 in
2682 2303 2753 2358 te,
2786 2303 2841 2350 et
2888 2296 3204 2352 dividentur
3228 2300 3400 2369 spolia
3434 2309 3525 2356 tua

1953 2384 2008 2435 in
2040 2392 2091 2437 te
2125 2403 2137 2437 :
2169 2391 2223 2437 et
2252 2386 2591 2455 congregabo
2638 2400 2829 2440 omnes
2861 2394 3050 2456 gentes
3091 2389 3146 2443 in
3188 2388 3525 2447 Hierusalem

1954 2474 2019 2528 ad
2060 2476 2280 2540 bellum,
2327 2485 2380 2530 et
2419 2478 2665 2546 capietur
2710 2478 2923 2538 civitas.
2977 2489 3031 2534 et
3071 2480 3398 2551 diripientur
3426 2484 3526 2540 do-

1954 2582 2096 2629 mus,
2128 2575 2182 2622 et
2206 2566 2464 2623 mulieres
2488 2569 2940 2638 inquinabuntur,
2966 2578 3016 2625 et
3041 2572 3210 2627 exibit
3241 2573 3531 2629 dimidium

1953 2658 2190 2714 civitatis
2221 2660 2276 2713 in
2306 2661 2623 2731 captivitate
2653 2680 2665 2715 :
2698 2662 2892 2732 reliqui
2928 2678 3058 2718 vero
3081 2680 3148 2719 ex
3180 2666 3384 2735 p0pulo
3403 2682 3533 2722 meo

1953 2763 2062 2801 non
2109 2748 2404 2819 perdentur
2448 2750 2514 2805 de
2562 2750 2871 2807 civitate“.
2904 2771 2922 2804 ι
2971 2754 3353 2811 Consentanea
3401 2764 3532 2810 sunt

1954 2837 2068 2892 haec
2112 2839 2181 2894 iis
2210 2855 2332 2908 qua:
2379 2841 2660 2910 proposita
2717 2854 2846 2896 sunt
2875 2842 2945 2897 de
2989 2843 3215 2899 interitu
3260 2846 3532 2901 universa

1955 2931 2191 2987 nationis
2216 2930 2549 2996 Judteorum,
2570 2932 2661 3002 qui
2693 2932 2761 2986 ad
2789 2935 2908 2989 illas
2937 2944 3059 3004 post
3087 2935 3293 2992 Christi
3324 2938 3529 2994 adven-

1955 3031 2068 3077 tum
2105 3026 2367 3093 pervenit.
2412 3025 2538 3079 Haec
2580 3028 2726 3081 enim
2778 3026 3072 3083 Zacharias
3125 3038 3247 3100 post
3294 3030 3530 3087 reditum

1956 3117 2023 3173 de
2070 3118 2340 3189 Babylone
2378 3120 2727 3182 vaticinatur,
2778 3136 2982 3175 canens
3023 3132 3321 3178 extremam
3379 3126 3527 3180 illam

1957 3209 2137 3278 pepuli
2170 3212 2550 3276 vastationem,
2585 3229 2706 3282 qua:
2730 3228 2761 3267 a
2790 3213 3053 3271 Romanis
3079 3216 3361 3272 inferenda
3387 3227 3526 3284 erat,

1956 3304 2011 3356 in
2041 3317 2146 3373 qua
2184 3318 2307 3357 cum
2346 3312 2457 3359 tota
2484 3303 2711 3360 Iudaica
2739 3323 2872 3378 gens
2906 3309 2961 3362 in
3003 3309 3239 3364 hostium
3283 3320 3527 3382 potesta-

1957 3401 2062 3448 tem
2094 3403 2322 3448 ventura
2356 3407 2519 3461 esset,
2557 3398 2704 3452 solos
2742 3412 2839 3452 eos
2886 3396 3043 3463 dicit,
3077 3400 3172 3469 qui
3214 3399 3281 3455 de
3328 3401 3526 3471 p0pulo

1955 3487 2146 3555 reliqui
2181 3486 2403 3548 fuerint.
2436 3490 2617 3545 salvos
2649 3488 2766 3545 fore
2802 3510 2814 3545 :
2842 3491 2923 3547 sic
2944 3507 3075 3547 sane
3098 3494 3374 3563 apostolos
3409 3490 3530 3547 Sal-

1958 3579 2159 3634 vatoris
2190 3580 2361 3633 nostri
2385 3581 2729 3650 apertissime
2757 3581 3100 3652 signiﬁcans.

2457 3779 2591 3833 LIV.
2647 3780 2726 3834 Ab
2764 3779 3020 3834 Ieremia.

2031 3891 2049 3923 ‹
2083 3873 2497 3949 Convertimini,
2541 3874 2658 3936 filii,
2693 3873 2785 3942 qui
2833 3870 3133 3937 defecistis,
3178 3871 3311 3926 dicit
3352 3871 3529 3928 Domi-

1956 3979 2101 4029 nus;
2158 3963 2414 4033 quoniam
2454 3978 2556 4033 ego
2595 3961 2918 4017 dominabor
2962 3962 3017 4016 in
3055 3961 3229 4025 vobis,
3282 3968 3337 4015 et
3382 3964 3528 4018 acci-

1955 4057 2099 4128 piam
2122 4072 2243 4119 vos,
2281 4072 2450 4113 unum
2487 4058 2554 4112 de
2594 4057 2835 4122 civitate,
2864 4065 2919 4111 et
2944 4058 3084 4113 duos
3113 4055 3181 4112 de
3216 4055 3440 4122 familia,
3473 4068 3528 4114 et

1957 4148 2221 4203 adducam
2255 4164 2351 4204 vos
2393 4150 2447 4202 in
2480 4150 2634 4214 Sion,
2681 4157 2735 4205 et
2763 4149 2904 4204 dabo
2953 4150 3106 4205 vobis
3143 4156 3393 4217 pastores
3438 4166 3529 4206 se-

1956 4243 2193 4294 cundum
2223 4256 2318 4295 cor
2350 4256 2551 4305 meum,
2584 4250 2637 4295 et
2672 4251 2897 4310 pascent
2932 4257 3049 4305 vos,
3082 4248 3368 4311 pascentes
3400 4258 3525 4297 cum

1959 4332 2204 4387 scientia.
2258 4332 2320 4386 Et
2350 4333 2474 4396 erit,
2508 4348 2632 4388 cum
2682 4334 3031 4403 multiplicati
3061 4332 3278 4389 fueritis
3321 4343 3375 4388 et
3402 4349 3524 4388 cre-

1954 4425 2163 4487 veritis,
2212 4423 2342 4478 dicit
2389 4424 2674 4488 Dominus,
2708 4426 2761 4478 in
2812 4425 3007 4480 diebus
3056 4426 3167 4481 illis
3202 4441 3314 4480 non
3344 4425 3528 4481 dicem.

1953 4516 2186 4585 amplius
2232 4535 2243 4569 :
2282 4530 2411 4569 arca
2474 4515 2808 4570 Testamenti
2874 4516 3085 4571 Domini
3148 4519 3347 4584 Israel,
3414 4536 3524 4577 non

1952 4608 2209 4664 ascendet
2263 4609 2317 4662 in
2371 4623 2488 4670 cor,
2523 4624 2700 4678 neque
2748 4609 3143 4671 nominabitur,
3189 4620 3243 4665 et
3283 4626 3392 4665 non
3434 4610 3524 4666 fiet

1954 4701 2185 4770 amplius
2201 4699 2267 4749 ⁸³.
2300 4718 2319 4750 ι
2356 4698 2413 4753 In
2445 4699 2531 4754 bis
2555 4715 2774 4769 quoque
2806 4703 3219 4756 conversionem
3248 4702 3437 4766 Israel,
3464 4701 3520 4756 in

1954 4793 2190 4847 adventu
2222 4789 2525 4846 Salvatoris
2558 4793 2729 4847 nostri
2765 4791 2894 4846 .Iesu
2925 4791 3131 4846 Christi
3159 4791 3395 4845 futuram
3427 4806 3521 4846 ea.

1952 4886 2051 4959 nit,
2083 4883 2138 4936 in
2175 4898 2305 4951 qua,
2338 4896 2462 4934 cum
2512 4896 2678 4934 unum
2728 4881 2793 4935 de
2831 4880 3049 4934 civitate
3076 4887 3129 4933 et
3170 4879 3307 4933 duos
3341 4878 3408 4932 de
3441 4876 3523 4931 fa-

1952 4975 2121 5039 milia,
2156 4981 2210 5028 et
2240 4971 2396 5027 valde
2424 4987 2627 5042 paucos
2683 4979 2736 5027 et
2766 4987 2995 5026 numero
3024 4972 3248 5040 exiguos
3276 4969 3517 5040 elegerit,

1950 5080 2137 5121 earum
2168 5081 2287 5136 qua:
2318 5066 2371 5119 in
2407 5065 2583 5134 ipsum
2611 5064 2940 5119 crediderint
2978 5063 3216 5134 gentium
3250 5070 3516 5131 pastores.

1950 5172 2183 5227 cumque
2212 5156 2268 5209 in
2312 5168 2454 5211 terra
2500 5163 2688 5227 gentes
2723 5156 2775 5209 in
2807 5170 2904 5210 sua
2942 5154 3181 5223 ipsarum
3212 5150 3395 5206 futura
3426 5165 3519 5205 vo-

1952 5251 2168 5305 catione
2199 5251 2473 5304 creverint
2508 5269 2520 5303 :
2570 5270 2587 5299 (
2616 5247 2737 5304 Non
2791 5250 2953 5312 ultra,
2990 5247 3185 5317 inquit,
3215 5245 3283 5299 ab
3320 5244 3402 5300 eis
3434 5244 3519 5300 di-

1954 5353 2127 5406 cetur,
2179 5357 2306 5397 arca
2344 5341 2679 5398 Testamenti
2715 5340 2969 5403 Domini;
3003 5359 3021 5390 ι
3076 5354 3185 5393 non
3215 5337 3360 5394 enim
3399 5351 3513 5390 am-

1955 5435 2098 5505 plius
2133 5436 2198 5490 ad
2248 5434 2447 5506 Moysis
2480 5435 2793 5505 corporales
2840 5431 3183 5488 adorationes
3213 5437 3514 5496 recurrent,

1048 5592 1088 5623 ⁸⁸
1139 5560 1364 5646 Zachar.
1405 5591 1666 5660 x1v,l,2.
1742 5592 1784 5624 ⁸³
1816 5591 1919 5645 Jer.
1959 5590 2022 5643 Il.
2060 5592 2243 5645 H-lti.

349 5705 425 5773 ll)
471 5704 626 5761 Deest
663 5708 863 5774 aliquid
896 5707 959 5763 ad
985 5708 1395 5765 suffulciendam
1418 5710 1764 5773 sententiam,
1798 5707 1934 5766 forte
1967 5709 2314 5781 καταστήσει.
2341 5709 2437 5768 Eo.
