3914 6198
385 231 491 291 159

1019 231 1289 290 EUSEBll
1327 224 1802 284 CIESARIENSIS
1842 223 1991 280 OPP.
2034 221 2211 278 PARS
2246 221 2308 276 ιι.
2349 253 2418 260 -
2453 217 2946 281 APOLOGETICA.

3515 217 3632 268 160

385 362 573 424 utpote
640 373 760 412 cum
812 356 892 411 eis
968 365 1196 408 novum‘
1235 350 1556 407 tradendum
1622 351 1692 404 sit
1753 345 1947 404 Testa-

2061 345 2382 416 θρησκείας,
2439 343 2532 395 ἆτε
2575 339 2762 407 καινῆς
2819 335 3088 408 Διαθήκης
3142 335 3322 397 αὐτοῖς
3381 333 3630 403 παραδο-

385 455 648 501 ruentum.

883 535 994 607 84
1015 534 1126 592 LV.
1153 534 1231 588 Ab
1257 532 1454 588 eodem.

461 653 481 687 ι
512 629 1004 698 Multiplicaverunt
1042 628 1348 697 impietates
1396 639 1557 688 suas,
1603 621 1948 677 invaluerunt

293 753 296 758 ·
388 727 443 783 In
475 720 853 780 aversionibus
883 719 1019 775 suis.
1056 719 1303 783 Quanam
1342 732 1409 772 ex
1441 716 1526 770 his
1556 715 1822 788 propitius
1853 728 1948 768 ero

385 814 522 871 tibi?
565 811 660 866 ﬁlii
702 810 782 864 tui
825 809 1232 879 dereliquerunt
1278 821 1386 868 me,
1440 813 1494 860 et
1532 805 1852 875 iuraverunt
1891 802 1949 856 in

386 905 474 968 iis,
505 903 600 974 qui
632 901 708 957 dii
745 915 853 956 non
897 907 1045 965 sunt,
1094 908 1150 954 et
1186 896 1428 962 saturavi
1462 911 1577 959 eos,
1607 905 1660 950 et
1693 893 1948 949 man-Itali

387 1001 541 1056 sunt,
586 998 641 1046 et
667 991 722 1045 in
760 989 1012 1044 domibus
1047 994 1355 1046 scortorum
1386 983 1781 1046 habitaverunt,
1823 981 1952 1051 equi

393 1083 620 1139 libidine
678 1081 870 1152 perciti
913 1086 1239 1142 evaserunt,
1288 1075 1665 1146 unusquisque
1704 1075 1771 1128 ad
1813 1088 1950 1128 uxoo

387 1191 502 1231 rem
539 1173 774 1245 proximi
807 1173 1080 1235 hinnitum
1110 1171 1292 1236 emisit
1321 1190 1332 1226 :
1369 1168 1614 1241 nunquid
1641 1183 1748 1222 non
1789 1181 1953 1236 super

386 1265 474 1321 his
513 1262 789 1320 visitabo?
828 1264 960 1318 dicit
987 1262 1272 1328 Dominus,
1310 1277 1378 1327 an
1408 1263 1464 1316 in
1506 1268 1664 1331 gente
1701 1259 1793 1313 tali
1845 1274 1952 1313 non

387 1353 684 1408 ulciscetur
743 1352 923 1405 anima
980 1351 1139 1406 mea?
1205 1350 1496 1406 Ascendite
1551 1349 1952 1420 propugnacula

387 1443 530 1511 cjus,
566 1452 619 1496 et
640 1441 887 1512 jugulate
917 1460 930 1495 :
957 1443 1485 1506 consummationem
1514 1456 1643 1496 vero
1673 1456 1742 1495 ne
1772 1441 1950 1504 facile,

388 1533 678 1604 relinquite
697 1533 1010 1588 fulcimeula
1026 1532 1166 1602 ejus,
1187 1533 1445 1603 quoniam
1464 1530 1678 1586 Domini
1699 1533 1912 1588 sunt“.
1929 1554 1947 1585 ι

387 1625 449 1680 ιη
492 1625 578 1680 his
621 1624 807 1687 simul,
849 1633 903 1679 et
935 1625 1211 1679 accusatio
1253 1625 1420 1680 totius
1464 1623 1705 1678 nationis
1741 1639 1950 1688 eorum,

2057 431 2380 507 θησομένης.

2497 523 2628 588 ME',
2679 518 2817 584 Ἀπὸ
2848 518 2951 572 τοῦ
2991 515 3193 570 αὐτοῦ.

2130 637 2148 668 ι
2185 614 2519 686 Ἐπλήθυναν
2539 611 2788 672 ἀσεϐείας
2807 608 3002 672 αὐτῶν,
3023 605 3246 676 ἴσχυσαν
3263 607 3318 657 ἐν
3343 609 3461 668 ταῖς
3480 607 3630 658 ἁπο-

2057 710 2316 781 στροφαϊς
2342 705 2539 760 αὐτῶν.
2564 703 2709 774 Ποίῳ
2743 701 2944 754 τούτων
2965 699 3122 762 ἵλεως
3141 697 3331 768 ἔσομαί
3355 715 3434 751 σοι
3457 715 3471 758 ;
3499 697 3630 750 Υίοί

2057 818 2148 854 σου
2171 797 2525 863 ὲγκατέλιπόν
2556 813 2642 867 με,
2662 794 2755 849 καὶ
2770 792 2982 863 ὤμνυον
3001 792 3056 843 ὲν
3074 794 3186 853 τοῖς
3199 791 3298 843 οὐκ
3318 785 3433 843 οὖσι
3454 789 3627 853 θεοῖς,

2056 893 2150 948 καὶ
2191 892 2461 962 ὲχόρτασα
2491 889 2707 950 αὐτοὺς,
2751 887 2844 940 καὶ
2878 884 3190 955 ἐμοιχῶντο,
3233 883 3323 948 καὶ
3364 884 3420 934 ὲν
3451 881 3631 946 οἴκοις

2057 983 2266 1056 πορνῶν
2300 979 2648 1036 κατελύοσανο
2703 979 2858 1031 ἵπποι
2893 977 3216 1047 θηλυμανεῖς
3263 971 3629 1044 ἐγενήθησαν,

2053 1079 2281 1139 ἕκαστος
2315 1075 2408 1127 ἐπὶ
2445 1073 2542 1144 τὴν
2573 1073 2802 1140 γυναῖκα
2841 1068 2933 1121 τοῦ
2975 1065 3198 1138 πλησίον
3244 1063 3628 1136 ἐχρεμέτιζον.

2053 1170 2147 1242 Μὴ
2195 1169 2286 1220 ἐπὶ
2323 1167 2529 1229 τούτοις
2561 1163 2659 1218 οὐκ
2703 1161 3088 1231 ἐπισκέψομαι,
3138 1158 3283 1227 λέγει
3321 1156 3547 1227 Κύριος,
3593 1154 3630 1228 ἢ

2056 1263 2113 1314 ὲν
2162 1259 2303 1312 ἔθνει
2355 1258 2430 1328 τῷ
2481 1260 2702 1324 τοιούτῳ
2753 1257 2854 1310 οὐκ
2901 1253 3176 1323 ἐκδικήσει
3227 1249 3437 1320 ἡψυχὴ
3489 1263 3628 1319 μους

2068 1351 2327 1421 Ἀνάὸητε
2353 1351 2443 1404 ἐπὶ
2462 1351 2587 1414 τοὺς
2608 1347 2974 1420 προμαχῶνας
3007 1345 3194 1415 αὐτῆς,
3219 1343 3310 1396 καὶ
3337 1339 3630 1410 κατασφά-

2056 1443 2202 1511 ξατε.
2250 1442 2563 1496 Συντέλειαν
2597 1441 2652 1498 δὲ
2705 1443 2776 1512 μὴ
2820 1443 3102 1510 ποιήσητε’
3146 1433 3502 1488 ὑπολείπεσθε
3559 1433 3632 1487 τὰ

2057 1533 2509 1607 ὑποστηρίγματα
2533 1533 2720 1602 αὐτῆς·
2755 1531 2836 1598 ὅτι
2861 1528 2954 1583 τοῦ
2979 1527 3183 1600 Κυρίου
3211 1525 3336 1579 εἰσί.
3369 1545 3386 1578 ι
3422 1526 3532 1578 Καὶ
3569 1527 3631 1577 ὲν

2058 1627 2262 1689 τούτοις
2282 1624 2416 1696 ὁμοῦ
2436 1622 2736 1694 κατηγορία
2761 1621 2853 1682 τοῦ
2877 1620 3075 1684 παντὸς
3097 1619 3279 1681 ἔθνους
3302 1617 3500 1678 αὐτῶν,
3531 1618 3626 1668 καὶ

389 1724 444 1772 et
496 1730 617 1786 qua:
665 1729 760 1769 eos
804 1715 1078 1784 oppressit
1119 1714 1334 1768 obsidio
1381 1713 1776 1768 indicaturzet
1819 1729 1949 1783 prte—

2061 1721 2086 1788 ὴ
2118 1717 2444 1788 μετελθοῦσα
2483 1716 2677 1777 αὐτοὺς
2710 1714 2994 1784 πολιορκία
3031 1712 3301 1784 δηλοῦται,
3339 1712 3431 1763 καὶ
3464 1710 3629 1763 πάλιν

391 1814 538 1861 terea
581 1805 892 1869 residuum,
915 1805 1060 1874 quod
1099 1803 1472 1862 fulcimentum
1502 1805 1621 1873 ejus
1663 1804 1905 1856 nominat
1939 1823 1952 1858 :

391 1911 513 1950 cum
561 1893 734 1966 ip'sius
775 1894 988 1949 Domini
1034 1895 1126 1950 sit.
1181 1893 1296 1949 Hoc
1343 1909 1473 1951 vero
1518 1893 1798 1948 residuum
1833 1892 1953 1958 fuit,

392 1984 533 2054 quod
565 1999 630 2038 ex
660 1983 762 2037 [ide
793 1998 953 2052 quam
988 1984 1044 2038 in
1075 1971 1356 2038 Christum
1385 1983 1479 2039 Dei
1510 1985 1718 2048 habuit,
1752 1984 1955 2044 conﬁr-

393 2083 592 2128 matum
651 2073 1054 2142 solidatumque
1085 2081 1190 2137 est,
1229 2080 1288 2126 ut
1313 2089 1381 2128 ne
1415 2067 1480 2129 iis
1513 2075 1710 2130 similia
1740 2083 1958 2145 patere-

393 2173 499 2229 tur,
529 2179 652 2233 quaa
686 2165 944 2217 universa
979 2163 1070 2216 illa
1106 2179 1239 2232 gens
1279 2179 1534 2232 perpessa
1569 2174 1673 2220 est.

884 2254 1019 2309 LVI.
1064 2257 1140 2308 Ab
1175 2255 1466 2322 Ezechiele.

465 2363 487 2400 ι
526 2346 592 2400 Et
620 2346 817 2403 cadent
844 2348 1112 2402 vulnerati
1144 2348 1202 2402 in
1234 2348 1412 2405 medio
1437 2351 1628 2414 vestri,
1666 2357 1721 2403 et
1748 2365 1955 2419 cogno-

393 2439 560 2494 scetis
591 2439 737 2508 quod
777 2453 878 2508 ego
914 2437 1198 2501 Dominus,
1245 2455 1368 2492 cum
1411 2438 1644 2492 abierint
1675 2438 1742 2492 de
1779 2439 1954 2502 vobis,

393 2529 482 2599 qui
528 2530 907 2584 liberabuntur
950 2544 979 2582 a
1029 2530 1209 2598 gladio
1259 2529 1328 2583 ad
1357 2535 1568 2599 gentes,
1615 2536 1670 2582 et
1707 2543 1829 2582 cum
1862 2542 1958 2584 vos

391 2617 623 2689 dispersi
646 2619 798 2673 eritis
831 2633 927 2687 per
957 2619 1227 2687 regiones,
1266 2625 1320 2676 et
1358 2617 1790 2677 recordabuntur
1827 2619 1954 2682 mei,

391 2710 484 2788 qui
531 2709 745 2764 liberati
778 2716 940 2764 erunt
985 2724 1052 2763 ex
1101 2708 1256 2764 vobis
1287 2709 1344 2762 in
1393 2709 1667 2780 gentibus,
1708 2708 1776 2762 ad
1819 2724 1956 2780 quas

391 2799 592 2870 captivi
620 2799 770 2854 ducti
819 2799 1016 2854 sint”.
1053 2819 1071 2850 ι
1116 2797 1340 2852 Videtur
1374 2813 1507 2854 sane
1539 2800 1626 2853 hic
1659 2799 1789 2852 mihi
1821 2813 1958 2869 quo-

391 2908 497 2962 que
535 2892 872 2946 concordare
903 2891 990 2955 iis,
1022 2891 1115 2962 qui
1147 2906 1177 2944 ει
1211 2891 1436 2961 reliquis
1473 2892 1770 2966 propheliis
1801 2905 1956 2946 acceo

395 2991 485 3056 pta
535 2993 662 3039 sunt
695 3001 708 3037 :
739 2997 834 3038 eos
885 2983 1030 3038 enim
1065 2983 1158 3053 qui
1197 2983 1406 3036 liberati
1445 2990 1641 3046 erunt,
1687 2997 1951 3053 quosnam

392 3075 528 3130 alios
554 3073 781 3138 dixeris,
812 3075 916 3129 nisi
946 3073 1091 3144 quod
1139 3074 1195 3138 in
1239 3075 1473 3137 caeteris,
1515 3067 1816 3138 residuum,
1856 3091 1952 3129 seu

393 3166 688 3236 reliquum,
721 3175 774 3221 et
803 3167 969 3229 stilla,
991 3174 1045 3224 et
1073 3180 1188 3231 ros,
1220 3165 1406 3236 populi
1433 3166 1578 3222 illius
1613 3167 1955 3222 nominatur?

393 3260 593 3330 quibus
627 3259 813 3329 utique
844 3257 1401 3320 denominationibus,
1435 3259 1807 3328 apostolorum
1837 3258 1957 3312 Sal-

393 3352 600 3406 vatoris
629 3351 800 3406 nostri
823 3359 1129 3414 conventus
1158 3349 1452 3403 indicatur.
1479 3349 1546 3403 lii
1584 3365 1714 3421 ergo
1743 3351 1954 3406 liberati

395 3439 468 3497 ab
503 3442 725 3496 interitu
761 3442 1029 3496 universa:
1068 3442 1284 3496 illorum
1326 3442 1566 3497 nationis
1605 3450 1659 3496 et
1686 3457 1716 3495 a
1744 3442 1955 3512 disper-

397 3531 550 3586 sione
584 3532 818 3599 illorum,
851 3531 1125 3594 recordati
1165 3540 1294 3588 sunt
1327 3531 1442 3594 Dei,
1475 3539 1534 3586 ut
1584 3533 1655 3586 sit
1686 3534 1954 3589 conﬁten-

395 3622 546 3686 dum,
587 3637 651 3677 ea
682 3638 804 3693 qua}
831 3624 1033 3693 scripta
1058 3630 1207 3686 sunt,
1233 3623 1302 3678 de
1339 3623 1424 3678 bis
1453 3623 1620 3680 fuisse
1648 3623 1812 3679 dicta.

927 3738 1084 3809 LVII.
1123 3740 1203 3794 Ab
1221 3747 1419 3796 eodem.

468 3851 489 3885 ι
516 3833 642 3888 Haec
671 3833 804 3890 dicit
847 3833 1058 3890 Adonai
1105 3833 1368 3890 Dominus
1397 3854 1408 3888 :
1435 3833 1709 3904 Etpellam
1757 3850 1851 3890 ecs
1888 3833 1955 3890 ad

393 3933 601 3994 gentes.
636 3932 692 3982 et
718 3925 1027 3996 dispergam
1060 3941 1156 3982 eos
1187 3927 1243 3980 in
1272 3941 1462 3980 omnes
1493 3927 1763 3992 nationes,
1793 3933 1847 3981 et
1873 3927 1956 3980 di-

394 4029 641 4085 spergam
674 4031 769 4072 eos
798 4017 853 4070 in
886 4032 1103 4072 omnem
1137 4024 1336 4070 terram
1364 4035 1376 4070 :
1404 4024 1458 4070 et
1483 4031 1578 4070 ero
1615 4016 1696 4074 eis
1736 4017 1788 4070 in
1829 4031 1956 4072 san-

392 4105 774 4172 ctilicationem
809 4122 1031 4177 parvam
1067 4109 1123 4160 in
1147 4107 1485 4177 regionibus,
1517 4121 1844 4176 quocunque
1870 4107 1956 4162 in-

393 4196 566 4266 gressi
603 4196 802 4251 fuerint
849 4198 998 4252 illuc.
1032 4217 1051 4250 ι
1093 4197 1192 4251 llic
1217 4213 1436 4268 quoque
1463 4198 1570 4250 alio
1598 4199 1818 4252 nomine
1859 4214 1954 4254 eos

389 4287 624 4348 vocavit,
656 4287 748 4340 ubi
779 4288 1263 4342 sanctiﬁcationem
1293 4304 1512 4358 parvam
1546 4288 1704 4354 dixit,
1737 4304 1831 4344 eos
1860 4289 1953 4358 qui

2055 1811 2114 1862 τὸ
2145 1810 2512 1880 κατάλειμμα,
2552 1808 2686 1877 ὅπερ
2723 1808 2998 1876 στήριγμα
3038 1803 3209 1873 αὐτῆς
3240 1801 3496 1873 ὀνομάζει
3527 1800 3629 1853 τοῦ

2055 1899 2256 1971 Κυρίου
2289 1899 2565 1966 τυγχάνον.
2614 1893 2780 1948 Τοῦτο
2824 1894 2879 1947 δὲ
2917 1889 2985 1965 ἦν
3027 1893 3089 1945 τὸ
3125 1891 3212 1944 διὰ
3257 1889 3359 1958 τῆς
3403 1890 3482 1952 εἰς
3529 1887 3626 1941 τὸν

2055 1986 2286 2056 Χριστὸν
2302 1985 2393 2038 τοῦ
2415 1983 2547 2036 Θεοῦ
2565 1984 2800 2046 πίστεως
2835 1981 3147 2050 ὃυναμωθὲν
3172 1981 3265 2033 καὶ
3297 1978 3624 2050 στερρωθὲν,

2054 2078 2129 2138 ὡς
2152 2076 2284 2147 μηδὲ
2305 2075 2372 2128 τὰ
2403 2077 2564 2145 ὃμοια
2601 2075 2909 2144 ὑπομεῖναι,
2933 2068 3014 2136 οἷς
3040 2071 3100 2124 τὸ
3131 2072 3238 2124 πᾶν
3267 2071 3419 2133 ἔθνος
3443 2068 3626 2123 αὐτῶν

2055 2164 2360 2218 ἐπεπόνθει.
2727 2187 2734 2192 ο
2918 2172 2922 2175 “

2435 2259 2574 2323 NG".
2635 2255 2767 2309 Ἀπὸ
2803 2257 2907 2309 τοῦ
2952 2253 3236 2320 Ἐζεκιήλ.

2131 2369 2149 2400 ι
2185 2349 2293 2401 Kal.
2331 2349 2619 2401 πεσοῦνται
2653 2346 2985 2418 τραυματίαι
3020 2347 3078 2399 ὲν
3117 2346 3265 2417 μέσῳ
3309 2344 3477 2416 ὑμῶν,
3518 2343 3620 2398 καὶ

2055 2438 2438 2506 ἐπιγνώσεσθε,
2483 2440 2562 2491 ὅτι
2605 2437 2713 2506 ἐγὼ
2761 2438 2984 2508 Κύριος,
3027 2439 3085 2492 ὲν
3128 2436 3208 2508 τῷ
3259 2436 3498 2506 γενέσθαι
3551 2436 3620 2501 ἐξ

2056 2531 2207 2602 ὑμῶν
2253 2527 2696 2600 ἀνασωζομένους
2738 2530 2802 2581 ὲκ
2842 2529 3122 2600 ῥομφαίας
3164 2531 3221 2581 ἐν
3263 2530 3371 2590 τοῖς
3417 2527 3618 2588 ἔθνεσι,

2055 2624 2149 2677 καὶ
2176 2627 2232 2676 ἐν
2262 2622 2338 2693 τῷ
2370 2620 2784 2692 διασκορπισμῷ
2827 2620 2982 2691 ὑμῶν
3013 2623 3071 2673 ὲν
3093 2624 3211 2684 ταῖς
3241 2618 3466 2691 χώραις.
3507 2619 3623 2672 Καὶ

2059 2711 2454 2784 μνησθήσονταί
2490 2729 2590 2782 μου
2619 2713 2667 2764 οί
2711 2709 3110 2782 ἀνασωζόμενοι
3140 2710 3198 2786 ἐξ
3226 2709 3378 2780 ὑμῶν
3416 2711 3472 2763 ὲν
3505 2712 3624 2777 τοῖς

2055 2805 2279 2870 ἔθνεσιν,
2320 2798 2380 2858 οὗ
2407 2802 2900 2875 ῂχμαλωτεύθησαν
2945 2803 3078 2855 ἐκεῖ.
3117 2821 3134 2852 ι
3169 2804 3326 2855 Δοκεῖ
3365 2818 3455 2872 μοι
3489 2803 3623 2856 κάνο

2053 2895 2229 2950 ταῦθα
2272 2893 2514 2966 συνᾴδειν
2553 2897 2668 2957 τοῖς
2707 2893 2816 2947 ἀπὸ
2855 2892 2964 2946 τῶν
3009 2892 3209 2945 λοιπῶν
3251 2891 3620 2964 προφητειῶν.

2057 2987 2195 3051 Τοὺς
2220 2986 2328 3058 γὰρ
2347 2984 2790 3056 ἀνασωζομένους
2815 2983 2962 3047 τίνας
2990 2983 3054 3038 ἂν
3080 2983 3257 3047 εἴποις
3288 2983 3321 3054 ἥ
3351 2983 3412 3036 τὸ
3435 2985 3494 3036 ὲν
3515 2983 3628 3036 ἑτέ-

2061 3095 2170 3148 ροις
2199 3077 2581 3148 ὠνομασμένον
2624 3075 2954 3146 ὑπόλειμμα,
2991 3076 3088 3132 καὶ
3114 3074 3215 3146 τὴν
3260 3075 3494 3143 σταγόνα
3531 3077 3625 3129 καὶ

2054 3166 2242 3238 δρόσον
2290 3166 2381 3234 τοῦ
2427 3164 2554 3219 λαοῦ
2601 3165 2840 3228 ἐκείνου,
2894 3166 2962 3218 δι’
3001 3159 3076 3218 ὧν
3127 3165 3378 3236 ἐδηλοῦτο
3428 3167 3460 3236 ἡ
3516 3165 3626 3220 τῶν

2056 3257 2361 3312 ἀποστόλων
2381 3257 2473 3311 τοῦ
2496 3259 2744 3328 Σωτῆρος
2772 3257 2925 3328 ήμῶν
2955 3257 3210 3321 σύστασις
3235 3275 3250 3324 ;
3285 3251 3443 3310 Οὗτοι
3467 3257 3623 3325 γοῦν,

2057 3348 2418 3412 ἀνασωθέντες
2465 3351 2530 3402 ἐκ
2587 3349 2688 3418 τῆς
2745 3347 3016 3410 ἀπωλείας
3061 3347 3152 3401 τοῦ
3201 3349 3399 3412 παντὸς
3445 3349 3626 3403 αὐτῶν

2055 3441 2257 3505 ἔθνους,
2294 3443 2386 3496 καὶ
2417 3443 2474 3494 ὲν
2509 3441 2584 3512 τῷ
2635 3442 3051 3513 διασκορπισμῴ
3099 3443 3296 3506 αὐτῶν,
3347 3442 3624 3514 ἐμνήσθη-

2058 3549 2155 3586 σαν
2186 3531 2279 3585 τοῦ
2317 3532 2472 3596 Θεοῦ,
2503 3533 2577 3590 ὡς
2603 3530 2977 3602 ὁμολογεῖσθαι
3011 3533 3139 3602 περὶ
3163 3533 3336 3586 αὐτῶν
3370 3531 3634 3604 είρίῖῑσθαι⁵

2056 3623 2121 3676 τά
2153 3622 2636 3694 ἀναγεγραμμένα.

2496 3737 2619 3790 ΝΖ’.
2669 3735 2799 3792 Ἄπι)
2829 3735 2934 3790 τοῦ
2971 3737 3178 3791 αὑτοῦ.

2130 3848 2148 3881 r
2188 3831 2325 3884 Τάδε
2352 3829 2497 3897 λέγει
2543 3830 2763 3890 Ἀδωναῒ
2793 3829 3011 3902 Κύριος·
3049 3833 3130 3885 ὅτι
3176 3829 3492 3901 Ἀπώσομαι
3525 3831 3634 3890 ai».

2053 3922 2178 3984 τοὺς
2206 3923 2286 3985 είς
2315 3920 2389 3974 τὰ
2422 3921 2570 3994 ἔθνη,
2601 3923 2695 3975 καὶ¹
2733 3923 3068 3994 διασκορπιῶ
3099 3924 3294 3985 αὐτοὺς
3334 3923 3414 3986 είς
3437 3923 3626 3978 πάντα

2054 4012 2121 4066 τὰ
2159 4012 2306 4085 ἔθνη,
2336 3992 2793 4082 καίδώσκορπιῶ
2821 3992 3016 4078 αὐτοὺς
3049 4017 3128 4078 είς
3156 4017 3333 4068 πᾶσαν
3370 4015 3466 4086 τὴν
3494 4015 3620 4084 γῆνν

2055 4107 2148 4169 καὶ
2169 4105 2358 4177 ἔσομαι
2385 4107 2564 4170 αὐτοῖς
2584 4108 2662 4171 είς
2687 4108 2932 4178 ἀγίασμα
2955 4108 3147 4180 μικρὸν
3167 4109 3223 4161 ὲν
3253 4111 3369 4172 ταῖς
3390 4106 3619 4181 χώραις,

2054 4191 2112 4250 οὗ
2147 4196 2211 4248 ἃν
2257 4196 2568 4250 είσέλθωσιν
2596 4199 2731 4250 ἐκεῖ.
2763 4217 2782 4250 ι
2835 4200 2944 4251 Καὶ
2969 4199 3201 4252 ἐνταῦθα
3247 4199 3450 4271 ἑτέρως
3488 4198 3617 4261 τοὺς

2054 4290 2245 4352 αὐτοὺς
2273 4289 2560 4360 κέκληκεν,
2601 4308 2620 4340 ι
2652 4290 2894 4360 ἀγίασμα
2931 4291 3124 4362 μικρὸν
3157 4311 3176 4342 ι
3212 4291 3379 4344 εἰπὼν
3399 4292 3526 4356 τοὺς
3561 4291 3622 4360 ἐξ

389 4389 456 4443 ex
487 4375 595 4431 illis
641 4378 965 4447 superstites
994 4380 1236 4433 mansuri
1269 4381 1380 4434 sint
1417 4389 1471 4435 et
1500 4379 1800 4435 incolumes
1824 4381 1894 4436 ⁸⁸.
1924 4399 1943 4432 ι

2061 4378 2230 4432 αὐτῶν
2257 4378 2769 4450 ἀνασωθησομένους
2798 4382 2892 4434 καὶ
2914 4381 3492 4454 ὑπολειφθησομένους.

904 4489 1081 4544 LVIII.
1123 4492 1200 4547 Ab
1232 4493 1431 4548 eodem.

328 4578 338 4592 ’
427 4583 480 4628 ἰ
509 4575 575 4629 Et
621 4589 811 4632 omnes
865 4581 1223 4650 suscipientes
1269 4599 1363 4638 eos
1390 4582 1499 4654 85
1539 4582 1840 4655 dispergam
1893 4585 1950 4640 in

385 4685 602 4732 omnem
640 4678 896 4730 ventum:
925 4683 979 4728 et
1017 4674 1253 4744 gladium
1298 4675 1567 4730 eﬂ‘undam
1600 4693 1629 4732 a
1664 4688 1812 4746 tergo
1850 4693 1946 4732 eo-

386 4775 528 4824 rum,
578 4767 633 4816 et
674 4772 1008 4832 cognoscent
1039 4765 1185 4834 quod
1232 4781 1332 4836 ego
1365 4765 1648 4830 Dominus,
1692 4767 1820 4822 dum
1852 4768 1947 4821 di-

384 4865 633 4923 spergam
678 4867 774 4908 eos
813 4854 957 4908 inter
996 4865 1205 4926 gentes,
1257 4865 1311 4912 et
1351 4857 1719 4914 disseminabo
1758 4875 1853 4916 eos
1887 4861 1943 4914 in

385 4943 703 5013 regionibus
731 4966 744 5001 :
776 4955 830 5002 et
870 4948 1172 5018 relinquam
1227 4964 1289 5004 ex
1333 4951 1412 5006 eis
1445 4953 1596 5007 viros
1629 4951 1683 5005 in
1715 4967 1943 5008 numero

376 5046 448 5086 ex
492 5033 692 5104 gladio,
733 5046 787 5091 et
830 5053 896 5094 ex
943 5038 1104 5102 fame,
1148 5046 1202 5094 et
1244 5055 1311 5095 ex
1356 5049 1530 5096 morte
1558 5062 1572 5094 :
1600 5051 1656 5098 ut
1690 5053 1942 5099 enarrem

381 5135 571 5179 omnes
603 5125 920 5196 iniquitates
955 5144 1082 5185 suas
1112 5129 1168 5183 in
1197 5131 1470 5200 gentibus,
1503 5147 1830 5203 quocunque
1860 5136 1942 5190 in-

380 5212 556 5280 grcssi
585 5213 786 5270 fuerint
817 5217 949 5272 illuc
984 5237 997 5273 :
1028 5227 1082 5274 et
1107 5228 1437 5290 cognoscent
1456 5221 1599 5292 quod
1631 5237 1732 5292 ego
1761 5221 1944 5277 Domi-

387 5317 489 5358 nus
516 5303 581 5359 ⁸⁸.
615 5325 635 5358 ι
685 5307 742 5363 In
793 5315 966 5367 totius
1001 5313 1181 5382 pepuli
1231 5313 1603 5384 dispersione,
1646 5316 1810 5370 etiam
1853 5317 1942 5370 hic

385 5391 487 5446 ιίὺί
523 5393 625 5464 ipsi
663 5399 982 5456 relicturum
1030 5403 1114 5457 ait
1133 5418 1339 5474 paucos
1383 5419 1632 5468 numero,
1667 5421 1772 5458 non
1806 5406 1941 5460 alios

382 5486 569 5554 utique
597 5488 931 5557 signiﬁcans,
969 5510 1132 5565 quam
1170 5511 1287 5560 eos,
1323 5498 1413 5567 qui
1441 5497 1680 5568 praedicti
1717 5506 1864 5553 sunt.

2491 4493 2621 4545 NH’.
2671 4494 2803 4546 Ἀπὸ
2831 4494 2937 4547 τοῦ
2966 4495 3170 4548 αὑτοῦ.

2127 4604 2145 4635 r
2185 4583 2294 4637 Καὶ
2327 4583 2532 4646 πάντας
2559 4583 2683 4646 τοὺς
2704 4584 3266 4655 ἀντιλαμϐανομένους
3298 4587 3476 4640 αὐτῶν
3499 4586 3619 4642 δια-

2052 4673 2344 4747 σπερῶἐίς
2374 4674 2550 4727 πάντα
2577 4676 2794 4744 ἄνεμον,
2823 4676 2917 4728 καὶ
2942 4677 3215 4746 ῥομφαίαν
3241 4677 3418 4748 ἐκχεῶ
3445 4679 3620 4732 ὀπίσω

2051 4767 2248 4828 αὐτῶν,
2273 4767 2366 4820 καὶ
2386 4765 2793 4833 ὲπιγνώσονται,
2820 4767 2901 4820 ὃτι
2923 4767 3033 4835 ἐγὼ
3059 4767 3280 4840 Κύριος,
3313 4771 3372 4822 ὲν
3401 4769 3479 4840 τῷ
3510 4769 3618 4824 δια-

2054 4857 2343 4928 σκορπίσαι
2376 4874 2444 4926 με
2468 4859 2524 4909 ὲν
2555 4859 2662 4919 τοῖς
2689 4856 2883 4918 ἔθνεσι,
2917 4859 3008 4911 καὶ
3034 4858 3308 4930 διασπερῶ
3339 4861 3535 4924 αὐτοὺς
3559 4861 3618 4913 ἐν

2052 4953 2169 5012 ταῖς
2211 4949 2432 5020 χώραις·
2477 4950 2568 5002 καὶ
2597 4949 2950 5020 ὑπολείψομαι
3000 4949 3060 5015 ἐξ
3101 4951 3278 5003 αὐτῶν
3316 4951 3515 5024 ἄνδρας
3559 4954 3616 5004 ὲν

2051 5040 2268 5114 ἀριθμῷ
2294 5043 2357 5094 ἐκ
2387 5040 2677 5111 ῥομφαίας,
2715 5042 2808 5093 καὶ
2837 5044 2900 5094 ὲκ
2938 5041 3118 5112 λιμοῦ,
3147 5044 3240 5096 καὶ
3266 5044 3330 5096 ὲκ
3363 5043 3611 5105 θανάτου.

2051 5134 2196 5195 ὅπως
2234 5132 2660 5202 ὲκδιηγήσωνται
2701 5133 2876 5196 πάσας
2917 5133 3016 5196 τὰς
3061 5134 3289 5204 ἀνομίας
3340 5135 3518 5190 αὐτῶν
3555 5137 3614 5188 ὲν

2049 5230 2158 5289 τοῖς
2191 5225 2419 5287 ἔθνεσιν,
2469 5217 2530 5278 οὗ
2577 5224 2645 5278 ἂν
2683 5224 2993 5278 εἰσέλθωσιν
3023 5227 3153 5280 ἐκεῖ·
3198 5229 3289 5280 καὶ
3319 5226 3615 5297 γνώσονται

2047 5319 2126 5370 ὃτι
2182 5315 2292 5384 ἐγὼ
2337 5316 2559 5388 Κύριος.
2604 5335 2622 5366 ι
2685 5317 2805 5369 Ἐπὶ
2843 5321 2908 5389 τῇ
2952 5317 3044 5371 τοῦ
3089 5320 3286 5382 παντὸς
3339 5320 3469 5374 λαοῦ
3500 5321 3615 5375 δια-

2050 5409 2226 5479 σπορᾷ
2260 5408 2355 5460 καὶ
2391 5407 2486 5459 νῦν
2526 5407 2909 5476 ὑπολείψεσθαι
2944 5409 3120 5480 ἐαυτῷ
3152 5411 3364 5478 ὀλίγους
3392 5409 3610 5482 ἀριθμῷ

2051 5515 2234 5568 φησιν,
2270 5498 2375 5550 οὐδ’
2399 5498 2463 5570 [Γ.
2485 5499 2608 5570 οὐκ]
2644 5498 2834 5563 ἄλλους
2849 5500 3021 5571 δηλῶν
3043 5501 3148 5556 τῶν
3177 5502 3608 5574 προειρημένων.

449 5639 492 5670 υ
518 5636 627 5718 ξεττ
660 5657 710 5709 δ’»
742 5640 891 5698 5'“)-
969 5645 1012 5676 "
1043 5645 1234 5705 Elecb.
1274 5667 1345 5717 vr,
1377 5650 1489 5710 7-9.
1569 5654 1613 5687 ⁸³
1640 5651 1838 5711 Ezech.
1871 5669 1946 5718 ιι,

2138 5655 2182 5686 ⁸⁸
2213 5653 2408 5710 Ezezh.
2436 5669 2535 5716 xu,
2567 5654 2755 5712 μ-ιθ.
