3930 6202
274 265 381 324 161

728 387 848 440 ΝΘ.
887 388 1017 441 Ἀπὸ
1070 386 1172 439 τοῦ
1207 390 1410 442 αὑτοῦ.

350 501 367 532 ι
408 480 545 533 Τάδε
581 480 729 549 λέγει
797 479 1015 533 Ἀδωναῒ
1058 480 1293 551 Κύριος·
1360 481 1484 533 Ἐὰν
1523 481 1578 534 δὲ
1623 481 1716 535 καὶ
1761 481 1857 543 τὰς

287 576 562 644 τέσσαρας
617 573 923 643 ὲκδικὴσεις
974 588 1073 643 μου
1118 572 1215 634 τὰς
1249 572 1509 646 πονηρὰς,
1557 572 1853 643 ῥομφαίαν,

267 667 366 721 καὶ
397 665 576 736 λιμὸν,
640 667 733 718 καὶ
774 664 938 737 θηρία
977 665 1211 736 πονηρὰ,
1252 665 1344 717 καὶ
1381 665 1609 719 θάνατον
1658 664 1855 731 ἐξαπο-

272 758 448 812 στελῶ
495 758 587 811 ἐπὶ
640 755 1014 828 Ἰερουσαλὴμ,
1063 755 1157 810 τοῦ
1190 756 1561 827 ὲξολοθρεῦσαι
1602 755 1660 820 ἐξ
1689 756 1857 827 αὐτῆς

269 851 563 922 ἄνθρωπον
625 848 720 902 καὶ
765 850 979 919 κτῆνος,
1030 850 1123 902 καὶ
1160 849 1267 903 ἰδοὺ
1312 848 1757 919 ὑπολελειμμένοι
1799 852 1857 904 ὲν

269 944 437 1014 αὐτῇ,
472 945 519 995 οἱ
550 941 970 1011 ἁνασεσωμένοι.
1019 960 1036 992 ι
1078 940 1245 994 Οὐδὲν
1294 939 1360 994 ἂν
1407 942 1502 994 καὶ
1542 940 1715 994 ταῦτα
1742 941 1857 996 δια-

268 1034 431 1106 φέροι
464 1033 571 1086 τῶν
612 1049 839 1103 προειρη
848 1031 1044 1102 μένων.

745 1123 820 1178 Ξ’.
865 1125 995 1177 Ἀπὸ
1036 1124 1143 1179 τοῦ
1174 1124 1383 1178 αὐτοῦ.

344 1238 361 1271 ι
397 1218 582 1281 Οῦτως
646 1217 816 1289 κρινῶ
853 1216 1019 1287 ὑμᾶς,
1084 1216 1234 1284 λέγει
1278 1216 1501 1287 Κύριος,
1550 1205 1663 1269 και
1691 1214 1856 1281 διάξω

267 1312 417 1383 ὑμᾶς
447 1310 552 1363 ὑπὸ
573 1309 669 1380 τὴν
720 1309 913 1381 ῥάϐδον
951 1327 1076 1381 μου,
1107 1310 1200 1362 καὶ
1249 1309 1448 1375 εἰσάξω
1481 1309 1625 1379 ὑμᾶς
1655 1309 1712 1361 ὲν
1737 1308 1856 1378 ἀρι-

267 1403 400 1475 θμῷ
446 1404 543 1473 τῆς
584 1402 858 1473 Διαθήκης
906 1420 1029 1473 μου,
1075 1405 1169 1457 καὶ
1217 1402 1420 1469 ἐκλέξω
1452 1402 1511 1467 ἐξ
1550 1402 1701 1474 ὑμῶν
1728 1404 1855 1467 τοὺς

263 1496 648 1565 ἀφεστηκότας
672 1495 764 1547 καὶ
787 1495 910 1556 τοὺς
934 1494 1150 1559 ἀσεϐεῖς
1168 1512 1181 1525 ο
1205 1495 1336 1548 διότι
1360 1497 1422 1547 ὲκ
1438 1495 1538 1565 τῆς
1568 1496 1854 1567 παροικίας

268 1589 456 1643 αὐτῶν
500 1588 672 1655 ἐξάξω
722 1588 937 1652 αὐτοὺς,
988 1590 1082 1642 καὶ
1132 1591 1210 1651 εἰς
1240 1589 1335 1661 τὴν
1374 1590 1476 1661 γῆν
1509 1588 1599 1643 τοῦ
1643 1590 1855 1663 Ἰσραὴλ

265 1683 369 1735 οῦκ
422 1681 837 1734 εἰσελεύσονται.
877 1701 893 1731 ι
943 1681 1135 1749 Σαφῶς
1174 1682 1267 1735 καὶ
1297 1683 1353 1735 ὲν
1387 1680 1596 1747 τούτοις
1638 1682 1854 1754 ἀριθμῷ

1188 261 1843 320 ῺΕΜΟΝΞΤΒΛΤΙΟΧΙΞ
1882 263 2344 322 EVANGELICE
2383 266 2509 323 LIB.
2552 268 2615 328 11.

3435 277 3531 337 ιω

2504 391 2638 447 LIX.
2684 392 2760 445 Ab
2810 392 3006 448 eodem.

2035 498 2054 532 ι
2098 480 2221 537 llaec
2279 482 2415 538 dicit
2464 484 2673 539 Adonai
2734 470 2996 542 Dominus
3033 505 3045 541 :
3076 485 3229 554 Quod
3278 491 3321 544 si
3370 490 3533 547 etiam

1958 582 2193 642 quatuor
2211 572 2443 629 ultiones
2461 589 2611 630 meas
2642 575 2831 640 malas,
2865 577 3123 646 gladium,
3155 585 3209 634 et
3242 578 3457 647 famem,
3480 593 3535 638 ct

1958 662 2163 718 bestias
2194 664 2387 730 malas,
2423 672 2477 719 et
2517 674 2748 720 mortem
2798 668 3033 723 emisero
3082 684 3243 738 super
3276 668 3533 728 Hierusa-

1958 755 2086 819 lem,
2121 757 2187 811 ad
2219 758 2551 826 perdendum
2594 774 2656 813 ex
2699 775 2760 814 ea
2790 760 3066 815 hominem
3109 768 3161 816 et
3199 762 3527 831 jutnentum,

1956 857 2009 904 ct
2036 864 2165 904 ecce
2192 850 2282 919 qui
2317 849 2488 905 relicti
2526 849 2728 905 fuerint
2763 853 2817 905 in
2847 867 2931 915 ea,
2964 852 3056 922 qui
3088 854 3398 908 conservati
3427 853 3472 887 ⁸⁷
3507 875 3526 910 ι

1957 950 2009 996 et
2047 949 2262 997 caetera.
2300 942 2426 997 Haec
2455 958 2674 1013 quoque
2696 944 2830 997 nihil
2865 945 3023 1014 plane
3047 945 3115 999 ab
3148 945 3213 1000 iis
3242 958 3361 1016 qua:
3395 961 3533 1019 pra:-

1956 1034 2103 1088 dicta
2125 1042 2275 1098 sunt,
2307 1033 2585 1089 diﬂerunt.

2508 1125 2620 1180 LX.
2667 1126 2743 1179 Ab
2783 1127 2983 1182 eodem.

2031 1236 2049 1270 ι
2098 1217 2190 1273 Sic
2221 1218 2481 1288 judicabo
2517 1234 2633 1284 vos,
2665 1220 2800 1274 dicit
2831 1217 3095 1275 Dominus
3142 1239 3155 1275 :
3189 1228 3243 1275 et
3267 1219 3531 1277 deducam

1954 1327 2053 1367 vos
2078 1312 2180 1367 sub
2214 1312 2420 1382 virgam
2452 1327 2624 1365 ineant
2664 1328 2677 1365 :
2713 1320 2766 1367 et
2800 1312 3062 1367 adducam
3099 1329 3196 1368 vos
3228 1315 3280 1367 in
3308 1330 3536 1373 numeto

1956 1404 2292 1459 Testamenti
2326 1403 2429 1457 mei
2481 1422 2495 1459 :
2534 1402 2597 1457 Et
2643 1404 2836 1474 eligam
2893 1420 2961 1458 ex
3008 1404 3161 1460 vobis
3214 1406 3444 1465 rebelles
3478 1417 3536 1464 et

1957 1496 2177 1566 impios.
2209 1497 2468 1566 quoniam
2497 1512 2563 1552 ex
2596 1494 3035 1568 peregrinatione
3065 1513 3254 1553 eorum
3301 1498 3530 1558 educam

1954 1605 2069 1655 eos,
2099 1597 2152 1643 et
2197 1589 2251 1643 in
2298 1597 2498 1645 terram
2542 1588 2706 1645 Israel
2745 1604 2853 1643 non
2902 1589 3277 1660 ingredientur
3313 1587 3378 1649 “.
3420 1612 3439 1647 ι
3471 1590 3533 1650 In

1955 1681 2040 1735 his
2073 1696 2289 1751 quoque
2318 1680 2622 1752 perspicue,
2676 1681 2902 1752 exiguos
2931 1697 3159 1737 numero
3193 1684 3295 1738 sub
3328 1686 3531 1757 virgam

268 1775 494 1845 βραχεῖς
520 1772 624 1825 ὖπῦ
642 1774 737 1843 τὴν
772 1773 965 1844 ῥάϐδον
996 1772 1086 1825 τοῦ
1117 1774 1251 1826 Θεοῦ
1284 1775 1734 1845 γενήσεσθαι,ὲπι
1777 1775 1849 1845 τῷ

1960 1772 2051 1828 Dei
2080 1746 2339 1829 venturos
2374 1746 2626 1838 aﬂirmat,
2650 1746 2792 1828 duni
2816 1774 3011 1844 reliqui
3043 1790 3105 1828 ex
3140 1772 3305 1831 Israel
3340 1791 3369 1830 a
3403 1746 3532 1848 pro-

266 1870 394 1930 τοῦς
450 1867 672 1929 λοιποὺς
704 1866 796 1919 τοῦ
845 1865 1059 1937 Ἰσραὴλ
1089 1867 1484 1920 ἁποπεσεϊσθαι
1528 1866 1635 1921 τῶν
1681 1868 1853 1936 ἐπαγ-

266 1956 484 2025 γελιῶν,
548 1955 902 2030 μαρτύρεται.
952 1956 1109 2008 Ἀλλὰ
1164 1957 1268 2028 γὰρ
1318 1956 1732 2021 ἁποδείξας,ὂτι
1775 1958 1851 2030 μὴ

266 2052 339 2113 ὡς
384 2050 574 2119 ἔτυχεν
626 2049 952 2121 ἀδιακρίτως
1022 2050 1185 2102 πᾶσιν
1229 2048 1415 2111 ἁπλῶς
1460 2051 1572 2112 τοῖς
1608 2048 1716 2101 ἀπὸ
1757 2049 1850 2103 τοῦ

278 2141 551 2195 Ἰουδαίων
579 2140 760 2204 ἔθνους
794 2139 1015 2210 φαύλοις
1044 2158 1100 2193 τε
1134 2140 1227 2193 καὶ
1251 2139 1492 2202 ἀσεϐέσι,
1529 2139 1623 2193 καὶ
1647 2142 1757 2203 τοῖς
1778 2139 1850 2211 μὴ

266 2233 529 2296 τοιούτοις
561 2233 657 2297 τὰς
683 2234 790 2285 τῶν
842 2232 1061 2303 ἀγαθῶν
1094 2232 1426 2300 ἐπαγγελίας
1459 2232 1508 2284 οἱ
1542 2231 1674 2285 θεῖοι
1706 2231 1850 2301 λόγοι

266 2325 683 2400 προεθέσπιζον,
703 2327 944 2389 σπανίοις
974 2325 1028 2377 δὲ
1052 2324 1233 2377 αὐτῶν
1251 2326 1343 2377 καὶ
1370 2322 1586 2395 ἀριθμῷ
1605 2323 1848 2394 ληπτοίς,

264 2423 386 2493 ἢτοι
411 2424 523 2485 τοῖς
546 2422 622 2484 εἰς
646 2420 734 2472 τὸν
763 2418 992 2491 Σωτῆρα
1031 2422 1125 2472 καὶ
1166 2416 1369 2490 Κύριον
1404 2418 1559 2489 ἡμῶν
1583 2418 1643 2483 ἐξ
1674 2418 1852 2472 αὐτῶν

264 2514 710 2577 πεπιστευκόσιν,
747 2514 780 2584 ἢ
837 2516 947 2578 τοῖς
978 2515 1083 2585 πρὸ
1110 2514 1206 2584 τῆς
1246 2512 1546 2584 παρουσίας
1575 2512 1741 2567 αὐτοῦ
1774 2513 1852 2566 δε-

263 2609 666 2681 δικαιωμένοις,
720 2608 1008 2679 αὐτάρκως
1059 2608 1295 2679 ἡγοῦμαι
1339 2606 1727 2677 δεδηλωκέναι,
1769 2607 1850 2661 ὅτι

270 2701 347 2773 μὴ
372 2701 700 2772 ἀδιακρίτως
746 2703 824 2763 είς
857 2701 1099 2763 ἅπαντας
1146 2700 1434 2763 Ἰουδαίους
1456 2698 1525 2753 τὰ
1560 2700 1669 2754 τῶν
1692 2699 1851 2754 θείων

265 2793 609 2862 ἐπαγγελιῶν
679 2792 1000 2864 ἐπληροῦτο,
1038 2793 1132 2846 καὶ
1183 2792 1266 2845 ὃτι
1304 2793 1377 2864 μὴ
1408 2791 1606 2863 μᾶλλον
1646 2793 1849 2858 αὐτοῖς,

263 2886 298 2957 ἦ
339 2891 450 2950 τοῖς
470 2887 526 2953 ἐξ
552 2886 722 2940 ἐθνῶν
740 2887 831 2939 τὸν
852 2885 1084 2957 Χριστὸν
1111 2886 1203 2938 τοῦ
1228 2885 1362 2939 Θεοῦ
1388 2885 1851 2957 παραδεξαμένοις

260 2980 335 3033 τὰ
362 2979 469 3034 τῶν
496 2979 790 3051 προφητῶν
811 2980 1143 3050 ὲφαρμόττει
1170 2979 1346 3048 λόγια.
1381 2979 1475 3043 Τίς
1503 2979 1559 3032 δὲ
1591 2976 1659 3051 ἦν
1689 2979 1849 3051 ἡτῶν

1955 1866 2139 1922 missis
2169 1867 2385 1923 cadent.
2418 1867 2486 1920 At
2515 1866 2662 1921 enim
2694 1878 2818 1921 cmn
2848 1868 3283 1923 demonstratum
3310 1884 3337 1923 a
3373 1872 3534 1926 nobis

1955 1959 2025 2013 sit
2053 1974 2161 2013 non
2192 1958 2437 2024 fortuito,
2468 1975 2646 2030 neque
2696 1958 2991 2015 indiscrete
3042 1961 3298 2017 omnibus
3327 1962 3533 2033 simpli-

1953 2048 2088 2102 citer
2119 2047 2359 2103 Iudaica:
2388 2050 2566 2120 gentis
2595 2064 2721 2103 cum
2755 2049 2965 2104 vitiosis
2996 2059 3158 2120 atque
3186 2049 3390 2120 impiis,
3419 2061 3531 2106 tum

1953 2140 2116 2195 etiam
2169 2140 2238 2196 iis
2295 2140 2389 2211 qui
2427 2142 2565 2197 tales
2614 2157 2722 2194 non
2759 2141 2891 2204 sint,
2923 2145 3147 2198 oracula
3174 2143 3378 2209 divina,
3412 2145 3535 2200 illas

1951 2230 2217 2285 bonorum
2250 2232 2640 2303 promissiones
2670 2232 2960 2296 cecinisse,
2999 2234 3091 2289 sed
3122 2236 3313 2304 paucis
3342 2250 3532 2291 eorum

1952 2322 2218 2378 duntaxat
2248 2330 2301 2379 et
2344 2323 2504 2379 facile
2533 2326 2986 2390 timuerabilibus,
3020 2326 3088 2382 iis
3119 2326 3393 2391 videlicet,
3439 2327 3532 2398 qui

1954 2415 2007 2469 in
2041 2415 2384 2471 Salvatorem
2432 2425 2486 2471 et
2538 2415 2829 2471 Dominum
2880 2425 3126 2472 nostrum
3180 2418 3533 2483 crediderint,

1952 2515 2048 2563 aut
2096 2509 2164 2565 iis
2203 2509 2297 2580 qui
2344 2518 2470 2565 ante
2516 2509 2636 2580 ejus
2671 2510 2962 2567 adventum
3003 2512 3137 2582 justi
3169 2513 3349 2571 ell‘ecti
3400 2515 3530 2573 sint.

1951 2602 2182 2658 Abunde
2232 2617 2334 2658 nos
2386 2603 2624 2657 arbitror
2674 2603 3007 2672 declarasse,
3065 2606 3530 2676 quemadmodum

1950 2708 2016 2750 ea
2060 2711 2182 2765 quae
2228 2695 2296 2750 ad
2325 2694 2601 2766 promissa
2633 2695 2819 2750 divina
2855 2698 3151 2768 pertinent,
3186 2714 3292 2755 non
3319 2692 3534 2758 indiﬂe~

1952 2795 2135 2843 renter
2150 2788 2204 2842 in
2218 2788 2471 2842 omnibus
2486 2785 2709 2853 Iudaeis,
2729 2786 2889 2843 ﬁnem
2922 2791 3259 2861 acceperint:
3280 2800 3333 2847 et
3352 2809 3534 2865 quem-

1951 2878 2246 2933 admodum
2279 2894 2387 2933 non
2432 2878 2569 2949 ipsis
2617 2880 2811 2948 magis,
2844 2895 3005 2949 quam
3058 2880 3125 2934 iis
3169 2882 3260 2952 qui
3290 2881 3359 2937 de
3403 2899 3535 2955 gen-

1952 2970 2100 3026 tibus
2130 2979 2507 3037 assumuntur,
2544 2972 2635 3025 ubi
2676 2970 2958 3027 Christum
3006 2971 3098 3028 Dei
3148 2986 3529 3047 susceperunt,

263 3070 431 3125 θείων
467 3072 805 3141 ἐπαγγελιῶν
838 3072 1065 3132 διάνοια,
1100 3070 1242 3125 κατὰ
1280 3071 1472 3143 καιρὸν
1536 3071 1629 3127 τὸν
1676 3089 1848 3145 προσ-

1955 3065 2341 3135 prophetarum
2382 3080 2645 3138 responsa
2693 3065 3041 3121 conveniant.
3078 3067 3251 3122 Porro
3280 3084 3529 3139 quaenam

269 3167 481 3234 ήκοντα
530 3167 875 3236 παραστήσω.
935 3164 1120 3217 Ταῦτα
1150 3164 1206 3217 δὲ
1264 3164 1337 3227 ῶς
1398 3164 1710 3233 ἀναγκαίως
1760 3183 1850 3236 μοι

269 3257 613 3310 συνείλεκται
643 3258 715 3322 εἰς
752 3258 971 3327 ἔλεγχον
1015 3256 1121 3308 τῶν
1148 3257 1210 3307 ἐκ
1250 3256 1571 3327 περιτομῆς,
1600 3256 1691 3309 ὑπ’
1730 3256 1853 3309 ἀλό-

268 3366 376 3420 γου
410 3350 767 3420 μεγαλαυχίας
830 3348 1009 3421 μόνοις
1056 3350 1237 3412 αὐτοῖς
1272 3349 1360 3402 τὸν
1391 3346 1620 3420 Χριστὸν
1667 3349 1852 3420 ἐπιδη-

268 3445 489 3514 μήσειν,
524 3443 638 3513 οὐχὶ
656 3443 709 3494 δὲ
737 3442 829 3495 καὶ
875 3444 1040 3496 πᾶσιν
1085 3441 1390 3513 ἀνθρώποις
1423 3440 1849 3513 ὲπαυθαδιζομέ-

264 3552 397 3599 νων,
433 3534 509 3598 εἷς
536 3552 590 3587 τε
618 3534 892 3601 ἀπόδειξιν
930 3533 1029 3604 τῆς
1062 3534 1218 3605 ἡμῶν
1244 3533 1421 3587 αὐτῶν
1456 3531 1583 3604 περὶ
1612 3532 1680 3586 τὰ
1708 3533 1848 3586 ὲκείο

264 3642 375 3679 νων
410 3626 561 3694 λόγια
615 3627 836 3695 εὐλόγου
873 3628 1125 3696 σπουδῆς.
1161 3627 1394 3699 Συνέστη
1424 3627 1597 3700 sepe;
1636 3626 1722 3681 διὰ
1754 3625 1847 3680 τοῦ

266 3719 379 3791 πρὸ
405 3719 591 3771 τούτου
618 3720 1045 3790 συγγράμματος
1075 3721 1166 3772 καὶ
1201 3720 1258 3771 τὸ
1289 3720 1460 3772 αἴτιον
1480 3720 1573 3773 τοῦ
1604 3721 1677 3791 μὴ
1722 3720 1849 3772 Ἰου-

264 3812 467 3876 δαῖζειν
502 3814 670 3882 ἡμᾶς,
707 3814 800 3864 καὶ
842 3812 1010 3864 ταῦτα
1033 3816 1153 3875 ταῖς
1186 3813 1363 3866 αὐτῶν
1399 3813 1688 3882 χαίροντας
1719 3828 1850 3883 προ-

267 3908 521 3975 ςςῃτικαῖς
556 3904 818 3974 Γραιραίς.
875 3905 1033 3956 Ἀλλὰ
1090 3906 1183 3958 καὶ
1204 3903 1385 3967 ὁποῖος
1434 3909 1461 3958 ο
1488 3905 1601 3975 βίος
1648 3904 1850 3974 τυγχά-

266 4013 364 4056 νει,
401 3998 429 4047 ὁ
453 3995 541 4048 διὰ
572 3995 665 4047 τοῦ
712 3994 947 4066 Χριστοῦ
986 3997 1121 4047 πᾶσι
1150 3998 1261 4058 τοῖς
1294 3994 1470 4048 ἔθνεσι
1500 3994 1850 4066 κεκηρυγμέ-

265 4106 374 4151 νος,
406 4088 440 4157 ἧ
470 4105 529 4140 τε
596 4088 889 4157 ἀρχαιότης
936 4087 1029 4139 τοῦ
1088 4089 1290 4159 τρόπου
1341 4089 1436 4158 τῆς
1487 4087 1847 4157 εὐαγγελικῆς

264 4180 564 4243 πολιτείας,
598 4180 673 4242 ὡς
726 4175 837 4232 οἷόν
879 4196 937 4233 τε
968 4175 1055 4250 ἦν,
1087 4181 1145 4232 ὲν
1181 4180 1329 4251 αὐτῴ
1364 4180 1668 4251 διελήλυθα.
1715 4180 1849 4232 Τού-

263 4292 373 4327 των
404 4275 449 4326 δ’
478 4276 610 4344 ἡμῖν
640 4273 1049 4343 προηνυμένων,
1080 4274 1180 4343 ἤδη
1218 4273 1343 4328 ποτὲ
1383 4272 1572 4344 καιρὸς
1605 4275 1848 4344 ἀπορρη-

260 4366 500 4436 τοτέρων
526 4364 762 4432 ἅψασθαι
787 4364 980 4432 λόγων,
1008 4364 1115 4417 τῶν
1146 4366 1273 4434 περὶ
1301 4364 1398 4433 τῆς
1426 4363 1565 4416 κατὰ
1601 4364 1692 4416 τὸν
1727 4364 1844 4415 Σω-

1957 3156 2120 3211 fuerit
2148 3156 2457 3212 divinorum
2501 3160 2893 3229 promissorum
2947 3158 3060 3229 86
3112 3161 3405 3225 sententia,
3439 3162 3531 3217 ubi

1957 3258 2173 3320 tempus
2216 3250 2318 3305 crit
2342 3251 2650 3306 ostendam.
2670 3246 2796 3306 "me
2815 3259 2995 3304 autem
3019 3265 3187 3320 prope
3217 3255 3531 3308 necessario

1954 3355 1984 3394 a
2008 3354 2092 3393 me
2111 3339 2335 3395 collecta
2362 3348 2580 3408 sunt,ut
2600 3342 2920 3413 redarguam
2951 3356 3046 3397 eos
3076 3342 3166 3412 qui
3201 3339 3268 3395 ad
3297 3339 3532 3397 circum-

1954 3429 2216 3485 cisionem
2258 3431 2550 3500 pertinent,
2583 3431 2818 3501 quadam
2852 3430 3001 3484 inani
3039 3430 3303 3500 jactantia
3332 3431 3527 3498 elatos,

1952 3530 2005 3577 et
2040 3522 2107 3576 ad
2156 3538 2215 3578 se
2258 3524 2405 3577 solos
2433 3523 2737 3588 Christum,
2783 3537 2893 3578 non
2924 3522 2992 3578 ad
3038 3538 3230 3579 omnes
3279 3522 3529 3579 homines

1950 3624 2241 3671 venturum
2267 3615 2618 3686 pertinaciter
2644 3617 2964 3687 gloriantes,
2998 3631 3098 3670 nec
3129 3632 3237 3670 non
3271 3622 3330 3671 ut
3350 3622 3509 3672 osten

1951 3708 2074 3764 dam
2125 3724 2319 3780 magna
2365 3723 2490 3762 cum
2534 3708 2748 3763 ratione
2795 3723 2919 3764 esse
2953 3707 3196 3763 studium
3252 3716 3505 3764 nostrum

1950 3816 2073 3855 cum
2108 3801 2276 3854 libros
2311 3800 2528 3854 illorum
2559 3809 2612 3855 et
2649 3799 2868 3853 oracula
2897 3799 3165 3853 versando
3207 3807 3525 3853 tractamus.

1950 3891 2261 3948 Constituta
2300 3902 2383 3947 est
2424 3906 2454 3945 a
2487 3905 2573 3945 me
2618 3891 2758 3945 libro
2799 3889 3082 3959 superiore
3123 3904 3307 3955 causa,
3340 3902 3440 3942 cur
3470 3889 3526 3941 in

1950 4001 2160 4041 morem
2198 3983 2485 4038 Judaicum
2515 3998 2624 4037 non
2671 3982 2989 4046 recidimus,
3034 3981 3253 4036 tametsi
3286 3978 3524 4051 prophe-

1950 4077 2074 4133 ticis
2133 4076 2349 4131 illorum
2400 4075 2621 4145 scriptis
2671 4074 2991 4145 gaudemus,
3020 4087 3121 4128 nec
3148 4073 3276 4126 item
3319 4071 3523 4137 minus,

1950 4169 2256 4240 cnjusmodi
2296 4184 2359 4224 ea
2399 4167 2470 4223 sit
2496 4168 2628 4231 vita,
2668 4182 2789 4236 quae
2827 4165 3047 4221 Christo
3073 4174 3319 4231 auctore,
3346 4162 3526 4218 omni-

1952 4262 2052 4315 bus
2094 4260 2346 4331 gentibus
2380 4258 2629 4312 nuntiata
2673 4255 3077 4328 prmdicataque
3122 4253 3214 4316 sit,
3250 4264 3526 4322 quamque

1950 4354 2171 4423 antiqua
2219 4354 2290 4408 sit
2322 4351 2648 4422 evangelica:
2688 4349 2998 4420 reipublicae
3031 4348 3191 4410 ratio,
3243 4346 3299 4400 in
3329 4343 3525 4400 eodem

261 4460 408 4531 τῆρα
440 4459 533 4511 καὶ
558 4456 763 4528 Κύριον
791 4457 948 4529 ἡμῶν
982 4456 1190 4527 Ἰησοῦν
1216 4456 1305 4509 τὸν
1331 4457 1563 4527 Χριστὸν
1584 4455 1677 4509 τοῦ
1706 4455 1841 4508 Θεοῦ

1955 4446 2233 4516 esplanavi
2279 4459 2378 4515 pro
2424 4444 2659 4500 viribus.
2710 4443 3051 4512 Quapropter
3100 4439 3193 4510 qui
3248 4438 3364 4493 haec
3423 4436 3525 4491 ali-

266 4549 538 4621 μυστικῆς
558 4548 887 4617 οἰκονομίας,
923 4549 1016 4601 nl.
1039 4549 1115 4611 ὡς
1140 4547 1204 4601 ἂν
1234 4547 1497 4618 μάθοιμεν
1525 4545 1615 4600 διὰ
1641 4546 1694 4598 τί
1723 4545 1837 4610 νῦν,

398 4640 459 4692 οῦ
503 4640 609 4710 πρὸ
640 4642 848 4705 τούτου,
877 4641 974 4711 τὴν
1003 4643 1082 4704 εἰς
1104 4640 1687 4712 ᾶπανταςάνθρὼπους
1718 4642 1838 4693 ἐπι-

262 4736 491 4803 φάνειαν
530 4735 693 4788 αὑτοῦ
722 4735 1005 4804 πεποίητο,
1035 4736 1127 4788 καὶ
1158 4737 1208 4788 τί
1244 4738 1304 4788 τὸ
1337 4736 1506 4788 αἴτιον
1526 4730 1595 4805 ἦν
1629 4733 1724 4786 τοῦ
1764 4734 1837 4804 μὴ

260 4828 431 4881 πάλαι
486 4828 768 4898 πρότερον,
822 4827 1045 4897 ἔναγχος
1078 4827 1132 4881 δὲ
1178 4830 1269 4880 καὶ
1319 4826 1455 4897 μετὰ
1496 4827 1586 4879 τὸν
1632 4824 1842 4896 μακρὸν

261 4921 456 4981 αἰῶνα,
489 4921 655 4975 ἐθνῶν
670 4921 1019 4992 ἀπάρξασθαι
1048 4921 1208 4974 αὐτὸν
1235 4921 1497 4991 κλήσεως,
1516 4919 1586 4972 τά
1615 4937 1673 4972 τε
1707 4918 1841 4973 ἄλλα

260 5016 364 5067 ὅσα
417 5013 613 5083 δήποτε
655 5012 755 5083 τῆς
808 5012 925 5066 κατ’
977 5013 1134 5066 αὑτὸν
1205 5014 1513 5085 ἀπορρήτου
1566 5010 1842 5079 θεολογίας

260 5110 440 5159 οἰκεῖα
464 5107 750 5176 τυγχάνει·
784 5108 863 5160 ἔτι
903 5107 1005 5179 μὴν
1039 5108 1131 5160 καὶ
1159 5105 1225 5158 τὰ
1267 5105 1392 5176 περὶ
1424 5104 1522 5174 τῆς
1566 5103 1837 5174 ἐνανθρω·

260 5201 483 5269 πήσεως
504 5199 689 5262 αὐτοῦ,
712 5200 746 5254 ἃ
767 5202 861 5253 καὶ
894 5199 1084 5271 πρῶτα
1120 5198 1179 5262 ἐξ
1207 5198 1397 5268 ἐτέρας
1438 5197 1597 5264 λόγου
1642 5196 1836 5267 ἀρχῆς,

258 5295 336 5356 ὡς
363 5293 497 5363 πρὸς
526 5295 650 5357 τοὺς
692 5295 974 5357 ἀπίστους,
999 5291 1135 5356 τέως
1164 5292 1322 5344 αὑτὸν
1362 5290 1555 5361 βοηθὸν
1588 5288 1840 5343 ἐπικαλε-

260 5384 488 5453 σάμενοι
514 5384 603 5437 τὸν
628 5384 721 5438 τοῦ
745 5384 880 5438 Θεοῦ
912 5385 1102 5451 Λόγον,
1132 5382 1262 5454 φέρε
1288 5378 1728 5451 διασκεψώμεθα.

1947 4540 2168 4611 quando
2207 4538 2425 4593 tandem
2466 4536 2823 4599 absolvimus,
2854 4535 2967 4604 jam
3005 4548 3153 4588 nunc
3189 4543 3404 4602 tempus
3437 4545 3527 4585 ar-

1948 4634 2216 4688 bitramur
2256 4647 2402 4696 esse,
2437 4637 2499 4685 ut
2540 4628 2609 4684 de
2645 4629 2859 4683 occulta
2905 4635 2960 4681 et
3005 4624 3236 4696 mystica
3288 4623 3522 4685 ratione,

1947 4742 2069 4797 qua:
2123 4726 2191 4780 ad
2244 4724 2582 4780 Salvatorem
2627 4729 2683 4776 et
2724 4720 3015 4775 Dominum
3055 4707 3305 4773 nostrum
3334 4713 3523 4770 Jesum

1944 4821 2247 4884 Christum,
2271 4818 2363 4889 qui
2397 4815 2649 4872 Christus
2678 4821 2763 4868 est
2791 4813 2907 4876 Dei,
2934 4811 3189 4882 pertinet,
3224 4807 3523 4863 occultiora

1947 4915 2073 4968 item
2121 4911 2369 4983 quardam
2418 4910 2772 4982 attingamus,
2818 4916 2877 4962 ut
2913 4922 3037 4961 cum
3081 4904 3186 4958 hoc
3225 4898 3430 4971 pariter
3458 4898 3525 4951 ilo

1946 5004 2037 5058 Iud
2075 5003 2376 5066 discamus,
2423 5016 2583 5073 quam
2618 5002 2689 5056 ob
2721 5016 2834 5056 rem
2864 5013 3032 5060 nunc,
3062 5006 3116 5050 et
3150 5009 3258 5048 non
3292 4989 3523 5045 antehac

1945 5097 2011 5151 ad
2044 5111 2234 5151 omnes
2267 5104 2455 5167 gentes
2502 5093 2803 5160 advenerit,
2848 5102 2903 5147 et
2936 5102 3184 5162 quaenam
3230 5097 3395 5140 causa
3426 5081 3521 5144 sit,

1947 5198 2007 5245 ut
2048 5204 2158 5244 non
2198 5189 2370 5244 multo
2407 5197 2553 5251 ante,
2585 5187 2679 5243 sed
2720 5200 2895 5255 nuper
2922 5184 3186 5238 duntaxat
3233 5184 3358 5248 post
3405 5189 3522 5227 ma-

1948 5297 2116 5356 gnum
2164 5296 2455 5337 numerum
2495 5280 2844 5341 saeculorum,
2876 5286 3072 5330 vocare
3114 5276 3303 5340 gentes
3348 5266 3521 5321 inem-

1949 5377 2090 5449 perit
2123 5394 2137 5431 :
2168 5385 2285 5431 tum
2316 5376 2421 5430 alia
2453 5374 2698 5446 ejusdem
2729 5369 2964 5442 generis.
2989 5378 3109 5438 qua:
3139 5375 3354 5417 arcana
3375 5360 3521 5415 illius

260 5478 547 5549 theologia:
580 5479 797 5550 prepria
834 5486 985 5543 sunt,
1041 5493 1271 5549 qumque
1315 5478 1381 5531 ad
1424 5477 1578 5530 illum
1613 5482 1867 5547 spectant
1892 5481 2195 5529 tractemus
2230 5492 2242 5528 :
2289 5473 2440 5538 item,
2495 5486 2603 5542 qua
2658 5467 2872 5523 ratione
2905 5465 2997 5520 ille
3021 5462 3185 5517 homo
3218 5458 3395 5513 factus
3427 5456 3519 5520 sit,

261 5587 383 5641 qua!
413 5586 545 5626 sane
595 5572 758 5626 etiam
813 5572 989 5640 prima
1021 5570 1264 5625 omnium
1306 5584 1448 5623 novo
1477 5567 1714 5638 quodam
1756 5576 2040 5639 assumpto
2092 5565 2339 5630 exordio,
2389 5564 2547 5638 quasi
2569 5561 2638 5619 ad
2698 5558 2948 5616 homines
2990 5551 3304 5612 incredulos
3343 5551 3526 5621 ipsum

260 5666 355 5723 Dei
399 5668 623 5723 verbum
659 5668 998 5731 invocantes,
1051 5675 1112 5722 ut
1157 5682 1258 5721 nos
1308 5666 1546 5735 adjuvet,
1583 5679 1682 5736 age
1728 5664 1842 5735 jam
1876 5666 2309 5722 consideremus.

327 5781 371 5813 "
406 5780 606 5838 Ezech.
640 5776 977 5841 stv.21,22.
1053 5780 1097 5813 ⁸⁸
1131 5778 1328 5837 Ezeclt.
1363 5793 1494 5839 nx.
1542 5776 1735 5833 36-38.
