3930 6202
245 224 358 282 165

1147 207 1797 282 DEMONSTBATIONIS
1837 225 2295 285 nuncnum
2333 197 2459 286 Lm.
2499 230 2586 286 ur.

3400 235 3500 291 166

242 343 396 403 ὃπως
421 342 472 396 ot
505 341 781 413 προφῆται
807 342 904 414 τὴν
927 341 1018 395 τοῦ
1046 342 1370 412 Εὐαγγελίου
1404 346 1619 417 μνήμην
1635 345 1725 398 ἐπὶ
1745 346 1817 399 τοὶ

1944 349 2020 404 illi
2056 348 2150 404 uni
2183 364 2346 420 posse
2389 331 2818 416 accommodari,
2846 367 2910 406 ex
2940 355 3148 409 eventis
3181 331 3518 410 certissimis

241 435 286 487 Χ
298 431 484 504 ριστοῦ
509 433 941 505 παρελάμϐανον.

1935 441 2046 510 jam
2093 441 2205 512 jam
2257 442 2751 512 comprobabimus,
2812 444 2880 506 si,
2937 443 3080 514 quod
3131 445 3498 501 necessarium

239 535 352 588 est,
384 526 541 597 prius
565 526 694 580 illud
723 528 1066 599 contemplati
1089 529 1315 596 erimus,
1347 531 1807 602 quemadmodum
1856 540 2132 607 prophetae
2164 537 2440 608 Evangelii
2473 536 2801 592 mentionem
2855 538 2910 592 in
2960 537 3180 594 Christo
3211 555 3320 594 non
3365 553 3501 608 prte-

245 621 617 675 termiscrint.

241 734 449 800 ὀπως
481 734 858 812 οἱιπροφῇται
897 735 1144 812 τὴνᾲτοῢ
1166 741 1533 812 Εὑαγγελίου
1581 741 1824 812 μνήμην

528 805 624 858 ἐπὶ
661 805 765 859 τοῦ
792 807 1050 873 Χριστοῦ
1078 805 1556 879 παρελάμϐανον.

317 898 394 948 Α⁶.
439 914 458 947 ι
495 897 599 949 Τοῦ
638 898 964 970 δηλωθέντος
1005 903 1211 974 μάρτυς
1242 903 1307 956 ἂν
1350 905 1433 976 εἴη
1467 906 1704 977 ῥήμασιν
1727 903 1826 957 αὐ-

239 990 353 1050 τοῖς
393 987 644 1052 Ἠσαίας,
687 990 749 1042 ὲκ
787 990 1082 1061 προσώπου
1118 991 1210 1046 τοῦ
1237 995 1474 1066 Χριστοῦ
1518 993 1822 1067 κεκραγώς·

244 1097 264 1128 ι
299 1079 529 1148 Πνεῦμα
551 1080 756 1151 Κυρίου
779 1081 865 1134 ἐπ’
890 1083 1008 1152 ἐμὲ,
1031 1076 1091 1136 οὗ
1115 1085 1318 1138 εἵνεκεν
1350 1084 1531 1158 ἕχρισέ
1560 1103 1646 1158 με·
1672 1087 1829 1155 εὐαγ-

239 1169 559 1236 γελίσασθαι
589 1177 818 1244 πτωχοῖς
844 1175 1148 1229 ἀπέσταλκέ
1185 1195 1272 1248 με,
1301 1179 1531 1249 κηρύξαι
1551 1179 1826 1250 αἰχμαλώ-

241 1278 359 1325 τοις
389 1264 604 1333 ἇφεσιν,
646 1267 739 1318 καὶ
770 1266 985 1334 τυφλοῖς
1026 1268 1338 1339 ἀνάϐλεψιν·
1379 1290 1396 1322 ι
1426 1272 1493 1342 ἦν
1521 1289 1642 1325 τινα
1692 1291 1823 1343 προ-

241 1355 478 1424 φητείαν
500 1358 528 1408 6
557 1357 706 1428 Ero-ci;
715 1375 745 1429 ρ
770 1357 926 1429 ἡμῶν
955 1361 1011 1411 ὲν
1032 1362 1096 1432 τῇ
1131 1365 1415 1433 συναγωγῇ
1443 1363 1573 1415 ποτὲ
1601 1361 1821 1417 διελθὼν

239 1444 336 1496 ἐπὶ
378 1444 470 1496 τοῦ
521 1445 755 1516 πλήθους
787 1447 893 1501 τῶν
933 1449 1218 1514 Ἰουδαίων,
1281 1450 1486 1516 πτύξας
1529 1451 1590 1504 τὸ
1618 1451 1818 1522 βιϐλίον

241 1533 365 1590 εἷπε
390 1552 404 1564 ·
445 1557 463 1588 ι
495 1540 736 1612 Σήμερον
778 1541 1132 1614 πεπλήρωται
1160 1545 1192 1614 ἡ
1223 1545 1411 1618 Γραφὴ
1442 1545 1579 1616 αὕτη
1612 1547 1668 1597 ὲν
1709 1548 1818 1607 τοῖς

1935 740 2088 807 Quod
2119 740 2379 810 prophetia
2409 739 2465 794 in
2495 741 2606 808 ipso
2638 738 2846 813 Christo
2877 740 3150 813 Evangelii
3188 745 3500 802 mentionem

2516 812 2918 880 assumpserint.

1999 899 2039 953 1.
2078 898 2324 970 Hujusce
2355 899 2606 956 veritatis
2653 901 2810 955 testis
2841 901 2908 955 ad
2935 902 3158 956 verbum
3199 903 3269 959 sit
3297 905 3497 971 lsaias.

1931 989 2023 1058 qui
2058 1005 2122 1044 ex
2168 1005 2402 1060 persona
2433 989 2638 1046 Christi
2688 992 2908 1058 clamat,
2947 1011 2966 1042 ι
3006 992 3244 1064 Spiritus
3287 994 3498 1052 Domini

1931 1097 2097 1152 super
2129 1097 2236 1144 me,
2284 1089 2506 1152 propter
2553 1082 2700 1152 quod
2747 1084 2904 1138 unxit
2951 1099 3072 1139 me:
3114 1084 3499 1157 Evangelizarc

1932 1174 2263 1244 pauperibus
2296 1174 2443 1228 misit
2475 1189 2560 1228 me
2580 1214 2594 1238 ,
2625 1175 2920 1243 praedicare
2949 1176 3180 1244 captivis
3221 1179 3498 1233 remissio-

1929 1281 2076 1327 nem,
2101 1273 2154 1319 et
2196 1265 2357 1320 caecis
2389 1266 2569 1321 visum
2597 1266 2642 1296 39
2671 1284 2684 1319 :
2731 1287 2748 1318 ι
2788 1283 2950 1337 quam
2997 1283 3128 1322 sane
3162 1269 3497 1338 prophetiam

1931 1355 2180 1410 Salvator
2214 1365 2400 1412 noster
2430 1358 2590 1418 olim,
2620 1359 2672 1412 in
2700 1367 2970 1414 conventu
3005 1361 3146 1429 apud
3191 1361 3497 1417 multitudi~

1924 1465 2046 1502 nem
2106 1449 2417 1503 Iudaeorum
2456 1465 2580 1504 cum
2617 1451 2854 1520 legisset,
2899 1451 3208 1522 librumque
3246 1462 3367 1522 post
3408 1455 3486 1510 le-

1925 1541 2161 1594 ctioncm
2186 1541 2490 1610 plicuisset,
2522 1541 2601 1596 sic
2624 1542 2838 1596 locutus
2867 1549 2950 1597 est
2982 1561 2994 1596 :
3034 1560 3052 1593 ι
3091 1543 3250 1596 hodie
3276 1544 3496 1614 impleta

240 1632 379 1714 ὠσὶν
407 1632 582 1703 ὑμῶν,
621 1651 641 1685 ›
680 1635 770 1687 καὶ
804 1634 868 1705 δὴ
908 1634 1117 1688 ἐνθένδε
1156 1635 1457 1706 ἀρξάμενος
1491 1636 1593 1704 τῆς
1617 1637 1817 1699 οἰκείας

1923 1641 2007 1688 est
2060 1634 2334 1702 scriptura
2374 1633 2490 1688 haec
2545 1633 2601 1686 in
2653 1633 2879 1687 auribus
2922 1634 3120 1689 vestris
3155 1635 3222 1698 9°,
3260 1653 3278 1685 ι
3325 1636 3495 1704 proti-

241 1723 590 1788 διδασκαλίας
631 1729 862 1796 πτωχοῖς
909 1727 1284 1798 εὐηγγελίζετο
1336 1728 1444 1781 τῶν
1497 1730 1624 1800 παρ’
1674 1729 1821 1800 αὐτῷ

245 1817 636 1888 μακαρισμῶν,
679 1819 1021 1888 προτάττων·
1063 1838 1080 1868 ι
1120 1821 1390 1890 Μακάριοι
1422 1823 1469 1872 οἱ
1503 1823 1708 1891 πτωχοὶ
1745 1821 1822 1894 τῷ

243 1908 536 1978 πνεύματι,
579 1909 659 1963 ὅτι
681 1910 856 1962 αὐτῶν
885 1912 1029 1962 ἐστιν
1059 1909 1358 1981 ήβασιλεία
1379 1912 1488 1965 τῶν
1520 1913 1816 1984 οὐρανῶν.»

253 2001 416 2054 Ἀλλά
444 2001 539 2054 καὶ
571 2005 680 2065 τοῖς
703 2001 807 2054 ὐπὸ
835 2003 1156 2072 πνευμάτων
1184 2003 1431 2074 πονηρῶν
1458 2005 1818 2076 ὀχλουμένοις,

242 2094 349 2148 ὐπὸ
380 2112 436 2148 τε
459 2094 726 2165 δαιμόνων
755 2094 952 2165 τρόπον
974 2094 1332 2164 αἰχμαλώτων
1363 2096 1528 2148 πάλαι
1562 2098 1821 2168 πρότερον

244 2187 694 2258 κεκρατημένοις,
728 2186 825 2256 τὴν
851 2186 1042 2254 ἄφεσιν
1065 2188 1432 2257 προεκήρυττε
1461 2189 1586 2250 τοὺς
1618 2188 1822 2252 πάντας

243 2275 322 2336 είς
355 2272 662 2344 ἐλευθερίαν
684 2273 777 2324 καὶ⁸
804 2271 956 2323 λύσιν
983 2271 1091 2326 τῶν
1122 2274 1228 2325 ἀπὸ
1251 2272 1444 2336 κακίας
1467 2273 1676 2342 δεσμῶν
1695 2273 1821 2325 ἀνα-

243 2365 596 2436 καλούμενος,
638 2364 703 2418 δι’
731 2357 806 2418 ὧν
848 2363 1102 2432 ἔφασκεν·
1139 2383 1155 2414 ι
1195 2364 1357 2418 Δεῦτε
1393 2366 1526 2437 πρός
1583 2383 1650 2436 με
1686 2366 1820 2418 πάν-

243 2475 334 2521 τες
362 2459 409 2510 οἱ
439 2457 738 2520 κοπιῶντες
757 2458 850 2510 καὶ
882 2457 1320 2528 πεφορτισμένοι,
1347 2457 1500 2526 κάγὼ
1523 2456 1820 2512 ἀναπαύσω

243 2552 407 2621 ὑμᾶς.
454 2569 472 2601 ι
502 2551 609 2602 Καὶ
641 2549 856 2618 τυφλοῖς
887 2548 942 2601 δὲ
990 2551 1087 2622 τὴν
1114 2550 1404 2618 ἀνάϐλεψιν
1435 2553 1680 2621 παρεῖχε,
1707 2554 1820 2615 τοῖς

243 2643 344 2703 τάς
375 2640 523 2709 ὅψεις
555 2638 646 2690 τοῦ
682 2637 930 2708 σώματος
961 2637 1370 2708 διεφθαρμένοις
1401 2637 1462 2689 τὸ
1486 2635 1698 2706 βλέπειν
1719 2637 1822 2689 δω-

244 2732 526 2804 ρούμενος,
548 2731 687 2784 κατὰ
712 2731 950 2783 διάνοιαν
969 2732 1080 2792 τοῖς
1103 2729 1268 2783 πάλαι
1299 2745 1362 2782 πε
1370 2729 1424 2799 pi.
1447 2729 1543 2799 τὴν
1564 2729 1818 2800 ἀλήθειαν

238 2825 602 2878 ἀναϐλέπουσι
628 2823 726 2893 (1),
759 2823 818 2875 τὸ
857 2823 969 2892 φῶς
1000 2823 1098 2892 τῆς
1137 2821 1366 2892 ἀληθοῦς
1405 2821 1683 2885 εὐσεϐείας
1715 2839 1818 2874 πα-

242 2916 418 2986 ρέχων
449 2918 600 2985 όρᾷν.
643 2914 745 2966 Τὸν
779 2914 877 2983 μὲν
900 2910 990 2966 οὖν
1013 2911 1245 2983 Χριστὸν
1279 2912 1334 2962 ὲν
1365 2909 1600 2981 πρώτοις
1637 2911 1819 2964 αὐθέν-

1923 1742 2134 1796 nusque
2165 1726 2289 1779 hinc
2313 1741 2470 1782 suam
2510 1726 2816 1780 doctrinam
2857 1740 3086 1780 exorsus
3122 1727 3494 1798 evangelizare

1921 1819 2085 1888 C(Bpil
2129 1819 2495 1887 pauperibus,
2539 1834 2635 1874 eos
2689 1819 2741 1872 in
2793 1818 3265 1872 commendatione
3309 1819 3496 1873 beato—

1920 1911 2160 1980 rum,qui
2201 1911 2344 1980 apud
2375 1909 2452 1966 se~
2476 1910 2643 1966 futuri
2682 1912 2828 1976 sint,
2861 1912 3085 1982 reliquis
3113 1917 3449 1982 anteponens
3476 1930 3490 1966 :

1927 2022 1944 2054 ι
1984 2003 2156 2068 Beati,
2183 2005 2377 2074 inquit,
2412 2019 2681 2074 pauperes
2712 1999 2928 2074 spiritu,
2963 2006 3217 2076 quoniam
3250 2007 3490 2076 ipsorum

1920 2100 2002 2149 est
2033 2111 2257 2165 regnum
2285 2096 2548 2150 caelorum
2581 2097 2646 2150 θ’.
2682 2116 2700 2148 ι
2735 2095 2804 2151 li's
2838 2106 3096 2166 praeterea
3139 2099 3232 2166 qui
3269 2112 3300 2151 a
3332 2099 3493 2154 malis

1920 2187 2204 2257 spiritibus
2230 2195 2579 2249 vexarentur,
2605 2188 2808 2258 quique
2852 2204 2882 2241 a
2917 2188 3287 2252 daemonibus,
3317 2190 3492 2260 capti-

1919 2294 2111 2333 verum
2158 2279 2353 2344 instar,
2397 2279 2508 2348 jam
2561 2279 2655 2332 diu
2708 2287 3055 2343 tenerentur,
3116 2279 3488 2335 dimissionem

1921 2375 2046 2421 ante
2080 2368 2369 2433 nuntiavit,
2399 2382 2590 2422 omnes
2621 2366 2687 2420 ad
2723 2369 3030 2422 libertatem
3067 2375 3121 2421 ct
3163 2369 3488 2423 solutionem

1920 2473 1950 2512 a
1982 2458 2199 2513 malitia:
2242 2457 2477 2513 vinculis
2517 2458 2777 2522 invitans,
2826 2459 3007 2513 verbis
3051 2459 3204 2514 illis:
3253 2477 3273 2510 ι
3311 2442 3490 2515 venite

1921 2549 1987 2603 ad
2016 2565 2122 2615 me,
2157 2565 2348 2609 omnes
2372 2549 2465 2620 qui
2514 2549 2773 2605 laboratis
2815 2558 2867 2604 et
2897 2552 3104 2605 onerati
3133 2551 3286 2616 estis,
3315 2559 3368 2606 et
3389 2567 3491 2622 ego

1920 2642 2157 2695 reﬁciam
2191 2656 2290 2695 vos
2315 2642 2381 2694 ³⁸.
2431 2660 2449 2692 ι
2488 2641 2660 2696 Cmcis
2688 2657 2838 2706 vero,
2861 2643 2954 2712 qui
2978 2657 3272 2711 corporeos
3301 2645 3490 2698 oculos

1923 2732 2184 2787 haberent
2209 2743 2514 2801 corruptos,
2554 2733 2917 2804 integritatem
2947 2734 3275 2802 restituens,
3307 2735 3484 2789 visum

1921 2825 2151 2895 largitus
2180 2839 2285 2888 εει,
2325 2835 2384 2878 ut
2419 2825 2498 2880 sic
2523 2825 2874 2894 signiﬁcaret,
2905 2841 2963 2879 se
2988 2827 3052 2878 iis
3077 2829 3169 2894 qui
3192 2827 3320 2880 olim
3343 2827 3490 2880 vcri-

1919 2923 2082 2971 tatem
2107 2932 2294 2986 parum
2323 2916 2684 2978 intuerentur,
2716 2918 2973 2970 virtutem
3004 2933 3109 2986 qua
3137 2917 3317 2971 lumen
3348 2933 3490 2974 vera:

239 3024 342 3075 την
378 3005 472 3057 καὶ
513 3005 750 3075 ἀρχηγὸν
783 3003 998 3055 ἔσεσθαι
1029 3003 1127 3071 τῆς
1169 2999 1526 3069 εὐαγγελικῆς
1559 3018 1816 3072 πραγμα-

1922 3009 2134 3078 pietatis
2167 3008 2520 3078 respicerent,
2552 3025 2801 3078 erogare.
2831 3008 3108 3063 Christum
3140 3023 3268 3078 ergo
3298 3008 3351 3062 in
3378 3011 3487 3079 pri-

238 3098 393 3160 τείας
420 3097 455 3166 ἠ
493 3093 852 3164 παρατεθεῖσα
882 3092 1182 3164 προφητεία
1231 3091 1543 3161 παρίστησι.
1575 3093 1726 3144 Μετὰ
1758 3093 1813 3145 δὲ

238 3187 412 3240 αὐτὸν
447 3186 546 3256 τῆς
574 3185 736 3254 αὐτῆς
773 3181 1076 3244 ὑποθέσεως
1116 3181 1392 3250 ὑπηρέτας
1439 3169 1650 3233 ἔσεσθαι
1691 3181 1816 3244 τοὺς

239 3275 414 3331 αὐτοῦ
466 3274 705 3345 μαθητάς
746 3271 986 3336 Θεσπίζει
1024 3274 1052 3324 6
1081 3271 1240 3333 αὐτὸς
1269 3271 1441 3337 λέγων
1498 3272 1810 3342 προφήτηςο

246 3389 266 3419 ι
326 3367 413 3430 Ὦς
446 3367 631 3437 ὡραῖοι
659 3368 707 3418 οί
737 3365 891 3426 πόδες
922 3363 1028 3416 τῶν
1081 3361 1580 3432 εὐαγγελιζομένων
1612 3361 1812 3430 ἀγαθὰ,

238 3461 276 3530 ἦ
325 3459 428 3512 τῶν
469 3457 962 3528 εὐαγγελιζομένων
1011 3457 1256 3526 εἰρήνην.
1313 3474 1330 3506 ι
1390 3454 1556 3507 Ἔνθα
1617 3455 1816 3525 σφόδρα

239 3550 715 3622 ἀπηκριϐωμένως
745 3548 978 3619 ὡραίους
1008 3547 1206 3618 ἔφησεν
1237 3545 1450 3598 ἔσεσθαι
1494 3546 1619 3608 τοὺς
1655 3546 1816 3609 πόδας

240 3645 346 3696 τῶν
389 3642 887 3712 εὐαγγελιζομένων
936 3639 1004 3692 τὰ
1050 3637 1144 3692 τοῦ
1188 3638 1420 3709 Χριστοῦ
1453 3637 1652 3706 ἀγαθὰ,
1699 3638 1816 3702 πῶς

241 3738 339 3789 οὐκ
374 3736 597 3806 ἔμελλον
628 3734 818 3804 ὡραῖοι
853 3732 1088 3794 ἔσεσθαι,
1122 3731 1170 3782 οἱ
1205 3731 1261 3781 ὲν
1288 3729 1455 3802 ὀλίγῳ
1494 3731 1586 3784 καὶ
1627 3729 1817 3802 βραχεῖ

241 3829 420 3898 χρόνῳ
464 3828 563 3898 τὴν
609 3829 787 3879 πᾶσαν
826 3822 1314 3894 περιδραμούμενοι
1345 3823 1685 3894 οἰκουμένην,
1721 3823 1816 3875 καὶ

243 3921 419 3972 πάντα
449 3920 612 3971 τόπον
647 3917 1030 3988 πληρώσαντες
1055 3916 1150 3987 τῆς
1171 3916 1298 3988 περὶ
1324 3915 1417 3968 τοῦ
1450 3917 1697 3988 Σωτῆρος
1720 3915 1812 3970 τοῦ

243 4013 450 4082 κόσμου
486 4009 768 4072 Θεοσεϐοῦς
788 4007 1169 4072 διδασκαλίαςς
1223 4009 1342 4060 Ὅτι
1374 4007 1430 4061 δὲ
1467 4009 1538 4079 μὴ
1581 4010 1814 4080 ῥήμασιν

243 4105 604 4175 ἀνθρωπίνοις
636 4104 930 4174 ἐκέχρηντο
965 4103 1044 4164 είς
1078 4099 1248 4153 πειθὼ
1278 4101 1385 4153 τῶν
1427 4101 1810 4171 ἀκροωμένων,

243 4196 377 4248 θεοῦ
406 4197 462 4250 δὲ
495 4195 718 4266 δύναμις
748 4191 813 4265 ἦν
841 4196 874 4264 ἡ
907 4191 1238 4262 συνεργοῦσα
1259 4193 1441 4254 αὐτοῖς
1473 4192 1529 4243 ὲν
1557 4191 1635 4261 τῷ
1654 4192 1814 4259 εὐαγ-

243 4289 445 4360 γελικῷ
478 4287 808 4359 κηρύγματι,
843 4285 998 4348 ἄλλος
1025 4286 1186 4338 πάλιν
1210 4285 1493 4356 προφήτης
1523 4285 1808 4352 ἀναφωνεῖ·

250 4401 270 4432 ι
313 4381 514 4451 Κύριος
544 4378 700 4430 δώσει
738 4377 887 4449 ῥῆμα
911 4379 1021 4438 τοῖς
1060 4374 1558 4444 εὐαγγελιζομένοις
1589 4373 1813 4444 δυνάμει

244 4473 432 4544 πολλῇ.
473 4492 490 4524 ι
528 4472 637 4525 Καὶ
687 4471 844 4523 πάλιν
872 4472 901 4522 6
944 4468 1188 4530 Ἡσαΐας·
1227 4486 1246 4518 ι
1299 4469 1412 4519 Ἐπ’
1459 4466 1582 4538 ὅρος
1616 4466 1814 4537 ὑψηλὸν

243 4565 480 4636 ἀνάϐηθι
510 4568 538 4618 6
582 4562 1084 4632 εὐαγγελιζόμενος,
1136 4558 1294 4623 Σιὼν,
1330 4557 1542 4628 ὕψωσον
1572 4561 1637 4630 τῇ
1673 4559 1816 4628 ίσχύῖ

245 4659 346 4730 τὴν
369 4659 547 4727 φωνήν
582 4673 674 4708 σου
696 4657 724 4708 ὁ
759 4652 1238 4723 εὐαγγελιζόμενος
1275 4650 1644 4722 Ἰερουσαλήμ·
1671 4651 1818 4718 ὑψώ-

246 4764 400 4809 σατε,
438 4747 512 4818 μὴ
542 4744 811 4815 φοϐεῖσθε,
839 4744 990 4796 είπὸν
1038 4745 1157 4805 ταῖς
1191 4741 1404 4793 πόλεσιν
1468 4741 1657 4802 Ἰούδα,
1706 4740 1813 4792 ἰδοὺ

243 4844 274 4894 6
303 4841 438 4902 Θεὸς
470 4839 640 4909 ὐμῶν,
679 4838 788 4891 ἰδοὺ
821 4836 1025 4908 Κύριος
1057 4834 1193 4906 μετὰ
1228 4833 1407 4903 ἰσχύος
1452 4832 1685 4903 ἔρχεται,
1722 4832 1816 4884 καὶ

241 4935 273 4984 6
312 4931 550 5001 βραχίων
592 4929 728 5001 μετὰ
771 4929 983 4998 κυρίας·
1035 4927 1140 4979 ἰδοὺ
1185 4927 1213 4977 ὁ
1254 4923 1441 4994 μισθὸς
1484 4923 1645 4976 αὐτοῦ
1699 4925 1812 4994 μετ’

245 5022 436 5083 αὐτοῦ,
467 5021 649 5074 καὶτὸ
689 5021 847 5092 ἔργον
892 5018 1054 5072 αὐτοῦ
1090 5019 1329 5070 ἐναντίον
1362 5015 1543 5068 αὐτοῦ’
1588 5016 1662 5078 ὡς
1699 5033 1816 5067 ποι-

248 5115 359 5184 μὴν
389 5115 638 5182 ποιμανεῖ
663 5112 724 5165 τὸ
756 5113 1002 5182 ποίμνιον
1029 5110 1214 5170 αὐτοῦ,
1254 5109 1346 5160 καὶ
1375 5109 1430 5159 ὲν
1461 5105 1540 5176 τῷ
1576 5106 1814 5178 βραχίονι

245 5209 412 5262 αὐτοῦ
460 5207 672 5274 συνάξει
714 5208 902 5279 ἄρνας,
934 5207 1026 5259 καὶ
1057 5207 1112 5257 ὲν
1144 5205 1338 5274 γαστρὶ
1383 5201 1609 5270 ἐχούσας
1641 5217 1814 5271 παρα-

245 5301 486 5354 καλέσει.
541 5320 558 5352 ι
605 5299 787 5353 Ταῦτα
849 5300 906 5353 δὲ
950 5299 1136 5352 ὁποίαν
1175 5298 1356 5369 ἔχεται
1403 5297 1659 5358 διάνοιαν,
1711 5294 1814 5366 όδῷ

311 5461 355 5492 ³⁸
390 5459 494 5514 lsa.
528 5472 637 5518 ιιι,
674 5458 724 5510 Ι.
801 5459 846 5492 ὀ
878 5456 1008 5510 Luc.
1056 5454 1258 5522 Ιν,118.
1329 5455 1372 5485 ⁹¹
1412 5453 1599 5508 Matth.
1633 5469 1682 5516 v,
1713 5451 1764 5505 5.

246 5535 291 5564 ”
329 5532 432 5586 lea.
470 5543 556 5588 XL.
585 5527 734 5581 9.“.

318 5690 397 5757 (i)
433 5684 704 5755 lnterpres
726 5681 875 5753 legit,
909 5681 1205 5750 ὰναπήροις
1235 5675 1373 5732 οὖσι.

1843 5451 1888 5482 ’ί
1922 5448 2108 5503 Matth.
2145 5462 2218 5514 χι,
2263 5447 2352 5501 28.
2429 5445 2473 5478 ³³
2513 5441 2616 5501 lsa.
2667 5457 2762 5509 LII,
2795 5441 2849 5497 7.

1918 3101 2022 3154 mis
2064 3109 2336 3154 auctorem
2372 3108 2425 3155 et
2459 3100 2651 3155 ducem
2694 3099 2936 3154 futurum
2971 3100 3148 3154 omnis
3196 3101 3488 3169 provinciae

1917 3191 2263 3261 evangelicae,
2297 3207 2358 3246 ea
2399 3208 2520 3262 quae
2553 3193 2798 3262 exposita
2839 3199 2942 3255 est,
2993 3193 3274 3262 prophetia
3305 3193 3488 3248 decla-

1917 3292 2019 3336 rat.
2047 3281 2112 3335 At
2145 3289 2268 3351 post
2294 3283 2444 3335 illum
2475 3279 2718 3350 ejusdem
2757 3283 3023 3352 pr0positi
3057 3283 3336 3338 ministros
3369 3283 3487 3338 fore

1917 3373 2064 3429 illius
2134 3373 2462 3444 discipulos,
2524 3373 2666 3428 idem
2734 3373 2998 3444 prepheta
3047 3375 3193 3430 canit
3224 3375 3410 3430 dicens
3466 3387 3480 3424 :

1915 3466 2065 3537 89c
2101 3464 2273 3531 Quam
2300 3465 2533 3534 speciosi
2577 3465 2740 3536 pedes
2793 3467 3282 3537 evangelizantium
3337 3465 3484 3519 bona

1917 3573 2078 3628 quam
2123 3557 2620 3628 evangelizantium
2666 3571 2853 3627 pacem
2874 3557 2940 3610 ".
2968 3573 2987 3608 ι
3008 3551 3112 3612 Ubi
3139 3557 3297 3612 valde
3321 3569 3487 3610 accu-

1916 3657 2032 3704 rate
2090 3649 2368 3718 speciosos
2421 3647 2558 3702 dixit
2607 3646 2723 3702 fore
2770 3647 2933 3716 pedes
2991 3646 3485 3718 evangelizantium

1915 3737 2056 3791 bona
2087 3737 2312 3800 Christi,
2363 3738 2454 3808 qui
2483 3737 2628 3792 enim
2662 3737 2895 3806 speciosi
2938 3735 3107 3790 futuri
3159 3753 3267 3790 non
3305 3744 3482 3797 erant,

1917 3829 2008 3898 qui
2038 3829 2093 3882 in
2121 3830 2315 3899 exiguo
2348 3830 2606 3899 brevique
2633 3837 2877 3896 tempore
2909 3834 3080 3881 totum
3104 3827 3291 3881 orbem
3327 3835 3486 3881 erant

1917 3921 2255 3991 percursuri,
2286 3930 2338 3974 et
2375 3935 2590 3976 omnem
2632 3921 2808 3976 locum
2841 3929 3028 3974 sancta
3070 3919 3162 3972 illa
3193 3919 3260 3973 de
3295 3917 3484 3972 Salva-

1914 4020 2033 4067 tore
2058 4012 2242 4065 mundi
2268 4011 2513 4064 doctrina
2545 4011 2860 4080 impleturi?
2894 4009 3048 4075 Quod
3085 4017 3268 4063 autem
3299 4008 3489 4062 huma-

1914 4103 2000 4157 nis
2023 4102 2206 4156 verbis
2240 4117 2347 4154 non
2378 4107 2660 4156 uterentur
2692 4101 2757 4154 ad
2790 4099 3222 4169 persuadendum
3256 4097 3487 4152 audien-

1914 4195 2084 4256 tibus,
2121 4193 2216 4248 sed
2247 4192 2334 4246 Dei
2370 4193 2544 4246 virtus
2581 4200 2727 4248 esset
2760 4209 2880 4262 quae
2927 4207 3049 4245 cum
3092 4192 3200 4245 illis
3226 4190 3483 4251 faciebat,

1917 4287 2045 4343 dum
2079 4285 2428 4356 Evangelium
2482 4283 2858 4354 prtedicarent,
2891 4284 3030 4338 alius
3064 4297 3258 4337 rursus
3286 4281 3487 4334 clamat

1918 4378 2180 4449 propheta
2217 4397 2228 4430 :
2267 4396 2284 4427 ι
2325 4375 2588 4432 Dominus
2619 4375 2770 4430 dabit
2805 4375 3032 4442 verbum
3060 4373 3484 4443 evangelizanti-

1919 4471 2022 4525 bus
2066 4469 2264 4523 virtute
2302 4469 2471 4522 multa
2488 4469 2534 4500 ⁸⁸
2567 4487 2580 4534 ;
2615 4488 2633 4520 ι
2677 4475 2729 4521 et
2775 4481 2966 4522 rursus
3003 4465 3194 4520 lsaias.
3244 4481 3261 4513 ι
3312 4461 3488 4529 Super

1919 4569 2156 4615 montem
2209 4559 2484 4613 excelsum
2527 4556 2761 4612 ascende
2797 4555 2888 4626 qui
2933 4553 3277 4623 evangelizas
3320 4550 3483 4616 Sion;

1917 4652 2115 4707 extolle
2146 4659 2408 4721 quantum
2439 4658 2591 4718 potes
2614 4663 2802 4703 vocem
2827 4656 2977 4700 tuam
3018 4644 3112 4714 qui
3143 4642 3485 4711 evangelizas

1921 4743 2255 4799 Hierusalem
2290 4757 2304 4793 :
2347 4741 2622 4804 extollite,
2673 4755 2742 4795 ne
2787 4740 3006 4805 timete;
3039 4737 3127 4792 dic
3173 4732 3484 4788 civitatibus

1919 4838 2077 4903 Juda,
2111 4852 2236 4892 ecce
2272 4834 2412 4889 Deus
2437 4841 2638 4897 vester,
2671 4847 2799 4887 ecce
2842 4829 3105 4884 Dominus
3135 4842 3258 4882 cum
3288 4824 3485 4878 robore

1918 4929 2086 4993 venit,
2107 4935 2161 4980 et
2183 4926 2465 4980 brachium
2487 4941 2610 4979 cum
2645 4932 2910 4993 potestate
2935 4940 2948 4974 :
2978 4934 3106 4976 ecce
3127 4931 3334 4972 merces
3365 4914 3485 4984 ejus

1919 5037 2041 5076 cum
2073 5035 2157 5081 eo,
2199 5029 2252 5074 et
2279 5033 2416 5088 Opus
2443 5017 2562 5087 ejus
2593 5031 2773 5071 coram
2811 5015 2930 5084 ipso
2963 5031 2976 5067 :
3008 5019 3265 5080 tanquam
3296 5013 3486 5078 pastor

1918 5119 2106 5182 pascet
2137 5125 2349 5182 gregem
2386 5124 2566 5172 suum,
2599 5116 2652 5162 et
2683 5107 2737 5160 in
2759 5103 2982 5161 brachio
3011 5115 3111 5158 suo
3137 5097 3487 5170 congregab‘t

1922 5218 2113 5274 agnos,
2137 5211 2191 5256 et
2216 5217 2310 5258 eas
2339 5216 2458 5272 quae
2476 5200 2530 5254 in
2559 5209 2717 5255 utero
2744 5197 2967 5259 habent,
2985 5191 3443 5248 consolahitur”.
3461 5209 3479 5240 ι

1923 5296 2187 5351 Caeterum
2224 5293 2336 5347 haec
2378 5305 2614 5362 quonam
2647 5303 2812 5346 sensu
2855 5282 3170 5354 accipienda
3201 5281 3332 5348 sint,
3361 5295 3486 5350 pro-

2943 5439 2988 5472 9‘
3016 5433 3159 5491 Psal.
3191 5450 3360 5498 uvtt,
3395 5433 3490 5494 12.

0 6173 1996 6202 _——__
