3930 6202
459 212 564 271 ιω
1091 194 1355 263 ΕΟΒΕΒῙΙ
1387 200 1864 260 οΑξεΑιιιΕΝειε
1895 204 2045 261 opp.
2080 201 2261 259 rans
2298 202 2364 260 ιι.
2403 234 2474 246 -
2510 199 2989 259 aromatum
3598 182 3705 239 168

457 331 631 404 gressi
678 328 890 400 longius
935 326 988 380 in
1030 325 1276 379 doctrina
1321 324 1629 394 evangelica
1670 324 1973 380 videbimus
2007 344 2013 379 :

2126 322 2407 395 προϊόντες
2441 324 2581 376 κατά
2614 321 2712 392 τὴν
2750 319 3111 392 εὖαγγελικὴν
3153 319 3408 390 εἰσόμεθα
3447 316 3705 378 διδασκα-

457 425 673 481 interim
705 419 834 476 illud
864 417 1130 479 constitit,
1155 425 1209 471 et
1237 415 1413 486 ipsum
1448 414 1821 487 Evangelium,
1856 424 1909 471 et
1931 433 2023 472 no-

455 529 576 572 men
631 510 906 582 Evangelii
955 508 1288 580 propheticis
1336 508 1566 563 vocibus
1609 509 2019 581 comprobatum

454 609 621 664 fuisse
647 622 659 657 :
689 605 855 660 habes
887 610 1142 674 prwterea
1171 601 1449 657 evidentes
1477 601 1901 674 perspicuasque
1927 604 2023 661 de.

452 697 894 758 monstrationes,
911 690 1056 750 unde
1081 693 1294 748 initium
1315 700 1462 749 esset
1480 705 1831 765 accepturum
1847 696 2023 752 Evan-

451 791 673 862 gelium,
711 789 778 842 ab
800 788 920 857 ipso
948 786 1200 842 videlicet
1229 785 1469 851 Christo,
1500 802 1603 843 nec
1631 802 1740 842 non
1763 803 1858 858 per
1880 804 2021 859 quos

455 880 593 934 foret
643 878 1072 950 prazdicandum,
1110 880 1207 950 per
1253 880 1400 935 illius
1452 879 1641 950 utique
1692 880 2018 950 apostolos:

451 969 546 1026 sed
577 971 740 1025 etiam
782 984 887 1040 qua
920 971 1123 1025 virtute
1147 980 1293 1025 esset
1329 974 1732 1040 superaturum,
1766 985 1874 1024 non
1917 970 2021 1025 bu—

450 1075 610 1114 mana
657 1061 885 1115 scilicet.
917 1060 1072 1126 Quod
1122 1061 1299 1131 ipsum
1341 1077 1473 1116 sane
1503 1074 1570 1116 ex
1611 1062 1704 1115 illo
1753 1063 2018 1129 constitit,

455 1167 476 1200 ι
513 1148 775 1204 Dominus
804 1149 956 1206 dabit
1002 1151 1229 1205 verbum
1276 1151 1779 1221 cvangelizantibus
1819 1152 2022 1207 virtute

449 1243 639 1298 multa.
675 1263 694 1296 ι
730 1242 1016 1315 Reliquum
1050 1245 1340 1314 igiturjam
1379 1251 1483 1307 est,
1516 1252 1664 1299 utex
1693 1246 1879 1300 multis
1901 1262 2022 1316 quae

448 1334 591 1395 apud
627 1333 882 1389 llebrteos
914 1336 1194 1395 antiquius
1225 1349 1289 1388 ac
1320 1334 1584 1389 remotius
1603 1332 1670 1388 de
1700 1333 1917 1391 Christo
1945 1338 2024 1392 di-

450 1428 632 1482 vinata
666 1436 813 1492 sunt,
850 1443 1020 1496 pauca
1050 1427 1433 1497 anticipemus,
1465 1436 1525 1482 ut
1558 1428 1741 1486 discas
1771 1444 2019 1500 quaenam

447 1517 541 1573 illa
568 1527 773 1578 essent,
812 1534 934 1588 qua:
970 1517 1367 1586 posterioribus
1408 1518 1745 1587 temporibus
1778 1517 2023 1589 Evange-

449 1607 580 1664 liuut
611 1609 921 1663 nuntiarent
945 1607 1209 1673 futurum,
1246 1609 1514 1678 simulque
1539 1609 1862 1663 miraculum
1895 1624 2023 1679 pro-

2123 412 2259 466 λίαν·
2307 411 2442 482 πλὴν
2493 410 2627 464 ἀλλὰ
2681 410 2952 478 πέφανται
2975 403 3036 463 τὸ
3069 410 3418 478 Εὑαγγέλιον,
3452 412 3705 466 καὶτοῦ-

2121 522 2259 574 νομα
2292 504 2347 558 δὲ
2388 504 2481 557 τοῦ
2526 501 2877 573 Εὑαγγελίου,
2925 502 3015 556 διὰ
3054 503 3162 556 τῶν
3197 504 3548 574 προφητικῶν
3601 524 3708 578 με·

2124 594 2557 668 μρτυρημένον,
2591 595 2735 667 ἔχεις
2779 613 2840 649 τε
2882 593 3080 659 λευκὰς
3125 595 3221 648 καὶ
3260 596 3510 668 ἐναργεῖς
3558 596 3702 652 ἀπο-

2120 687 2333 754 δείξεις,
2359 689 2422 741 ὲκ
2444 687 2589 751 τίνος
2610 688 2706 758 μὲν
2732 685 2954 759 ἄρξεται
2976 672 3038 739 τδ
3059 686 3406 756 Εὑαγγέλιον,
3433 689 3515 741 ὅτι
3544 688 3608 761 δὴ
3640 689 3708 757 ἐξ

2120 779 2286 833 αὑτοῦ
2314 777 2408 833 τοῦ
2440 779 2698 852 Χριστοῦ,
2732 780 2798 832 δι’
2828 773 2902 832 ὧν
2934 796 2992 832 τε
3022 778 3451 851 κηρυχθήσεται,
3485 781 3565 834 ὅτι
3606 781 3706 834 διὰ

2120 872 2228 926 τῶν
2258 872 2568 926 ἀποστόλων
2601 872 2786 926 αὑτοῦ·
2823 871 2958 926 ἀλλά
2999 872 3091 926 καὶ
3131 871 3259 943 ποίᾳ
3290 871 3516 943 δυνάμει
3561 887 3707 945 κρα-

2119 966 2298 1036 τήσει,
2347 965 2427 1019 ὅτι
2481 964 2555 1036 μὴ
2598 965 2931 1053 ἀνθρωπεία.
2971 965 3036 1019 Ὃ
3080 963 3144 1035 δὴ
3179 964 3274 1018 καὶ
3302 964 3435 1018 αὐτὸ
3467 964 3701 1038 συνέστη

2120 1057 2210 1112 διὰ
2239 1058 2354 1122 τοῦ,
2394 1077 2412 1109 ι
2440 1056 2643 1131 Κύριος
2676 1057 2835 1112 δώσει
2865 1061 3014 1131 ῥῆμα
3041 1060 3154 1122 τοῖς
3190 1056 3706 1129 εὐαγγελιζομένοις

2119 1151 2342 1223 δυνάμει
2366 1150 2552 1223 πολλῇ.
2585 1170 2603 1202 ι
2630 1152 2693 1203 Τί
2712 1152 2775 1223 δὴ
2796 1148 2887 1206 οῦν
2916 1151 3158 1205 λείπεται
3186 1150 3277 1203 ἐπὶ
3307 1151 3536 1215 τοῦτοις,
3567 1151 3601 1223 ἢ
3631 1153 3706 1206 ἐκ

2122 1242 2329 1297 πολλῶν
2361 1244 2516 1311 ὀλίγα
2548 1243 2835 1315 προλαϐεῖν
2865 1244 2975 1298 τῶν
3012 1246 3140 1317 παρ’
3186 1243 3456 1316 Ἑϐραίοις
3498 1243 3705 1297 ἀνέκα-

2123 1335 2215 1390 θεν
2245 1338 2373 1408 περὶ
2397 1335 2490 1389 τοῦ
2513 1336 2749 1408 Χριστοῦ
2785 1337 3303 1406 προφητευομένων;
3339 1335 3416 1400 ὡς
3450 1337 3518 1392 ἂν
3552 1338 3703 1409 εἰδῇς

2119 1412 2241 1481 τίνα
2275 1427 2491 1482 ἔσεσθαι
2513 1413 2575 1481 τὸ
2596 1427 2923 1497 Εὐαγγέλιον
2954 1431 3010 1481 ἐν
3032 1438 3278 1500 ὺστεροις
3309 1430 3517 1502 καιροῖς
3532 1428 3705 1499 εὐηγ-

2121 1520 2383 1589 γελίζετο,
2417 1521 2550 1592 ὁμοῦ
2579 1538 2640 1574 τε
2679 1521 2786 1575 τῶν
2818 1521 3110 1593 προφητῶν
3140 1519 3202 1574 τὸ
3227 1519 3411 1592 θαῦμα
3454 1520 3553 1591 τῆς
3585 1520 3701 1572 τῶν

2125 1612 2422 1682 μελλόντων
2481 1611 2859 1685 προγνώσεως,
2911 1613 3005 1667 καὶ
3054 1612 3161 1666 τῶν
3209 1613 3565 1685 προρρήσεων
3623 1610 3700 1667 τὰ

449 1698 757 1770 phetarum,
793 1699 884 1769 qui
921 1699 1143 1769 quidem
1177 1706 1328 1753 tanto
1373 1708 1498 1753 ante
1528 1698 1710 1752 futura
1749 1713 2013 1769 cognove-

2119 1704 2553 1775 ἀποτελέσματα,
2591 1704 2740 1782 ὅπως
2792 1706 2883 1758 ἐπί
2934 1704 3027 1758 τὸν
3073 1705 3298 1777 Σωτῆρα
3344 1705 3438 1758 καὶ
3489 1702 3699 1776 Κύριον

449 1792 590 1854 rint,
621 1790 860 1860 itemque
898 1789 1146 1858 ipsorum
1194 1790 1541 1841 oraculorum
1571 1794 1785 1853 eventa,
1836 1803 2021 1857 quem-

449 1881 738 1936 admodum
788 1895 849 1936 ea
890 1881 946 1934 in
980 1878 1263 1934 Salvatore
1296 1887 1348 1933 et
1386 1878 1615 1933 Domino
1646 1887 1839 1934 nostro
1862 1877 2016 1943 Jesu,

449 1975 540 2045 qui
571 1974 823 2029 Christus
852 1980 937 2030 est
967 1973 1080 2040 Dei,
1112 1974 1378 2044 completa
1419 1972 1746 2027 consistant.

449 2087 512 2144 ll.
550 2086 702 2156 Quod
743 2090 805 2144 de
835 2085 1049 2145 Christo
1096 2087 1372 2210 zaticinati
1423 2096 1545 2142 sunt
1592 2085 1858 2155 prophetae
1906 2084 2018 2141 He-

1130 2174 1375 2210 raeorum.

1130 2174 1375 2212 raeorum.

511 2253 728 2308 Primus
748 2253 1130 2324 prophetarum
1146 2251 1375 2325 Moyses,
1396 2252 1561 2306 alium
1577 2250 1895 2322 pr0phetam
1914 2250 2017 2305 sibi

445 2347 681 2403 similem
732 2347 1104 2403 suscitaudum
1153 2345 1456 2401 denuntiat.
1507 2344 1618 2414 90
1666 2343 1802 2398 Cum
1867 2343 2015 2397 enim

446 2437 590 2508 leges
614 2438 681 2492 ab
711 2438 829 2508 ipso
856 2437 1045 2507 positae
1071 2437 1171 2491 soli
1205 2435 1444 2490 Iudaica:
1471 2436 1617 2505 genti
1640 2434 2014 2498 convenirent,

444 2528 609 2599 idque
640 2530 695 2583 in
737 2537 881 2583 terra
925 2527 1109 2582 Judaea
1147 2528 1435 2590 duntaxat,
1481 2533 1574 2580 aut
1617 2525 1823 2580 circum
1869 2539 2014 2589 eam,

443 2635 555 2674 non
583 2626 764 2674 autem
789 2620 838 2674 ei
869 2633 1085 2688 quoque
1109 2619 1276 2688 genti,
1315 2633 1436 2688 qu:e
1469 2616 1787 2688 longissime
1814 2617 1870 2671 in
1903 2622 2016 2671 ter-

444 2710 523 2764 ris
547 2709 930 2764 remotissimis
961 2707 1202 2780 degeret,
1228 2708 1687 2779 quemadmodum
1709 2723 1775 2763 οι
1794 2709 1862 2763 iis
1892 2723 2015 2778 quae

443 2798 597 2869 prius
628 2812 659 2852 a
692 2797 851 2853 nobis
879 2805 1109 2851 tractata
1145 2806 1273 2852 sunt
1303 2797 1559 2867 cognosci
1588 2797 1782 2867 potuit,
1815 2803 1868 2852 et
1889 2813 2015 2853 eum

441 2890 537 2961 qui
573 2900 718 2946 esset
739 2905 849 2944 non
881 2882 1057 2944 solum
1092 2887 1424 2952 Iudaeorum,
1454 2888 1548 2943 sed
1583 2890 1747 2943 etiam
1782 2888 2011 2943 aliarum

444 2981 683 3050 gentium
732 2981 899 3046 Deus,
958 2988 1233 3051 oporteret
1269 2978 1336 3032 ad
1375 2991 1435 3034 se
1484 2978 1924 3048 cognoscendum
1960 2990 2012 3034 et

443 3045 729 3132 colendum
760 3045 891 3130 vitai
913 3045 1194 3130 hominum
1225 3045 1578 3146 suppeditare
1608 3089 1696 3137 ea,
1728 3090 1848 3146 qua:
1876 3088 2012 3129 cun—
2038 3045 2085 3109 ο

441 3156 548 3227 ctis
580 3170 704 3226 item
732 3171 984 3243 gentibus
1008 3168 1159 3223 utilia
1179 3167 1380 3231 forent,
1410 3168 1604 3222 merito
1638 3167 1865 3221 alterum
1894 3182 2016 3238 pro-

441 3266 684 3337 phetam,
718 3265 810 3337 qui
838 3266 986 3319 nulla
1015 3264 1069 3317 in
1098 3269 1252 3332 parte
1282 3271 1394 3316 Suae
1422 3261 1597 3331 ipsius
1628 3259 1824 3314 rationi
1851 3267 2014 3329 atque

441 3357 691 3412 instituto
737 3356 975 3417 cederet,
1022 3355 1090 3410 de
1135 3353 1361 3408 Judaica
1404 3362 1564 3422 gente
1610 3351 2010 3414 suscitandum,

444 3451 670 3504 oraculo
713 3449 962 3518 exposito
1008 3446 1237 3509 divinat,
1271 3446 1324 3499 in
1355 3445 1499 3499 hunc
1529 3445 1750 3510 modum
1799 3444 1875 3498 illi
1910 3444 2010 3514 ipsi

443 3540 555 3599 Deo
608 3544 994 3614 respondente.
1039 3561 1057 3593 ι
1104 3537 1428 3610 Prophetam
1486 3539 1767 3594 suscitabo
1825 3538 1905 3592 eis
1944 3537 2012 3592 de

440 3639 705 3695 fratribus
729 3615 969 3708 ipsorum
992 3647 1248 3706 tanquam
1267 3643 1338 3697 te,
1353 3642 1406 3689 et
1420 3634 1562 3688 dabo
1585 3633 1810 3688 verbum
1831 3645 2009 3687 meum

441 3734 496 3787 in
528 3748 591 3788 os
616 3733 782 3796 illius,
818 3739 870 3784 et
901 3730 1155 3799 loquetur
1182 3727 1262 3783 eis
1287 3727 1444 3796 juxta
1465 3741 1626 3780 omne
1647 3724 2010 3795 quodcunque

441 3825 772 3880 mandavero
802 3821 880 3876 illi
905 3838 917 3873 :
946 3828 999 3875 et
1030 3821 1190 3876 homo
1218 3819 1397 3874 omnis
1425 3820 1737 3888 quicunque
1771 3833 1878 3870 non
1908 3831 2008 3870 au-

438 3916 600 3973 dierit
632 3916 798 3970 verba
832 3912 952 3983 ejus
982 3926 1320 3982 qumcunque
1359 3911 1612 3980 loquetur
1658 3908 1922 3979 propheta
1955 3906 2009 3963 in

438 4012 659 4068 nomine
687 4024 828 4073 meo,
873 4021 972 4077 ego
1007 4005 1241 4060 ulciscar
1279 4020 1345 4059 ex
1375 4020 1440 4059 eo
1457 4005 1527 4060 θ’.
1574 4023 1592 4055 ι
1632 4002 1838 4058 Similia
1882 4018 2010 4057 vero

441 4104 558 4174 ipse
588 4116 805 4171 quoque
837 4098 1047 4170 Moyses
1094 4100 1199 4151 hoc
1237 4097 1516 4151 oraculum
1546 4096 1913 4166 interpretans
1942 4094 2010 4149 ad

440 4194 697 4264 populum
728 4192 804 4243 ait
836 4209 847 4242 :
883 4207 901 4238 ι
935 4188 1260 4258 Prophetam
1285 4189 1353 4242 de
1376 4188 1635 4242 fratribus
1672 4188 1867 4242 vestris
1889 4194 2011 4240 tan-

439 4299 602 4355 quam
633 4297 719 4336 me
758 4281 1045 4336 suscitahit
1088 4280 1351 4333 Dominus
1382 4277 1560 4345 Deus;
1596 4278 1746 4332 illum
1773 4277 2008 4332 audietis

440 4393 493 4431 III
535 4373 789 4429 omnibus
834 4387 1173 4442 quaecunque
1216 4369 1506 4439 postulasti
1549 4384 1579 4422 a
1625 4369 1854 4427 Domino
1897 4369 2007 4426 Deo

442 4484 532 4522 tuo
558 4467 612 4521 in
663 4463 864 4527 lloreb,
897 4465 948 4519 in
975 4465 1061 4520 die
1091 4455 1501 4519 coneisionis".
1535 4482 1554 4516 ›
1587 4461 1726 4515 Num
1757 4464 1919 4534 igitur
1941 4476 2005 4518 ex

442 4564 508 4616 Iis
557 4559 650 4629 qui
691 4569 810 4627 post
843 4557 1059 4630 Moysen
1104 4557 1432 4611 exstiterunt
1480 4554 1781 4625 Prophetas,
1813 4555 2004 4621 Isaias,

441 4651 669 4721 exempli
703 4650 898 4720 gratia,
929 4659 1022 4704 aut
1047 4648 1336 4714 Jeremias,
1372 4659 1466 4704 aut
1488 4647 1760 4711 Ezechiel,
1791 4655 1883 4702 aut
1912 4648 2010 4703 Da~

441 4745 568 4809 niel,
600 4752 692 4797 aut
714 4744 855 4797 alius
886 4744 1157 4812 quispiam
1178 4741 1245 4796 de
1266 4743 1483 4797 ceteris
1511 4740 1797 4796 duodecim
1829 4741 2006 4811 legum

442 4844 633 4890 auctor
662 4832 830 4904 Moysi
856 4833 1222 4888 confcrendus
1251 4834 1876 4903 exstitit?nequaquam.
1901 4831 2007 4888 Sed

442 4943 502 4982 ex
531 4926 641 4981 illis
670 4925 911 4988 tandem,
944 4927 1068 4993 quis
1092 4940 1329 4994 unquam
1359 4925 1529 4997 Moysi
1565 4927 1765 4980 similia
1794 4925 2008 4981 eﬂ‘ecit?

442 5025 709 5087 nusquam
742 5016 944 5086 poteris
975 5016 1178 5071 dicere.
1216 5016 1322 5072 Sed
1352 5017 1818 5088 quisqueillorum
1851 5033 1881 5072 a
1903 5020 2007 5088 pri-

441 5123 528 5162 mo
559 5108 624 5161 ad
651 5109 1009 5163 novissimum
1043 5123 1401 5178 quoscunque
1429 5109 1786 5163 instituebant
1816 5123 1880 5164 ac
1901 5109 2002 5164 dov

443 5200 653 5264 ccbant,
707 5203 772 5255 ad
810 5202 989 5272 ipsum
1039 5201 1258 5272 Moysen
1307 5203 1693 5265 remittebant,
1744 5210 1908 5274 atque
1949 5205 2002 5261 in

441 5299 538 5345 hoc
572 5292 826 5362 populum
874 5292 1359 5362 reprehendebant,
1409 5293 1551 5362 quod
1586 5292 1787 5364 Moysis
1833 5296 2000 5366 legem

442 5395 546 5432 non
595 5389 890 5445 servasset,
948 5381 1042 5436 sed
1097 5392 1286 5435 contra
1342 5382 1485 5434 illam
1539 5382 1778 5448 fecisset,
1828 5400 2005 5455 neque

434 5472 586 5530 illum
634 5471 699 5523 ad
748 5472 1043 5542 quidquam
1094 5472 1244 5539 aliud.
1279 5472 1663 5538 hortabantur,
1705 5474 1810 5530 nisi
1841 5474 1908 5529 ad
1939 5491 2001 5529 ea

380 5643 404 5670 ρ
503 5626 551 5659 θ’
587 5619 742 5679 Deut.
789 5639 944 5682 xmt.
977 5627 1064 5695 l8,
1090 5625 1172 5681 19.
1249 5628 1292 5661 ⁸⁷
1326 5625 1674 5693 Ιθὶι1.15,16.

2122 1794 2276 1866 ἡμῶν
2317 1795 2521 1866 Ἰησοῦν
2554 1796 2642 1848 τὸν
2678 1795 2909 1867 Χριστὸν
2944 1796 3037 1850 τοῦ
3064 1796 3198 1850 Θεοῦ
3249 1795 3564 1849 συνίσταται
3591 1810 3696 1850 πε-

2121 1887 2226 1958 πλη
2234 1888 2467 1959 ρωμένα.

2119 2089 2196 2145 B’.
2255 2093 2444 2155 Ὅπως
2487 2090 2618 2158 περὶ
2667 2090 2774 2143 τοῦ
2823 2089 3081 2160 Χριστοῦ
3131 2091 3596 2160 προανεςρώνουν
3634 2093 3697 2149 οι

2584 2160 2858 2227 Ἐϐραίων
2889 2159 3205 2230 προφῆται.

2190 2250 2409 2322 Πρῶτος
2437 2250 2726 2323 προφητῶν
2742 2253 2874 2305 Μωῦ
2883 2253 2979 2324 σῆς
2998 2253 3084 2306 ἒτε
3091 2271 3183 2326 ρον
3202 2255 3482 2327 προφήτην
3505 2255 3697 2326 ὅμοιον

2119 2342 2266 2412 αὖτῷ
2309 2342 2714 2413 ἁναστήσασθαι
2768 2344 3196 2413 εὐαγγελίζεται.
3253 2346 3461 2417 Ἐπειδὴ
3501 2345 3610 2418 γάρ
3651 2346 3692 2420 ή

2118 2438 2236 2492 κατ’
2271 2436 2432 2489 αὐτὸν
2463 2435 2753 2506 νομοθεσία
2799 2437 2945 2508 μόνῳ
2988 2436 3065 2508 τῷ
3109 2437 3371 2491 Ἰουδαίων
3411 2437 3694 2510 προσῆκεν

2118 2528 2278 2591 ἐθνεί,
2300 2527 2394 2582 καὶ
2424 2528 2596 2599 τούτῳ
2623 2529 2716 2582 ἐπὶ
2752 2529 2849 2599 τῆς
2879 2529 3134 2593 Ἰουδαίας
3161 2524 3285 2600 γῆς,
3313 2531 3346 2601 ἦ
3389 2530 3529 2601 ἀμφὶ
3555 2527 3696 2582 ταῦ-

2115 2637 2235 2694 την,
2264 2622 2385 2693 οὐχὶ
2424 2621 2480 2675 δὲ
2527 2623 2621 2675 καὶ
2656 2622 2735 2692 τῷ
2765 2622 3102 2694 πορρωτάτω
3133 2624 3231 2694 τῆς
3261 2622 3565 2692 ἀλλοδαπῆς
3587 2622 3694 2677 δια⁹

2114 2713 2354 2787 τρίϐοντι
2389 2713 2667 2768 συνῶπται
2709 2713 2797 2768 διὰ
2831 2713 2938 2767 τῶν
2979 2712 3211 2786 πρόσθεν
3236 2715 3383 2784 ,ἡμῖν
3413 2730 3690 2785 γεγυμνα-

2117 2789 2348 2878 σμένων,
2373 2807 2511 2878 χρῆν
2534 2807 2591 2861 δὲ
2617 2807 2786 2878 δήπου
2813 2805 2904 2859 τὸν
2943 2806 3016 2878 μὴ
3047 2806 3205 2876 μόνον
3242 2806 3509 2860 Ἰουδαίων
3538 2806 3691 2870 Θεὸν,

2115 2898 2251 2952 ἀλλά
2283 2900 2377 2952 καὶ
2407 2899 2596 2961 ἐθνῶν,
2638 2898 2733 2952 καὶ
2774 2898 2842 2952 τὰ
2886 2899 3018 2951 πᾶσι
3053 2900 3166 2960 τοῖς
3216 2896 3394 2951 ἔθνεσι
3441 2897 3692 2970 λυσιτελῆ

2115 2989 2252 3062 πρὸς
2286 2992 2385 3062 τὴν
2421 2990 2584 3043 αὐτοῦ
2623 2989 2822 3059 γνῶσίν
2853 3007 2911 3043 τε
2946 2992 3040 3043 καὶ
3071 2986 3350 3043 εὐσὲὁειαν
3390 2993 3709 3062 παρασχεῖν.

2117 3082 2195 3152 τῷ
2229 3082 2349 3153 βίῳ·
2400 3083 2623 3146 εἰκότως
2656 3084 2940 3155 προφήτην
2983 3084 3164 3155 ἕτερον
3206 3085 3329 3136 κατ’
3374 3083 3527 3137 οὐδὲν
3565 3085 3693 3137 ἀπο-

2116 3173 2300 3227 δέοντα
2330 3174 2431 3245 τῆς
2463 3177 2582 3228 κατ’
2629 3173 2788 3228 αὐτὸν
2830 3176 3137 3246 οἰκονομίας
3168 3176 3232 3228 ἐκ
3275 3174 3369 3228 τοῦ
3419 3175 3689 3229 Ἰουδαίων

2116 3264 2300 3329 εθνους
2328 3268 2649 3338 ἀναστήσειν
2680 3267 2769 3321 διὰ
2799 3266 3046 3339 χρησμοῦ
3085 3266 3352 3332 θεσπίζει,
3396 3267 3585 3322 τοῦτον
3615 3269 3694 3320 εί-

2117 3359 2344 3429 ρηκότος
2377 3358 2542 3413 αὐτοῦ
2595 3359 2688 3412 τοῦ
2750 3358 2884 3411 Θεοῦ
2929 3345 3019 3412 τόν
3060 3361 3279 3429 τρόπον’
3322 3379 3340 3412 ι
3396 3360 3694 3432 Προφήτην

2114 3450 2406 3521 ἀναστήσω
2430 3452 2612 3513 αὐτοῖς
2633 3452 2696 3504 ἐκ
2726 3450 2834 3504 τῶν
2865 3450 3107 3520 ἀδελφῶν
3138 3453 3336 3516 αὐτῶν,
3369 3453 3559 3525 ῶσπερ
3605 3453 3693 3520 σὲ,

2116 3544 2212 3598 καί⁵
2241 3543 2396 3598 δώσω
2427 3546 2488 3598 τὸ
2516 3546 2667 3616 ῥῆμά
2692 3563 2792 3616 μου
2824 3547 2880 3597 ὲν
2903 3545 2980 3615 τῷ
3007 3546 3234 3617 στόματι
3267 3544 3454 3611 αὑτοῦ,
3486 3549 3580 3601 καὶ
3598 3547 3693 3602 λαο

2111 3634 2265 3707 λήσει
2311 3638 2491 3700 αὐτοῖς
2542 3637 2663 3691 καθ’
2693 3639 2721 3691 ὅ
2760 3653 2811 3689 τι
2849 3638 2913 3690 ἀν
2945 3637 3273 3710 ὲντέλλωμαι
3314 3638 3480 3711 αὐτῷ’
3522 3642 3616 3694 καὶ
3660 3641 3693 3696 6

2112 3724 2395 3798 ἄνθρωπος
2423 3727 2483 3791 ὃς
2504 3726 2570 3781 ἂν
2596 3728 2669 3799 μὴ
2702 3728 2909 3801 ἀκούσῃ
2930 3728 3037 3782 τῶν
3061 3728 3232 3798 λόγων
3258 3728 3445 3793 αὐτοῦ,
3484 3732 3587 3786 ὅσα
3621 3731 3693 3787 ἂν

2114 3816 2325 3890 λαλήσῃ
2353 3820 2381 3870 ό
2412 3821 2696 3892 προφήτης
2724 3820 2816 3874 ἐπὶ
2847 3821 2923 3892 τῷ
2969 3820 3191 3892 ὀνόματί
3236 3839 3355 3892 μου,
3398 3821 3507 3891 ἐγὼ
3545 3823 3692 3878 ἐκδι-

2112 3914 2266 3984 κήσω
2293 3913 2350 3979 ἐξ
2376 3913 2558 3966 αὐτοῦε
2602 3932 2621 3965 ι
2652 3913 2730 3966 Τὰ
2759 3913 2918 3984 ὃμοια
2943 3912 2998 3966 δὲ
3043 3913 3137 3967 καὶ
3175 3914 3336 3978 αὐτὸς
3369 3915 3399 3969 ὁ
3448 3915 3691 3986 Μωῦσῆς

2112 4004 2248 4075 πρὸς
2268 3992 2358 4056 τὸν
2383 4003 2509 4062 λαὸν
2538 4005 2613 4057 διε
2625 4005 2904 4075 ρμηνεύων
2927 4004 2986 4056 τὸ
3008 4004 3100 4058 τοῦ
3134 4004 3267 4058 Θεοῦ
3298 4002 3500 4074 λόγιον,
3528 4005 3685 4077 φησί.

2117 4113 2135 4144 ι
2177 4095 2462 4166 Προφήτην
2493 4096 2554 4148 ὲκ
2577 4095 2685 4149 τῶν
2709 4094 2947 4163 ἀδελφῶν
2977 4095 3127 4166 ὑμῶν
3157 4095 3234 4158 ὡς
3260 4094 3358 4166 ἐμὲ
3397 4096 3690 4168 ἀναστήσει

2111 4185 2314 4257 Κύριος
2350 4188 2378 4238 ὁ
2420 4187 2551 4250 Θεὸς
2598 4203 2713 4250 σου,
2775 4188 2938 4240 αὑτοῦ
2972 4186 3268 4240 ἀκούσεσθε
3315 4189 3456 4241 κατά
3508 4188 3691 4244 πάντα

2110 4279 2211 4333 ὅσα
2238 4281 2424 4351 ᾐτήσω
2449 4279 2599 4351 παρά
2626 4279 2830 4350 Κυρίου
2856 4279 2949 4334 τοῦ
2973 4280 3109 4334 Θεοῦ
3139 4282 3197 4334 ὲν
3226 4280 3426 4351 Χωρήό
3453 4283 3519 4351 τῇ
3550 4280 3690 4351 ήμέ-

2115 4390 2186 4445 ρα
2214 4374 2312 4444 τῆς
2351 4367 2690 4444 Ἐκκλησίας.
2730 4393 2748 4425 ι
2786 4369 2912 4445 Ἆρ’
2936 4369 3026 4427 οὖν
3055 4375 3104 4426 oi.
3130 4374 3265 4444 μετά
3285 4373 3521 4427 Μωῡσέα
3554 4390 3688 4444 προ-

2111 4465 2296 4535 φῆται,
2358 4465 2601 4527 Ἡσαΐας,
2646 4464 2799 4536 φέρε,
2922 4463 3203 4536 Ἱερεμίας,
3241 4463 3272 4536 ἢ
3319 4463 3597 4534 Ἰεζεκιὴλ,
3649 4463 3684 4536 ἢ

2109 4557 2326 4629 Δανιὴλ,
2379 4554 2412 4628 ή
2448 4573 2532 4621 τις
2569 4558 2756 4629 ἕτερος
2789 4559 2900 4612 τῶν
2941 4557 3168 4623 δώδεκα,
3195 4560 3418 4612 Μωῦσεῐ
3446 4557 3685 4629 κατέστη

2110 4649 2487 4723 παραπλήσιος
2535 4650 2866 4722 νομοθέτης;
2902 4651 3169 4723 οὐδαμῶς.
3228 4650 3386 4705 Ἀλλά
3428 4650 3498 4704 τὰ
3524 4650 3687 4722 ὅμοιά

2109 4759 2192 4806 τις
2216 4742 2437 4797 ἐκείνων
2461 4743 2683 4795 Μωῦσεί
2710 4737 3143 4813 διαπέπρακταις
3175 4744 3275 4797 οὐκ
3313 4744 3458 4798 ἐστιν
3486 4746 3681 4797 εἰπεῖν.

2112 4834 2380 4897 Ἕκαστος
2402 4833 2530 4902 γοῦν
2553 4834 2731 4888 αὐτῶν
2752 4835 2858 4888 ἀπὸ
2886 4834 3099 4907 πρώτου
3127 4837 3220 4890 καλ⁸
3257 4837 3335 4900 είς
3372 4833 3463 4888 τὸν
3499 4834 3684 4888 τελευ-

2111 4930 2279 4989 ταῖον,
2311 4927 2401 4979 ἐπὶ
2431 4927 2669 4980 Μωῦσέα
2683 4929 2809 4991 τοὺς
2827 4927 3205 4999 ἀκροωμένους
3227 4927 3559 4997 ἀνέπεμπον,
3588 4926 3682 4981 καὶ

2111 5019 2202 5070 τόν
2224 5034 2284 5086 γε
2317 5017 2458 5072 κατά
2478 5017 2572 5072 τοῦ
2598 5014 2721 5072 λαοῦ
2742 5019 2958 5089 ἔλεγχον
2981 5019 3068 5073 διὰ
3092 5019 3189 5083 τὰς
3217 5019 3558 5092 παραϐάσεις
3584 5017 3680 5074 τοῦ

2112 5109 2390 5173 Μωῦσέως
2404 5110 2682 5164 ἐποιοῦντο
2696 5112 2881 5183 νόμου,
2910 5111 3249 5184 προῦτρεπόν
3272 5129 3331 5165 τε
3368 5112 3516 5166 οὐδὲν
3553 5111 3681 5166 ἄλλο

2111 5199 2144 5272 ἢ
2168 5201 2276 5255 τῶν
2301 5203 2451 5274 παρὰ
2475 5204 2608 5256 Μωῦ
2618 5205 2698 5256 σεῖ
2720 5203 3224 5275 νενομοθετημένων
3246 5202 3545 5275 ὲξέχεσθαι.
3582 5202 3684 5257 Οὐ-

2110 5292 2232 5346 δένα
2263 5292 2393 5360 γοῦν
2416 5292 2618 5347 τούτων
2656 5295 2856 5365 ὅμοιον,
2891 5295 3131 5366 Μωῦσῆς
3160 5294 3220 5349 δὲ
3250 5295 3377 5367 περὶ
3408 5294 3525 5359 ἑνὸς
3556 5293 3683 5364 ὡρεο

2114 5384 2324 5456 σμένως
2360 5386 2648 5454 ἀναφωνεῖ.
2690 5387 2733 5439 Τ
2739 5387 2821 5441 ίνα
2857 5386 3032 5442 τοίνυν
3068 5389 3097 5441 ό
3141 5387 3386 5459 χρησμὸς
3432 5384 3678 5450 θεσπίζει

2109 5477 2333 5531 Μωῦσεῖ
2363 5479 2739 5551 παραπλήσιον
2773 5478 2988 5534 ἔσεσθαι
3017 5482 3297 5550 προφήτην
3332 5479 3364 5549 ἢ
3399 5478 3558 5549 μόνον
3583 5476 3679 5534 τὶν
