3930 6202
244 310 344 368 169

1111 302 1757 362 DEMONSTRATIONlS
1795 298 2258 357 EVANGELICE
2297 299 2427 360 LIB.
2462 298 2550 355 lll.

3360 304 3460 364 l70

232 425 464 497 Σωτῆρα
512 426 607 479 καὶ
651 422 852 496 Κύριον
899 423 1073 494 ἡμῶν
1114 422 1323 495 Ἰησοῦν
1371 421 1462 474 τὸν
1524 419 1792 493 Χριστόνς

1906 416 2126 473 firmiter
2169 416 2424 481 tenenda,
2468 432 2588 487 qua
2636 416 2691 471 in
2731 416 2847 487 lege
2882 414 3049 473 Musis
3091 417 3266 488 posita
3308 430 3458 475 sunt.

235 518 425 580 Ὅπως
476 515 533 569 δὲ
562 514 707 568 τοῦτ’
753 516 959 587 εἴρηται
983 554 997 579 ,
1039 514 1426 585 διασκέψασθαι
1480 515 1790 582 ἀναγκαῖον.

230 605 476 675 Μωῦσῆς
527 604 741 675 πρῶτος
791 606 1027 674 ἡγήσατο
1091 603 1185 657 τοῦ
1255 602 1515 656 Ἰουδαίων
1587 600 1790 662 ἔθνους.

232 694 425 765 Εὑρὼν
444 696 501 749 δὲ
528 695 724 756 αὐτοὺς
747 697 811 765 τῇ
836 698 976 748 κατὰ
1001 693 1328 762 Αίγυπτίους
1355 692 1599 762 πολυθέῳ
1619 690 1794 762 πλάνῃ

232 786 630 857 προσέχοντας,
703 786 915 856 πρῶτος
981 785 1077 856 μὲν
1150 785 1350 857 ταύτης
1415 784 1750 854 ἀπέστρεψεν
1777 823 1792 845 ,

228 878 623 947 ἀπαραιτήτοις
651 877 941 947 τιμωρίαις
968 875 1344 947 ἀπαγορεύσας
1376 874 1793 945 εἰδωλολατρεῖν·

232 965 452 1032 πρῶτος
481 964 538 1017 δὲ
565 965 746 1027 αὐτοῖς
785 966 877 1018 καὶ
916 966 1013 1035 τὴν
1040 966 1165 1037 περὶ
1197 966 1487 1037 μοναρχίας
1522 964 1795 1032 θεολογίαν

232 1053 581 1124 κατήγγειλε,
610 1054 700 1106 τὸν
722 1054 829 1106 τῶν
858 1056 1112 1108 ἁπάντων
1134 1056 1492 1127 Δημιουργον.
1519 1056 1612 1109 καὶ
1639 1072 1795 1125 ποιη-

230 1146 333 1217 τὴν
368 1146 525 1216 μόνον
562 1145 933 1216 παραγγείλας
986 1145 1180 1199 σέϐειν·
1211 1146 1423 1217 πρῶτος
1450 1145 1504 1197 δὲ
1532 1147 1624 1197 καὶ
1648 1146 1794 1211 ἀγω-

228 1241 334 1308 γήν
368 1255 486 1291 τινα
538 1237 816 1301 θεοσεϐοῦς
862 1238 976 1307 βίου
1008 1240 1120 1299 τοῖς
1157 1238 1337 1300 αὐτοῖς
1385 1236 1791 1306 διαταξάμενος,

228 1327 525 1398 νομοθέτης
547 1329 728 1390 αὐτοῖς
759 1326 1012 1390 εὐσεϐοῦς
1040 1328 1306 1390 πολιτείας
1334 1327 1541 1398 πρῶτος
1569 1326 1662 1379 καὶ
1696 1326 1793 1397 μό-

227 1436 324 1483 νος
346 1420 735 1474 ἀποδέδεικται.
754 1420 911 1472 Ἀλλά
939 1420 1033 1473 καὶ⁵
1072 1420 1276 1490 Ἰησοῦς
1309 1422 1336 1473 ὁ
1363 1420 1595 1491 Χριστὸς
1628 1420 1791 1472 Μωῦ-

230 1513 321 1562 uel
354 1511 761 1582 παραπλησίως,
793 1512 887 1565 καὶ
922 1512 1053 1564 πολύ
1087 1512 1409 1582 κρειττόνως
1446 1512 1657 1581 πρῶτος
1694 1512 1794 1581 τῆς

225 1605 355 1657 κατ’
390 1603 665 1656 εὐσέϐειαν
696 1604 1044 1667 διδασκαλίας
1091 1608 1202 1667 τοῖς
1235 1604 1439 1666 λοιποῖς
1470 1601 1645 1656 ἔθνεσι
1695 1621 1794 1656 κα-

228 1694 508 1765 θηγήσατο
541 1696 635 1750 καὶ
675 1696 888 1767 πρῶτος
915 1697 1221 1767 ἀνατροπὴν
1246 1696 1347 1765 τῆς
1382 1695 1501 1749 καθ’
1537 1696 1664 1766 ὃλην
1695 1695 1793 1765 τὴν

1899 506 2117 561 Nullum
2177 508 2343 579 igitur
2383 508 2578 562 horum
2620 508 2696 561 illi
2734 509 2966 564 similem
3013 509 3217 566 dixeris
3251 530 3264 567 :
3311 512 3462 583 atqui

1902 600 2078 655 Moses
2109 600 2177 655 de
2215 615 2325 655 uno
2368 599 2631 654 duntaxat
2673 608 2818 655 certe
2848 615 2912 655 ac
2948 600 3166 658 deﬁnite
3200 604 3461 674 loquitur.

1900 692 2198 757 Quemnam
2218 690 2380 760 igitur
2397 690 2559 742 alium
2580 687 2714 743 Mosi
2728 689 2959 744 similem
2982 689 3222 745 futurum
3239 696 3466 765 prophe-

1900 790 2009 836 tam
2039 782 2186 836 canit
2215 782 2499 835 oraculum
2524 781 2675 843 illud,
2695 782 2800 835 nisi
2837 782 3171 839 Salvatorem
3202 794 3257 840 et
3285 787 3466 842 Domi-

1902 889 2029 927 num
2060 881 2303 928 nostrum
2322 870 2505 927 Jesum
2525 871 2799 927 Christum
2817 873 2840 925 ?
2857 872 3138 939 Quomodo
3160 886 3339 931 autem
3362 878 3466 933 hoc

1900 965 2100 1020 dictum
2120 965 2527 1035 sit,diligentius
2542 967 2895 1036 contemplari
2912 981 3132 1022 necesse
3143 966 3468 1027 est.Primus

1902 1057 2077 1112 Moses
2099 1059 2241 1125 genti
2269 1056 2507 1112 Iudaica:
2530 1056 2767 1127 praefuit:
2789 1075 3023 1128 cumque
3046 1076 3139 1116 eos
3173 1062 3467 1133 deprehen-

1900 1150 2069 1206 disset
2093 1148 2363 1221 Egyptiis
2390 1151 2891 1221 superstitionibus.
2912 1154 3312 1225 multorumque
3343 1157 3468 1212 deo-

1901 1260 2020 1297 rum
2038 1244 2185 1298 cultu
2204 1243 2513 1312 implicitos,
2532 1243 2742 1313 primus
2760 1244 2828 1297 ab
2846 1244 2910 1299 iis
2929 1244 3048 1299 illos
3066 1246 3278 1309 avertit,
3298 1248 3470 1303 inevi-

1902 1335 2159 1389 tahilibus
2176 1335 2457 1404 suppliciis
2471 1334 2707 1388 cultores
2723 1334 3137 1389 simulacrorum
3161 1336 3461 1393 deterrens:

1899 1426 2002 1495 91
2035 1434 2088 1480 et
2138 1426 2346 1495 primus
2401 1428 2481 1480 eis
2535 1427 2859 1497 theologiam
2908 1428 3164 1489 ostendit,
3197 1444 3315 1483 eam
3349 1444 3469 1499 quat

1901 1520 2065 1574 unius
2086 1519 2449 1589 principatum
2474 1519 2652 1583 docet,
2678 1519 3040 1589 praecepitque
3072 1527 3128 1572 ut
3159 1535 3322 1573 unum
3352 1521 3471 1591 opi-

1902 1610 2053 1664 ﬁcem
2109 1620 2492 1680 auctoremque
2542 1626 2720 1665 rerum
2771 1611 3011 1665 omnium
3045 1612 3283 1666 colerent
3315 1630 3327 1665 :
3356 1613 3469 1682 pri-

1902 1721 2024 1760 mus
2064 1705 2227 1759 etiam
2282 1704 2547 1772 religiosae
2573 1704 2696 1757 vita:
2723 1704 2829 1759 illis
2858 1704 3250 1759 institutionem
3276 1722 3469 1773 quam-

227 1788 556 1857 οίκουμένην
607 1788 1043 1860 είδωλολατρείας
1097 1788 1416 1859 εἰργάσατο·
1474 1786 1687 1859 πρῶτος
1737 1803 1795 1839 τε

1906 1792 2020 1845 [iam
2080 1791 2372 1859 disponens
2422 1799 2584 1861 atque
2643 1793 2949 1860 assignans,
3002 1795 3103 1861 pia).
3158 1804 3469 1864 sanctzequs

229 1880 327 1949 τὴν
352 1880 471 1942 ἑνὸς
501 1879 594 1932 τοῦ
626 1880 1007 1951 παμϐασιλέως
1036 1880 1168 1933 Θεοῦ
1194 1879 1394 1948 γνῶσίν
1424 1896 1483 1931 τε
1518 1879 1612 1931 καὶ
1643 1878 1795 1930 εὐσέ-

230 1973 384 2026 ϐειαν
425 1975 588 2026 πᾶσιν
623 1971 927 2044 ἀνθρώποις
971 1970 1328 2043 προύϐάλετο,
1360 1970 1545 2024 καινοῦ
1587 1986 1646 2022 τε
1682 1968 1795 2039 βίου

230 2067 325 2118 xa'l
346 2064 616 2128 πολιτείας
643 2065 913 2119 θεοσεϐέσι
939 2063 1315 2135 προσηκούσης
1332 2062 1545 2134 πρῶτος
1566 2064 1795 2130 εἰσαγω-

229 2160 362 2226 γεὺς
404 2158 499 2210 καὶ
529 2157 820 2228 νομοθέτης
860 2157 1250 2209 ἀποδέδεικται.
1300 2155 1409 2208 Καὶ
1441 2155 1507 2208 τὰ
1552 2154 1712 2208 λοιπά
1741 2154 1798 2207 δὲ

229 2249 300 2303 τὰ
329 2250 458 2321 περὶ
482 2248 687 2320 κόσμου
725 2249 1006 2317 γενέσεως,
1032 2247 1126 2300 καὶ
1149 2246 1215 2300 τὰ
1244 2248 1371 2317 περὶ
1397 2246 1571 2317 ψυχῆς
1598 2246 1798 2299 ἀθανα-

233 2341 378 2403 σίας,
409 2341 500 2394 καὶ
521 2341 621 2394 ὅσα
647 2340 780 2394 ἄλλα
809 2340 1070 2409 φιλόσοφα
1096 2339 1338 2409 δόγματα
1378 2338 1593 2410 πρῶτος
1631 2339 1798 2391 Μωύ-

234 2428 337 2498 σῆς
366 2429 446 2499 τῷ
491 2429 759 2483 Ἰουδαίων
795 2428 1107 2501 παρέδωκεν
1153 2428 1327 2493 ἔθνει,
1359 2428 1530 2481 ταῦτα
1571 2426 1797 2497 θεοπρε-

235 2523 496 2592 πὲστερον
528 2521 743 2593 πρῶτος
770 2524 880 2585 τοῖς
912 2522 1114 2586 λοιποῖς
1138 2521 1346 2575 ἔθνεσιν
1380 2517 1586 2589 Ἰησοῦς
1609 2522 1636 2573 ὁ
1667 2521 1799 2590 Χρι-

235 2612 358 2674 στὸς
412 2611 500 2665 διὰ
551 2612 661 2665 τῶν
705 2611 868 2665 αὐτοῦ
924 2610 1181 2683 μαθητῶν
1227 2610 1618 2680 κατήγγειλεν·
1659 2608 1798 2664 ὥστε

236 2704 471 2756 Μωῦσέα
513 2703 612 2774 μὲν
659 2702 884 2766 εἰκότως
917 2702 1132 2775 πρῶτον
1177 2704 1271 2756 καὶ
1318 2702 1474 2773 μόνον
1520 2700 1799 2765 εὐσεϐείας

236 2792 529 2864 νομοθέτην
573 2792 969 2863 ἀνηγορεῦσθαι
1012 2792 1304 2857 Ἰουδαίων,
1363 2792 1568 2862 Ἰησοῦν
1615 2792 1672 2845 δὲ
1706 2791 1800 2844 τὸν

237 2884 466 2954 Χριστὸν
490 2883 598 2937 τῶν
623 2883 792 2937 ἐθνῶν
815 2884 1086 2946 ἁπάντων,
1112 2882 1253 2936 κατά
1276 2881 1372 2953 τὴν
1399 2885 1646 2953 φήσασαν
1672 2881 1799 2951 περὶ

238 2975 404 3029 αὐτοῦ
434 2976 796 3048 προφητείαν·
825 2996 843 3026 ι
878 2975 1251 3047 Κατάστησον,
1282 2974 1471 3044 Κύριε,
1507 2972 1798 3045 νομοθέτην

1899 1880 2210 1951 reipublicae
2242 1880 2349 1933 illis
2379 1891 2569 1934 auctor
2598 1891 2653 1935 et
2678 1882 2887 1950 primus
2910 1890 2963 1937 et
2987 1884 3138 1937 solus
3166 1884 3417 1953 apparuit
3449 1901 3465 1941 :

1901 1972 2048 2041 atqui
2091 1969 2250 2025 Jesus
2277 1987 2492 2040 quoque
2520 1971 2773 2028 Christus
2804 1974 2947 2028 sicut
2980 1972 3156 2029 Moses
3186 1974 3463 2037 similiter,

1899 2077 1963 2115 ac
2019 2063 2188 2116 multo
2235 2062 2451 2132 quidem
2506 2065 2903 2121 excellentius:
2940 2067 3031 2135 qui
3089 2066 3298 2135 primus
3344 2066 3465 2134 ejus

1899 2152 2179 2213 doctrinae.
2235 2168 2356 2224 quae
2402 2170 2582 2209 veram
2629 2155 2941 2225 religionem
2978 2157 3213 2211 instituit
3245 2159 3469 2229 reliquis

1899 2244 2172 2314 gentibus,
2221 2253 2413 2297 auctor
2465 2252 2520 2298 et
2566 2248 2826 2315 magister
2867 2246 2990 2312 fuit,
3049 2255 3103 2301 et
3136 2248 3344 2317 primus
3372 2265 3470 2319 per

1900 2342 2069 2388 ιοιυιιι
2108 2343 2375 2389 terrarum
2407 2334 2593 2388 orbem
2645 2336 3060 2392 simulacrorum
3086 2341 3292 2393 cultum
3315 2354 3470 2394 ονοεο

1899 2426 1984 2490 tit,
2018 2425 2333 2496 primusque
2385 2423 2550 2479 unius
2603 2426 2846 2480 omnium
2886 2427 3029 2496 regis
3073 2426 3166 2482 Dei
3204 2429 3470 2498 cognitio.

1902 2533 2024 2572 nem
2075 2527 2128 2572 et
2182 2519 2540 2572 reverentiam
2591 2518 2803 2572 cunctis
2831 2519 3069 2573 ostendit
3109 2519 3421 2575 hominibus
3450 2559 3467 2585 ,

1901 2624 2160 2678 novzeque
2221 2609 2343 2663 vita:
2389 2624 2454 2663 ac
2503 2609 2608 2678 piis
2662 2609 2974 2665 hominibus
3027 2612 3465 2674 accommodatae,

1900 2701 2210 2770 reipublicae
2239 2702 2450 2771 primus
2486 2698 2849 2764 introductor,
2868 2700 3108 2772 legisque
3130 2702 3268 2756 lator
3299 2704 3471 2757 exsti-

1901 2794 1984 2846 tit.
2011 2793 2091 2847 Ad
2127 2793 2261 2856 haec,
2290 2807 2351 2847 ea
2380 2806 2501 2861 qua:
2533 2790 2599 2847 de
2623 2792 2811 2846 mundi
2843 2803 2989 2857 ortu,
3023 2800 3077 2849 et
3104 2809 3225 2865 qua:
3252 2794 3320 2849 de
3345 2795 3468 2848 ani-

1900 2900 2002 2939 ma:
2028 2884 2433 2939 immortalitate
2466 2882 2734 2951 feruntur,
2767 2885 2980 2955 aliaque
3012 2885 3194 2939 omnia
3238 2885 3474 2955 philoso-

1900 2977 2060 3049 phica
2107 2983 2375 3048 pracepta
2414 2991 2753 3047 quaecunque
2781 2976 3024 3046 ejusdem
3065 2985 3193 3032 sunt
3233 2978 3468 3047 generis,

236 3069 326 3121 ἐπ’
370 3068 596 3132 αὐτούς·
644 3067 937 3137 γνώτωσαν
983 3068 1130 3138 ἔθνη,
1171 3067 1252 3119 ὅτι
1285 3065 1557 3138 ἄνθρωποί
1599 3068 1722 3118 είσι.
1776 3084 1795 3117 ι

1906 3073 2114 3143 primus
2149 3072 2324 3128 Moses
2356 3070 2664 3127 Iudaeorum
2698 3073 2920 3127 tradidit
2960 3066 3187 3124 nationi.
3217 3068 3320 3124 Sed
3354 3069 3469 3124 haec

236 3161 408 3216 Πάλιν
427 3162 657 3231 Μωῦσῆς
677 3160 994 3231 θαυμασίοις
1021 3160 1201 3230 ἔργοις
1224 3159 1315 3211 καὶ
1338 3156 1804 3228 παραδοξοποιίαις

236 3254 344 3324 τὴν
379 3254 513 3323 πρὸς
560 3252 715 3305 αὐτοῦ
749 3251 1208 3319 καταγγελθεῖσαν
1254 3249 1530 3302 εὐσέϐειαν
1574 3244 1805 3298 ἐπωτίδ-

247 3363 400 3399 σατο.
442 3345 702 3409 Ὡσαύτως
732 3346 790 3399 δὲ
829 3347 922 3397 καὶ
949 3347 977 3397 ὁ
1009 3342 1260 3414 Χριστὸς,
1289 3344 1408 3404 ταῖς
1437 3339 1803 3409 ἀναγράπτοις

243 3438 702 3509 Θαυματουργίαις
734 3437 866 3507 πρὸς
899 3436 1078 3488 πίστιν
1110 3434 1217 3486 τῶν
1242 3431 1489 3505 ὁρώντων
1529 3431 1803 3502 κεχρημέ-

239 3548 352 3594 νος,
387 3530 455 3583 τά
499 3530 658 3585 καινά
703 3530 803 3599 τῆς
841 3528 1197 3597 εὐαγγελικῆς
1248 3525 1589 3587 διδασκαλίας
1640 3522 1801 3577 αὐτοῦ

243 3624 538 3694 μαθήματα
566 3624 789 3693 σνιεστή
798 3637 942 3674 σατο.
971 3619 1138 3673 Πάλιν
1154 3618 1388 3689 Μωῦσῆς
1403 3620 1468 3683 ὲκ
1494 3618 1691 3688 πικρᾶς
1707 3615 1805 3686 τῆς

240 3718 331 3771 ὐπ’
368 3715 682 3785 Αἰγυπτίοις
702 3714 941 3777 δουλείας
969 3714 1030 3767 τὸ
1071 3712 1332 3765 Ἰουδαίων
1362 3710 1511 3773 ἔθνος
1540 3712 1619 3772 είς
1651 3709 1803 3760 ὲλευ-

238 3809 424 3881 θερίαν
470 3808 864 3879 μετεστήσατο·
910 3805 1006 3859 καὶ
1052 3802 1258 3874 Ἰησοῦς
1300 3802 1356 3855 δὲ
1397 3804 1426 3855 ὁ
1464 3800 1698 3873 Χριστὸς
1741 3801 1808 3852 ὲκ

238 3901 339 3970 τῆς
368 3900 472 3952 ὐπὸ
497 3902 608 3961 τοῖς
637 3899 889 3968 πονηροῖς
928 3896 1142 3966 δαίμοσι
1179 3893 1468 3958 δυσσεϐοῦς
1508 3894 1601 3948 καὶ
1638 3894 1807 3961 Δίγυ-

243 3991 483 4061 πτιακῆς
520 3989 956 4061 είδωλολατρείας
1000 3986 1432 4058 είςηὲλευθερίαν
1480 3986 1541 4038 τὸ
1590 3986 1807 4039 πάντων

242 4078 546 4150 ἀνθρώπων
593 4079 747 4147 γένος
787 4077 1162 4133 ἀνεκαλέσατο.
1212 4076 1378 4130 Πάλιν
1418 4075 1656 4144 Μωῦσῆς
1703 4077 1808 4147 γῆν

245 4172 409 4240 ἁγίαν
450 4170 543 4224 καὶ
589 4170 809 4241 θεοφιλῆ
856 4168 967 4239 βίον
1020 4171 1076 4222 ὲν
1119 4168 1289 4242 ταύτῃ
1334 4170 1427 4223 καὶ
1476 4169 1809 4241 μακαριστὸν

242 4267 357 4327 τοὶς
392 4264 502 4316 τῶν
536 4263 715 4332 νόμων
756 4260 980 4331 φύλαξιν
1018 4261 1409 4332 ἐπηγγείλατο·
1449 4260 1710 4325 ὡσαύτως
1750 4261 1808 4314 δὲ

244 4355 339 4409 καί
394 4352 596 4423 Ἰησοῦς
626 4354 656 4405 ὁ
692 4353 943 4421 Χριστὸς,
982 4370 1001 4405 t
1050 4351 1347 4421 Μακάριοι,
1390 4369 1408 4403 ι
1455 4351 1641 4421 φησὶν,
1681 4369 1702 4403 ι
1758 4352 1807 4405 οί

246 4447 469 4518 πραεῖς,
504 4446 585 4497 ὅτι
628 4445 778 4498 αὐτοὶ
814 4444 1280 4515 κληρονομήσουσι
1321 4444 1419 4514 τὴν
1444 4444 1569 4513 γῆν.
1613 4463 1631 4496 ι
1665 4444 1806 4497 Πολύ

249 4538 530 4608 κρείττονα
572 4537 694 4606 γῆν,
729 4536 939 4606 ἀληθῶς
971 4537 1064 4590 καὶ
1098 4538 1254 4605 ἁγίαν
1295 4538 1388 4590 καὶ
1418 4535 1658 4608 θεοφιλῆ,
1689 4537 1810 4607 οὐχὶ

248 4630 350 4701 τὴν
382 4630 473 4683 ἐπὶ
501 4629 601 4699 τῆς
651 4629 934 4692 Ἰουδαίας,
967 4630 1048 4682 δτι
1098 4629 1260 4701 μηδὲν
1301 4628 1402 4698 τῆς
1444 4628 1636 4698 λοιπῆς
1671 4629 1808 4701 αὐτη

246 4723 550 4792 διενήνοχεν
568 4760 582 4783 ,
613 4720 745 4774 ἀλλά
773 4721 870 4793 τὴν
901 4722 1018 4775 κατ’
1054 4720 1279 4792 οὐρανὸν
1309 4719 1508 4789 ψυχαῖς
1547 4720 1813 4790 φιλοθέοις

247 4816 647 4885 προσήκουσαν,
677 4817 788 4878 τοίς
827 4813 1144 4884 κατορθοῦσι
1179 4812 1269 4865 τὸν
1290 4814 1427 4885 πρὸς
1473 4813 1636 4867 αὐτοῦ
1677 4829 1811 4865 κατ-

245 4906 580 4977 ηγγελμένον
615 4905 724 4975 βίον
757 4905 1139 4975 ὑποσχόμενος.
1181 4906 1245 4958 ’Ὀ
1285 4905 1347 4976 δὴ
1407 4904 1500 4957 καὶ
1535 4904 1813 4975 παριστὰς

247 4998 587 5069 λευκότερον,
625 5001 735 5061 τοῖς
779 4998 915 5069 πρὸς
955 4997 1118 5050 αὐτοῦ
1155 4996 1610 5068 μακαριζομένοις
1657 4996 1808 5066 βασι-

245 5092 399 5145 λείαν
442 5090 684 5162 οὐρανῶν
722 5090 1067 5160 κατήγγειλε.
1118 5089 1227 5143 Καὶ
1272 5088 1436 5151 ἀλλας
1484 5088 1541 5141 δὲ
1586 5086 1814 5158 πράξεις

172 5228 179 5237 .
246 5183 432 5255 εὕροις
473 5182 538 5235 ἂν
565 5182 668 5234 ὐπὸ
702 5182 793 5235 τοῦ
824 5181 1071 5251 Σωτῆρος
1098 5179 1255 5252 ἡμῶν
1291 5179 1559 5251 κρείττονι
1594 5179 1630 5250 ἢ
1671 5178 1812 5232 κατά

245 5274 489 5331 Μωῦσέα
510 5273 731 5344 δυνάμει
760 5272 1061 5341 γεγονυίας,
1097 5270 1479 5342 παραπλησίας
1512 5286 1574 5337 γε
1604 5270 1707 5341 μὴν
1724 5265 1811 5333 αἷς

245 5366 346 5420 καὶ⁵
373 5365 403 5417 ὁ
429 5366 663 5429 Μωῡσῆς
687 5362 1028 5434 διεπράξατο.
1060 5356 1182 5415 υἷον
1212 5362 1287 5425 ὼς
1320 5362 1410 5414 ἐπὶ
1436 5361 1812 5432 παραδείγμαο

244 5470 359 5516 τος,
404 5452 643 5521 Mei-Bai};
666 5449 857 5521 ἐφεξῆς
883 5450 1289 5522 τεσσαράκοντα
1316 5452 1526 5524 ἡμέρας
1561 5450 1813 5522 ἐνήστευ-

1908 3162 2077 3215 multo
2132 3148 2398 3229 divinius,
2466 3166 2675 3233 primus
2729 3165 2939 3217 caeteris
3006 3163 3256 3234 gentibus
3311 3160 3471 3216 Jesus

1905 3240 2158 3310 Christus
2192 3273 2286 3326 per
2317 3274 2445 3313 suos
2482 3258 2780 3329 discipulos
2804 3258 3216 3320 demonstravit,
3248 3264 3306 3309 ut
3340 3270 3473 3312 sane

1906 3348 2100 3402 merito
2155 3348 2356 3403 Mosem
2402 3351 2635 3420 primum
2694 3351 2980 3421 solumque
3022 3349 3238 3419 pietatis
3293 3348 3470 3418 legum

1906 3438 2130 3494 latorem
2178 3438 2488 3495 Judaeorum
2541 3443 2812 3513 appellare
2867 3457 3080 3510 aequum
3138 3441 3230 3504 sit,
3286 3439 3473 3495 Jesum

1907 3539 2088 3584 autem
2124 3531 2401 3587 Christum
2453 3535 2693 3603 gentium
2743 3534 3139 3597 universarum,
3172 3533 3312 3588 sicut
3347 3545 3476 3603 prov-

1908 3622 2089 3692 pbetia
2115 3638 2235 3693 qua:
2251 3623 2316 3679 de
2347 3624 2438 3679 illo
2472 3636 2575 3689 est,
2604 3627 2750 3680 canit
2788 3647 2799 3680 :
2842 3645 2861 3679 ι
2896 3626 3199 3689 Constitue,
3226 3624 3471 3689 Domine,

1912 3713 2274 3782 Iegislatorem
2332 3731 2497 3786 super
2552 3732 2669 3782 eos,
2726 3725 3026 3787 agnoscant
3080 3725 3268 3786 gentes
3328 3715 3473 3786 quod

1908 3805 2155 3862 homines
2178 3810 2416 3865 suum.»
2449 3807 2624 3864 Moses
2653 3817 2906 3879 praeterea
2936 3808 3104 3878 gestis
3137 3807 3475 3862 mirabilibus

1908 3908 1963 3954 et
1991 3900 2273 3971 prodigiis,
2308 3902 2621 3971 religionem
2651 3916 2680 3954 a
2715 3915 2773 3955 se
2798 3900 3105 3963 institutam
3135 3909 3188 3953 et
3220 3899 3471 3953 traditam

1911 3989 2272 4045 conﬁrmavit.
2323 3988 2510 4046 Itidem
2564 3990 2816 4047 Christus
2867 3991 2935 4045 iis
2988 3990 3304 4053 miraculis,
3352 4002 3476 4059 qua

1912 4082 2074 4136 etiam
2105 4084 2325 4154 scriptis
2357 4082 2555 4138 tradita
2584 4098 2709 4140 esse
2742 4097 2932 4138 omnes
2960 4083 3213 4137 novimus
3248 4080 3316 4136 ad
3346 4080 3476 4134 ﬁde.

1914 4172 2044 4227 lium
2070 4174 2392 4231 intuentium
2423 4190 2581 4239 usus,
2654 4174 2811 4232 novis
2856 4189 2969 4231 suae
3016 4172 3279 4230 doctrinae
3312 4185 3481 4228 evan-

1912 4264 2096 4334 gelicae
2154 4265 2461 4336 praeceptis,
2522 4265 2872 4321 stabilitatem
2935 4280 3001 4320 ac
3061 4263 3475 4335 perpetuitatem

1915 4354 2179 4424 adjunxit.
2211 4355 2423 4411 Rursus
2446 4355 2624 4411 Moses
2650 4362 2866 4425 gentem
2899 4352 3183 4409 Judaicam
3223 4354 3292 4407 ab
3336 4353 3482 4409 into-

1843 4462 1888 4520 ι)
1916 4444 2123 4498 lerabili
2174 4446 2456 4510 servitute,
2483 4461 2587 4516 qua
2619 4447 2688 4500 ab
2719 4444 2989 4517 Egyptiis
3027 4448 3390 4515 premebatur,
3422 4445 3479 4500 in

1913 4535 2218 4592 libertatem
2249 4539 2562 4593 vindicavit.
2581 4538 2831 4593 Christus
2862 4552 3101 4607 quoque,
3124 4551 3284 4591 omne
3307 4549 3478 4605 genus

1916 4627 2235 4694 humanum,
2272 4629 2340 4684 ab
2382 4629 2549 4699 impio
2590 4637 2752 4699 atque
2808 4627 3122 4699 Egyptiaco
3159 4626 3481 4681 simulacro-

1914 4734 2036 4797 rum
2065 4719 2236 4785 cultu,
2266 4734 2378 4790 quo
2421 4720 2524 4775 sub
2575 4720 2734 4775 malis
2789 4719 3124 4774 daemonibus
3176 4717 3478 4781 tenebatur,

1914 4812 2190 4866 revocavit
2233 4814 2298 4866 ad
2347 4811 2673 4869 libertatem.
2736 4812 2978 4882 Denique
3047 4810 3224 4865 Moses
3279 4816 3481 4864 terram

1915 4910 2183 4966 sanctam,
2237 4910 2290 4959 et
2326 4904 2383 4957 in
2439 4919 2503 4959 ea
2558 4904 2721 4958 vitam
2763 4903 2873 4959 Deo
2915 4913 3121 4973 gratam
3168 4909 3223 4956 et
3269 4900 3496 4954 beatam-

1916 4995 2005 5058 iis,
2037 4996 2128 5064 qui
2180 4996 2325 5066 leges
2375 5004 2675 5062 servarent,
2729 4996 3000 5068 promisit.
3044 4993 3219 5048 Simili
3274 4993 3484 5046 ratione

1916 5085 2075 5141 Jesus
2101 5087 2379 5153 Christus,
2419 5109 2437 5140 ι
2469 5090 2640 5153 Beati,
2666 5090 2862 5159 inquit,
2892 5090 3069 5149 mites,
3099 5084 3353 5154 quoniam
3381 5083 3482 5151 ipsi

1918 5179 2274 5246 possidebunt
2303 5180 2586 5243 terram",
2628 5200 2647 5233 ι
2675 5181 2835 5250 longe
2861 5178 3049 5246 utique
3076 5175 3353 5229 meliorem
3383 5180 3488 5226 ter-

1916 5284 2055 5333 ram,
2092 5286 2327 5340 vereque
2380 5280 2625 5328 sanctam
2670 5286 2733 5326 ac
2777 5270 2886 5325 Deo
2935 5274 3166 5339 gratam,
3214 5279 3321 5318 ῐιοη
3365 5277 3487 5317 eam

1919 5376 2040 5431 quae
2066 5369 2147 5417 est
2176 5363 2228 5417 in
2253 5362 2458 5427 Iudaea,
2485 5379 2606 5434 quae
2629 5364 2788 5434 plane
2817 5377 2846 5415 a
2880 5359 3103 5429 reliquis
3125 5356 3263 5411 nihil
3287 5354 3485 5417 dili‘ert,

1921 5453 2015 5509 sed
2059 5452 2153 5508 Dei
2194 5456 2549 5510 amatricibus
2580 5456 2633 5509 in
2667 5455 2805 5509 etelo
2834 5451 3124 5506 animabus
3160 5446 3489 5503 convenien.

250 5561 363 5609 σεν,
390 5545 522 5614 ὡςὴ
558 5543 596 5595 Γ
601 5545 744 5614 ραφὴ
788 5544 1054 5614 μαρτυρεῖ
1081 5542 1315 5609 λέγουσα
1335 5559 1349 5573 ·
1392 5561 1410 5594 ι
1449 5543 1556 5597 Καὶ
1587 5537 1656 5611 ἦν
1701 5544 1801 5596 ἐκεῖ

1923 5553 2049 5612 tem,
2079 5544 2187 5617 93
2221 5546 2288 5603 iis
2334 5548 2427 5620 qui
2468 5547 2680 5603 vivendi
2735 5546 3001 5601 rationem
3056 5557 3091 5598 ιι
3146 5556 3206 5596 se
3255 5538 3489 5612 positam

323 5723 370 5755 ³⁸
400 5721 543 5779 Psal.
575 5737 650 5785 Ix,
682 5720 773 5777 2i.
842 5720 888 5752 ”
927 5718 1114 5774 Matth.
1149 5734 1205 5785 ν,
1246 5720 1298 5776 ι.

418 5820 689 5879 Pnaoc.
733 5816 851 5877 GI.
887 5813 1083 5877 XXII.

3183 5810 3217 5870 ὃ
