3914 6198
472 273 566 328 ΠΙ

1108 267 1382 326 ElJSEBII.
1409 265 1892 334 CESABIENSIS
1922 265 2072 325 OPP.
2115 268 2296 325 PARS
2334 268 2396 325 II.
2443 301 2511 310 —-
2550 269 3045 328 APOLOGETICA.

3572 278 3686 332 I72

461 389 617 459 plene
646 386 1072 449 observaverint,
1105 386 1402 457 pollicitus.
1430 384 1584 452 Quod
1615 387 1832 457 quidem
1861 402 2004 458 aper-

2120 389 2360 460 Μωῦσῆς
2380 389 2555 442 ἔναντι
2579 391 2778 461 Κυρίου
2795 387 3196 461 τεσσαράκοντα
3213 391 3422 463 ἡμέρας
3449 395 3540 448 καὶ
3553 412 3683 448 τεσ-

458 483 566 537 tius
600 481 846 536 indicans
873 481 961 542 iis,
988 493 1127 550 quos
1159 478 1300 549 apud
1329 495 1388 534 se
1411 480 1599 535 beatos
1635 479 1848 536 futuros
1879 496 2015 550 prae-

454 573 686 638 dicabat,
699 587 926 642 regnum
954 571 1216 626 caelorum
1242 570 1548 641 appellavit.
1571 570 1859 634 Caeterum,
1879 571 2014 626 alias

453 678 670 735 quoque
698 678 787 717 res
818 676 848 714 a
877 660 1156 716 Salvatore
1179 670 1367 718 nostro
1390 672 1570 732 gestas
1599 663 1858 728 invenies,
1896 677 2016 732 quae

454 758 652 811 virtute
699 755 857 826 longe
895 756 1243 825 praestiterint
1281 755 1370 817 iis,
1409 769 1545 824 quas
1596 753 1771 809 Moses
1821 754 2010 817 edidit,

454 861 700 916 magnam
733 856 912 902 tamen
944 863 1066 901 cum
1099 846 1355 901 Mosaicis
1395 847 1504 902 illis
1536 848 1793 902 habentes
1825 846 2017 900 simili-

453 940 715 993 tudinem.
749 937 992 1010 Exempli
1017 939 1189 1009 gratia
1231 958 1244 993 :
1279 938 1455 994 Moses
1486 945 1632 993 totos
1655 937 2014 1008 quadraginta

452 1030 568 1084 dies
599 1029 817 1099 jejunus
860 1029 978 1085 l'uit.
1009 1028 1142 1084 Nam
1174 1028 1457 1099 Scriptura
1497 1029 1599 1085 hoc
1642 1029 1720 1084 illi
1777 1029 2015 1084 testimo-

453 1123 600 1176 nium
633 1123 867 1188 exhibet,
902 1139 922 1171 ι
962 1131 1017 1176 et
1046 1121 1166 1186 fuit,
1207 1122 1404 1192 inquit,
1438 1121 1616 1177 Moses
1647 1123 1758 1176 illic
1787 1121 1842 1175 in
1875 1136 2012 1175 con-

452 1223 638 1281 spectu
696 1210 928 1265 Domini.
973 1211 1336 1282 Quadraginta
1390 1211 1508 1266 dies
1550 1219 1604 1265 et
1653 1210 2013 1281 quadraginta

454 1309 643 1355 noctes
696 1315 887 1370 panem
940 1313 1046 1352 non
1092 1299 1224 1362 edit,
1259 1308 1312 1354 et
1345 1315 1542 1369 aquam
1586 1315 1694 1354 non
1749 1299 1953 1354 bibit‘:
1986 1319 2006 1351 ι

454 1392 635 1446 itidem
683 1392 844 1445 etiam
882 1389 1160 1446 Christus.
1194 1390 1403 1446 Etenim
1448 1392 1530 1446 sic
1574 1391 1836 1460 scriptum
1877 1397 2006 1444 est:

456 1500 476 1533 ι
509 1493 562 1536 et
592 1482 850 1552 agebatur
886 1481 939 1536 in
967 1481 1242 1537 desertum
1273 1483 1626 1552 quadraginta
1655 1481 1793 1548 dies,
1824 1489 1879 1536 et
1901 1489 2016 1536 ten-

451 1573 669 1627 tabatur
688 1588 717 1624 a
741 1572 978 1638 diabolo,
993 1582 1046 1627 et
1067 1573 1201 1627 nihil
1225 1573 1460 1627 comedit
1494 1573 1548 1626 in
1576 1572 1767 1627 diebus
1797 1572 1956 1626 illis’.
1988 1592 2006 1624 ι

449 1662 662 1720 Rursus
697 1662 873 1716 Moses
905 1665 958 1717 in
983 1664 1197 1719 deserto
1234 1665 1484 1718 alimenta
1529 1665 1726 1737 p0pulo
1757 1665 2007 1734 praebuit.

2116 481 2422 551 σαράκοντα
2459 483 2688 544 νύκτας,
2723 483 2886 555 ἄρτον
2914 483 3014 535 οὐκ
3040 481 3237 552 ἔφαγε,
3267 483 3361 537 καὶ
3399 483 3541 558 ὕδωρ
3575 490 3682 542 οὐκ

2115 571 2285 624 ἔπιεν.
2341 590 2359 622 ι
2425 571 2691 634 Ὡσαύτως
2742 572 2798 624 δὲ
2857 572 2948 626 καὶ
2991 575 3020 626 6
3068 574 3318 645 Χριστός.
3365 574 3678 646 Γέγραπται

2113 660 2278 728 γοῦνε
2320 678 2338 711 ι
2384 661 2490 713 Kal.
2535 662 2698 731 ἧγετο
2738 663 2817 724 είς
2867 661 2964 732 τὴν
3016 661 3221 733 ἔρημον
3273 667 3682 734 τεσσαράκοντα

2114 753 2340 824 ἡμέρας,
2381 753 2772 824 πειραζόμενος
2805 753 2911 806 ὑπὸ
2948 753 3042 806 τοῦ
3089 754 3354 818 διαϐόλου,
3398 757 3490 809 καὶ
3525 758 3682 811 οὐδὲν

2113 844 2310 913 ἔφαγεν
2344 845 2402 897 ὲν
2429 846 2548 908 ταῖς
2574 845 2809 916 ἡμέραις
2837 844 3124 908 ἐκείναις.»
3162 846 3271 898 Kal
3313 846 3472 900 πάλιν
3511 849 3682 902 Mm?)-

2114 935 2213 1005 σῆς
2244 937 2300 989 ὲν
2337 937 2402 1006 τῇ
2438 935 2627 1006 ἐρήμῳ
2667 935 2870 1005 τροφάς
2910 934 2988 1005 τῷ
3017 934 3129 1005 λαῷ
3160 937 3419 1006 παρέσχε.
3446 937 3608 1006 Λέγει
3631 937 3680 991 δ’

2111 1021 2204 1079 οὖν
2233 1029 2266 1096 η
2303 1025 2524 1096 Γραφή·
2581 1045 2599 1075 ι
2663 1026 2792 1078 Ἰδοὺ
2827 1024 2936 1094 ἐγὼ
2972 1025 3162 1096 δίδωμι
3212 1025 3340 1096 ὑμῖν
3381 1025 3578 1097 ἄρτους
3614 1029 3684 1080 ὲκ

2109 1115 2204 1170 τοῦ
2249 1116 2498 1186 ούρανοῦ.
2550 1135 2569 1168 ι
2604 1117 2711 1169 Kal.
2756 1119 2868 1187 μετ’
2915 1117 3070 1184 ὀλίγα
3089 1132 3102 1146 °
3146 1133 3165 1168 ι
3213 1115 3458 1184 Ἐγένετο
3505 1134 3683 1170 κατα-

2113 1211 2428 1282 παυομένης
2473 1211 2571 1280 τῆς
2599 1211 2788 1282 δρόσου
2821 1209 3004 1280 κύκλῳ
3034 1211 3132 1280 τῆς
3163 1209 3546 1282 παρεμϐολῆς,
3583 1212 3683 1264 καὶ

2117 1303 2224 1356 ἰδοὺ
2265 1303 2356 1354 ἐπὶ
2390 1301 2677 1373 πρόσωπον
2708 1302 2807 1372 τῆς
2842 1303 3046 1373 ἐρήμου
3079 1300 3273 1355 λεπτὸν
3316 1302 3447 1355 ὠσεὶ
3490 1301 3684 1371 κόριον

2112 1389 2321 1455 λευκὸν,
2354 1391 2484 1444 ὡσεὶ
2523 1391 2693 1458 πάγος
2725 1391 2818 1443 ἐπὶ
2847 1391 2946 1460 τῆς
2979 1391 3100 1461 γῆς.
3142 1409 3161 1442 ι
3199 1391 3312 1444 Kal.
3339 1393 3367 1444 ό
3395 1391 3584 1462 Σωτὴρ
3620 1392 3680 1446 δὲ

2113 1483 2205 1535 καὶ
2236 1483 2438 1554 Κύριος
2471 1481 2626 1552 ἡμῶν
2664 1481 2920 1544 ὡσαύτως
2963 1482 3096 1550 φησὶ
3143 1481 3275 1552 πρὸς
3318 1483 3442 1544 τοὺς
3478 1481 3679 1535 ἑαυτοῦ

2115 1575 2390 1646 μαθητάς·
2431 1594 2450 1626 ι
2480 1574 2542 1626 Τί
2571 1573 2931 1641 διαλογίζεσθε
2969 1573 3027 1626 ἐν
3060 1574 3290 1638 ἑαυτοῖς,
3319 1572 3678 1641 ὀλιγόπιστοι,

2112 1667 2192 1720 ὃτι
2222 1667 2419 1737 ἄρτους
2456 1667 2555 1719 οὐκ
2607 1665 2861 1731 ὲλάὸετες
2895 1664 3046 1720 οὔπω
3089 1667 3256 1718 νοεῖτε
3293 1665 3414 1717 οὐδὲ
3460 1682 3680 1735 μνημο-

448 1754 583 1810 Nam
641 1756 918 1827 Scriptura
967 1759 1045 1811 sic
1083 1757 1244 1810 habet
1285 1775 1350 1810 τι
1393 1756 1530 1812 Ecce
1585 1772 1685 1827 ego
1734 1757 1803 1811 do
1855 1756 2004 1811 vobis

2111 1757 2291 1811 νεύετε
2333 1759 2457 1822 τοὺς
2490 1759 2649 1811 πέντε
2678 1759 2873 1828 ἄρτους
2905 1757 3013 1810 τῶν
3055 1757 3529 1826 πεντακισχιλίων,
3575 1757 3678 1811 καὶ

447 1864 616 1918 panes
661 1850 728 1904 de
775 1850 971 1904 cmlo'.
1010 1869 1029 1901 ›
1067 1848 1130 1901 Ει
1163 1849 1325 1918 paulo
1374 1857 1532 1918 post:
1562 1867 1580 1899 ι
1623 1848 1847 1902 Factum
1897 1856 2001 1911 est,

451 1941 646 2009 inquit,
683 1954 808 1993 cum
843 1938 1183 1994 subsedisset
1216 1953 1306 1991 ros
1335 1939 1538 1992 circum
1571 1949 1770 2002 castra,
1798 1945 1852 1992 et
1883 1953 2009 1992 ecce

449 2046 613 2100 super
641 2029 835 2084 faciem
875 2029 1076 2084 deserti
1133 2029 1401 2082 minutum
1449 2029 1607 2098 quasi
1657 2027 2007 2082 coriandrum

448 2125 650 2187 album,
669 2122 822 2193 quasi
847 2122 964 2193 gelu
995 2137 1158 2190 super
1181 2129 1381 2175 terram
1399 2119 1442 2173 ⁸.
1467 2138 1484 2170 ι
1518 2117 1765 2173 Salvator
1794 2133 2008 2188 quoque

447 2231 512 2270 ac
535 2215 798 2270 Dominus
826 2221 1014 2268 noster
1042 2212 1110 2266 ad
1134 2213 1434 2284 discipulos
1465 2227 1629 2266 suos:
1676 2230 1695 2263 ι
1727 2210 1890 2276 Quid,
1930 2212 2010 2265 in-

447 2309 582 2379 quit,
600 2306 848 2377 cogitatis
862 2305 914 2358 in
930 2306 1082 2360 vobis
1100 2306 1250 2375 ipsis,
1271 2305 1488 2358 modica:
1511 2304 1653 2365 lidei,
1674 2303 1817 2374 quod
1841 2318 2006 2374 panes

446 2414 554 2453 non
595 2397 917 2466 accepistis?
958 2396 1196 2450 nondum
1228 2397 1402 2460 scitis,
1434 2411 1610 2464 neque
1647 2395 2006 2449 recordamini

446 2489 686 2556 quinque
727 2499 895 2555 panes
934 2485 1175 2555 quinque
1199 2485 1464 2538 millium?
1489 2493 1544 2540 et
1581 2494 1714 2554 quot
1743 2485 2007 2556 cophinos

446 2577 763 2647 recepistis?
783 2591 956 2644 neque
984 2586 1209 2645 septem,
1237 2585 1472 2645 quatuor
1501 2576 1766 2630 millium?
1797 2585 1849 2630 et
1875 2585 2006 2646 quot

448 2676 661 2739 sportas
709 2668 978 2721 tulistis?”
1011 2687 1028 2717 ο
1057 2665 1192 2730 Item.
1227 2665 1438 2736 Moyses
1474 2666 1828 2738 per,medium
1858 2675 2022 2720 mare:

449 2761 726 2829 ingressus
754 2766 857 2821 est,
877 2757 1182 2828 populoque
1213 2757 1425 2811 itineris
1457 2756 1566 2810 dux
1602 2756 1722 2811 fuit.
1743 2755 1832 2810 Sic
1859 2758 2004 2812 enim

451 2850 610 2904 habet
637 2847 918 2919 Scriptura
954 2868 966 2904 :
1008 2867 1026 2900 ι
1068 2848 1317 2902 Extendit
1360 2848 1536 2903 Moses
1590 2865 1812 2902 manum
1845 2864 2002 2903 suam

447 2940 502 2993 in
534 2955 720 2995 mare:
746 2951 799 2994 et
832 2940 1089 2995 subduxit
1119 2939 1378 2995 Dominus
1425 2955 1574 2995 mare
1613 2949 1774 2995 vento
1820 2951 2004 2995 austro

447 3032 682 3085 violento
729 3041 898 3085 totum
929 3032 1092 3096 diem,
1128 3040 1180 3086 et
1213 3033 1337 3086 fecit
1379 3047 1526 3085 mare
1575 3033 1801 3094 siccum,
1837 3040 1890 3088 et
1921 3033 2006 3087 di-

444 3123 562 3178 visa
593 3131 679 3177 est
715 3138 876 3193 aqua,
911 3133 965 3178 et
1014 3124 1349 3178 transierunt
1404 3123 1496 3176 lilii
1546 3121 1711 3178 Israel
1759 3139 1854 3193 per
1889 3139 2004 3177 me-

443 3214 592 3268 dium
632 3230 780 3270 mare
814 3215 868 3269 in
894 3219 1131 3278 sicco,et
1155 3231 1294 3285 aqua
1319 3217 1398 3271 eis
1425 3232 1613 3271 murus
1644 3230 1674 3270 a
1697 3209 1924 3278 dextris,
1950 3227 2005 3271 et

443 3321 633 3360 murus
691 3321 722 3359 a
774 3306 1049 3362 sinistris°
1094 3326 1107 3361 :
1161 3326 1179 3358 ι
1228 3308 1390 3362 simili
1439 3316 1728 3377 potestate,
1776 3324 1840 3363 ac
1893 3307 2004 3364 Deo

442 3399 605 3455 etiam
641 3400 1074 3457 convenientius.
1102 3397 1259 3454 Iesus
1297 3401 1388 3469 qui
1414 3400 1668 3456 Christus
1692 3407 1776 3456 est
1809 3399 1921 3468 Dei,
1947 3401 2004 3456 in

444 3489 730 3558 superﬁcie
768 3491 932 3543 maris
983 3489 1288 3560 ingrediens
1321 3490 1536 3545 Petrum
1571 3491 1697 3546 item
1733 3492 1800 3546 ad
1831 3507 1890 3548 se
1920 3492 2008 3546 in-

442 3579 632 3635 cedere
659 3596 823 3651 super
862 3581 1047 3637 eadem
1085 3581 1230 3637 fecit.
1268 3581 1401 3636 Nam
1450 3583 1532 3638 sic
1574 3583 1834 3652 scriptum
1867 3592 1952 3638 est
1985 3603 1998 3638 :

447 3688 466 3722 ι
494 3669 696 3737 Quarta
741 3681 920 3728 autem
959 3675 1142 3744 vigilia
1192 3675 1392 3736 noctis,
1419 3675 1565 3729 venit
1593 3673 1754 3730 Jesus
1778 3675 1846 3728 ad
1877 3675 2002 3730 illus

441 3764 722 3818 ambulans
745 3779 907 3834 supra
937 3781 1108 3830 mare,
1128 3773 1317 3820 etcum
1340 3765 1605 3820 vidissent
1633 3765 1782 3819 illum
1807 3765 2002 3819 ambu-

442 3856 641 3909 lantem
658 3872 818 3926 supra
835 3872 1003 3922 mare,
1018 3857 1327 3912 conturbati
1344 3865 1472 3912 sunt
1487 3857 1528 3909 ⁷.
1552 3875 1574 3908 ι
1591 3855 1654 3909 ΕΙ.
1671 3857 1828 3928 paulo
1843 3865 1997 3927 post:

447 3965 466 3997 ι
487 3945 841 4016 ιὶεεροηᾱοηε
873 3955 1052 4002 autem
1082 3948 1157 4000 illi
1175 3947 1388 4014 Petrus,
1415 3947 1549 4003 dixit
1570 3967 1582 4002 :
1603 3947 1848 4012 Domine,
1873 3949 1916 4002 si
1942 3956 1998 4002 tu

440 4039 660 4107 es.jnbe
676 4055 760 4094 me
775 4039 959 4094 venire
977 4038 1042 4092 ad
1067 4050 1116 4094 te
1139 4055 1302 4110 super
1317 4055 1519 4110 aquas:
1540 4041 1629 4095 ille
1650 4049 1829 4094 autem
1843 4039 1996 4103 dixit,

441 4129 576 4185 chi
611 4152 622 4186 :
663 4141 718 4186 et
748 4133 1086 4188 descendens
1121 4132 1190 4187 de
1239 4132 1363 4186 navi
1410 4133 1640 4200 Petrus,
1687 4133 2000 4187 ambulabat

441 4240 602 4292 supra
648 4227 876 4294 aquas“.
919 4245 936 4277 ι
979 4224 1188 4280 Rursus
1223 4225 1420 4290 Moses,
1450 4235 1610 4280 vento
1647 4234 1833 4280 austro
1882 4225 2000 4277 vio-

439 4316 583 4368 lento
631 4331 780 4371 mare
825 4318 1056 4370 solidum
1101 4317 1247 4373 feeit.
1298 4315 1432 4370 Nam
1465 4316 1746 4387 Scriptura
1781 4336 1794 4370 :
1836 4335 1854 4367 ι
1891 4315 2001 4370 Ει⁴

439 4407 632 4466 tendit,
662 4405 769 4477 93
790 4407 978 4477 'inquit
1007 4447 1022 4472 ,
1061 4407 1236 4462 Moses
1269 4422 1483 4461 manum
1536 4422 1702 4477 super
1733 4421 1902 4470 mare,
1941 4415 1997 4460 et
2026 4432 2071 4487 υ

439 4499 658 4554 sustulit
689 4499 946 4554 Dominus
969 4514 1118 4556 mare
1155 4507 1314 4554 vento
1341 4509 1527 4555 austro
1553 4500 1792 4552 violento
1813 4537 1832 4562 ,
1877 4517 1896 4547 ι
1929 4512 1992 4551 ac

439 4589 756 4660 snbjnngit:
799 4607 819 4640 ι
861 4588 1138 4645 Steterunt
1167 4589 1324 4644 undae
1347 4590 1401 4644 in
1435 4589 1612 4645 medio
1634 4591 1766 4643 mari
1800 4588 1994 4643 ’.ιΕει-

437 4681 557 4736 deni
581 4683 788 4735 ratione
816 4695 879 4734 ac
910 4681 1078 4734 multo
1105 4680 1321 4750 quidem
1353 4679 1720 4749 praestantius.
1748 4678 1996 4734 Salvator

438 4779 622 4824 noster
658 4789 677 4820 ι
713 4770 983 4840 increpuit
1013 4779 1226 4824 ventum
1281 4778 1335 4823 et
1370 4783 1519 4823 mare
1549 4807 1566 4834 ,
1620 4776 1676 4822 et
1719 4767 1861 4822 facta
1912 4777 1996 4821 est

437 4860 800 4930 tranquillitas
827 4874 1019 4930 magna
1048 4860 1113 4914 ¹⁰.
1151 4879 1169 4910 δ
1199 4857 1365 4913 Mosis
1395 4860 1521 4912 item
1551 4858 1752 4922 vultus,
1777 4872 1898 4911 cum
1930 4856 2000 4914 de

440 4961 620 5007 monte
651 4950 1024 5016 descenderet,
1077 4952 1404 5006 cernebatur
1441 4951 1630 5019 plenus
1662 4950 1853 5019 gloria.
1907 4949 1999 5004 Sic

375 5059 386 5070 ο
439 5047 581 5098 enini
609 5044 874 5114 scriptum
898 5051 983 5098 est
1011 5059 1026 5096 :
1076 5061 1094 5094 ι
1136 5041 1480 5098 Descendens
1511 5049 1690 5096 autem
1722 5041 1897 5096 Moses
1931 5041 1999 5097 de

443 5147 663 5200 monte,
705 5137 821 5206 ipse
848 5136 1124 5191 nesciebat
1166 5134 1310 5205 quod
1352 5135 1685 5205 glorilicatus
1732 5144 1876 5189 esset
1911 5149 2001 5189 as-

444 5238 634 5299 pectus
650 5231 790 5285 cutis
804 5228 958 5292 faciei
977 5244 1108 5290 sua},
1125 5228 1251 5282 dum
1267 5229 1331 5280 ad
1354 5228 1529 5296 ipsum
1555 5227 1865 5295 loqueretur
1901 5244 1914 5280 :
1945 5235 1999 5281 et

444 5324 577 5376 vidit
629 5324 849 5385 Aaron,
890 5337 1187 5391 omnesque
1243 5322 1486 5375 seniores
1539 5319 1771 5373 ﬁliorum
1829 5317 1996 5373 Israel

439 5407 621 5465 Mosen
652 5449 668 5473 ,
719 5419 773 5465 et
820 5419 936 5466 erat
986 5410 1317 5480 glorilicatus
1367 5419 1618 5478 aspectus
1655 5409 1798 5463 cutis
1831 5407 1992 5462 {aciei

2109 1850 2301 1914 πόσους
2331 1850 2583 1918 κοφίνους
2607 1848 2859 1913 ὲλάὸετες
2887 1849 3006 1902 οὐδὲ
3027 1850 3152 1911 τοὺς
3179 1849 3320 1902 έπτά
3341 1849 3449 1901 τῶν
3476 1867 3680 1920 τετρα-

2109 1940 2409 2010 κισχιλίων,
2463 1942 2556 1994 καὶ
2593 1940 2763 2001 πόσας
2809 1939 3070 2010 σπυρίδας
3116 1939 3366 2004 adﬁcta;
3426 1958 3446 1991 ι
3498 1941 3678 1994 Πάλιν

2108 2033 2344 2103 Μωῦσῆς
2363 2031 2451 2085 διὰ
2476 2033 2645 2102 μέσης
2668 2033 2764 2102 τῆς
2781 2031 3054 2101 θαλάσσης
3079 2031 3281 2101 διῆλθε,
3305 2032 3398 2084 καὶ
3427 2032 3517 2086 τὸν
3544 2033 3678 2086 λαὸν

2105 2121 2373 2193 ὡδήγησε.
2409 2123 2569 2190 Λέγει
2595 2122 2638 2174 δ’
2663 2117 2754 2175 οὖν
2785 2123 2818 2191 ή
2852 2122 3036 2191 Γραφή
3059 2139 3071 2150 ·
3106 2141 3124 2171 ι
3175 2120 3431 2188 Ἐξέτεινε
3462 2123 3676 2192 Μωσῆς

2105 2213 2202 2283 τὴν
2251 2216 2406 2285 χεῖρα
2455 2213 2620 2266 αὐτοῦ
2663 2213 2755 2266 ἐπὶ
2799 2213 2898 2284 τὴν
2939 2213 3228 2276 Θάλασσαν,
3285 2215 3378 2268 καὶ
3417 2216 3670 2285 ὑπήγαγε

2107 2304 2310 2374 Κύριος
2349 2305 2446 2373 τὴν
2486 2305 2754 2358 θάλασσαν
2802 2304 2987 2375 ἀνέμῳ
3032 2306 3171 2375 νότῳ
3214 2305 3370 2376 βιαίῳ
3407 2306 3536 2375 ὃλην
3566 2307 3672 2378 τὴν

2108 2394 2340 2465 ἡμέραν,
2381 2396 2474 2447 καὶ
2511 2396 2730 2464 ἐποίησε
2758 2397 2856 2465 τὴν
2889 2395 3160 2450 θάλασσαν
3187 2396 3370 2468 ξηρὰν,
3395 2397 3484 2450 καὶ
3509 2398 3668 2468 ἐσχί-

2109 2486 2205 2556 σθη
2239 2486 2300 2538 τὸ
2329 2484 2491 2555 ὕδωρ,
2533 2487 2626 2538 καὶ
2660 2487 2871 2557 διῆλθον
2904 2490 2952 2540 οἱ
2991 2489 3094 2540 υἱοὶ
3131 2489 3339 2560 Ἰσραὴλ
3362 2487 3448 2541 διὰ
3491 2488 3666 2560 μέσης

2104 2581 2202 2649 τῆς
2246 2577 2517 2647 θαλάσσης
2562 2580 2700 2630 κατὰ
2745 2580 2806 2631 τὸ
2841 2563 3032 2651 ξηρὸν,
3063 2582 3157 2634 καὶ
3202 2582 3260 2634 τὸ
3304 2581 3442 2652 ὕδωρ
3481 2582 3669 2645 αὐτοῖς

2104 2671 2280 2738 τεῖχος
2301 2670 2364 2720 ἐκ
2379 2667 2588 2732 δεξιῶν,
2610 2669 2703 2720 καὶ
2725 2672 2897 2739 τεῖχος
2917 2671 2975 2737 ἐξ
3007 2671 3317 2741 εὐωνύμων.
3334 2691 3351 2722 ι
3392 2672 3668 2736 Ὡσαύτως

2104 2757 2160 2810 δὲ
2211 2759 2304 2810 καὶ
2359 2759 2556 2828 μᾶλλον
2603 2759 3059 2832 θεοπρεπέοτερον
3111 2761 3317 2832 Ἰησοῦς
3361 2763 3388 2813 ὁ
3433 2763 3671 2832 Χριστὸς

2105 2850 2196 2903 τοῦ
2248 2849 2379 2902 Θεοῦ
2445 2851 2538 2903 ἐπὶ
2608 2851 2706 2921 τῆς
2772 2850 3042 2922 θαλάσσης
3107 2853 3502 2924 περιπατήσας,
3571 2854 3670 2906 καὶ

2103 2942 2193 2996 τὸν
2234 2943 2436 3025 Πέτρον
2473 2941 2674 3012 βαίνειν
2719 2945 2804 2995 ἐπ’
2849 2944 3016 3013 αὐτῆς
3059 2944 3297 3014 ἐποίησε.
3353 2944 3670 3014 Γέγραπται

2103 3034 2150 3087 δ’
2187 3029 2298 3087 οὖν’
2354 3053 2373 3084 ι
2417 3032 2664 3106 Τετάρτῃ
2703 3034 2759 3087 δὲ
2809 3034 3020 3104 φυλακῇ
3060 3035 3158 3106 τῆς
3198 3035 3389 3098 νυκτὸς
3430 3031 3592 3106 ἦλθεν
3637 3037 3670 3088 ὁ

2117 3125 2320 3196 Ἰησοῦς
2352 3125 2486 3198 πρὸς
2530 3127 2728 3189 αὐτοὺς
2757 3124 3069 3196 περιπατῶν
3101 3127 3193 3178 ἐπὶ
3222 3130 3319 3196 τῆς
3357 3126 3667 3197 θαλάσσης·

2103 3219 2197 3270 καὶ
2233 3219 2428 3282 ἰδόντες
2467 3219 2625 3272 αὑτὸν
2663 3217 3058 3288 περιπατοῦντα
3093 3219 3183 3272 ἐπὶ
3223 3221 3321 3289 τῆς
3367 3218 3668 3290 θαλάσσης,

2104 3310 2498 3382 ἐταράχθησαν.
2539 3329 2560 3363 ι
2610 3311 2720 3364 Kal.
2766 3311 2883 3381 μετ’
2915 3310 3097 3378 ὀλίγα·
3156 3331 3175 3361 ι
3230 3311 3570 3382 Ἀποκριθεὶς
3613 3309 3670 3362 δὲ

2102 3399 2247 3470 αὑτῴ
2279 3404 2308 3454 ὁ
2341 3401 2542 3473 Πέτρος
2576 3398 2694 3454 εἷπε
2715 3417 2730 3432 ·
2780 3401 2974 3472 Κύριε,
3005 3403 3053 3453 εί
3085 3403 3148 3454 σὺ
3196 3397 3263 3464 εί,
3309 3402 3558 3454 κέλευσόν
3603 3419 3670 3472 με

2103 3493 2272 3546 ἐλθεῖν
2307 3494 2439 3564 πρὸς
2471 3494 2528 3546 σὲ
2567 3494 2659 3545 ἐπὶ
2716 3493 2784 3546 τά
2830 3493 3012 3546 ὕδατα.
3065 3493 3122 3545 '0
3148 3494 3203 3547 δὲ
3242 3489 3412 3547 εἶπεν.
3475 3493 3666 3546 Ἐλθέο
3729 3555 3733 3560 τ

2102 3586 2195 3638 καὶ
2257 3586 2497 3649 καταϐάς
2559 3586 2666 3639 ἀπὸ
2711 3585 2806 3638 τοῦ
2878 3585 3062 3638 πλοίου
3129 3587 3333 3655 Πέτρος
3403 3585 3670 3658 περιεπά-

2101 3692 2263 3743 τησεν
2311 3676 2401 3727 ὲπὶ
2443 3676 2509 3729 τὰ
2549 3675 2734 3728 ὕδατα.
2773 3694 2790 3726 ι
2837 3675 3004 3727 Πάλιν
3043 3677 3282 3746 Μωῦσῆς
3311 3675 3494 3746 ἀνέμῳ
3524 3675 3669 3746 νότῳ

2103 3765 2257 3834 βιαίῳ
2306 3764 2471 3834 ἔπηξε
2510 3764 2607 3835 τὴν
2657 3764 2948 3820 θάλασσαν.
2981 3765 3140 3834 Λέγει
3169 3766 3211 3818 δ’
3241 3762 3333 3819 οὖν
3365 3768 3398 3837 ὴ
3436 3767 3474 3817 Γ
3479 3769 3664 3839 ραφη·

2106 3877 2124 3908 ι
2181 3856 2436 3921 Ἐξέτεινε
2464 3856 2520 3909 δὲ
2546 3858 2781 3928 Μωῦσῆς
2811 3858 2906 3928 τὴν
2935 3861 3090 3930 χεῖρα
3121 3859 3212 3911 ὲπὶ
3237 3858 3331 3929 τὴν
3363 3857 3664 3923 θάλασσαν,

2103 3948 2192 3999 καὶ
2245 3947 2492 4017 ύπήγαγε
2553 3946 2754 4013 Κύριος
2805 3947 2902 4017 τὴν
2956 3947 3228 4002 θάλασσαν
3287 3947 3472 4018 ἀνέμῳ
3523 3950 3668 4020 νότῳ

2101 4037 2278 4108 βιαίῳ.
2331 4057 2348 4088 ι
2403 4037 2511 4090 Kal.
2551 4037 2834 4109 ἐπιφέρει’
2891 4056 2909 4088 ι
2957 4039 3165 4108 Ἐπάγη
3213 4038 3282 4092 τὰ
3331 4040 3552 4110 κύματα
3609 4045 3668 4094 ὲν

2103 4131 2250 4200 μέσῳ
2275 4131 2372 4199 τῆς
2410 4129 2701 4200 θαλάσσης.
2743 4149 2762 4180 ι
2807 4129 3074 4191 Ὡσαύτως
3109 4129 3164 4182 δὲ
3199 4131 3290 4182 κα)⁸
3316 4129 3668 4200 πολὺ,κρειτο

2097 4219 2262 4281 τόνως
2293 4220 2322 4271 ὁ
2355 4217 2541 4289 Σωτὴρ
2574 4217 2728 4288 ἡμῶν
2773 4218 3069 4287 ἐπετίμησε
3120 4217 3196 4287 τῷ
3241 4218 3426 4288 ἀνέμῳ
3467 4218 3564 4271 καὶ
3597 4223 3664 4291 τῇ

2099 4307 2357 4379 θαλάσσῃ,
2405 4308 2495 4361 καὶ
2528 4309 2741 4376 ἐγένετο
2771 4306 2977 4377 γαλήνη
3015 4307 3242 4378 μεγάλη.
3280 4306 3444 4360 Πάλιν
3493 4307 3665 4362 Muli}-

2099 4400 2234 4463 σέως
2265 4399 2372 4452 ἀπὸ
2401 4399 2494 4452 τοῦ
2527 4399 2683 4470 ὅρους
2709 4398 3003 4461 κατιόντος,
3046 4397 3106 4450 τὸ
3136 4397 3420 4468 πρόσωπον
3450 4397 3665 4466 ἑωρᾶτο

2100 4492 2310 4564 πλήρης
2350 4491 2524 4561 δόξης.
2562 4492 2870 4563 Γέγραπται
2913 4491 2956 4544 δ’
2989 4487 3110 4545 οὖν’
3160 4508 3180 4542 ι
3220 4490 3582 4544 Καταῦαίνων
3619 4491 3662 4544 δ’

2099 4585 2258 4648 αὐτὸς
2286 4587 2350 4637 ὲκ
2380 4584 2472 4636 τοῦ
2497 4583 2653 4655 ὅρους
2677 4585 2933 4656 Μωῦσῆς,
2966 4584 3064 4636 οὐκ
3085 4583 3220 4654 ᾔδει,
3246 4584 3326 4636 ὅτι
3349 4582 3663 4648 δεδόξασται

2098 4679 2130 4746 ή
2166 4677 2285 4746 ὄψις
2315 4675 2409 4727 τοῦ
2441 4677 2644 4746 χρωτὸς
2676 4675 2767 4731 τοῦ
2811 4674 3098 4748 προσώπου
3145 4675 3327 4734 αὑτοῦ,
3363 4677 3419 4728 ὲν
3461 4673 3539 4744 τῷ
3569 4676 3664 4729 αύ-

2100 4767 2192 4820 τὸν
2223 4765 2400 4820 λαλεῖν
2445 4766 2622 4837 αὐτῷ·
2655 4767 2748 4820 καὶ
2793 4763 2927 4819 εἶδεν
2967 4764 3192 4837 Ἀαρὼν,
3239 4765 3332 4818 καὶ
3369 4766 3569 4828 πάντες
3612 4766 3662 4817 οἱ

2098 4858 2454 4930 πρεσϐύτεροι
2493 4859 2600 4910 τῶν
2641 4857 2772 4911 υἱῶν
2810 4857 3019 4928 Ἰσραὴλ
3051 4857 3140 4911 τὸν
3171 4857 3427 4927 Μωῠσῆν,
3463 4855 3556 4908 καὶ
3593 4851 3664 4927 ἦν

2094 4948 2452 5019 δεδοξασμένη
2492 4950 2525 5019 ἡ
2571 4948 2691 5018 ὄψις
2717 4949 2808 5001 τοῦ
2843 4950 3047 5021 χρωτὸς
3089 4948 3179 5001 τοῦ
3222 4947 3510 5018 προσώπου
3559 4949 3663 5001 αὐλ-

2097 5040 2207 5094 τοῦ.
2248 5059 2266 5091 ι
2310 5039 2577 5103 Ὡσαύτως
2621 5041 2677 5093 δὲ
2725 5042 2819 5094 καὶ
2857 5041 2989 5093 πολὺ
3022 5040 3377 5114 διαφερόντως
3406 5041 3434 5092 ὁ
3465 5039 3664 5110 ἡμέτε-

2101 5148 2192 5202 ρος
2215 5132 2423 5202 Σωτὴρ,
2453 5131 2741 5200 ἀναγαγὼν
2773 5134 2897 5196 τοὺς
2929 5131 3120 5186 ἑαυτοῦ
3153 5132 3397 5203 μαθητὰς
3425 5133 3504 5194 είς
3535 5131 3662 5202 ὅρος

2103 5222 2302 5293 ὑψηλὸν
2354 5223 2491 5287 λίαν,
2535 5224 2928 5295 μετεμορφώθη
2979 5224 3284 5295 ἔμπροσθεν
3325 5223 3520 5286 αὐτῶν,
3568 5223 3663 5276 καὶ

2101 5315 2307 5386 ἔλαμψε
2334 5316 2394 5368 τὸ
2427 5316 2711 5386 πρόσωπον
2738 5317 2902 5370 αὑτοῦ
2934 5317 3009 5380 ὼς
3040 5319 3068 5370 ὁ
3097 5315 3265 5386 ἥλιος,
3292 5315 3361 5369 τὰ
3387 5315 3444 5369 δὲ
3476 5315 3663 5385 ἱμάτια

2097 5407 2261 5462 αὑτοῦ
2296 5408 2508 5477 ἐγένετο
2537 5407 2704 5462 λευκὰ
2741 5409 2817 5472 ὡς
2847 5409 2908 5462 τὸ
2931 5409 3063 5478 φῶς.
3111 5408 3278 5462 Πάλιν
3306 5407 3540 5478 Μωῡσῆς
3571 5405 3663 5459 λε-

508 5638 524 5666 ¹
555 5635 720 5689 Exod.
755 5649 940 5699 xxxiv,
971 5634 1062 5688 28.
1136 5638 1156 5667 ²
1186 5635 1316 5690 an.
1351 5651 1420 5696 tv,
1449 5633 1564 5688 1-2.
1636 5635 1658 5665 ³
1684 5633 1852 5688 Exod.
1886 5647 1996 5696 xvi,
2033 5632 2085 5686 3.
2166 5632 2186 5663 ⁸
2209 5630 2342 5686 Ibid.
2377 5631 2561 5695 ιαμ.
2638 5634 2659 5665 ⁸
2694 5630 2882 5687 Matth.
2919 5645 3032 5695 xvi,
3068 5630 3213 5687 8-I0.
3293 5631 3313 5661 ⁸
3343 5629 3516 5684 Exod.
3548 5644 3662 5696 xxv,

438 5703 624 5768 2l,22.
701 5704 722 5736 '
751 5703 939 5758 Matth.
965 5721 1072 5767 xiv,
1098 5704 1188 5771 25,
1212 5705 1300 5760 26.
1377 5705 1398 5738 '
1425 5704 1559 5760 Ibid.
1585 5703 1766 5772 28,29.
1842 5704 1863 5734 ’
1885 5701 2052 5758 Exod.
2089 5719 2197 5769 xiv,
2221 5703 2303 5769 2i,
2321 5702 2410 5757 22.
2488 5703 2532 5736 ¹⁹
2568 5700 2754 5758 Matth.
2781 5717 2897 5762 vm.
2917 5701 3020 5762 26;
3053 5701 3185 5758 Luc.
3220 5717 3336 5761 vm.
3369 5701 3460 5757 ει.

3547 5790 3576 5814 Ι
