3930 6202
216 297 322 353 173

1113 292 1765 358 DEMONSTRATIONIS
1807 292 2263 357 EVANGELICE
2303 299 2434 356 LIB.
2479 298 2567 355 Ill.

3359 305 3458 357 174

207 406 347 479 πρδν
379 409 692 483 ἐκαθάρισει
726 412 1031 485 Γέγραπται
1061 414 1106 467 δ’
1140 411 1264 469 οὖν’
1308 434 1327 466 ι
1368 416 1477 468 Καὶ
1511 415 1617 469 ἰδοὺ
1646 415 1768 468 Μα-

1879 414 1990 483 ejus
2022 415 2085 469 “.
2118 433 2136 465 ι
2173 411 2349 467 Simili
2372 414 2601 479 ratione,
2633 419 2686 468 et
2723 412 2883 484 longe
2928 412 3146 487 quidem
3175 416 3446 469 excellen-

209 501 301 571 ρια
340 501 595 574 λεπρῶσα
642 505 771 558 ὡσεὶ
812 506 963 575 χιών.
1005 526 1023 558 ι
1076 509 1184 561 Kal.
1221 509 1336 580 μετ’
1374 507 1562 577 ὀλίγα⁸
1608 525 1627 558 ι
1668 508 1778 561 Καὶ

205 592 400 663 ἐϐόησε
426 596 664 666 Μωῦοῆς
708 598 841 666 πρὸς
881 598 1103 669 Κύριον,
1138 600 1310 668 λέγων
1334 617 1346 629 ·
1389 601 1445 653 '0
1479 599 1631 664 Θεὸς,
1662 598 1778 651 δέο-

209 702 329 757 μαι,
365 686 511 739 ἴασαι
536 687 722 758 αὐτήν.
757 708 776 741 ο
815 689 1084 754 Ὡσαύτως
1110 691 1164 744 δὲ
1190 692 1283 744 καὶ
1313 690 1520 762 μέζονι
1553 691 1778 761 δυνάμει

205 778 471 844 ἐξουσίας.
503 780 532 830 6
574 780 807 850 Χριστὸς
860 781 953 834 τοῦ
1002 782 1156 845 Θεοῦ,
1198 783 1584 854 προσελθόντος
1629 782 1777 853 αύτῷ

204 868 409 941 λεπροῦ
439 870 528 923 καὶ
544 873 829 941 φήσαντος,
858 891 879 924 ι
902 873 1026 926 Ἐὰν
1044 872 1221 947 θέλῃς,
1254 874 1472 929 δύνασαί
1510 892 1575 945 με
1611 874 1778 928 καθα-

207 961 380 1031 ρίσαι,
437 962 796 1032 ἀπεκρίνατο·
843 964 1011 1027 Θέλω,
1046 962 1432 1037 καθαρίσθητισ
1466 967 1555 1019 καὶ
1579 965 1777 1019 ἐκαθα-

208 1053 370 1124 ρίσθη
434 1054 598 1107 αὐτοῦ
649 1056 909 1127 ήλέπρα.
956 1076 975 1108 ι
1029 1058 1194 1112 Πάλιν
1248 1058 1485 1129 Μωῦσῆς
1533 1058 1779 1130 δακτύλῳ

206 1144 343 1197 Θεοῦ
366 1145 533 1217 ἔφησε
558 1148 648 1201 τὸν
690 1148 852 1218 νόμον
885 1150 1208 1219 γεγράφθαι.
1244 1151 1555 1222 Γέγραπται
1584 1152 1626 1205 δ’
1659 1148 1775 1205 οὖν’

212 1254 232 1287 ι
277 1237 392 1290 Καὶ
437 1237 601 1291 ἔδωκε
645 1237 721 1308 τῷ
769 1240 1011 1303 Μωῠσεῖ,
1058 1239 1217 1309 ἡνέκα
1265 1240 1572 1293 κατέπαυσε
1604 1239 1779 1294 λαλῶν

204 1328 357 1399 αὐτῷ
397 1331 455 1382 ἐν
482 1329 558 1399 τῷ
594 1330 708 1402 δρει
743 1331 890 1395 Σινᾶ,
936 1331 1036 1393 τάς
1076 1331 1166 1384 δύο
1197 1332 1409 1395 πλάκας
1449 1331 1541 1385 τοῦ
1580 1347 1781 1403 μαρτυ-

209 1420 351 1489 ρίου,
388 1420 599 1485 πλάκας
628 1420 830 1486 λιθίνας
875 1423 1261 1495 γεγραμμένας
1303 1423 1379 1494 τῷ
1411 1425 1655 1497 δακτύλῳ
1687 1426 1779 1480 τοῦ

205 1510 370 1564 Θεοῦ.
401 1530 422 1564 ι
458 1512 566 1566 Καὶ
606 1514 664 1567 ἐν
692 1517 755 1585 τῇ
806 1512 1032 1582 Ἐξόδῳ’
1066 1533 1085 1566 ι
1127 1513 1292 1568 Εἶπον
1324 1512 1416 1570 οὖν
1451 1519 1502 1570 οἱ
1546 1514 1781 1572 ἐπαοιδοὶ

205 1603 289 1673 τῷ
326 1602 552 1674 ΙΦαραώ·
607 1625 627 1657 ι
667 1607 945 1671 Δάκτυλος
975 1608 1109 1662 Θεοῦ
1136 1611 1251 1662 ἐστι
1306 1609 1479 1663 τοῦτο.
1525 1629 1542 1661 ι
1593 1610 1782 1664 Ὡσαύ-

207 1711 318 1756 τως
350 1690 407 1747 δὲ
450 1695 542 1748 καὶ
587 1696 796 1766 Ἰησοῦς
835 1699 864 1750 6
904 1699 1137 1771 Χριστὸς
1166 1700 1259 1752 τοῦ
1307 1699 1442 1752 Θεοῦ
1475 1704 1588 1763 τοῖς
1617 1702 1781 1769 Φαρι-

1879 504 1987 558 tius
2016 542 2032 568 ,
2064 502 2313 557 Salvator
2340 512 2525 557 noster
2559 522 2576 553 ι
2602 517 2727 556 cum
2759 501 3006 556 duxisset
3043 516 3173 557 suos
3206 501 3446 571 discipu-

1880 597 1961 650 los
1990 595 2045 649 in
2080 602 2319 649 montem
2350 596 2625 650 excelsum
2670 596 2826 651 valde
2847 635 2862 659 ,
2908 593 3326 664 transfiguratus
3362 605 3446 650 est

1879 702 2059 742 coram
2090 687 2191 751 eis,
2224 696 2278 741 et
2307 688 2642 757 resplenduit
2673 687 2838 742 facies
2866 687 2986 756 ejus
3028 693 3087 739 ut
3125 686 3205 741 sol
3230 728 3245 752 ,
3276 688 3443 741 vesti-

1883 789 2064 833 menta
2110 787 2290 834 autem
2330 780 2450 849 ejus
2502 779 2645 833 facta
2697 787 2825 835 sunt
2869 779 2989 832 alba
3023 778 3164 833 sicut
3198 778 3290 831 lux
3321 779 3383 831 υ.
3420 797 3441 830 ι

1880 870 2056 926 Moses
2084 872 2212 924 item
2251 871 2523 941 leprosum
2559 870 2859 925 mundavit.
2886 869 3164 940 Siquidem
3182 870 3444 939 scriptum

1877 970 1961 1017 est
1994 980 2008 1015 :
2044 980 2063 1014 ι
2110 962 2177 1014 Et
2202 977 2329 1016 ecce
2359 961 2526 1015 Maria
2558 964 2703 1031 lepra
2738 962 2975 1017 candens
3018 963 3160 1017 sicut
3194 964 3287 1017 nix
3311 964 3374 1015 ¹³.
3421 982 3439 1014 ι

1880 1052 1944 1107 Et
1972 1054 2132 1122 paulo
2167 1062 2289 1122 post
2320 1072 2334 1107 :
2379 1070 2397 1103 ι
2444 1052 2510 1106 Ει
2537 1054 2784 1108 clamavit
2812 1052 2985 1108 Moses
3017 1053 3083 1107 ad
3129 1052 3443 1119 Dominum,

1878 1144 2065 1200 dicens
2096 1163 2108 1197 :
2146 1143 2312 1210 Deus,
2340 1146 2589 1209 obsecro,
2626 1160 2758 1200 sana
2788 1160 2907 1200 eam
2930 1145 2991 1199 ίδ.
3031 1164 3050 1197 ι
3097 1142 3272 1200 Simili
3315 1161 3446 1216 ergo

1878 1236 2092 1291 ratione
2119 1267 2134 1303 ,
2170 1236 2265 1291 sed
2298 1238 2455 1306 longe
2483 1237 2676 1306 majori
2720 1244 2989 1307 potestate
3020 1237 3271 1294 Christus
3298 1238 3393 1293 Dei
3426 1278 3443 1304 ,

1878 1342 2005 1382 eum
2052 1328 2118 1382 ad
2168 1343 2289 1382 eum
2349 1329 2599 1399 leprosus
2630 1318 2631 1321 “
2658 1331 2982 1385 accessisset
3007 1370 3021 1392 ,
3059 1330 3393 1400 dixissetque
3427 1349 3443 1384 ι

1885 1436 1904 1470 ι
1929 1417 1987 1471 Si
2017 1418 2118 1481 vis,
2147 1426 2300 1489 potes
2322 1434 2408 1474 me
2434 1420 2716 1474 mundare.
2740 1418 3071 1489 Respondit:
3103 1419 3259 1483 Volo,
3292 1436 3447 1474 muno

1880 1509 2030 1573 dare,
2062 1517 2117 1564 et
2144 1510 2403 1565 mundata
2430 1520 2514 1565 est
2545 1510 2665 1579 ejus
2694 1512 2840 1581 lepra
2872 1513 2936 1565 ³³.
2977 1532 2997 1563 ι
3032 1511 3246 1567 Rursus
3268 1509 3447 1567 Moses

1880 1600 2049 1672 digito
2084 1600 2179 1656 Dei
2223 1603 2481 1671 scriptam
2525 1618 2646 1657 esse
2696 1604 2862 1673 legem
2914 1602 3216 1658 aliirmavit.
3246 1601 3449 1672 Nempe

1882 1697 1961 1749 sic
1993 1695 2256 1765 scriptum
2307 1702 2391 1751 est
2426 1715 2438 1749 :
2474 1713 2492 1745 ι
2530 1694 2595 1749 Ει
2637 1695 2783 1751 dedit
2825 1694 2959 1751 Mosi
2988 1735 3003 1760 ,
3041 1712 3162 1750 cum
3196 1695 3448 1751 desiisset

210 1785 383 1849 σαέοις
425 1786 604 1855 ἔλεγεν
631 1805 642 1819 ·
670 1806 688 1839 ι
713 1790 775 1842 El
806 1789 860 1842 δὲ
889 1792 944 1843 ἐν
962 1770 967 1771 7
988 1791 1231 1861 δακτύλῳ
1260 1790 1391 1843 Θεοῦ
1435 1791 1680 1844 ἐκϐάλλω
1711 1791 1779 1845 τὰ

1882 1786 2029 1855 loqui
2053 1784 2118 1838 ad
2145 1802 2268 1840 eum
2295 1786 2347 1839 in
2371 1794 2554 1841 monte
2587 1785 2715 1840 Sina
2740 1828 2756 1853 ,
2786 1786 2924 1842 duas
2949 1786 3166 1841 tabulas
3198 1787 3447 1841 testimo-

206 1876 474 1947 δαιμόνια.
508 1898 525 1927 ι
562 1878 686 1948 Ἐφ’
728 1881 867 1943 ὅλοις
906 1882 1113 1945 τούτοις
1158 1884 1396 1953 Μωῦσῆς
1432 1885 1778 1954 μετωνόμασε

208 1969 300 2021 τὸν
344 1966 569 2038 Ἰησοῦν.
609 1969 877 2035 Ὡσαύτως
908 1972 964 2024 δὲ
998 1974 1090 2025 καὶ
1134 1976 1161 2027 6
1196 1974 1383 2047 Σωτὴρ
1426 1975 1517 2028 τὸν
1564 1975 1779 2044 Σίμωνα

209 2060 435 2129 Πέτρον.
459 2058 568 2113 καὶ
588 2061 743 2115 πάλιν
770 2080 783 2095 ο
810 2064 1044 2134 Μωῦσῆς
1071 2066 1371 2134 κατέστησε
1392 2066 1469 2135 τῷ
1491 2066 1602 2135 λαῷ
1626 2069 1780 2136 ἡγου-

212 2150 408 2219 μένους
440 2149 821 2222 ἐϐδομήκοντα.
853 2153 1014 2222 Λέγει
1039 2155 1083 2207 δ’
1122 2151 1212 2208 οὖν
1243 2157 1275 2226 ή
1301 2157 1487 2227 Γραφή
1513 2173 1526 2185 ·
1564 2177 1580 2207 ι
1616 2157 1779 2211 Συνά-

208 2242 348 2309 γαγέ
385 2257 470 2311 μοι
516 2243 880 2314 ἐϐδομήκοντα
930 2246 1146 2316 ἄνδρας,
1183 2247 1291 2299 ἀπὸ
1335 2247 1442 2299 τῶν
1487 2248 1780 2319 πρεσϐυτέ-

213 2349 322 2403 ρων
358 2333 594 2402 Ἰσραὴλ,
623 2336 716 2387 καὶ
750 2336 931 2402 ἀφελῶ
964 2337 1070 2389 ἀπὸ
1103 2333 1195 2389 τοῦ
1232 2337 1540 2408 πνεύματος
1562 2338 1662 2393 τοῦ
1690 2340 1781 2392 ἐπὶ

213 2425 315 2485 σοὶ,
359 2426 454 2476 καὶ
494 2425 738 2496 ἐπιθήσω
769 2429 853 2479 ἐπ’
887 2428 1083 2492 αὐτούς
1107 2443 1122 2459 ο
1166 2430 1258 2482 καὶ
1293 2432 1597 2502 συνήγαγεν
1632 2430 1781 2484 ἐϐδο-

214 2514 455 2583 μήκοντα
482 2512 699 2585 ἄνδρας.
738 2534 756 2565 ι
798 2517 1067 2581 Ὡσαύτως
1098 2518 1154 2573 δὲ
1187 2520 1280 2572 καὶ
1311 2520 1339 2571 6
1362 2520 1550 2592 Σωτὴρ
1582 2523 1783 2575 ἀνέδεια

212 2604 301 2669 ξεν
330 2604 494 2657 αὑτοῦ
524 2605 772 2675 μαθητὰς
797 2608 1183 2680 ὲόδομήκοντα,
1216 2612 1308 2664 καὶ
1338 2612 1652 2666 ἀπέστειλεν
1678 2615 1781 2669 ἀνὰ

210 2694 304 2747 δύο
330 2697 436 2767 πρὸ
460 2697 750 2767 προσώπου
781 2698 962 2753 αὑτοῦ.
989 2702 1098 2753 Kal.
1129 2701 1289 2755 πάλιν
1316 2705 1553 2775 Μωῡσῆς
1577 2706 1783 2761 δώδεκα

211 2786 410 2858 ἄνδρας
447 2788 720 2860 ἐξέπεμψε
743 2791 840 2862 τὴν
874 2793 975 2863 γῆν
1016 2794 1545 2865 κατασκεψομένους.
1593 2797 1783 2851 Ὡσαύ-

212 2895 321 2942 τως
351 2879 407 2931 δὲ
436 2881 529 2934 καὶ
571 2881 704 2934 πολὺ
734 2886 978 2953 κρεῖττον
1009 2885 1037 2937 6
1068 2884 1334 2957 ήμέτερος
1364 2887 1552 2959 Σωτὴρ
1575 2888 1782 2942 δώδεκα

210 2971 540 3037 ἀποστόλους
600 2974 977 3040 ἐξαπέστειλεν
1030 2977 1427 3047 ἐπισκέψασθαι
1485 2979 1660 3033 πάντα
1713 2982 1782 3036 τὰ

208 3064 363 3135 ἔθνη.
398 3066 564 3119 Πάλιν
590 3066 828 3137 Μωῦσῆς
875 3069 1153 3139 νομοθετεί
1182 3070 1381 3138 λέγων·
1423 3091 1442 3122 ι
1484 3073 1556 3125 Ού
1592 3073 1782 3141 φονεύ-
1808 3110 1853 3170 C

209 3173 356 3219 σεις,
399 3157 460 3208 οὐ
500 3158 731 3225 κλέψεις,
776 3159 876 3211 οὐκ
917 3162 1282 3232 ἐπιορκήσεις.
1320 3181 1341 3213 ›
1387 3163 1444 3216 '0
1490 3162 1545 3215 δὲ
1591 3164 1780 3236 Σωτὴρ

205 3244 401 3317 ἡμῶν,
438 3248 710 3301 ἐπιτείνων
755 3248 845 3301 τὸν
878 3248 1062 3320 νόμον,
1107 3251 1166 3302 οὐ
1213 3250 1274 3303 τὸ
1314 3251 1555 3320 φονεύειν
1600 3252 1779 3322 μόνον,

212 3335 359 3389 ἀλλά
402 3338 493 3390 καὶ
533 3337 592 3390 τὺ
637 3338 933 3409 θυμοῦσθαι
982 3341 1348 3413 ἀπαγορεύειο
1394 3343 1513 3395 ἀντὶ
1557 3342 1652 3396 τοῦ
1706 3344 1781 3415 μὴ

219 3427 510 3500 μοιχεύειν,
559 3429 679 3501 μηδ’
706 3430 998 3501 ἐμϐλέπειν
1042 3434 1263 3501 γυναικὶ
1304 3435 1441 3505 μετὰ
1490 3437 1782 3508 ἐπιθυμίας

215 3520 514 3575 ἀκολάστου
560 3526 839 3594 παραινεῖ·
884 3525 1003 3577 ἀντί
1046 3542 1104 3579 τε
1150 3526 1243 3579 τοῦ
1289 3527 1362 3598 μή
1405 3528 1678 3595 κλέπτειν,
1714 3531 1781 3584 τὰ

208 3615 390 3666 οἰκεῖα
420 3617 531 3678 τοῖς
571 3615 775 3668 ὲνδεέσι
818 3617 1100 3689 προΐεσθαι
1137 3620 1496 3689 προστάττει·
1538 3622 1783 3694 ὑπερϐὰς

209 3704 267 3760 δὲ
292 3707 387 3758 καὶ
414 3706 475 3759 τὸ
518 3709 811 3778 ἐπιορκεῖν,
858 3709 955 3780 τὴν
998 3711 1171 3782 ἀρχὴν
1201 3713 1333 3783 μηδέ
1361 3713 1586 3784 ὀμνύναι
1624 3734 1785 3787 νομο-

214 3800 380 3855 θετεῖ.
414 3805 520 3856 Καὶ
557 3805 608 3856 τί
645 3822 711 3875 με
739 3806 818 3858 δεῖ
854 3806 1111 3877 μηκύνειν
1144 3807 1234 3860 τὸν
1273 3805 1428 3875 λόγον
1459 3809 1540 3871 εἰς
1568 3808 1784 3861 ἀπόδει-

211 3892 293 3960 ξιν
328 3894 421 3947 τοῦ
453 3895 520 3947 τὰ
551 3896 922 3967 παραπλήσια,
961 3898 1054 3951 καὶ
1083 3900 1247 3967 ἐγγὺς
1280 3898 1520 3971 ἀλλήλων
1554 3915 1781 3971 πεποιη-

210 3985 368 4038 κέναι
406 3987 643 4041 Μωῦσέα
685 3988 777 4042 καὶ
818 3988 1017 4059 Ἰησοῦν
1057 3990 1147 4043 τὸν
1189 3992 1417 4062 Σωτῆρα
1455 3993 1546 4044 καὶ
1578 3991 1781 4062 Κύριον

210 4078 403 4147 ήμῶν;
456 4079 657 4147 Παρὸν,
697 4081 802 4151 ὅτῳ
850 4081 1018 4150 φίλον,
1065 4084 1156 4135 ἐπὶ
1193 4083 1386 4153 σχολῆς
1421 4082 1779 4148 ἀναλέξασθαι

212 4166 402 4219 ταῦτα.
442 4167 591 4220 Ἐπεὶ
617 4172 711 4222 καὶ
744 4172 832 4224 τὸν
866 4171 1090 4224 θάνατον
1130 4171 1407 4235 Μωῦσέως
1444 4172 1643 4242 μηδένα
1668 4188 1776 4240 φα·-

213 4256 299 4308 σὶν
339 4257 651 4324 ἐγνωκέναι,
706 4259 834 4330 μηδὲ
868 4260 964 4331 τὴν
1002 4260 1177 4332 ταφὴν
1209 4260 1372 4314 αὐτοῦ
1397 4278 1410 4291 ’
1453 4261 1641 4332 ὥσπερ
1685 4258 1779 4315 οὖν

210 4347 337 4400 οὐδὲ
363 4347 456 4401 τοῦ
481 4350 727 4420 Σωτῆρος
771 4351 926 4421 ήμῶν
959 4351 1056 4423 τήν
1092 4352 1228 4422 μετὰ
1252 4353 1353 4424 τὴν
1381 4353 1671 4407 ἁναόίωσιν
1697 4355 1779 4417 εις

1880 1881 1961 1933 nii
1990 1919 2004 1942 ,
2047 1879 2263 1936 tabulas
2290 1881 2532 1950 lapideas
2558 1882 2791 1951 scriptas
2818 1881 2989 1951 digito
3019 1878 3112 1934 Dei
3146 1880 3206 1932 ¹⁶.
3250 1898 3268 1931 ι
3300 1877 3365 1932 Ει
3392 1879 3449 1935 in

1881 1972 2071 2026 Exodo
2104 1991 2116 2025 :
2156 1991 2173 2023 ι
2213 1971 2476 2027 Dixerunt
2523 1973 2686 2041 igitur
2726 1974 3092 2027 ineantatores
3135 1971 3446 2033 Pharaoni,

1879 2063 2082 2133 digitus
2111 2060 2205 2117 Dei
2248 2071 2332 2118 est
2365 2064 2454 2117 hic
2503 2065 2568 2119 ³⁷.
2621 2084 2639 2115 ι
2673 2063 2858 2119 Itidem
2886 2062 3046 2120 Jesus
3088 2078 3324 2133 quoque,
3354 2062 3449 2132 qui

1879 2154 2131 2209 Christus
2163 2163 2246 2209 est
2278 2154 2411 2216 Dei,
2436 2153 2727 2210 Pharisaeis
2748 2155 2961 2208 dicebat
2999 2172 3012 2208 :
3044 2173 3063 2205 ι
3094 2153 3151 2207 Si
3183 2162 3361 2208 autem
3395 2154 3447 2206 in

1880 2245 2049 2316 digito
2080 2245 2173 2300 Dei
2199 2244 2359 2314 ejicio
2383 2246 2649 2299 daemonia
2672 2246 2734 2299 η.
2766 2264 2784 2297 ι
2811 2244 2891 2297 Ad
2918 2245 3033 2298 base
3059 2244 3241 2298 omnia
3267 2242 3449 2300 Moses

1880 2337 2249 2392 denominavit
2274 2336 2460 2392 Jesum
2509 2336 2673 2392 Nave.
2727 2335 2849 2389 Pari
2874 2336 3085 2389 ratione
3133 2335 3295 2390 etiam
3325 2333 3449 2387 Salé

1879 2440 2035 2485 vator
2068 2429 2342 2486 SimOnem
2373 2431 2614 2485 Petrum.
2659 2430 2837 2498 Atque
2871 2429 2999 2483 item
3037 2426 3215 2483 Moses
3244 2428 3451 2482 consti-

1881 2522 1985 2576 tuit
2017 2523 2256 2591 populo,
2290 2523 2381 2592 qui
2432 2529 2727 2591 praeessent
2755 2519 3119 2589 septuaginta.
3158 2517 3438 2588 Siquidem

1882 2610 2015 2666 dicit
2048 2610 2330 2680 Scriptura
2359 2630 2372 2664 :
2411 2630 2428 2660 ι
2468 2610 2744 2680 Congrega
2778 2608 2908 2661 mihi
2941 2608 3281 2679 septuaginta
3302 2609 3450 2661 viros

1882 2704 1949 2759 de
1974 2704 2285 2760 senioribus
2315 2703 2480 2757 Israel
2508 2742 2524 2768 ,
2558 2710 2613 2757 et
2644 2700 2884 2755 auferam
2931 2699 2997 2755 de
3022 2699 3219 2769 spiritu
3261 2699 3354 2768 qui
3392 2697 3447 2753 in

1882 2804 1935 2851 te
1966 2804 2089 2859 est,
2123 2804 2176 2850 et
2207 2796 2490 2850 immittam
2527 2794 2580 2848 in
2603 2809 2697 2850 eos
2725 2812 2737 2848 :
2779 2803 2832 2847 et
2862 2792 3208 2862 congregavit
3235 2798 3452 2859 septuaa

1880 2888 2027 2958 ginta
2058 2889 2206 2944 viros
2245 2888 2308 2941 ".
2342 2907 2360 2938 ι
2395 2887 2488 2941 Sic
2510 2886 2673 2941 etiam
2702 2887 2817 2955 ipse
2847 2883 3096 2939 Salvator
3135 2900 3153 2933 t
3196 2883 3452 2952 desiguad

1882 2982 1959 3035 vit
1980 2997 2110 3037 suos
2141 2980 2441 3050 discipulos
2471 2979 2832 3048 septuaginta,
2858 2984 2910 3031 et
2956 2977 3102 3031 misit
3137 2976 3293 3032 binos
3323 2983 3452 3030 ante

1885 3070 2077 3125 faciem
2135 3087 2289 3125 suam
2330 3072 2398 3127 ’°.
2434 3090 2452 3123 ι
2490 3068 2702 3124 Rursus
2751 3067 2930 3123 Moses
2974 3066 3260 3122 duodecim
3302 3066 3451 3121 viros

1882 3163 2064 3218 emisit
2115 3171 2316 3218 terram
2374 3162 2754 3231 exploraturos
2791 3162 2857 3213 ²¹.
2899 3156 3097 3214 Noster
3150 3158 3261 3230 94
3321 3159 3449 3212 item

1883 3251 2154 3318 Salvator,
2213 3252 2491 3320 multoque
2543 3249 2703 3303 etiam
2754 3247 3100 3318 praestantius
3163 3245 3449 3301 duodecim

1881 3342 2155 3412 apostolos
2181 3341 2395 3407 emisit,
2441 3339 2509 3394 ad
2541 3337 2909 3409 inspiciendas
2940 3351 3130 3391 omnes
3163 3343 3349 3403 gentes
3377 3334 3444 3410 ".

1880 3430 2093 3488 Rursus
2145 3429 2321 3486 Moses
2365 3431 2517 3499 ponit
2568 3431 2741 3507 legem
2788 3444 2909 3499 qua:
2941 3428 3107 3482 dicit:
3151 3445 3169 3477 ι
3208 3424 3324 3507 Non
3356 3440 3449 3480 oc-

1879 3524 2049 3588 cides,
2076 3538 2184 3576 non
2218 3522 2598 3584 mmebaberis,
2631 3505 2738 3575 non
2770 3519 3061 3583 furaberis,
3097 3533 3202 3574 non
3232 3505 3447 3587 pejeraa

1878 3615 1965 3669 bis
1991 3615 2054 3672 ”.
2094 3634 2112 3667 ι
2141 3614 2210 3667 At
2241 3611 2490 3669 Salvator
2526 3622 2711 3670 noster
2741 3614 2857 3684 lege
2886 3614 3183 3683 proposita,
3217 3626 3324 3665 non
3358 3622 3451 3664 nes

1881 3711 2065 3766 cidere
2092 3712 2291 3777 solum,
2323 3710 2417 3766 sed
2443 3710 2609 3765 etiam
2662 3710 2823 3764 irasci
2877 3711 3125 3779 prohibet
3154 3708 3222 3776 ",
3254 3719 3306 3764 et
3351 3714 3451 3778 pro

1879 3819 1944 3858 eo
1973 3803 2116 3873 quod
2151 3805 2357 3859 dictum
2392 3812 2496 3867 est,
2531 3818 2640 3857 non
2674 3802 2958 3864 mmehari,
3002 3818 3071 3856 ne
3101 3803 3296 3855 intueri
3328 3802 3450 3869 qni-

1880 3895 2000 3951 dem
2029 3896 2308 3951 mulierem
2340 3911 2465 3950 cum
2512 3896 2773 3966 petulanti
2811 3895 3065 3965 cupidine
3098 3894 3445 3949 admonet":

1878 3997 1931 4042 et
1964 4003 2062 4058 pro
2088 4004 2153 4043 eo
2174 3989 2316 4058 quod
2344 3996 2449 4053 est,
2482 4004 2590 4043 non
2635 3988 2840 4054 furari,
2886 4004 2971 4042 res
3011 3988 3258 4058 pr0prias
3305 3986 3448 4041 indi-

1880 4080 2131 4150 gentibus
2188 4080 2410 4150 elargiri
2468 4081 2698 4150 itnperat
2742 4080 2787 4112 ’⁸
2836 4098 2848 4133 :
2900 4080 3066 4133 etiam
3126 4078 3258 4133 illud
3292 4079 3449 4147 longe

1878 4172 2191 4227 transiliens
2220 4172 2366 4242 quod
2404 4180 2509 4239 est,
2541 4188 2649 4227 non
2701 4172 2978 4242 peierare,
3002 4186 3069 4226 ne
3119 4171 3303 4239 jurare
3327 4169 3449 4239 quid

1878 4265 1999 4319 dem
2024 4264 2134 4318 ullo
2156 4262 2319 4318 modo
2351 4264 2586 4318 instituit
2609 4266 2674 4319 ’⁷.
2706 4264 2764 4317 Et
2793 4263 2925 4333 quid
2949 4279 3034 4318 me
3059 4262 3307 4317 oratione
3330 4262 3450 4315 lona

1878 4358 1999 4429 gius
2029 4357 2253 4427 provehi
2288 4372 2515 4413 necesse
2541 4364 2659 4423 est,
2704 4365 2769 4410 aut
2802 4357 3171 4411 demonstrem
3206 4355 3405 4413 similia
3429 4393 3448 4421 ,

209 4440 315 4510 τὴν
343 4440 565 4512 θεότητα
592 4443 910 4515 μεταϐολήν.
944 4447 1008 4499 El
1037 4446 1100 4517 δὴ
1130 4442 1222 4499 οὖν
1252 4446 1341 4500 διὰ
1372 4448 1480 4501 τῶν
1510 4448 1777 4503 τοσούτων

1884 4450 2219 4520 finitimaque
2249 4451 2390 4505 inter
2420 4465 2500 4515 se,
2536 4449 2723 4504 Mosen
2753 4465 2818 4505 ac
2850 4448 3184 4504 Salvatorem
3204 4488 3219 4515 ,
3264 4447 3451 4502 Domi-

208 4532 388 4595 οὐδεὶς
421 4534 518 4603 μὲν
562 4535 738 4600 ἄλλος,
786 4538 941 4607 μόνος
970 4536 1025 4590 δὲ
1067 4540 1097 4590 6
1125 4539 1313 4612 Σωτὴρ
1346 4541 1501 4611 ήμῶν
1536 4540 1779 4612 παρέστη

207 4622 279 4677 τὰ
308 4625 659 4696 παραπλήσια
688 4628 908 4681 Μωῦσεϊ
946 4629 1436 4702 διαπεπραγμένος,
1468 4633 1562 4686 θέα
1596 4633 1779 4687 λοιπὸν

209 4713 305 4766 ἐπὶ
347 4714 507 4783 μόνον
536 4715 717 4779 αὑτὸν,
748 4717 841 4769 καὶ
872 4716 979 4769 οὐδ’
1007 4719 1090 4786 ἐφ’
1120 4718 1300 4789 ἕτερον
1341 4720 1632 4791 ἀναφέρειν
1671 4717 1776 4791 χρὴ

206 4804 310 4871 τὴν
354 4803 504 4874 παρά
544 4806 765 4858 Μωῦσεῖ
808 4809 1160 4878 προφητείαν,
1201 4808 1267 4861 δι’
1309 4804 1377 4879 ἦς
1414 4809 1595 4879 ὅμοιον
1628 4808 1777 4880 αὐτῷ

208 4896 582 4966 παραστήσειν
616 4898 646 4949 6
688 4896 817 4960 Θεὸς
862 4897 1143 4951 ἐθέσπισεν
1184 4898 1377 4952 εἰπών·
1425 4922 1442 4951 ι
1484 4901 1777 4972 Προφήτην

205 4988 271 5039 ἐκ
302 4986 412 5038 τῶν
444 4986 685 5056 ἀδελφῶν
717 4990 893 5043 αὐτῶν
922 4991 1209 5062 ἀναστήσω
1240 4992 1440 5055 αὐτοῖς,
1471 4992 1657 5063 ὥσπερ
1692 5009 1771 5057 σε,

203 5079 303 5131 καὶ
338 5078 494 5132 δώσω
529 5078 590 5133 τὸ
632 5081 783 5152 ῥῆμά
821 5100 921 5153 μου
959 5084 1015 5135 ἐν
1047 5082 1123 5154 τῷ
1164 5082 1387 5155 στόματι
1427 5084 1590 5138 αὑτοῦ
1616 5102 1629 5115 ’
1682 5084 1776 5137 καὶ

202 5169 430 5241 λαλήσει
474 5172 674 5236 αὐτοῖς,
722 5174 861 5227 καθὰ
909 5173 972 5228 ἂν
1015 5176 1336 5247 ἐντείλωμαι
1382 5176 1547 5247 αὐτῷ.
1595 5178 1703 5230 Καὶ
1748 5180 1777 5230 6

200 5262 493 5332 ἄνθρωπος
515 5264 572 5327 ὃς
599 5264 664 5317 ἂν
696 5266 769 5336 μὴ
798 5264 1005 5338 ἀκούσῃ
1026 5265 1133 5320 τῶν
1158 5267 1327 5335 λόγων
1359 5267 1545 5329 αὐτοῦ,
1582 5268 1682 5320 ὃσα
1710 5266 1776 5320 ἂν

199 5352 413 5423 λαλήσῃ
446 5356 474 5407 6
504 5357 786 5427 προφήτης
818 5356 910 5408 ἐπὶ
951 5355 1029 5426 τῷ
1060 5352 1280 5426 ὀνόματί
1312 5374 1433 5427 μου,
1484 5356 1595 5426 ἐγὼ
1627 5358 1775 5411 ἐκδι-

201 5446 360 5516 κήσω
406 5445 463 5507 ἐξ
491 5446 672 5500 αὐτοῦ.
717 5467 734 5498 ι
770 5449 941 5512 Αὐτός
967 5466 1025 5501 τε
1058 5450 1313 5519 Μωῦσῆς,
1355 5450 1491 5521 πρὸς
1525 5449 1617 5503 τὸν
1648 5449 1774 5503 λαὸν

314 5540 356 5609 _"
392 5537 561 5609 Exod.
587 5556 770 5606 xxxn',
812 5541 1005 5603 29,30.
1122 5544 1164 5574 υ
1192 5542 1379 5598 Matth.
1432 5560 1563 5609 xvn,
1604 5546 1717 5602 Ισοὸ.

206 5609 254 5681 Ῑῗ
281 5606 457 5681 Exod.
493 5626 637 5681 xm,
684 5611 772 5666 18.
884 5614 927 5649 ¹⁷
956 5611 1124 5669 Exod.
1174 5629 1297 5681 vui,
1350 5614 1437 5670 i9.

204 5676 253 5781 ε
280 5675 436 5804 agat.
460 5679 626 5805 £123.
739 5684 783 5715 ³²
813 5681 999 5742 Matth.
1031 5699 1088 5750 ι,
1123 5684 1237 5740 1-5.

1827 5546 1871 5578 ⁵³
1898 5546 2057 5603 Num.
2102 5563 2202 5609 xu,
2241 5548 2329 5605 10.

1548 5616 1591 5681 ’9
1623 5615 1756 5671 Luc.
1780 5632 1877 5681 _xt,
1910 5616 2015 5681 30.

1351 5685 1397 5718 "
1434 5680 1615 5767 Exod.
1639 5703 1729 5755 xx,
1765 5678 1943 5745 15-16.

1879 4558 2119 4613 numque
2148 4550 2395 4598 nostrum
2445 4542 2669 4597 fecisse?
2713 4556 2837 4595 cum
2881 4542 3177 4610 unicuique
3220 4542 3447 4607 volenti,

1880 4633 1936 4687 in
1969 4634 2080 4689 otio
2109 4632 2237 4687 talia
2271 4633 2528 4701 colligere
2575 4632 2888 4685 facillimum
2929 4632 3031 4686 sit?
3078 4631 3289 4686 Etenim
3319 4646 3453 4687 cum.

1880 4723 2046 4779 Mosis
2094 4731 2321 4778 mortem
2352 4723 2570 4778 novisse
2603 4726 2871 4779 neminem
2910 4723 3097 4778 dicant
3120 4762 3135 4786 ,
3172 4738 3236 4777 ac
3265 4737 3334 4777 ne
3355 4739 3447 4778 se—

1877 4815 2124 4884 pulcrum
2160 4812 2378 4883 quidem
2406 4813 2565 4881 ejus,
2600 4826 2777 4881 neque
2812 4812 2994 4867 itidem
3030 4800 3323 4866 Salvatoris
3348 4827 3453 4865 no-z

1875 4905 1976 4960 stri
2002 4912 2124 4975 post
2163 4904 2394 4959 reditum
2444 4918 2603 4958 suum
2651 4904 2707 4958 in
2746 4904 2947 4968 vitam,
3006 4903 3357 4957 mutationem
3391 4902 3447 4958 in

1878 4997 2114 5067 speciem
2144 4995 2380 5050 divinam
2409 4995 2698 5064 quisquam
2727 4995 2869 5049 scire
2898 4995 3089 5064 potuit.
3123 4992 3176 5047 Si
3205 4994 3370 5063 igitur
3391 4994 3446 5046 in

1878 5098 1988 5142 tam
2031 5088 2217 5142 multis
2256 5088 2421 5142 rebus
2457 5088 2598 5142 alius
2627 5102 2819 5152 nemo,
2870 5087 2964 5143 sed
3012 5087 3160 5141 solus
3198 5084 3446 5141 Salvator

1878 5184 2084 5243 noster,
2115 5178 2207 5246 qui
2235 5192 2358 5231 eum
2405 5175 2552 5231 Mose
2594 5176 3005 5231 similitudinem
3040 5176 3306 5229 factorum
3342 5176 3445 5230 lia-

1878 5270 2076 5330 huerit,
2127 5269 2360 5338 proferri
2396 5277 2592 5339 potest,
2631 5276 2884 5338 superest
2920 5268 3032 5334 jam
3077 5273 3137 5319 ut
3192 5267 3245 5319 in
3293 5268 3443 5323 illum

1881 5372 2052 5415 unum
2085 5368 2413 5431 spectemus.
2438 5362 2621 5431 Neque
2660 5377 2792 5416 vero
2824 5361 2891 5416 ad
2940 5361 3102 5413 alium
3140 5361 3445 5431 quempiam

1879 5451 2181 5507 referamus
2232 5455 2601 5524 prophetiam.
2637 5467 2757 5522 quae
2818 5448 2960 5521 apud
3013 5447 3196 5504 Mosen
3232 5458 3442 5515 exstat,

2444 5550 2487 5581 ιδ
2516 5547 2650 5615 Ibid.
2680 5549 2766 5603 l3.
2884 5547 2924 5579 ’⁸
2947 5545 3274 5609 Mattlmmt,
3314 5546 3443 5603 λδ.

2129 5618 2170 5679 ¹Ἶ
2197 5615 2358 5673 Num.
2416 5634 2495 5685 Il.
2535 5618 2622 5685 16,
2666 5618 2762 5685 ΓΙ.
2807 5617 2897 5672 24.

3014 5617 3059 5650 ³⁸
3094 5615 3224 5670 Luc.
3282 5632 3335 5680 χ,
3398 5618 3417 5669 ι

2049 5681 2095 5723 ίτ
2125 5685 2316 5744 Matth.
2354 5706 2407 5759 v,
2450 5680 2539 5742 Ὦ.
2608 5680 2617 5685 ⁷
2656 5681 2699 5721 ⁸³
2724 5685 2859 5743 ibid.
2909 5687 3001 5747 28.

3106 5688 3152 5720 “‘
3189 5685 3323 5743 ibid.
3355 5686 3435 5741 ιιι
