3914 6198
469 281 498 336 ’1
511 282 576 338 75

1120 278 1389 336 EUSEBII
1421 277 1904 336 CESARIENSIS
1935 277 2084 335 OPP.
2125 277 2306 336 PARS
2343 280 2409 338 ιι.
2440 312 2508 322 -
2541 281 3036 340 ΑιιοιοοετισΑ.

3585 293 3690 348 178

463 405 522 460 in
569 420 676 475 qua
711 403 784 458 illi
813 401 1042 459 similem
1073 400 1464 455 suscitaturum
1515 415 1575 455 se
1607 398 1749 454 Deus
1797 412 1989 469 respon

2090 397 2220 470 ,τὴν
2249 399 2344 454 τοῦ
2375 399 2510 454 Θεοῦ
2551 400 2918 472 διερμηνεύων
2965 404 3169 476 φωνὴν,
3206 405 3440 478 ἔφησεν·
3481 430 3501 462 ι
3543 411 3689 484 Προ-

453 497 574 560 det,
605 496 794 550 dicens
817 513 832 548 :
873 511 893 544 ι
928 491 1253 562 Prophetam
1274 507 1340 548 ex
1357 490 1618 546 fratribus
1638 505 1827 546 eorum
1854 489 2024 545 susci-

459 590 589 646 tabo
614 583 718 651 eis,
751 593 1010 655 tanquam
1041 592 1110 646 te,
1134 592 1189 640 et
1215 584 1357 640 dabo
1395 584 1619 639 verbum
1651 598 1832 638 meum
1870 583 1924 636 in
1957 598 2022 638 os

458 683 626 746 illius,
667 686 723 734 et
774 677 1032 747 loquetur
1060 676 1141 732 eis
1195 674 1654 746 quemadmodum
1695 673 2020 730 mandavero

459 773 575 838 illi;
641 780 696 826 et
758 769 936 824 omnis
988 767 1152 822 homo
1206 767 1518 838 quicunque
1596 780 1705 820 non
1782 765 2018 820 audierit

455 864 617 918 verba
683 863 826 918 illius
853 902 868 926 ,
923 875 1258 932 quaecunque
1309 859 1560 929 loquetur
1637 858 1898 928 propheta
1961 859 2016 912 in

453 952 674 1008 nomine
742 967 864 1007 meo
891 993 904 1014 ,
951 966 1050 1021 ego
1092 950 1326 1004 ulciscar
1371 964 1434 1002 ex
1476 964 1542 1003 eo
1591 948 1672 1002 ηε
1717 967 1735 1000 ι
1796 949 2020 1017 ipseque

453 1041 633 1099 Moses
678 1043 770 1098 Dei
812 1058 998 1098 vocem
1040 1042 1106 1096 ad
1143 1041 1399 1112 pupulum
1444 1039 1804 1110 interpretans
1829 1079 1843 1101 ,
1892 1039 2012 1092 ait:

457 1152 477 1186 ο
509 1133 832 1204 Prophetanu
879 1148 944 1186 ex
994 1131 1251 1185 fratribus
1284 1133 1477 1185 vestris
1507 1129 1795 1184 suscitabit
1828 1127 2014 1182 Domi-

450 1244 554 1282 nus
583 1225 724 1281 Deus
768 1232 964 1284 vester,
1024 1223 1174 1276 illum
1207 1221 1440 1275 audietis
1493 1221 1543 1274 iu
1573 1221 1827 1275 omnibus
1869 1235 2017 1290 qua:-

451 1332 663 1388 eunque
699 1315 984 1388 postulasti
1031 1329 1061 1367 a
1106 1312 1333 1367 Domino
1361 1311 1470 1366 Deo
1501 1321 1596 1366 tuo
1627 1312 1680 1365 in
1712 1309 1926 1365 Choreb
1958 1311 2012 1364 in

448 1412 536 1466 die
577 1408 949 1465 coucionis”.
995 1429 1015 1460 ι
1058 1405 1210 1472 Quod
1253 1415 1433 1460 autem
1479 1416 1601 1476 post
1656 1403 1843 1459 Mosen
1888 1412 2014 1457 ante

447 1501 783 1558 Salvatorem
824 1508 1070 1554 nostrum
1117 1498 1299 1552 nullus
1331 1497 1716 1567 pmphetarum
1759 1494 1893 1550 Mosi
1935 1495 2013 1550 si-

446 1593 593 1647 milis
625 1590 954 1653 surrexerit,
1005 1589 1228 1658 antiqua
1274 1587 1555 1659 Scriptura
1592 1587 1880 1658 perspicue
1911 1586 2012 1642 do-

2120 488 2296 558 φήτην
2338 491 2402 543 ἐκ
2444 489 2552 543 τῶν
2598 491 2837 561 ἀδελφῶν
2875 493 3028 565 ὑμῶν
3074 496 3366 569 ἀναστήσει
3412 501 3618 574 Κύριος
3658 507 3692 560 ὸ

2117 577 2248 643 Θεὸς
2274 580 2449 651 ήμῶν.
2479 583 2650 637 Αὑτοῦ
2687 585 2981 640 ἀκούσεσθε
3008 589 3156 642 κατά
3175 589 3352 645 πάντα
3377 593 3477 646 ὅσα
3500 597 3694 668 ⁴ᾐτήσω

2117 669 2268 741 παρά
2293 672 2496 743 Κυρίου
2522 673 2615 727 τοῦ
2643 674 2778 730 Θεοῦ
2820 695 2913 731 σου
2950 680 3008 732 ἐν
3035 679 3238 752 Χωρὴὸ
3281 685 3345 752 τῇ
3379 684 3561 758 ἡμέρᾳ
3589 687 3693 758 τῆς

2117 761 2430 832 ἐκκλησίας.
2481 783 2500 816 ι
2538 766 2655 819 ’Ὁτι
2701 767 2758 822 δὲ
2834 769 2941 823 τῶν
2994 770 3134 842 μετά
3190 773 3428 830 Μωῦσέα
3475 796 3691 853 προφη-

2113 853 2222 907 τῶν
2266 855 2440 920 οὐδεὶς
2492 858 2597 929 πρὸ
2641 859 2737 913 τοῦ
2795 861 3047 933 Σωτῆρος
3097 864 3256 936 ἡμῶν
3309 867 3492 937 ὅμοιος
3557 874 3691 943 em-

2114 962 2306 1016 γερται
2349 949 2590 1013 Μωῦσεῖ,
2639 951 2822 1022 σαφῶς
2861 955 2894 1024 ἠ
2942 954 3146 1012 παλαιά
3194 959 3382 1030 Γραφὴ
3423 961 3686 1028 διδάσκει,

2113 1033 2343 1103 λέγουσα
2363 1055 2376 1068 ο
2414 1057 2432 1090 ι
2465 1041 2576 1094 Καὶ
2605 1042 2704 1095 οὐκ
2726 1044 2920 1116 ἀνέστη
2951 1045 3030 1099 ἔτι
3055 1051 3342 1120 προφήτης
3371 1053 3430 1104 ἐν
3444 1053 3684 1125 Ἰσραὴλ,

2112 1125 2188 1190 ὡς
2216 1129 2474 1200 Μωῦσῆς,
2517 1131 2574 1184 δν
2615 1132 2754 1202 έγνω
2781 1134 2983 1205 Κύριος
3027 1140 3316 1209 πρόσωπον
3351 1145 3490 1197 κατά
3517 1146 3687 1217 πρόσ-

2118 1234 2264 1272 ωπον
2295 1221 2351 1273 ἐν
2411 1223 2543 1275 πᾶσι
2570 1226 2680 1286 τοῖς
2711 1225 2955 1296 σημείοις
2988 1230 3080 1282 καὶ
3109 1229 3321 1302 τέρασι.
3357 1252 3374 1284 ι
3403 1235 3686 1290 Δέδεικται

2110 1310 2288 1362 τοίνυν
2313 1311 2374 1364 τὸ
2401 1312 2580 1366 ένθεον
2601 1315 2815 1386 πνεῦμα
2837 1317 2925 1372 διὰ
2949 1319 3224 1384 Μωῦσέως
3245 1323 3486 1393 περὶτοῦ
3507 1325 3686 1398 Σωτῆ-

2113 1415 2203 1471 ρος
2223 1401 2377 1471 ἡμῶν
2398 1403 2656 1457 θεσπίσαν
2681 1423 2694 1436 ’
2728 1409 2776 1459 εί
2798 1407 2861 1476 δὴ
2888 1409 3047 1478 μόνος
3070 1411 3251 1475 αὐτὸς,
3279 1414 3371 1466 καὶ
3391 1414 3501 1466 οὐδ’
3523 1415 3684 1481 ἀλλος

2109 1491 2291 1563 ὅμοιος
2310 1495 2388 1565 τῷ
2412 1496 2633 1549 Μωῦσεί
2651 1496 2891 1565 γεγονὼς
2917 1501 3034 1562 ταῖς
3060 1501 3222 1554 αὑτοῦ
3250 1503 3529 1568 Μωῦσέως
3561 1523 3680 1574 φω-

2112 1586 2227 1648 ναῖς
2249 1585 2553 1650 ἀκολούθως
2579 1589 2827 1660 συνέστη.
2855 1591 3055 1660 Σκέψαι
3082 1592 3137 1646 δὲ
3163 1593 3254 1646 καὶ
3284 1594 3447 1666 ἄλλην
3469 1614 3682 1670 προφη-

444 1692 552 1748 cct,
581 1683 673 1738 ubi
706 1684 818 1737 ait:
861 1701 880 1735 ι
915 1681 980 1735 Et
1028 1697 1135 1736 non
1167 1681 1403 1735 surrexit
1453 1680 1593 1734 ultra
1648 1680 1908 1750 propheta
1952 1679 1989 1734 ἰι

2110 1674 2258 1728 τείαν
2287 1678 2648 1749 ἀνάγραπτον.
2691 1681 2904 1752 Ἐπειδὴ
2928 1680 3035 1754 γὰρ
3065 1684 3155 1736 τὸν
3192 1685 3417 1757 Σωτῆρα
3447 1689 3540 1741 καὶ
3566 1688 3687 1743 Κύ-

442 1775 608 1831 lsrael
638 1776 780 1830 sicut
811 1774 1022 1835 Moses,
1071 1789 1231 1843 quem
1262 1773 1470 1827 noverit
1497 1773 1756 1827 Dominus
1781 1771 1916 1826 facie
1939 1773 2005 1826 ad

442 1867 668 1930 faciem,
717 1868 771 1922 in
823 1867 1075 1922 omnibus
1124 1866 1294 1935 signis
1343 1872 1506 1935 atque
1561 1865 1826 1934 portentis
1872 1865 1938 1916 ”.
1981 1883 2000 1916 ι

440 1959 665 2014 Constat
727 1958 890 2028 igitur
943 1956 1184 2010 divinum
1239 1955 1487 2024 spiritum
1553 1970 1647 2024 per
1706 1953 1890 2008 Mosen
1939 1955 2006 2008 de

443 2047 723 2103 Salvatore
752 2058 940 2104 nostro
961 2046 1265 2102 cecinisse:
1301 2043 1570 2114 siquidem
1596 2059 1764 2098 unum
1788 2045 1965 2114 ipsum
1987 2083 2002 2105 ,

438 2156 539 2196 nec
571 2140 733 2194 alium
762 2139 1069 2210 quempiam
1106 2136 1240 2192 Mosi
1278 2136 1509 2190 similem
1549 2135 1846 2199 exstitisse,
1876 2151 2008 2206 qua-

436 2231 541 2288 lem
575 2231 746 2301 ipsius
775 2230 941 2285 Mosis
982 2229 1144 2283 verba
1175 2228 1511 2292 describunt,
1538 2227 1652 2296 jam
1680 2227 2004 2296 comproba-

435 2333 549 2379 tum
595 2331 697 2378 est.
731 2323 998 2378 Caeterum
1025 2361 1040 2384 ,
1078 2329 1263 2390 specta
1295 2321 1456 2374 aliam
1506 2334 1728 2390 quoque
1767 2322 2000 2389 prophe-

433 2417 564 2470 tiam
611 2414 720 2484 95
770 2415 999 2484 publica
1046 2413 1330 2482 scriptum
1380 2410 1831 2466 commendatam.
1862 2409 1998 2464 Nam

432 2523 555 2563 cum
605 2507 939 2561 Salvatorem
985 2512 1040 2560 et
1080 2503 1365 2558 Dominum
1411 2509 1680 2565 nostrum,
1722 2500 1996 2556 hominem

430 2602 638 2654 ratione
673 2591 1024 2652 humanitatis
1053 2596 1120 2652 de
1151 2595 1360 2650 semine
1395 2595 1563 2650 Israel
1605 2601 1808 2658 ortum,
1836 2593 1997 2648 iunu~

429 2691 720 2746 merabiles
749 2698 1047 2744 conventus
1077 2690 1129 2742 in
1157 2689 1411 2742 omnibus
1434 2687 1685 2758 gentibus
1709 2685 1992 2740 Dominum

429 2779 718 2850 appellent,
762 2785 982 2847 propter
1032 2777 1269 2832 divinam
1321 2778 1441 2846 ejus
1485 2777 1741 2830 virtutem
1777 2777 1918 2830 hanc
1942 2777 1993 2832 ei

427 2871 839 2940 appellationem
873 2871 1174 2924 tribuentes
1210 2888 1222 2923 :
1261 2868 1474 2939 Moyses
1489 2884 1728 2939 quoque,
1757 2868 1990 2938 qui,hoc

427 2961 614 3015 divino
659 2957 863 3030 Spiritu
911 2961 1150 3022 amatus.
1183 2970 1535 3030 cognoverat,
1573 2953 1876 3015 enuntiavit
1929 2961 1985 3015 in

381 3049 384 3054 ’
425 3051 570 3107 hunc
601 3053 818 3108 modum
853 3071 865 3107 :
910 3072 928 3104 ι
969 3052 1147 3106 Exibit
1201 3053 1363 3106 homo
1385 3053 1452 3107 de
1483 3053 1691 3107 semine
1734 3051 1855 3121 ejus
1887 3053 1990 3123 (di-
2013 3085 2056 3141 ε

421 3144 496 3198 cit
548 3153 727 3199 autem
784 3143 852 3199 de
907 3143 1091 3213 Israel)
1132 3153 1186 3198 et
1225 3143 1600 3198 dominabitur
1636 3143 1908 3214 gentibus,
1933 3152 1988 3200 et

419 3238 713 3294 extolletur
742 3253 966 3306 regnum
999 3236 1201 3307 ejus“.
1239 3256 1258 3289 ›
1285 3236 1440 3302 Quod
1462 3236 1508 3290 si
1537 3235 1719 3290 nullus
1748 3250 1986 3306 unquam

419 3332 560 3386 alius
601 3347 665 3387 ex
707 3331 776 3386 iis
815 3331 1150 3402 principibus
1179 3337 1232 3384 et
1265 3330 1501 3399 regibus.
1530 3330 1622 3398 qui
1657 3329 1711 3382 in
1750 3328 1988 3385 circum-

417 3425 625 3480 cisione
675 3424 1040 3493 regnaverint,
1072 3423 1365 3477 multarum
1419 3422 1660 3492 gentium
1723 3418 1984 3478 Dominus

415 3519 744 3574 constitutus
793 3525 876 3573 est
933 3517 1102 3587 (nulla
1161 3515 1307 3572 enim
1359 3515 1587 3570 historia
1638 3514 1742 3570 hoc
1769 3515 1980 3584 habet),

415 3613 613 3664 clamat
661 3616 841 3664 autem
887 3617 939 3664 et
963 3607 1315 3662 vociferatur
1341 3608 1546 3662 veritas
1575 3606 1643 3661 de
1666 3623 1774 3662 uno
1796 3606 1986 3661 Salva-

413 3713 532 3758 tore
565 3711 754 3758 nostro
785 3719 798 3755 :
832 3701 984 3755 illum
1015 3701 1203 3771 utique
1225 3700 1337 3770 jam
1363 3698 1678 3760 Dominum,
1712 3715 1890 3770 neque
1926 3699 1981 3754 id

413 3795 570 3850 labiis
597 3800 828 3857 tantum,
862 3791 957 3847 sed
994 3791 1281 3846 atl'ectione
1307 3791 1703 3852 sincerissima,
1731 3791 1982 3847 innume-

411 3885 609 3941 rabiles
657 3886 898 3938 omnium
959 3885 1240 3939 nationum
1295 3868 1596 3938 conventus
1653 3883 1902 3938 confiteri
1962 3902 1975 3938 :

409 3977 538 4048 quid
587 3978 729 4030 ultra
766 3977 880 4046 jam
935 3977 1163 4047 impedit
1194 3992 1262 4030 ne
1295 3976 1445 4029 illum
1474 3990 1598 4030 esse
1629 3973 1979 4036 dicamus.de

407 4082 516 4137 quo
563 4067 860 4136 prophetiae
915 4066 1167 4122 exstant?
1214 4065 1370 4132 Quod
1397 4072 1578 4120 autem
1608 4064 1820 4137 Moyses
1863 4069 1980 4121 haec

406 4171 515 4212 non
550 4157 827 4211 indeﬁnite
851 4157 1128 4226 praedicat,
1150 4171 1326 4224 neque
1351 4157 1618 4210 immenso
1655 4156 1891 4226 quodam
1922 4165 1977 4211 et

405 4249 738 4303 inconstanti
765 4257 1008 4319 tempore
1028 4249 1344 4301 vaticinium
1373 4247 1790 4312 adumbret,sed
1821 4248 1975 4305 valde

406 4339 752 4409 providenter
779 4351 1031 4395 eventum
1055 4354 1235 4394 rerum
1266 4353 1405 4408 quas
1437 4339 1770 4407 praedixerit,
1800 4340 1976 4395 deter-

2112 1782 2225 1836 ριον
2243 1769 2274 1838 ἡ
2283 1768 2418 1837 μῶν,
2442 1769 2724 1841 ἄνθρωπον
2744 1772 2881 1825 κατά
2912 1773 3087 1846 σάρκα
3115 1776 3399 1846 γενόμενον
3422 1780 3486 1830 ἐκ
3513 1780 3685 1852 σπέρ-

2111 1874 2280 1928 ματος
2325 1859 2557 1932 Ἰσραὴλ,
2593 1863 2762 1934 μυρία
2795 1863 2971 1935 πλήθη
3004 1866 3061 1918 ἐν
3087 1868 3218 1919 πᾶσι
3242 1870 3353 1930 τοῖς
3385 1869 3559 1922 ἔθνεσι
3584 1889 3685 1924 κυ-

2111 1949 2360 2020 ριολογεῑ,
2403 1952 2501 2022 τῆς
2531 1953 2711 2006 ἐνθέου
2740 1954 3020 2026 δυνάμεως
3071 1957 3235 2011 αὐτοῦ
3273 1961 3432 2031 χάριν
3473 1962 3682 2035 Κύριον

2103 2040 2480 2110 ὁμολογοῦντα,
2516 2044 2608 2098 καὶ
2641 2045 2798 2099 τοῦτο
2837 2046 2995 2100 πάλιν
3034 2049 3272 2120 Μωῦσῆς
3324 2053 3553 2108 συνιδὼν
3596 2057 3679 2128 τῷ

2104 2132 2232 2205 θείῳ
2263 2135 2555 2207 Πνεύματι,
2579 2136 2667 2190 διά
2693 2137 2792 2207 τῆς
2822 2139 2986 2192 αὐτοῦ
3009 2141 3222 2212 γραφῆς
3249 2141 3436 2197 τοῦτον
3464 2145 3681 2217 ἀνεφώ-

2101 2243 2231 2297 νησε
2274 2227 2364 2281 τὸν
2419 2228 2644 2300 τρόπον·
2707 2248 2725 2280 σ
2758 2229 3124 2297 Ἐξελεύσεται
3171 2233 3454 2305 ἄνθρωπος
3487 2240 3552 2293 ἐκ
3579 2241 3677 2296 τοῦ

2103 2318 2413 2391 σπέρματος
2439 2319 2602 2373 αὐτοῦ
2631 2320 2808 2390 (λέγει
2831 2322 2886 2375 δὲ
2913 2322 3006 2375 τοῦ
3037 2323 3255 2396 Ἰσραήλ
3279 2326 3428 2395 ),καὶ
3457 2330 3677 2400 κυριεύ-

2100 2427 2180 2462 σει
2201 2410 2387 2474 ἐθνῶν,
2422 2412 2514 2464 καὶ
2547 2411 2887 2482 ὑψωθήσεται
2917 2415 2948 2484 ἡ
2974 2413 3220 2482 βασιλεία
3249 2419 3429 2472 αὐτοῦ.
3465 2439 3483 2472 ι
3517 2422 3578 2476 Ei
3598 2422 3670 2496 δὴ

2100 2500 2285 2572 μηδεὶς
2313 2501 2469 2565 ἀλλος
2495 2501 2714 2554 πώποτε
2746 2502 2852 2556 τῶν
2881 2505 2945 2558 ἐκ
2966 2506 3260 2577 περιτομῆς
3278 2509 3546 2579 ἀρχόντων
3568 2513 3674 2567 καὶ

2098 2591 2358 2662 βασιλέων
2414 2593 2601 2666 κύριος
2649 2594 2818 2649 ἐθνῶν
2863 2596 3069 2650 πολλῶν
3121 2598 3380 2670 κατέστη·
3421 2602 3674 2673 (οὐδεμία

2094 2683 2202 2756 γὰρ
2236 2686 2444 2756 ἱστορία
2466 2686 2614 2758 δηλοῖ
2629 2685 2786 2739 τοῦτο
2804 2688 2844 2755 ⁸)
2869 2687 2967 2758 βοᾷ
2989 2687 3046 2740 δὲ
3067 2690 3161 2742 καὶ
3186 2689 3454 2760 κέκραγεν
3484 2694 3515 2762 ἡ
3541 2693 3676 2766 ἀλή-

2093 2775 2210 2829 θεια
2250 2779 2342 2830 ἐπὶ
2384 2778 2542 2847 μόνου
2575 2778 2670 2846 τρῦ
2699 2780 2952 2850 Σωτῆρος
2985 2780 3175 2852 ἡμῶν·
3211 2783 3292 2835 ὅτι
3346 2782 3408 2853 δὴ
3463 2784 3674 2856 Κύριον

2091 2866 2271 2929 αὑτὸν,
2305 2869 2399 2920 καὶ
2428 2868 2528 2922 οὐκ
2561 2868 2689 2922 αὐτὸ
2725 2871 2882 2940 μόνον
2918 2873 3028 2934 τοῖς
3071 2871 3290 2941 χείλεσι,
3329 2873 3564 2930 διαθέσει
3606 2877 3672 2931 δι

2089 2961 2450 3033 γνησιωτάτῃ,
2510 2962 2676 3032 μυρία
2721 2961 2898 3034 πλήθη
2952 2963 3010 3030 ἐξ
3059 2964 3311 3017 ἁπάντων
3351 2965 3460 3019 τῶν
3495 2966 3671 3022 ἐθνῶν

2087 3051 2352 3120 ὁμολογεῖ,
2405 3052 2457 3105 τί
2497 3053 2693 3125 δήποτε
2748 3054 2996 3124 ἐμποδὼν
3049 3056 3122 3128 μὴ
3173 3057 3293 3127 οὐχὶ
3327 3058 3490 3111 αὑτὸν
3522 3055 3670 3115 εἶναι

2091 3143 2318 3212 φάσκειν
2345 3145 2436 3197 τὸν
2468 3145 2965 3216 προφητευόμενον;
3001 3148 3117 3200 ’Ότι
3139 3146 3194 3200 δέ
3219 3149 3459 3221 Μωῦσῆς
3481 3151 3664 3205 ταῦτα

2087 3235 2187 3288 οὐκ
2212 3235 2314 3289 ἀπε
2325 3237 2607 3308 ριορίστως
2636 3238 2905 3309 προλέγει,
2936 3238 3042 3291 οὐδ’
3067 3241 3146 3302 είς
3169 3239 3390 3312 ἄπειρον
3413 3243 3506 3296 καὶ
3531 3245 3668 3298 ἀπε-

2087 3324 2340 3398 ρίμετρον
2372 3329 2558 3400 χρόνον
2582 3329 2918 3394 ἐπισκιάζων
2947 3328 3043 3401 τὴν
3073 3332 3396 3404 πρόρρησιν,
3415 3335 3476 3387 ού
3511 3336 3666 3405 μάλα

2083 3415 2141 3468 δὲ
2161 3418 2402 3489 ἀκριϐῶς
2428 3419 2524 3491 τὴν
2549 3421 2658 3473 τῶν
2692 3421 3177 3493 προφητευομένων
3198 3423 3422 3478 ἑκϐασιν
3442 3427 3664 3497 χρόνοις

2081 3509 2401 3580 ὡρισμένοις
2433 3514 2805 3585 περιγράφων,
2839 3516 3000 3570 ἄκουε
3036 3512 3123 3571 οἶα
3165 3519 3257 3572 καὶ
3297 3519 3422 3589 περὶ
3461 3521 3661 3575 τούτου

2082 3600 2355 3668 θεσπίζειο
2413 3624 2431 3656 ι
2476 3606 2590 3659 Οὐκ
2646 3607 2883 3678 ἐκλείψει
2941 3609 3124 3681 ἄρχων
3183 3611 3243 3676 ἐξ
3307 3612 3493 3674 Ἰούδα,
3556 3616 3660 3668 καὶ

2079 3693 2379 3764 ἡγούμενος
2400 3697 2462 3750 ἐκ
2489 3697 2596 3750 τῶν
2632 3698 2819 3769 μηρῶν
2854 3699 3038 3763 αὑτοῦ,
3072 3701 3177 3765 ἐως
3194 3701 3259 3755 ἂν
3279 3701 3404 3774 ἔλθῃ
3510 3705 3620 3758 ἀπό
3637 3737 3657 3748 -

2080 3803 2251 3839 κειται
2271 3803 2284 3816 ·
2318 3788 2411 3841 καὶ
2430 3788 2591 3852 αὐτὸς
2615 3790 2904 3860 προσδοκία
2922 3790 3108 3844 ἐθνῶν.
3141 3810 3160 3843 ι
3185 3795 3260 3845 Δι’
3282 3786 3356 3846 ὧν
3375 3794 3434 3846 οὐ
3457 3793 3659 3848 διαλεί-

2077 3877 2210 3946 om
2241 3877 2368 3949 ἑξῆς
2399 3881 2493 3933 καὶ
2523 3880 2663 3934 κατὰ
2693 3881 2939 3952 διαδοχὴν
2966 3883 3301 3953 ἡγουμένους
3331 3884 3424 3937 καὶ
3452 3884 3658 3957 ἄρχον-

2075 3989 2173 4035 τας
2211 3971 2317 4024 τῶν
2359 3971 2626 4024 Ἰουδαίων
2657 3971 2864 4036 έθνους,
2901 3972 3059 4044 μέχρι
3082 3973 3182 4043 τῆς
3209 3973 3302 4028 τοῦ
3339 3976 3658 4044 προσδοκωο

2079 4064 2239 4134 μένου
2280 4063 2578 4134 παρουσίας
2616 4063 2991 4131 ἀποφαίνεται.
3034 4065 3394 4119 Διαλιπόντων
3432 4067 3489 4120 δέ
3535 4067 3654 4122 τῶν

2075 4157 2203 4226 παρ’
2229 4156 2407 4218 αὐτοῖς
2443 4155 2734 4225 ἀρχόντων,
2760 4155 3088 4227 παρέσεσθαι
3116 4155 3203 4209 τὸν
3233 4158 3655 4228 προφητευόμε-

2075 4266 2180 4301 νον.
2228 4246 2426 4301 Ἰούδαν
2453 4246 2510 4299 δὲ
2540 4246 2633 4299 νῦν
2661 4247 2722 4300 οὐ
2753 4247 2850 4318 τὴν
2877 4245 3047 4318 φυλὴν
3078 4248 3352 4317 ὀνομάζει,
3378 4248 3489 4302 ἀλλ’
3519 4251 3653 4306 ἐπεὶ

2073 4339 2213 4393 κατά
2241 4356 2361 4392 τινα
2391 4338 2775 4408 προσωνυμίαν
2807 4339 2863 4390 ἐν
2891 4342 3000 4402 τοῖς
3042 4338 3178 4409 μετά
3216 4338 3386 4394 ταῦτα
3429 4341 3649 4410 χρόνοις

403 4430 625 4486 minatis
669 4432 1006 4502 temporibus
1044 4431 1484 4495 circumscribat,
1527 4431 1619 4484 illa
1657 4431 1972 4500 planissime

2090 4432 2180 4484 ίπὸ
2233 4429 2515 4501 βασιλικῆς
2560 4429 2732 4500 φυλῆς
2775 4431 2874 4500 τῆς
2915 4430 3084 4484 Ἰούδα
3129 4430 3191 4484 τὸ
3229 4433 3336 4484 πᾶν
3377 4432 3650 4489 Ἰουδαίων

401 4516 662 4580 indicant,
693 4532 814 4586 quae
843 4518 910 4574 de
939 4519 1041 4574 hac
1080 4534 1299 4588 quoque
1334 4534 1393 4574 re
1436 4519 1585 4573 canit
1621 4538 1634 4574 :
1675 4539 1694 4570 ι
1729 4519 1846 4576 Non
1875 4521 1972 4577 de-

399 4607 565 4672 ﬂciet,
599 4607 794 4680 inquit,
835 4611 1086 4680 princeps
1125 4611 1194 4666 de
1225 4609 1386 4673 Juda,
1433 4627 1610 4681 neque
1649 4611 1754 4666 dux
1791 4611 1859 4668 de
1891 4612 1972 4666 fe-

398 4701 645 4757 moribus
690 4701 831 4780 ejus,
864 4701 1038 4757 donec
1071 4703 1254 4757 veniat
1292 4703 1379 4757 cui
1430 4704 1726 4774 repositum
1758 4712 1885 4758 est:
1915 4712 1969 4759 et

399 4793 518 4864 ipse
547 4795 884 4864 exspectatio
914 4794 1154 4865 gentium
1174 4795 1276 4848 η’.
1318 4813 1338 4846 ›
1380 4792 1590 4860 Quibus
1625 4793 1808 4850 verbis
1857 4808 1966 4848 non

397 4884 681 4942 defuturos
713 4886 966 4957 deinceps
1005 4887 1258 4941 ductores
1291 4901 1355 4940 ac
1393 4885 1690 4956 principes,
1733 4886 1828 4956 qui
1860 4885 1962 4940 sibi

396 4977 540 5033 inter
566 4993 624 5033 se
653 4979 967 5033 continuata
1013 4979 1153 5034 serie
1197 4977 1496 5034 succedant
1541 4979 1610 5034 de
1658 4989 1816 5049 gente
1867 4976 1964 5032 Ju-

395 5069 572 5132 daica,
609 5086 782 5141 usque
813 5071 880 5126 ad
929 5071 1070 5140 eius,
1102 5073 1196 5142 qui
1243 5078 1613 5142 exspectatur,
1643 5070 1956 5130 adventum,

393 5164 660 5218 enuntiat.
717 5163 873 5229 Quod
927 5165 972 5220 si
1023 5166 1294 5235 principes
1326 5164 1467 5234 apud
1505 5164 1724 5218 Judaeos
1757 5162 1962 5219 defece-

393 5255 522 5316 rint.
551 5255 910 5311 adventurum
941 5273 1087 5319 cum,
1110 5258 1204 5327 qui
1224 5273 1289 5312 ex
1316 5257 1557 5313 oraculis
1585 5263 1956 5326 exspectatur.

388 5340 585 5398 Judam
628 5363 758 5402 vero
813 5349 910 5404 hic
948 5364 1056 5404 non
1102 5349 1275 5420 ipsam
1324 5349 1524 5402 tribum
1561 5347 1830 5417 intelligit,
1863 5345 1957 5402 sed

391 5438 650 5504 quoniam
726 5439 1172 5495 denominatione
1242 5440 1476 5509 quadam
1559 5438 1956 5510 posterioribus

388 5528 728 5596 temporibus
774 5545 804 5582 a
856 5533 1023 5602 regali
1072 5533 1218 5586 tribu
1243 5530 1402 5592 Juda,
1435 5531 1614 5586 omnis
1642 5529 1953 5584 Judveorum

386 5619 536 5672 natio
562 5617 708 5674 dicta
740 5629 845 5685 est,
881 5624 953 5677 ita
982 5624 1198 5694 quidem
1247 5633 1304 5678 ut
1347 5623 1508 5678 hodie
1535 5637 1750 5694 quoque
1777 5619 1948 5676 Judaei

456 5731 501 5762 "
549 5729 704 5784 Deut.
765 5745 920 5796 xvm,
958 5733 1143 5794 18,19.
1221 5737 1264 5767 ²⁹
1297 5731 1426 5789 ibid.
1465 5731 1649 5794 15,16.
1727 5732 1772 5762 ³⁸
1808 5729 1964 5787 Deut.
1996 5745 2178 5795 xxxiv,
2218 5726 2396 5789 lO,'l.

2074 4519 2222 4583 ἔθνος
2268 4519 2649 4592 ἐχρημάτιζεν,
2701 4520 2777 4583 ὡς
2813 4521 2904 4573 καὶ
2942 4523 3022 4584 εἰς
3071 4521 3307 4592 σήμερον
3366 4521 3646 4586 Ἰουδαίοις

2072 4610 2460 4682 ὀνομάζεσθαιο
2494 4610 2699 4682 σφόδρα
2717 4609 3042 4681 θαυμαστῶς
3074 4612 3166 4664 καὶ
3197 4605 3542 4683 προφητικῶς
3574 4613 3644 4665 τὸ

2073 4705 2181 4756 πᾶν
2209 4703 2359 4766 ἔθνος
2408 4702 2674 4758 Ἰουδαίων
2707 4702 3004 4773 ὠνόμασεν,
3040 4701 3322 4774 ῶσπεροῦν
3357 4705 3450 4756 καὶ
3477 4705 3644 4773 ἡμεῖς

2085 4796 2367 4859 Ἰουδαίους
2408 4793 2904 4866 προσαγορεύομεν.
2943 4788 3076 4845 Εἶτά
3104 4809 3234 4863 φησι
3267 4792 3341 4863 μὴ
3376 4792 3643 4864 πρότερον

2070 4882 2336 4951 ἐκλείψειν
2359 4883 2422 4934 ἐκ
2448 4880 2542 4934 τοῦ
2575 4879 2760 4943 ἔθνους
2793 4880 2970 4933 αὐτῶν
2995 4881 3259 4952 ἄρχοντας
3279 4883 3372 4934 καὶ
3402 4883 3642 4952 ἡγουμέ-

2067 4993 2212 5038 νους,
2278 4975 2310 5043 ἢ
2370 4976 2620 5045 παρεῖναι
2672 4973 2764 5026 τὸν
2806 4972 3301 5044 προφητευόμενονο
3345 4973 3533 5028 τούτου
3576 4973 3640 5028 δὲ

2067 5065 2404 5130 ἐπιστάντος,
2456 5063 2922 5134 καταλυθήσεσθαι
2968 5065 3064 5136 μὲν
3113 5065 3309 5120 αὐτίκα
3356 5065 3454 5136 τὴν
3498 5066 3638 5119 Ἰου-

2065 5157 2230 5210 δαίων
2262 5154 2455 5227 ἀρχὴν,
2498 5153 2658 5207 αὐτὸν
2703 5153 2759 5206 δὲ
2787 5154 2886 5205 οὐκ
2919 5153 2998 5206 ἔτι
3052 5153 3336 5218 Ἰουδαίων,
3376 5152 3545 5205 ἐθνῶν
3574 5152 3634 5207 δὲ

2065 5245 2283 5300 ἔσεσθαι
2313 5243 2653 5316 προσδοκίαν.
2691 5242 2801 5296 Καὶ
2833 5241 2991 5298 τοῦτο
3021 5241 3077 5296 δέ
3111 5244 3203 5296 ἐπὶ
3238 5243 3336 5314 μέν
3363 5242 3470 5296 τῶν
3500 5258 3635 5314 προ-

2065 5338 2248 5412 φητῶν
2293 5339 2394 5390 οὐκ
2433 5334 2498 5388 ἂν
2528 5333 2710 5388 δύναιο
2751 5332 3100 5406 ἐφαρμόζειν,
3135 5335 3227 5388 ἐπὶ
3259 5335 3314 5388 δὲ
3345 5335 3502 5406 μόνον
3538 5333 3633 5388 τὸν

2062 5431 2288 5502 Σωτῆρα
2304 5431 2398 5484 καὶ
2421 5427 2619 5499 Κύριον
2640 5425 2813 5498 ἡμῶν.
2852 5427 3000 5496 Ἅμα
3026 5442 3086 5479 τε
3111 5425 3219 5497 γάρ
3246 5427 3406 5489 αὐτὸς
3425 5426 3504 5489 είς
3535 5425 3633 5480 ἀν-

2061 5523 2310 5595 θρώπους
2358 5520 2561 5592 παρῆν,
2621 5518 2806 5573 καὶτὸ
2847 5518 3113 5572 Ἰουδαίων
3149 5517 3422 5589 καθῄρητο
3473 5517 3630 5590 βασί-

2055 5618 2227 5672 λειον·
2257 5612 2556 5668 ἐκλελοίπει
2580 5612 2636 5666 δὲ
2667 5611 3002 5684 παραχρῆμα
3043 5613 3072 5664 ὁ
3102 5612 3164 5664 ἐκ
3192 5612 3470 5682 προγόνων
3507 5611 3630 5666 δια..

2486 5725 2528 5756 ⁸⁸
2557 5722 2684 5780 ibid.
2713 5722 2798 5778 l0.
2877 5724 2944 5756 "'
2973 5720 3109 5780 Gen.
3145 5739 3290 5782 χιιι.
3323 5723 3416 5782 10.
