3930 6202
218 305 319 363 177

1096 300 1762 373 ίΒΕΜΟΝδΤΒΑΤΙΟΝΙὸ
1795 294 2248 356 EVANGELICAE
2279 294 2407 350 LIB.
2443 294 2534 351 Ill.

3345 284 3455 341 178‘

208 424 378 495 δοχῆς
401 423 582 494 ἄρχων
612 423 809 489 αὐτῶν,
844 422 933 478 xui
955 423 983 477 6
1013 422 1152 477 κατὰ
1179 424 1377 495 νόμους
1406 423 1532 487 τοὺς
1559 424 1785 487 οἰκείους

1895 417 2263 481 nominentur,
2278 415 2435 472 valde
2457 411 2777 469 mirabiliter
2808 418 2863 466 et
2891 407 3203 480 prophetiae
3227 420 3444 461 omnem

209 513 534 587 ἡγούμενος,
558 514 866 583 Αὐγούστου
896 514 1014 568 τότε
1040 512 1254 587 πρώτου
1289 513 1569 585 Ῥωμαίων
1595 529 1784 584 μοναρ-

210 610 502 679 χήσαντος,
549 606 788 677 Ἡρώδου
817 625 875 661 τε
905 608 963 674 ἐξ
984 606 1293 677 ἀλλοφύλων
1322 604 1489 659 ἐθνῶν
1522 605 1783 676 βασιλέως

210 698 393 753 αὐτῶν
438 698 818 762 καταστάντος.
853 702 964 754 Καὶ
1004 701 1053 753 oi
1086 700 1183 771 μὲν
1228 698 1625 761 ἐκλελοίπεσαν,
1666 699 1693 750 6
1725 697 1782 750 δέ

210 788 508 862 προσδοκία
533 789 637 842 τῶν
661 790 782 844 καθ’
810 792 937 863 ὅλης
957 792 1059 863 τῆς
1088 792 1407 864 οἰκουμένης
1436 789 1623 854 ἐθνῶν,
1645 789 1785 843 κατὰ

210 882 313 951 τὴν
353 879 502 933 θείαν
551 882 854 954 πρόρρησιν
903 884 1308 954 ἀναπέφανταιδ
1359 884 1434 946 ὡς
1480 883 1571 935 xui
1615 881 1782 934 εἰσέτι

210 972 308 1027 νῦν
355 973 564 1037 πάντας
613 976 737 1038 τοὺς
785 974 843 1041 ἐξ
879 975 1147 1029 ἁπάντων,
1168 974 1274 1028 τῶν
1310 974 1475 1027 ἐθνῶν
1509 975 1588 1037 είς
1624 973 1782 1026 αὐτὸν

210 1066 642 1132 πεπιστευκότας
676 1068 776 1138 τῆς
802 1067 943 1121 κατὰ
974 1067 1105 1121 Θεὸν
1132 1068 1308 1121 αὐτῶν
1334 1066 1655 1139 προσδοκίας
1687 1066 1783 1137 τὴν

210 1161 405 1215 ἐλπίδα
427 1163 512 1213 ἐπ’
535 1160 683 1231 αὐτῷ
709 1161 970 1215 τίθεσθαι.
995 1162 1105 1216 Kui
1129 1160 1369 1236 Μωῦσῆς
1400 1161 1495 1231 μὲν
1526 1158 1781 1222 τοσαῦτα,

211 1253 309 1306 καὶ
362 1253 432 1306 τὰ
474 1252 674 1317 τούτων
706 1252 867 1326 ἔτερα
896 1254 1065 1307 πλείω
1102 1254 1227 1325 περὶ
1255 1252 1348 1306 τοῦ
1381 1251 1615 1321 Χριστοῦ
1650 1251 1784 1323 πρὸς

212 1345 423 1407 πάντας
477 1347 625 1416 ἡμᾶς
668 1346 1108 1415 εὐαγγελίζεται·
1157 1346 1361 1415 ἀδελφὰ
1411 1346 1467 1399 δὲ
1498 1345 1644 1416 αὐτῷ
1691 1344 1784 1398 xui

221 1437 451 1501 Ἠσαῖας
478 1439 875 1511 ἀφωρισμένως
906 1441 1034 1512 περί
1062 1457 1204 1504 τινος
1237 1440 1353 1504 ἐνὸς
1381 1441 1445 1492 ἐκ
1475 1439 1785 1510 σπέρματος

211 1533 317 1584 xui
367 1531 611 1602 διαδοχῆς
661 1532 826 1586 Δαδὶδ
884 1532 979 1586 τοῦ
1029 1532 1290 1603 βασιλέως
1348 1530 1783 1602 ἀναστησομένου

208 1624 409 1689 ταῦτα,
480 1625 760 1697 προλέγει·
802 1645 820 1676 ι
887 1625 1247 1693 Ἐξελεύσεται
1304 1626 1496 1698 ῥάϐδος
1556 1626 1621 1678 ἐκ
1684 1622 1785 1693 τῆς

214 1718 372 1788 ῥίζης
446 1718 663 1782 Ἰεσσαὶ,
741 1720 836 1774 xui
892 1720 1052 1784 ἄνθος
1109 1721 1175 1774 ἐκ
1232 1720 1330 1791 τῆς
1392 1718 1547 1790 ῥίζης
1620 1718 1782 1773 αὐτοῦ

1886 509 2169 565 Iudaicam
2221 517 2432 579 gentem
2466 504 2660 560 Judam
2711 502 3032 565 nominavit,
3064 514 3196 555 sane
3238 506 3299 553 ut
3346 512 3447 554 nos

1888 614 2106 670 quoque
2134 596 2349 652 Iudaeos
2398 597 2670 666 appellare
2698 592 3081 649 consuevimus
3109 609 3123 645 :
3154 598 3270 645 tum
3307 590 3450 644 allir-

1888 700 2001 746 mat
2037 705 2143 744 non
2187 691 2340 761 prius
2370 688 2651 744 defuturos
2686 687 2752 742 de
2775 695 2933 756 gente
2968 685 3209 754 ipsorum
3250 683 3451 752 princi-

1888 798 1983 854 pes
2031 796 2095 836 ac
2141 784 2330 845 duces,
2355 797 2518 851 quam
2552 780 2599 835 is
2628 780 2900 844 adveniat,
2946 793 3106 849 quem
3163 776 3448 846 prophetia

1888 874 2179 947 signiﬁcat.
2213 873 2384 929 Porro
2414 874 2502 928 hic
2535 873 2697 928 simul
2722 881 2885 943 atque
2913 870 3210 934 advenerit,
3236 867 3451 925 Judaeu-

1889 984 2010 1023 rum
2041 968 2257 1038 quidem
2288 966 2652 1038 principatum
2678 980 2801 1021 esse
2819 961 3247 1027 dissolvendum,
3272 961 3450 1031 ipsum

1888 1075 2018 1115 vero
2055 1074 2163 1114 non
2206 1057 2516 1113 Iudaeorum
2570 1056 2824 1127 amplius,
2886 1054 2982 1111 sed
3035 1056 3276 1125 gentium
3334 1051 3448 1108 fore

1888 1151 2347 1222 exspectationem
2381 1169 2393 1205 :
2428 1149 2572 1221 quod
2594 1149 2810 1219 quidem
2846 1149 3021 1219 ipsum
3044 1146 3175 1201 nulli
3213 1158 3450 1215 unquam

1891 1244 2278 1314 prophetarum
2318 1241 2758 1305 accommodare,
2791 1241 2885 1296 sed
2923 1240 3016 1293 uni
3052 1239 3313 1292 duntaxat
3341 1232 3454 1288 Sal-

1890 1336 2067 1390 vatori
2096 1334 2439 1405 Dominoque
2478 1341 2686 1396 nostro,
2721 1331 2944 1403 poteris.
2968 1331 3080 1401 96
3104 1328 3235 1383 Nam
3290 1326 3451 1382 simul

1890 1440 2053 1500 atque
2090 1429 2180 1483 ille
2212 1428 2281 1483 ad
2310 1428 2561 1481 homines
2602 1428 2769 1489 venit,
2799 1423 3107 1478 Iudaeorum
3139 1420 3282 1489 regia
3324 1416 3453 1473 sub-

1891 1524 1997 1577 lata
2030 1530 2134 1589 est,
2177 1520 2547 1590 continuoque
2578 1518 2791 1571 illorum
2826 1515 3080 1585 princeps
3105 1510 3320 1571 defecit,
3359 1507 3453 1577 qui

1891 1614 2107 1685 quidem
2165 1612 2465 1682 majoribus
2508 1610 2625 1664 suis
2672 1607 3006 1669 succederet,
3033 1614 3194 1673 atque
3224 1616 3287 1656 ex
3327 1599 3455 1669 legi-

1892 1710 1994 1764 bus
2043 1705 2274 1777 propriis
2316 1703 2424 1758 illis
2467 1709 2745 1772 praeesset.
2789 1697 2947 1752 Tunc
2990 1695 3135 1750 enim
3173 1693 3453 1761 Augustus

210 1809 562 1880 ἀναϐήσεται,
626 1812 718 1864 xui
775 1810 1145 1865 ἀναπαύσεται
1215 1811 1300 1864 ἐπ’
1357 1810 1516 1863 αὑτὸν
1573 1809 1785 1881 πνεῦμα

1889 1800 2262 1855 Romanorum
2298 1796 2509 1867 primus
2533 1792 2743 1863 accepit
2779 1788 3060 1860 imperium
3089 1805 3102 1839 :
3132 1794 3186 1839 et
3214 1782 3454 1838 Herodes

206 1898 306 1953 τοῦ
352 1898 524 1964 Θεοῦ,
590 1899 808 1972 πνεῦμα
881 1902 1070 1971 σοφίας
1128 1903 1222 1955 xui
1284 1902 1579 1964 συνέσεωςο
1624 1918 1643 1952 ι
1694 1900 1788 1953 xui

210 1986 282 2039 τὰ
348 1985 530 2041 λοιπά.
597 1985 709 2042 Εἶθ’
764 1989 972 2053 ὑποϐὰς
1028 1990 1152 2061 ἑξῆς
1215 1990 1536 2062 προφητικῷ
1604 1991 1789 2061 τρόπῳ

210 2081 313 2150 τὴν
372 2079 481 2134 τῶν
552 2080 861 2149 ἀλλοφύλων
932 2081 1100 2135 ἐθνῶν
1181 2081 1468 2153 βαρόάρων
1551 2100 1611 2136 τε
1693 2084 1787 2136 xui

219 2168 514 2242 Ἑλλήνων,
561 2173 671 2226 τῶν
714 2190 773 2226 τε
822 2174 1174 2244 ἀγριωτάτων
1215 2174 1307 2227 καὶ
1348 2173 1788 2246 θηριωδεστάτων

210 2264 516 2336 ἀνθρώπων
546 2266 640 2337 τὴν
662 2267 753 2319 ἐπὶ
782 2266 843 2319 τὸ
863 2269 1034 2339 πρᾶον
1060 2268 1151 2321 καὶ
1182 2268 1387 2339 ἥμερον
1417 2268 1505 2321 διὰ
1525 2268 1625 2339 τῆς
1658 2270 1788 2339 Χρι-

211 2356 341 2409 στοῦ
390 2356 735 2422 διδασκαλίας
773 2359 1141 2431 γενησομένην
1182 2360 1477 2431 μεταϐολὴν
1521 2359 1784 2425 θεσπίζει.

209 2448 375 2516 Λέγει
393 2448 437 2501 δ’
461 2445 553 2502 οῦν
574 2467 588 2480 ·
626 2468 643 2500 ι
677 2451 784 2502 Kui
806 2450 1309 2520 συμϐοσκηθήσεται
1340 2450 1501 2514 λύκος
1533 2451 1666 2520 μετὰ
1691 2453 1788 2522 ἁρ-

210 2542 320 2604 νδς,
344 2541 437 2627 xui
466 2541 728 2612 πάρδαλις
763 2541 1228 2595 συναναπαύσεται
1258 2542 1448 2613 ἐρίφῳ,
1474 2543 1567 2595 xui
1590 2544 1789 2613 μοσχά-

212 2648 353 2706 ριον,
377 2633 469 2684 καί
494 2631 711 2703 ταῦρος,
740 2632 833 2685 xui
861 2632 993 2686 λέων
1018 2632 1132 2702 ἃμα
1159 2631 1600 2703 βοσκηθήσονται,
1640 2651 1657 2683 ι
1696 2634 1789 2686 xui

211 2734 280 2773 τα
304 2720 509 2783 τούτοις
536 2722 911 2793 παραπλήσια,
940 2722 976 2775 ἃ
1008 2722 1099 2775 xui
1138 2723 1288 2793 παρὰ
1317 2724 1481 2786 πόδας
1514 2721 1787 2791 διασαφῶν

211 2815 521 2884 ἐρμηνεύει,
553 2816 764 2884 φήσαςο
803 2834 820 2865 ι
851 2814 958 2868 Καὶ
987 2814 1137 2867 ἔσται
1168 2815 1197 2867 ὁ
1222 2815 1575 2885 ἀνιστάμενος
1602 2814 1787 2886 ἄρχειν

209 2908 404 2970 ἐθνῶν,
441 2910 525 2960 ἐπ’
564 2905 714 2977 αὐτῷ
759 2906 882 2978 ἔθνη
926 2906 1222 2961 ἐλπιοῦσιν.
1276 2928 1294 2959 ›
1337 2908 1531 2978 Σαφῶς
1567 2908 1674 2980 γὰρ
1719 2908 1787 2962 τὰ

208 2998 384 3067 ἄλογα
417 2999 710 3071 θρέμματα
736 3000 831 3053 xui
857 2999 981 3063 τοὺς
1010 2999 1594 3072 προκαταλελειμένους
1616 3001 1788 3074 θῆρας

207 3092 334 3145 οὐδὲ
379 3092 567 3153 ἄλλους
609 3086 748 3143 εἶναι
780 3090 886 3143 τῶν
914 3090 1101 3154 ἐθνῶν,
1143 3091 1236 3144 τοῦ
1285 3090 1579 3164 θηριώδους
1628 3092 1789 3147 ἕνεκα

206 3181 443 3252 τρόπου,
466 3180 778 3250 διεσάφησεν
802 3197 816 3211 ·
864 3174 938 3233 ὧν
966 3179 1132 3234 ἐθνῶν
1166 3180 1349 3253 ἄρξειν
1376 3182 1508 3253 φησί
1540 3182 1630 3234 τὸν
1674 3184 1790 3237 ἀνι-

216 3272 489 3341 στάμενον
539 3274 600 3323 ἐκ
632 3274 940 3344 σπέρματος
984 3273 1197 3327 Ἰεσσαί’
1235 3273 1325 3343 ἀφ’
1358 3268 1417 3327 οὗ
1449 3273 1510 3345 δὴ
1541 3277 1569 3327 6
1601 3274 1790 3345 Σωτὴρ

216 3365 316 3419 καὶ
354 3364 553 3438 Κύριος
582 3368 612 3437 ἡ
623 3366 733 3436 μῶν
762 3365 1181 3435 γενεαλογείται,
1221 3367 1303 3435 ἐφ’
1335 3366 1393 3419 δν
1420 3365 1486 3419 τὰ
1518 3368 1596 3429 εἰς
1628 3366 1789 3419 αὐτὸν

217 3459 543 3513 πιστεύοντα
586 3460 710 3531 ἔθνη
766 3460 935 3512 είσέτι
985 3458 1080 3511 νῦν
1120 3458 1327 3524 ἐλπίζει
1374 3457 1677 3530 συμφώνως
1722 3462 1786 3531 τῇ

213 3554 517 3624 προρρήσει
536 3572 549 3584 ·
591 3572 609 3603 ι
635 3552 744 3605 Καὶ
764 3552 914 3605 ἔσται
947 3554 974 3604 6
999 3551 1352 3621 ἀνιστάμενος
1386 3551 1570 3620 ἄρχειν
1596 3550 1786 3616 ἐθνῶν,

212 3647 302 3698 ἐπ’
334 3644 484 3715 αὐτῷ
502 3644 629 3716 ἔθνη
666 3643 927 3697 ἐλπιοῦσι.
962 3664 980 3694 ι
1009 3642 1178 3695 Τοῦτο
1197 3642 1259 3714 δὴ
1285 3643 1523 3715 παράθες
1545 3646 1658 3707 τοῖς
1688 3661 1788 3696 πα-

216 3739 285 3808 ρὰ
308 3738 532 3790 Μωῦσεί
563 3736 880 3807 φερομένοις
906 3734 1229 3788 διαστέλλων
1276 3736 1370 3788 xui
1410 3734 1471 3787 τὸ
1500 3736 1616 3806 μὲν,
1647 3755 1665 3786 ι
1691 3738 1785 3788 Ἔ-

213 3847 339 3883 σται
381 3832 412 3882 6
436 3830 791 3898 ἀνιστάμενος
823 3828 1010 3899 ἄρχειν
1057 3826 1245 3890 ἐθνῶν,
1282 3847 1299 3877 ι
1342 3827 1651 3898 ἐφάρμοσον
1686 3827 1783 3898 τῷ,

217 3941 236 3974 ι
268 3920 610 3988 ἐξελεύσεται
634 3920 915 3991 ἄνθρωπος
941 3922 1004 3972 ἐκ
1028 3918 1123 3971 τοῦ
1153 3919 1461 3990 σπέρματος
1487 3918 1670 3984 αὑτοῦ,
1695 3920 1788 3973 xui

212 4013 495 4085 κυριεύσει
528 4011 694 4064 ἐθνῶν
724 4010 957 4065 πολλῶνο
992 4032 1009 4061 ι
1044 4012 1136 4064 xui
1163 4011 1241 4073 τὸ,
1273 4029 1290 4061 ι
1334 4012 1450 4065 Ἐπ’
1484 4011 1629 4082 αὐτῷ
1662 4012 1787 4083 ἔθνη

212 4106 495 4165 ἐλπιοῦσι,
538 4124 555 4155 ι
591 4104 693 4174 τῷ,
739 4125 756 4154 ι
804 4104 913 4157 Καὶ
948 4104 1105 4167 αὐτὸς
1149 4102 1299 4156 ἔσται
1354 4104 1649 4176 προσδοκία
1696 4104 1786 4157 ἐθ-

212 4198 344 4250 νῶν.
382 4216 400 4247 ι
432 4197 497 4249 Τί
523 4195 630 4266 γὰρ
652 4195 892 4265 διαφέρει
918 4196 1165 4264 φάσκειν,
1201 4196 1319 4248 Ἐπ’
1348 4196 1495 4266 αύτῷ
1534 4196 1658 4267 ἔθνη
1699 4196 1787 4248 ἐλ-

214 4289 453 4350 πιοῦσιν,
480 4289 713 4359 ἥ,Αύτδς
739 4288 888 4340 ἔσται
932 4287 1225 4357 προσδοκία
1254 4286 1422 4340 ἐθνῶν
1447 4304 1461 4353 ;
1496 4288 1657 4341 πάλιν
1690 4288 1732 4340 δ’
1762 4290 1789 4341 6

211 4381 378 4444 αὐτὸς
416 4380 641 4443 Ἡσαΐας
670 4378 874 4451 προῖὼν
906 4380 1143 4450 περὶτοῦ
1184 4379 1417 4450 Χριστοῦ
1455 4379 1624 4433 ταῦτα
1653 4397 1775 4452 προ-

212 4474 473 4544 φητεύει·
504 4491 521 4523 ι
559 4472 686 4524 Ἰδοὺ
717 4472 745 4523 ὀ
774 4474 900 4535 παῖς
933 4488 1031 4542 μου
1068 4472 1126 4524 ὃν
1158 4472 1400 4544 ᾑρέτισα,
1441 4473 1470 4524 6
1507 4472 1789 4543 ἀγαπητός
1822 4506 1865 4561 D

214 4583 340 4636 μου,
362 4566 442 4626 είς
463 4564 521 4616 ὄν
549 4563 835 4632 εὐδόκησεν
860 4565 891 4633 ἡ
919 4562 1060 4634 ψυχή
1095 4579 1216 4632 μου,
1241 4563 1420 4633 κρίσιν
1449 4566 1560 4626 τοῖς
1581 4563 1786 4616 ἔθνεσιν

209 4656 443 4721 ἐξοίσει⁹
485 4676 502 4706 ι
540 4657 632 4707 καί
673 4654 941 4725 ἐπιφέρει,
976 4673 993 4704 ι
1022 4656 1165 4717 Ἕως
1197 4654 1262 4708 ἂν
1282 4654 1359 4708 θῶ
1393 4655 1484 4709 ἐπὶ
1521 4656 1620 4726 γῆς
1667 4657 1787 4727 κρί-

209 4767 322 4811 σιν,
359 4749 451 4802 καὶ
474 4751 530 4801 ἐν
557 4747 635 4818 τῷ
666 4747 887 4818 ὀνόματι
922 4746 1086 4801 αὑτοῦ
1118 4747 1241 4819 ἔθνη
1275 4748 1569 4803 ἐλπιοῦσιν.
1599 4770 1615 4799 ι
1644 4749 1781 4821 Ἤδη

204 4837 461 4908 δεύτερον
492 4837 548 4888 ἐν
574 4836 781 4898 τούτοις
802 4838 831 4889 6
862 4837 1147 4907 προφήτης
1173 4837 1234 4889 τὸ
1257 4838 1349 4891 ἐπὶ
1366 4838 1442 4909 τῷ
1472 4840 1689 4911 Χριστῷ
1715 4841 1783 4894 τὰ

205 4929 339 4998 ἔθνη
365 4928 605 4979 ἐλπίσειν
635 4925 862 4989 τίθεται,
898 4925 1165 4997 ἀνώτερον
1195 4925 1391 4979 εἰπών·
1433 4946 1451 4978 ι
1487 4930 1602 4981 Ἐπ’
1636 4930 1783 5000 αὐτῷ

202 5020 336 5090 ἔθνη
392 5017 726 5072 ἐλπιοῦσιν.»
762 5017 1021 5071 Ἐνταῦθα
1063 5018 1147 5081 δὲ,
1176 5019 1284 5070 Καὶ
1331 5019 1388 5071 ἐν
1440 5018 1516 5089 τῷ
1563 5020 1783 5090 ὀνόματι

204 5110 374 5164 αὑτοῦ
400 5110 525 5180 ἔθνη
559 5109 822 5163 ἐλπιοῦσι.
859 5110 1117 5163 Λέλεκται
1152 5111 1205 5163 δέ
1256 5112 1351 5163 xui
1380 5110 1457 5181 τῷ
1495 5111 1676 5175 Δαόὶδ,
1708 5112 1783 5176 ὡς

204 5205 318 5276 ἄρα
345 5224 363 5254 ι
402 5204 497 5256 Ἐκ
518 5202 611 5256 τοῦ
644 5202 856 5275 καρποῦ
879 5204 977 5274 τῆς
1007 5203 1211 5266 κοιλίας
1231 5203 1393 5256 αὐτοῦ
1421 5203 1781 5275 ἀναστήσεταί

202 5315 295 5360 2:;
327 5297 457 5367 περὶ
488 5290 548 5348 οῦ
575 5296 702 5366 ἐξῆς
735 5313 897 5368 φησιν
941 5298 969 5349 6
1002 5296 1131 5359 Θεός
1151 5313 1163 5326 ο
1215 5316 1231 5346 ι
1261 5296 1430 5359 Αὐτὸς
1466 5295 1781 5351 ἐπικαλέσε-

207 5390 299 5444 ταί
334 5407 426 5461 με,
459 5391 603 5460 πατή
612 5408 642 5462 ρ
666 5407 767 5461 μου
793 5385 844 5442 εἷ
866 5390 929 5442 σύ
950 5407 963 5419 ο
1005 5387 1158 5458 κάγὼ
1189 5388 1526 5461 πρωτότοκον
1549 5388 1783 5461 θήσομαι

207 5483 393 5539 αύιόν.
424 5503 441 5533 ι
469 5483 577 5535 Kui
621 5483 746 5551 περὶ
785 5482 973 5535 τούτου
1019 5480 1074 5535 δέ
1122 5481 1281 5534 πάλιν
1331 5480 1578 5552 εἴρηται·
1627 5501 1645 5531 ι
1677 5482 1784 5534 Καὶ

208 5573 631 5645 κατακυριεύσει
665 5574 770 5626 ἀπὸ
803 5572 1074 5643 θαλάσσης
1106 5571 1211 5635 ἕως
1240 5571 1531 5644 θαλάσσης,
1556 5572 1647 5626 xui
1678 5570 1784 5625 ἀπὸ

282 5749 451 5806 "lsa.
491 5766 562 5808 xl.
606 5748 715 5813 1,2.
794 5748 838 5803 ξ’
886 5746 1095 5802 ibid.6.
1172 5745 1217 5778 “
1259 5744 1388 5801 ibid.
1455 5744 1536 5802 i0.

1889 1894 1957 1949 ab
2007 1891 2247 1948 externis
2297 1888 2549 1960 gentibus
2598 1885 2828 1949 accitus,
2854 1883 3072 1936 illorum
3118 1893 3213 1932 rex
3247 1875 3453 1930 consti-

1889 1989 2037 2037 tutus
2066 1988 2168 2035 est.
2198 1978 2263 2032 Et
2286 1979 2364 2032 illi
2400 1976 2617 2048 quidem
2646 1974 2979 2035 defecerunt,
3011 1970 3098 2023 hic
3123 1975 3300 2022 autem
3331 1981 3458 2035 gen-

1887 2074 2021 2127 tium
2054 2087 2150 2142 per
2179 2078 2352 2124 totum
2383 2077 2655 2123 terrarum
2698 2065 2886 2119 orbem
2918 2060 3271 2130 exspectatio,
3310 2058 3453 2113 sicut

1887 2164 2152 2221 divinitus
2198 2160 2516 2231 praedictum
2563 2157 2762 2220 fuerat,
2798 2142 3108 2208 declaratus
3153 2157 3237 2204 est
3273 2168 3287 2202 :
3319 2148 3455 2202 adeo

1887 2256 2127 2328 quidem,
2182 2262 2241 2307 ut
2291 2267 2437 2306 nunc
2493 2265 2710 2320 quoque
2777 2260 2967 2301 omnes
3026 2244 3339 2314 quicunque
3388 2254 3456 2293 ex

1888 2348 2142 2403 omnibus
2183 2345 2439 2416 gentibus
2475 2345 2528 2396 in
2561 2342 2712 2395 illum
2749 2338 3000 2402 credunt,
3034 2332 3456 2405 exspectationis

1889 2454 2001 2494 suae
2062 2438 2360 2494 secundum
2406 2435 2596 2499 Deum,
2629 2433 2684 2487 in
2731 2432 2824 2485 illo
2876 2444 3024 2499 spem
3082 2432 3363 2497 reponant.
3390 2423 3456 2477 Et

1891 2531 2105 2603 Moyses
2154 2527 2379 2600 quidem
2437 2526 2553 2580 haec
2596 2525 2810 2593 aliaque
2843 2521 2931 2576 his
2956 2521 3110 2590 plura
3138 2520 3204 2572 de
3232 2517 3454 2571 Christo

1888 2624 2143 2681 omnibus
2194 2621 2352 2676 nobis
2402 2618 2632 2674 feliciter
2670 2615 2911 2680 nuntiat;
2943 2613 2991 2667 ei
3033 2625 3162 2666 vero
3200 2623 3454 2680 genuana

1889 2715 2057 2772 Isaias
2090 2727 2305 2785 quoque
2338 2708 2557 2765 deﬁnite
2591 2708 2660 2762 de
2698 2721 2809 2761 uno
2852 2712 3006 2760 certo
3061 2717 3205 2772 rege,
3251 2701 3343 2770 qui
3389 2715 3457 2754 ex

1890 2812 2097 2870 semine
2136 2824 2199 2864 ac
2237 2804 2588 2863 successione
2631 2801 2798 2856 David
2832 2801 2902 2854 sit
2938 2795 3309 2858 suscitandus,
3343 2791 3457 2847 haec

1897 2903 2047 2959 canit
2074 2921 2086 2955 :
2113 2918 2133 2952 ι
2166 2897 2486 2969 Egredietur
2526 2896 2675 2964 virga
2707 2892 2775 2946 de
2803 2889 2986 2944 radice
3035 2886 3210 2950 Jesse,
3259 2898 3314 2940 et
3357 2885 3458 2939 llos

1888 2996 1957 3050 de
1995 2994 2178 3049 radice
2228 2990 2349 3061 ejus
2407 2986 2685 3051 ascendet,
2741 2991 2795 3038 et
2833 2982 3142 3051 requiescet
3186 2992 3350 3046 super
3391 2989 3457 3028 eo

1891 3086 2116 3157 spiritus
2167 3083 2281 3149 Dei,
2313 3081 2539 3152 spiritus
2587 3075 2865 3146 sapientia:
2892 3082 2948 3129 et
2993 3072 3300 3126 intellectus
3324 3068 3389 3131 ³⁸,
3429 3086 3448 3118 ο

1889 3189 1943 3234 et
1982 3178 2210 3247 reliqua.
2245 3174 2384 3229 Tum
2416 3173 2632 3242 longius
2664 3182 3013 3240 progressus,
3043 3180 3193 3219 more
3226 3160 3455 3232 propbeo

1890 3271 2017 3336 tico,
2051 3279 2398 3323 externarum
2428 3267 2672 3337 gentium
2711 3271 2766 3317 et
2794 3260 3175 3318 barbararum,
3208 3268 3309 3308 nec
3346 3265 3459 3307 non

1890 3377 2012 3419 eum
2060 3359 2393 3423 Graecorum,
2447 3365 2561 3411 tum
2593 3353 3014 3425 asperrimorum
3072 3363 3135 3402 ac
3182 3344 3458 3400 ferocissi-

1890 3468 2102 3508 morum
2125 3451 2431 3510 bominum.
2477 3446 2714 3501 futuram
2756 3446 2811 3498 in
2843 3443 3002 3497 mites
3038 3445 3452 3507 mansuetosque

1894 3560 2076 3602 mores
2115 3560 2181 3599 ex
2224 3542 2473 3598 doctrina
2510 3529 2720 3594 Christi
2768 3535 3145 3597 mutationem,
3192 3530 3458 3601 pnedicit.

1892 3637 2032 3693 Sunt
2068 3644 2249 3691 autem
2294 3634 2413 3703 ejus
2450 3630 2611 3685 verba
2649 3630 2763 3683 haec
2796 3647 2809 3681 :
2852 3645 2868 3677 ι
2914 3625 2980 3679 Ει
3012 3633 3266 3695 pascetur
3295 3620 3459 3677 simul

1891 3733 2051 3800 lupus
2089 3743 2215 3783 cum
2245 3740 2403 3795 agno,
2426 3731 2481 3778 et
2513 3721 2716 3793 pardus
2740 3717 2901 3773 simul
2944 3718 3185 3786 quiescet
3209 3712 3331 3769 cum
3359 3714 3459 3765 lia:-

1889 3825 1961 3879 do
1988 3840 2003 3877 :
2031 3828 2085 3876 et
2115 3819 2319 3874 vitulus
2350 3824 2403 3870 et
2428 3823 2618 3868 taurus
2647 3820 2701 3865 et
2730 3811 2813 3864 leo
2833 3809 2994 3864 simul
3028 3805 3402 3877 pascentur”,
3433 3821 3453 3856 ι

1890 3921 1943 3969 et
1979 3913 2083 3967 alia
2119 3910 2204 3965 bis
2248 3907 2445 3964 similia
2476 3924 2488 3958 :
2517 3917 2637 3975 qua:
2682 3902 2843 3957 etiam
2876 3915 2905 3955 e
2943 3897 3171 3966 vestigio
3216 3895 3460 3965 planiora

1888 4000 2125 4057 eminens
2168 3999 2579 4067 interpretatur,
2609 3993 2701 4046 ubi
2734 3991 2808 4045 ait
2841 4006 2854 4043 :
2896 4008 2914 4040 ‹
2948 3987 3013 4041 Ει
3035 3987 3159 4049 erit,
3192 3986 3285 4055 qui
3329 4000 3456 4040 surv

1891 4092 1969 4165 git
2011 4092 2079 4146 ad
2121 4089 2496 4161 imperandum
2523 4086 2796 4159 gentibus,
2845 4083 2900 4136 in
2931 4097 2997 4135 eo
3045 4087 3232 4150 gentes
3271 4092 3459 4148 spera-

1888 4186 2028 4241 bunt
2044 4184 2110 4239 “.
2156 4202 2175 4236 ι
2222 4182 2388 4235 Plane
2428 4180 2571 4234 enim
2613 4175 2955 4230 irrationalia
2991 4173 3081 4225 illa
3106 4170 3372 4239 jumenta,
3403 4174 3460 4222 et

1892 4293 2029 4347 quas
2068 4275 2179 4329 illic
2221 4271 2467 4343 praedixit
2495 4268 2726 4330 belluas,
2759 4265 2938 4319 nullas
2966 4278 3089 4318 esse
3121 4261 3257 4315 alias
3294 4272 3460 4329 quam

1892 4372 2041 4441 ipsas
2075 4374 2262 4438 gentes
2312 4369 2535 4435 propter
2575 4375 2764 4414 earum
2798 4356 3003 4411 ferinos
3043 4367 3244 4416 mores,
3280 4350 3463 4405 decla-

1895 4461 2036 4515 ravit
2068 4479 2080 4513 :
2118 4458 2318 4528 quibus
2357 4469 2488 4509 sane
2520 4451 2770 4522 gentibus
2806 4450 3196 4518 imperaturum
3230 4442 3462 4496 alllrmat

1893 4567 2037 4615 eum,
2084 4549 2175 4620 qui
2223 4545 2397 4616 surgit
2437 4544 2503 4598 de
2534 4542 2739 4597 semine
2774 4537 2927 4593 Jesse
2962 4554 2976 4591 ι
3010 4550 3077 4589 ex
3107 4547 3216 4603 quo
3255 4532 3462 4587 semine

1895 4644 2145 4700 Salvator
2208 4650 2262 4696 et
2319 4639 2580 4694 Dominus
2642 4643 2832 4690 noster
2887 4631 3152 4687 oriundus
3197 4626 3462 4698 praedica-

1891 4746 1999 4801 tur,
2052 4738 2105 4790 in
2183 4749 2342 4805 quem
2401 4738 2608 4802 gentes.
2679 4741 2800 4798 quae
2862 4725 2917 4779 in
2970 4725 3146 4792 ipsum
3205 4718 3456 4781 credunt,

1890 4834 2052 4887 etiam
2094 4844 2241 4883 nunc
2293 4833 2532 4895 sperant,
2565 4820 2666 4892 ipsi
2714 4820 2899 4888 utique
2929 4816 3183 4869 vaticinio
3225 4824 3461 4865 consen-

1890 4933 2049 4979 tanea
2078 4922 2360 4980 facientes.
2400 4916 2542 4987 quod
2581 4914 2655 4967 ait
2691 4930 2745 4967 τι
2784 4910 2849 4963 Ει
2881 4908 3005 4968 erit,
3030 4907 3120 4974 qui
3159 4903 3329 4972 surgit
3355 4900 3459 4954 im-

1891 5031 2081 5088 perure
2129 5013 2400 5085 gentibus,
2448 5009 2502 5062 in
2556 5008 2673 5076 ipso
2706 5014 2893 5073 gentes
2929 4997 3243 5067 sperabunt.
3282 5010 3300 5043 ι
3346 4990 3459 5045 Hoc

1891 5110 2057 5182 igitur
2098 5105 2358 5178 apponito
2388 5104 2456 5157 iis
2512 5114 2631 5169 qua:
2666 5095 2807 5166 apud
2838 5092 3056 5162 Moysen
3100 5088 3365 5147 feruntur,
3395 5098 3460 5137 ac

1888 5178 2228 5271 distinguito.
2262 5197 2323 5249 Et
2354 5194 2483 5248 illud
2524 5190 2742 5259 quidem
2770 5206 2787 5241 ':
2827 5205 2845 5236 ‹
2883 5184 3019 5244 Erit.
3039 5181 3129 5250 qui
3158 5178 3331 5250 surgit
3356 5178 3461 5231 im-

1891 5266 2082 5363 perare
2110 5287 2385 5360 gentibus,
2413 5303 2431 5334 ι
2467 5297 2589 5337 cum
2625 5281 2719 5333 illo
2749 5274 3061 5344 componito
3094 5288 3107 5325 :
3145 5287 3165 5321 ‹
3204 5266 3464 5339 Egredie-

1892 5361 1981 5441 tur
2009 5384 2171 5438 homo
2208 5380 2272 5434 de
2304 5377 2511 5434 semine
2541 5374 2682 5442 ejus,
2710 5378 2764 5425 et
2792 5365 3163 5423 dominabitur
3206 5361 3458 5433 gentibus

1889 5475 2095 5533 multis.
2140 5493 2157 5525 ι
2192 5471 2258 5526 Et
2288 5470 2421 5526 illud
2463 5488 2475 5523 :
2519 5486 2537 5518 ε
2577 5464 2633 5520 in
2676 5465 2795 5534 ipso
2845 5469 3033 5532 gentes
3091 5456 3451 5528 sperabunt,»

1889 5584 2011 5625 cum
2072 5566 2165 5623 illo
2202 5585 2216 5622 ;
2260 5582 2279 5617 ι
2319 5563 2384 5617 Ει
2426 5563 2542 5633 ipse
2597 5559 2699 5615 erit
2755 5554 3092 5625 exspectatio
3142 5549 3403 5623 gentium.
3430 5562 3454 5598 ι
