3914 6198
430 309 534 370 Ηῦ

1102 306 1378 362 EUSEBII'
1401 307 1876 364 C(ESARIENSIS
1917 309 2066 366 OPP.
2109 310 2287 366 PARS
2325 309 2386 366 ιι.
2419 340 2488 352 --
2523 311 3017 369 APOLOGETICA.

3550 316 3653 371 180

427 432 570 500 Quid
597 432 740 488 enim
770 430 995 486 interest
1021 426 1269 492 dicasne,
1301 428 1358 482 in
1381 457 1386 464 -
1408 427 1527 499 ipso
1569 436 1757 499 gentes
1797 441 1982 499 spera-
2012 486 2013 490 η

2116 429 2342 500 ποταμῶν
2363 430 2466 494 ἕως
2492 431 2741 502 περάτων
2770 433 2868 503 τῆς
2895 429 3234 500 οἰκουμένης.
3267 448 3288 483 ι
3317 430 3426 484 Καὶ
3458 426 3651 494 αὖθις·

429 527 587 591 bunt,
619 525 728 594 97
773 537 843 576 an
885 535 1053 575 vero:
1079 521 1194 590 ipse
1221 521 1325 575 erit
1353 523 1686 592 exspectatio
1711 522 1984 592 gentium?

427 611 639 668 Rursus
683 626 812 666 vero
861 609 999 664 idem
1035 609 1227 674 Isaias,
1258 610 1504 665 oratione
1533 625 1887 682 progressus,
1918 609 1986 666 de

430 705 650 760 Christo
700 703 816 757 haec
865 701 1076 755 divinat
1111 719 1127 756 :
1161 720 1180 752 ι
1209 699 1349 755 Ecce
1400 716 1537 772 puer
1585 717 1776 765 meus,
1825 717 1987 772 quem

432 797 569 865 elegi
597 815 611 850 :
647 795 879 850 dilectus
909 810 1064 850 meus
1087 833 1101 857 ,
1135 793 1191 846 in
1227 809 1336 862 quo
1368 793 1694 863 complacuit
1725 794 1830 848 sibi
1868 794 1990 853 ani-

433 903 522 943 ma
552 903 672 942 mea
699 906 712 941 :
745 887 1014 956 judicium
1043 886 1300 956 gentibus
1333 884 1572 954 proferet
1600 886 1666 948 ³⁵,
1700 906 1719 939 ι
1745 902 1808 940 ac
1838 887 1995 941 dein-

431 995 560 1050 ceps
594 979 842 1050 adjungit
869 997 888 1034 τ
919 997 938 1029 ι
963 977 1136 1032 donec
1163 985 1326 1047 ponat
1352 976 1407 1030 in
1441 983 1584 1031 terra
1607 976 1872 1046 judicium
1893 1017 1908 1038 ,
1940 984 1994 1032 et

433 1074 487 1128 in
528 1073 749 1127 nomine
785 1071 906 1141 ejus
938 1081 1125 1140 gentes
1155 1068 1456 1140 sperabunt
1483 1068 1566 1124 ":
1600 1083 1618 1116 ι
1655 1069 1711 1122 in
1741 1068 1829 1122 his
1857 1067 1995 1123 Pro-

433 1164 596 1233 pheta
646 1161 755 1232 jam
809 1160 1050 1217 secundo
1092 1170 1280 1229 gentes
1328 1159 1383 1212 in
1426 1156 1645 1213 Christo
1687 1165 1996 1228 speraturas

433 1256 616 1326 ponit,
647 1269 771 1308 cum
829 1253 1081 1322 superius
1109 1253 1242 1309 illud
1274 1252 1513 1308 dixerit:
1555 1270 1573 1303 ι
1616 1251 1672 1306 in
1706 1252 1826 1321 ipso
1867 1267 1999 1322 gen-

436 1356 519 1403 tes
544 1347 842 1416 sperahunt
868 1345 933 1398 '7.
961 1357 978 1389 ι
1011 1343 1110 1400 Hic
1143 1360 1272 1398 vero
1301 1363 1313 1398 :
1343 1364 1362 1397 ι
1394 1346 1447 1398 in
1476 1345 1696 1399 nomine
1721 1345 1840 1413 ejus
1869 1360 2002 1414 gen-

435 1448 519 1494 tes
548 1438 864 1509 sperabunt.
902 1457 920 1490 ι
949 1436 1124 1491 Etiam
1160 1437 1262 1507 ipsi
1299 1436 1466 1491 David
1495 1437 1700 1491 dictum
1726 1447 1810 1491 est
1841 1435 1907 1503 ³⁸,
1934 1435 2002 1490 de

438 1529 617 1584 fructu
647 1530 852 1585 ventris
877 1529 998 1598 ejus
1026 1529 1401 1584 suscitandum
1429 1543 1552 1583 esse
1580 1528 1866 1598 quemdam
1892 1567 1906 1590 ,
1935 1525 2003 1581 de

437 1636 548 1693 quo
580 1621 840 1692 deinceps
869 1622 944 1676 ait
971 1621 1114 1677 Deus
1141 1639 1154 1675 :
1203 1639 1221 1671 ι
1254 1619 1372 1691 Ipse
1404 1620 1676 1674 invocabit
1702 1634 1818 1681 me,
1850 1626 2007 1688 pater

2091 543 2110 574 ι
2136 524 2319 577 Πάντα
2344 523 2413 577 τὰ
2459 523 2584 595 ἔθνη
2617 522 2986 576 δουλεύσουσιν
3020 519 3199 592 αὐτῷ,
3233 520 3327 574 καὶ
3369 521 3657 593 ὲνευλογη-

2088 614 2341 686 θήσονται
2375 616 2432 667 ὲν
2460 615 2542 668 σοὶ
2566 616 2733 668 πᾶσαι
2766 617 2822 668 αἱ
2848 613 3008 683 φυλαὶ
3037 613 3137 683 τῆς
3162 614 3281 684 γῆς.
3311 635 3328 664 ι
3361 614 3471 668 Καὶ
3492 614 3658 676 τύπος

2086 707 2143 760 δέ
2175 724 2260 770 τις
2292 708 2452 762 πάλιν
2481 706 2856 778 ἀφωρισμένος
2901 705 3002 774 τῆς
3044 704 3138 758 τοῦ
3180 705 3655 777 προφητευομένου

2088 799 2353 868 γενέσεως
2378 797 2690 861 θεσπίζεται
2711 796 3053 868 ύπδΜιχαίου
3071 796 3338 865 λέγοντος·
3371 817 3389 848 ι
3420 799 3528 852 Καὶ
3560 799 3650 863 σὺ,

2095 891 2360 962 Βηθλεὲμ,
2382 887 2526 953 οῐκος
2542 889 2634 943 τοῦ
2668 887 2946 960 Εύφραθᾶ,
2965 887 3239 954 ὀλιγοστὸς
3256 883 3305 940 εἷ
3331 887 3424 939 τοῦ
3442 884 3580 941 εἶναι
3598 890 3656 941 ὲν

2091 980 2324 1052 χιλιάσιν
2357 980 2561 1032 Ἰούδα·
2598 979 2662 1032 ὲκ
2686 977 2780 1032 σοῦ
2821 995 2910 1050 μοι
2958 978 3293 1043 ἐξελεύσεται
3337 977 3656 1048 ἡγούμενος,

2093 1077 2241 1140 ὅστις
2274 1077 2526 1146 ποιμανεῖ
2560 1073 2652 1127 τὸν
2700 1073 2824 1128 λαόν
2882 1090 2980 1143 μου
3025 1071 3117 1125 τὸν
3169 1071 3416 1142 Ἰσραήλ·
3471 1071 3566 1123 καὶ
3604 1074 3660 1125 αι

2095 1164 2260 1229 ἔξοδοι
2293 1163 2454 1217 αὐτοῦ
2492 1163 2744 1234 ἀπαρχῆς
2789 1161 2848 1228 ἐξ
2881 1159 3099 1232 ἡμερῶν
3145 1160 3355 1224 αἰῶνος.
3381 1179 3400 1212 ι
3444 1161 3662 1231 Ὠμολό-

2096 1272 2261 1326 γηται
2287 1255 2344 1308 δὲ
2379 1252 2530 1326 παρὰ
2563 1256 2674 1316 τοῖς
2701 1254 2884 1315 πᾶσιν,
2923 1253 3004 1304 ὅτι
3036 1253 3094 1304 ὲν
3128 1251 3377 1322 Βηθλεὲμ
3401 1250 3662 1322 ἐγεννήθη

2111 1346 2316 1416 Ἰησοῦς
2339 1349 2366 1399 6
2392 1345 2641 1418 Χριστὸς,
2673 1345 2747 1407 ὼς
2771 1345 2864 1398 καὶ
2895 1344 3155 1414 σπήλαιον
3183 1343 3491 1403 δείκνυσθαι
3530 1344 3668 1415 πρὸς

2099 1437 2214 1490 τῶν
2235 1435 2539 1508 ἐπιχωρίων
2569 1435 2753 1490 αὐτόθι
2774 1438 2885 1498 τοῖς
2907 1435 3001 1488 ἐπὶ
3030 1434 3156 1488 θέαν
3181 1433 3288 1488 ἀπὸ
3316 1434 3415 1504 τῆς
3435 1433 3662 1489 ἀλλοδα-

2102 1529 2210 1600 πῆς
2230 1527 2661 1598 ἀφικνουμένοις.
2693 1527 2802 1580 Kal.
2830 1527 2858 1578 6
2897 1527 2992 1596 μὲν
3016 1527 3178 1589 τόπος
3209 1519 3381 1591 οὗτος,
3422 1526 3552 1582 ἔνθα
3578 1545 3673 1597 γε-

2102 1620 2393 1690 γεννῆσθαι.
2418 1619 2660 1690 ἔμελλεν,
2687 1620 2979 1691 προείρητο
2997 1636 3010 1649 ·
3034 1621 3119 1683 τίς
3147 1619 3202 1674 δὲ
3225 1619 3317 1672 καὶ
3349 1619 3675 1692 λευκότερον

441 1729 595 1770 meus
626 1731 685 1770 es
717 1724 808 1782 ιιι,
839 1722 896 1770 et
919 1729 1020 1786 ego
1049 1713 1472 1784 primogenitum
1501 1727 1696 1784 ponam
1731 1727 1854 1767 eum
1879 1712 1946 1768 ³³.
1981 1730 1998 1763 ι

2116 1715 2133 1770 5
2169 1712 2393 1775 Ἡσαΐας
2425 1712 2753 1782 παρίστησι,
2794 1712 2858 1765 δι’
2888 1713 3222 1783 αἰνιγμάτων
3260 1712 3358 1783 μὲν
3400 1712 3509 1783 (1),
3544 1714 3674 1767 ὅταν

441 1805 578 1860 Nam
608 1805 675 1861 de
713 1807 815 1860 hoc
847 1783 1274 1862 rurs‘usdictum
1316 1813 1399 1859 est
1429 1823 1442 1857 :
1469 1783 1588 1856 «Et
1633 1803 2005 1857 dominabitur

2116 1804 2269 1873 λέγῃ·
2307 1822 2324 1854 ι
2365 1802 2556 1874 Κύριε,
2588 1802 2673 1866 τίς
2699 1803 2984 1856 ἐπίστευσε
3020 1806 3084 1874 τῇ
3123 1804 3259 1874 ἀκοῇ
3301 1804 3478 1874 ήμῶν,
3525 1806 3618 1858 καὶ
3646 1807 3677 1857 6

443 1911 474 1954 ει
505 1899 639 1950 mari
676 1912 847 1966 usque
875 1897 941 1952 ad
976 1911 1127 1952 mare
1150 1936 1165 1960 ,
1211 1905 1266 1952 et
1307 1911 1337 1949 a
1379 1895 1694 1951 ﬂuminibus
1736 1910 1909 1965 usque
1936 1895 2004 1950 ad

441 1989 705 2044 terminos
731 1989 881 2044 orbis
907 1996 1067 2043 terra;
1093 1988 1158 2041 ⁵⁸.
1195 2007 1214 2039 ι
1241 1985 1303 2040 Ει
1331 2002 1522 2042 rursus
1547 2005 1562 2040 :
1595 2006 1613 2039 ι
1645 1984 1845 2041 Omnes
1875 2001 2006 2057 gen-

445 2088 528 2134 tes
557 2081 793 2135 servient
821 2079 870 2134 ei
893 2119 908 2139 .
944 2086 997 2134 et
1027 2079 1418 2134 benedicentur
1448 2078 1500 2132 in
1534 2089 1584 2133 te
1609 2094 1802 2134 omnes
1828 2079 2005 2133 tribus

445 2179 603 2224 terra:
637 2170 704 2224 δι.
740 2191 757 2221 ι
785 2169 1050 2224 Praeterea
1080 2176 1259 2224 autem
1308 2168 1461 2222 locus
1501 2168 1718 2238 quidem
1759 2175 1943 2222 certus
1975 2181 2007 2219 a

420 2262 674 2317 .Miclima
707 2263 944 2326 canitur,
979 2262 1033 2315 in
1069 2277 1179 2332 quo
1207 2263 1252 2316 is
1279 2261 1526 2316 oriturus
1557 2260 1659 2324 sit,
1694 2260 1761 2315 de
1790 2275 1900 2330 quo
1930 2259 2009 2314 fe-

445 2363 643 2410 runtur
684 2363 762 2408 tot
804 2354 1102 2408 vaticinia:
1133 2371 1151 2403 ι
1184 2351 1251 2407 Et
1299 2363 1379 2414 tu.
1427 2354 1628 2422 inquit,
1670 2351 2006 2415 Bethlehem,

447 2448 642 2502 domus
674 2445 950 2516 Euphrata
971 2487 986 2510 ,
1023 2446 1246 2499 minima
1272 2460 1332 2499 es
1366 2450 1425 2498 ut
1453 2446 1532 2498 sis
1563 2444 1619 2497 in
1642 2443 1883 2496 millibus
1909 2440 2009 2496 Ju-

447 2540 517 2592 da
543 2557 555 2591 :
583 2554 649 2592 ex
677 2547 730 2591 te
759 2537 890 2590 mihi
917 2535 1225 2606 egredietur
1247 2536 1387 2601 dux,
1421 2536 1514 2604 qui
1541 2543 1726 2604 pascet
1751 2535 2008 2603 populum

450 2646 630 2685 meum
680 2627 880 2694 lsrael,
932 2639 985 2682 et
1027 2627 1206 2682 exitus
1249 2627 1370 2695 ejus
1410 2626 1478 2680 ab
1518 2626 1675 2680 initio
1723 2641 1790 2679 ex
1819 2625 2011 2679 diebus

449 2721 632 2776 sazculi
657 2721 702 2751 δ’
729 2739 742 2784 ς
778 2739 796 2769 ι
825 2726 878 2773 et
903 2734 1093 2774 omnes
1124 2717 1475 2780 conﬁtentur,
1503 2717 1557 2770 in
1583 2715 1893 2771 Bethlehem
1921 2714 2013 2769 Je-

451 2829 571 2868 sum
604 2811 881 2866 Christum
912 2825 1036 2865 esse
1065 2818 1274 2865 natum.
1311 2808 1454 2875 Quin
1479 2809 1642 2864 etiam
1676 2808 1866 2862 incolae
1891 2808 2012 2878 ejus

451 2906 555 2958 loci
588 2905 901 2973 speluncam
931 2903 1129 2958 ibidem
1160 2911 1465 2957 monstrant
1493 2901 1560 2957 iis
1580 2943 1594 2967 ,
1623 2901 1715 2971 qui
1744 2901 1811 2956 ab
1834 2908 2014 2956 exter-

454 2999 538 3051 nis
579 2995 739 3051 terris
780 2993 1029 3049 venerint
1067 2994 1134 3048 ad
1181 2993 1580 3064 spectandum:
1619 2999 1673 3046 et
1713 2992 1868 3048 locus
1890 2993 2016 3062 qui~

452 3089 572 3144 dem
604 3087 692 3142 hic
719 3087 810 3141 ubi
845 3097 997 3142 ortus
1026 3086 1146 3157 ejus
1175 3087 1390 3142 futurus
1418 3086 1518 3140 fuit
1537 3125 1551 3149 ,
1581 3084 1873 3155 praedictus
1907 3093 2012 3141 est.

455 3180 630 3251 Ipsius
661 3195 786 3234 vero
816 3187 970 3234 ortus
1004 3179 1328 3233 miraculum
1353 3219 1367 3244 ,
1404 3193 1549 3232 nunc
1590 3177 1822 3232 obscure
1856 3191 1921 3230 ac
1958 3175 2017 3233 ﬁ-

452 3281 644 3343 gurate
663 3312 679 3336 ,
706 3285 853 3324 nunc
879 3270 1040 3340 plane
1066 3277 1121 3325 et
1150 3276 1337 3340 aperte
1364 3269 1518 3338 ponit
1546 3265 1714 3322 Isaias
1744 3285 1756 3320 :
1788 3265 2020 3320 obscure

454 3364 674 3436 quidem
698 3403 712 3426 ,
753 3364 842 3418 ubi
889 3363 999 3417 ait:
1036 3381 1055 3414 ι
1088 3361 1354 3425 Domine,
1394 3361 1518 3430 quis
1542 3360 1777 3417 credidit
1809 3358 2020 3413 auditui

457 3455 689 3511 nostro?
729 3462 784 3509 et
831 3454 1121 3508 brachium
1168 3452 1380 3508 Domini
1433 3453 1522 3506 cui
1569 3453 1863 3506 revelatum
1903 3451 2023 3506 est?

457 3545 903 3600 annuutiavimus
953 3559 1137 3600 coram
1185 3560 1280 3606 eo,
1323 3543 1481 3613 quasi
1524 3544 1821 3613 puerulus,
1863 3540 2021 3612 quasi

457 3638 612 3692 radix
649 3638 703 3691 in
735 3644 879 3692 terra
911 3637 1122 3692 sitienti
1156 3635 1220 3691 ⁸³.
1254 3654 1272 3686 ι
1303 3634 1408 3690 Pro
1437 3650 1546 3705 quo
1578 3634 1771 3703 Aquila
1803 3631 2020 3703 quidem

459 3731 538 3784 sic
581 3730 968 3800 interpretatus
1008 3738 1130 3785 est:
1169 3748 1188 3782 ι
1224 3728 1288 3782 Et
1323 3726 1722 3798 .prazdicabitur
1762 3734 2022 3796 tanquam

461 3818 605 3888 quod
643 3821 808 3874 ubere
849 3820 1092 3875 nutritur
1135 3819 1188 3872 in
1235 3817 1427 3872 facient
1481 3816 1631 3884 ejus,
1674 3823 1729 3871 et
1767 3824 2023 3886 tanquam

462 3909 616 3966 radix
643 3909 708 3964 dc
734 3918 878 3966 terra
909 3911 1076 3965 invia.
1109 3929 1128 3962 ›
1151 3907 1490 3964 Tlieodotion
1514 3923 1643 3964 vero
1667 3926 1683 3962 :
1707 3925 1725 3958 ‹
1754 3906 1821 3960 Ει
1842 3922 2028 3962 ascen-

460 4002 550 4058 det
581 4003 723 4058 sicut
749 4004 894 4073 quod
921 4003 1062 4058 lacte
1091 4003 1258 4056 alitur
1283 4017 1466 4056 coram
1495 4016 1595 4064 eo,
1621 4009 1676 4056 et
1702 4001 1843 4056 sicut
1871 4000 2026 4054 radix

463 4093 516 4146 in
551 4103 692 4148 terra
722 4095 948 4149 sitienti.
982 4113 1000 4144 ›
1031 4092 1132 4148 llis
1161 4092 1306 4156 enim
1338 4093 1518 4147 verbis
1546 4106 1670 4146 cum
1695 4091 2025 4151 mentionem

463 4186 652 4240 fecerit
681 4185 944 4256 propheta
972 4185 1040 4240 de
1071 4185 1296 4238 brachio
1330 4171 1542 4238 Domini
1565 4221 1580 4246 ,
1611 4185 1754 4251 quod
1781 4189 1900 4236 erat
1930 4179 2025 4249 Dei

462 4273 698 4329 Verbum
725 4292 738 4328 :
770 4295 787 4327 ι
810 4275 1005 4331 Coram
1034 4290 1122 4337 eo,
1147 4275 1352 4344 inquit,
1399 4273 1843 4328 annuntiavimus
1870 4271 2026 4342 quasi

463 4367 750 4436 puerulum
802 4367 1128 4430 lactentem,
1178 4374 1232 4420 et
1277 4366 1370 4434 qui
1417 4365 1583 4420 ubere
1630 4366 1928 4429 nutriatur,
1973 4371 2028 4418 et

463 4456 622 4526 quasi
657 4456 893 4510 radicem
927 4455 993 4510 de
1025 4464 1170 4510 terra
1207 4457 1350 4512 invia
1378 4474 1392 4517 ;
1427 4476 1444 4508 ι
1474 4456 1564 4511 ubi
1603 4457 1864 4526 puerulus
1905 4455 2028 4525 qui-
2059 4487 2102 4542 υ

464 4547 587 4602 dom
621 4545 738 4606 ille,
775 4546 868 4614 qui
899 4546 1063 4600 ubere
1091 4555 1254 4615 atque
1286 4546 1424 4600 lacte
1459 4547 1717 4609 nutritur,
1754 4548 1911 4616 plane
1936 4561 2028 4599 or-

465 4648 582 4693 tum
615 4636 821 4692 Christi
855 4637 1122 4691 declarat.
1161 4636 1330 4692 Terra
1362 4653 1492 4695 vero
1523 4639 1666 4691 invia
1699 4646 1752 4692 et
1797 4639 2022 4702 sitiens,

461 4731 576 4801 98
605 4729 866 4799 virginem
913 4744 1033 4799 quae
1075 4729 1225 4783 illum
1271 4729 1431 4784 enixa
1462 4739 1576 4794 est,
1621 4745 1784 4800 quam
1819 4730 2029 4786 scilicet

463 4822 648 4880 nullus
677 4821 760 4873 vir
788 4820 956 4885 adiit,
984 4819 1050 4874 de
1077 4835 1183 4890 qua
1210 4821 1458 4890 quamvis
1490 4822 1633 4877 invia
1656 4860 1673 4886 ,
1697 4823 1912 4877 laudata
1940 4821 2030 4874 illa

466 4913 621 4968 radix
666 4911 902 4982 prodiit.
945 4919 1003 4967 ct
1048 4913 1140 4982 qui
1187 4914 1393 4979 ubere,
1435 4914 1684 4984 lacteque
1731 4913 2032 4968 nutriretur

463 5005 750 5075 puerulus.
785 5003 986 5060 Verum
1019 5005 1136 5067 hate
1167 5006 1487 5070 adumbrata
1521 5005 1814 5066 admodum
1859 5003 2031 5075 signi-

461 5095 682 5149 tlcavit:
732 5095 978 5165 apertius
1024 5109 1155 5150 vero
1198 5094 1340 5156 idem
1387 5094 1653 5165 propheta
1705 5095 2029 5149 sententiam

463 5199 616 5242 suam
656 5184 1079 5254 interpretatur,
1111 5184 1203 5240 ubi
1239 5185 1352 5238 ait:
1383 5203 1402 5236 ι
1435 5183 1578 5238 Ecce
1604 5183 1757 5254 virgo
1787 5181 1840 5236 in
1875 5187 2032 5236 utero

459 5276 670 5345 capiet,
702 5284 756 5332 et
787 5277 963 5346 pariet
997 5277 1200 5340 tilium,
1225 5283 1279 5332 et
1305 5275 1577 5338 vocabunt
1605 5289 1806 5331 nomen
1863 5272 1982 5342 ejus
2007 5289 2026 5323 ο

2108 1893 2341 1966 βραχίων
2397 1895 2600 1966 Κυρίου
2661 1894 2763 1950 τίνι
2817 1893 3216 1965 ἀπεκαλύφθη;
3274 1895 3677 1966 ἀνηγγείλαμεν

2107 1987 2343 2039 ἐναντίον
2373 1985 2538 2040 αὑτοῦ
2566 1986 2640 2050 ὡς
2673 1987 2900 2050 παιδίον,
2934 1987 3009 2046 ὡς
3041 1986 3162 2058 ῥίζα
3195 1988 3253 2039 ὲν
3295 1990 3364 2058 γῇ
3393 1986 3622 2060 διψώσῃ.
3651 2007 3670 2039 ι

2119 2078 2256 2132 Ἀνθ’
2284 2074 2346 2132 οἶδ
2383 2081 2412 2132 6
2451 2079 2548 2149 μὲν
2600 2079 2828 2142 Ἀκύλας
2867 2079 3210 2150 ήρμήνευσεν
3256 2079 3456 2142 οὕτως·
3508 2099 3526 2130 ι
3566 2081 3680 2133 Καὶ

2109 2170 2543 2243 ἀναρρηθήσεται
2569 2171 2644 2235 ὡς
2669 2171 3029 2241 τιτθιζόμενον
3057 2173 3136 2233 είς
3169 2170 3454 2241 πρόσωπον
3480 2169 3673 2232 αὑτοῦ,

2109 2262 2204 2322 καὶ
2252 2263 2327 2325 ὼς
2359 2261 2480 2332 ῥίζα
2534 2262 2640 2314 ἀπὸ
2685 2263 2786 2332 γῆς
2838 2261 3040 2314 ἀϐάτου
3073 2278 3088 2294 ·
3123 2280 3141 2312 ι
3178 2263 3207 2314 6
3247 2260 3304 2313 δὲ
3346 2259 3678 2312 Θεοδοτίων·

2115 2373 2134 2405 ι
2163 2353 2256 2411 καὶ
2307 2352 2635 2423 ἀναϐήσεται
2676 2353 2752 2416 ὡς
2793 2352 3022 2424 θηλάζον
3064 2350 3289 2412 ἐνώπιον
3344 2351 3536 2414 αὐτοῦ,
3580 2350 3683 2402 καὶ

2111 2446 2186 2509 ὼς
2212 2445 2333 2516 ρίζα
2354 2448 2410 2499 ὲν
2435 2449 2504 2515 γῇ
2528 2444 2752 2517 διψώσῃ.
2783 2465 2800 2496 ι
2826 2445 2923 2498 Διά
2951 2444 3057 2515 γὰρ
3079 2443 3276 2497 τούτων
3302 2442 3684 2522 μνημονεύσας

2109 2539 2139 2590 6
2171 2539 2453 2610 προφήτης
2486 2536 2577 2590 τοῦ
2621 2536 2899 2606 βραχίονος
2943 2535 3036 2599 τοῦ
3075 2535 3307 2606 Κυρίου,
3334 2534 3391 2597 ὃς
3421 2530 3487 2623 re:
3517 2535 3548 2586 6
3577 2532 3683 2588 τοῦ

2112 2629 2246 2682 Θεοῦ
2275 2629 2450 2697 λόγος,
2479 2647 2496 2678 ι
2531 2627 2788 2681 Ἐνώπιον
2816 2627 3002 2690 αὐτοῦ,
3034 2646 3051 2678 ι
3098 2629 3281 2698 φησὶν,
3314 2645 3333 2678 ι
3358 2625 3686 2696 ἀνηγγείλα-

2119 2739 2216 2793 μεν
2247 2722 2322 2785 ὡς
2364 2721 2571 2774 παιδίον
2617 2721 2844 2792 anteco»;
2878 2722 2968 2774 καὶ
3023 2720 3423 2790 τιτθιζόμενον,
3465 2719 3558 2771 καὶ
3608 2719 3686 2781 ὼς

2119 2813 2270 2885 ῥίζαν
2296 2813 2403 2866 ἀπὸ
2429 2813 2531 2883 γῆς
2557 2812 2776 2866 ἀϐάτου.
2801 2831 2820 2862 ›
2852 2813 2923 2864 Τὸ
2953 2812 3047 2882 μὲν
3073 2809 3165 2864 οὖν
3194 2811 3403 2864 παιδίον
3427 2810 3485 2861 τδ
3513 2808 3688 2862 τιτθι-

2117 2902 2341 2976 ζόμενον
2365 2905 2458 2958 καὶ
2494 2903 2722 2973 θηλάζον
2754 2903 3010 2975 ἄντικρυς
3039 2904 3135 2974 τὴν
3173 2903 3384 2971 γένεσιν
3427 2901 3520 2954 τοῦ
3552 2901 3690 2971 Χρι-

2123 2994 2247 3049 στοῦ
2274 2995 2449 3065 δηλοῖ·
2487 2997 2519 3064 ἡ
2550 2995 2605 3048 δὲ
2625 2995 2694 3065 γῆ
2725 2994 2922 3056 ἄϐατος
2950 2993 3043 3046 καὶ
3069 2993 3278 3062 διψῶσα
3307 2992 3404 3063 τὴν
3439 2991 3687 3063 ἀποκυή-

2121 3102 2288 3144 σασαν
2336 3085 2496 3140 αὑτὸν
2530 3082 2792 3156 παρθένον
2818 3122 2832 3146 ,
2947 3081 3117 3144 οὐδεὶς
3150 3080 3286 3153 ἀνὴρ
3333 3080 3688 3150 ἐπιϐέϐηκεν,

2121 3178 2210 3246 ἀφ’
2251 3171 2337 3248 ἧς,
2385 3175 2583 3245 καίπερ
2631 3174 2829 3227 ἀϐάτου
2885 3171 3297 3242 τυγχανούσης,
3335 3169 3601 3242 προῆλθεν
3653 3171 3689 3240 ἡ

2121 3268 2460 3338 εὐλογημένη
2508 3264 2650 3336 ῥίζα,
2693 3265 2786 3318 καὶ
2815 3264 2876 3317 τὸ
2917 3261 3280 3333 τιτθιξόμενον
3317 3262 3410 3315 καὶ
3457 3260 3690 3332 θηλάζον

2122 3360 2347 3415 παιδίον.
2399 3359 2556 3415 Ἀλλά
2601 3357 2772 3411 ταῦτα
2818 3357 2918 3426 μὲν
2966 3355 3406 3425 ὲπεσκιασμένως
3437 3353 3687 3424 ᾐνίξατο·

2121 3452 2450 3522 γυμνότερον
2483 3449 2538 3502 δὲ
2566 3451 2593 3502 6
2622 3447 2784 3510 αὐτὸς
2811 3445 3099 3518 ὲρμηνεύει
3127 3447 3415 3515 προφήτης
3442 3445 3541 3515 τὴν
3573 3444 3689 3496 διάρ

2121 3558 2290 3603 νοιαν,
2332 3543 2415 3594 ἐπ’
2449 3540 2513 3594 ἀν
2561 3539 2730 3613 λέγῃ·
2770 3556 2790 3588 ι
2832 3537 2961 3590 Ἰδοὺ
3003 3537 3035 3604 ή
3084 3535 3347 3606 παρθένος
3393 3536 3450 3587 ἐν
3491 3534 3692 3604 γαστρὶ⁵

2122 3631 2372 3700 λήψεται,
2403 3630 2495 3683 καὶ
2523 3628 2738 3694 τέξεται
2787 3628 2934 3692 υἱον,
2971 3627 3063 3679 καὶ
3095 3625 3380 3681 καλέσουσι
3410 3623 3470 3677 τὸ
3515 3624 3691 3692 ὅνομα

2123 3722 2285 3774 αὑτοῦ
2335 3721 2451 3791 μεθ’
2487 3719 2642 3790 ἡμῶν
2670 3722 2698 3773 6
2726 3719 2877 3781 Θεός.
2907 3738 2924 3768 ι
2954 3718 3121 3772 Τοῦτο
3151 3717 3259 3789 γὰρ
3305 3715 3597 3788 ὲρμηνεύει
3631 3714 3696 3768 τὸ

2129 3831 2148 3866 ι
2191 3811 2552 3884 Ἐμμανουήλ.
2585 3830 2602 3863 ι
2633 3810 2866 3864 Τοιαῦτα
2883 3811 3010 3882 περὶ
3037 3810 3139 3880 τῆς
3155 3811 3233 3872 είς
3265 3807 3584 3879 ἀνθρώπους
3603 3822 3695 3876 τσο
3773 3845 3781 3852 .

2125 3903 2324 3966 νέσεως
2351 3901 2445 3954 τοῦ
2479 3899 2712 3972 Χριστοῦ
2754 3899 2916 3954 πάλαι
2965 3899 3228 3975 πρότερον
3259 3900 3385 3968 παρ’
3424 3895 3696 3967 Ἑϐραίοις

2129 3992 2530 4064 μεμελετάσθω.
2585 3994 2729 4062 Μήτι
2767 3987 2858 4045 οὖν
2893 3989 3132 4058 ἐπίδοξον
3176 4007 3297 4049 τινα
3338 3989 3628 4060 δυνάστην,
3661 3987 3694 4059 ἢ

2125 4083 2418 4156 τύραννον,
2455 4083 2488 4154 ἡ
2533 4099 2654 4136 τινα
2693 4081 2865 4146 ἄλλως
2904 4081 3012 4134 τῶν
3047 4081 3112 4134 τά
3151 4079 3357 4150 μεγάλα
3405 4077 3549 4132 κατὰ
3606 4077 3698 4130 τὸν

2128 4176 2240 4247 βίον
2272 4174 2600 4245 δυναμένων,
2622 4173 2712 4226 τὸν
2748 4172 3218 4244 προφητευόμενον
3251 4169 3698 4240 ύπογράφουσινς

2125 4268 2224 4331 ούκ
2257 4266 2402 4324 ἔστιν
2434 4267 2607 4320 εἰπεῖν
2630 4281 2641 4293 ·
2667 4266 2748 4316 ὅτι
2785 4262 2918 4334 μηδὲ
2944 4262 3114 4332 ἐφάνη
3138 4258 3561 4322 τοιοῦτος.-Ἀλλ’
3589 4251 3701 4320 οἷος

2127 4361 2296 4436 ἐφάνη
2321 4359 2399 4429 τῷ
2431 4358 2549 4428 βίῳ,
2571 4357 2806 4410 τοιοῦτον
2835 4355 2992 4410 αὑτὸν
3023 4354 3118 4407 καί⁵
3142 4353 3431 4405 ὲθέσπισαν
3457 4349 3698 4413 ἔσεσθαι,

2126 4451 2224 4521 τῆς
2288 4448 2542 4519 ἀληθείας
2596 4449 2712 4501 κατ’
2763 4447 2913 4500 οὐδὲν
2974 4443 3443 4513 ἀπολελειμμένοι.
3512 4439 3699 4498 Eim‘uv

2127 4543 2171 4596 δ’
2203 4537 2295 4594 οὖν
2327 4543 2354 4594 6
2377 4541 2601 4602 Ἡσαΐας
2621 4557 2634 4570 ·
2657 4559 2674 4589 ι
2701 4536 3117 4608 ’Δνηγγείλαμεν
3150 4535 3374 4588 ἐνώπιον
3407 4531 3593 4594 αὐτοῦ,
3626 4532 3704 4594 ὡς

2133 4634 2362 4697 παιδίον,
2396 4633 2469 4696 ὡς
2501 4632 2621 4701 ῥίζα
2654 4634 2710 4684 ὲν
2737 4632 2806 4700 γῇ
2840 4627 3044 4699 διψώσῃ
3064 4645 3076 4658 ·
3121 4647 3139 4677 ι
3173 4627 3296 4695 ἑξῆς
3328 4625 3584 4676 συνάπτει
3615 4622 3707 4674 λέ-

2134 4743 2272 4799 γων·
2308 4745 2326 4776 ι
2353 4725 2466 4780 Ούκ
2496 4725 2642 4778 ἔστιν
2681 4719 2819 4784 εἶδος
2847 4720 2994 4791 αὐτῷ
3025 4720 3146 4772 οὐδὲ
3171 4719 3327 4782 δόξα·
3364 4718 3458 4770 καὶ
3489 4715 3703 4784 εἴδομεν

2137 4817 2321 4880 αὐτὸν,
2362 4818 2454 4870 καὶ
2481 4817 2582 4870 ούκ
2614 4809 2756 4884 εἶχεν
2790 4807 2928 4878 εἶδος
2981 4811 3100 4866 οὐδὲ
3129 4808 3352 4871 κάλλος·
3406 4807 3500 4859 καὶ
3532 4801 3599 4875 ἦν
3643 4804 3706 4858 τὸ

2136 4905 2274 4976 εἶδος
2318 4905 2482 4963 αὑτοῦ
2527 4905 2717 4975 ἄτιμον
2765 4904 2858 4957 καὶ
2903 4900 3148 4964 ἐκλεῖπον
3177 4897 3326 4969 παρά
3380 4897 3504 4959 τοὺς
3555 4895 3707 4959 υἱοὺς

2134 4997 2240 5061 τῶν
2275 4993 2596 5067 ἀνθρώπων.
2631 4991 2966 5062 Ἀνθρωπος,
2992 4991 3049 5046 ὲν
3075 4987 3256 5058 πληγῇ
3292 4985 3386 5050 ὢν,
3418 4984 3512 5038 καὶ
3547 4982 3705 5046 είδὼς

2135 5087 2320 5165 φέρειν
2357 5086 2625 5158 μαλακίαν
2646 5126 2660 5148 ,
2697 5081 2994 5156 ὴτιμάσθη,
3029 5079 3124 5143 καὶ
3160 5079 3258 5131 οὐκ
3287 5075 3557 5144 ἐλογίσθη.
3585 5093 3603 5165 i
3639 5074 3705 5165 Τί

2135 5163 2226 5234 οὖν
2269 5178 2515 5231 λείπεται
2570 5175 2661 5228 ἐπὶ
2705 5171 2942 5236 τούτοιςς
2988 5172 3051 5235 Et
3098 5170 3204 5240 γὰρ
3237 5171 3492 5240 προεῖπον
3537 5163 3705 5219 αὑτοῦ

2139 5271 2346 5349 φυλὴν,
2390 5269 2485 5324 καὶ
2534 5267 2722 5337 γένος,
2769 5267 2864 5320 καὶ
2894 5263 3090 5336 τρόπον
3123 5261 3420 5332 γενέσεως.
3470 5257 3560 5311 καὶ
3606 5256 3708 5327 τῆς

534 5433 576 5463 ³⁸
609 5432 714 5487 lsa.
740 5449 873 5492 XLII.
905 5435 952 5487 Ι.
1030 5433 1074 5464 ³⁸
1103 5431 1232 5486 ibid.
1257 5431 1312 5498 4,
1386 5432 1426 5462 ³⁷
1459 5429 1564 5498 lsa,
1591 5429 1782 5495 x1,|0.
1856 5427 2013 5500 "illi

2155 5444 2250 5491 vn,
2279 5425 2362 5481 19..
2439 5425 2482 5456 "
2511 5421 2657 5479 Psal.
2682 5435 2944 5484 Lxxxvm,
2968 5418 3158 5482 27.28.
3235 5418 3280 5450 ⁸⁸
3311 5416 3453 5472 Psal.
3479 5431 3630 5480 aut,
3652 5413 3708 5467 8.

463 5499 506 5548 ’τ’
562 5503 693 5558 ibid.
724 5503 810 5564 Η,
843 5505 928 5558 l7.
1003 5503 1048 5547 ⁸⁸
1076 5503 1235 5557 Mich.
1274 5519 1324 5564 v,
1361 5501 1413 5568 9.,
1487 5502 1532 5533 ⁸³
1561 5502 1663 5569 lsa.
1699 5516 1816 5563 ιιιι,
1853 5499 1972 5568 1,2.

538 5666 610 5732 (ll
654 5664 806 5724 Mss.,
841 5667 950 5735 Τῆς
983 5667 1039 5719 δὲ
1060 5668 1322 5735 γενέσεως
1351 5663 1516 5719 αὐτοῦ
1544 5663 1604 5717 τὸ
1647 5661 1873 5735 θαῦμα,
1904 5657 2034 5735 ποτὲ

471 5729 565 5804 μὲν
589 5736 653 5787 δι’
677 5729 1027 5803 αἰνίγματι-ιν,
1058 5729 1186 5790 ποτὲ
1215 5737 1269 5792 δὲ
1296 5729 1390 5800 καὶ
1410 5735 1726 5816 λευκότερον
1751 5729 1779 5786 ὃ
1813 5729 2036 5790 Ἡσαΐας

2142 5655 2455 5727 παρίστησι,
2490 5653 2554 5705 δι’
2583 5650 2916 5722 αἰνιγμάτων
2947 5650 3065 5719 μέν,
3097 5665 3152 5704 κ.
3194 5664 3244 5701 τ.
3271 5646 3344 5710 λ.,
3380 5654 3430 5700 et
3469 5643 3547 5700 sic
3583 5643 3714 5715 legit

2147 5739 2435 5794 tuterptes.
2950 5745 2954 5748 ~
