1965 3101
607 112 930 142 DEMONSTRATIONIS
951 110 1178 140 EVANGELICE
1198 111 1261 138 LIB.
1282 110 1329 138 Ill.

1715 108 1763 136 189

156 169 298 205 Παρθένου
314 170 346 197 τὸ
362 171 453 207 θαῦμα
473 171 519 199 καὶ
536 172 593 207 βίου
613 172 727 209 τρόπον,
746 172 889 199 ἀκόλουθον

989 171 1135 199 Nobiscum
1147 170 1228 202 Deus.
1241 170 1292 198 hoe
1302 168 1374 198 enim
1385 168 1518 204 signiﬁcat
1526 177 1535 194 ι
1547 166 1744 195 Emmanuel“.
1753 177 1763 194 ι

153 216 219 251 ἑξῆς
235 215 303 251 μηδὲ
314 215 364 252 τὴν
380 217 505 254 τελευτὴν
521 218 712 253 ἀποσιωπῆσαι
731 217 822 244 αὐτοῦ.
840 218 872 244 Τί
891 216 929 244 οὗπ

990 217 1065 244 Talia
1082 216 1115 245 de
1127 216 1230 244 Christi
1246 215 1317 257 apud
1332 215 1455 242 homines
1472 214 1576 249 origine
1591 213 1696 248 antiqui
1713 212 1763 240 He-

152 262 202 288 καὶ
223 261 287 297 περὶ
312 262 414 298 ταύτης
441 263 554 296 Ἡσαΐας
577 264 716 297 θεσπίζει;
735 273 744 290 ι
764 263 935 300 Ἀνθρωπος,

152 308 237 344 φησὶν
248 328 255 340 ,
275 307 305 335 ὲν
318 308 408 344 πληγῇ
425 308 478 341 ὢν,
506 310 553 337 καὶ
581 309 658 342 εἰδὼς
673 310 767 347 φέρειν
784 310 917 346 μαλακίαν
928 331 935 342 ,

150 353 292 389 ἡτιμάσθη
315 353 362 380 καὶ
381 354 431 380 οὐκ
466 354 601 390 ἐλογίσθη.
629 352 713 387 Οὗτος
733 355 783 387 τὰς
802 355 937 392 ἁμαρτίας

149 399 232 435 ἡμῶν
256 399 348 435 φέρει,
373 400 418 426 καὶ
435 401 500 436 περὶ
517 401 596 437 ἡμῶν
624 402 765 429 όδυνᾶται·
782 402 831 428 καὶ
857 403 937 438 ἡμεῖς

148 446 334 481 ἐλογισάμεθα
349 446 429 473 αὑτὸν
446 445 514 474 εἶναι
529 448 558 474 ὲν
574 448 647 483 πόνῳ
661 449 706 475 καὶ
724 449 753 474 ὲν
771 448 872 483 πληγῇ,
889 448 936 474 καὶ

149 493 182 519 ὲν
197 491 333 518 κακώσει·
349 492 429 524 αὐτὸς
443 492 472 519 δὲ
496 494 698 529 ὲτραυματίσθη
719 494 763 521 διὰ
781 494 830 526 τὰς
846 495 935 530 ἁμαρ-

148 538 212 569 τίας
226 537 314 573 ἡμῶν,
332 538 378 565 καὶ
392 538 590 574 μεμαλάκισται
601 539 644 566 διὰ
657 539 707 571 τὰς
722 539 835 574 ἀνομίας
846 539 933 575 ἡμῶν.

148 583 266 610 Παιδεία
279 584 390 619 είρήνης
405 583 484 618 ὴμῶν
498 585 540 610 ἐπ’
557 584 647 616 αὑτὸν,
664 584 702 619 τῷ
719 584 830 620 μώλωπι
852 584 933 610 αὐτοῦ

147 631 232 665 ἡμεῖς
255 630 378 666 ίάθημεν.
404 630 507 662 Πάντες
527 630 565 662 ὼς
584 630 705 666 πρόϐατα
723 630 932 666 ὲπλανήθημεν,

148 676 198 703 καὶ
212 676 312 712 Κύριος
328 676 484 712 παρέδωκεν
502 675 584 703 αὑτὸν
599 678 659 709 ταῖς
673 676 819 712 ἁμαρτίαις
837 676 914 712 ἡμῶν
925 684 931 691 ·

147 723 200 749 καὶ
212 722 291 754 αὐτὸς
304 722 348 749 διὰ
363 722 393 749 τὸ
408 722 583 749 κεκακῶσθαι
599 723 648 749 οὐκ
670 722 771 757 ἀνοίγει
794 723 824 749 τὸ
848 723 934 758 στόμα

149 767 244 794 αὑτοῦ.
268 768 311 799 Ὠς
326 768 459 804 πρόϐατον
475 768 522 795 ἐπὶ
538 768 644 803 σφαγὴν
655 768 734 803 ἤχθη,
744 768 790 794 καὶ
800 768 838 800 ὡς
849 768 932 803 ἀμνὸς

146 814 240 840 ἔναντι
254 813 300 840 τοῦ
320 814 455 849 κείροντος
476 814 590 849 ἄφωνος,
610 813 695 845 οὕτως
716 813 765 840 οὐκ
785 814 886 848 ἀνοίγει
902 814 932 840 τὺ

987 264 1123 291 brteorum
1146 262 1284 298 prophetae
1306 261 1514 289 meditabantur.
1538 259 1666 294 Nunquid
1685 259 1764 294 igitur

987 309 1120 337 illustrem
1138 308 1281 344 quemdam
1296 308 1445 342 principem
1457 327 1464 338 ,
1483 309 1530 333 aut
1543 311 1687 341 tyranuum
1697 325 1704 336 ,
1719 308 1763 331 aut

986 355 1088 390 alioqui
1113 362 1198 382 unum
1222 361 1334 385 eorum,
1360 352 1407 387 qui
1433 352 1578 387 plurimum
1604 355 1716 385 possunt
1737 351 1765 377 in

985 401 1059 433 vita,
1083 408 1146 428 eum
1168 399 1201 427 de
1222 406 1277 434 quo
1299 398 1484 425 vaticinantur
1507 396 1686 424 describunt?
1711 403 1765 422 non

985 450 1075 481 potest
1089 445 1162 473 dici:
1178 446 1306 480 quoniam
1324 451 1358 470 ne
1380 441 1505 477 apparuit
1524 441 1634 476 quidem
1657 439 1762 474 aliquid

985 493 1047 520 tale.
1060 492 1113 520 Sed
1127 491 1216 527 qualis
1230 491 1288 526 ipse
1301 490 1377 516 visus
1389 492 1431 516 est
1444 489 1498 515 vita
1509 509 1516 520 ,
1530 487 1610 514 talem
1623 486 1687 514 item
1703 493 1765 512 eum

986 538 1043 566 fore
1059 538 1235 569 cecinerunt,
1252 536 1303 563 hac
1321 535 1415 569 utique
1430 534 1457 560 in
1479 541 1508 560 re
1528 533 1596 559 nihil
1616 539 1631 558 a
1652 532 1765 558 veritate

985 585 1154 612 aberrantes.
1176 583 1324 617 Postquam
1337 589 1401 616 ergo
1415 580 1499 607 lsaias
1519 579 1586 606 dixit
1602 588 1608 605 :
1626 588 1634 604 ι
1649 579 1765 605 Annuu-

984 630 1112 657 tiavimus
1133 636 1224 656 coram
1246 636 1297 659 eo,
1317 627 1396 662 quasi
1418 625 1565 660 puerulus,
1589 624 1667 659 quasi
1689 623 1765 650 radix

984 676 1011 703 in
1034 681 1106 703 terra
1130 674 1234 703 sitienti
1255 674 1288 706 “‘,
1306 683 1315 699 ι
1331 673 1460 707 deinceps
1483 671 1625 706 adjungit,
1651 669 1762 697 dicens:

987 731 996 748 ‹
1011 722 1069 749 Non
1093 728 1135 749 est
1158 721 1263 756 species
1287 720 1328 753 ei,
1355 727 1443 754 neque
1464 718 1572 754 gloria:
1593 720 1620 744 et
1643 716 1763 743 vidimus

983 776 1044 796 eum
1053 788 1060 799 ,
1072 772 1100 795 ct
1115 775 1169 794 non
1183 767 1279 794 habuit
1291 766 1406 802 speciem
1420 772 1507 799 neque
1518 761 1762 798 pulchritudinem:

983 817 1011 840 et
1027 813 1079 839 fuit
1093 812 1198 847 species
1214 811 1274 846 ejus
1293 811 1352 838 siue
1366 810 1470 836 honore
1485 808 1616 835 deﬁciens
1630 814 1685 841 prae
1701 806 1763 833 ﬁliis

146 858 251 893 στόμα·
278 858 326 893 τὴν
344 859 440 892 γενεὰν
465 857 546 884 αὐτοῦ
569 857 611 889 τίς
636 857 808 893 διηγήσεται;
830 857 871 883 ὃτι
892 857 929 883 αῖ-

984 859 1135 886 hominum.
1150 857 1237 885 Homo
1249 864 1309 884 cum
1323 857 1400 891 plaga
1414 858 1503 885 esset,
1517 853 1608 881 sciens
1622 853 1691 880 l'erre
1705 852 1764 878 lan-

147 912 226 940 ρεται
252 904 306 930 ἀπὸ
326 904 375 939 τῆς
394 904 446 939 γῆς
471 904 487 939 ὴ
506 903 562 939 ζωὴ
578 903 675 930 αὐτοῦ·
698 912 707 928 ι
721 902 767 929 καὶ
792 902 826 928 τὰ
842 902 931 929 λοιπά.

146 949 279 984 Σημαίνει
307 949 336 976 δὲ
363 949 407 977 διὰ
442 949 561 980 τούτων,
593 949 630 980 ὡς
665 949 718 984 ἄρα
748 949 763 974 ὁ
795 949 931 984 Χριστὸς,

144 994 227 1025 ἐκτὸς
265 995 355 1030 πάσης
387 995 515 1030 ὑπάρχων
547 994 751 1030 πλημμελείας,
782 994 831 1026 τὰς
863 995 932 1030 ὑπὲρ

144 1040 297 1076 ἀνθρώπων
330 1041 468 1076 ἁμαρτίας
498 1042 539 1073 είς
569 1042 663 1068 ἑαυτὸν
693 1040 858 1073 ἀναδέξετίαι.
888 1042 932 1067 Διὸ

145 1087 194 1113 καὶ
236 1087 359 1113 πείσεται
393 1086 426 1113 τὰ
463 1087 516 1113 τῶν
555 1086 752 1122 ἡμαρτηκότων
785 1086 832 1113 καὶ
863 1086 932 1122 ὑπὲρ

145 1132 224 1167 ἡμῶν
239 1132 442 1168 ὀδυνηοήσεται,
456 1132 511 1159 ἀλλ’
525 1133 574 1167 οὐχ
586 1133 656 1168 ὑπὲρ
673 1131 779 1158 ἑαυτοῦ.
797 1132 828 1158 Εἰ
844 1131 872 1158 δὲ
885 1132 932 1158 καὶ

145 1178 412 1214 τραυματισθήσεται
438 1178 527 1212 λόγοις
545 1178 723 1213 βλασφήμοις,
736 1178 783 1204 καὶ
798 1177 871 1204 τοῦτ’
886 1177 930 1213 ἐρ-

144 1232 193 1258 γον
208 1223 283 1250 ἐσται
297 1223 350 1250 τῶν
363 1224 504 1259 ἡμετέρων
519 1223 660 1259 ἁμαρτιῶν
672 1231 678 1238 ·
695 1223 755 1249 ἐπεὶ
778 1223 824 1249 καὶ
842 1232 930 1259 μεμα-

144 1269 271 1296 λάκισται
283 1269 327 1296 διὰ
338 1268 386 1301 τὰς
398 1269 535 1304 ἁμαρτίας
551 1269 639 1305 ήμῶν,
658 1269 732 1300 ὅπως
748 1270 839 1304 ἡμεῖς,
857 1270 929 1296 ἀνει-

143 1314 258 1350 ληφότας
284 1314 366 1341 αὑτοῦ
386 1314 420 1341 τὰ
442 1315 564 1351 ἡμέτερα
579 1315 787 1351 ἁμπλακήματα
800 1336 807 1346 ,
828 1315 874 1341 καὶ
897 1315 931 1341 τὰ

142 1360 193 1396 τῆς
203 1361 339 1397 ἡμετέρας
362 1363 460 1392 κακίας
483 1360 638 1396 τραύματα,
659 1361 698 1396 τῷ
718 1360 830 1396 μώλωπι
848 1361 928 1388 αὐτοῦ

144 1406 272 1442 ίαϐὦμεν.
289 1407 346 1433 Καὶ
365 1406 400 1433 τὰ
418 1406 468 1442 μὲν
483 1407 557 1433 αἴτια
572 1404 608 1433 ὧν
628 1408 691 1443 παρ’
706 1406 858 1442 ἀνθρώποις
871 1407 930 1433 πεί-

143 1460 221 1478 σεται
235 1454 249 1478 ό
266 1452 467 1488 ἀναμάρτητος,
479 1452 566 1479 ταῦτα
577 1451 621 1488 ἦν.
638 1453 770 1480 Ἰουδαίων
780 1453 809 1479 δὲ
818 1454 871 1480 τῶν
884 1454 929 1480 τὸν

141 1499 257 1526 θάνατον
273 1499 348 1534 αὐτῷ
366 1500 612 1535 συσκευασαμένων
632 1500 692 1527 οὐδὲ
721 1500 896 1536 ὑπειδόμενος
914 1502 928 1528 ὁ

141 1544 295 1579 θαυμάσιος
307 1545 458 1580 προφήτης,
470 1545 617 1580 διαρρήδην
630 1545 783 1580 ἀπελέγχει,
795 1546 841 1572 καὶ
853 1546 930 1573 τοῦτο

144 1593 276 1625 ἀντικρυς
306 1590 466 1625 σχετλιάζων
489 1590 536 1616 καὶ
554 1590 654 1624 λέγων·
676 1600 685 1616 ι
707 1591 772 1624 Ἀπὸ
792 1591 846 1617 τῶν
869 1592 930 1618 ἀνο-

148 1634 221 1669 μιῶν
237 1634 281 1660 τοῦ
308 1635 370 1661 λαοῦ
386 1644 435 1670 μου
462 1635 531 1670 ἤχθη
557 1635 596 1666 εἰς
613 1635 736 1663 θάνατον.
762 1646 771 1662 ι
793 1635 849 1663 Εἶτ’
869 1638 930 1664 ἐπεὶ

146 1681 326 1716 παραχρῆμα,
341 1682 387 1708 καὶ
403 1681 453 1708 οὐκ
466 1682 506 1713 είς
523 1681 630 1717 μακρὰν
643 1682 712 1717 μετά
726 1683 775 1718 τὴν
795 1683 865 1710 κατὰ
881 1683 929 1710 τοῦ

143 1727 264 1761 Χριστοῦ
277 1727 377 1762 τόλμαν
388 1729 401 1754 ὁ
415 1727 549 1763 παντελὴς
564 1729 662 1760 αὐτοὺς
675 1728 806 1764 μετῆλθεν
820 1729 930 1764 ὄλεθρος

143 1772 371 1807 πολιορκηθέντας
407 1774 458 1800 ὑπὸ
483 1774 643 1809 Ῥωμαίων,
666 1775 726 1800 οὐδὲ
750 1774 827 1801 τοῦτο
848 1784 929 1811 παρι-

139 1818 206 1849 δὼν,
216 1818 335 1852 ὲπιλέγει
344 1827 351 1833 ·
364 1828 373 1843 ι
385 1819 438 1845 Καὶ
451 1818 529 1846 δώσω
538 1820 601 1850 τοὺς
607 1821 741 1855 πονηροὺς
752 1821 811 1847 ἀντὶ
821 1820 870 1855 τῆς
881 1830 929 1848 τοι-

139 1865 196 1899 φῆς
209 1864 301 1896 αὐτοῦ,
323 1865 370 1890 καὶ
380 1865 441 1896 τοὺς
458 1864 601 1896 πλουσίους
608 1866 669 1892 ἀντὶ
682 1865 796 1893 θανάτου
809 1866 901 1893 αὑτοῦ.
916 1877 925 1892 ι

143 1910 244 1945 Ἤρκει
266 1910 316 1945 μὲν
343 1908 389 1937 οὖν
404 1911 450 1937 ἐπὶ
479 1911 583 1943 τούτοις
594 1912 744 1948 ἐπιγράψαι
760 1913 809 1948 τὴν
823 1921 929 1949 προφη-

139 1955 228 1988 τείαν,
243 1956 267 1982 εἰ
283 1956 364 1991 μηδὲν
375 1965 401 1982 τι
426 1956 505 1983 πλέον
522 1956 631 1983 ἔσεσθαι
648 1958 717 1993 μετὰ
731 1958 780 1993 τὴν
798 1959 845 1985 τοῦ
862 1959 929 1994 Χρι-

140 2002 206 2029 στοῦ
223 2002 349 2038 τελευτὴν
366 2002 454 2038 ἐώρα·
471 2004 532 2030 ἐπεὶ
550 2003 577 2030 δὲ
589 2004 651 2031 ὅσον
661 2004 736 2031 οὔπω
751 2004 846 2041 ἔμελλε
861 2006 929 2041 μετὰ

139 2047 191 2083 τξν
218 2047 354 2083 τελευτὴν,
379 2049 395 2083 ἢ
414 2049 482 2084 μετὰ
508 2050 556 2085 τὴν
574 2050 664 2085 ταφὴν
689 2050 857 2078 παλινοστεῑν
881 2052 928 2078 καὶ

140 2093 281 2125 ἀνασιοῦν,
302 2093 342 2120 ἔτι
369 2095 433 2130 περὶ
462 2094 544 2121 αὐτοῦ
563 2095 710 2122 καὶταῦτα
739 2096 926 2132 προστίθησιν.

141 2139 207 2173 ἑξῆς
228 2138 374 2173 ἐπιλέγων·
395 2148 404 2164 ι
430 2141 485 2166 Καὶ
513 2140 614 2176 Κύριος
639 2140 762 2175 βούλεται
781 2141 927 2178 καθαρίσαι

943 1519 965 1548 C

983 912 1093 939 guorem
1115 906 1289 937 contemptus
1311 907 1370 935 est,
1394 906 1420 928 et
1437 909 1492 927 non
1508 902 1686 934 computatus
1701 897 1734 924 “.
1751 907 1760 922 ι

983 950 1051 983 Quid
1075 949 1108 977 ad
1129 950 1186 976 haec
1206 949 1288 984 igitur
1310 947 1458 982 superest?
1476 946 1543 973 Nam
1565 953 1627 972 cum
1649 945 1721 971 illius
1737 948 1764 970 et

983 998 1082 1024 tribum
1093 1017 1099 1029 ,
1115 1001 1141 1023 et
1155 1004 1256 1032 genus.
1269 1000 1295 1023 et
1311 996 1420 1023 modum
1434 994 1565 1022 nascendi
1579 1014 1587 1025 ,
1601 997 1627 1020 et
1643 993 1762 1028 Virginis

982 1043 1144 1070 miraculum
1155 1063 1163 1074 ,
1178 1046 1205 1070 et
1223 1043 1285 1069 vitae
1301 1049 1402 1068 morem
1427 1041 1618 1076 praedixerint.
1639 1040 1763 1074 sequitur

982 1088 1110 1123 deinceps
1124 1108 1131 1119 ,
1149 1091 1180 1114 ut
1195 1095 1229 1114 ne
1243 1090 1358 1114 mortem
1372 1086 1483 1121 quidem
1502 1085 1643 1120 ejustaciti
1656 1089 1765 1120 prmter-

981 1133 1071 1160 ierint.
1092 1133 1144 1161 Sed
1169 1133 1232 1168 quid
1247 1132 1354 1160 tandem
1369 1132 1444 1158 canit
1456 1132 1537 1158 etiam
1549 1131 1582 1158 de
1596 1132 1646 1158 liae
1661 1130 1763 1157 Isaias?

984 1190 993 1205 ‹
1009 1180 1113 1212 Homo,
1130 1180 1236 1215 inquit,
1252 1187 1314 1206 cum
1331 1180 1358 1206 in
1373 1179 1451 1213 plaga
1466 1182 1555 1210 esset,
1579 1178 1668 1205 sciens
1693 1177 1763 1204 ferre

981 1227 1138 1262 languorem
1149 1246 1156 1257 .
1178 1230 1349 1260 contemptus
1360 1230 1402 1253 est
1413 1230 1439 1252 et
1451 1232 1504 1251 non
1516 1226 1687 1258 computatus
1700 1232 1707 1250 :
1718 1223 1763 1250 hie

980 1277 1091 1308 peccata
1107 1276 1199 1300 nostra
1216 1272 1285 1304 fert,
1308 1275 1335 1299 et
1355 1280 1404 1306 pro
1421 1271 1498 1298 nobis
1512 1270 1594 1298 estin
1612 1269 1720 1300 dolore.
1737 1272 1764 1296 et

981 1327 1030 1347 nos
1044 1319 1260 1346 existimavimus
1275 1326 1337 1345 eum
1352 1326 1413 1345 esse
1426 1318 1451 1344 iu
1467 1317 1559 1343 labore
1572 1336 1580 1347 ,
1593 1319 1619 1342 et
1631 1316 1657 1342 in
1673 1315 1758 1350 plaga.

979 1369 1007 1392 et
1025 1365 1052 1391 in
1069 1364 1212 1391 alllictione
1225 1373 1231 1390 :
1246 1364 1303 1397 ipse
1317 1367 1407 1390 autem
1423 1363 1583 1389 vulneratus
1597 1364 1639 1389 est
1654 1365 1764 1396 propter

979 1415 1092 1445 peccata
1104 1413 1197 1436 nostra
1207 1429 1214 1441 ,
1227 1413 1255 1436 et
1269 1409 1421 1436 inﬁrmatus
1431 1412 1472 1435 est
1484 1411 1595 1442 propter
1606 1407 1764 1441 iniquitates

979 1460 1098 1483 nostras.
1108 1455 1237 1482 Doctrina
1247 1454 1322 1490 pacis
1331 1458 1431 1481 nostrze
1440 1461 1522 1488 super
1530 1460 1603 1484 eum,
1614 1452 1698 1479 livore
1704 1451 1764 1485 ejus

980 1509 1031 1529 nos
1045 1501 1133 1529 sanati
1146 1508 1251 1528 sumus.
1266 1499 1367 1527 Omnes
1380 1504 1508 1533 tanquam
1521 1505 1586 1524 oves
1599 1497 1761 1527 erravimus,

981 1552 1007 1575 et
1016 1547 1148 1575 Dominus
1156 1546 1268 1573 tradidit
1276 1553 1337 1573 eum
1345 1546 1462 1580 peccatis
1471 1544 1573 1571 nostris
1583 1553 1589 1571 :
1599 1549 1624 1570 et
1633 1543 1691 1577 ipse
1701 1549 1762 1570 eum

981 1597 1135 1623 vexaretur,
1150 1600 1203 1619 non
1216 1593 1352 1627 aperiebat
1364 1599 1395 1619 os
1406 1598 1496 1619 suum.
1511 1589 1593 1623 Quasi
1605 1590 1663 1616 ovis
1674 1589 1706 1616 ad
1717 1597 1762 1617 oc—

981 1638 1112 1665 cisionem
1127 1633 1227 1664 ductus
1238 1641 1290 1669 est.
1303 1640 1330 1664 et
1344 1637 1414 1664 sicut
1426 1643 1512 1671 agnus
1526 1642 1618 1662 coram
1633 1635 1763 1661 tondente

980 1691 1034 1710 non
1051 1684 1157 1718 aperuit
1171 1690 1202 1710 os
1213 1692 1219 1709 :
1230 1683 1432 1718 generationem
1451 1681 1511 1716 ejus
1527 1681 1589 1715 quis
1606 1680 1765 1707 enarrabit?

980 1730 1108 1764 quoniam
1125 1730 1231 1757 tollitur
1251 1730 1284 1756 de
1302 1733 1372 1756 terra
1393 1729 1447 1755 vita
1463 1727 1522 1762 ejus
1536 1727 1569 1760 ⁸⁷,
1588 1737 1596 1753 ι
1610 1732 1637 1754 et
1648 1727 1762 1761 reliqua.

980 1775 1046 1802 Nam
1067 1775 1110 1802 his
1122 1775 1211 1802 verbis
1234 1775 1368 1809 signiﬁcat
1380 1774 1517 1801 Christum
1533 1773 1620 1808 ipsum
1635 1773 1743 1807 quidem
1757 1793 1764 1805 ,

979 1821 1104 1856 quamvis
1112 1821 1146 1848 ab
1154 1821 1227 1847 omni
1235 1824 1346 1855 peccato
1355 1820 1485 1852 alienum,
1498 1824 1586 1846 tamen
1597 1823 1707 1854 peccata
1717 1818 1766 1845 ho-

979 1866 1082 1892 minum
1091 1874 1141 1901 pro
1153 1865 1220 1900 ipsis
1232 1865 1388 1892 hominibus
1397 1865 1423 1891 in
1434 1865 1552 1900 seipsum
1561 1868 1763 1899 suscepturum.

979 1912 1035 1947 99
1049 1912 1182 1944 Quocirca
1197 1912 1278 1939 etiam
1293 1919 1324 1938 ea
1340 1911 1468 1946 patietur,
1484 1918 1545 1945 qua:
1566 1912 1611 1945 qui
1636 1918 1765 1945 peccave-

978 1958 1036 1985 riut
1050 1957 1106 1991 pati
1121 1957 1219 1989 solent,
1235 1961 1262 1984 et
1284 1964 1333 1992 pro
1357 1956 1437 1983 nobis
1462 1956 1576 1986 dolebit.
1600 1964 1655 1983 non
1674 1961 1763 1982 autem

980 2012 1029 2039 pro
1043 2004 1144 2039 seipse.
1159 2003 1235 2036 Quod
1251 2003 1274 2030 si
1287 2002 1477 2030 vulnerabitur
1486 2007 1513 2030 et
1524 2002 1614 2030 verbis
1624 2002 1766 2037 probrosis

981 2051 1111 2084 ferietur,
1138 2050 1190 2077 hoc
1211 2049 1274 2077 item
1302 2053 1459 2076 nostrorum
1483 2052 1654 2083 peccatorum
1682 2056 1765 2076 causa

981 2098 1026 2125 ﬁet
1041 2106 1047 2124 :
1064 2104 1127 2124 nam
1144 2095 1268 2122 inﬁrmus
1283 2102 1391 2130 quoque
1407 2094 1496 2122 factus
1513 2092 1559 2122 'est
1574 2099 1684 2129 propter
1704 2103 1767 2130 pec-

981 2148 1042 2175 cata
1056 2149 1160 2173 nostra.
1175 2146 1204 2168 ut
1226 2149 1276 2168 nos
1288 2140 1425 2171 videlicet,
1441 2148 1502 2167 eum
1527 2140 1572 2167 ille
1591 2141 1689 2168 delicta
1717 2149 1766 2167 un-

139 2185 222 2211 αὖτδν
235 2185 283 2219 τῆς
296 2185 410 2221 πληγῆς.
432 2185 493 2212 Ἐὰν
504 2186 571 2212 δῶτε
588 2187 650 2222 περὶ
663 2187 808 2222 ἁμαρτίας,
825 2189 841 2223 ὴ
853 2188 925 2224 ψυχὴ

981 2194 1047 2221 stra,
1064 2193 1218 2222 nostraeque
1240 2186 1351 2213 malitiae
1367 2186 1480 2213 vulnera
1499 2186 1690 2222 assumpserit,
1706 2186 1766 2221 ejus

140 2231 218 2267 ὑμῶν
233 2232 326 2266 δψεται
344 2232 453 2267 σπέρμα
478 2232 623 2268 μακρόϐιον
635 2241 641 2247 ·
665 2234 711 2260 καὶ
728 2233 850 2269 βούλεται
868 2235 926 2262 Κύ-

143 2284 199 2311 ριος
214 2276 322 2311 ἀφελεῖν
336 2277 389 2303 ἀπὸ
402 2277 449 2303 τοῦ
466 2278 546 2304 πόνου
557 2278 607 2313 τῆς
624 2278 714 2314 ψυχῆς
729 2280 821 2311 αὐτοῦ,
839 2281 924 2314 δεῖξαι

139 2321 214 2357 αὒτῷ
228 2322 294 2357 φῶς.
313 2332 323 2348 ›
346 2322 490 2358 Ἀνώτερον
502 2323 596 2355 εἰπὼν,
610 2333 619 2349 ί
633 2324 774 2360 ἄνθρωπος
791 2327 819 2352 ὲν
834 2326 924 2363 πληγῇ

140 2368 188 2400 ὢν,
210 2370 255 2395 καὶ
273 2368 351 2400 εἰδὼς
367 2369 460 2405 φέρειν
486 2370 620 2404 μαλακίαν
643 2380 651 2396 ι
668 2370 716 2397 νῦν
734 2371 802 2406 μετὰ
820 2373 865 2399 τὸν
878 2372 926 2399 θά-

139 2423 217 2441 νατον
235 2415 316 2441 αὑτοῦ
333 2416 380 2442 καὶ
394 2416 443 2452 τὴν
459 2416 556 2452 ταφὴν,
575 2426 584 2442 ι
599 2417 709 2453 Κύριος,
723 2428 731 2443 ι
746 2419 822 2454 φησὶ,
842 2429 850 2444 ι
864 2418 926 2454 βού-

139 2462 216 2489 λεται
232 2461 378 2497 καθαρίσαι
387 2462 467 2488 αὑτὸν
477 2462 526 2497 τῆς
540 2462 657 2498 πληγῆς.
671 2473 679 2489 ι
694 2464 747 2490 Καὶ
758 2464 816 2496 πῶς
827 2464 902 2492 ἔσται
914 2474 923 2498 ς

142 2517 153 2533 ο
170 2507 235 2534 Ἐὰν
247 2507 325 2538 δῶτε,
344 2517 354 2534 ι
369 2507 445 2542 φησὶ,
464 2517 473 2533 ε
490 2509 553 2544 περὶ
563 2508 709 2544 ἁμαρτίας,
731 2510 747 2544 ἡ
765 2509 836 2545 ψυχὴ
848 2510 925 2546 ὑμῶν

138 2554 233 2589 εψεται
246 2553 354 2589 σπέρμα
370 2553 516 2590 μακρόϐιον
526 2563 532 2569 ·
556 2564 565 2580 ι
578 2555 608 2581 οὐ
625 2555 690 2581 πᾶσι
706 2553 760 2591 γὰρ
776 2557 879 2590 ἐφεῖται
894 2556 924 2583 τὸ

139 2599 287 2635 μακρόϐιον
302 2599 348 2625 τοῦ
374 2599 492 2636 Χριστοῦ
518 2601 626 2636 σπέρμα
647 2601 770 2632 συνιδεῖν,
794 2602 809 2637 ἢ
836 2602 926 2637 μόνοις

138 2648 195 2677 τοῖς
204 2645 480 2682 ἐξομολογησαμένοις
501 2646 595 2673 καὶτὰ
612 2646 686 2681 δῶρα
699 2647 733 2673 τὰ
750 2647 819 2683 ὑπὲρ
835 2648 925 2683 ἁμαρ-

137 2693 204 2719 τιῶν
216 2692 382 2728 προσάγουσι
392 2692 431 2727 τῷ
447 2691 516 2727 Θεῷ.
533 2692 630 2719 Μόνων
642 2693 695 2729 γὰρ
710 2693 810 2720 τούτων
823 2694 839 2728 ή
852 2693 924 2730 ψυχὴ

138 2739 233 2774 5ψεται
259 2738 368 2774 σπέρμα
392 2738 538 2774 μακρόϐιον
556 2738 586 2765 τὸ
603 2738 647 2765 τοῦ
662 2739 789 2775 Χριστοῦ,
804 2740 862 2775 ἤτοι
876 2740 924 2775 τὴν

172 2829 255 2856 “lsa.
276 2836 321 2858 ιἰι,
338 2827 377 2855 14.
417 2829 439 2843 ⁸³
456 2828 507 2855 lsa.
524 2836 583 2860 Lm.
596 2829 622 2856 ἓ.
664 2829 685 2848 ³⁸
698 2830 763 2858 ibid.
792 2831 850 2858 ‘24.
890 2827 929 2856 "i

983 2828 1060 2856 ,4-8.
1099 2827 1121 2842 ⁸⁵³
1149 2828 1213 2856 ibid.
1228 2828 1254 2855 8.

981 2236 1066 2262 livore
1079 2241 1207 2261 sanentur
1222 2242 1228 2259 :
1246 2237 1273 2260 et
1288 2240 1382 2259 eorum
1398 2232 1506 2267 quidem
1528 2240 1589 2267 quae
1608 2233 1653 2260 ille
1671 2233 1765 2260 insons

980 2282 1013 2308 ab
1036 2280 1190 2307 hominibus
1213 2286 1346 2314 passurus
1364 2283 1433 2310 erat,
1458 2279 1499 2305 hae
1521 2279 1631 2306 fuerunt
1655 2287 1764 2306 causa:

978 2326 1088 2354 Judaeos
1102 2330 1191 2352 autem
1206 2325 1253 2359 qui
1269 2325 1305 2351 illi
1322 2328 1436 2351 mortem
1449 2325 1610 2356 attulerunt,
1627 2333 1762 2360 nusquam

979 2373 1082 2399 veritus
1113 2373 1241 2407 propheta
1271 2372 1424 2404 mirabilis,
1454 2372 1505 2398 hoc
1536 2371 1624 2405 ipsum
1657 2378 1765 2404 quoque

980 2418 1121 2452 perspicue
1144 2418 1292 2452 redarguit,
1313 2418 1390 2452 plane
1412 2418 1573 2452 deplorans,
1590 2423 1621 2443 ac
1646 2416 1740 2442 dicens
1757 2424 1763 2441 :

983 2472 993 2489 ι
1010 2463 1049 2490 Ex
1070 2463 1260 2498 iniquitatibus
1282 2464 1373 2498 populi
1389 2464 1440 2491 mei
1462 2463 1560 2490 ductus
1576 2466 1618 2489 est
1638 2461 1670 2489 ad
1687 2468 1762 2487 mor-

978 2512 1032 2536 tem
1043 2508 1075 2534 ‘3.
1099 2517 1109 2534 ι
1134 2507 1237 2536 Deinde
1261 2515 1336 2541 vero,
1354 2510 1483 2544 quoniam
1511 2509 1576 2541 cito,
1605 2517 1692 2543 neque
1725 2510 1761 2537 ita

979 2554 1065 2581 multo
1079 2557 1141 2589 post
1160 2553 1282 2581 nefarios
1302 2554 1434 2582 adversus
1446 2554 1585 2582 Christum
1607 2563 1701 2587 ausus,
1715 2563 1762 2583 cx-

978 2604 1082 2629 tremus
1097 2600 1130 2627 ad
1146 2600 1208 2628 illos
1224 2608 1255 2628 ex
1278 2600 1421 2628 obsidione
1437 2600 1621 2627 Romanorum
1634 2601 1764 2630 interitus

977 2650 1037 2673 erat
1051 2649 1193 2678 venturus,
1206 2654 1240 2673 ne
1254 2646 1306 2673 hoc
1320 2645 1428 2680 quidem
1445 2646 1565 2681 preterit
1579 2646 1697 2679 silentio,
1715 2647 1763 2674 Sed

976 2691 1114 2727 adiungit:
1128 2701 1137 2717 ι
1149 2690 1181 2718 Et
1191 2691 1261 2718 dabo
1272 2692 1419 2719 sceleratos
1430 2699 1479 2726 pro
1493 2693 1632 2727 sepultura
1646 2693 1706 2729 ejus
1718 2713 1725 2725 ,
1739 2699 1763 2720 et

977 2738 1075 2765 divites
1089 2745 1139 2773 pro
1155 2741 1242 2765 morte
1258 2738 1318 2773 ejus
1328 2737 1350 2753 δ’
1367 2747 1373 2764 :
1396 2746 1405 2762 ι
1419 2741 1446 2764 et
1465 2741 1571 2773 poterat
1587 2739 1695 2774 quidem
1718 2739 1760 2766 his

1295 2828 1315 2844 "‘
1328 2827 1392 2855 ibid.
1406 2828 1432 2855 3.
