3914 6198
397 189 504 246 185

1062 185 1330 244 EUSEBll
1366 183 1841 241 CESABIENSIS
1877 183 2025 241 OPP.
2069 183 2251 240 PARS
2285 185 2351 240 ll.
2391 213 2461 226 —
2493 183 2990 242 APOLOGETICA.

3508 187 3612 244 l8!

396 301 736 374 prophetiam
773 299 1098 366 terminare,
1143 301 1191 355 si
1237 297 1370 352 nihil
1415 298 1648 368 amplius
1704 298 1944 354 futurum

2056 296 2260 352 αἰώνιον
2317 298 2460 370 ζωήν
2501 298 2686 363 αὑτοῦ,
2717 301 2814 372 τήν
2853 299 2988 371 μετά
3024 300 3114 352 τὸν
3160 301 3404 364 θάνατον,
3447 303 3480 373 ἢ
3520 304 3613 356 τδν

399 404 522 466 post
549 395 749 450 Christi
802 401 1032 447 mortem
1081 391 1329 457 vidisset,
1371 391 1465 447 sed
1494 391 1772 463 quoniam,
1802 390 1950 446 brevi

400 502 552 541 mora
590 485 895 555 interjecta,
928 491 1046 538 erat
1081 499 1111 538 a
1147 492 1323 540 morte
1350 484 1464 539 sive
1489 499 1520 536 a
1559 483 1839 552 sepultura
1867 497 1950 538 re-

395 579 747 650 migraturus.
783 583 946 646 atque
1001 577 1057 630 in
1109 577 1276 634 vitam
1332 575 1721 636 restituendus,
1754 573 1821 628 de
1851 573 1952 627 hac

395 683 611 738 quoque
643 681 702 722 re
744 665 1001 736 deinceps
1056 667 1169 720 haec
1229 666 1396 732 addit,
1438 665 1519 720 sic
1552 664 1739 721 dicens
1776 681 1789 717 :
1831 681 1850 714 ι
1887 661 1952 716 Ει

395 757 656 812 Dominus
695 758 808 812 vult
847 772 1076 827 purgare
1109 772 1230 812 eum
1273 772 1302 810 a
1333 757 1485 828 plaga
1526 756 1572 811 si
1605 756 1856 820 traditus,
1882 756 1953 809 sit

396 865 494 920 pro
512 856 754 919 peccato.
779 849 970 905 Anima
982 857 1162 905 vestra
1186 850 1386 905 videbit
1407 865 1589 905 semen
1612 850 1909 919 long;evum
1934 867 1948 903 :

393 950 448 996 et
479 941 594 994 vult
647 940 906 996 Dominus
939 941 1156 997 auferre
1207 957 1236 995 a
1259 941 1443 994 labore
1491 940 1687 995 animm
1724 940 1864 1010 ejus,
1895 949 1954 994 ut

395 1032 650 1087 ostendat
679 1034 729 1087 ei
762 1034 935 1088 lucem
954 1032 1020 1086 '°.
1047 1052 1065 1084 ι
1101 1030 1202 1098 Qui
1235 1031 1483 1102 superius
1510 1031 1648 1090 dixit
1685 1049 1740 1085 ιι
1779 1029 1954 1085 Homo

403 1125 460 1178 in
490 1125 642 1195 plaga
676 1127 1028 1189 constitutus,
1066 1145 1084 1177 ι
1120 1135 1173 1180 et
1199 1144 1217 1176 ι
1254 1126 1344 1194 qui
1369 1123 1520 1178 novit
1550 1121 1691 1178 ferre
1727 1123 1954 1193 languo-

397 1231 533 1278 rem,
593 1235 611 1266 υ
661 1231 806 1269 nunc
851 1223 968 1285 post
1011 1222 1237 1270 mortem
1297 1215 1418 1284 ejus
1477 1222 1530 1270 et
1575 1215 1947 1284 sepulturam:

403 1322 423 1355 ι
451 1303 734 1368 Dominus,
765 1305 962 1375 inquit,
1004 1305 1116 1358 vult
1140 1319 1373 1374 purgare
1399 1319 1522 1358 eum
1554 1318 1584 1356 a
1617 1305 1795 1374 plaga,
1839 1321 1857 1354 ι
1898 1310 1954 1358 et

400 1395 495 1463 qui
531 1393 634 1446 hoc
671 1394 794 1448 lict?
839 1412 857 1445 ι
897 1393 942 1450 si
967 1393 1220 1456 traditus,
1253 1393 1451 1464 inquit,
1483 1392 1646 1448 fuerit
1689 1409 1788 1464 pro
1826 1408 1952 1463 pec-

394 1491 538 1548 cato,
589 1484 770 1538 anima
815 1492 993 1547 vestra
1053 1484 1252 1539 videbit
1303 1501 1488 1541 semen
1549 1485 1890 1555 longaevum;
1927 1503 1946 1535 ι

395 1591 503 1630 non
539 1577 685 1631 enim
713 1577 966 1633 omnibus
998 1591 1318 1632 concessum
1349 1585 1434 1634 est
1464 1579 1762 1649 longaevum
1793 1579 1952 1635 Chri-

2051 389 2172 442 καθ’
2208 390 2336 460 ὅλης
2357 390 2457 461 τῆς
2491 392 2810 463 οἰκουμένης
2849 393 3216 462 ἐπισπαρέντα
3253 393 3417 446 αὑτοῦ
3456 395 3613 463 λόγον

2055 484 2348 556 μακρόϐιον
2404 485 2678 556 ἐσόμενον,
2733 487 2826 538 καὶ
2868 488 2946 549 εἰς
2996 485 3056 538 τὸ
3101 486 3188 538 ἀεὶ
3231 486 3608 558 διαρκέσοντα.

2052 573 2220 627 Πάλιν
2273 571 2540 646 ἀνώτερον
2585 574 2774 640 εἰπὼν,
2815 595 2832 625 ι
2869 576 2978 629 Καὶ
3037 578 3198 646 ἡμεῖς
3249 575 3612 648 ἐλογισάμεθα

2051 667 2210 720 αὐτὸν
2232 662 2366 720 εἶναι
2397 668 2454 720 ἐν
2485 666 2648 738 πόνῳ,
2689 687 2707 719 ›
2732 665 2825 720 νῦν
2864 667 3000 736 μετά
3038 667 3135 736 τὴν
3162 669 3374 738 σφαγὴν
3404 671 3496 722 καὶ
3516 671 3611 724 τὸν

2052 758 2276 811 θάνατον
2316 757 2499 819 αὑτοῦ,
2541 756 2701 827 φησίν
2722 774 2735 786 ·
2777 777 2794 808 ι
2831 757 2938 809 Καὶ
2972 756 3213 826 βούλεται
3247 755 3446 828 Κύριος
3474 760 3612 826 ἀφε-

2051 847 2162 901 λεῖν
2191 847 2300 902 ἀπὸ
2341 847 2435 901 τοῦ
2483 848 2644 900 πόνου
2688 847 2788 917 τῆς
2817 845 2996 918 ψυχῆς
3045 845 3228 912 αὐτοῦ,
3257 846 3424 914 δεῖξαι
3464 848 3613 920 αὐτῷ

2053 937 2184 1006 φῶς.
2221 957 2238 989 ι
2280 939 2440 992 Ἐπεὶ·
2475 939 2653 991 τοίνυν
2683 937 2998 1008 βεϐούληται
3036 937 3255 1010 Κύριος,
3283 941 3310 991 6
3342 939 3447 992 τῶν
3474 939 3613 994 ὅλων

2051 1027 2180 1092 Θεὸς
2213 1029 2505 1100 καθαρίσαι
2551 1029 2710 1082 αὐτὸν
2736 1029 2834 1099 τῆς
2868 1028 3096 1098 πληγῆς,
3145 1029 3236 1082 καὶ
3271 1029 3441 1094 δεῖξαι
3465 1031 3615 1102 αὐτῷ

2052 1119 2186 1189 φῶς,
2215 1119 2428 1183 παντως
2459 1137 2558 1172 που
2585 1117 2877 1190 βουληθεὶς,
2897 1119 3149 1191 πράξειεν
3171 1119 3236 1173 ἂν
3257 1121 3284 1173 6
3317 1120 3612 1192 ἠϐουλήθη.

2051 1209 2214 1264 Οὐδὲν
2246 1211 2352 1283 γάρ
2400 1213 2548 1264 ἐστιν
2582 1210 2610 1262 ὃ
2644 1209 2717 1281 μὴ
2750 1209 2954 1277 γίνεται
2998 1204 3072 1263 ὧν
3127 1210 3410 1279 βούλεταιο
3461 1210 3620 1264 ἐϐου-

2051 1302 2188 1374 λήθη
2239 1301 2296 1354 δέ
2349 1299 2639 1371 καθαρίσαι
2696 1299 2856 1352 αὑτὸν
2913 1299 3005 1353 καὶ
3053 1299 3222 1366 δεῖξαι
3269 1300 3418 1371 αὐτῷ
3463 1301 3612 1369 φῶς·

2050 1395 2302 1464 ἐποίησεν
2344 1395 2450 1464 ἄρα
2482 1391 2655 1446 ταῦτα
2706 1408 2720 1421 '
2760 1391 2852 1445 καὶ
2873 1391 3171 1463 καθαρίσας
3218 1393 3377 1445 αὑτὸν
3416 1392 3618 1458 ἔδειξεν

2051 1486 2198 1557 αὐτῷ
2231 1486 2364 1555 φῶς.
2399 1485 2507 1538 Καὶ
2536 1485 2656 1538 ἐπεὶ
2677 1484 2958 1556 ἐϐουλήθη,
2982 1485 3076 1538 καὶ
3115 1483 3390 1554 βουληθεὶς
3425 1485 3617 1554 ἀφεῖλε

2051 1580 2140 1632 τὸν
2171 1579 2330 1632 πόνον
2372 1578 2470 1647 τῆς
2521 1576 2698 1647 ψυχῆς
2729 1576 2913 1640 αὐτοῦ,
2946 1578 3040 1630 καὶ
3069 1575 3263 1640 ἔδειξεν
3296 1577 3444 1647 αὐτῷ
3474 1578 3615 1646 φῶς,

396 1669 464 1723 sti
502 1683 684 1723 semen
721 1668 941 1731 intueri,
968 1668 1064 1723 sed
1105 1669 1171 1723 iis
1198 1671 1330 1725 solis
1362 1670 1454 1741 qui
1485 1671 1868 1736 confiteantur,
1896 1679 1950 1730 et

2056 1671 2270 1734 εἰκότως
2298 1673 2326 1724 6
2358 1671 2644 1742 Προφήτης
2673 1670 3044 1731 ἐπισυνάπτει,
3066 1668 3235 1737 λέγων
3254 1686 3266 1699 ο
3301 1688 3318 1720 ι
3346 1671 3443 1723 Διά
3457 1670 3620 1724 τοῦτο

394 1776 622 1815 munera
681 1761 909 1817 offerant
960 1760 1068 1816 Deo
1118 1778 1214 1830 pro
1265 1765 1517 1834 peccatis.
1575 1764 1779 1819 Horum
1809 1766 1953 1819 enim

394 1853 660 1905 duntaxat
707 1851 894 1905 anima
925 1851 1127 1907 videbit
1169 1869 1352 1908 semen
1401 1855 1698 1925 longaevum
1727 1855 1952 1919 Christi,

395 1943 498 1997 hoc
519 1951 623 2006 est,
651 1950 744 1996 aut
777 1952 1034 1998 aeternam
1076 1944 1238 1997 vitam
1269 1945 1388 2014 ejus
1418 1953 1540 2016 post
1577 1955 1828 2010 mortem,
1863 1953 1953 2000 aut

394 2033 641 2103 ejusdem
679 2033 902 2088 verbum
933 2050 1028 2104 per
1060 2043 1229 2089 totum
1261 2043 1530 2090 terrarum
1563 2037 1747 2092 orbem
1779 2037 1956 2093 disse-

395 2128 682 2188 minatum,
715 2124 859 2198 quod
893 2126 1192 2195 longaevum
1225 2127 1466 2180 futurum
1491 2137 1596 2191 est,
1636 2143 1956 2198 semperque

394 2217 739 2272 duraturum.
795 2217 1029 2282 Rursus,
1063 2221 1156 2289 qui
1215 2221 1465 2291 superius
1522 2221 1730 2276 dixerat
1769 2237 1784 2273 :
1829 2239 1847 2272 ι
1891 2221 1956 2274 Ει

394 2324 496 2364 nos
527 2311 837 2378 putavimus
881 2311 1029 2364 illum
1071 2327 1196 2366 esse
1236 2311 1290 2364 in
1322 2311 1543 2367 labore:
1591 2331 1610 2365 ι
1657 2328 1802 2367 nunc
1836 2322 1957 2382 post

396 2399 598 2456 caedem
651 2409 988 2472 mortemque
1016 2403 1155 2472 ejus,
1202 2401 1278 2456 ait
1311 2421 1324 2457 :
1363 2421 1382 2454 ι
1421 2403 1487 2457 Et
1532 2403 1647 2457 vult
1692 2403 1956 2460 Dominus

394 2492 612 2549 auferre
645 2510 675 2547 a
715 2495 900 2550 labore
931 2495 1124 2550 anima:
1171 2494 1310 2563 ejus,
1359 2505 1416 2548 ut
1466 2495 1720 2548 ostendat
1768 2497 1819 2548 ei
1869 2497 1953 2548 lu-

395 2597 534 2638 cem.
579 2604 599 2637 »
639 2583 907 2649 Quoniam
955 2585 1122 2654 igitur
1177 2584 1496 2639 deliberavit
1553 2583 1832 2645 Dominus,
1861 2585 1952 2656 qui

397 2671 542 2728 Deus
571 2683 654 2728 est
699 2675 941 2728 universi
978 2690 1210 2744 purgare
1235 2675 1384 2728 illum
1420 2691 1449 2728 a
1495 2675 1684 2745 plaga,
1719 2675 1875 2745 100
1903 2683 1956 2729 et

395 2767 683 2820 ostendere
707 2767 760 2819 in
794 2767 967 2820 lucem
999 2785 1012 2821 :
1047 2768 1356 2824 necessario
1383 2767 1588 2837 utique,
1623 2769 1717 2836 qui
1762 2769 1952 2832 voluit,

396 2859 449 2914 id
495 2857 650 2912 faciet
688 2858 833 2928 quod
889 2859 1077 2912 voluit.
1109 2857 1251 2913 Nihil
1295 2859 1440 2913 enim
1469 2866 1553 2934 est
1595 2874 1781 2914 eorum
1835 2876 1956 2930 qua:

395 2951 512 3006 vult
541 2949 687 3020 quod
713 2967 820 3004 non
857 2951 948 3004 fiat
983 2969 998 3005 :
1032 2951 1200 3005 voluit
1229 2959 1407 3005 autem
1439 2967 1666 3022 purgare
1701 2952 1872 3018 illum,
1903 2961 1956 3008 et

2053 1763 2215 1825 αὐτὸς
2258 1762 2651 1833 κληρονομήσει
2697 1760 2943 1824 πολλοὺς,
2986 1760 3215 1814 καὶτῶν
3248 1761 3481 1831 ίσχυρῶν
3520 1780 3621 1833 με-

2055 1857 2160 1927 ριεῖ
2193 1853 2382 1907 σκῦλα.
2426 1872 2444 1904 ι
2481 1852 2646 1906 Ἔνθα
2665 1851 2845 1905 λοιπὸν
2870 1852 2969 1923 ἥδη
3007 1851 3223 1923 καὶτῆς
3252 1853 3618 1924 κληρονομίας

2054 1944 2146 1997 τοῦ
2177 1943 2410 2014 Χριστοῦ
2436 1942 2794 2014 μέμνηταιτῷ
2806 1943 3039 2014 δευτέρῳ
3065 1942 3368 2012 συμφώνως
3395 1943 3616 2014 ψαλμῷ,

2051 2034 2117 2087 δι’
2138 2029 2196 2088 οῦ
2233 2034 2360 2105 περὶ
2406 2033 2506 2103 τῆς
2534 2033 2820 2104 ἐπιϐουλῆς
2862 2033 2962 2102 τῆς
3001 2034 3119 2088 κατ’
3155 2034 3316 2086 αὐτοῦ
3355 2052 3624 2088 συσκευα-

2056 2124 2274 2196 σθείσης
2306 2123 2563 2194 ὀνομαστὶ
2611 2123 2870 2186 θεσπίσας
2897 2126 2924 2176 6
2952 2123 3107 2191 λόγος
3157 2125 3214 2178 ἐν
3250 2124 3346 2194 τῷ,
3384 2145 3401 2176 ι
3435 2126 3619 2196 Παρέ-

2056 2231 2254 2283 στησαν
2296 2214 2344 2266 οἱ
2391 2213 2628 2283 βασιλεῖς
2681 2214 2776 2284 τῆς
2808 2215 2930 2283 γῆς,
2957 2215 3050 2267 καὶ
3085 2215 3134 2267 οἱ
3164 2213 3419 2284 ἄρχοντες
3454 2219 3622 2288 συνή-

2054 2303 2255 2375 χθησαν
2294 2306 2384 2357 ἐπὶ
2422 2305 2481 2357 τὸ
2509 2305 2638 2358 αὐτὸ
2681 2306 2818 2358 κατὰ
2857 2304 2951 2358 τοῦ
2982 2307 3187 2376 Κυρίου
3223 2307 3315 2360 καὶ
3357 2307 3493 2360 κατὰ
3520 2308 3617 2361 τοῦ

2054 2395 2290 2466 Χριστοῦ
2319 2395 2502 2458 αὐτοῦ,
2548 2395 2672 2466 ἑξῆς
2705 2395 2974 2465 ἐπιλέγειο
3016 2415 3034 2448 ι
3084 2398 3283 2469 Κύριος
3311 2394 3429 2450 εἷπε
3477 2399 3618 2470 πρὸς

2057 2487 2152 2556 μέ·
2184 2486 2308 2549 Υἱός
2361 2503 2460 2557 μου
2522 2482 2572 2540 εἴ
2625 2488 2711 2554 σὺ,
2759 2487 2868 2557 ἐγὼ
2916 2491 3151 2561 σήμερον
3185 2491 3483 2562 γεγέννηκά
3519 2509 3614 2544 σε·

2053 2576 2271 2647 αϊτησαι
2292 2578 2418 2649 παρ’
2442 2577 2594 2648 ἐμοῦ,
2618 2581 2711 2632 καὶ
2725 2579 2880 2634 δώσω
2899 2596 2978 2634 σοι
2997 2579 3121 2652 ἔθνη
3139 2582 3234 2654 την
3257 2582 3622 2654 κληρονομίαν

2055 2682 2170 2730 σου,
2204 2668 2297 2720 καὶ
2336 2669 2435 2738 τὴν
2475 2670 2800 2740 κατάσχεσίν
2845 2687 2935 2724 σου
2973 2673 3040 2726 τὰ
3069 2672 3278 2744 πέρατα
3305 2675 3402 2745 τῆς
3431 2676 3553 2744 γῆς.
3594 2695 3614 2727 ι

2055 2759 2238 2813 Ταῦτα
2269 2759 2313 2812 δ’
2343 2755 2434 2812 οὖν
2455 2761 2521 2813 τὰ
2549 2761 2672 2834 ἔθνη
2696 2763 2789 2814 καὶ
2806 2765 2834 2816 6
2862 2765 3143 2835 προφήτης
3173 2765 3390 2835 ᾐνίξατο
3411 2766 3580 2818 εἰπών
3601 2785 3614 2798 ·

2061 2871 2080 2903 ι
2101 2851 2199 2905 Διὰ
2209 2852 2364 2906 τοῦτο
2377 2853 2532 2918 αὐτὸς
2545 2853 2933 2928 κληρονομήσει
2946 2857 3189 2922 πολλούς·
3215 2877 3231 2908 ι
3249 2860 3340 2912 καὶ
3355 2858 3617 2927 ἐπιλέγει·

2061 2961 2079 2994 ι
2106 2943 2213 2996 Καὶ
2240 2943 2348 2997 τῶν
2386 2945 2620 3016 ἰσχυρῶν
2671 2949 2848 3017 μεριεῖ
2882 2947 3069 3002 σκῦλα.
3119 2968 3137 3000 ι
3171 2948 3289 3000 Τῶν
3327 2949 3434 3019 γὰρ
3467 2950 3624 3004 δυνά-

396 3043 680 3099 ostendere
711 3043 788 3097 illi
821 3045 1035 3108 lucem;
1065 3043 1191 3098 fecit
1225 3044 1388 3115 igitur
1420 3045 1562 3099 haec:
1593 3052 1646 3099 et
1679 3061 1802 3098 cum
1826 3061 1955 3116 pur-

2059 3055 2200 3109 μεων
2226 3039 2333 3091 τῶν
2367 3039 2775 3110 ἀντικειμένων,
2815 3040 2868 3093 αἳ
2901 3041 3066 3095 πάλαι
3093 3041 3197 3094 τῶν
3224 3041 3390 3094 ἐθνῶν
3425 3037 3618 3113 ἦρχον,

395 3135 606 3206 gaverit
636 3135 810 3199 illum,
835 3135 1072 3190 ostendit
1100 3136 1176 3190 illi
1224 3137 1398 3190 lucem
1425 3154 1438 3192 :
1467 3145 1520 3191 et
1554 3137 1813 3206 quoniam
1859 3152 1956 3192 vo-

397 3225 518 3290 luit,
560 3237 614 3281 et
643 3227 831 3282 volens
856 3227 1082 3282 abstulit
1116 3227 1354 3280 laborem
1387 3227 1454 3280 ab
1488 3227 1670 3280 anima
1702 3227 1868 3294 illius,
1901 3235 1955 3282 et

395 3319 634 3374 ostendit
681 3320 758 3372 illi
807 3319 981 3374 lucem
1013 3358 1028 3383 ,
1061 3318 1256 3372 merito
1281 3316 1552 3388 Propheta
1600 3318 1870 3389 sequitur,
1903 3327 1958 3373 et

397 3411 518 3466 ait:
559 3429 577 3462 ι
641 3409 868 3480 Propter
929 3410 1033 3465 hoc
1072 3411 1188 3480 ipse
1230 3409 1568 3464 hmreditabit
1624 3411 1859 3474 multos,
1903 3418 1958 3466 et

399 3498 620 3554 fortium
675 3499 880 3554 dividet
935 3500 1108 3569 spolia
1147 3500 1235 3554 δίε
1292 3518 1311 3551 ι
1349 3499 1436 3553 ubi
1483 3499 1649 3569 (quod
1688 3501 1956 3571 reliquum

400 3588 521 3662 fuit)
554 3589 666 3658 jam
704 3589 1036 3643 hereditatis
1071 3589 1232 3643 etiam
1269 3586 1472 3644 Christi
1505 3590 1835 3644 mentionem
1879 3590 1958 3643 fa-

399 3682 496 3744 cit,
533 3681 608 3735 illi
636 3681 843 3751 psalmo
871 3691 1236 3735 consentanea
1267 3680 1476 3742 dicens,
1503 3681 1558 3735 in
1587 3696 1696 3752 quo
1727 3681 1794 3736 de
1825 3681 1958 3735 insi-

399 3771 506 3828 diis
535 3773 796 3828 adversus
838 3772 988 3828 illum
1030 3774 1361 3828 constructis
1401 3773 1721 3827 nominatim
1752 3789 1957 3829 canens

398 3865 701 3930 oraculum,
750 3864 843 3918 ubi
893 3866 1008 3920 ait:
1047 3883 1066 3916 ι
1121 3861 1428 3920 Astiterunt
1476 3880 1630 3936 reges
1683 3874 1859 3926 terrm.
1904 3874 1959 3922 et

396 3957 674 4029 principes
696 3967 1066 4012 convenerunt
1098 3958 1153 4012 in
1182 3974 1349 4012 unum
1374 3957 1639 4012 adversus
1667 3957 1957 4014 Dominum

397 4058 452 4104 et
476 4049 736 4104 adversus
763 4047 1040 4103 Christum
1065 4049 1184 4117 ejus
1214 4049 1290 4115 ⁸²;
1334 4069 1351 4100 ι
1382 4049 1638 4118 deinceps
1669 4049 1912 4120 adjungit
1942 4067 1956 4104 :

404 4159 424 4193 ι
466 4140 729 4196 Dominus
761 4141 895 4198 dixit
917 4142 983 4196 ad
1019 4156 1125 4204 me,
1151 4140 1320 4195 Filius
1354 4156 1508 4195 meus
1535 4157 1596 4195 es
1620 4149 1700 4206 tu,
1734 4157 1834 4211 ego
1865 4143 1961 4194 ho-

398 4234 488 4290 die
509 4234 670 4303 genui
695 4241 746 4286 te
773 4252 786 4287 :
831 4233 1043 4302 postula
1083 4246 1112 4284 a
1135 4246 1239 4294 me,
1272 4241 1325 4286 et
1354 4231 1494 4286 dabo
1524 4233 1620 4286 tibi
1651 4243 1838 4304 gentes
1861 4232 1964 4286 hae-

398 4326 682 4381 reditatem
725 4331 896 4386 tuam,
941 4331 994 4378 et
1033 4324 1433 4393 possessionem
1486 4334 1632 4377 tuam
1697 4325 1960 4379 terminos

399 4416 639 4470 terrae".
678 4434 696 4466 ι
723 4413 832 4468 llas
859 4413 1024 4483 igitur
1060 4421 1268 4483 gentes,
1299 4413 1462 4468 etiam
1498 4414 1759 4484 propheta
1800 4415 1958 4469 intel-

400 4507 552 4570 lexit,
589 4522 712 4560 cum
745 4506 881 4560 dixit
912 4522 924 4556 :
962 4523 982 4558 ι
1033 4503 1259 4574 Propter
1295 4506 1398 4558 hoc
1450 4505 1566 4578 ipse
1621 4505 1962 4560 hmreditabit

397 4603 622 4661 mmtos,
647 4605 737 4653 pet
764 4597 1011 4667 adjungit
1047 4616 1060 4650 :
1094 4615 1112 4647 ι
1145 4595 1208 4650 Ει
1241 4595 1460 4652 fortium
1491 4595 1696 4651 dividet
1727 4599 1956 4666 spolia.»

402 4689 683 4761 Siquidem
715 4705 742 4742 a
780 4689 1142 4759 potestatibus
1181 4688 1491 4753 contrariis,
1521 4704 1640 4759 quae
1681 4689 1835 4758 prius
1881 4689 1966 4743 in-

400 4793 482 4839 ter
514 4791 701 4854 gentes
728 4781 1174 4845 dominabantur,
1208 4782 1296 4835 ubi
1333 4781 1608 4851 subjectas
1654 4783 1864 4835 animas
1897 4780 1965 4834 li-

397 4875 627 4940 beravit,
643 4883 753 4928 tum
782 4874 938 4944 quasi
965 4873 1136 4942 spolia
1164 4873 1410 4946 quaedam
1444 4872 1560 4928 suis
1592 4873 1775 4927 divisit
1800 4872 1967 4927 disci-

398 4968 564 5038 pulis.
595 4965 832 5022 Proinde
879 4965 1050 5020 Isaias
1099 4966 1173 5020 ait
1198 4966 1264 5019 de
1291 4965 1398 5020 illis
1429 4985 1443 5022 :
1480 4983 1499 5016 ι
1539 4964 1603 5018 Ει
1635 4965 1967 5020 laetabuntur

400 5074 586 5115 coram
617 5068 690 5122 te,
707 5059 849 5114 sicut
878 5059 971 5128 qui
999 5055 1246 5111 dividunt
1273 5058 1446 5127 spolia
1471 5060 1535 5112 ⁵⁵,
1579 5077 1598 5109 ι
1633 5056 1696 5110 Ει
1715 5055 1960 5112 Psalmo-

399 5166 522 5205 rum
579 5156 817 5205 auctor:
877 5167 897 5200 ι
968 5147 1250 5208 Dominus.
1282 5148 1478 5217 inquit,
1532 5146 1680 5202 dabit
1735 5148 1959 5203 verbum

398 5240 900 5313 evangelizantibus
939 5241 1140 5296 virtute
1190 5240 1357 5294 multa
1390 5258 1403 5294 :
1440 5255 1536 5294 rex
1569 5241 1832 5293 virtutqu
1872 5239 1958 5293 di-

399 5333 548 5398 lecti,
577 5333 777 5404 speciei
801 5333 999 5388 domus
1027 5331 1269 5387 dividere
1298 5331 1554 5401 spolia”.
1587 5350 1606 5382 ι
1637 5329 1828 5385 Merito
1857 5331 1960 5401 igi-

399 5434 489 5482 tur
509 5424 597 5480 hic
623 5427 839 5495 queque
870 5424 938 5481 de
984 5423 1203 5480 Christo
1253 5425 1375 5478 ait:
1422 5422 1650 5492 Propter
1697 5423 1801 5478 hoc
1847 5423 1963 5494 ipse

471 5581 516 5615 ⁸⁸
546 5580 649 5636 Isa.
681 5595 796 5646 Lm,
826 5581 912 5636 10.
987 5581 1029 5613 ³⁸
1063 5581 1196 5636 ibid.
1231 5581 1314 5637 l2.
1391 5580 1436 5611 "
1472 5578 1613 5635 Psal.
1644 5593 1703 5644 ll,
1725 5578 1779 5632 ἓ.
1856 5579 1901 5610 ⁵³
1934 5577 1956 5632 ἱ

2056 5618 2061 5631 .
2097 5576 2210 5638 7.8.
2287 5577 2331 5608 "
2360 5577 2463 5632 lsa.
2499 5591 2571 5640 Ix,
2605 5577 2655 5630 5.

2053 3129 2152 3192 τὰς
2182 3129 2521 3201 ὑποχειρίους
2544 3131 2839 3202 ῥυσάμενος
2855 3132 3050 3202 ψυχὰς,
3067 3127 3153 3185 οἷα
3179 3131 3240 3204 δή
3268 3149 3388 3186 τινα
3422 3133 3618 3197 σκῦλα,

2053 3224 2162 3284 τοῖς
2182 3220 2398 3285 οἰκείοις
2431 3220 2663 3292 διένειμε
2697 3222 2981 3292 μαθηταῖς.
3017 3225 3108 3276 Διό
3135 3241 3296 3295 φησιν
3331 3227 3359 3278 6
3393 3226 3620 3289 Ἡσαΐας

2055 3313 2182 3384 περὶ
2210 3314 2420 3367 αὐτῶνθ
2464 3333 2483 3364 ι
2521 3316 2626 3367 Καὶ
2669 3314 3136 3386 εὐφρανθήσονται
3163 3315 3391 3369 ἐνώπιόν
3432 3333 3526 3368 σου
3559 3317 3621 3369 ὃν

2054 3405 2253 3478 τρόπον
2303 3409 2349 3459 οἱ
2378 3404 2736 3478 διαιρούμενοι
2779 3406 2968 3462 σκῦλα.
3002 3427 3018 3458 ι
3056 3407 3164 3459 Καὶ
3205 3410 3233 3460 6
3278 3407 3577 3478 Ψαλμῳδός
3601 3425 3616 3438 ο

2063 3516 2081 3544 ι
2116 3499 2316 3570 Κύριος
2359 3497 2516 3550 δώσει
2558 3497 2708 3568 ῥῆμα
2759 3501 2868 3560 τοῖς
2913 3497 3412 3567 εὐαγγελιζομένοις
3455 3497 3618 3550 δυνά-

2061 3605 2151 3658 μει
2183 3588 2346 3658 πολλῇ
2368 3605 2380 3617 ·
2412 3591 2440 3642 6
2473 3587 2719 3657 βασιλεὺς
2750 3587 2858 3639 τῶν
2883 3587 3159 3658 δυνάμεων
3187 3587 3278 3640 τοῦ
3312 3585 3618 3656 ἀγαπητοῦ,

2057 3683 2122 3751 τῇ
2152 3680 2442 3752 ώραιότητι
2471 3678 2563 3732 τοῦ
2607 3681 2753 3732 οἴκου
2795 3679 3062 3734 διελέσθαι
3103 3681 3292 3734 σκῦλα.
3336 3701 3353 3732 ι
3383 3681 3620 3743 Εἰκότως

2058 3774 2342 3843 τοιγαροῦν
2391 3774 2485 3826 καὶ
2534 3772 2765 3826 ἐνταῦθα
2818 3775 2945 3846 περὶ
2988 3773 3078 3827 τοῦ
3139 3773 3374 3846 Χριστοῦ
3416 3789 3616 3845 φησιν·

2065 3883 2082 3915 ι
2121 3866 2219 3919 Διὰ
2259 3865 2411 3919 τοῦτο
2464 3867 2626 3928 αὐτὸς
2672 3867 3062 3937 κληρονομήσει
3107 3865 3353 3930 πολλοὺς,
3381 3866 3474 3920 καὶ
3511 3865 3620 3918 τῶν

2064 3957 2294 4028 ἰσχυρῶν
2346 3959 2522 4028 μεριεῖ
2551 3956 2743 4010 σκῦλα.
2776 3976 2793 4009 ι
2821 3958 2918 4011 Διὰ
2945 3962 3098 4011 ποῖον
3139 3959 3195 4011 δὲ
3237 3959 3412 4020 τοῦτο,
3459 3958 3621 4012 πάλιν

2060 4048 2186 4119 ἑξῆς
2214 4049 2474 4110 διδάσκει.
2509 4051 2702 4120 φήσας·
2741 4068 2759 4101 ι
2784 4050 2922 4102 Ἀνθ“
2953 4044 3026 4102 ῶν
3053 4049 3316 4121 παρεδόθη
3348 4053 3425 4114 είς
3453 4050 3624 4103 θάνα-

2059 4161 2148 4198 τον
2177 4144 2210 4214 ἡ
2237 4141 2380 4212 ψυχὴ
2407 4141 2591 4205 αὑτοῦ,
2628 4143 2722 4194 καὶ
2740 4144 2796 4194 ἐν
2826 4145 2936 4206 τοῖς
2966 4143 3184 4213 ἀνόμοις
3214 4141 3462 4212 ἐλογίσθη
3484 4160 3497 4172 ·
3527 4142 3621 4194 καὶ

2061 4235 2220 4298 αὐτὸς
2253 4233 2524 4305 ἁμαρτίας
2549 4233 2754 4288 πολλῶν
2775 4235 3038 4303 ἀνήνεγκε
3059 4251 3072 4263 ο
3097 4236 3190 4286 καὶ
3210 4233 3296 4286 δια
3324 4234 3422 4296 τὰς
3443 4235 3626 4306 ἀμαρ-

2061 4326 2181 4388 τίας
2221 4325 2398 4379 αὐτῶν
2458 4325 2748 4398 παρεδόθη.
2785 4345 2803 4376 ι
2852 4328 2995 4379 Ἀντὶ
3036 4325 3236 4380 τούτων
3262 4327 3370 4397 γὰρ
3401 4327 3625 4398 ἀμειϐό-

2067 4435 2224 4489 μενος
2279 4418 2438 4471 αὒτὸν
2467 4421 2495 4470 6
2527 4419 2714 4489 Πατὴρ
2760 4419 2856 4488 τῆς
2893 4419 3137 4488 ὑπακοῆς
3177 4419 3271 4472 καὶ
3302 4419 3397 4488 τῆς
3419 4419 3625 4490 ὑπομο-

2063 4509 2159 4578 νῆς
2179 4510 2356 4570 ἕνεκα,
2389 4508 2683 4580 δεδώρηται
2707 4509 2854 4578 αὑτῴ
2873 4509 2939 4562 τὰ
2966 4511 3275 4581 ἐγκείμενα.
3302 4511 3494 4578 Γέγονε
3515 4511 3626 4584 γὰρ

2064 4600 2298 4669 ὑπήκοος
2334 4599 2411 4670 τῷ
2441 4601 2613 4672 Πατρὶ
2656 4600 2816 4670 μέχρι
2843 4599 3071 4654 θανάτου
3091 4619 3104 4630 ·
3144 4601 3224 4654 διὸ
3249 4603 3341 4655 καὶ
3367 4602 3627 4673 κληρονο-

2064 4689 2226 4760 μήσει
2254 4688 2500 4751 πολλοὺς,
2522 4690 2614 4742 καὶ
2633 4689 2694 4742 οὺ
2731 4689 3015 4760 πρότερον,
3036 4689 3170 4743 ἀλλά
3201 4691 3338 4760 μετά
3351 4691 3412 4742 τὸ
3443 4708 3626 4762 παρα-

2058 4781 2274 4852 δοθῆναι
2300 4783 2379 4844 εἰς
2396 4780 2621 4835 θάνατον
2638 4781 2734 4852 τὴν
2750 4781 2926 4853 ψυχὴν
2961 4780 3149 4845 αὐτοῦ,
3185 4784 3278 4835 καὶ
3298 4784 3356 4835 ἐν
3379 4786 3492 4848 τοῖς
3510 4784 3632 4838 ἀνόο

2064 4890 2181 4944 μοις
2210 4872 2541 4943 λογισθῆναι,
2573 4863 2906 4936 θεσπίζεται.
2941 4873 3038 4926 Διά
3065 4872 3237 4926 ταῦτα
3270 4873 3377 4945 γὰρ
3405 4877 3626 4945 εἴρηται

2061 4967 2486 5038 κληρονομήσειν
2501 4965 2746 5027 πολλοὺς,
2773 4965 2868 5016 καὶ
2893 4964 3000 5017 τῶν
3021 4964 3258 5036 ἰσχυρῶν
3293 4966 3536 5036 μερίσειν
3556 4967 3629 5019 τὰ

2059 5058 2246 5114 σκῦλα.
2263 5056 2531 5128 Ἡγοῦμαι
2557 5057 2613 5110 δὲ
2637 5056 3022 5126 ἀναμφιλόγως
3049 5057 3148 5128 τὴν
3179 5060 3243 5111 ἐκ
3259 5057 3467 5128 νεκρῶν
3496 5057 3633 5111 ἀνά-

2059 5169 2246 5206 στασιν
2276 5150 2370 5205 τοῦ
2402 5149 2875 5222 προφητευομένου
2894 5149 2982 5203 διὰ
3011 5150 3216 5204 τούτων
3240 5149 3624 5220 παρίστασθαι.

2058 5244 2182 5308 Πῶς
2213 5244 2321 5315 γὰρ
2351 5241 2524 5304 ἄλλως
2551 5241 2829 5311 ἐπινοῆσαι
2861 5241 3078 5295 δυνατὸν
3113 5242 3187 5306 ὡς
3229 5241 3497 5314 πρόϐατον
3537 5241 3630 5294 ἐπὶ

2060 5331 2272 5403 σφαγὴν
2319 5331 2570 5402 ἀχθέντα,
2622 5331 2714 5385 καὶ
2767 5331 2875 5385 ἀπὸ
2920 5331 3028 5385 τῶν
3077 5331 3317 5402 ἀνομιῶν
3363 5329 3456 5386 τοῦ
3498 5332 3630 5384 ἰουη

2058 5421 2221 5475 δαίων
2251 5421 2382 5474 λαοῦ
2414 5421 2626 5492 θανάτῳ
2667 5421 3055 5494 παραδοθέντα,
3100 5425 3192 5475 καὶ
3233 5421 3366 5495 μετὰ
3413 5421 3632 5492 ἀνόμων

2730 5577 2774 5608 ³⁸
2797 5574 2942 5631 Psal.
2961 5590 3130 5638 uvu,
3170 5575 3255 5631 12.
