3930 6202
199 177 312 236 185

1091 174 1746 232 DEMONSTRATIOMS
1784 175 2242 232 EVANGELiCE
2283 177 2415 233 LIB.
2457 176 2546 232 Ill'.

3345 182 3446 240 186

193 295 536 364 λογισθέντα,
554 298 697 367 ταφῇ
715 312 772 349 τε
798 295 1163 368 παραδοθέντα
1177 313 1191 327 ·
1210 292 1326 350 εἶτα
1347 295 1759 369 καθαριζόμενοη

1877 295 2215 352 Ιιιετεόὶιεὺίι
2247 296 2468 360 multos,
2481 303 2537 350 et
2566 295 2784 350 fortium
2817 293 3021 351 dividet
3047 296 3240 366 spolia.
3265 295 3436 362 Quam

191 388 300 440 ὐπὸ
324 385 419 439 τοῦ
465 387 692 458 Κυρίου,
726 387 817 440 καὶ⁵
857 388 970 456 φῶς
1002 387 1132 458 παρ’
1166 387 1314 459 αὐτῷ
1357 387 1638 459 ὀψόμενον,
1674 389 1768 444 καὶ

191 477 633 550 κληρονομοῦντα
661 479 904 544 πολλοὺς,
932 480 1025 532 καὶ
1068 478 1240 534 σκῦλα
1273 484 1384 544 τοῖς
1414 479 1630 544 οἰκείοις
1656 480 1770 533 δια-

191 569 466 638 νέμοντας
497 568 606 622 Καὶ
646 569 816 634 ἄλλως
856 569 912 624 δὲ
956 571 1086 642 περὶ
1123 571 1222 642 τῆς
1253 571 1387 642 μετὰ
1419 571 1508 624 τὸν
1541 571 1768 625 θάνατον

191 660 548 726 ἀναϐιώσεως
579 660 740 714 αὐτοῦ
784 661 928 731 λέγει
968 681 1068 716 που
1111 662 1466 734 προφητεύων
1503 665 1566 716 ἐκ
1597 680 1767 735 προσ-

190 753 344 806 ώπου
389 752 485 806 τοῦ
533 751 764 825 Χριστοῦ
822 756 850 807 ό
894 754 1090 808 Δαϐίδ·
1132 774 1150 806 ι
1191 757 1306 808 Οὐκ
1357 755 1767 824 ἐγκαταλείψεις

188 842 288 913 τὴν
327 842 507 914 ψυχήν
548 861 647 914 μου
692 845 771 908 είς
798 844 946 916 ᾷδην,
977 845 1096 899 οὐδὲ
1125 843 1313 908 δώσεις
1338 845 1482 899 ὅσιόν
1517 863 1606 899 σου
1642 848 1766 900 ἰδεῖν

187 932 509 1005 διαφθοράν.
551 954 567 985 ι
602 935 709 988 Καὶ
742 935 926 989 πάλιν·
963 956 980 988 ε
1015 936 1206 1008 Κύριε,
1249 939 1523 1010 ἀνήγαγες
1555 939 1613 1003 ἐξ
1640 941 1765 1011 ᾅδου

191 1028 292 1097 τὴν
327 1026 505 1098 ψυχήν
547 1045 667 1097 μου,
707 1027 913 1092 ἔσωσάς
949 1047 1014 1100 με
1058 1030 1166 1084 ἀπὸ
1193 1031 1299 1083 τῶν
1334 1031 1766 1085 καταϐαινόντων

190 1121 275 1183 είς
305 1119 523 1172 λάκκον.
567 1139 583 1170 ι
627 1120 734 1172 Καὶ
761 1121 953 1174 πάλιν·
991 1140 1010 1173 ι
1063 1123 1120 1175 '0
1153 1122 1303 1192 ὑψῶν
1340 1141 1406 1193 με
1435 1126 1500 1176 ἐκ
1526 1123 1644 1178 τῶν,
1666 1142 1767 1176 πυ-

233 1209 305 1262 ῶν
334 1211 426 1264 τοῦ
463 1211 712 1274 θανάτου,
741 1213 888 1277 ὅπως
922 1213 988 1266 ἂν
1021 1212 1315 1283 ἐξαγγείλω
1348 1215 1527 1280 πάσας
1563 1215 1660 1280 τὰς
1689 1219 1767 1268 αί-

190 1303 371 1367 νέσεις
403 1321 514 1357 σου.
558 1324 576 1356 ι
619 1304 838 1369 Τούτοις
875 1305 929 1358 δὲ
977 1308 1138 1360 πᾶσιν
1167 1307 1481 1378 ἀντιϐλέψαι
1510 1309 1764 1364 δύνασθαι

191 1393 321 1446 οὐδὲ
352 1393 475 1456 τοὺς
521 1395 722 1466 σφόδρα
772 1396 1283 1465 ἀγνωμονεστάτους
1327 1398 1583 1471 ἡγοῦμαι.
1619 1401 1764 1472 Πλὴν

191 1483 336 1537 ἀλλὰ
382 1485 477 1554 τῆς
511 1485 726 1539 Ἡσαΐου
773 1487 1108 1557 προφητείας
1150 1488 1212 1540 τὸ
1258 1489 1628 1561 συμπέρασμα
1667 1491 1764 1563 τήν

191 1576 364 1630 πάλαι
393 1577 604 1648 στείραν
636 1579 729 1630 καὶ
754 1577 956 1649 ἔρημον
987 1577 1120 1630 Θεοῦ
1150 1578 1346 1649 ψυχήν,
1375 1579 1406 1651 ἢ
1442 1581 1534 1633 καὶ
1567 1580 1762 1651 μᾶλλον

1875 397 2054 446 autem
2090 391 2162 446 ob
2195 405 2312 445 rem
2345 391 2449 445 hoc
2478 389 2555 444 illi
2604 389 2790 443 datum
2835 389 2941 454 sit,
2972 389 3131 444 docet
3159 388 3438 460 deinceps,

1873 483 1966 536 ubi
1996 482 2071 535 ait
2098 501 2111 536 :
2151 501 2170 533 ι
2203 480 2312 535 Pro
2332 497 2398 536 eo
2418 479 2563 550 quod
2599 480 2796 534 tradita
2819 490 2901 536 est
2929 480 2982 534 in
3007 488 3235 535 mortem
3260 480 3437 534 anima

1873 573 2014 642 ejus,
2049 581 2103 628 et
2127 589 2252 628 cum
2288 573 2492 642 iniquis
2517 572 2814 643 deputatus
2845 580 2928 628 est
2953 592 2966 628 ι
2997 582 3052 626 et
3080 572 3194 642 ipse
3217 583 3438 642 peccata

1874 665 2167 718 multorum
2201 665 2350 728 tulit,
2388 672 2442 718 et
2479 672 2699 734 propter
2728 673 2949 734 peccata
2976 679 3165 718 eorum
3209 665 3438 720 traditus

1873 764 1955 808 est
1981 753 2050 807 ⁵⁸.
2090 773 2108 806 ι
2148 752 2252 808 Pro
2290 753 2376 807 his
2408 755 2552 808 enim
2585 769 2943 808 remunerans
2977 754 3128 807 illum
3157 752 3338 818 Pater,
3373 770 3438 810 eo

1873 843 2018 914 quod
2049 843 2196 898 dicto
2243 844 2470 897 audiens
2520 841 2684 896 fuerit
2742 842 3190 911 sustinueritque,
3217 841 3440 896 donavit

1875 935 2023 988 illum
2067 935 2134 990 iis
2157 950 2278 1005 qua:
2323 933 2570 1004 exposita
2609 943 2756 988 sunt.
2793 932 2993 988 Factus
3020 933 3164 988 enim
3193 941 3276 988 est
3308 934 3437 988 obe—

1873 1027 2026 1082 diens
2074 1027 2219 1080 Patri
2277 1041 2450 1095 usque
2510 1024 2578 1078 ad
2631 1033 2896 1079 mortem:
2933 1039 3104 1094 quare
3141 1025 3436 1078 multorum

1872 1135 2089 1188 quoque
2155 1119 2526 1173 hereditatem
2581 1125 3006 1172 consecuturum
3057 1117 3208 1171 illum
3266 1119 3434 1180 canit,

1871 1227 1980 1266 non
2006 1212 2156 1282 prius
2187 1217 2371 1267 tamen
2405 1228 2566 1281 quam
2599 1212 2797 1266 tradita
2830 1211 2992 1265 fuerit
3021 1213 3199 1264 anima
3229 1210 3348 1279 ejus
3381 1211 3434 1264 in

1872 1314 2122 1369 mortem,
2154 1315 2207 1359 et
2227 1320 2350 1359 cum
2379 1305 2581 1375 iniquis
2617 1307 2688 1360 sit
2725 1305 3038 1374 deputatus.
3070 1301 3296 1372 Propter
3322 1302 3436 1355 haec

1869 1396 2012 1451 enim
2030 1394 2234 1448 dictum
2250 1403 2354 1460 est,
2376 1395 2526 1449 illum
2551 1394 2994 1449 haareditaturum
3018 1392 3239 1456 multos,
3256 1399 3310 1444 et
3328 1389 3440 1446 for-

1871 1489 2002 1540 tium
2035 1487 2336 1542 divisurum
2372 1487 2565 1556 spolia.
2607 1485 2748 1540 Puto
2795 1493 2974 1538 autem
3009 1482 3312 1538 indubitate
3350 1497 3434 1537 re-

1869 1575 2170 1634 versionem
2199 1576 2317 1644 ejus
2344 1591 2374 1629 a
2394 1575 2622 1629 mortuis
2643 1573 2933 1644 signiﬁcari
2951 1571 3148 1625 talibus
3165 1569 3433 1625 oraculis:

171 1666 292 1738 ’τὴν
334 1665 396 1730 ἐξ
437 1665 602 1719 ἐθνῶν
646 1667 966 1738 Ἐκκλησίαν
997 1669 1421 1739 εὐαγγελίζεται,
1463 1672 1759 1736 ἀκολούθως

1876 1666 2027 1735 101
2059 1667 2153 1736 qui
2178 1667 2322 1721 enim
2365 1664 2484 1720 ﬁeri
2533 1671 2731 1735 potest,
2768 1671 2827 1716 ut
2859 1664 3016 1717 aliter
3039 1661 3105 1717 de
3137 1677 3203 1716 eo
3235 1660 3432 1715 intelli-

191 1760 257 1826 τῇ
305 1756 510 1828 θεωρίᾳ
553 1757 660 1810 τῶν
707 1758 1030 1829 εἰρημένων.
1079 1760 1292 1832 Ἐπειδὴ
1323 1762 1430 1834 γὰρ
1477 1763 1544 1816 τὰ
1591 1765 1769 1818 πάντα

187 1848 255 1900 δι’
311 1848 480 1918 αὐτὴν
531 1851 558 1901 ὁ
603 1850 834 1920 Χριστὸς
877 1851 1184 1920 ὑπέμεινεν,
1225 1854 1446 1918 είκότως
1496 1855 1634 1926 μετά
1670 1856 1768 1918 τὰς

191 1939 321 2009 περὶ
365 1939 528 1992 αὐτοῦ
556 1943 886 2012 προρρήσεις
929 1943 1178 2015 ἐπιφέρει
1222 1944 1426 2013 λέγων·
1461 1963 1479 1996 ι
1517 1947 1767 2018 Εὐφράν-

189 2031 314 2098 θητι
356 2031 542 2102 στείρα
573 2034 607 2104 ή
639 2033 700 2085 οὐ
739 2033 1014 2097 τίκτουσα,
1047 2036 1206 2106 ῥῆξον
1245 2039 1337 2090 καὶ
1369 2036 1560 2108 βόησον
1595 2041 1627 2108 ή
1667 2039 1766 2092 οὐκ

187 2125 482 2178 ὠδίνουσα·
521 2127 602 2180 ὅτι
635 2126 801 2181 πολλά
835 2129 901 2181 τὰ
936 2129 1100 2183 τέκνα
1139 2129 1237 2200 τῆς
1270 2130 1476 2200 ἐρήμου
1507 2131 1704 2200 μᾶλλον
1731 2131 1763 2202 ἥ

186 2219 288 2286 τῆς
321 2219 551 2289 ἐχούσης
583 2220 672 2272 τὸν
703 2220 891 2292 ἄνδρα.
919 2217 1052 2274 Εἶπε
1090 2221 1199 2293 γὰρ
1229 2221 1457 2292 Κύριος’
1494 2222 1766 2276 Πλάτυνον

185 2309 281 2361 τὸν
313 2311 478 2365 τόπον
505 2310 603 2380 τῆς
629 2311 830 2382 σκηνῆς
859 2329 951 2366 σου
986 2315 1079 2367 καὶ
1109 2313 1216 2366 τῶν
1245 2314 1480 2367 αὐλαιῶν
1508 2333 1622 2380 σου,
1661 2317 1763 2388 πῆ-

188 2401 296 2464 ξον,
345 2401 421 2471 μή
467 2403 629 2476 φείσῃ
662 2421 675 2432 ο
707 2404 969 2458 πλατυνον
1014 2406 1083 2458 τὰ
1125 2407 1479 2477 σχοινίσματά
1508 2426 1620 2474 σου,
1669 2413 1763 2464 καὶ

187 2493 312 2555 τούς
337 2492 644 2557 πασσάλους
679 2511 770 2547 σου
800 2497 1147 2566 κατίσχυσον·
1181 2498 1259 2550 ἔτι
1293 2501 1374 2562 εἰς
1405 2501 1471 2554 τὰ
1499 2501 1646 2568 δεξιά
1671 2506 1763 2558 καὶ

186 2587 269 2647 εἱς
299 2583 367 2637 τὰ
398 2586 659 2657 ἀριστερά
698 2587 1014 2651 ἐκπέτασον,
1047 2589 1140 2643 atati.
1174 2591 1233 2642 τὸ
1264 2592 1483 2664 σπέρμα
1510 2612 1602 2647 σου
1635 2595 1758 2670 ἔθνη

185 2677 602 2748 κληρονομήσει.
638 2697 656 2729 ι
704 2679 1058 2734 Ἐνταῦθαιδὲ
1106 2681 1202 2754 τὴν
1239 2683 1296 2748 ἐξ
1327 2684 1503 2740 ἐθνῶν
1535 2687 1764 2759 Ἐκκλη-

189 2771 309 2822 σίαν
336 2769 455 2822 καθ’
484 2769 609 2836 ὅλης
628 2769 728 2840 τῆς
758 2771 1079 2843 οἰκουμένης
1111 2773 1500 2848 ἐξηπλωμὲνην
1533 2779 1628 2832 καὶ
1655 2780 1762 2834 ἀπὸ

185 2864 461 2918 ἀνατολῶν
483 2864 632 2936 ήλίου
663 2865 824 2936 μέχρι
850 2865 1066 2936 δυσμῶν
1097 2869 1526 2941 παρατείνουσαν
1553 2872 1580 2923 ὁ
1605 2872 1761 2941 λόγος

183 2955 616 3023 εὐαγγελίζεται,
655 2955 966 3025 σαφέστατα
1013 2957 1172 3011 τοῦτο
1217 2961 1484 3032 παριστὰς
1509 2961 1597 3016 διά
1628 2964 1721 3018 τοῦ
1744 2983 1758 2997 ο

187 3068 208 3098 ε
249 3047 362 3100 Kal.
386 3047 451 3099 τὸ
484 3048 697 3118 σπέρμα
740 3064 834 3101 σου
860 3047 990 3120 ἔθνη
1020 3049 1434 3124 κληρονομήσει.
1467 3074 1486 3106 ι
1512 3055 1760 3122 Πλείονος

179 3141 246 3192 δὲ
269 3137 590 3208 ἐξεργασίας
615 3139 878 3211 δεομένων
904 3141 1011 3194 τῶν
1040 3142 1180 3196 κατὰ
1206 3145 1296 3198 τὸν
1319 3147 1502 3212 τόπον,
1533 3149 1761 3220 ἀρκούν-

179 3249 304 3292 τως
352 3232 445 3283 ἐπὶ
496 3230 586 3284 τοῦ
648 3233 910 3304 παρόντος
961 3235 1113 3288 ταῦθ’
1175 3238 1305 3308 ήμῖν
1357 3241 1756 3313 ἐπιτετμήσθω.

185 3321 429 3374 Πλεῖστα
454 3323 498 3376 δ’
525 3323 587 3376 ἂν
621 3327 710 3378 καὶ
735 3326 895 3388 αὐτὸς
921 3328 1012 3379 ἐπὶ
1063 3329 1257 3401 σχολῆς
1290 3333 1646 3398 ἀναλέξασθαι
1673 3335 1761 3388 δύ-

181 3432 310 3468 ναιο
349 3417 475 3486 περὶ
501 3415 594 3468 τοῦ
628 3419 1004 3489 προκειμένου.
1042 3421 1151 3473 Καὶ
1177 3424 1220 3492 ’ἡ
1254 3424 1501 3494 παροῦσα
1530 3425 1587 3479 δὲ
1617 3445 1760 3499 πρα-

181 3507 428 3577 γματεία
471 3509 567 3578 τῆς
607 3509 964 3581 εὐαγγελικῆς
1013 3512 1339 3580 ἀποδείξεως
1387 3517 1528 3570 κατά
1573 3519 1759 3588 καιρὸν

183 3599 396 3652 ἕκαστα
451 3598 826 3670 παραδώσεταί
879 3617 936 3653 τε
989 3601 1082 3652 καὶ
1135 3602 1479 3673 ἑρμηνεύσει.
1519 3605 1668 3670 Τέως
1703 3605 1759 3658 δὲ

183 3691 280 3744 ἐπὶ
309 3688 401 3742 τοῦ
436 3690 699 3760 παρόντος
738 3690 836 3762 τῆς
862 3691 970 3744 τῶν
1014 3693 1309 3764 προφητῶν
1361 3695 1487 3764 περὶ¹
1527 3697 1626 3768 τῆς
1665 3697 1756 3750 τοῦ

185 3782 438 3853 Σωτῆρος
458 3782 612 3853 ήμῶν
643 3785 1018 3854 προρρήσεως,
1047 3785 1238 3849 καὶιὼς
1269 3789 1430 3840 πᾶσιν
1455 3788 1759 3860 ἀνθρώποις

182 3876 282 3944 τὴν
314 3874 423 3927 τῶν
459 3873 755 3945 μελλόντων
784 3875 1001 3944 ἀγαθῶν
1031 3878 1326 3948 παρουσίαν
1359 3879 1756 3950 εὐηγγελίζετο,

188 3966 387 4030 ίκανῶς
418 3965 530 4036 ἔχει
554 3967 623 4020 τὰ
647 3968 930 4038 εἰρημένα,
957 3970 1444 4040 προαναφωνοῦντα
1482 3962 1757 4043 προφήτου

183 4059 326 4122 τινος
351 4058 554 4128 ἄφιξιν,
586 4060 680 4112 καὶ
710 4061 985 4115 εὐσέϐειαν
1013 4062 1299 4133 νομοθέτου
1332 4065 1554 4117 Μωῦσεῑ
1585 4082 1759 4137 παρα-

185 4149 436 4221 πλησίου,
465 4150 618 4218 γένος
648 4169 707 4205 τε
743 4151 924 4216 αὐτοῦ,
967 4152 1059 4204 καὶ
1105 4152 1416 4223 φυλὴν,,καὶ
1451 4153 1612 4206 τόπον
1637 4154 1757 4207 ὅθεν

184 4243 590 4312 προελεύσεται,
617 4245 804 4316 χρόνον
841 4261 901 4297 τε
931 4245 1055 4298 καθ’
1079 4245 1136 4298 ὃν
1163 4245 1302 4315 ἥξει,
1360 4245 1757 4317 προφητεύεται

1869 1781 2082 1836 gamus.
2115 1767 2206 1836 qni
2231 1774 2488 1836 tanquam
2513 1765 2632 1820 ovis
2671 1765 2738 1819 ad
2765 1764 3096 1820 occisionem
3126 1762 3434 1827 sitductus,

1868 1868 1922 1914 et
1968 1860 2038 1914 ab
2088 1860 2470 1929 iniquitatibus
2512 1857 2723 1913 Judaici
2751 1857 2936 1928 populi
2962 1855 3195 1910 traditus
3245 1855 3318 1910 sit
3363 1853 3432 1908 ad

1867 1959 2118 2015 mortem,
2145 1959 2200 2004 et
2230 1965 2352 2005 cum
2391 1951 2592 2021 iniquis
2642 1950 2936 2019 deputatus
2960 1990 2974 2012 ,
3033 1947 3437 2016 sepultumque

1867 2039 2280 2095 commendatus
2316 2079 2331 2104 ,
2368 2039 2565 2094 deinde
2592 2046 2855 2109 purgatus
2895 2053 2925 2092 a
2964 2035 3237 2092 Domino?
3265 2045 3318 2091 et
3347 2036 3436 2091 lu-

1865 2146 1982 2185 cem
2009 2146 2173 2201 penes
2198 2147 2256 2186 se
2277 2131 2498 2186 visurus
2528 2130 2622 2193 sit,
2653 2137 2708 2184 et
2733 2129 3028 2182 multorum
3061 2125 3432 2181 hacreditatem

1865 2227 2286 2287 consecuturus,
2314 2231 2367 2276 et
2396 2221 2512 2276 suis
2544 2221 2718 2290 spolia
2753 2219 3033 2274 divisurus
3068 2218 3092 2274 7
3138 2216 3245 2272 Sed
3277 2219 3436 2272 aliter

1865 2328 2083 2384 quoque
2114 2312 2180 2366 de
2204 2313 2353 2368 illius
2381 2312 2562 2366 reditu
2591 2311 2646 2376 in
2671 2311 2860 2374 vitam,
2891 2317 3015 2378 post
3050 2314 3277 2362 mortem
3301 2306 3436 2361 dicit

1865 2407 2099 2478 quodam
2134 2407 2252 2460 loco
2289 2405 2598 2460 vaticinans
2623 2402 2790 2457 David
2819 2420 2884 2458 ex
2923 2417 3154 2473 persona
3175 2401 3379 2456 Christi
3414 2419 3427 2455 :

1869 2520 1888 2552 ι
1924 2499 2043 2554 Non
2071 2499 2349 2568 relinques
2379 2497 2618 2552 animam
2678 2511 2853 2552 meam
2905 2495 2960 2550 in
2991 2494 3228 2559 inferno,
3259 2508 3436 2563 neque

1863 2593 2020 2648 dabis
2050 2601 2300 2648 sanctum
2345 2605 2496 2646 tuum
2528 2591 2714 2646 videre
2747 2589 3154 2660 corruptionem
3187 2587 3254 2640 ".
3314 2603 3334 2638 ι
3369 2584 3434 2638 Et

1863 2685 1990 2739 alibi
2027 2703 2072 2738 τι
2105 2682 2352 2748 Domine,
2371 2683 2609 2738 eduxisti
2638 2682 2706 2736 ab
2729 2680 2944 2736 inferno
2971 2681 3207 2734 animam
3235 2693 3432 2740 meam,

1864 2773 2084 2828 salvasti
2135 2789 2220 2827 me
2259 2789 2291 2827 a
2341 2771 2806 2828 descendentibus
2861 2772 2916 2825 in
2964 2771 3144 2824 lacum
3183 2769 3254 2824 ³⁸.
3311 2787 3329 2822 ι
3366 2766 3433 2822 Et

1863 2863 1988 2918 alibi
2017 2882 2030 2919 :
2063 2881 2082 2914 ι
2118 2862 2220 2930 Qui
2247 2865 2452 2919 exaltas
2486 2879 2570 2918 me
2598 2863 2664 2918 de
2686 2863 2858 2933 portis
2891 2862 3100 2926 mortis,
3134 2867 3193 2916 ut
3217 2875 3433 2915 annun-

1863 2956 1989 3012 tiem
2041 2972 2232 3011 onmes
2298 2956 2638 3012 laudationes
2705 2964 2828 3011 tuas
2863 2955 2934 3010 ⁸³.
2987 2975 3006 3008 ι
3059 2955 3262 3010 Contra
3313 2969 3433 3008 om-

1863 3049 1952 3103 nia
1999 3048 2115 3105 haec
2159 3048 2444 3104 intendere
2473 3049 2637 3102 ullam
2685 3048 2881 3109 aciem,
2917 3063 2987 3101 ne
3019 3047 3430 3103 inimicissimos

1859 3139 2079 3211 quidem
2112 3151 2272 3210 atque
2303 3140 2705 3210 ingratissimos
2723 3155 2880 3211 posse
2909 3139 3163 3193 arbitror.
3201 3137 3431 3194 Verum-

1861 3241 2040 3288 tamen
2071 3231 2192 3302 ejus
2231 3233 2524 3304 praphetize
2555 3233 2861 3296 conclusio,
2893 3233 3050 3301 cujus
3078 3241 3269 3286 auctor
3316 3229 3431 3287 isa-

1861 3326 1964 3390 ias,
2006 3326 2247 3381 sterilem
2272 3327 2417 3379 illam
2447 3325 2722 3395 quondam
2753 3334 2808 3382 et
2833 3325 3103 3381 desertam
3132 3341 3162 3378 a
3187 3323 3296 3380 Deo
3318 3325 3430 3380 ani-

1862 3432 2026 3480 mam,
2056 3426 2149 3470 aut
2178 3419 2358 3487 potius
2383 3416 2682 3471 Ecclesiam
2723 3417 2792 3471 de
2816 3416 3071 3487 gentibus
3120 3417 3427 3480 collectam,

1861 3510 1998 3564 laetis
2035 3509 2282 3571 vocibus,
2341 3511 2600 3579 bonoque
2641 3509 2834 3564 nuntio
2867 3511 3241 3580 prosequitur,
3301 3524 3430 3564 cum

1861 3603 1969 3658 illis
2001 3602 2187 3672 utique
2210 3601 2666 3672 recordans,qute
2687 3602 2800 3672 jam
2835 3603 3183 3673 contemplati
3215 3616 3428 3658 sumus.

1859 3693 1993 3748 Nam
2056 3710 2178 3749 cum
2219 3702 2442 3765 propter
2463 3709 2587 3748 eam
2617 3694 2868 3749 Christus
2911 3695 3092 3748 omnia
3119 3694 3422 3762 pertulerit,

1861 3787 2054 3842 merito
2097 3795 2220 3857 post
2257 3803 2320 3841 ea
2350 3825 2368 3852 ,
2422 3801 2542 3856 quae
2571 3786 2638 3841 de
2668 3786 2760 3840 illo
2793 3786 3043 3856 prtedixit
3064 3824 3080 3849 ,
3130 3785 3376 3854 adjungit
3405 3799 3424 3840 :

1865 3897 1885 3929 ι
1917 3877 2146 3943 Lzetare,
2181 3879 2379 3947 inquit,
2416 3878 2616 3932 sterilis
2647 3892 2768 3948 qua:
2795 3893 2904 3931 non
2926 3877 3097 3947 paris,
3129 3877 3429 3932 vociferare

1858 3980 1912 4025 et
1941 3970 2139 4033 clama,
2179 3984 2302 4040 quae
2333 3985 2440 4023 non
2475 3971 2714 4041 parturis
2749 3985 2763 4021 :
2813 3971 3070 4040 quoniam
3124 3971 3280 4025 multi
3331 3969 3427 4024 lilii

1857 4062 2086 4118 desertae
2115 4063 2308 4133 magis,
2339 4078 2505 4133 quam
2558 4064 2678 4133 ejus
2703 4079 2824 4135 qua:
2861 4064 3024 4119 habet
3052 4063 3251 4118 virum.
3285 4063 3428 4118 Dixit

1858 4155 2001 4209 enim
2042 4155 2344 4212 Dominus:
2383 4157 2560 4211 Dilata
2597 4158 2777 4211 locum
2814 4156 3034 4212 tentorii
3093 4157 3196 4221 tui,
3223 4166 3278 4212 et
3307 4156 3422 4226 pel-

1859 4246 1939 4302 les
1964 4247 2443 4303 tabernaculorum
2480 4257 2696 4305 tuorum
2727 4249 2848 4319 fige,
2879 4265 2948 4302 ne
2981 4263 3212 4319 parcas:
3258 4249 3426 4302 dilata
3499 4278 3501 4281 -

182 4337 279 4389 ml.
309 4337 543 4404 γένεσιν,
579 4341 674 4392 καὶ
704 4339 977 4412 τελευτὴν,
1010 4344 1102 4395 καὶ
1124 4343 1434 4409 ἀναϐίωσιν,
1465 4346 1558 4398 καὶ
1587 4346 1756 4417 ἀρχὴν

1863 4338 2133 4394 funiculos
2168 4347 2311 4403 tuos,
2336 4349 2391 4394 et
2441 4340 2624 4395 clavos
2649 4352 2769 4395 tuos
2806 4341 3134 4396 corrobora:
3190 4342 3426 4411 amplius

182 4427 284 4498 τὴν
313 4427 453 4480 κατά
491 4429 706 4482 πάντων
734 4429 931 4484 ἐθνῶν·
974 4431 1010 4485 ἃ
1051 4432 1114 4502 δὴ
1161 4433 1334 4486 πάντα
1367 4435 1631 4506 παρέστη,
1660 4437 1754 4488 καὶ

182 4517 265 4572 ἐτι
302 4518 496 4588 μᾶλλον
517 4519 605 4572 διά
631 4519 736 4573 τῶν
763 4521 889 4592 ἑξῆς
921 4525 1327 4594 παραστήσεται
1361 4527 1452 4578 ἐπὶ
1482 4526 1638 4596 μόνον
1663 4526 1753 4579 τὸν

181 4612 413 4682 Σωτῆρα
444 4612 536 4665 καὶ
577 4607 776 4686 Κύριον
827 4615 981 4687 ήμῶν
1026 4620 1546 4690 συμπεπερασμένα.
1597 4620 1755 4676 Ἀλλά

177 4702 354 4756 ταῦτα
389 4704 486 4774 μὲν
529 4705 636 4758 ἀπὸ
674 4707 781 4759 τῶν
824 4707 980 4780 ἱερῶν
1024 4709 1217 4777 λογίων
1267 4715 1378 4775 τοῖς
1409 4714 1753 4768 πιστεύουσιν

177 4795 366 4858 αὐτοῖς
401 4797 850 4868 παρατεθήσεται·
875 4802 987 4862 τοῖς
1018 4799 1060 4852 δ’
1086 4800 1365 4854 ἀπειθοῦσι
1395 4807 1514 4867 ταῖς
1545 4821 1753 4878 προφη-

175 4887 360 4950 τικ-αϊς
391 4887 633 4958 Γραφαῖς
677 4888 819 4953 ἰδίως
853 4891 1253 4962 ἀπαντήσομεν,
1295 4895 1370 4957 ὼς
1399 4897 1528 4967 περὶ
1560 4897 1752 4970 ἀνδρὸς

177 4979 384 5042 κοινοῦ,
417 4980 509 5032 καὶ
542 4985 652 5044 τοῖς
685 4981 890 5045 λοιποῖς
920 4985 1296 5056 παραπλησίου
1327 4987 1464 5052 τέως
1495 4989 1593 5063 τήν
1633 4991 1749 5056 ἐξέ-

176 5093 334 5129 τασιν
364 5078 672 5149 ποιούμενοι
690 5097 703 5108 ·
728 5079 834 5144 ἵνα,
859 5081 1056 5134 ὁπόταν
1092 5083 1307 5137 πάντων
1342 5083 1449 5139 τῶν
1476 5087 1534 5153 ἐξ
1561 5089 1748 5153 αἰῶνος

178 5166 481 5237 βοηθέντων
502 5171 558 5220 ἐν
592 5168 916 5241 ἀνθρώποις,
965 5173 1098 5228 πολὺ
1143 5175 1408 5247 κρείττων
1438 5179 1748 5252 ἀσυγκρίτῳ

176 5260 419 5329 ὑπεροχῇ
453 5260 546 5313 καὶ
583 5261 850 5335 διαφέρων
892 5265 1160 5336 ἀναφανῇ,
1200 5269 1514 5338 τοτηνικάδε
1547 5271 1641 5323 καὶ
1681 5271 1748 5325 τά

178 5351 306 5421 περὶ
333 5350 434 5421 τῆς
460 5351 733 5426 θειοτέρας
764 5356 927 5410 αὐτοῦ
957 5359 1168 5427 φύσεως
1199 5361 1340 5414 κατά
1363 5362 1550 5432 καιρὸν
1575 5362 1747 5416 διαλά-

177 5440 381 5510 ϐωμεν,
416 5439 476 5507 ἐξ
507 5443 748 5514 ἐναργῶν
775 5444 881 5498 τῶν
906 5445 1231 5511 ἀποδείξεων
1256 5449 1642 5519 παριστῶντες,
1671 5449 1745 5513 ὡς

1857 4432 1924 4487 ad
1955 4430 2198 4486 dextram
2223 4443 2276 4488 et
2299 4433 2366 4488 ad
2397 4433 2674 4488 sinistram
2699 4433 2948 4497 extende,
2977 4440 3031 4488 et
3062 4449 3244 4488 semen
3275 4440 3425 4488 tuum

1857 4539 2044 4599 gentes
2101 4526 2438 4582 lnereditabit
2466 4527 2531 4579 ⁸⁸.
2577 4546 2596 4578 ι
2634 4526 2729 4582 11ἰε
2780 4535 2959 4580 autem
3015 4525 3200 4580 verbis
3238 4524 3425 4579 Eccle-

1860 4623 1996 4676 siam
2029 4621 2096 4676 de
2121 4618 2374 4690 gentibus
2408 4617 2714 4681 collectam,
2742 4629 2795 4672 et
2849 4625 2964 4671 toto
2993 4618 3122 4671 urbe
3153 4626 3421 4670 terrarum

1858 4713 2133 4776 dill‘usam,
2165 4719 2219 4764 et
2251 4710 2320 4764 ab
2348 4716 2468 4762 ortu
2529 4708 2660 4763 solis
2704 4709 2772 4762 ad
2817 4723 3072 4763 occasum
3121 4715 3418 4770 extentam,

1858 4803 2139 4858 oraculum
2170 4803 2339 4857 laetari
2365 4803 2542 4872 .jubet,
2568 4801 2886 4872 planissime
2909 4801 3010 4854 hoc
3035 4800 3212 4870 ipsum
3255 4798 3424 4868 signi-

1857 4897 2048 4962 ﬁcans,
2077 4897 2168 4951 ubi
2222 4897 2334 4951 ait:
2375 4914 2394 4946 ‹
2431 4895 2496 4948 Et
2523 4909 2707 4950 semen
2735 4905 2888 4947 tuum
2919 4901 3107 4964 gentes
3137 4891 3422 4946 haeredita-

1856 4988 1954 5043 bit.
1995 5009 2014 5041 ι
2047 4987 2183 5043 Cum
2213 4996 2393 5043 autem
2417 4986 2710 5056 longiorem
2736 4984 3171 5055 explanationem
3204 4981 3421 5036 deside-

1857 5091 1976 5136 rent
1995 5099 2080 5148 ea,
2109 5098 2229 5152 qua:
2256 5081 2320 5134 ad
2372 5080 2516 5134 hunc
2549 5080 2728 5134 locum
2760 5086 3026 5148 spectant,
3072 5074 3284 5130 abunde
3321 5091 3418 5129 no-

1855 5175 1939 5229 bis
1971 5174 2084 5228 hazc
2108 5172 2417 5243 compendii
2454 5173 2632 5226 locum
2671 5170 2986 5240 explebunt.
3029 5166 3162 5221 Nam
3196 5172 3256 5221 tu
3279 5181 3418 5236 quo-

1851 5279 1958 5332 que
1981 5277 2077 5332 per
2101 5262 2271 5316 otium
2293 5263 2465 5314 multa
2498 5261 2652 5330 plura
2677 5255 3174 5328 colligere-poteris,
3203 5269 3324 5326 qua
3346 5255 3410 5310 ad

1853 5353 1994 5411 idem
2027 5356 2363 5426 propositum
2389 5361 2656 5423 spectent.
2689 5351 2792 5407 Sed
2811 5354 2984 5420 ipsum
3006 5363 3220 5421 quoque
3251 5363 3415 5404 evan-

1852 5449 2038 5522 gelica:
2072 5445 2556 5503 demonstrationis
2621 5445 2955 5516 propositum
3000 5442 3145 5515 quod
3177 5457 3320 5498 nunc
3355 5439 3412 5497 in

245 5600 293 5632 ⁸⁸
317 5601 426 5658 lsa.
459 5617 574 5670 un,
599 5602 682 5657 i2.
759 5603 801 5636 ⁸⁷
833 5602 974 5660 Psal.
1006 5622 1094 5671 xv,
1129 5605 1216 5661 i0.
1294 5607 1337 5638 ⁸⁸
1360 5605 1738 5669 Psal.xx1v.4.

1889 5605 2031 5662 Psal.
2065 5622 2140 5669 Ix,
2171 5606 2254 5660 Η.
2332 5607 2378 5637 ⁶⁰
2401 5607 2500 5661 Isa.
2523 5621 2632 5670 μιν,
2664 5603 2778 5659 i-‘i.
