3914 6198
503 274 607 328 187

1175 261 1440 318 EUSEBII
1479 258 1588 314 (ΞΑ-Σ
1597 252 1954 313 SARIENSIS
1991 251 2066 306 OF

2177 244 2358 302 PARS
2386 243 2451 298 11.
2489 272 2557 282 -
2595 232 3085 294 ΑΡοιοοΕτιεΑ.

3619 224 3713 281 188

495 387 749 442 manibus
777 390 881 446 est,
908 380 1083 436 tradet
1118 394 1218 433 suo
1244 385 1487 447 tempore
1517 381 1681 440 atque
1721 375 2043 441 interpreta-

2170 362 2252 416 ιύκ
2279 355 2619 429 ἀνθρωπείας
2651 353 2759 424 ἄρα
2789 347 2857 421 ἦν
2894 347 3107 418 φύσεως
3142 345 3175 415 ἡ
3203 342 3352 447 περὶ.
3371 337 3533 447 sicut:
3564 337 3715 447 δύνει

494 481 644 536 hitur
669 474 901 544 singula.
947 471 1164 526 Interim
1213 483 1343 523 vero
1368 464 1513 537 quod
1561 464 1626 519 ad
1652 461 2052 534 praedictionem

495 568 997 632 divinationemque
1052 560 1426 631 propheticam
1458 557 1527 611 de
1557 555 1838 611 Salvatore
1865 561 2052 606 nostro

495 659 747 730 pertinet,
781 652 1034 724 quodque
1065 651 1189 704 item
1216 649 1281 702 ad
1312 649 1366 704 id
1396 647 1540 718 quod
1564 660 1627 702 ea
1649 642 1928 715 praedictio
1943 654 2054 695 om-

495 765 596 805 nes
627 747 877 802 homines
927 758 1116 799 eorum
1157 741 1422 794 honorum
1459 738 1612 807 102
1653 735 1886 789 adventu
1919 747 2052 802 gau-

495 840 622 897 dere
646 838 869 908 juhehat
894 850 1014 905 quae
1044 831 1514 901 exspectabantur,
1545 828 1611 882 iis
1627 841 1747 896 qua:
1765 824 1878 892 jam
1901 821 2046 875 dicta

496 937 624 986 sunt
664 927 906 984 contenti
961 940 1083 979 esse
1133 936 1461 992 possumus:
1493 934 1613 989 quae
1651 917 1868 984 quidem
1897 915 2056 984 plane

497 1025 784 1081 enuntiant
810 1020 1084 1091 propheta:
1118 1014 1402 1085 cujusdam
1435 1012 1748 1072 adventum,
1776 1018 1830 1063 et
1878 1008 2055 1076 legum

497 1116 741 1170 auctoris
767 1113 1018 1182 pietatem
1049 1109 1141 1178 qui
1172 1106 1301 1160 Mosi
1331 1104 1526 1160 similis
1563 1102 1776 1156 futurus
1805 1099 1896 1162 sit,
1930 1111 2058 1152 nec-

2161 471 2278 526 μις·
2309 447 2391 514 οἷς
2423 445 2727 508 ἀκολούθως
2756 443 2849 497 καὶ
2877 440 2948 494 τὰ
2967 439 3064 510 τῆς
3092 437 3212 490 κατ’
3236 433 3394 488 αὑτὸν
3419 430 3713 500 θεολογίας,

2157 522 2232 611 ως
2257 540 2368 598 οἷόν
2392 558 2451 595 τε
2480 540 2624 594 ἐστὶν
2651 538 2782 608 ἡμῖν
2802 529 3148 592 ἐποπτεῦσαι,
3177 522 3534 594 ποιησόμεθα.
3572 522 3716 575 Ἐπεὶ

2155 637 2333 690 τοίνυν
2351 634 2457 687 τῶν
2483 631 2722 686 ἀπίστων
2743 629 2792 680 οἱ
2822 623 3037 684 πλείους
3059 620 3228 689 γόητα
3251 617 3343 668 καὶ
3356 613 3566 667 ’πλάνον
3589 615 3718 666 ἁπο-

2157 727 2462 789 καλοῦντες,
2498 722 2591 777 καὶ
2622 719 2840 792 μυρίαις
2879 714 3064 776 ἄλλαις
3097 707 3449 780 κακηγορίαις
3485 704 3719 775 βλασφη-

2161 818 2385 892 μοῦντες
2425 814 2604 876 αὐτὸν,
2638 809 2790 864 οὔπω
2834 808 2926 862 καὶ
2970 804 3063 858 νῦν
3109 801 3390 859 παύονται,
3432 797 3585 867 φέρε,
3628 795 3718 848 καὶ

2158 885 2294 981 πρὸς
2334 907 2552 968 τούτους
2585 897 3023 973 ἀποκρινώμεθα,
3064 891 3270 981 οἴκοθεν
3313 889 3428 981 μὲν
3454 885 3717 981 οὐδὲνὶὲξ

2161 976 2336 1055 αύτῶν
2362 998 2416 1051 δὲ
2451 996 2556 1050 τῶν
2587 991 2748 1048 αὑτοῦ
2787 988 2998 1060 φωνῶν,
3033 985 3123 1040 καὶ
3161 979 3228 1055 ἧς
3270 979 3555 1052 παρέδωκε
3581 976 3716 1030 διδα-

2163 1090 2387 1153 σκαλίας
2411 1091 2509 1152 τὰς
2536 1083 2862 1156 παραθέσεις
2890 1077 3220 1146 ποιούμενοι.

497 1226 606 1264 non
665 1162 909 1276 ejusrdem
968 1162 1156 1274 genus,
1203 1209 1257 1256 et
1317 1199 1540 1262 tribum,
1593 1205 1647 1251 et
1685 1196 1860 1249 locum
1916 1191 2059 1246 unde
2102 1190 2349 1244 exiturus
2381 1224 2396 1247 ,
2447 1191 2502 1237 et
2545 1189 2756 1250 tempus
2787 1191 2897 1276 quo
2937 1181 3198 1276 venturus
3256 1169 3345 1257 sit.
3380 1162 3716 1261 Vaticinatur

507 1259 779 1370 praete—rea
878 1259 1082 1356 ortum,
1115 1259 1170 1347 et
1189 1297 1440 1350 mortem,
1491 1259 1546 1340 et
1575 1284 1804 1340 reditum
1833 1282 1888 1334 in
1909 1279 2096 1341 vitam,
2139 1283 2194 1330 et
2221 1273 2582 1370 principatum
2615 1268 2670 1321 in
2694 1259 3248 1370 omnibus'gentibuso,
3276 1269 3396 1370 qua?
3433 1266 3568 1306 sane
3615 1259 3718 1370 {itm

501 1369 733 1446 evenere
794 1386 1018 1442 omnia:
1057 1391 1110 1437 et
1142 1381 1314 1452 magis
1367 1379 1530 1434 etiam
1590 1376 1847 1442 deinceps
1883 1387 1940 1426 ex
1983 1369 2070 1431 iis,
2113 1381 2236 1436 quae

2295 1339 2546 1418 dicentur
2597 1355 2910 1420 constabit,
2958 1354 3011 1406 in
3072 1365 3182 1404 uno
3215 1345 3498 1401 Salvatore
3532 1357 3594 1396 ac
3621 1339 3717 1395 Do-

502 1483 652 1536 mino
690 1489 878 1536 nostro
933 1494 996 1532 ea
1065 1478 1227 1530 linem
1276 1472 1573 1542 accepisse.
1625 1469 1730 1523 Sed
1764 1467 1880 1521 haec
1919 1477 2041 1534 qua:
2071 1461 2137 1516 de
2174 1458 2378 1514 sanctis
2405 1453 2643 1510 oraculis
2665 1459 2886 1520 accepta
2907 1447 3092 1510 vides,
3132 1444 3200 1499 iis
3223 1442 3313 1511 qui
3343 1440 3595 1500 credunt,
3629 1451 3718 1490 ex-

497 1575 675 1648 posita
725 1579 894 1628 sunt:
928 1572 994 1626 iis
1029 1579 1209 1624 autem
1257 1567 1351 1637 qui
1405 1535 1515 1618 non
1565 1561 1814 1624 credunt,
1850 1570 2097 1612 seorsum
2139 1553 2351 1608 obviam
2405 1549 2624 1619 scriptis
2667 1543 2997 1617 propheticis
3031 1541 3248 1603 ibimus,
3285 1547 3448 1608 atque
3514 1535 3718 1588 interim

501 1632 755 1736 tanquam
782 1662 849 1717 de
876 1661 1149 1718 communi
1176 1659 1314 1722 viro,
1352 1665 1407 1712 et
1434 1657 1526 1726 qui
1567 1652 1788 1722 reliquis
1813 1649 1976 1704 fuerit
2006 1647 2203 1703 similis
2247 1643 2589 1714 inquiremus
2633 1660 2645 1694 :
2691 1647 2750 1692 ut
2798 1653 2920 1692 cum
2971 1634 3228 1690 omnibus
3274 1632 3368 1701 qui
3411 1643 3648 1696 unquam
3691 1641 3719 1678 a

500 1718 722 1816 condito
750 1769 863 1809 avo
914 1753 1054 1807 inter
1090 1718 1337 1804 homines
1375 1718 1631 1802 celebrati
1667 1718 1777 1798 sint
1807 1779 1822 1802 ,
1873 1739 2044 1792 multo
2084 1734 2429 1805 praestantior
2462 1741 2515 1786 et
2563 1724 2973 1798 incomparabili
3032 1722 3265 1793 quadam
3321 1718 3614 1775 eminentia
3642 1730 3725 1770 su'

502 1850 681 1923 perior
736 1843 1068 1916 apparuerit,
1109 1857 1231 1896 cum
1261 1856 1324 1895 ea
1351 1852 1567 1909 quoque
1609 1850 1728 1906 qua:
1771 1832 1838 1886 ad
1881 1829 2199 1884 diviniorem
2239 1827 2357 1895 ejus
2386 1832 2634 1878 naturam
2687 1825 2938 1890 spectant
2978 1823 3368 1886 pertractemus
3407 1830 3421 1866 :
3473 1807 3720 1902 et.quorl

501 1904 679 1988 virtus
717 1904 837 2004 qlia;
877 1935 931 1988 in
973 1935 1065 1988 ilio
1113 1940 1233 1988 erat
1282 1931 1429 1986 nulla
1481 1904 1718 1982 humana
1748 1932 1945 1980 natura
1998 1927 2292 1984 constaret,
2323 1915 2644 1972 certissimis
2684 1906 3236 1968 demonstrationibus
3263 1904 3720 1974 comprobemus:

501 2025 693 2081 ordine
733 1995 998 2094 deinceps
1029 2032 1306 2094 sequetur,
1338 2031 1398 2076 ut
1429 2035 1492 2076 ea
1525 2030 1888 2088 proponamus
1911 2009 2324 2081 contemplanda
2348 2022 2446 2078 pro
2475 2006 2703 2064 viribus,
2732 2015 2852 2072 qua:
2905 2000 2971 2054 ad
3021 2013 3138 2054 eam
3191 1996 3517 2066 theologiam
3566 1995 3724 2063 perti—

503 2125 653 2179 nent,
685 2131 804 2186 qua:
842 2116 991 2170 illum
1034 2114 1310 2183 complexa
1339 2119 1444 2166 est.
1491 2108 1754 2176 Quoniam
1795 2105 1956 2175 igitur
1989 2102 2163 2170 major
2215 2113 2339 2168 pars
2372 2111 2555 2151 eorum
2587 2093 2679 2164 qui
2728 2107 2835 2146 non
2883 2091 3134 2154 credunt,
3166 2095 3363 2142 vocant
3390 2088 3540 2140 illum
3591 2100 3724 2156 pra-

479 2209 840 2278 stigiatorem
894 2222 958 2260 ac
1010 2180 1385 2266 seductorem,
1445 2203 1688 2270 aliasque
1722 2193 2145 2254 innumerabiles
2183 2188 2483 2245 calumnias
2527 2187 2581 2240 in
2613 2186 2761 2239 illum
2813 2181 3219 2239 exsecrabiliter
3269 2180 3496 2248 jactant,
3542 2195 3604 2233 ac
3659 2194 3721 2231 ne

505 2274 652 2359 nunc
685 2302 900 2373 quidem
948 2299 1207 2355 desinunt
1245 2297 1510 2368 ejusmodi
1539 2297 1734 2366 probra
1763 2293 2091 2362 contingere,
2135 2297 2346 2356 tempus
2371 2283 2482 2352 jam
2513 2282 2726 2334 videtur
2779 2294 2900 2334 esse
2957 2285 3016 2332 ut
3051 2279 3212 2332 etiam
3245 2277 3365 2331 istis
3394 2274 3718 2344 respondea-

507 2411 649 2459 mus,
686 2369 754 2450 de
805 2403 992 2449 nostro
1042 2393 1260 2464 quidem
1307 2392 1442 2446 nihil
1471 2390 1782 2453 aﬂerentes,
1842 2387 1938 2442 sed
1965 2386 2032 2440 de
2076 2382 2323 2439 doctrina
2359 2393 2519 2448 quam
2550 2377 2666 2446 ipse
2713 2373 3006 2444 publicavit
3038 2380 3408 2436 assumentes,
3446 2371 3586 2440 quod
3631 2369 3720 2422 hic

508 2501 866 2558 apponamus.

506 2603 594 2658 lll.
625 2602 885 2656 Adversus
921 2617 1007 2654 eos
1037 2600 1126 2669 qui
1155 2599 1421 2652 Christum
1441 2597 1534 2650 Dei
1554 2597 1875 2652 seductorem
1892 2594 2054 2664 fuisse

2170 2583 2228 2638 [κ
2264 2579 2418 2648 πρὸς
2440 2575 2578 2642 τοὺς
2601 2573 3272 2669 πέοέγεῖλῑξξεέέηέέξεις
3295 2572 3588 2643 τεγυνέναι
3616 2574 3723 2630 τὸν

1113 2670 1440 2722 existimant.

575 2759 950 2832 lnterrogandi
989 2761 1152 2830 igitur
1172 2767 1320 2824 sunt,
1357 2774 1486 2812 num
1513 2759 1637 2828 quis
1665 2770 1904 2826 unquam
1923 2755 2062 2810 alius

511 2855 637 2909 huic
668 2853 862 2909 similis
893 2851 1152 2907 seductor
1181 2867 1247 2906 ex
1278 2852 1526 2906 historiis
1557 2851 1802 2919 ipsorum
1832 2847 2063 2918 proferri

511 2945 705 3016 possit,
735 2946 827 3016 qui
859 2943 1642 3013 mansuetudinis,probitatis,
1672 2941 2062 3011 temperantiae,

509 3037 796 3106 omnisque
822 3037 1044 3106 reliquae
1086 3037 1302 3091 virtutis
1345 3037 1410 3092 iis
1459 3051 1596 3105 quos
1643 3034 1917 3090 seduxerit
1953 3049 2067 3088 ma-

512 3133 680 3203 gister
709 3137 762 3184 et
791 3137 983 3184 auctor
1012 3130 1280 3183 exstiterit
1307 3148 1320 3183 :
1357 3137 1408 3184 et
1436 3138 1616 3182 utrum
1639 3128 1723 3183 fas
1750 3129 1820 3183 sit
1872 3127 1939 3183 iis
1969 3143 2069 3182 no-

511 3221 751 3275 minibus
785 3235 980 3274 vocare
1006 3235 1150 3273 eum:
1187 3219 1279 3288 qui
1312 3235 1380 3273 ne
1409 3219 1609 3272 intueri
1675 3217 1893 3287 quidem
1943 3234 2067 3273 mu-

511 3313 700 3366 lierem
732 3325 856 3365 cum
884 3310 1146 3381 petulanti
1179 3310 1477 3379 cupiditate
1523 3309 1817 3378 permittit:
1850 3315 1904 3363 et
1937 3323 2065 3362 num

513 3403 562 3457 is
614 3402 888 3464 seductor,
921 3401 1011 3469 qui
1053 3414 1324 3454 summum
1382 3399 1736 3469 philosophiae
1796 3397 2067 3470 fastigium

513 3492 846 3556 tradiderit,
911 3491 1319 3561 discipulosque
1373 3507 1504 3546 suos
1565 3489 1859 3554 docuerit,
1923 3505 2070 3559 quae-

515 3601 728 3656 cunque
795 3583 1129 3654 possideant}
1170 3585 1350 3647 hona,
1428 3583 1794 3652 indigentibus
1871 3583 2071 3652 imper-

517 3676 631 3738 tiri,
671 3682 725 3730 et
773 3673 976 3728 laboris
1028 3672 1267 3727 studium
1339 3687 1405 3726 ac
1440 3672 1848 3726 beneficentiam
1917 3671 2071 3741 103

516 3766 734 3838 plurimi
799 3766 976 3820 facere
1033 3782 1048 3818 :
1109 3772 1162 3818 et
1211 3771 1391 3816 utrum
1445 3763 1697 3818 seductor
1751 3763 1817 3825 is,
1876 3763 1968 3831 qui
2016 3763 2070 3828 in

516 3857 863 3912 multitudine
917 3855 1165 3926 populari
1215 3893 1257 3924 ,.
1286 3855 1338 3908 in
1380 3855 1588 3924 plebeio
1652 3852 2071 3922 turbulentoque

515 3962 678 4017 grege
706 3947 909 4000 versari
943 3946 1210 4014 prohibet,
1245 3946 1420 3999 solum
1450 3950 1629 3998 autem
1663 3958 1844 3996 rerum
1873 3941 2074 3996 divina-
2099 3961 2142 4017 ο

515 4054 636 4092 rum
666 4038 906 4092 studium
940 4052 1036 4090 sua
1077 4035 1327 4090 doctrina
1375 4033 1737 4088 commendat.
1775 4031 1878 4098 Qui
1913 4046 2073 4102 porro

517 4127 632 4182 fieri
665 4134 863 4195 potest,
899 4134 958 4178 ut
1004 4125 1051 4178 is
1095 4123 1290 4178 merito
1329 4123 1641 4176 nominetur
1674 4118 1948 4183 seductor,
1979 4117 2070 4186 qui

514 4225 570 4270 et
615 4216 684 4270 ab
724 4215 872 4270 omni
923 4214 1206 4270 mendacio
1247 4213 1540 4276 deterreat,
1585 4219 1640 4265 et
1683 4211 1748 4264 ad
1792 4211 2072 4264 veritatem

517 4316 708 4376 praeter
731 4316 924 4360 cuncta
955 4307 1058 4358 alia
1086 4305 1515 4374 amplectendam
1539 4303 1894 4358 adhortetur?
1923 4309 1981 4356 ut
2007 4318 2074 4356 ne

510 4395 635 4463 jure
681 4394 896 4463 quidem
938 4394 1172 4462 jurando
1223 4394 1351 4448 velit
1398 4409 1497 4448 nos
1547 4393 1827 4464 indigere?
1871 4399 2074 4462 quanto

514 4494 693 4540 autem
739 4487 918 4539 minus
965 4485 1237 4554 perjurio?
1270 4505 1287 4537 ι
1317 4484 1398 4540 Sit
1441 4487 1584 4541 enim
1633 4502 1812 4541 sermo
1847 4494 2024 4541 vester
2056 4505 2068 4541 :

518 4574 634 4637 Est,
665 4582 749 4629 est
776 4592 788 4628 :
816 4590 942 4637 non,
981 4590 1086 4628 non
1112 4576 1152 4605 ⁶¹
1181 4594 1194 4628 :
1232 4594 1250 4626 ι
1289 4583 1342 4627 et
1369 4575 1497 4644 quid
1528 4591 1612 4630 me
1637 4575 1790 4644 plura
1823 4575 2074 4644 colligere

515 4674 749 4738 Oportet,
787 4681 910 4720 cum
943 4682 1006 4720 ex
1043 4667 1131 4728 iis,
1163 4682 1285 4736 quae
1319 4665 1427 4734 jam
1461 4667 1606 4720 dicta
1640 4674 1786 4730 sunt,
1819 4667 1977 4734 plane
2011 4666 2074 4718 li—

513 4767 634 4816 ceat
664 4758 896 4822 discere,
928 4759 1200 4828 quodnam
1234 4761 1394 4816 fuerit
1422 4760 1540 4830 ejus
1574 4760 1884 4829 reipublicae
1915 4758 2074 4812 insti-

513 4859 711 4914 tutum,
745 4867 867 4921 qua:
913 4852 981 4906 ab
1028 4852 1122 4909 illo
1151 4853 1292 4906 inter
1325 4853 1570 4909 homines
1601 4853 1668 4907 ad
1703 4854 1827 4906 vitm
1863 4851 2072 4905 utilita-

512 4951 617 4998 tem
641 4942 991 4998 disseminata
1024 4944 1146 4998 est?
1172 4959 1238 5000 ex
1265 4960 1394 5014 qua,
1426 4961 1534 4999 non
1568 4943 1728 4999 modo
1771 4959 1877 4998 non
1910 4943 2073 4998 sedu-

513 5042 747 5099 ctorem,
772 5034 865 5090 sed
897 5049 1020 5088 vere
1049 5035 1287 5090 divinum
1309 5037 1614 5106 quemdam,
1645 5044 1700 5091 et
1731 5035 1926 5090 divinat
1961 5034 2074 5103 pie-

511 5131 785 5194 tatemque
815 5125 1072 5195 amplexa)
1094 5125 1476 5202 phiIOSOphiae,
1522 5143 1632 5182 non
1673 5125 1979 5181 communis
2010 5126 2076 5180 il.

510 5215 616 5271 lius
667 5223 720 5270 et
769 5217 1011 5287 vulgaris
1063 5218 1530 5280 introductorem.
1587 5219 1767 5274 omnis
1824 5217 2073 5274 veritatis

2644 2641 2905 2711 Χριστὸν
2933 2642 3038 2696 τοῦ
3073 2644 3244 2697 Θεοῦ.

2233 2740 2495 2795 Πευστέον
2535 2737 2598 2809 δὴ
2669 2735 2846 2789 αὐτῶν
2903 2734 3082 2788 εἴποτέ
3135 2753 3220 2797 τις
3282 2735 3436 2799 ἄλλος
3492 2736 3720 2801 τοιοῦτος

2164 2834 2359 2896 πλάνος
2386 2831 2658 2901 ἱστόρηται
2686 2827 3006 2899 πραότητος,
3040 2826 3132 2880 καὶ
3175 2827 3493 2891 ἐπιεικείας,
3521 2845 3722 2900 σωφρο-

2167 2925 2328 2994 σύνης
2378 2940 2437 2976 τε
2497 2922 2588 2975 καὶ
2631 2921 2730 2990 τῆς
2784 2919 2946 2989 ἄλλης
2990 2919 3189 2990 ἀρετῆς
3236 2920 3553 2984 διδάσκαλος
3616 2925 3721 2985 τοῖς

2165 3014 2540 3086 ὰπατωμένοις
2583 3011 2817 3082 γεγονὼς
2865 3010 3063 3074 αἴτιος·
3111 3011 3205 3064 καὶ¹
3257 3014 3306 3064 εί
3355 3011 3573 3083 θεμιτὸν
3619 3012 3722 3066 τού·

2167 3127 2276 3173 τοις
2324 3107 2616 3162 ἀποκαλεῖν
2669 3108 2778 3168 τοῖς
2832 3104 3055 3175 ὀνόμασι
3109 3113 3198 3156 τον
3259 3104 3392 3175 μηδὲ
3444 3105 3722 3175 ἐμϐλέπειν

2171 3200 2306 3273 μετὰ
2373 3197 2665 3268 ἐπιθυμίας
2703 3195 3000 3250 ἀκολάστου
3048 3194 3290 3263 γυναιξὶν
3333 3195 3718 3268 ἐπιτρέψανταῄ

2168 3292 2260 3345 καὶ
2309 3291 2356 3342 εί
2408 3289 2602 3350 πλάνος
2643 3289 2672 3340 ὁ
2721 3285 2818 3356 τὴν
2869 3288 2946 3348 είς
2993 3284 3157 3354 ἄκρον
3201 3283 3478 3354 παραδοὺς
3523 3286 3719 3353 φιλοσο-

2169 3383 2296 3453 φίαν
2327 3385 2384 3435 ὲν
2408 3380 2484 3452 τῷ
2511 3381 2635 3439 τοὺς
2664 3376 2919 3448 φοιτητὰς
2953 3374 3220 3429 παιδεύειν
3251 3375 3357 3428 τῶν
3385 3376 3720 3448 ὑπαρχόντων

2169 3471 2367 3525 ὲνδεέσι
2412 3471 2703 3529 κοινωνεῖν,
2729 3468 2842 3519 ικαὶ
2880 3465 2940 3518 τὸ
2973 3465 3251 3532 φιλόπονον
3297 3465 3390 3516 καὶ
3425 3465 3722 3518 κοινωνικὸν

2169 3563 2297 3634 περὶ
2331 3559 2523 3614 πολλοῦ
2557 3558 2816 3612 τίθεσθαι·
2846 3557 2939 3610 καὶ
2978 3558 3026 3609 εί
3071 3556 3267 3618 πλάνος
3309 3557 3338 3608 ό
3387 3557 3488 3626 τῆς
3538 3555 3723 3624 πανδή-

2173 3671 2295 3725 μου,
2333 3653 2428 3706 καὶ
2466 3649 2737 3719 ἀγελαίου,
2782 3649 2874 3702 καὶ
2917 3647 3249 3719 θορυϐώδους
3304 3648 3587 3708 συνουσίας
3615 3647 3724 3698 ἀνε-

2170 3745 2388 3814 γείρων,
2413 3741 2672 3796 διδάσκων
2703 3740 2759 3792 δὲ
2787 3739 2951 3810 μόνην
2987 3736 3325 3802 ἀσπάζεσθαι
3365 3737 3463 3807 τὴν
3506 3738 3628 3808 περὶ
3663 3735 3725 3788 τὰ

2172 3835 2289 3889 θεῖα
2312 3835 2465 3903 λόγια
2498 3833 2709 3904 σχολήν.
2751 3832 2809 3885 Ὀ
2857 3831 2915 3885 δὲ
2949 3830 3145 3898 παντὸς
3187 3831 3285 3902 μὲν
3336 3829 3571 3900 ψεύδους
3600 3832 3725 3884 ἀπο-

2172 3928 2407 3998 τρέπων,
2444 3927 2540 3998 τὴν
2575 3926 2621 3978 δ’
2661 3923 2911 3995 ἀλήθειαν
2959 3922 3061 3992 πρὸ
3098 3923 3296 3986 παντὸς
3331 3926 3498 3994 τιμᾷν
3537 3941 3723 3994 παραι-

2174 4018 2297 4072 νῶνο
2322 4018 2396 4081 ὡς
2427 4018 2546 4088 μηδ’
2569 4015 2816 4086 εὐορκίας
2845 4013 3069 4078 δεῖσθαι,
3105 4015 3296 4067 πολλοῦ
3324 4015 3405 4068 δεῖ
3435 4017 3722 4087 ἐπιορκεῖν

2179 4127 2198 4160 ι
2227 4111 2403 4162 Ἔστω
2431 4109 2537 4180 γὰρ
2575 4107 2725 4179 ὑμῶν
2770 4105 2830 4158 τὸ
2859 4107 2965 4158 Ναὶ
3008 4107 3114 4168 ναὶ,
3143 4107 3212 4172 ¹τὸ
3246 4107 3306 4160 οὓ
3341 4105 3420 4159 οὗ·
3464 4127 3484 4158 ›
3522 4107 3633 4170 πῶς
3667 4105 3724 4158 ἂν

2173 4200 2370 4264 πλάνος
2402 4201 2621 4264 ὲνδίκως
2653 4196 3010 4270 ὀνομασθείη;
3045 4200 3154 4252 Καὶ
3191 4199 3241 4250 τί
3278 4215 3343 4267 με
3375 4198 3481 4270 χρὴ
3522 4198 3726 4250 πλείονα

2173 4293 2265 4347 νῦν
2319 4293 2515 4361 λέγειν,
2562 4293 2732 4363 παρὸν
2771 4295 2834 4347 ἐκ
2888 4293 2993 4345 τῶν
3045 4289 3276 4362 πρόσθεν
3313 4291 3616 4361 εἰρημένων
3650 4289 3725 4350 τίς

2173 4401 2302 4437 ποτε
2343 4380 2410 4455 ἦν
2448 4384 2645 4456 τρόπος
2681 4383 2882 4451 γνῶναι
2921 4382 3019 4451 τῆς
3053 4383 3143 4433 ὑπ’
3175 4380 3338 4434 αὐτοῦ
3369 4377 3725 4448 κατασπαρεί-

2175 4495 2273 4550 σης
2295 4478 2370 4547 τῷ
2393 4476 2490 4546 βίῳ
2522 4474 2809 4537 πολιτείας,
2835 4473 2923 4542 ἀφ’
2955 4469 3020 4544 ἧς
3048 4474 3144 4543 οὑχ
3173 4473 3320 4535 ὃπως
3345 4472 3563 4535 πλάνον,
3600 4469 3726 4524 ἀλλὰ

2172 4588 2289 4624 τινα
2317 4569 2455 4622 θεῖον
2479 4568 2552 4630 ὡς
2580 4565 2810 4636 άληθῶς,
2847 4566 2939 4618 καὶ
2980 4563 3148 4627 θείας,
3186 4564 3276 4616 καὶ
3312 4563 3588 4627 εὐσεϐοῦς,
3620 4561 3723 4614 ἀλλ’

2172 4664 2233 4716 ού
2266 4663 2362 4732 τῆς
2403 4659 2585 4729 κοινῆς
2627 4659 2719 4710 καὶ
2761 4657 3035 4728 πανδήμου
3086 4655 3396 4724 φιλοσοφίας
3441 4652 3723 4724 εἰσηγητὴν

2173 4755 2280 4817 πᾶς
2317 4754 2344 4804 ὁ
2395 4750 2690 4821 φιλαλήθης
2727 4749 2884 4802 αὐτὸν
2931 4748 3258 4820 ὁμολογήσαι
3295 4747 3393 4811 liv;
3452 4745 3556 4799 Τὸν
3605 4742 3724 4813 γοῦν

2175 4850 2285 4920 βίον
2315 4847 2421 4900 τῶν
2452 4845 2613 4904 πάλαι
2642 4842 2904 4913 θεοφιλῶν
2945 4840 3209 4911 Ἐϐραίων
3241 4838 3338 4910 ἤδη
3384 4855 3500 4902 πως
3545 4833 3604 4900 ἐξ
3641 4835 3725 4888 ἁν-

2174 4939 2402 5013 θρὼπων
2451 4935 2760 4992 ἀπολωλότα
2817 4933 2976 5006 μόνος
3021 4932 3482 5001 ἀνανεωσάμενος,
3521 4931 3618 4983 οὐκ
3651 4928 3725 4990 εις

2175 5035 2393 5106 βραχεῖς
2434 5031 2528 5085 καὶ
2573 5029 2840 5100 μετρίους,
2894 5027 3004 5080 ἀλλ’
3036 5028 3114 5088 εἰς
3151 5025 3267 5078 ὅλον
3302 5023 3617 5092 ὲφαπλῶσαι
3640 5019 3725 5072 τὸν

2173 5127 2374 5196 κόσμον
2404 5123 2774 5177 ἀποδέδεικται
2811 5119 2897 5173 διὰ
2929 5119 3020 5172 τοῦ
3063 5115 3275 5189 πρώτου
3308 5115 3725 5186 συγγράμματος

2172 5221 2268 5290 τῆς
2299 5217 2576 5290 παρούσης
2605 5212 2931 5276 ὑποθέσεωςο
2965 5211 3031 5266 δι’
3061 5204 3121 5264 οὗ
3150 5211 3410 5280 πάρεστιν
3435 5205 3725 5278 ἀνθρώποις

511 5314 722 5360 amator
769 5307 840 5362 sit
873 5307 1246 5364 confessurus.
1304 5308 1436 5362 Nam
1490 5310 1634 5380 quod
1686 5310 1818 5363 illud
1856 5309 2066 5364 vivendi

2175 5312 2268 5362 ὲπὶ
2291 5309 2518 5380 σπείρας
2554 5309 2665 5368 τοῖς
2697 5303 2816 5358 καθ’
2852 5305 2979 5374 ὅλης
3019 5305 3117 5373 τῆς
3151 5303 3472 5374 οἰκουμένης
3509 5301 3596 5353 τὸν
3623 5297 3725 5350 τῶν

511 5394 861 5460 institutum,
930 5414 1038 5469 quo
1101 5399 1447 5456 Hebraeorum
1508 5401 1911 5470 antiquissimi,
1968 5400 2064 5458 Dei

513 5485 692 5551 amici,
732 5486 832 5541 viri
880 5489 1193 5558 utehantur,
1225 5491 1476 5563 quodque
1503 5491 1614 5565 jam
1649 5508 1714 5548 ex
1757 5493 2066 5550 hominibus

583 5636 624 5667 ⁶¹
677 5637 864 5693 Matth.
891 5657 942 5702 ν,
983 5643 1071 5697 57.

2173 5401 2431 5471 θεοφιλῶν
2459 5399 2678 5454 ἐκείνων
2708 5398 2848 5467 ἀμφὶ
2867 5398 2956 5451 τὸν
2989 5395 3234 5468 Ἀϐραὰμ
3261 5395 3483 5467 μυρίους
3503 5411 3559 5447 τε
3579 5393 3726 5452 ὅσους

2177 5490 2417 5563 ζηλωτὰς
2447 5491 2546 5543 οὐκ
2579 5487 2636 5553 ἐξ
2673 5487 2934 5558 Ἑλλήνιον
2963 5487 3138 5559 μόνον,
3169 5486 3300 5540 ἀλλὰ
3331 5487 3420 5539 καὶ
3451 5483 3728 5558 βαρϐάρων
