3930 6202
282 313 389 369 189

1192 309 1845 369 DEMONSTRATIONIS
1884 307 2342 364 EVANGELICE
2384 307 2510 361 LIB.
2550 305 2635 382 lli.

3410 301 3516 358 I90

276 432 380 503 τῆς
404 430 628 484 ἐκείνων
658 430 939 496 θεοσεϐοῦς
965 430 1234 495 πολιτείας
1262 430 1554 497 ἀποδεῖξαι.
1604 428 1764 482 Ἀλλά
1782 426 1843 481 τά

1951 427 2350 498 quodammodo
2400 426 2715 488 interierat,
2763 424 2914 479 solus
2971 421 3087 490 ipse
3137 420 3513 483 renovaverit,

279 522 382 592 μὲν
410 519 719 592 ὴθικώτερα
745 522 843 593 τῆς
867 520 1207 586 διδασκαλίας
1237 521 1401 575 αὐτοῦ
1431 519 1674 573 τοιαῦτα.
1716 519 1852 591 Φέρε

274 614 331 667 δὲ
370 610 698 683 σκεψώμεθα
750 615 824 684 μὴ
869 614 977 687 ἄρα
1009 615 1141 666 ποτὲ
1168 615 1196 666 ὁ
1227 613 1424 676 πλάνος
1451 610 1601 683 αὐτῷ
1632 611 1758 683 περὶ
1784 611 1852 665 τὰ

276 705 590 777 κυριώτατα
624 705 730 758 τῶν
782 705 1063 776 δογμάτων
1094 706 1425 774 κατεγίνετο.
1452 700 1578 775 Ἆρ’
1613 698 1706 757 οὖν
1733 703 1853 773 οὐχὶ

278 798 428 868 μόνῳ
456 797 536 868 τῷ
570 796 898 867 παμϐασιλεῖ
926 798 1044 869 Θεῷ
1088 797 1165 869 τῷ
1206 798 1299 851 καὶ
1318 796 1571 867 οὐρανοῦ,
1602 797 1695 848 καὶ
1726 796 1850 865 γῆς,

274 891 374 949 καὶ
434 888 529 942 τοῦ
591 888 897 960 σύμπαντος
956 890 1157 960 κόσμου
1219 887 1531 961 δημιουργῷ
1576 887 1734 949 αὐτός
1791 903 1851 939 τε

274 981 633 1051 ἀνακείμενος
666 982 906 1044 καὶτοὺς
939 981 1194 1052 φοιτητὰς
1227 981 1514 1051 προσάγων
1545 980 1853 1049 ἀναγέγρα-

276 1088 447 1136 mat;
486 1072 663 1126 Είσέτι
698 1090 755 1124 τε
791 1073 884 1126 καὶ
915 1072 1072 1143 δεῦρο
1112 1074 1160 1125 oi
1194 1073 1294 1143 τῆς
1316 1072 1660 1134 διδασκαλίας
1686 1069 1850 1125 αὑτοῦ

274 1162 425 1231 λόγοι
459 1166 633 1219 πάντα
668 1164 897 1235 Ἕλληνα
928 1166 1019 1217 καὶ
1049 1164 1318 1236 βάρϐαρον
1348 1164 1458 1217 ἀνω
1492 1163 1589 1233 τὴν
1616 1162 1850 1215 διάνοιαν

276 1255 417 1326 πρὸς
446 1255 538 1308 τὸν
569 1256 824 1309 ἀνωτάτω
850 1256 981 1309 Θεὸν
1008 1257 1287 1325 ἀνάγουσι,
1324 1259 1507 1310 πᾶσαν
1533 1254 1731 1325 ὁρατὴν
1752 1253 1852 1322 φύ-

278 1364 367 1401 σιν
399 1347 762 1419 ὑπερόψαντα.
794 1344 936 1421 Ἀρα
969 1345 1062 1402 οὖν
1105 1349 1177 1420 μὴ
1217 1349 1388 1412 οὕτως
1412 1345 1479 1419 ἦν
1508 1350 1536 1400 ὁ
1567 1346 1781 1411 πλάνος,
1815 1346 1848 1416 ἦ

272 1440 365 1492 ὅτι
395 1440 467 1510 μὴ
494 1441 589 1510 καὶ
614 1440 828 1503 πλείους
865 1441 1039 1494 σέϐειν
1070 1441 1224 1504 θεοὺς
1255 1442 1319 1493 ὲκ
1345 1441 1444 1510 τῆς
1481 1438 1737 1492 ἀνωτάτω
1757 1438 1851 1491 καὶ¹

280 1532 454 1600 μόνης
477 1509 706 1600 ἀληθοῦς
732 1531 1006 1600 θεολογίας
1035 1533 1124 1585 τὸν
1147 1533 1220 1595 ὡς
1249 1509 1459 1602 ἀληθῶς
1487 1532 1685 1585 πλάνον
1711 1548 1847 1602 τρα-

274 1622 600 1692 χηλισθέντα
627 1628 929 1695 συγχωρεῖ;
976 1623 1112 1676 Ἀλλ’
1147 1618 1299 1687 οὗτος
1334 1625 1394 1677 οὐ
1429 1623 1709 1695 νεώτερος,
1740 1622 1848 1676 οὐδ’

274 1716 477 1776 οἰκεῖος
509 1715 658 1785 αὑτῴ
678 1716 852 1784 λόγος,
876 1719 986 1780 τοῖς
1014 1717 1057 1769 δ’
1092 1717 1155 1768 ὲκ
1192 1715 1400 1787 μακροῦ
1430 1715 1588 1769 πάλιν
1612 1713 1848 1783 θεοφιλέ-

1956 538 2133 592 neque
2177 521 2233 575 in
2268 532 2471 590 paucos
2503 524 2558 572 et
2589 516 2854 579 modicos,
2901 514 2995 570 sed
3028 514 3082 567 in
3115 521 3289 567 totum
3325 513 3516 568 orbem

1954 612 2249 677 diﬂuderit,
2278 612 2332 665 in
2369 611 2544 681 primo
2577 608 2741 676 hujus
2768 607 2951 676 operis
2983 605 3122 661 libro
3146 605 3282 659 satis
3304 619 3334 657 ε
3356 604 3516 660 nobis

1954 716 2235 763 ostensum
2279 712 2362 759 est
2398 722 2411 757 :
2444 717 2542 773 per
2588 716 2747 770 quem
2795 700 2985 768 utique
3025 698 3151 752 licet
3202 697 3516 753 hominibus

1949 796 2061 866 jam
2096 792 2370 849 turmatim
2402 792 2455 845 in
2491 797 2604 843 toto
2636 788 2787 850 orbe,
2822 788 2966 842 illius
2998 786 3142 848 vita},
3172 784 3516 853 religionem-

1954 902 2058 958 que
2102 886 2362 955 amp‘lexae
2408 881 2736 951 reipublicae,
2772 894 2934 949 quam
2972 884 3026 931 et
3077 877 3192 946 ipse
3238 875 3513 929 Abraham

1950 990 2004 1034 et
2032 978 2123 1048 qui
2167 993 2262 1046 per
2303 976 2439 1029 idem
2480 982 2693 1040 tempus
2726 971 2907 1023 vixere
2946 967 3136 1022 sectati
3172 975 3320 1030 sunt,
3352 967 3515 1020 innu-

1952 1070 2239 1126 merabiles
2271 1083 2378 1122 non
2413 1066 2587 1120 solum
2621 1080 2685 1118 ex
2713 1062 2934 1122 Graecis,
2979 1059 3073 1114 sed
3104 1060 3266 1113 etiam
3295 1074 3358 1111 ex
3387 1058 3513 1113 bar-

1952 1164 2119 1226 baris,
2151 1162 2495 1216 aemulatores
2532 1156 2837 1211 ostendere.
2868 1153 2930 1206 Et
2980 1154 3124 1206 illius
3157 1152 3375 1221 quidem
3408 1151 3509 1205 do-

1950 1255 2139 1310 ctrina:
2188 1267 2313 1322 pars
2345 1265 2464 1320 qum
2506 1248 2570 1301 ad
2612 1262 2791 1300 mores
2832 1246 3064 1314 pertinet
3119 1243 3313 1312 magis,
3363 1243 3513 1311 ejus-

1951 1346 2117 1401 modi.
2149 1343 2305 1397 Nuuc
2335 1342 2617 1395 videamus
2647 1345 2828 1389 utrum
2856 1332 3162 1388 seductoris
3192 1345 3409 1395 nomen,
3434 1329 3511 1383 illi

1951 1439 2006 1492 in
2034 1452 2099 1492 eo
2126 1449 2321 1505 genere
2352 1440 2743 1501 praeceptorum
2767 1426 3075 1487 conveniat,
3110 1422 3252 1493 quod
3277 1423 3513 1477 maxime

1950 1526 2279 1580 dominatur.
2321 1521 2511 1576 Nonne
2560 1520 2723 1589 igitur
2771 1515 2837 1570 de
2884 1516 2975 1569 illo
3015 1515 3192 1584 palam
3247 1514 3511 1581 scriptum

1949 1625 2058 1683 est,
2090 1613 2544 1686 quemadmodum
2576 1612 2679 1665 soli
2707 1608 2950 1663 omnium
2983 1607 3096 1676 regi
3140 1604 3268 1666 Deo.
3301 1612 3357 1658 et
3386 1602 3512 1658 caeli

1950 1726 2014 1765 ac
2039 1717 2222 1771 terrae,
2252 1706 2544 1773 mundique
2574 1703 2814 1757 universi
2845 1701 3048 1770 Opilici,
3075 1708 3129 1753 et
3154 1699 3269 1766 ipse
3294 1695 3510 1750 deditus

275 1821 364 1857 σιν
405 1781 674 1877 Ἑϐραίοις
695 1781 1013 1879 προσφιλὴς,
1037 1781 1318 1879 ὠσπεροῦν
1348 1808 1609 1862 δέδεικται
1637 1781 1725 1859 διά
1750 1807 1843 1876 τῆς

1950 1804 2134 1868 fuerit,
2169 1810 2222 1856 et
2245 1799 2630 1855 commendare
2660 1810 2789 1850 suos
2814 1793 3112 1863 discipulos
3136 1785 3512 1845 consueverit?

276 1899 809 1967 Προπαρασκευῆς,
835 1900 963 1971 παρ’
992 1893 1065 1952 ὧν
1094 1900 1192 1970 ἤδη
1215 1899 1309 1952 καὶ
1330 1898 1435 1953 τῶν
1464 1900 1597 1953 νέων
1637 1898 1847 1968 φιλοσό-

276 2005 392 2057 φων
427 1990 613 2053 παῖδες
638 1990 705 2043 τά
740 1991 945 2061 μεγάλα
976 1991 1331 2061 ὠφελημένοι,
1362 1990 1439 2061 τῷ
1457 1991 1682 2061 δόγματι
1719 2007 1845 2042 συν-

271 2080 604 2151 ηρέσθησαν.
639 2083 990 2153 Σεμνὺνονται
1023 2086 1086 2152 γέ
1118 2100 1199 2136 τοι
1257 2084 1350 2136 καὶ
1371 2083 1548 2135 αὐτῶν
1582 2083 1844 2152 Ἑλλήνων

274 2172 331 2223 οἱ
368 2171 683 2239 λογιώτατοι
728 2174 821 2227 ἐπὶ
866 2176 1131 2245 χρησμοῖς
1167 2174 1274 2227 τῶν
1304 2174 1517 2227 οίκείων
1559 2173 1713 2236 θεῶν,
1744 2166 1844 2225 ὧδέ

1953 1893 2057 1949 Sed
2102 1907 2281 1946 nonne
2333 1891 2496 1944 etiam
2541 1902 2686 1941 nunc
2745 1886 2892 1938 illius
2935 1882 3198 1937 doctrinae
3243 1888 3513 1950 praecepta

1951 1998 2162 2047 omnes,
2191 1991 2244 2037 et
2285 1979 2502 2034 Graecos
2524 1987 2576 2032 et
2608 1976 2873 2031 barbaros
2910 1974 2976 2027 ad
3005 1987 3318 2043 supremum
3344 1969 3509 2023 Deum

1951 2091 2167 2132 sursum
2206 2080 2386 2128 mente
2416 2071 2703 2137 animoque
2737 2064 3165 2137 percipiendum,
3211 2071 3264 2116 et
3294 2074 3511 2114 omnem

1951 2165 2215 2221 visibilem
2272 2170 2520 2215 naturam
2570 2156 2970 2227 despiciendam
3020 2151 3324 2208 extollunt?
3380 2163 3510 2203 num

272 2277 396 2324 ¹ιτως
431 2263 687 2334 Ἐϐραίων
711 2265 1154 2334 μνημονεύουσιν·

1950 2259 2116 2328 igitur
2136 2256 2226 2309 hic
2246 2254 2345 2307 fuit
2369 2251 2657 2307 seductor?
2695 2264 2764 2301 an
2799 2262 2927 2302 vero
2956 2245 3099 2315 quod
3126 2244 3309 2312 plures
3333 2241 3512 2295 colere

276 2354 412 2407 deos
448 2369 511 2407 ex
546 2370 795 2423 suprema
835 2363 888 2409 et
926 2356 1041 2410 sola
1086 2370 1211 2409 vera
1246 2352 1513 2421 theologia
1553 2366 1699 2415 eum,
1765 2351 1857 2421 qui
1893 2363 2081 2404 revera
2114 2347 2167 2400 in
2206 2358 2444 2399 errorem
2502 2355 2741 2411 praeceps
2782 2340 2852 2393 sit
2904 2338 3088 2405 lapsus
3146 2349 3252 2387 non
3290 2330 3513 2401 permit-

276 2444 382 2497 tit?
406 2450 460 2497 at
485 2444 573 2499 hic
601 2462 707 2499 non
744 2461 954 2510 recens,
986 2462 1159 2517 neque
1184 2447 1338 2500 illius
1361 2446 1610 2516 praprius
1635 2458 1837 2506 sermo,
1904 2441 2000 2497 sed
2037 2457 2103 2496 ex
2150 2438 2319 2493 multo
2371 2443 2614 2505 tempore
2659 2432 2856 2503 priscis
2914 2429 3004 2483 Dei
3051 2427 3351 2481 cultoribus
3404 2423 3510 2478 He-

279 2537 440 2591 braeis
468 2550 784 2603 consuetus,
828 2539 1278 2608 quemadmodum
1305 2546 1358 2594 et
1391 2538 1446 2592 in
1473 2537 1870 2607 Prwparalioue
1909 2540 2188 2589 ostensum
2228 2538 2332 2593 est,
2365 2544 2429 2581 ex
2489 2542 2594 2596 qua
2624 2527 2732 2594 jam
2784 2536 2929 2577 nunc
2955 2534 3076 2575 cum
3124 2529 3369 2573 recentes
3399 2517 3517 2586 phi-

278 2630 494 2701 losophi
563 2646 813 2701 magnam
882 2633 1166 2687 utilitatem
1223 2635 1548 2703 acceperint,
1603 2634 1778 2703 ipsum
1845 2629 2107 2685 doctrinae
2180 2640 2352 2695 genus
2400 2622 2910 2692 comprobaverunt.
2957 2617 3223 2672 Caeterum
3266 2614 3506 2684 ipsorum
3588 2694 3589 2697 η

278 2724 440 2776 etiam
477 2723 632 2795 ιοά,
654 2722 964 2778 Graecorum
1007 2725 1309 2780 doctissimi
1352 2740 1576 2781 suorum
1642 2724 1869 2779 deorum
1932 2719 2171 2777 oraculis
2226 2717 2547 2787 gloriantur,
2596 2714 2663 2770 de
2721 2714 2961 2770 llebrzeis
3009 2713 3063 2767 in
3108 2712 3253 2766 hunc
3290 2707 3509 2763 modum

280 2822 605 2873 mentionem
638 2818 964 2875 facientibus
996 2837 1011 2874 :

277 2930 503 2985 Μοῦνοι
528 2930 806 2983 Χαλδαῖοι
834 2930 1056 2998 σοφίην
1082 2930 1295 2998 λάχον,
1327 2930 1419 2998 ἡδ’
1443 2929 1534 2997 ἄρ’
1576 2929 1841 2996 Ἑϐραῖοι,

268 3003 712 3069 Αὐτογένεθλον
743 3000 971 3054 ἄνακτα
999 2999 1375 3070 σεϐαζόμενοι
1410 3002 1555 3053 Θεὸν
1586 2999 1801 3069 ἁγνῶς.

278 3175 582 3238 Χαλδαίους
619 3176 673 3229 δὲ
716 3178 841 3241 τοὺς
888 3176 1082 3239 αὐτοὺς
1110 3176 1196 3229 διὰ
1223 3177 1313 3229 τὸν
1358 3175 1604 3246 Ἀϐραὰμ
1634 3176 1845 3247 ὠνόμασ-

284 3286 402 3331 οεν,
443 3268 562 3319 ἐπεὶ
590 3267 844 3330 Χαλδαῖος
887 3264 952 3339 ἦν
994 3270 1054 3321 τὸ
1092 3269 1267 3336 γένος,
1316 3270 1391 3333 ὡς
1429 3271 1735 3339 ἱστορεῖται.
1780 3271 1843 3324 Εἰ

281 3359 351 3431 δὴ
390 3355 481 3412 οὖν
512 3362 599 3412 καὶ
638 3361 905 3431 πρόπαλαι
946 3360 1130 3424 παῖδες
1174 3360 1434 3433 Ἐϐραίων
1459 3360 1564 3415 τῶν
1584 3361 1647 3431 δὴ
1690 3360 1845 3431 μάλι-

282 3468 407 3511 στα,
438 3452 683 3522 καὶπρὸς
712 3452 818 3505 τῶν
861 3452 1121 3524 χρησμῶν
1168 3454 1259 3505 ἐπὶ
1292 3454 1450 3522 σοφίᾳ
1494 3469 1845 3523 μεμαρτυρη-

280 3544 459 3615 μένων
492 3544 583 3595 ἐπὶ
614 3545 771 3613 μόνον
814 3544 901 3597 τὸν
941 3544 1153 3597 πάντων
1185 3544 1509 3615 δημιουργὸν
1543 3543 1671 3596 Θεὸν
1714 3543 1845 3612 ἀνῆ-

276 3653 376 3704 γον
408 3637 469 3687 τὸ
517 3636 700 3699 σέϐας·
733 3637 782 3690 τί
823 3638 903 3690 δεῖ
936 3637 1150 3701 πλάνον,
1180 3638 1296 3707 οὐχὶ
1330 3637 1385 3689 δὲ
1419 3636 1728 3706 θαυμαστὸν
1757 3636 1846 3688 εὐ-

279 3728 496 3791 σεϐείας
523 3729 836 3781 διδάσκαλον
856 3728 1131 3799 ὁμολογεῖν
1154 3730 1369 3793 τοῦτον;
1393 3728 1451 3791 ὃς
1475 3728 1543 3781 τά
1571 3727 1843 3799 πρόπαλαι

278 3820 442 3889 μόνος
474 3823 583 3883 τοῖς
610 3820 906 3889 θεοφιλέσιν
952 3821 1218 3891 Ἑϐραίοις
1261 3820 1576 3890 ἐγνωσμένα
1610 3822 1687 3882 είς
1713 3820 1846 3873 πάν-

274 3926 378 3972 τας
407 3909 724 3980 ἀνθρώπους
765 3910 978 3982 ἀοράτῳ
1011 3914 1103 3966 καὶ
1136 3910 1304 3981 ὲνθέῳ
1342 3911 1563 3980 δυνάμει
1605 3928 1847 3983 προαγα-

276 4003 393 4071 γὼν
425 4000 753 4071 ὲξήπλωσεν·
786 4002 924 4055 ὥστε
963 4003 1156 4075 μηκέτι
1184 4004 1321 4056 κατά
1348 4003 1408 4056 τὸ
1442 4003 1663 4058 παλαιὸν
1710 4004 1843 4076 βραο

276 4097 394 4163 χεῖς
416 4110 565 4157 τινας
600 4094 689 4145 καὶ
714 4094 926 4166 ἀριθμῴ
958 4095 1193 4166 ληπτοὺς
1220 4095 1382 4167 όρθάς
1415 4098 1541 4167 περὶ
1580 4096 1713 4148 Θεοῦ
1760 4096 1846 4165 φέ-

278 4201 398 4256 ρειν
435 4184 609 4247 δόξας,
638 4184 771 4237 ἀλλά
805 4186 969 4257 μυρία
999 4186 1177 4257 πλήθη
1219 4186 1503 4257 βαρϐάρων
1537 4186 1641 4239 τῶν
1679 4186 1843 4242 πάλαι

276 4276 741 4345 θηριωδεστάτων,
778 4278 969 4345 λογίων
999 4294 1058 4333 τε
1092 4278 1186 4331 καὶ
1242 4278 1502 4350 Ἐλλήνων
1534 4280 1761 4349 ἀνδρῶν,
1794 4280 1843 4333 οἳ

277 4372 393 4429 τοῖς
428 4368 589 4421 πάλαι
630 4373 928 4441 προφήταις
948 4370 1043 4422 καὶ
1066 4370 1293 4433 δικαίοις
1313 4371 1568 4442 ἀνδράσιν
1600 4371 1842 4424 εὐσεϐεῖν

1953 2925 2092 2982 Solis
2131 2923 2391 2980 Chaldwis
2420 2923 2679 2992 sapientia
2701 2920 2934 2990 contigit,
2969 2930 3125 2992 atque

1953 2998 2213 3056 Hebrazis.
2242 2997 2331 3059 qui
2355 3011 2419 3049 ex
2441 2990 2495 3047 se
2517 2994 2766 3063 genitum,
2801 3007 3067 3060 regemque
3095 2990 3351 3063 deumque

1953 3069 2099 3121 Pura
2134 3077 2298 3120 mente
2324 3059 2534 3127 colunt;
2560 3074 2712 3133 atque
2746 3059 2905 3114 unum
2937 3059 3125 3115 numen
3155 3059 3401 3115 adorant.

1944 3177 2229 3231 Chaldaeos
2258 3184 2437 3230 autem
2458 3174 2676 3230 eosdem
2705 3182 2927 3243 pr0pter
2950 3174 3221 3227 Abraham
3256 3170 3507 3225 nomina-

1945 3270 2042 3332 vit,
2080 3273 2193 3339 qui,
2250 3279 2308 3323 ut
2346 3272 2618 3325 memoriae
2648 3271 2919 3339 proditum
2952 3277 3057 3331 est,
3107 3276 3303 3337 genere
3343 3266 3509 3323 Chal-

1945 3359 2093 3413 daeus
2123 3360 2242 3414 fuit.
2286 3360 2341 3414 Si
2374 3361 2538 3430 igitur
2567 3362 2728 3415 etiam
2776 3361 2845 3415 ab
2882 3362 3120 3430 antiquis
3158 3374 3330 3428 usque
3369 3366 3509 3413 tem-

1945 3451 2191 3519 poribus,
2236 3450 2467 3515 Hebraai,
2516 3454 2608 3522 qui
2648 3453 2881 3506 maxime
2918 3451 2987 3505 ab
3018 3451 3255 3504 oraculis
3290 3464 3507 3519 quoque

1944 3543 2223 3611 sapientiae
2263 3544 2630 3597 testimonium
2684 3551 3032 3612 acceperunt,
3071 3543 3127 3596 in
3160 3558 3327 3597 unum
3377 3556 3498 3594 om-

1944 3635 2094 3689 nium
2141 3650 2321 3689 rerum
2376 3634 2623 3703 opificem
2669 3633 2838 3688 Deum
2888 3635 3259 3689 adorationem
3304 3634 3506 3703 dirige-

1944 3728 2095 3791 bant,
2136 3743 2236 3781 cur
2269 3727 2613 3781 seductorem
2665 3728 2920 3796 amplius,
2953 3742 3017 3780 ac
3046 3742 3155 3780 non
3190 3727 3369 3796 potius
3402 3724 3506 3778 mi-

1945 3818 2171 3872 rabilem
2213 3818 2493 3888 religionis
2533 3818 2875 3888 magistrum,
2910 3819 3053 3871 hunc
3073 3818 3183 3886 jam
3221 3817 3390 3871 fuisse
3424 3815 3505 3869 fa-

1943 3911 2195 3965 teamur?
2238 3912 2330 3980 qui
2379 3926 2443 3965 ea
2496 3926 2617 3979 qua:
2658 3910 2929 3980 quondam
2980 3911 3116 3964 solis
3163 3908 3257 3963 Dei
3311 3908 3503 3964 amicis

1944 4000 2184 4057 Hebraeis
2216 4003 2433 4072 cognita
2460 4011 2636 4065 erant,
2669 4002 2723 4056 in
2764 4008 2992 4056 cunctos
3030 4001 3277 4055 homines
3314 3999 3504 4055 invisi-

1942 4096 2061 4159 bili,
2087 4095 2378 4165 divinaque
2422 4097 2619 4150 virtute
2649 4096 2873 4166 protulit
2900 4111 2963 4149 ac
2995 4095 3271 4150 delitavit‘!
3307 4101 3363 4146 ut
3396 4108 3505 4146 non

1943 4184 2196 4254 amplius,
2238 4185 2379 4240 sicut
2414 4185 2565 4253 prius
2588 4185 2743 4254 pauci
2775 4183 2996 4253 quidam
3031 4191 3085 4238 et
3117 4180 3502 4241 numerabiles.

1947 4285 2122 4331 rectas
2151 4276 2218 4330 de
2251 4273 2359 4329 Deo
2390 4275 2622 4330 habeant
2646 4276 2951 4344 opiniones,
2977 4276 3071 4330 sed
3094 4282 3394 4329 conventus
3420 4272 3506 4324 in-

1943 4368 2309 4423 numerabiles
2355 4377 2462 4421 tam
2506 4368 2784 4422 hominum
2829 4368 3205 4432 barbarorum,
3250 4368 3342 4434 qui
3372 4366 3505 4420 olim

275 4461 479 4530 ὁμοίως
508 4460 594 4512 διά
617 4462 780 4531 μόνης
810 4462 906 4530 τῆς
941 4460 1101 4513 αὐτοῦ
1130 4462 1407 4535 δυνάμεως
1427 4462 1841 4533 ἐπαιδεύθησαν.

1947 4459 2204 4515 ferissimi
2234 4468 2409 4523 erant,
2434 4476 2592 4530 quam
2619 4461 2947 4529 sapientium
2973 4471 3026 4514 et
3055 4459 3386 4525 Graecorum,
3410 4457 3505 4528 qui

294 4551 452 4603 Ἀλλά
492 4551 554 4623 δὴ
596 4551 657 4603 τὸ
704 4552 882 4623 τρίτον
931 4551 1274 4623 σκεψώμεθα,
1308 4555 1380 4624 μή
1424 4556 1538 4607 ποτ’
1560 4555 1668 4625 ἀρα
1699 4555 1841 4608 τοῦτ’

275 4639 348 4715 ἦν
366 4644 430 4697 δι’
451 4645 478 4697 ὃ
515 4644 712 4697 πλάνον
736 4645 895 4697 αὐτόν
923 4662 1108 4717 φησιν,
1132 4647 1213 4698 ὅτι
1248 4647 1319 4717 μὴ
1365 4646 1669 4716 βουθυσίαις
1711 4649 1843 4719 μηδὲ

277 4736 432 4801 ζώων
460 4738 668 4806 ἀλόγων
722 4742 955 4808 σφαγαῖς
993 4738 1111 4810 μηδ’
1158 4740 1351 4810 αἵμασι
1391 4742 1484 4793 καὶ
1523 4743 1674 4811 πυρὶ,
1712 4741 1843 4813 μηδὲ

274 4832 388 4892 τοῖς
415 4832 521 4883 ἀπὸ
562 4832 663 4900 γῆς
690 4831 1154 4901 άναθυμιωμένοις
1193 4833 1252 4885 τὸ
1286 4834 1424 4886 Θείον
1458 4835 1621 4904 τιμᾷν
1669 4834 1842 4887 διετά-

273 4919 425 4987 ξατο.
454 4922 695 4975 Ταπεινά
725 4924 820 4993 μὲν
852 4924 943 4976 καὶ
973 4922 1146 4995 γεώδη
1176 4924 1343 4980 ταῦτα
1376 4926 1470 4979 καὶ
1513 4927 1611 4997 τῆς
1641 4927 1840 4980 ἀθανά-

272 5029 367 5073 ⁴του
397 5014 609 5081 φύσεως
640 5014 886 5086 οὐδαμῶς
932 5017 1105 5069 οἰκεῖα
1148 5017 1516 5088 λογισάμενος,
1552 5020 1741 5090 κρίνας
1785 5021 1840 5073 δὲ

274 5106 454 5175 πάσης
491 5104 681 5169 θυσίας
734 5109 1173 5178 προσηνεστάτην
1219 5109 1311 5161 καὶ
1357 5108 1538 5180 ἡδεῖαν
1583 5107 1721 5165 εἶναι
1763 5112 1840 5184 τῷ

272 5195 394 5265 Θεῷ
423 5196 521 5267 τὴν
568 5197 676 5249 τῶν
715 5197 930 5251 οἰκείων
975 5200 1200 5253 ἐντολῶν
1244 5202 1598 5273 κατόρθωσιν,
1647 5205 1713 5258 δι’
1765 5199 1840 5259 ὧν

271 5287 424 5358 αὑτῴ
453 5288 661 5359 σώματι
699 5290 792 5342 καὶ
823 5288 967 5359 ψυχῇ
988 5290 1442 5363 κεκαθαρμένους,
1474 5292 1548 5363 νῷ
1587 5310 1645 5345 τε
1693 5293 1839 5346 διαυ-

270 5381 358 5447 γεί
378 5377 471 5441 καὶ
502 5378 760 5448 ὣγμασιν
786 5380 1060 5433 εὑσεϐέσιν
1089 5382 1548 5452 κεκοσμημένους,
1575 5383 1670 5453 τὴν
1703 5385 1840 5456 πρὸς

267 5473 359 5533 τὸν
392 5471 524 5524 Θεὸν
563 5472 877 5541 ἐξομοίωσιν
907 5473 1297 5544 ἀπομιμεῖσθαι
1325 5475 1588 5540 ἐδίδασκε,
1614 5476 1837 5548 διαρρή-

267 5564 365 5633 δην
396 5564 636 5631 φάσκωνα
680 5583 699 5615 ι
749 5564 973 5617 Ἐσεσθε
1018 5566 1229 5626 τέλειοι,
1264 5566 1339 5630 ὼς
1379 5568 1407 5619 ό
1454 5567 1637 5637 Πατὴρ
1686 5568 1837 5638 ὑμῶν

269 5655 473 5717 τέλειός
498 5658 660 5709 ἐστιν.
702 5674 719 5706 ι
753 5656 814 5708 Εἰ
846 5654 909 5726 δὴ
948 5656 1118 5709 ταῦτά
1163 5674 1245 5721 τις
1297 5656 1557 5730 Ἐλλήνων
1596 5659 1833 5730 αἰτιῷτο,

271 5748 402 5801 tm
432 5745 507 5819 μὴ
538 5745 664 5815 φίλα
685 5748 794 5810 τοῖς
822 5747 1041 5811 οἰκείοις
1067 5748 1402 5812 διδασκάλοις
1434 5750 1662 5818 φρονῶν,
1698 5750 1831 5816 οἵγε,

1945 4555 2293 4623 antiquorum
2345 4554 2767 4623 prophetarum.
2815 4554 3199 4623 justorumque
3260 4552 3502 4606 virorum

1944 4647 2257 4716 religionem
2284 4648 2558 4718 amplecti,
2582 4648 2696 4703 sola
2731 4648 2876 4702 illius
2903 4648 3103 4701 virtute
3138 4644 3313 4700 edocti
3341 4640 3507 4697 sunt?

1946 4739 2050 4795 Sed
2090 4740 2201 4809 jam
2255 4741 2474 4793 tertium
2523 4740 2655 4794 illud
2693 4740 3143 4807 contemplemur,
3195 4752 3324 4789 num
3379 4748 3503 4787 vere

1942 4832 2094 4886 illum
2146 4832 2487 4886 seductorem
2537 4832 2827 4900 appellent,
2870 4829 3014 4900 quod
3062 4844 3172 4882 non
3218 4824 3503 4882 sacriﬁciis

1942 4923 2128 4987 boum,
2170 4939 2346 4994 neque
2380 4924 2663 4978 brutorum
2708 4924 3022 4978 animalium
3061 4918 3499 4978 mactationibus.

1941 5030 2119 5083 neque
2145 5017 2435 5071 cruoribus
2485 5024 2648 5086 atque
2682 5016 2823 5083 igne,
2861 5030 3036 5085 neque
3072 5014 3140 5068 iis
3178 5013 3342 5067 rebus
3383 5024 3504 5078 qum

1941 5108 2008 5161 de
2032 5116 2175 5161 terra
2208 5117 2510 5165 nascuntur
2545 5108 2807 5169 incensis,
2838 5107 3177 5162 divinitatem
3207 5103 3386 5158 colere
3418 5101 3503 5153 in-

1942 5201 2163 5257 stituit:
2201 5216 2393 5272 nempe
2428 5202 2652 5255 humilia
2704 5200 2818 5254 haec
2861 5208 2914 5255 et
2948 5207 3182 5258 terrena,
3232 5196 3506 5248 immorta-

1939 5294 2088 5362 lique
2118 5300 2328 5347 uatura:
2373 5294 2524 5347 nullo
2558 5292 2720 5347 modo
2750 5289 3128 5346 convenientia
3157 5287 3498 5348 existimans,

1934 5384 2299 5455 judicansque
2341 5386 2490 5439 omni
2537 5383 2807 5440 sacrificio
2861 5384 3067 5453 gratius
3093 5378 3501 5449 jucundiusque

1938 5475 2049 5531 Deo
2084 5492 2282 5535 munus
2315 5477 2517 5540 oﬂerri,
2561 5493 2684 5531 cum
2718 5477 2841 5545 quis
2882 5476 3025 5529 illius
3058 5483 3323 5543 praecepta
3345 5472 3502 5541 plene

1938 5566 2329 5630 observaverit,
2356 5581 2452 5637 per
2475 5580 2594 5635 qua:
2627 5566 2745 5636 ipso
2775 5578 3024 5633 corpore,
3061 5563 3349 5632 animaque
3374 5576 3500 5631 pur-

1938 5664 2115 5725 gatos,
2148 5663 2435 5727 menteque
2463 5656 2634 5711 nitida
2674 5670 2737 5710 ac
2765 5655 2998 5710 decretis
3027 5655 3297 5725 religiosis
3325 5652 3503 5707 imbu-

1938 5757 2044 5815 tos,
2081 5749 2206 5803 dum
2236 5764 2297 5804 ea
2331 5750 2531 5803 imitati
2576 5750 2752 5809 docet.
2790 5762 2905 5815 quze
2951 5748 3156 5803 similes
3187 5747 3296 5803 Deo
3326 5743 3499 5800 homi-
