3930 6202
405 255 506 310 ist
1065 252 1332 328 susum
1372 252 1852 311 CESARIENSIS
1882 255 2033 312 OPP.
2071 257 2247 313 PARS
2278 259 2345 314 ιι.
2383 291 2454 301 -
2489 258 2988 317 APOLOGETICA.
3533 243 3640 300 ’θ’

405 389 506 430 nes
531 371 786 437 eﬂlciant,
819 385 950 426 nos
972 371 1149 440 palam
1181 371 1438 436 instituit,
1474 373 1705 428 dicens:
1737 392 1755 425 ι
1782 373 1970 430 Estote

2091 376 2145 440 bc;
2175 376 2340 440 είκδς,
2370 378 2429 445 ἐξ
2465 378 2622 450 ἡμῶν
2662 377 3001 448 ἀφελόμενοι,
3037 370 3160 425 ἐπεὶ
3200 374 3293 424 καὶ
3331 367 3450 439 μεθ’
3488 371 3641 438 ἡμᾶς

405 464 657 538 perfecti,
685 463 826 517 sicut
855 460 1019 515 Pater
1045 471 1221 517 vester
1242 462 1517 532 perfectus
1555 473 1641 519 est
1660 465 1726 518 “.
1758 483 1778 516 ι
1810 464 1964 530 Quod

2091 469 2320 536 Γεγόνασι
2343 473 2455 534 τοῖς
2484 471 2712 541 χρόνοις,
2745 469 2888 538 λέγω
2933 467 2990 522 δὲ
3031 463 3166 534 μετὰ
3195 461 3292 532 τὴν
3340 459 3642 532 προϐεϐλη-

405 560 456 612 si
505 557 626 626 quis
673 553 982 608 Graecorum
1038 553 1152 608 haec
1200 555 1584 624 reprehendat,
1631 557 1679 610 is
1728 555 1864 610 sciat
1908 571 1968 612 se

2091 562 2242 632 ιένην
2269 564 2401 632 ἡμῖν
2427 563 2532 616 ὑπὸ
2557 563 2649 616 τοῦ
2678 563 2925 634 Σωτῆρος
2957 559 3112 632 ήμῶν
3147 553 3507 622 διδασκαλίαν,
3549 549 3642 607 οἷα

405 647 567 700 etiam
602 643 1028 713 praeceptoribus
1063 644 1180 698 suis
1199 645 1472 698 contraria
1499 645 1719 707 sentire,
1756 646 1849 716 qui
1888 645 1969 699 vi-

2091 652 2135 723 ἰὴ
2165 654 2455 724 ἐγγράφως
2477 654 2806 726 ὡμολόγουν.

405 738 622 796 delicet.
664 743 722 790 ut
770 750 867 806 par
906 745 1009 798 est,
1070 737 1238 790 nuilta
1291 753 1320 790 a
1365 738 1522 792 nobis
1576 738 1732 792 utilia
1774 737 1974 803 edocti,
2005 743 2206 814 quippe
2251 748 2344 816 qui
2389 749 2548 803 nobis
2607 750 2770 803 etiam
2806 755 3046 814 tempore
3111 743 3313 799 fuerint
3371 744 3646 814 posterio-

403 847 515 890 res.
549 829 675 884 dico
709 839 888 884 autem
914 843 977 884 ea
1003 828 1254 884 doctrina
1275 845 1398 900 quae
1429 831 1586 886 nobis
1615 846 1646 884 a
1687 829 1968 887 Salvatore
2001 845 2193 892 nostro
2213 845 2466 910 exposita
2493 849 2598 907 est,
2625 841 2882 912 audijam
2912 854 3058 894 nunc
3098 839 3280 910 qualia
3342 838 3470 901 sint,
3518 850 3645 908 qua:

406 925 612 994 scripto
644 923 936 978 fateantur.

411 1037 566 1112 105
585 1035 891 1112 Quodnihil
910 1051 1087 1112 eorum
1103 1051 1220 1104 quae
1234 1034 1298 1088 de
1315 1043 1454 1112 terra
1470 1035 1970 1112 prodettnt,_oportet

478 1105 681 1180 iu'mgno
715 1107 829 1180 Deo
853 1105 1122 1180 incendere
1152 1117 1244 1180 aut
1277 1108 1602 1180 sacriﬁcare.
1634 1109 1714 1161 Ea:
1741 1105 1973 1180 Perphy-

467 1181 558 1233 ~.rio
584 1177 659 1231 De
691 1177 1012 1230 abstinentia
1040 1175 1104 1228 ab
1132 1177 1404 1231 animatis.

481 1287 651 1352 «Deo
697 1301 931 1348 summo,
981 1287 1122 1339 sicut
1157 1285 1378 1354 quidam
1417 1286 1502 1341 vir
1544 1288 1764 1356 sapiens
1812 1289 1971 1354 dixit,

407 1377 544 1432 nihil
581 1359 920 1446 eorum'qua:
963 1377 1029 1430 ad
1066 1393 1263 1434 sensus
1307 1380 1580 1448 pertinent
1621 1381 1737 1436 sive
1780 1379 1972 1434 incen-

407 1469 617 1531 dentes,
661 1470 776 1524 sive
810 1468 1225 1524 denominantes
1269 1471 1429 1541 (nihil
1460 1472 1606 1526 enim
1644 1480 1730 1525 est
1759 1486 1972 1535 eorum,

406 1575 530 1632 qua:
557 1561 784 1614 materia
815 1569 1090 1626 constant,
1117 1561 1262 1631 quod
1288 1577 1394 1615 non
1423 1564 1672 1632 protinus
1703 1563 1751 1617 ei
1779 1563 1851 1618 sit
1881 1563 1978 1616 im-

409 1652 697 1717 mundum,
734 1653 828 1722 qui
859 1669 1055 1723 expers
1087 1663 1170 1709 est
1203 1655 1382 1707 omnis
1406 1656 1665 1710 materiae.
1699 1653 1877 1721 Quare
1907 1671 1977 1709 ne

2077 1018 2197 1073 Ὅτι
2229 1018 2410 1073 οὐδὲν
2438 1019 2554 1090 τῶν
2578 1021 2696 1076 ἀπὸ
2723 1020 2838 1090 γῆς
2863 1020 2977 1089 χρὴ
3008 1019 3088 1085 τῷ
3121 1020 3217 1073 ἐπὶ
3253 1018 3493 1073 πάντων
3521 1019 3645 1088 Θεῷ

2151 1091 2288 1143 οὔτε
2334 1089 2549 1158 θυμιᾷν
2578 1089 2739 1145 οὔτε
2761 1093 2943 1145 θύειν.
2986 1091 3127 1144 Ἀπὸ
3151 1090 3269 1144 τῶν
3303 1094 3642 1160 Πορφυρίου

2149 1159 2290 1228 Περὶ
2319 1161 2606 1230 ἐμψύχων
2633 1161 2871 1232 ἀποχῆς
2900 1162 2998 1231 (l).

2153 1291 2172 1324 ι
2203 1272 2320 1343 Θεῷ
2364 1274 2460 1343 μὲν
2497 1273 2572 1344 τῷ
2611 1273 2704 1328 ἐπὶ
2746 1275 2929 1337 πᾶσιν,
2969 1273 3044 1337 ὥς
3081 1289 3165 1336 τις
3196 1268 3334 1344 ἀνὴρ
3376 1276 3535 1343 σοφὸς
3564 1275 3643 1344 (2)

2081 1368 2216 1437 ἔφη,
2254 1368 2414 1438 μηδὲν
2443 1367 2550 1420 τῶν
2582 1366 2852 1438 αἰσθητῶν
2889 1367 3022 1439 μήτε
3055 1365 3270 1428 θύοντες
3302 1366 3424 1436 μήτ’
3458 1368 3647 1422 ἐπονο-

2083 1460 2362 1530 μάζοντες,
2400 1459 2569 1528 (οὐδὲν
2607 1459 2713 1531 γὰρ
2747 1458 2952 1523 ένυλον,
2993 1459 3022 1511 ὃ
3071 1460 3144 1531 μὴ
3186 1458 3262 1529 τῷ
3299 1458 3447 1530 ἀΰλῳ
3483 1459 3648 1524 εὐθύς

2081 1555 2225 1605 ἐστιν
2269 1551 2592 1623 ἀκάθαρτον.
2631 1551 2722 1603 Διὸ
2764 1549 2882 1603 οὐδὲ
2927 1549 3078 1619 λόγος
3123 1550 3269 1620 αὐτῷ
3304 1549 3416 1603 οὔθ’
3443 1552 3472 1604 ό
3504 1554 3648 1604 κατὰ

2082 1643 2261 1714 φωνὴν
2292 1645 2505 1706 οἰκεῖος,
2559 1641 2670 1695 οὗθ’
2707 1645 2734 1696 ὀ
2773 1641 2939 1705 ἔνδον,
2975 1642 3048 1694 ὅτ’
3081 1640 3146 1695 ἂν
3193 1641 3353 1695 πάθει
3402 1642 3578 1712 ψυχῆς

410 1743 637 1797 verbum
665 1743 883 1812 quidem
920 1745 1110 1810 ullum,
1147 1746 1263 1800 sive
1294 1745 1348 1800 id
1375 1747 1549 1814 dicas,
1581 1747 1726 1817 quod
1763 1748 1816 1801 in
1845 1762 1978 1802 voce

2091 1735 2534 1811 μεμολυσμένοςὴ
2564 1735 2652 1788 διὰ
2687 1735 2742 1787 δὲ
2777 1734 2934 1804 σιγῆς
2964 1733 3210 1808 καθαρᾶς
3239 1735 3330 1789 καὶ
3366 1735 3474 1788 τῶν
3519 1736 3648 1807 περὶ

411 1834 686 1898 consistit,
731 1835 846 1890 sive
893 1835 947 1889 id
993 1836 1136 1906 quod
1182 1837 1513 1894 intrinsecus
1557 1839 1765 1909 concipi
1817 1839 1974 1904 solet,

411 1938 536 1979 cum
570 1925 737 1979 animi
767 1927 950 1996 aliquo
977 1929 1110 1981 vitio
1147 1936 1233 1983 est
1265 1928 1717 1994 contaminatum,
1745 1929 1821 1983 illi
1845 1944 1978 1983 con-

411 2017 636 2086 veniat),
675 2019 768 2072 sed
799 2020 1015 2073 silentio
1047 2036 1203 2090 puro,
1227 2023 1498 2091 purisque
1527 2022 1594 2076 de
1626 2022 1744 2092 ipso
1769 2023 1978 2092 cogita-

412 2109 652 2165 tionibus
669 2110 818 2164 illum
835 2113 1099 2168 colamus.
1120 2113 1344 2182 Oportet
1364 2115 1530 2184 igitur
1551 2114 1626 2167 illi
1656 2114 1978 2182 coniunctos

409 2198 729 2269 similesque
760 2200 953 2264 factos,
986 2201 1126 2256 hanc
1153 2203 1277 2258 vita:
1323 2213 1528 2259 nostra:
1571 2204 1835 2258 rationem
1867 2203 1978 2259 Deo

409 2287 603 2345 afferre
628 2306 726 2361 pro
759 2292 1046 2346 sacriﬁcio.
1087 2295 1284 2350 Eadem
1318 2310 1446 2350 vero
1475 2303 1528 2350 et
1561 2295 1708 2350 illius
1737 2295 1977 2350 laudatio

2083 1831 2246 1886 αὑτοῦ
2267 1827 2518 1900 καθαρῶν
2541 1825 2753 1880 ἐννοιῶν
2774 1825 3178 1897 θρησκεύσομεν
3201 1827 3382 1881 αὐτόν.
3404 1830 3493 1879 Δεῖ
3515 1828 3645 1898 ἄρα,

2086 1921 2448 1992 συναφθέντας
2475 1921 2566 1972 καὶ
2593 1917 2951 1990 όμοιωθὲντας
2981 1917 3148 1989 αὐτῷ,
3177 1919 3275 1988 τὴν
3299 1919 3474 1972 αὐτῶν
3501 1919 3649 1987 ἀγω-

2083 2017 2186 2087 γὴν
2213 2013 2400 2068 θυσίαν
2432 2011 2580 2083 ἱερὰν
2608 2013 2973 2081 προσαγαγεῖν
3003 2010 3138 2082 Θεῷ·
3163 2010 3258 2082 τὴν
3287 2009 3454 2082 αὐτὴν
3473 2010 3529 2063 δὲ
3552 2012 3649 2064 καὶ

2085 2107 2248 2178 ὕμνον
2282 2102 2445 2158 οὖσαν
2502 2106 2595 2158 καὶ
2626 2103 2780 2176 ἡμῶν
2818 2103 3084 2178 σωτηρίαν
3116 2105 3174 2156 ὲν
3223 2103 3460 2176 ἀπαθείᾳ
3515 2105 3648 2176 ἀρε-

2083 2201 2184 2269 τῆς
2220 2197 2416 2268 ψυχῆς.
2446 2197 2551 2250 Τοῦ
2582 2197 2638 2250 δὲ
2671 2195 2806 2250 Θεοῦ
2837 2195 3037 2267 θεωρίᾳ
3069 2197 3103 2266 ἡ
3132 2195 3291 2250 θυσία
3319 2195 3453 2267 αῦτη
3483 2196 3652 2250 τελεῖ·

2081 2309 2190 2346 ται.
2251 2311 2268 2343 ι

407 2381 531 2442 erit,
563 2387 616 2434 et
646 2389 834 2436 nostra
858 2384 1242 2438 conservatio:
1289 2384 1545 2440 afferetur
1600 2387 1748 2440 enim
1807 2399 1933 2439 cum
2000 2384 2293 2439 stabilitate
2331 2390 2384 2439 et
2415 2382 2599 2453 quiete
2641 2380 2862 2436 Virtutis
2907 2375 3098 2438 animi.
3155 2380 3326 2451 lpsius
3372 2395 3498 2435 vero
3546 2379 3644 2434 Dei

410 2473 868 2541 contemplatione
895 2475 998 2528 hoc
1029 2474 1358 2530 sacriﬁcium
1395 2477 1696 2546 perﬁcitur.
1737 2496 1755 2528 ι

447 2585 585 2642 Item
609 2586 673 2641 de
703 2589 882 2642 eodem
914 2605 979 2644 ex
1007 2589 1275 2660 Apollonii
1311 2591 1602 2662 Tyanmsis
1638 2592 1936 2662 Tlteologia.

489 2787 509 2821 ι
545 2771 620 2824 Ex
644 2785 752 2841 quo
781 2771 946 2840 igitur
978 2771 1210 2826 maxime
1237 2771 1360 2842 quis
1390 2780 1599 2828 naturae
1629 2772 1827 2828 divinae
1850 2787 1982 2826 con—

415 2859 717 2915 venientem
771 2877 958 2915 curam
1011 2859 1300 2928 adhibeat,
1352 2878 1420 2918 ex
1455 2880 1521 2918 eo
1556 2865 1790 2919 maxime
1833 2865 1980 2918 illam

415 2951 704 3021 propitiam
735 2952 1134 3022 benignamque
1167 2955 1428 3010 obtineat.
1467 2953 1579 3012 lloc
1618 2955 1837 3026 quidem
1883 2971 1976 3026 pe-

2084 2591 2206 2642 Ἔτι
2239 2588 2370 2656 περὶ
2400 2587 2606 2651 αὑτοῦ,
2649 2586 2717 2638 ἐκ
2755 2586 2863 2654 τῆς
2908 2587 3304 2640 Ἀπολλωνίου
3345 2584 3449 2638 τοῦ
3500 2591 3652 2641 Τυα-

2603 2657 2752 2723 νέως
2784 2659 3121 2726 (θεολογίας.

2156 2789 2174 2820 ι
2218 2769 2372 2824 υῦτω
2434 2769 2612 2823 τοίνυν
2649 2769 2883 2841 μάλιστα
2911 2770 2975 2824 ἄν
3001 2787 3091 2833 τις
3129 2769 3225 2840 τὴν
3273 2772 3652 2841 προσήκουσαν

2083 2862 2398 2932 ἐπιμέλειαν
2433 2863 2637 2914 ποιοῖτο
2684 2860 2777 2914 τοῦ
2812 2862 2998 2924 Θείου,
3041 2864 3296 2932 τυγχάνοι
3335 2879 3391 2916 τε
3427 2863 3654 2918 αὐτόθεν

2087 2953 2212 3007 ἵλεώ
2243 2971 2302 3006 τε
2340 2953 2434 3007 καὶ
2463 2951 2722 3023 εὐμενοῦς
2752 2953 2914 3006 αὑτοῦ
2948 2955 3078 3026 παρ’
3111 2953 3386 3008 ὁντιναοῦν
3421 2955 3526 3008 τῶν
3558 2956 3654 3009 ἀν-

418 3057 516 3098 nes
549 3043 796 3113 quemvis
836 3044 1116 3099 hominum
1160 3046 1304 3117 viget
1336 3064 1348 3100 :
1383 3045 1544 3115 idque
1588 3047 1766 3117 ipsum
1809 3064 1979 3103 unus-

2091 3043 2338 3116 θρώπων,
2373 3046 2421 3096 εί
2449 3044 2568 3115 Θεῷ
2603 3045 2722 3114 μὲν,
2744 3044 2800 3097 ὃν
2828 3044 2889 3116 δὴ
2911 3045 3089 3114 φαμὲν
3109 3045 3314 3110 τοῦτον,
3350 3047 3428 3099 ἑνί
3450 3065 3509 3100 τε
3536 3047 3654 3102 om

413 3133 646 3202 quisque
668 3134 980 3202 complebit,
1013 3135 1057 3189 si
1081 3151 1268 3190 eorum
1289 3151 1412 3206 quae
1432 3137 1532 3191 sub
1557 3139 1732 3192 visum
1757 3139 1981 3201 cadunt,

416 3224 600 3294 qualia
632 3233 760 3278 sunt
786 3225 921 3288 haec,
949 3242 1071 3296 qua:
1091 3227 1260 3296 digito
1280 3228 1740 3294 demonstramus,
1765 3230 1839 3283 illi
1865 3245 1986 3300 quae

417 3330 525 3369 una
553 3322 656 3376 est.
692 3324 745 3370 et
779 3317 846 3370 ab
878 3319 1132 3372 omnibus
1163 3320 1326 3374 rebus
1359 3330 1632 3391 separata,
1683 3310 1982 3377 secundum

417 3423 581 3477 quam
627 3409 833 3478 reliqua
876 3410 1056 3462 omnia
1087 3425 1419 3480 cognoscere
1452 3429 1677 3468 necesse
1709 3421 1813 3478 est,
1849 3415 1982 3469 nihil

417 3500 642 3553 omnino
696 3499 986 3564 sacriﬁcet,
1041 3517 1216 3571 neque
1265 3505 1440 3574 ignem
1494 3505 1768 3570 incendat,
1811 3523 1986 3578 neque

417 3601 644 3659 prorsus
676 3591 971 3660 quidquam
1009 3593 1099 3646 illa
1131 3595 1387 3662 postulet,
1426 3612 1494 3651 ne
1527 3613 1556 3650 a
1587 3599 1984 3667 priesta'ntiori-

417 3679 521 3734 bus
568 3679 786 3749 quidem
831 3697 994 3751 quam
1050 3697 1151 3736 nos
1199 3697 1390 3739 sumus
1425 3707 1438 3740 :
1478 3702 1654 3756 neque
1694 3688 1862 3741 ullum
1901 3696 1985 3742 est

416 3771 616 3842 planta:
659 3786 832 3840 genus
873 3772 1020 3842 quod
1061 3772 1131 3827 ab
1175 3773 1332 3828 initio
1377 3783 1522 3830 terra
1569 3778 1764 3846 pariat,
1811 3794 1985 3848 neque

417 3863 670 3918 animalis
695 3865 840 3934 quod
869 3865 1056 3920 eadem
1089 3867 1316 3928 nutriat,
1353 3867 1441 3920 cui
1471 3869 1720 3937 protinus
1752 3869 1986 3922 immun-

415 3951 577 4006 dities
605 3967 715 4006 non
747 3951 908 4016 adsit,
949 3953 1046 4008 sed
1080 3962 1264 4009 utatur
1285 3971 1411 4026 erga
1441 3957 1586 4010 illam
1620 3958 1739 4014 solo
1773 3959 1982 4014 meliori

413 4043 603 4106 verbo,
635 4042 758 4097 dico
786 4052 968 4099 autem
1003 4061 1114 4099 non
1145 4061 1210 4101 eo
1255 4048 1398 4116 quod
1434 4063 1528 4102 ore
1569 4050 1854 4117 emittitur,
1891 4051 1984 4105 sed

415 4133 561 4202 quod
599 4133 668 4187 ab
698 4135 905 4203 Optimo
937 4150 1126 4190 eorum
1157 4152 1278 4206 qua:
1315 4151 1443 4192 sunt
1473 4140 1858 4208 proﬁciscitur,
1891 4158 1986 4212 per

417 4225 681 4292 optimum
714 4240 901 4278 eorum
933 4242 1054 4295 qua:
1082 4227 1136 4280 in
1166 4227 1324 4282 nobis
1352 4237 1480 4284 sunt
1507 4230 1796 4288 bonorum.
1835 4232 1985 4289 Meus

417 4323 598 4370 autem
639 4315 750 4370 hch
778 4325 882 4376 est,
921 4333 1040 4388 quae
1069 4319 1430 4375 instrumento
1469 4337 1575 4376 non
1608 4325 1830 4396 indiget.
1869 4347 1886 4378 ι
1926 4325 1984 4381 Si

2086 3138 2179 3189 καὶ
2206 3137 2594 3206 κεχωρισμένῳ
2624 3137 2858 3200 πάντων,
2903 3135 3020 3206 μεθ’
3048 3135 3106 3190 ὃν
3140 3137 3497 3207 γνωρίζεσθαι
3526 3141 3653 3204 τοὺς

2084 3225 2299 3288 λοιποὺς
2335 3227 2647 3293 ἀναγκαῖον,
2687 3227 2761 3297 μὴ
2791 3226 2906 3279 θύοι
2927 3244 2979 3280 τι
3003 3227 3100 3299 τὴν
3135 3227 3328 3299 ἀρχὴν,
3367 3230 3502 3301 μήτε
3525 3231 3656 3284 ἀνά-

2085 3335 2204 3371 πτοι
2229 3317 2360 3389 πῦρ,
2390 3319 2527 3390 μήτε
2550 3336 2602 3370 τι
2625 3318 2850 3371 καθόλου
2873 3319 2979 3372 τῶν
3006 3319 3276 3392 αἰσθητῶν
3305 3323 3662 3394 ὲπονομάζοι.’

2085 3411 2265 3462 Δεῖται
2298 3408 2404 3478 γὰρ
2433 3409 2644 3471 οὐδενὸς
2667 3407 2785 3460 οὐδὲ
2815 3409 2964 3479 παρὰ
2992 3409 3096 3461 τῶν
3127 3410 3472 3480 κρειττόνων,
3494 3411 3656 3482 οἵπερ

2085 3503 2244 3570 ἡμεῖς
2281 3502 2465 3571 ἐσμεν·
2493 3499 2601 3552 οὐδ’
2625 3499 2770 3552 ἐστιν
2801 3499 2830 3552 ὃ
2861 3499 2960 3570 τὴν
2983 3499 3153 3571 ἀρχὴν
3186 3500 3258 3570 γῆ
3284 3501 3464 3572 ἀνίησι
3488 3501 3655 3570 φυτὸν

2086 3591 2337 3664 ἢτρέιρει
2369 3590 2507 3656 ζῶον
2553 3591 2586 3662 ἢ
2633 3591 2761 3663 ἀὴρ,
2825 3585 2869 3659 ᾧ
2909 3590 2973 3643 οὐ
3021 3591 3280 3663 πρόσεστι
3312 3609 3374 3660 γε
3415 3593 3651 3663 μίασμαο

2089 3683 2234 3754 μόνῳ
2263 3682 2318 3734 δὲ
2354 3681 2532 3753 χρῷτο
2564 3681 2700 3753 πρὸς
2731 3682 2890 3735 αὑτὸν
2935 3684 3025 3736 ἀεὶ
3069 3682 3148 3753 τῷ
3187 3683 3453 3754 κρείττονι
3487 3684 3653 3754 λόγῳ,

2084 3773 2308 3843 λέγωδὲ
2336 3772 2410 3844 τῷ
2434 3773 2508 3846 μὴ
2540 3773 2628 3826 διὰ
2657 3775 2921 3845 στόματος
2951 3775 3103 3839 ίέντι,
3139 3775 3290 3847 παρὰ
3318 3775 3374 3828 δὲ
3402 3774 3496 3828 τοῦ
3530 3776 3654 3828 καλ-

2084 3863 2264 3918 λίστου
2291 3863 2395 3916 τῶν
2413 3865 2579 3918 ὄντων
2613 3863 2702 3917 διὰ
2719 3863 2812 3917 τοῦ
2836 3864 3120 3917 καλλίστου
3147 3864 3242 3917 τοῦ
3272 3866 3328 3917 ὲν
3353 3867 3484 3935 ἡμῖν
3515 3864 3654 3919 δόντι

2084 3957 2151 4010 τὰ
2178 3957 2378 4027 ἀγαθά.
2407 3957 2549 4021 Νοῦς
2569 3957 2626 4010 δέ
2663 3959 2806 4010 ἐστιν
2835 3952 2986 4020 οὗτος
3016 3957 3246 4028 ὀργάνου
3289 3958 3361 4028 μὴ
3381 3957 3650 4028 δεόμενος.

2085 4050 2147 4102 Εἰ
2183 4048 2246 4120 δὴ
2271 4044 2362 4101 οὖν
2391 4047 2560 4101 ταῦτα
2590 4047 2683 4099 καὶ
2713 4046 2850 4118 πρὸς
2878 4045 2982 4098 τῶν
3016 4047 3144 4116 παρ’
3181 4044 3400 4115 Ἕλλησι
3429 4045 3653 4116 διαπρε-

2084 4137 2202 4190 πῶν
2247 4137 2549 4206 φιλοσόφων
2589 4153 2647 4187 τε
2701 4134 2794 4187 καὶ
2841 4133 3103 4202 θεολόγων
3138 4134 3495 4205 ὁμολογεῖται,
3536 4135 3654 4198 πῶς

2086 4229 2151 4283 ἂν
2180 4228 2263 4298 εἴη
2297 4227 2494 4291 πλάνος
2529 4230 2557 4281 ὁ
2600 4227 2672 4298 μὴ
2703 4227 2862 4297 μόνον
2894 4226 3102 4294 λόγους,
3143 4226 3257 4278 ἀλλ’
3278 4225 3413 4297 ἔργα
3437 4225 3545 4278 τῶν
3569 4226 3658 4280 λό-

2084 4338 2194 4388 γων
2217 4321 2350 4373 πολὺ
2375 4320 2632 4391 πρότερον
2657 4323 2766 4382 τοῖς
2791 4320 3070 4388 φοιτηταῖς
3092 4317 3332 4370 ἐκτελεῖν
3358 4318 3653 4388 παραδοὺς,

419 4407 585 4478 igitur
617 4405 928 4462 Graecorum
959 4425 1174 4480 quoque
1217 4412 1478 4476 illustres,
1516 4422 1626 4468 tam
1676 4417 1979 4488 philosophi

2091 4415 2155 4467 δι’
2182 4410 2255 4468 ὧν
2302 4413 2442 4467 κατὰ
2480 4413 2570 4465 τὸν
2608 4411 2764 4483 ὀρθὸν
2797 4411 2950 4479 λόγον
2990 4409 3210 4481 ἔμελλον
3244 4410 3564 4482 θεραπεύειν
3592 4410 3655 4465 τὺ

415 4514 581 4570 quam
613 4498 871 4572 theologi,
900 4502 1015 4558 haec
1043 4503 1393 4569 conﬁtentur,
1425 4522 1661 4576 quonam
1696 4510 1859 4564 modo
1893 4527 1979 4566 se-

415 4591 612 4647 ductor
656 4592 762 4646 erit
817 4593 866 4648 is
921 4595 1014 4665 qui
1081 4611 1189 4650 non
1223 4598 1398 4651 solum
1459 4599 1647 4662 verba,
1705 4600 1799 4654 sed
1835 4602 1978 4657 facta

416 4684 589 4739 multo
653 4683 805 4754 prius
863 4703 1026 4756 quam
1096 4689 1259 4742 verba
1320 4688 1435 4744 suis
1485 4689 1791 4759 discipulis,
1855 4692 1983 4761 qui-

415 4775 517 4832 bus
560 4776 914 4846 fungerentur
969 4779 1282 4833 tradiderit!
1348 4789 1402 4835 et
1437 4782 1658 4851 quibus.
1721 4791 1781 4837 ut
1837 4792 1985 4839 recta

414 4869 555 4924 ratio
595 4869 772 4937 jubet,
809 4870 976 4925 Deum
1021 4871 1198 4941 ipsum
1245 4881 1429 4926 essent
1466 4873 1816 4927 veneraturi?
1865 4872 1986 4938 Quo

415 4968 597 5013 autem
633 4960 816 5025 modo,
847 4970 900 5017 et
929 4963 1130 5032 quibus
1161 4964 1463 5018 rationibus
1497 4965 1581 5020 usi
1614 4965 1666 5018 in
1700 4964 1986 5020 sacriﬁciis

414 5048 666 5106 dicantur
691 5053 860 5120 prisci
889 5051 1121 5120 Hebraii,
1150 5054 1204 5108 in
1232 5054 1408 5125 primo
1445 5056 1608 5126 hujus
1637 5057 1818 5126 operis
1848 5057 1986 5110 libro

414 5136 779 5197 disseruimus
805 5163 818 5198 :
854 5152 1016 5214 atque
1039 5146 1106 5200 iis
1133 5162 1254 5215 quae
1282 5147 1394 5202 illic
1422 5148 1567 5202 dicta
1591 5157 1719 5202 sunt
1743 5149 1985 5204 contenti

415 5246 540 5286 esse
578 5234 737 5304 106
777 5235 1062 5292 debemus.
1101 5235 1301 5292 Verum
1345 5240 1603 5310 quoniam
1658 5248 1854 5310 praeter
1895 5240 1986 5295 illa

416 5338 538 5391 quae
558 5324 671 5392 jam
697 5326 972 5398 disputata
1005 5338 1153 5395 sunt,
1188 5332 1441 5388 novimus
1473 5332 1550 5403 (id
1583 5333 1724 5404 quod
1762 5348 1791 5386 a
1820 5332 1984 5387 Chri-

417 5422 504 5472 sto
542 5416 857 5491 didicimus)
914 5421 1116 5479 factum
1163 5440 1286 5481 esse
1334 5425 1619 5492 mundum,
1678 5426 1984 5500 cmlumque

492 5554 535 5586 ⁶¹
588 5553 777 5612 Matth.
829 5558 1000 5620 v,48.

491 5665 567 5734 (ι)
606 5663 725 5720 Lib.
771 5681 830 5719 ιι.

2086 4506 2270 4570 Θεῖον;
2301 4506 2485 4567 Ὅπως
2515 4505 2592 4566 δὲ,
2621 4505 2713 4556 καὶ
2739 4503 2846 4555 τίσι
2861 4497 3051 4570 λόγοις
3080 4504 3129 4554 οἱ
3158 4502 3374 4555 παλαιοὶ
3414 4502 3652 4574 Ἑϐραῖοι

2087 4595 2234 4648 θύειν
2269 4593 2710 4666 μνημονεύονται,
2742 4591 3072 4662 διειληφότες
3101 4595 3160 4645 ἐν
3193 4591 3266 4662 τῷ
3295 4591 3495 4664 πρώτῳ
3523 4610 3654 4663 συγ-

2087 4688 2372 4758 γράμματι
2411 4685 2510 4755 τῆς
2549 4686 2831 4756 παρούσης
2867 4683 3190 4746 ὑποθέσεως,
3226 4683 3456 4747 ἐκείνοις
3486 4685 3654 4756 ἀρκε-

2089 4777 2412 4849 σθησόμεθα.
2454 4777 2604 4829 Ἐπεὶ
2627 4777 2682 4830 δὲ
2709 4777 2844 4849 πρὸς
2865 4778 2976 4839 τοῖς
3001 4775 3384 4847 ὲξητασμένοις
3409 4775 3655 4847 ἔγνωμεν

2089 4871 2238 4942 παρὰ
2267 4870 2363 4924 τοῦ
2405 4871 2640 4943 Χριστοῦ
2684 4870 2962 4941 μαθόντες,
2997 4869 3079 4922 ὅτι
3107 4870 3332 4940 γενητὸς
3363 4871 3392 4923 ό
3429 4870 3651 4941 κόσμος,

2088 4963 2181 5014 καὶ
2220 4963 2300 5015 ὅτι
2343 4962 2570 5035 οὐρανὸς
2619 4961 2779 5025 αὐτὸς
2822 4961 2916 5015 καὶ
2957 4961 3126 5032 ἥλιος,
3168 4963 3262 5015 καὶ
3306 4962 3522 5034 σελήνη,
3560 4967 3655 5017 καὶ

2085 5054 2278 5126 ἄστρα,
2325 5054 2460 5126 ἔργα
2493 5053 2627 5107 Θεοῦ
2663 5053 2938 5123 τυγχάνει,
2985 5055 3078 5108 καὶ
3109 5055 3190 5106 ὄτι
3219 5055 3324 5127 χρὴ
3359 5055 3433 5127 μὴ
3460 5055 3650 5120 ταῦτα,

2088 5147 2224 5201 ἀλλὰ
2243 5147 2333 5200 τὸν
2347 5146 2578 5216 ποιητὴν
2600 5146 2778 5200 αὐτῶν
2806 5147 3000 5206 σέϐειν,
3031 5146 3327 5217 σκέψασθαι
3346 5147 3428 5200 δεῖ
3450 5147 3524 5218 μὴ
3545 5147 3650 5219 ἄρα

2088 5238 2444 5309 ἠπατήμεθα,
2491 5237 2675 5290 τοῦτον
2704 5237 2833 5310 παρ’
2869 5236 3032 5291 αὑτοῦ
3068 5237 3404 5308 διδαχθέντες
3437 5241 3652 5309 φρονεῖν

2087 5327 2178 5381 τὸν
2198 5328 2414 5399 τρόπον.
2441 5329 2550 5382 Καὶ
2581 5329 2687 5400 μὴν
2727 5329 2991 5401 Ἑϐραίων
3019 5331 3111 5384 καὶ
3141 5326 3294 5393 οὗτος
3321 5325 3388 5399 ἦν
3420 5331 3448 5382 ὁ
3471 5329 3649 5398 λόγος’

2090 5423 2182 5475 καὶ
2228 5421 2526 5490 φιλοσόφων
2569 5421 2625 5474 δὲ
2666 5423 2712 5474 οἱ
2764 5421 2997 5491 μάλιστα
3025 5423 3301 5491 διαφανεῖς
3329 5425 3442 5484 τοῖς
3471 5423 3652 5487 αὐτοῖς

2162 5663 2240 5730 (2)
2281 5663 2598 5731 Apollonius
2625 5665 2898 5732 Tyaneus,
2931 5672 2985 5720 ut
3015 5680 3080 5720 ex
3106 5667 3458 5731 sequentibus
3477 5669 3648 5731 patet.
