3930 6202
302 225 406 278 195

1106 226 1113 235 ’
1211 223 1865 283 υΕΜοΝδτιιΑτιοΝιε
1897 224 2352 283 ΕΥΑΝΟΕΙΛΟΑΞ
2392 226 2519 281 LIB.
2555 225 2649 281 Ill.

3413 230 3517 289 191

291 337 722 410 συνηνέχθησαν,
756 339 978 412 γενητὸν
1008 341 1102 393 καὶ
1144 339 1304 393 αὐτὸν
1342 339 1432 394 τὸν
1472 341 1719 412 οὐρανὸν,
1761 340 1850 393 καὶ

1957 340 2132 408 ipsum
2157 347 2210 394 et
2232 340 2422 406 solem,
2451 351 2505 397 et
2530 344 2734 407 lunam,
2756 350 2812 398 et
2832 342 3017 398 stellas
3043 350 3206 413 opera
3232 342 3322 400 Dei
3343 362 3469 405 esse
3494 367 3512 406 :

291 428 463 499 ἥλιον,
498 431 594 484 καὶ
633 431 881 502 σελήνην,
926 432 1019 485 καὶ
1054 431 1247 502 ἄστρα,
1297 432 1390 484 καὶ
1436 431 1527 484 τὸν
1571 429 1857 500 σύμπαντα

290 521 497 591 κόσμον
528 520 661 593 πρὸς
688 522 782 575 τοῦ
809 523 915 576 τῶν
937 524 1071 576 ὅλων
1101 522 1323 595 ποιητοῦ
1356 523 1613 592 γεγονότα
1647 523 1858 591 ἀποφηο

288 615 533 684 νάμενοι.
581 613 740 666 Ἀλλά
776 615 868 668 καὶ
912 615 1237 680 συντέλειαν,
1283 616 1378 668 καὶ
1425 613 1726 685 μεταϐολὴν
1758 613 1855 683 τὴν

287 706 384 758 ἰπὶ
412 705 484 759 τά
515 706 744 775 κρείττω
766 705 919 760 τοῦδε
950 706 1042 760 τοῦ
1076 707 1271 770 παντὸς
1305 706 1521 760 ἔσεσθαι
1553 704 1855 776 πῳσδοκᾷν

285 797 547 865 ἐδίδαξεν,
580 800 698 864 ταῖς
742 798 1004 870 Ἐϐραίων
1048 800 1142 852 καὶ
1172 799 1329 853 τοῦτο
1360 796 1673 859 ἀκολούθως
1716 796 1855 866 Γρα-

288 894 438 959 φαίς.
470 892 533 945 Τί
557 887 686 957 οὖν;
725 892 844 963 οὐχὶ
877 894 970 946 καὶ
999 894 1028 945 ὁ
1064 890 1287 945 Πλάτων
1328 890 1538 959 φύσεως
1568 888 1732 959 λυτῆς
1762 889 1856 942 καὶ

283 983 538 1055 φθαρτῆς
565 980 703 1037 οἶδεν
731 984 892 1038 αὐτόν
924 1001 983 1037 τε
1010 984 1255 1055 οὐρανὸν,
1297 984 1393 1038 καὶ
1428 983 1599 1054 ἥλιον,
1642 983 1735 1037 καὶ
1766 1000 1854 1036 σε-

282 1076 479 1147 λήνην,
518 1076 611 1130 κα)⁸
642 1078 766 1140 τοὺς
789 1075 1009 1138 λοιποὺς
1036 1076 1291 1146 ἀστέρας,
1327 1077 1374 1128 εἰ
1401 1076 1492 1129 καὶ
1522 1076 1595 1148 μὴ
1622 1075 1852 1147 λυθήσε-

284 1167 415 1221 σθαί
448 1184 579 1238 φησι
610 1167 798 1231 ταῦτα,
821 1167 898 1239 τῷ
928 1168 999 1237 μὴ
1029 1168 1121 1221 τὸν
1154 1167 1509 1240 συμπήξαντα
1537 1167 1847 1238 βούλεσθαι;

280 1261 333 1312 εί
364 1259 407 1313 δ’
431 1260 540 1330 ἄρα
574 1260 850 1333 βουληθείη
877 1258 1014 1315 εἶναι
1043 1261 1254 1331 φύσεως
1280 1260 1553 1331 τοιαύτης,
1588 1259 1762 1330 ψυχὴν
1792 1258 1849 1310 δὲ

279 1350 553 1405 ἀθάνατον
576 1352 719 1423 ἔχειν
740 1355 885 1425 ἡμᾶς
910 1354 1028 1408 κατ’
1052 1352 1201 1406 οὐδὲν
1231 1354 1326 1423 μὲν
1354 1352 1564 1423 ἐμφερῆ
1588 1352 1699 1414 τοῖς
1722 1349 1848 1403 ἁλό-

280 1461 406 1512 γοις
434 1443 606 1509 ζώοις,
633 1444 740 1498 τῶν
761 1446 819 1498 δὲ
841 1445 934 1498 τοῦ
955 1445 1087 1498 Θεοῦ
1107 1445 1383 1516 δυνάμεων
1406 1445 1673 1516 φέρουσαν
1696 1444 1849 1496 ἀπει-

280 1535 605 1604 κονίσματα,
632 1535 842 1601 διδάξας
865 1535 1133 1605 ἡγεῖσθαι,
1160 1534 1330 1598 οὓτως
1355 1535 1402 1587 τ’
1429 1534 1592 1605 ἔχειν,
1619 1534 1712 1587 καὶ
1734 1534 1848 1586 δια-

281 1628 517 1691 κεῖσθαι,
566 1627 658 1680 καὶ
702 1630 915 1699 φρονεῖν
955 1628 1131 1682 πάντα
1176 1628 1464 1700 βάρϐαρον,
1502 1629 1595 1681 καὶ⁹
1631 1627 1843 1697 ἰδιώτην

1957 447 2132 500 neque
2163 432 2300 496 haec,
2332 433 2426 488 sed
2468 435 2661 489 horum
2692 445 2968 491 auctorem
3016 437 3194 492 colere
3240 448 3513 509 oportere,

1957 523 2414 578 considerandum
2464 542 2586 582 esse
2629 527 2845 582 videtur
2890 544 3017 583 num
3061 530 3270 599 decepti
3319 534 3514 599 simus,

1956 615 2099 684 quod
2140 618 2194 670 in
2242 618 2389 672 hunc
2424 618 2642 673 modum
2675 619 2741 674 de
2772 628 2965 674 natura
3002 636 3181 675 rerum
3215 626 3416 680 sentire
3446 625 3517 682 ab

1955 705 2047 761 illo
2074 707 2217 762 docti
2251 724 2479 765 sumus:
2515 712 2661 779 alqui
2693 727 2800 765 non
2823 712 2995 765 solum
3028 712 3375 768 Hebraeorum
3399 716 3518 772 hac

1955 802 2056 856 fuit
2102 806 2300 870 oratio,
2349 808 2442 862 sed
2494 808 2939 878 phil050phorum
2990 826 3224 881 quoque,
3281 811 3515 870 maxime

1953 892 2247 948 illustrium
2280 913 2292 949 :
2322 897 2414 966 qui
2446 913 2567 951 cum
2602 897 2844 953 Hebra-is
2876 900 3299 967 consentientes,
3330 910 3512 959 ortum

1953 985 2152 1041 habere
2174 995 2228 1042 et
2249 990 2446 1043 caelum
2470 991 2669 1061 ipsum,
2696 997 2750 1045 et
2772 991 2964 1056 solem,
2991 999 3043 1047 et
3070 993 3275 1059 lunam,
3303 1001 3357 1048 et
3383 995 3514 1050 stel-

1953 1078 2055 1141 las,
2079 1080 2500 1151 universumque
2530 1082 2790 1137 mundum
2818 1083 2886 1137 ab
2914 1090 3136 1138 auctore
3156 1086 3393 1139 omnium
3425 1101 3513 1142 re-

1952 1183 2069 1221 rum
2109 1169 2309 1223 factum
2349 1186 2470 1226 esse
2517 1171 2953 1228 afﬁrmaverunt:
2995 1184 3246 1229 caeterum
3287 1175 3426 1230 idem
3455 1185 3511 1232 et

1949 1262 2472 1317 consummationem
2520 1271 2573 1318 et
2620 1266 2972 1320 mutationem
3027 1267 3081 1320 in
3117 1268 3329 1332 melius,
3384 1269 3510 1323 uni-

1951 1351 2087 1405 versi
2115 1352 2274 1421 hujus
2301 1352 2534 1408 futuram
2560 1364 2617 1408 ut
2638 1364 3077 1425 exspectaremus
3100 1358 3306 1421 docuit,
3324 1359 3377 1412 in
3407 1360 3509 1416 hoc

1947 1458 2165 1512 quoque
2217 1444 2562 1501 Hebraeorum
2611 1447 2900 1516 scripturis
2936 1449 3286 1503 consentiens
3324 1467 3337 1502 :
3375 1451 3506 1518 quid

1948 1534 2146 1602 igitur?
2185 1551 2364 1590 nonne
2399 1538 2561 1592 etiam
2606 1535 2759 1591 Plato
2803 1546 2994 1609 suapte
3020 1548 3217 1591 natura
3246 1547 3299 1593 et
3330 1539 3508 1609 ipsum

1947 1625 2166 1689 cmlum,
2202 1635 2256 1681 et
2288 1628 2479 1691 solem,
2510 1629 2798 1693 etlunam,
2855 1645 2919 1683 ac
2949 1630 3152 1700 reliqua
3184 1630 3385 1692 sidera,
3417 1644 3510 1686 so-

282 1718 599 1781 παιδεύσας·
632 1695 879 1792 ἆρ’-οὐχὶ
929 1695 1265 1791 σοφωτέρους
1311 1695 1670 1792 ἀπείργασται
1720 1695 1845 1784 τούς

1950 1717 2135 1770 Ιιιιίοιιί
2162 1719 2612 1789 corruptionique
2647 1720 2879 1774 obnoxia
2919 1737 3041 1776 esse
3068 1722 3224 1786 vidit,
3256 1725 3507 1792 quamvis

278 1810 405 1864 καθ’
431 1810 557 1882 ὅλης
589 1815 688 1882 τῆς
720 1812 1039 1883 οἰκουμένης
1069 1813 1137 1867 τά
1166 1813 1326 1868 αὑτοῦ
1358 1814 1705 1886 φρονοῦντας,
1739 1813 1845 1866 τῶν

278 1906 380 1968 τὰς
418 1904 588 1975 ὀφρῦς
620 1904 1033 1969 ἀνεσπακότων;
1074 1905 1121 1957 οἳ
1159 1905 1325 1976 μηδὲν
1350 1905 1490 1959 κατά
1522 1905 1619 1977 τὴν
1658 1905 1844 1959 ούσίαν

276 1996 556 2065 διαφέρειν
576 1998 916 2067 ἀπεφήναντο
935 1996 1158 2067 ἐμπίδος
1176 2015 1236 2051 τε
1258 1998 1351 2051 καὶ
1373 1999 1549 2068 εύλῆς,
1567 1998 1659 2051 καὶ
1684 1998 1844 2068 μυίας

278 2088 378 2157 τὴν
409 2088 467 2138 ὲν
498 2086 804 2158 ἀνθρώποις
840 2087 1037 2159 ψυχὴν,
1079 2086 1213 2141 ἀλλὰ
1242 2088 1335 2141 καὶ
1362 2089 1555 2156 δφεως,
1604 2088 1696 2141 καὶ
1735 2088 1844 2157 ἐχί-

276 2179 432 2249 δνης,
459 2180 657 2249 ἄρκτου
691 2197 749 2232 τε
778 2180 869 2231 καὶ
897 2178 1229 2251 παρδάλεως,
1255 2179 1348 2232 καὶ
1374 2180 1499 2243 συὸς
1521 2178 1698 2249 ψυχῆς
1722 2180 1841 2232 κατ’

278 2267 452 2331 οὐδὲν,
482 2268 605 2320 ὅσον
631 2267 722 2319 ἐπὶ
749 2268 889 2337 λόγῳ
917 2266 1128 2337 φύσεώς
1152 2285 1210 2322 τε
1232 2270 1325 2321 καὶ
1348 2268 1551 2334 οὐσίας,
1576 2269 1673 2340 τὴν
1695 2269 1842 2337 σφῶν

278 2358 460 2411 αὐτῶν
505 2359 614 2411 τῶν
661 2357 1107 2427 φιλοσοφωτάτων
1153 2359 1329 2430 ψυχὴν
1370 2359 1719 2414 διαλλάττειν·
1750 2361 1843 2414 καὶ

278 2451 424 2504 θείου
456 2452 512 2505 δὲ
543 2453 677 2524 πρὸς
710 2454 917 2517 τούτοις
961 2453 1338 2524 δικαιωτηρίου
1375 2454 1613 2523 συνεχῶς
1644 2455 1843 2526 ὑπομι-

284 2546 559 2614 μνήσκων,
588 2546 683 2599 καὶ⁸
728 2545 1022 2617 μελλούσης
1061 2545 1275 2599 ἔσεσθαι
1303 2547 1555 2619 κρίσεως,
1593 2546 1841 2610 κολάσεις

277 2653 338 2691 τε
367 2638 461 2689 καὶ
487 2638 754 2710 τιμωρίας
776 2639 1174 2710 ἀπαραιτήτους
1193 2642 1304 2702 τοῖς
1332 2639 1578 2692 ἀσεϐέσιν
1606 2641 1842 2713 ὑπογρά-

279 2745 414 2797 φων,
438 2731 549 2792 τοῖς
569 2746 626 2781 τε
651 2729 923 2782 εύσεϐἐσιν
949 2729 1272 2799 ἐπαγγελίας
1290 2728 1422 2783 Θεοῦ
1441 2732 1656 2785 αἰωνίου
1673 2731 1836 2803 ζωῆς,

277 2821 371 2872 καὶ
392 2821 629 2891 οὐρανῶν
659 2820 953 2890 βασιλείας,
978 2823 1073 2874 κα.)⁸
1099 2823 1194 2875 σὺν
1216 2822 1333 2892 Θεῷ
1359 2822 1630 2894 μακαρίας
1650 2823 1839 2891 διαγω-

275 2912 399 2981 γῆς,
427 2913 544 2965 τίνα
571 2912 636 2966 ἄν
666 2913 1003 2983 πλανήσειεν,
1032 2914 1150 2983 ούχὶ
1171 2913 1226 2966 δὲ
1260 2913 1454 2983 μᾶλλον
1477 2915 1839 2985 προτρέψαιτο

277 3003 525 3056 σπεύδειν
562 3005 657 3073 μὲν
696 3005 787 3058 ἐπὶ
819 3004 1017 3075 ἀρετὴν
1050 3004 1156 3057 τῶν
1185 3006 1643 3075 προσδοκωμένων
1676 3007 1834 3060 ἓνεκα
1863 3025 1907 3086 C

271 3097 389 3156 τοῖς
436 3094 706 3147 εὐσεϐέσιν
752 3096 1028 3161 ἐπάθλων,
1088 3095 1489 3167 ἀποτρέπεσθαι
1544 3096 1600 3148 δὲ
1654 3099 1831 3167 πάσης

274 3184 478 3245 κακίας
525 3184 609 3236 διὰ
653 3184 746 3248 τὰς
797 3185 1178 3255 ὲπηρτημένας
1229 3188 1340 3249 τοῖς
1389 3186 1608 3241 ἀσεϐέσι
1661 3204 1832 3258 τιμω-

278 3274 434 3343 ρίαςς
493 3275 579 3327 Ἐν
609 3279 713 3339 τοῖς
743 3276 1086 3346 δογματικῶς
1112 3275 1220 3329 τῶν
1248 3277 1409 3330 αὑτοῦ
1438 3277 1608 3346 λόγων
1638 3295 1831 3349 παρει-

272 3365 527 3435 λήφαμεν
568 3363 698 3419 εἷναί
743 3385 892 3431 τινας
935 3367 1068 3439 μετά
1118 3368 1207 3420 τὸν
1253 3368 1511 3422 ἀνωτάτω
1564 3369 1695 3422 Θεὸν
1742 3370 1833 3422 δυ-

269 3457 500 3526 νάμεις,
560 3458 878 3528 ἀσωμάτους
931 3459 1029 3529 τὴν
1087 3459 1245 3528 φύσιν
1304 3461 1396 3513 καὶ
1455 3460 1681 3529 νοεράς,
1740 3460 1828 3511 λο-

266 3547 435 3616 γικάς
481 3563 540 3599 τε
577 3548 670 3600 καὶ
712 3548 1078 3618 παναρέτους,
1112 3548 1201 3601 τὸν
1263 3548 1606 3619 παμϐασιλέα
1643 3565 1832 3618 χορευ-

266 3637 466 3701 ούσας,
537 3631 612 3691 ὧν
664 3640 876 3703 πλείους
952 3641 1044 3692 καὶ¹
1115 3639 1272 3709 μέχρι
1334 3638 1633 3709 ἀνθρώπων
1710 3638 1830 3691 νεύ-

268 3746 400 3799 ματι
444 3729 537 3781 τοῦ
589 3730 800 3801 Πατρὺς
853 3731 941 3783 διά
992 3746 1142 3793 τινας
1188 3730 1484 3801 σωτηρίους
1526 3728 1831 3799 οἰκονομίας

264 3822 626 3876 ἀπεστάλθαι*
673 3823 738 3886 ἃς
786 3822 849 3894 δὴ
902 3823 1183 3893 γνωρίζειν
1230 3824 1323 3875 καὶ
1371 3824 1534 3893 τιμᾷν
1586 3822 1725 3875 κατὰ
1769 3823 1829 3875 τὸ

265 3914 466 3986 μέτρον
501 3915 599 3984 τῆς
627 3912 781 3977 ἀξίας
812 3913 1179 3983 ἐδιδάχθημεν,
1218 3914 1362 3984 μόνῳ
1388 3914 1465 3984 τῷ
1501 3914 1829 3984 παμϐασιλεί

263 4005 392 4073 Θεῷ
428 4005 528 4075 τὴν
583 4005 873 4076 σεϐάσμιον
916 4005 1079 4076 τιμὴν
1124 4005 1499 4075 ἀπονέμοντες.
1531 4007 1648 4058 Ἔτι
1691 4007 1825 4077 πρὸς

262 4095 473 4155 τούτοις
504 4093 741 4164 ἔγνωμεν
790 4095 916 4160 παρ’
945 4094 1106 4147 αὑτοῦ
1138 4095 1397 4164 μαθόντες
1440 4094 1701 4166 πολεμίας
1741 4112 1823 4148 τι-

262 4188 361 4250 νὰς
405 4190 498 4241 καὶ
546 4189 742 4260 ἐχθρὰς
784 4190 876 4243 τοῦ
930 4189 1262 4261 ἀνθρωπείου
1309 4191 1495 4258 γένους
1543 4191 1685 4262 ἀμφὶ
1733 4190 1823 4243 τὸν

263 4277 393 4347 περὶ
444 4279 544 4350 γῆν
605 4280 742 4350 ἀέρα
793 4280 1092 4343 πωτᾶσθαι,
1137 4282 1230 4333 καὶ
1280 4282 1374 4333 σὺν
1414 4283 1525 4343 τοῖς
1565 4284 1821 4352 πονηροῖς

260 4370 555 4442 διατρίϐειν
586 4372 841 4441 δυνάμεις
866 4371 1146 4441 δαιμόνων,
1178 4373 1269 4425 καὶ⁵
1295 4374 1615 4441 πνευμάτων
1659 4389 1821 4443 πονη-

1936 4368 2081 4437 [07
2118 4368 2314 4423 choros
2366 4377 2651 4423 exerceant

263 4460 396 4532 ρῶν,
427 4463 520 4515 καὶ
554 4462 662 4514 τῶν
693 4465 750 4514 ὲν
774 4461 982 4523 τούτοις
1012 4462 1306 4532 ἀρχόντων,
1338 4459 1430 4521 οὒς
1458 4462 1617 4512 παντὶ
1646 4460 1821 4513 σθένει

262 4552 482 4621 φεύγειν
537 4552 967 4623 πεπαιδεύμεθαο
1024 4555 1073 4605 εἰ
1103 4553 1194 4605 καὶ
1256 4554 1338 4605 ὃτι
1401 4550 1630 4621 μάλιστα
1685 4551 1822 4605 θεῶν

259 4646 626 4718 προσηγορίας
670 4650 764 4700 καὶ
812 4647 975 4717 τιμὰς
1014 4649 1222 4711 ἑαυτοῖς
1255 4646 1650 4718 ὑφαρπάζουσιο
1692 4646 1821 4701 ταύ-

258 4754 358 4809 της
400 4739 444 4792 δ’
475 4737 567 4793 οὗν
618 4740 697 4793 ἑτι
733 4740 929 4811 μᾶλλον
967 4741 1065 4808 τῆς
1098 4740 1388 4811 θεομαχίας
1437 4739 1531 4793 καὶ
1575 4740 1674 4811 τῆς
1706 4739 1823 4792 θεο-

256 4841 477 4912 εχθρίας
523 4842 705 4897 ἕνεκεν
746 4844 1148 4915 ἀποτρεπταίας
1195 4839 1352 4908 εἶναι,
1399 4842 1519 4896 καθ’
1552 4843 1617 4906 ἀς
1655 4844 1712 4895 ὲν
1751 4846 1817 4913 τῇ

254 4943 727 5013 Προπαρασκευῇ
782 4944 1122 5015 πεποιήμεθα
1159 4943 1246 4997 διά
1291 4943 1553 4996 πλείστων
1601 4944 1818 4997 ἀποδεί-

252 5042 386 5109 ξεις.
422 5043 654 5097 Τοιαῦτα
682 5044 815 5097 ἄττα
852 5043 1101 5113 τυγχάνει
1133 5045 1225 5096 καὶ
1258 5044 1314 5095 ὲν
1340 5044 1450 5105 τοῖς
1473 5042 1817 5112 δογματικοῖς

254 5146 534 5218 μαθήμασι
557 5145 649 5199 τοῦ
670 5146 917 5217 Σωτῆρος
941 5145 1095 5215 ἡμῶν
1119 5144 1513 5216 ἀναφερόμενα,
1546 5145 1813 5212 Ἐϐραίων

247 5250 359 5304 τῶν
386 5249 548 5304 πάλαι
582 5247 838 5316 θεοφιλῶν
871 5246 1076 5317 ἀνδρῶν
1113 5263 1172 5299 τε
1214 5246 1305 5299 καὶ
1346 5247 1635 5317 προφητῶν
1669 5246 1815 5300 ἄντι-

248 5364 386 5419 κρυς
437 5348 628 5418 εὐσεϐῆ
683 5345 1038 5417 παιδεύματα.
1077 5347 1139 5398 Εἰ
1166 5345 1230 5418 δὴ
1276 5342 1366 5399 οὖν
1403 5346 1572 5400 ταῦτα
1616 5346 1808 5419 σεμνά,

246 5450 296 5501 σί
326 5447 599 5518 ὠφέλιμα,
628 5449 675 5499 εί
702 5446 980 5517 φιλόσοφα,
1012 5447 1060 5498 εί
1098 5446 1297 5516 ἀρετῆς
1342 5447 1530 5517 μεστὰ,
1564 5447 1702 5500 τίσιν
1744 5446 1811 5501 ἂν

246 5549 482 5618 ιύλόγως
524 5551 553 5601 ὁ
602 5548 805 5603 τούτων
854 5549 1169 5611 διδάσκαλος
1218 5549 1569 5620 ὲπιγράφοιτο
1614 5551 1673 5603 τὸ
1715 5549 1807 5604 τοῦ

247 5651 447 5706 πλάνου
470 5650 670 5719 δνομας
714 5649 869 5703 ’Δλλὰ
894 5650 1064 5704 ταῦτα
1120 5650 1217 5720 μὲν
1239 5649 1313 5712 ὡς
1348 5652 1476 5721 περὶ
1502 5651 1677 5704 κοινοῦ
1706 5652 1809 5723 τὴν

1943 1823 2006 1864 ea
2056 1826 2164 1863 non
2210 1810 2559 1867 dissolvenda
2610 1813 2978 1877 aﬂirmaverit,
3030 1821 3311 1883 propterea
3359 1814 3505 1883 quod

1945 1901 2090 1954 norit
2134 1902 2243 1967 ille,
2289 1904 2382 1974 qui
2429 1919 2490 1960 ea
2522 1907 2864 1975 composuit?
2909 1906 3063 1972 Quod
3107 1907 3152 1961 si
3186 1907 3280 1961 tali
3312 1917 3505 1963 natura

1943 2001 2195 2050 constare
2219 2011 2338 2061 nos,
2367 1998 2835 2068 immortalemque
2864 1999 3063 2054 habere
3092 2000 3348 2062 animam,
3381 2001 3507 2054 nul-

1944 2086 2103 2154 laque
2132 2086 2186 2139 in
2222 2098 2377 2156 parte
2417 2088 2594 2143 brutis
2635 2090 2963 2144 animalibus
3008 2091 3259 2153 similem,
3308 2092 3500 2155 voluit,

1941 2184 1995 2230 et
2023 2178 2282 2232 virtutum
2308 2194 2428 2247 qua:
2451 2180 2503 2232 in
2533 2179 2643 2234 Deo
2674 2188 2801 2234 sunt
2830 2179 3126 2234 simulacra
3156 2182 3210 2235 in
3242 2197 3301 2236 se
3324 2186 3503 2236 conti-

1942 2283 2071 2321 nere
2100 2268 2245 2321 illam
2274 2269 2527 2323 arbitrari
2553 2285 2653 2324 nos
2679 2270 2884 2334 docuit,
2909 2272 3096 2340 sicque
3121 2272 3317 2326 habere
3339 2281 3501 2342 atque

1941 2359 2081 2413 allici
2105 2370 2158 2414 et
2190 2375 2379 2430 sapere
2405 2376 2617 2424 omnes,
2656 2369 2711 2416 et
2750 2361 3014 2418 barbaros
3041 2370 3096 2417 et
3128 2364 3377 2431 vulgares
3409 2366 3499 2419 in-

1941 2451 2122 2506 stituit
2158 2470 2170 2505 :
2205 2467 2387 2506 nonne
2434 2453 2706 2522 sapientes
2754 2454 2926 2524 magis
2970 2454 3024 2508 in
3056 2461 3169 2508 toto
3202 2456 3335 2511 orbe
3370 2472 3501 2512 suos

1942 2551 2241 2597 sectatores
2269 2544 2529 2606 reddidit,
2564 2559 2727 2613 quam
2754 2544 2790 2598 ii
2824 2546 2916 2615 qui
2952 2546 3242 2616 supercilia
3273 2556 3498 2601 contra-

1939 2640 2025 2687 cta
2056 2641 2355 2700 ostentant,
2389 2635 2433 2691 si
2466 2636 2607 2689 nihil
2640 2636 2798 2706 plane
2844 2651 2905 2691 ea
2942 2647 3097 2706 parte
3127 2653 3233 2707 qua
3266 2644 3367 2701 est,
3396 2638 3501 2693 dif-

1940 2725 2082 2781 ferre
2114 2743 2144 2781 a
2187 2728 2380 2791 culice,
2427 2737 2515 2783 aut
2561 2729 2881 2790 vermiculo,
2918 2738 3011 2782 aut
3044 2746 3230 2784 musca
3261 2732 3498 2786 animam

1941 2817 2227 2871 humanam
2264 2819 2576 2873 afﬁrmant?
2623 2830 2715 2873 aut
2746 2821 2792 2873 si
2825 2836 2892 2874 ne
2922 2835 2950 2873 a
2976 2823 3246 2890 serpentis
3278 2823 3496 2892 quidem

1938 2917 2031 2963 aut
2055 2910 2269 2979 viperae,
2303 2919 2396 2965 aut
2424 2914 2554 2976 ursi,
2596 2921 2691 2965 aut
2732 2911 2992 2981 pardalis,
3028 2922 3119 2966 aut
3153 2913 3267 2968 Suis
3294 2913 3495 2980 anima,

1940 3004 2045 3054 ulla
2094 3017 2321 3070 prorsus
2354 3004 2407 3055 in
2456 3011 2627 3070 parte,
2661 3018 2814 3057 suam
2847 3003 3087 3071 ipsorum
3116 3004 3372 3070 animam,
3403 3003 3497 3073 qui

1938 3092 2324 3161 sapientissimi
2356 3092 2579 3157 fuerint,
2610 3105 2879 3164 quatenus
2917 3104 3167 3150 naturam
3212 3097 3372 3151 habet
3414 3105 3497 3151 at-

1935 3199 2041 3253 que
2069 3194 2172 3244 est,
2217 3184 2489 3239 diversam
2535 3188 2696 3241 esse?
2725 3188 2790 3241 ad
2833 3188 2966 3251 haec,
3005 3203 3128 3241 cum
3168 3187 3269 3241 fori
3301 3189 3494 3251 divini,

1929 3274 2230 3344 judiciique
2260 3275 2427 3329 futuri
2462 3277 2737 3331 assiduam
2767 3280 3094 3333 mentionem
3127 3278 3337 3341 fecerit,
3372 3293 3498 3347 sup-

1935 3368 2199 3437 pliciaque
2224 3382 2287 3421 ac
2320 3382 2509 3436 poenas
2539 3369 2878 3423 inevitabiles
2913 3368 3095 3439 impiis
3118 3368 3491 3438 descripserit,

1927 3459 2091 3527 justis
2120 3474 2247 3514 vero
2289 3466 2546 3513 aeternam
2588 3475 2617 3511 a
2652 3457 2761 3513 Deo
2802 3461 2962 3513 vitam
3011 3460 3271 3529 promitti,
3308 3469 3362 3513 et
3400 3474 3491 3514 re-

1932 3564 2093 3618 gnum
2128 3548 2371 3610 caeleste,
2415 3553 2469 3600 et
2517 3546 2724 3602 felicem
2763 3564 2884 3602 cum
2936 3550 3056 3618 ipso
3105 3548 3214 3603 Deo
3264 3549 3490 3615 victum,

1932 3639 2179 3693 docuerit
2211 3658 2224 3693 :
2256 3655 2413 3709 quem
2439 3640 2654 3693 tandem
2677 3639 2928 3708 decipere
2953 3641 3163 3709 potuit?
3193 3656 3371 3695 nonne
3394 3655 3494 3710 po-

1934 3730 2042 3784 tius
2067 3729 2383 3785 adhortatus
2408 3740 2490 3785 est
2513 3745 2701 3784 eorum
2724 3728 3065 3798 praemiorum
3090 3746 3277 3793 causa,
3311 3747 3431 3801 quae
3458 3745 3490 3784 a

1924 3820 2090 3888 justis
2120 3828 2505 3889 exspectantur
2528 3820 2581 3873 in
2608 3821 2863 3874 virtutem
2882 3820 3313 3876 incumbere?ah
3339 3822 3487 3875 omni

1930 3926 2057 3965 vero
2086 3912 2290 3964 malitia
2322 3913 2604 3975 deterruit,
2639 3920 2859 3981 propter
2904 3912 3275 3982 impendentes
3306 3915 3488 3984 impiis

1929 4006 2158 4075 ptenas?
2192 4004 2363 4058 Porro
2399 4013 2578 4060 autem
2608 4021 2673 4061 ex
2715 4006 2862 4061 illius
2897 4006 3131 4060 decretis
3177 4008 3487 4076 accepimus

1924 4113 2046 4152 esse
2082 4098 2343 4166 quasdam
2377 4108 2497 4167 post
2522 4113 2833 4167 supremum
2864 4097 3029 4153 Deum
3065 4106 3362 4168 potestates
3385 4113 3485 4152 na-

1926 4196 2047 4242 tura
2095 4191 2465 4259 incorporeas,
2528 4190 2910 4259 intelligeutes,
2971 4191 3262 4245 rationales
3308 4191 3487 4244 omni-

1925 4296 2029 4347 que
2060 4283 2261 4333 virtute
2304 4280 2580 4349 praeditas,
2630 4296 2752 4350 qua:
2793 4283 3000 4335 circum
3032 4297 3211 4351 regem
3244 4282 3485 4337 universi

2706 4387 2722 4424 :
2774 4386 3005 4440 qttarum
3077 4372 3261 4441 plures
3322 4374 3486 4426 etiam

1927 4476 2099 4530 usque
2126 4460 2192 4513 ad
2233 4461 2482 4517 homines
2518 4462 2687 4531 ipsius
2719 4464 2893 4534 patris
2934 4472 3092 4526 nutu,
3124 4463 3361 4532 quadam
3393 4480 3483 4518 sa-

1926 4550 2087 4605 lutari
2138 4553 2496 4622 dispositione
2544 4556 2849 4619 mittantur,
2891 4571 3136 4626 quasque
3185 4564 3239 4611 et
3287 4571 3485 4626 cogno-

1925 4661 2099 4709 scere,
2132 4657 2184 4701 et
2217 4648 2464 4701 venerari
2498 4663 2596 4716 pro
2628 4649 2855 4712 ratione,
2890 4649 3167 4719 graduque
3202 4648 3484 4717 dignitatis

1924 4737 2098 4792 edocti
2146 4753 2356 4802 sumus,
2399 4745 2458 4791 ut
2498 4738 2597 4794 soli
2636 4737 2762 4802 Deo,
2797 4742 2889 4810 qui
2937 4757 3030 4795 rex
3080 4748 3165 4795 est
3216 4739 3478 4801 universi,

1925 4831 2259 4887 adorationis
2306 4831 2567 4887 honorem
2611 4832 2937 4887 tribuamus.
2974 4832 3055 4885 Ah
3105 4831 3294 4885 eodem
3344 4845 3481 4899 prte-

1924 4928 2066 4975 terea
2096 4922 2405 4984 didicimus,
2437 4922 2659 4977 hostiles
2689 4923 2951 4994 quasdam
2992 4923 3346 4991 inimicasque
3371 4921 3478 4976 hu-

1923 5012 2066 5065 mani
2100 5014 2334 5081 generis,
2369 5028 2465 5083 per
2492 5014 2655 5074 hunc.
2696 5015 2789 5084 qui
2822 5015 3026 5069 circum
3068 5022 3265 5067 terram
3293 5028 3479 5069 versa-

1922 5110 2030 5169 tur,
2061 5118 2259 5168 aerem,
2293 5107 2476 5159 volare
2500 5114 2796 5175 potestates
2819 5108 3120 5162 daemonum
3151 5105 3475 5174 spirituum-

1919 5209 2025 5264 que
2054 5195 2340 5258 malorum,
2383 5210 2700 5266 eorumque,
2735 5198 2827 5267 qui
2861 5199 2914 5251 in
2964 5197 3068 5252 illis
3111 5197 3472 5267 principatum

1918 5296 2121 5348 tenent,
2151 5303 2270 5357 qua:
2296 5303 2419 5343 cum
2456 5290 2614 5344 malis
2650 5290 2958 5345 hominibus
2994 5298 3299 5355 versentur,
3338 5304 3476 5360 quas

1917 5387 1976 5432 ut
2010 5383 2155 5434 omni
2191 5391 2386 5436 conatu
2418 5382 2710 5452 fugiamus,
2754 5382 2806 5434 in
2846 5384 3129 5450 praeceptis
3170 5382 3471 5439 habemus:

1915 5470 2130 5525 tametéi
2156 5473 2241 5525 vel
2282 5487 2444 5541 quam
2479 5475 2709 5528 maxime
2737 5473 2963 5525 deorum
2995 5472 3385 5542 appellationes
3419 5482 3476 5527 et

1914 5563 2093 5616 cultus
2122 5562 2225 5615 sibi
2247 5564 2381 5633 ipsis
2404 5573 2678 5637 arrogant,
2710 5565 2986 5636 multoque
3013 5566 3177 5620 etiam
3206 5566 3378 5638 magis
3403 5564 3473 5619 ab

1915 5651 2023 5706 illis
2078 5666 2198 5708 esse
2236 5653 2641 5723 declinandum,
2681 5663 2903 5726 propter
2944 5657 3085 5714 hanc
3131 5657 3306 5725 ipsam
3349 5671 3473 5712 cum
