3930 6202
419 269 524 326 135
1053 261 1322 320 EUSEBII
1352 255 1836 318 CESARIENSIS
1867 261 2018 320 OPP.
2058 259 2242 317 PARS
2273 259 2342 316 ll.
2382 289 2453 304 —
2490 256 2990 316 APOLOGETICA.
3547 255 3648 312 196

420 386 531 438 Deo
559 379 992 453 repugnantiam,
1021 377 1232 446 hasque
1278 375 1542 430 adversus
1589 373 1757 430 Deum
1804 377 1980 432 inimi-

2083 377 2242 448 φύσιν
2286 374 2578 448 ἀνθρώπου
2615 375 2752 436 τέως
2783 372 3081 445 ἐξητάσθω,
3122 383 3504 445 παραστατικα
3549 373 3642 446 τῆς

419 474 578 530 citius
607 469 1095 542 :quemadmodum
1133 467 1298 522 latius
1344 467 1397 522 in
1441 467 1843 536 Prceparatione
1883 468 1980 523 de-

2085 469 2287 541 σεμνῆς
2312 468 2406 522 καὶ
2423 465 2714 538 βιωφελοῦς
2739 463 3080 529 διδασκαλίας
3105 463 3268 520 αὐτοῦ
3295 464 3630 535 τυγχάνοντα

419 565 860 621 monstravimus.
921 560 1067 615 Sane
1114 559 1494 629 hujuscemodi
1542 567 1692 625 sunt,
1743 576 1866 632 quae
1922 561 1978 616 in

2084 564 2240 635 Φέρε,
2272 561 2336 633 δὴ
2367 561 2462 614 καὶ
2494 559 2562 614 τά
2587 559 2831 631 θειότερα
2864 555 3210 628 σκεψώμεθα.

420 655 695 728 praeceptis
755 664 917 724 atque
981 655 1250 710 institutis
1294 652 1594 709 Salvatoris
1657 654 1830 710 nostri
1883 655 2151 724 feruntur,
2201 671 2329 711 vere
2377 655 2682 725 priscorum
2745 653 3110 715 Hebraeorum,
3165 653 3258 722 qui
3316 651 3426 709 Deo
3497 649 3648 725 grati

419 747 588 808 fuere,
631 754 744 799 tum
777 746 1040 810 virorum,
1099 753 1212 801 tum
1255 747 1659 817 prophetarum,
1703 748 1790 818 pia
1847 759 2142 820 sanctaque
2194 749 2537 803 documenta.
2570 745 2725 813 Quod
2789 747 2836 802 si
2898 746 3013 801 haec
3055 747 3372 816 gravitatem
3420 745 3648 810 habent,

416 843 462 895 si
516 840 826 903 utilitatem,
887 839 933 894 si
987 839 1226 894 studium
1275 840 1575 908 sapientiae,
1634 839 1680 894 si
1733 838 1968 909 denique
2004 841 2152 894 omni
2211 839 2411 894 virtute
2467 836 2668 893 referta
2700 843 2869 891 sunt:
2907 852 3015 907 quo
3040 837 3256 891 tandem
3290 836 3430 904 jure,
3465 853 3642 908 quave

417 930 628 985 ratione
672 930 744 996 ei,
797 930 891 999 qui
929 929 1057 982 talia
1104 929 1372 992 docuerit,
1423 930 1730 984 ascribatur
1777 944 1974 984 nomen
2015 930 2351 987 seductoris?
2384 936 2438 985 et
2470 929 2582 983 haec
2627 928 2845 1002 quidem
2884 937 3140 998 tanquam
3175 927 3244 983 de
3292 924 3358 982 eo
3398 928 3640 995 homine,

418 1025 512 1094 qui
575 1040 604 1078 a
645 1023 858 1078 caeteris
905 1030 1098 1076 natura
1148 1038 1256 1078 non
1289 1023 1524 1087 diﬂ'erat,
1559 1024 1832 1096 disputata
1882 1027 2013 1101 sint,
2057 1041 2176 1096 qua:
2215 1024 2466 1080 videlicet
2496 1032 2552 1080 et
2601 1038 2841 1094 gravem,
2888 1029 2942 1078 et
2991 1023 3093 1093 ipsi
3125 1021 3247 1076 vita:
3273 1023 3459 1079 utilem
3499 1026 3643 1082 illius

423 1116 727 1172 doctrinam
768 1113 1058 1168 exhibeant
1090 1132 1104 1168 :
1138 1129 1286 1169 nunc
1325 1131 1388 1170 ea
1428 1131 1550 1187 quae
1593 1119 1766 1188 magis
1800 1119 1984 1173 divina
2018 1118 2148 1184 sint,
2177 1115 2607 1172 consideremus.

699 1251 788 1308 IV.
831 1252 908 1308 De
932 1251 1271 1308 divinioribua
1301 1253 1498 1309 Christi
1525 1256 1702 1326 gestis.

2117 1257 2188 1309 Δ’.
2223 1253 2360 1321 Περὶ
2391 1251 2509 1306 τῶν
2541 1251 2846 1320 θειοτέρων
2893 1251 3081 1320 ἔργων
3111 1237 3295 1305 αὐτοῦ
3332 1247 3609 1318 Χριστοῦ.

489 1367 572 1423 Ac
604 1369 837 1438 primum
860 1369 1099 1424 omnium
1126 1369 1575 1438 contemplemur,
1606 1384 1715 1439 quo
1742 1377 1980 1440 tempore

2152 1369 2261 1423 Καὶ
2283 1367 2346 1440 δὴ
2378 1367 2721 1438 σκεψώμεθα,
2757 1368 2896 1421 ὅσων
2933 1368 3025 1421 καὶ
3052 1367 3176 1420 οἴων
3207 1367 3302 1420 σὺν
3342 1365 3646 1439 ἀνθρώποις

421 1467 670 1516 versatus
690 1467 774 1514 est
813 1475 936 1513 cum
978 1460 1308 1523 hominibus,
1341 1468 1496 1530 quot,
1530 1462 1820 1530 qualiaque
1847 1463 1980 1526 sint,

2083 1460 2178 1524 τὰς
2206 1460 2481 1532 διατριϐὰς
2509 1460 2894 1530 πεποιημένος,
2926 1458 3237 1532 παραδόξων
3275 1459 3463 1528 γέγονε
3492 1477 3639 1530 ποιη-

421 1566 543 1621 quae
571 1550 891 1604 mirabiliter
934 1549 1184 1618 gesserit,
1233 1564 1377 1602 nunc
1410 1548 1627 1618 quidem
1667 1550 1872 1619 lepram
1916 1549 1980 1605 de

2083 1545 2178 1618 τὴς
2209 1546 2405 1618 ἔργων,
2435 1547 2554 1600 τοτὲ
2595 1548 2692 1618 μὲν
2725 1547 2958 1619 λεπροὺς
2995 1549 3056 1601 τὸ
3089 1548 3243 1619 σῶμα
3272 1547 3493 1619 δυνάμει
3525 1549 3645 1622 θείᾳ

421 1643 742 1713 corporibus
768 1642 1013 1706 eiiciens,
1045 1657 1220 1710 eaque
1250 1642 1514 1696 divinitus
1547 1656 1803 1712 purgans,
1835 1658 1980 1697 nunc

2083 1640 2376 1712 καθαίρων,
2427 1640 2548 1694 τοτέ
2611 1640 2668 1693 δέ
2738 1640 3112 1711 προστάγματι
3184 1641 3340 1710 λόγου
3393 1643 3518 1705 τοὺς
3584 1644 3645 1698 ἐν

420 1750 552 1789 vero
575 1735 734 1803 jussu
759 1733 909 1788 verbi
933 1733 1207 1787 daemonas
1232 1747 1296 1787 ex
1332 1731 1644 1788 hominibus
1664 1735 1940 1803 expellens
1965 1753 1977 1787 :

2083 1731 2385 1803 ἀνθρώποις
2418 1732 2674 1803 δαίμονας
2709 1731 2967 1797 ἐλαύνων,
3006 1733 3101 1787 καὶ
3134 1733 3320 1788 ἄλλοτε
3368 1736 3527 1789 πάλιν
3555 1754 3645 1791 νο-

421 1826 558 1881 alias
596 1840 790 1878 rursus
815 1824 1228 1894 aegrotantibus,
1264 1824 1520 1893 omnique
1549 1825 1867 1894 Ianguorum
1896 1840 1980 1894 ge-

2091 1825 2464 1897 σηλευομένοις
2495 1827 2765 1890 παντοίοις
2786 1825 3076 1881 ἀσθενειῶν
3114 1827 3277 1881 εἴδεσι
3305 1840 3646 1885 καταπονου-

421 1931 553 1970 nere
593 1915 986 1976 laborantibus,
1022 1914 1308 1968 sanitatem
1362 1913 1576 1968 abunde
1609 1913 1980 1983 suppeditans.

2091 1917 2274 1987 μένοις
2298 1916 2395 1988 τὴν
2428 1918 2568 1971 ίασιν
2593 1917 2837 1988 ἀφθόνως
2859 1919 3213 1990 δωρούμενος.
3245 1922 3353 1974 Καὶ
3385 1923 3513 1976 ποτὲ
3546 1923 3646 1992 μὲν

422 2005 669 2074 Quodam
736 2022 862 2061 vero
912 2014 1156 2075 tempore
1221 2006 1384 2059 etiam
1449 2006 1748 2076 paralytico
1805 2004 1980 2060 dixit:

2088 2007 2254 2078 ἔφησε
2289 2007 2671 2079 παραλυτικῷο
2712 2027 2730 2058 ι
2773 2009 3027 2072 Ἀναστάς
3059 2005 3188 2081 ἆρον
3219 2012 3310 2064 τὸν
3337 2013 3648 2084 κράϐϐατόν

431 2115 450 2148 ι
481 2097 720 2168 Surgens
747 2099 875 2153 tolle
915 2100 1198 2168 grabatum
1238 2104 1388 2151 tuum
1419 2105 1472 2151 et
1503 2097 1719 2151 ambula
1746 2096 1814 2160 ⁸³,
1848 2117 1866 2148 ι
1901 2105 1985 2150 at-

419 2205 529 2259 que
576 2191 665 2245 ille
709 2189 852 2260 quod
899 2190 1224 2259 imperatum
1266 2200 1349 2244 est
1388 2188 1536 2244 fecit.
1569 2188 1782 2244 Rursus
1824 2190 1986 2246 caecis

423 2283 530 2336 alio
551 2290 814 2352 tempore,
842 2281 1090 2336 videndae
1121 2281 1260 2336 lucis
1292 2281 1603 2336 facultatem
1631 2283 1859 2352 largitus
1881 2291 1980 2337 est.

421 2370 560 2427 Olim
599 2388 728 2428 vero
773 2372 966 2426 mulier
1011 2387 1131 2440 qua:
1164 2371 1446 2441 sanguinis
1490 2370 1639 2425 ﬂuxu
1675 2371 1978 2434 laborabat,

420 2472 475 2518 et
505 2478 679 2518 annos
703 2463 968 2532 plurimos
1003 2478 1067 2516 eo
1095 2477 1293 2532 genere
1333 2462 1507 2516 morbi
1542 2462 1860 2524 vexabatur,
1889 2463 1983 2516 ubi

352 2599 354 2602 μ
420 2556 557 2612 vidit
613 2555 1061 2610 innumerabilem
1112 2557 1317 2609 circum
1365 2555 1515 2608 illum
1560 2553 1980 2618 multitudinem,

420 2663 543 2718 quae
576 2662 846 2716 nusquam
899 2647 1244 2717 permittebat
1297 2654 1358 2700 ut
1392 2646 1457 2700 ad
1501 2645 1653 2699 illum
1703 2646 1984 2701 accederet

425 2755 491 2795 ac
535 2739 887 2809 supplicaret,
921 2739 1409 2810 liberationemque
1456 2755 1486 2792 a
1525 2741 1714 2792 morbo
1751 2746 1979 2809 peteret,

421 2839 722 2886 extremum
777 2832 922 2886 illius
978 2836 1353 2886 vestimentum
1412 2831 1674 2902 attingere
1723 2830 1983 2884 duntaxat

421 2923 699 2992 cogitavit,
741 2923 900 2993 108
927 2931 1090 2992 atque
1143 2923 1214 2976 ita
1263 2923 1463 2990 subiit;
1495 2923 1823 2991 liinbumque
1857 2937 1980 2975 cum

2091 2116 2204 2165 σου,
2231 2103 2323 2155 καὶ
2349 2100 2633 2172 περιπάτει
2661 2115 2674 2129 °
2707 2117 2726 2150 ι
2763 2102 2791 2153 ό
2816 2100 2872 2154 δέ
2911 2101 2970 2154 τὸ
2999 2101 3282 2155 κελευσθὲν
3312 2105 3502 2157 ἐποίει.
3538 2106 3648 2158 Τυ-

2089 2194 2238 2264 φλοῖς
2265 2194 2320 2246 δὲ
2354 2193 2510 2247 πάλιν
2535 2192 2719 2246 ἄλλοτε
2760 2192 2826 2245 τὰ
2860 2192 3122 2262 βλεπτικά
3147 2193 3238 2247 τοῦ
3265 2194 3437 2263 φωτὸς
3461 2198 3647 2267 ἐχαρί-

2089 2286 2228 2350 ζετο.
2258 2284 2394 2354 Ἤδη
2425 2283 2484 2336 δέ
2521 2301 2650 2338 ποτε
2692 2286 2784 2338 καὶ
2827 2285 3192 2357 αἱμορροοῦσα
3236 2287 3371 2358 γυνὴ
3406 2291 3647 2358 μακραῖς

2087 2377 2223 2430 ἐτῶν
2269 2376 2531 2448 περιόδοις
2568 2376 2704 2447 πρὸς
2753 2377 2846 2432 τοῦ
2904 2377 3109 2440 πάθους
3163 2379 3640 2450 κατατρυχομένη,
3741 2433 3748 2446 ,

2089 2469 2270 2541 ἐπειδὴ
2304 2468 2446 2540 ἐώρα
2480 2469 2648 2540 μυρία
2679 2467 2851 2540 πλήθη
2875 2468 3176 2522 κυκλοῦντα
3209 2461 3385 2534 αὐτὸν,
3410 2471 3501 2523 καὶ
3535 2488 3642 2540 μη.

2086 2561 2270 2632 δαμῶς
2294 2560 2653 2632 ἐπιτρέποντα
2678 2559 2815 2631 αὐτῇ
2843 2560 3203 2630 γονυπετῆσαι
3235 2558 3601 2633 προσελθούσῃ
3625 2599 3641 2625 ,

2086 2655 2179 2708 τοῦ
2226 2671 2282 2708 τε
2330 2653 2530 2716 πάθους
2562 2651 2659 2723 τὴν
2701 2651 3018 2723 ἀπαλλαγήν
3043 2650 3460 2723 ἐξαιτήσασθαι,
3506 2650 3648 2706 ἀλλὰ

2086 2748 2181 2800 καὶ
2205 2748 2373 2819 ἄκρου
2395 2745 2487 2798 τοῦ
2511 2745 2720 2815 ἱματίου
2743 2744 3087 2815 προσψαῦσαι
3108 2745 3268 2815 μόνον
3282 2744 3644 2816 διανοηθεῐσα,

2086 2838 2353 2901 ὑποδύνει,
2375 2839 2469 2892 καὶ
2499 2836 2592 2890 τοῦ
2623 2836 2927 2908 κρασπέδου
2955 2836 3316 2909 ἐπιλαϐομένη
3334 2877 3349 2901 ,
3383 2835 3516 2908 όμοῦ
3553 2837 3646 2892 καὶ

2084 2930 2183 2999 τῆς
2227 2931 2334 2982 τῶν
2366 2928 2551 2984 κακῶν
2604 2930 2794 2991 ἰάσεως
2839 2928 3162 2993 ἐπελάϐετο,
3200 2929 3540 3000 παραχρῆμά
3582 2945 3648 2984 τι

421 3015 890 3085 apprehendisset,
921 3031 1027 3068 una
1071 3031 1192 3069 cum
1231 3030 1297 3070 eo
1339 3016 1674 3069 curationem
1715 3015 1979 3068 malorum

2087 3020 2244 3092 ὑγιὴς
2273 3015 2340 3092 ἦν
2361 3060 2375 3084 ,
2406 3021 2504 3090 τῆς
2548 3019 2642 3073 τοῦ
2682 3019 2931 3089 Σωτῆρος
2961 3019 3115 3089 ἡμῶν
3145 3018 3326 3073 ἐνθέου
3365 3019 3645 3090 δυνάμεως

423 3105 802 3174 apprehendit,
847 3114 1011 3176 atque
1045 3106 1189 3159 illico
1231 3121 1362 3160 sana
1411 3107 1608 3170 evasit,
1649 3105 1729 3161 sic
1763 3105 1979 3174 quidem

2083 3112 2276 3182 δεῖγμα
2305 3112 2554 3182 μέγιστον
2589 3109 3034 3180 ἐπικομιζομένη.
3079 3110 3266 3174 ’Ἄλλος
3292 3111 3350 3164 δέ
3378 3128 3460 3174 τις
3487 3111 3646 3180 βασι-

420 3197 618 3255 divina:
649 3198 951 3254 Salvator-is
983 3201 1158 3254 nostri
1186 3200 1405 3254 virtutis
1433 3201 1727 3254 maximum
1769 3200 1980 3270 signum

2085 3203 2232 3267 λικὸς
2257 3204 2393 3275 ἀνὴρ
2437 3203 2620 3267 κακῶς
2651 3203 2839 3274 ἔχοντα
2869 3203 2958 3255 τὸν
2986 3202 3179 3269 παῖδα,
3215 3203 3534 3273 προσπεσὼν
3567 3204 3648 3273 τῷ

419 3300 728 3361 reportans.
753 3292 906 3347 Alius
930 3303 1109 3348 autem
1134 3294 1356 3363 quidam
1389 3293 1472 3346 vir
1500 3294 1742 3364 regulus,
1773 3307 1894 3346 cum
1917 3289 1984 3344 ad

418 3377 548 3436 «Iesu
585 3382 748 3452 pedes
784 3384 1093 3445 cecidisset,
1129 3384 1294 3437 ﬁlium
1329 3383 1421 3453 qui
1457 3384 1755 3454 argrotabat
1782 3383 1983 3438 evesti-

419 3473 508 3542 gio
539 3488 731 3528 sanum
773 3477 1000 3546 recepit.
1043 3475 1233 3529 Filiam
1277 3476 1404 3529 item
1437 3475 1597 3539 alius,
1631 3476 1723 3544 qui
1748 3473 1984 3528 Judaicze

424 3560 720 3636 Synagogae
761 3566 1012 3636 princeps
1050 3575 1186 3631 erat,
1234 3577 1287 3622 et
1323 3567 1412 3620 hic
1451 3567 1667 3636 quidem
1689 3566 1796 3635 jam
1837 3579 1984 3619 mor-

419 3666 589 3711 tuam.
616 3655 753 3723 Quid
786 3673 913 3712 vero
941 3657 1144 3723 dicam,
1169 3659 1314 3728 quod
1338 3660 1479 3714 alius
1502 3661 1613 3729 jam
1635 3658 1982 3728 quatriduum

420 3759 691 3813 mortuus,
737 3749 936 3806 virtute
964 3750 1092 3805 Jesu
1142 3751 1410 3807 excitatus
1453 3753 1572 3807 est?
1604 3752 1684 3806 vel
1731 3750 1873 3820 quod
1927 3749 1984 3803 in

421 3839 558 3892 mari
590 3847 846 3912 tanquam
882 3841 936 3896 in
966 3851 1110 3898 terra
1153 3859 1259 3913 qua
1287 3844 1504 3912 publice
1533 3844 1644 3897 itur
1672 3843 1800 3897 olim
1829 3841 1982 3912 pedi-

417 3927 524 3985 bus
561 3931 838 4000 ingressus
875 3941 980 3997 est,
1026 3935 1198 4005 ipsius
1239 3934 1455 3989 interim
1497 3934 1784 4005 discipulis
1829 3933 1982 3986 navi-

417 4021 710 4091 gantibus?
756 4031 811 4079 et
857 4027 1000 4094 quod
1033 4025 1195 4080 iidem
1233 4040 1359 4080 cum
1392 4026 1620 4081 adversa
1663 4031 1982 4095 tempestate

419 4112 776 4182 agitarentur,
817 4131 988 4184 mare,
1021 4118 1240 4180 ﬂuctus,
1278 4127 1468 4174 ventos
1500 4119 1789 4189 increpuit,
1819 4127 1981 4187 atque

418 4204 602 4256 omnia
632 4207 882 4274 protinus
919 4217 1176 4278 tanquam
1219 4209 1430 4264 Domini
1466 4226 1650 4265 vocem
1684 4209 1981 4264 formidan-

420 4294 495 4348 tia
544 4297 932 4352 constiterunt.
993 4299 1131 4355 Cum
1173 4315 1303 4355 vero
1343 4303 1583 4372 quinque
1625 4303 1791 4357 millia
1830 4303 1978 4357 viro-

418 4403 564 4452 rum,
625 4403 730 4443 una
795 4405 918 4444 cum
971 4391 1352 4448 innumerabili
1410 4393 1730 4448 feminarum
1783 4409 1976 4464 puero-

417 4497 649 4552 rumque
676 4481 1024 4538 multitudine
1064 4485 1305 4555 quinque
1347 4501 1456 4539 non
1487 4486 1717 4556 amplius
1746 4487 1976 4556 panibus

417 4575 631 4630 abunde
659 4575 928 4644 quondam
961 4577 1309 4640 saturaverit,
1343 4577 1500 4640 adeo.
1533 4587 1590 4632 ut
1624 4594 1744 4649 quae
1779 4593 1974 4648 super~

419 4669 640 4725 fuerunt
685 4667 948 4738 reliquiae,
988 4668 1274 4724 duodecim
1315 4670 1578 4740 cophinos
1618 4671 1841 4741 implere
1877 4685 1976 4740 p0-

419 4758 644 4819 tuerint,
704 4773 862 4826 quem
919 4773 1028 4812 non
1075 4766 1298 4827 stupore
1343 4758 1619 4813 alii-cerit?
1671 4770 1765 4814 aut
1813 4777 1972 4832 quem

417 4863 526 4902 non
561 4847 755 4901 merito
788 4847 854 4901 ad
903 4846 1251 4916 quaerendum
1297 4847 1364 4903 de
1419 4849 1588 4918 ipsius
1635 4865 1834 4904 arcana
1878 4865 1975 4904 oc-

416 4941 672 5009 cultaque
699 4940 901 4994 virtute
944 4940 1298 4994 excitaverit?
1346 4942 1440 4996 sed
1482 4958 1548 4995 ne
1580 4943 1712 4996 mihi
1746 4959 1889 4999 nunc
1921 4944 1974 4999 in

2097 3295 2289 3367 Ἰησοῦ,
2321 3295 2659 3367 παραχρῆμα
2689 3294 2824 3347 σῶον
2852 3293 3219 3364 ἀπελάμϐανε.
3243 3295 3350 3347 Καὶ
3371 3295 3648 3365 θυγατέρα

2084 3388 2241 3443 πάλιν
2261 3387 2437 3451 ἄλλος,
2480 3385 2742 3440 Ἰουδαίων
2768 3385 2823 3438 δέ
2850 3385 3290 3457 ἀρχισυνάγωγος
3311 3381 3398 3456 ἦν,
3419 3385 3531 3439 ἀλλ’
3555 3380 3648 3438 οὗε-

2082 3496 2172 3542 τος
2201 3479 2301 3550 ἤδη
2333 3479 2424 3531 καὶ
2455 3475 2740 3530 θανοῦσαν.
2775 3476 2838 3528 Τί
2879 3476 2958 3529 δεῖ
2998 3475 3174 3544 λέγειν
3218 3476 3292 3540 ὼς
3330 3480 3645 3547 τεταρταῖος

2083 3569 2237 3634 ἄλλος
2264 3569 2488 3639 δυνάμει
2512 3568 2605 3621 τοῦ
2641 3567 2814 3637 Ἰησοῦ
2840 3568 3030 3637 νεκρὸς
3061 3568 3346 3639 ἡγείρετος
3379 3568 3411 3638 ἢ
3441 3569 3515 3631 ὡς
3548 3569 3642 3621 ἐπὶ

2083 3661 2368 3731 θαλάττης,
2391 3655 2477 3713 οἷα
2498 3661 2588 3713 ἐπὶ
2607 3659 2881 3732 λεωφόρου
2904 3660 3024 3729 γῆς,
3044 3660 3268 3731 πορείας
3289 3661 3445 3731 ἤνυεν
3467 3659 3646 3712 ποιούς

2085 3772 2264 3825 μενος,
2288 3753 2394 3807 τῶν
2424 3751 2584 3806 αὑτοῦ
2617 3751 2869 3824 μαθητῶν
2900 3751 3274 3822 ἐμπλεόντων;
3304 3751 3396 3805 καὶ
3425 3753 3500 3813 ὼς
3530 3769 3642 3822 χει-

2084 3844 2393 3916 μασθέντων
2428 3842 2726 3912 ἐπετίμησε
2768 3845 2832 3913 τῇ
2875 3841 3118 3915 θαλάσσῃ
3161 3844 3254 3896 καὶ
3293 3842 3370 3913 τῷ
3409 3842 3641 3896 κλύδωνι

2081 3938 2175 3990 καὶ
2218 3938 2328 3999 τοῖς
2363 3935 2584 4006 ἀνέμοις
2606 3967 2622 3999 ,-
2673 3935 2766 3987 καὶ
2798 3935 2972 3988 πάντα
3003 3951 3067 4002 γε
3100 3933 3231 4004 ἔστη
3262 3933 3602 4004 παραχρῆμα
3623 3972 3640 3996 ,

2079 4023 2168 4082 οἷα
2191 4026 2446 4080 δεσπότου
2479 4026 2660 4097 φωνὴν
2687 4023 3146 4096 καταπτήξαντα;
3183 4026 3350 4078 Πέντε
3378 4025 3433 4078 δέ
3465 4025 3640 4095 χιλιά-

2078 4119 2174 4182 δας
2195 4119 2401 4190 ἀνδρῶν
2431 4118 2880 4189 συνεπιπαρόντος
2901 4117 3090 4189 μυρίου
3110 4118 3266 4172 ἄλλου
3284 4120 3554 4187 γυναικῶν
3580 4135 3642 4176 τε

2079 4212 2173 4264 καὶ
2201 4211 2403 4263 παίδων
2428 4208 2683 4280 πλήθους,
2706 4209 2770 4261 ἐκ
2791 4208 2948 4261 πέντε
2977 4209 3068 4262 τὸν
3097 4207 3324 4280 ἀριθμὸν
3354 4209 3532 4280 ἀρτων
3559 4211 3639 4273 είς

2079 4303 2238 4374 κόρον
2287 4301 2610 4374 πληρώσας,
2657 4302 2732 4366 ὼς
2795 4301 2888 4354 καὶ
2939 4303 3166 4373 περιττά
3221 4303 3488 4368 τοσαῦτα,
3539 4305 3642 4357 ὅσα

2083 4395 2241 4449 ίκανά
2261 4391 2328 4465 ἦν
2349 4394 2631 4465 πληρῶσαι
2659 4391 2864 4447 δώδεκα
2884 4393 3135 4462 κοφίνους
3161 4393 3365 4460 λαϐεῖν,
3395 4395 3517 4448 τίνα
3541 4396 3642 4448 οὐκ

2079 4485 2145 4538 ἂν
2191 4484 2445 4556 ἐκπλήξει
2465 4525 2480 4547 ,
2513 4485 2605 4539 καὶ⁵
2639 4483 2730 4537 ἐπὶ
2764 4482 2988 4553 ζήτησίν
3028 4501 3092 4552 γε
3136 4485 3356 4548 εἰκότως
3387 4485 3486 4554 τῆς
3519 4489 3638 4540 κατ’

2083 4673 2154 4743 μή
2193 4689 2281 4742 μοι
2312 4671 2378 4724 τά
2407 4670 2500 4725 νῦν
2532 4673 2559 4723 ό
2584 4670 2738 4737 λόγος
2766 4671 2846 4731 εἰς
2889 4668 3094 4739 μακρὸν
3128 4669 3299 4739 μῆκος
3325 4671 3638 4733 ἐκτείνοιτο.

2079 4765 2171 4817 ἐπὶ
2204 4765 2364 4816 πᾶσιν
2394 4761 2658 4814 ἐκκείσθω
2689 4763 2718 4814 ό
2747 4760 2908 4813 αὑτοῦ
2936 4758 3161 4823 θάνατος
3181 4800 3194 4823 ,
3231 4761 3292 4814 ού
3324 4761 3499 4826 κοινὸς
3529 4766 3639 4826 τοῖς

2078 4857 2280 4918 λοιποῖς
2320 4851 2624 4924 ἀνθρώποις
2666 4851 3046 4923 γεγενημένος.
3093 4854 3166 4906 Ut)
3217 4852 3325 4924 γὰρ
3353 4854 3491 4923 νόσῳ
3520 4853 3638 4907 δια-

2080 4947 2321 5018 φθαρεὶς,
2351 4945 2464 4999 ἀλλ’
2495 4944 2613 4998 ούδέ
2643 4943 2821 5015 βρόχῳ
2847 4945 3074 5012 πνιγεὶς,
3097 4944 3214 4998 οὐδὲ
3241 4945 3344 5015 μὴν
3367 4945 3484 4997 κατ’
3509 4944 3640 4998 αὐτὸ

417 5031 636 5100 longum
692 5031 854 5085 nimis
897 5031 1130 5085 ducatur
1176 5032 1372 5094 oratio,
1417 5043 1688 5103 postrema
1732 5038 1972 5090 omnium

2083 5038 2168 5093 τοῦ
2204 5035 2433 5108 σταυροῦ
2456 5035 2514 5088 τὸ
2535 5035 2788 5106 τρόπαιον
2807 5033 3005 5104 ὁμοίως
3029 5038 3139 5097 τοῖς
3168 5035 3370 5098 λοιποῖς
3405 5034 3571 5088 κακού
3583 5052 3639 5104 ρ·

416 5121 563 5176 illius
601 5136 748 5176 mors
787 5132 1108 5192 exponatur,
1146 5138 1266 5193 qua:
1291 5139 1400 5177 non
1427 5127 1699 5180 communi
1740 5127 1980 5198 reliquo-

2083 5147 2190 5200 γοις
2224 5128 2550 5199 ὑποτμηθεὶς
2585 5126 2782 5196 σιδήρῳ
2824 5124 2892 5178 τὰ
2948 5126 3141 5194 σκέλη,
3191 5126 3310 5178 οὐδὲ
3341 5125 3475 5189 ὅλως
3505 5127 3640 5196 πρός

414 5227 534 5266 rum
568 5213 846 5268 hominum
880 5229 1029 5269 more
1057 5215 1286 5272 exstitit.
1311 5215 1425 5271 Non
1457 5218 1600 5272 enim
1629 5219 1820 5274 morbo
1846 5235 1978 5274 cou-

2083 5239 2216 5284 τινος
2248 5217 2544 5292 ἀνθρώπων
2588 5214 2772 5270 παθών
2814 5233 2866 5268 τι
2907 5215 3016 5269 τῶν
3061 5219 3302 5288 ἀναιρεῖν
3337 5215 3635 5278 εἰωθότων,

415 5313 688 5374 sumptus,
729 5321 793 5360 ac
829 5322 897 5360 ne
929 5307 1122 5377 laqueo
1171 5307 1412 5378 quidem,
1463 5317 1557 5362 aut
1607 5310 1730 5380 igne
1754 5330 1768 5365 :
1796 5327 1971 5381 neque

2083 5315 2248 5386 βίαιον
2285 5313 2541 5382 ὑπέμεινε
2567 5308 2818 5380 τελευτὴν
2840 5349 2854 5374 ,
2885 5307 2997 5361 ἀλλ’
3037 5309 3111 5372 ὡς
3139 5307 3268 5362 αύτὸ
3299 5309 3455 5380 μόνον
3497 5307 3634 5360 ἐκὼν

414 5409 544 5454 vero
586 5394 654 5448 ad
704 5411 909 5452 morem
947 5399 1302 5470 reliquorum,
1345 5401 1436 5470 qui
1479 5401 1550 5456 ob
1595 5405 1801 5459 scelera
1847 5419 1968 5467 sua,

2083 5407 2363 5480 παρεδίδου
2409 5408 2520 5470 τοῖς
2574 5404 2977 5459 ἐπιϐουλεύουσι
3009 5402 3069 5457 τὸ
3105 5402 3283 5472 σῶμα,
3332 5401 3642 5473 ἀνωρθούτο

414 5493 595 5548 crucis
634 5495 900 5565 supplicio
929 5497 1063 5552 allici
1096 5497 1296 5569 solent,
1333 5499 1588 5558 cruribus
1616 5501 1800 5559 itidem
1825 5501 1970 5558 ferro

2083 5503 2178 5574 μὲν
2209 5499 2315 5554 ἀπὸ
2335 5500 2435 5572 γῆς
2455 5499 2670 5564 αὐτίκα,
2696 5498 2929 5552 κᾶπειτα
2953 5495 3044 5549 ἐπὶ
3067 5494 3162 5548 τοῦ
3189 5495 3362 5568 ἱκρίου
3383 5495 3644 5569 φωνήσας

484 5668 530 5700 ⁸³
556 5665 726 5724 lare.
760 5684 824 5735 ιι,
848 5669 1032 5728 9⁸11.
