3930 6202
250 223 358 277 197

1170 222 1828 281 DEMONSTRATIONIS
1867 221 2328 281 EVANGELICE
2356 225 2484 281 LIB.
2527 224 2616 283 Ill.

246 336 397 407 μέγα
416 376 431 401 ,
459 338 556 389 καὶ
586 334 666 407 τῷ
709 336 885 409 Πατρὶ
926 338 1242 409 παρατιθεὶς
1271 340 1331 393 τὸ
1363 340 1610 413 πνεῦμα,
1659 340 1809 395 είπὼι

1930 340 2183 405 succisis,
2232 356 2411 411 neque
2460 342 2685 395 omnino
2719 340 3014 412 quidquam
3058 342 3128 398 ab
3173 342 3282 397 ullo
3314 343 3497 399 homi-

244 428 434 491 αὐτοῖς
476 429 716 499 ῥήμασιν
736 445 751 460 ο
786 448 803 481 ι
835 429 1013 500 Πάτερ
1032 470 1047 493 ,
1080 433 1160 495 εἰς
1191 433 1378 501 χεῖράς
1410 449 1503 486 σου
1531 433 1825 504 παρατίθε-

246 535 348 590 μαι
387 519 450 572 τὸ
482 519 699 591 πνεῦμά
735 538 836 590 μου
859 561 874 583 ,
909 540 926 572 ι
961 521 1134 586 οὕτως
1166 524 1365 593 ἄφετος
1408 523 1501 577 καὶ⁵
1544 524 1824 597 ἐλεύθερος

241 609 413 673 αὐτὸς
464 610 557 679 ἀφ’
586 611 778 663 ἑαυτοῦ
806 611 904 681 τὴν
937 614 999 664 ὲκ
1032 612 1126 665 τοῦ
1162 611 1410 684 σώματος
1440 614 1820 686 ἀναχώρησιν,

240 702 406 754 ταυτὶ
436 701 689 772 πρόσθες,
726 704 978 755 ἐποιεῖτο.
1011 699 1143 756 Εἶτα
1170 703 1226 756 δὲ
1250 704 1344 757 τοῦ
1378 703 1627 775 σώματος
1658 707 1821 760 αὐτοῦ

240 794 547 865 ληφθέντος
574 794 707 863 πρὸς
731 793 839 846 τῶν
879 794 1171 865 γνωρίμων
1190 836 1204 859 ,
1232 796 1327 849 καὶ
1363 800 1429 869 τῇ
1471 799 1820 870 προσηκούσῃ

245 885 644 957 παραδοθέντος
709 889 891 956 ταφῇ,
954 889 1193 957 τριταῖος
1249 884 1405 953 αὖθις
1471 889 1822 960 ἀπελάμϐανε

242 977 407 1031 τοῦτο
428 1017 443 1041 ,
509 977 539 1030 δ
588 977 717 1048 πρὶν
767 978 1127 1050 ἀναχωρήσας
1179 979 1318 1034 ἑκὼν
1386 981 1661 1034 κατέθετο.
1712 983 1823 1035 Καὶ

242 1068 487 1123 δείκνυσί
533 1085 598 1137 γε
650 1061 821 1122 πάλιν
857 1069 1017 1134 αὐτὸς
1065 1071 1251 1124 ἑαυτὸν
1302 1071 1591 1143 ἐνσαρκον,
1653 1071 1821 1128 ἐνσω-

247 1177 387 1229 μον,
438 1160 603 1212 αὐτὸν
662 1162 903 1225 ἐκεῖνον,
959 1155 1069 1225 οἷος
1128 1162 1223 1216 καὶ
1265 1163 1326 1215 τὸ
1382 1166 1509 1235 πρὶν
1562 1160 1659 1236 ἦν,
1708 1167 1820 1228 τοῖς

242 1252 472 1314 οἰκείοις
505 1252 800 1322 μαθηταῖς,
827 1250 907 1315 οἷς
936 1254 1031 1307 καὶ
1074 1255 1165 1308 ἐπὶ
1198 1255 1369 1327 βραχὺ
1399 1257 1695 1329 ὁμιλήσας,
1729 1258 1820 1311 καί

244 1360 372 1396 τινα
434 1343 812 1414 συνδιατρίψας
858 1346 1046 1416 χρόνον
1071 1385 1086 1409 ,
1128 1346 1332 1401 ἄνεισιν
1379 1347 1499 1401 ὅθεν
1560 1348 1654 1401 καὶ
1676 1364 1819 1419 παρ-

244 1436 316 1504 ῆν
337 1474 355 1493 ,
379 1436 466 1487 ὑπ’
492 1435 786 1506 ὀφθαλμοῖς
823 1437 1002 1489 αὐτῶν
1034 1436 1131 1508 τὴν
1186 1440 1266 1503 είς
1310 1441 1569 1511 οὐρανοὺς
1598 1441 1819 1512 πορείαν

246 1525 628 1596 στειλάμενος·
664 1521 746 1589 οἷς
791 1526 854 1597 δὴ
889 1527 983 1579 καὶ
1030 1527 1307 1600 ὑποθήκας
1357 1530 1484 1600 περὶ
1532 1528 1641 1581 τῶν
1675 1546 1817 1599 πρα-

246 1617 426 1669 κτέων
467 1616 761 1688 παραδοὺς,
806 1617 1157 1682 διδασκάλους
1203 1618 1310 1673 τῶν
1353 1620 1521 1673 ὲθνῶν
1563 1621 1818 1674 ἁπάντων

244 1708 347 1779 τῆς
370 1708 628 1761 ἀνωτάτω
661 1708 964 1773 θεοσεϐείας
992 1710 1255 1781 ἀπέφηνε.
1300 1711 1533 1764 Τοιαῦτα
1568 1712 1725 1784 ήμῶν
1748 1711 1816 1763 τά
1852 1696 1891 1751 Β

246 1799 599 1869 πολυύμνητα
652 1801 749 1872 τῆς
793 1800 996 1871 ἀρετῆς
1055 1800 1338 1872 θαύματα·
1386 1802 1556 1855 ταῦτα
1606 1802 1704 1873 τῆς
1760 1806 1819 1855 ὲν

245 1890 395 1961 αὐτῷ
429 1890 680 1961 θεότητος
728 1891 796 1944 τὰ
840 1893 1142 1963 τεκμήρια·
1184 1888 1357 1945 ταῦτα
1404 1894 1497 1946 καὶ
1541 1893 1694 1945 αὐτοὶ
1732 1891 1819 1946 λο-

247 1982 432 2055 γισμῷ
466 1982 699 2054 σώφρονι
728 1982 1173 2054 τεθαυμάκαμεν,
1195 1984 1625 2056 βεϐασανισμένη
1647 2002 1702 2038 τε
1724 1986 1817 2038 καὶ

246 2076 591 2147 ἐξητασμένη
623 2077 800 2148 κρίσει
846 2076 1268 2148 κατεδεξάμεθα.
1319 2076 1636 2147 Ἐξήτασται
1689 2081 1817 2149 παρ’

247 2171 377 2239 ήμῖν
426 2170 519 2223 καὶ
565 2168 948 2238 βεδασάνισται
997 2170 1089 2221 καὶ
1128 2169 1195 2221 δι’
1238 2168 1437 2240 ἑτέρων
1479 2169 1815 2239 πραγμάτων

247 2260 494 2332 ἐναργῶν
529 2262 703 2313 πάντα
742 2261 1120 2315 καλυπτόντων
1153 2262 1329 2330 λόγον,
1362 2262 1431 2313 δι’
1482 2254 1555 2315 ῶν
1595 2262 1755 2326 αὐτὸς
1787 2263 1816 2314 ὁ

248 2352 452 2424 Κύριος
494 2354 649 2423 ήμῶν
682 2354 847 2405 είσέτι
873 2354 967 2407 καὶ
1005 2354 1098 2407 νῦν
1130 2348 1211 2416 οἷς
1243 2352 1309 2406 ἂν
1342 2353 1595 2423 κρίνειεν,
1646 2353 1816 2424 μικρά

245 2462 366 2497 τινα
396 2446 494 2515 τῆς
539 2445 703 2498 αὐτοῦ
731 2446 1010 2516 δυνάμεως
1049 2446 1409 2517 παραφαίνειν
1446 2444 1623 2499 εἴωθε.
1667 2446 1813 2517 Πλὴν

246 2537 380 2590 ἀλλά
409 2539 503 2591 καὶ
540 2541 604 2608 τῇ
639 2537 971 2609 λογικωτέρα
1016 2537 1240 2608 μεθόδῳ,
1270 2538 1343 2609 ἢν,
1363 2538 1656 2609 προσάγειν
1688 2537 1814 2590 είώ-

244 2626 418 2697 θαμεν
443 2629 555 2690 τοῖς
595 2628 654 2679 οὐ
694 2627 1153 2698 παραδεχομένοις
1182 2628 1250 2680 τὰ
1284 2628 1672 2701 προειρημένα,
1699 2626 1813 2682 ἀλλ’

244 2719 364 2790 ἦτοι
398 2717 673 2783 παντελῶς
697 2719 1012 2772 ἀπιστοῦσιν
1036 2719 1237 2783 αὐτοῖς,
1270 2720 1362 2771 καὶ
1396 2718 1563 2790 μηδὲν
1584 2717 1811 2800 καθόλου

242 2812 520 2879 γεγονέναι
545 2811 784 2864 τοιοῦτον
814 2810 947 2882 πρὸς
980 2811 1142 2864 αὐτοῦ
1177 2811 1493 2880 φάσκουσιν,
1534 2810 1567 2880 ἢ
1596 2811 1815 2879 γεγονέ-

244 2921 333 2956 ναι
370 2904 487 2975 μὲν,
519 2904 749 2973 γοητικέι
795 2903 849 2955 δὲ
881 2903 1051 2966 ἄλλως
1090 2903 1183 2956 ἐπὶ
1218 2902 1390 2973 πλάνῃ
1424 2902 1530 2954 τῶν
1564 2900 1813 2973 ὁρώντων

241 2997 392 3051 ῶσάν
418 3000 508 3051 ὑπ’
540 2998 727 3069 ἀνδρὸς
761 2997 959 3050 πλάνου
1007 2998 1297 3066 ἀναγκαῖον
1328 2994 1629 3049 ἐπιθέσθαι.
1661 2997 1723 3049 Εί
1754 2995 1811 3049 δὲ

239 3091 353 3161 χρὴ
393 3091 486 3142 καὶ
514 3091 600 3142 ἐπὶ
627 3051 723 3143 τοῦ
762 3090 1025 3161 παρόντος
1070 3051 1274 3160 βραχέα
1317 3087 1453 3158 πρὸς
1498 3086 1623 3151 τοὺς
1659 3086 1809 3157 δεδη-
1837 3051 1878 3108 c

240 3180 522 3250 λῶμένους
577 3183 851 3251 ἐνστῆναι,
912 3182 1012 3234 οὐκ
1064 3180 1466 3251 ἀπολειψόμεθα
1533 3179 1803 3252 σπουδῆςο

242 3273 426 3335 ἄλλως
445 3272 499 3324 δέ
526 3290 635 3336 πως
666 3275 844 3335 αὐτοῖς
873 3274 1283 3344 ἀπαντήσομεν;
1778 3280 1781 3287 ‘

1926 446 2058 486 num
2090 447 2308 503 passus,
2341 447 2532 487 eorum
2561 433 2654 502 qui
2686 434 2821 489 alios
2848 449 3044 489 necare
3072 446 3492 498 consueverunt.

1922 523 2176 577 violentae
2236 523 2431 578 mortis
2484 538 2655 593 genus
2700 526 2872 578 ullum
2935 525 3175 594 pertulit.
3236 524 3343 581 Sed
3400 529 3495 584 ubi

1926 613 2106 684 ipsum
2136 616 2401 669 duntaxat
2429 623 2623 685 sponte
2653 617 2883 685 praebuit
2914 617 3153 671 inimicis
3185 618 3495 672 insidianti—

1923 709 2027 765 bus
2057 724 2279 780 corpus,
2310 716 2426 762 tum
2467 717 2681 763 erectus
2709 716 2787 764 est
2827 723 2857 762 a
2896 719 3038 764 terra
3088 710 3253 765 illico.
3291 708 3495 766 Deinde

1924 802 1979 857 in
2010 802 2157 871 ligno
2198 814 2393 871 magna
2443 814 2577 854 voce
2608 800 2873 863 clamans,
2934 810 2987 855 et
3035 800 3183 855 Patri
3237 802 3489 871 spiritum

1922 892 2333 956 commendans,
2372 898 2534 960 atque
2561 890 2675 945 haec
2706 891 2773 944 ad
2818 892 3041 945 verbum
3075 892 3302 947 dicens:
3336 911 3354 943 ι
3385 891 3492 947 Pa-

1922 994 2025 1049 ter,
2053 986 2108 1040 in
2136 999 2331 1039 manus
2363 991 2486 1037 tuas
2517 983 2840 1039 commendo
2866 983 3116 1052 spiritum
3148 1000 3326 1039 meum
3352 985 3397 1018 “
3426 1005 3439 1040 :
3467 1005 3486 1038 ι

1922 1076 1996 1131 ita
2042 1076 2255 1130 solutus
2295 1090 2357 1129 ac
2401 1075 2559 1139 liber,
2608 1075 2724 1145 ipse
2770 1089 2867 1144 per
2908 1075 3145 1143 seipsum
3195 1090 3225 1128 a
3261 1090 3493 1145 corpore

1922 1168 2172 1221 secessit.
2206 1164 2410 1220 Deinde
2460 1181 2585 1220 cum
2621 1181 2821 1235 corpus
2856 1165 3029 1235 ipsius
3059 1165 3368 1241 familiares.
3400 1182 3492 1221 ac-

1921 1262 2215 1330 cepissent,
2241 1266 2403 1330 atque
2429 1260 2667 1315 honestae
2684 1261 2974 1330 sepulturae
2991 1262 3487 1327 commendassem,

1921 1353 2079 1406 tertio
2123 1352 2210 1405 die
2258 1366 2450 1405 rursus
2482 1350 2614 1405 illud
2648 1351 2822 1421 ipsum
2858 1353 3085 1422 recepit,
3119 1353 3267 1421 quod
3299 1337 3493 1408 videli-

1921 1451 2005 1496 cet
2042 1451 2235 1511 sponte
2265 1443 2577 1512 reliquerat.
2629 1442 2693 1495 Et
2727 1443 2806 1498 sic
2846 1459 3060 1505 rursus,
3098 1444 3215 1514 ipse
3244 1446 3489 1515 seipsum

1921 1533 1975 1586 in
2036 1546 2240 1597 carne,
2293 1533 2347 1585 in
2409 1547 2673 1601 corpore,
2732 1534 2909 1603 ipsum
2969 1535 3119 1589 illum
3188 1537 3281 1606 qui
3339 1539 3490 1606 prius

1923 1628 2117 1689 luerat,
2174 1624 2289 1679 suis
2330 1625 2569 1680 ostendit
2598 1625 2903 1695 discipulis,
2948 1627 3148 1695 quibus
3195 1642 3319 1681 cum
3353 1643 3490 1698 pau-

1921 1727 2015 1767 cos
2067 1712 2187 1767 dies
2244 1723 2529 1777 versatus,
2580 1722 2634 1768 et
2690 1730 2786 1784 per
2843 1716 3064 1785 aliquod
3120 1728 3335 1786 tempus
3386 1734 3488 1774 suo
3594 1708 3605 1731 '

1921 1804 2084 1858 etiam
2155 1819 2408 1858 sermone
2484 1803 2783 1875 dignatus,
2851 1806 2981 1859 illuc
3050 1822 3300 1862 reversus
3361 1818 3484 1873 est,

1920 1894 2063 1948 unde
2103 1895 2280 1950 oculis
2316 1896 2532 1950 illorum
2591 1911 2649 1953 se
2701 1897 2995 1961 obtulerat,
3044 1898 3231 1967 sicque
3268 1900 3370 1955 iter
3417 1901 3486 1955 ad

1920 1985 2080 2054 109
2116 1987 2315 2040 coelum
2352 1988 2570 2042 direxit.
2617 1988 2808 2043 Iisdem
2849 2004 2999 2051 vero,
3034 2006 3157 2043 cum
3216 2000 3487 2062 praecepta

1915 2092 2132 2146 quoque
2162 2078 2228 2131 de
2256 2078 2419 2133 rebus
2454 2080 2677 2149 agendis
2708 2079 3046 2146 tradidisset,
3086 2083 3306 2137 eosdem
3342 2086 3487 2155 apud

1916 2184 2105 2223 omnes
2155 2178 2344 2238 gentes
2380 2185 2649 2239 suprema:
2693 2171 2971 2241 religionis
3006 2173 3265 2228 doctores
3299 2175 3486 2230 decla-

1915 2261 2074 2314 ravit.
2119 2259 2244 2315 Haec
2286 2277 2417 2317 sane
2473 2271 2602 2318 sunt
2642 2264 2896 2328 virtutis,
2942 2280 3063 2334 qua:
3104 2266 3157 2320 in
3206 2267 3486 2324 Salvatore

1916 2360 2104 2406 nostro
2150 2362 2287 2417 erat,
2342 2357 2586 2424 apprime
2641 2355 2964 2408 celebranda
3009 2356 3273 2411 miracula
3316 2377 3329 2413 :
3370 2360 3485 2414 hate

1914 2441 2238 2507 divinitatis,
2269 2459 2391 2513 quae
2421 2446 2476 2498 in
2513 2445 2606 2498 illo
2645 2452 2763 2497 erat
2802 2443 3001 2498 indicia
3032 2461 3044 2496 :
3076 2445 3191 2500 hate
3221 2447 3323 2517 ipsi
3343 2464 3484 2519 quo-

1914 2547 2020 2602 que
2055 2542 2207 2588 casta
2245 2535 2605 2588 azstimatione
2642 2534 2895 2588 admirati
2932 2551 3144 2601 sumus,
3173 2541 3485 2608 explorato-

1913 2641 2018 2695 que
2047 2633 2208 2695 atque
2253 2627 2526 2695 exquisito
2570 2626 2780 2694 judicio
2828 2628 3155 2696 recepimus.
3201 2628 3483 2699 Exquisita

1914 2732 2045 2771 sane
2075 2717 2189 2771 haec
2219 2733 2248 2771 a
2285 2718 2465 2781 nobis,
2495 2720 2882 2788 explorataque
2914 2727 3062 2784 sunt,
3115 2721 3237 2776 aliis
3266 2737 3485 2792 quoque

1912 2809 2259 2864 evidentibus
2317 2810 2480 2865 rebus
2511 2850 2526 2874 ,
2573 2825 2900 2880 omnemque
2972 2811 3339 2880 aperientibus
3393 2829 3486 2868 ra-

1915 2902 2137 2965 tionem,
2167 2903 2365 2972 quibus
2386 2904 2501 2972 ipse
2532 2902 2795 2959 Dominus
2825 2912 3011 2958 noster
3034 2905 3197 2959 etiam
3222 2922 3367 2960 nunc
3392 2906 3482 2972 iis,

1912 3008 2049 3063 quos
2080 2994 2275 3065 dignos
2303 2996 2591 3064 putaverit,
2626 2995 2820 3065 exigua
2851 2994 3096 3065 quaedam
3126 3010 3238 3049 suae
3266 2996 3484 3053 virtutis

1913 3086 2065 3155 signa
2098 3087 2389 3141 ostendere
2410 3087 2713 3142 consuevit.
2744 3086 2887 3153 Quin
2910 3087 3074 3141 etiam
3105 3088 3389 3143 subtiliore
3418 3104 3482 3144 ac

1913 3180 2144 3235 certiore
2166 3179 2419 3233 doctrina
2459 3179 2601 3234 idem
2638 3194 2667 3233 a
2691 3179 2849 3234 nobis
2880 3177 3132 3232 eﬁ'ectum
3160 3186 3243 3233 est
3271 3196 3284 3232 :
3317 3193 3480 3247 quam

1910 3271 2127 3342 quidem
2169 3271 2236 3325 iis
2266 3271 2523 3325 adhibere
2546 3271 2951 3335 consuevimus,
2987 3274 3077 3339 qui
3102 3284 3163 3324 ea
3186 3285 3307 3339 quae
3333 3271 3480 3324 dicta

241 3374 376 3423 sunt
418 3382 525 3421 non
569 3368 892 3430 concedunt,
936 3368 1031 3421 sed
1071 3369 1274 3421 nullam
1304 3383 1532 3438 prorsus
1572 3367 1640 3423 iis
1678 3365 1835 3421 ﬁdem
1876 3366 2098 3426 habent,
2132 3378 2309 3433 neque
2339 3364 2559 3417 omnino
2598 3364 2892 3433 quidquam
2940 3364 3044 3418 tale
3078 3362 3146 3416 ab
3172 3378 3237 3416 eo
3276 3361 3478 3416 factum

237 3475 365 3516 esse
396 3460 744 3523 conﬁtentur,
783 3469 875 3514 aut
906 3461 1181 3516 exstitisse
1214 3462 1302 3515 illa
1336 3461 1553 3531 quidem
1594 3476 1706 3514 non
1748 3468 1966 3531 negant,
1994 3473 2182 3514 verum
2228 3457 2455 3525 magicis
2495 3458 2802 3527 praestigiis,
2837 3457 2901 3511 ad
2961 3471 3201 3512 errorem
3261 3456 3481 3510 intuen-

239 3554 378 3607 tium
426 3561 682 3623 tanquam
717 3569 747 3607 a
774 3554 889 3606 viro
927 3554 1212 3609 seductore
1255 3554 1530 3624 imposita,
1570 3554 1715 3622 quod
1749 3555 1796 3608 si
1835 3555 1995 3609 etiam
2029 3554 2083 3607 in
2106 3550 2356 3623 praesenti
2389 3549 2650 3603 adversus
2689 3552 2825 3605 tales
2869 3565 3039 3620 pauca
3072 3550 3317 3621 quaadam
3364 3550 3479 3604 dis-

238 3656 432 3715 putare
461 3661 599 3716 opus
631 3645 725 3709 sit,
780 3659 888 3698 non
925 3644 1239 3700 deseremus
1278 3647 1516 3701 studium
1579 3644 1853 3715 inceptum
1892 3662 1904 3698 :
1947 3645 2147 3715 alioqui
2178 3656 2306 3697 vero
2350 3655 2587 3711 quonam
2629 3650 2789 3711 pacto
2835 3641 3035 3696 ibimus
3082 3641 3189 3694 illis
3224 3640 3479 3695 obviam?

235 3759 309 3812 E'.
338 3759 496 3826 Πρὸς
530 3758 672 3824 τοὺς
698 3758 1089 3824 ἀπειθοῦντας
1116 3758 1193 3825 τῇ
1230 3754 1347 3827 τῶν·
1388 3758 1494 3811 τοῦ
1538 3755 1809 3827 Σωτῆρος

307 3829 478 3897 ἡμῶν
496 3830 630 3897 περὶ
648 3828 765 3881 τῶν
785 3828 1136 3897 παραδόξων
1150 3826 1420 3897 πράξεων
1438 3826 1734 3899 διηγήσει.

304 4013 373 4067 El
412 4012 476 4084 δὴ
518 4012 723 4081 λέγοιεν
761 4012 924 4084 μηδὲν
968 4013 1065 4083 τὴν
1096 4011 1267 4084 ἀρχὴν
1316 4009 1667 4080 πεποιηκέναι
1709 4008 1803 4063 τὸν

236 4106 469 4176 Σωτῆρα
521 4106 675 4177 ήμῶν
713 4104 1044 4176 θαυμαστὸν,
1098 4104 1229 4175 μηδέ
1282 4119 1335 4154 τι
1382 4101 1680 4173 παράδοξον
1730 4094 1806 4153 ὧν

235 4195 623 4266 ἐμαρτύρησαν
672 4197 720 4247 οί
764 4193 1049 4266 γνώριμοι,
1084 4190 1406 4262 σκεψώμεθα
1442 4193 1489 4243 εί
1524 4190 1745 4253 πιθανὸς
1771 4191 1800 4243 ὁ

237 4289 394 4355 λόγος
416 4289 593 4351 αὐτοῖς
622 4287 792 4351 ἔσται,
818 4287 891 4357 μὴ
911 4288 1011 4357 τὴν
1037 4286 1208 4339 αἰτίαν
1240 4285 1447 4355 ἔχουσιν
1472 4283 1797 4346 ἀποδιδόναι,

1896 3757 1958 3814 ν.
1988 3759 2247 3813 Adversus
2296 3777 2381 3814 eos
2435 3760 2523 3829 qui
2562 3774 2662 3811 non
2702 3758 2916 3829 credunt
2957 3756 3248 3811 Saluatoris
3298 3752 3469 3805 nostri

1966 3829 2264 3953 fgcipulis,
2306 3827 2652 3883 admirabiles
2691 3827 2837 3881 illius
2897 3844 2977 3881 res
3018 3837 3188 3897 gestas
3230 3837 3462 3876 narran-

1991 3916 2008 3952 ι
2046 3915 2127 3953 us.

1974 4005 2108 4060 Nam
2138 4006 2184 4061 si
2218 4005 2403 4059 dicant
2430 4004 2564 4059 nihil
2596 4001 2820 4059 omnino
2861 4000 3184 4055 admirabile
3225 3999 3475 4054 Salvato-

1904 4114 2016 4154 rem
2054 4107 2323 4161 nostrum,
2354 4113 2530 4167 neque
2559 4097 2853 4167 quidquam
2898 4095 3041 4164 quod
3079 4102 3298 4165 superet
3318 4096 3469 4165 cogi-

1903 4189 2163 4243 tationem
2196 4188 2488 4241 bumanam
2521 4185 2736 4252 iecisse,
2780 4185 2961 4255 qualia
2996 4193 3124 4240 sunt
3165 4200 3285 4254 qua:
3323 4185 3470 4240 illius

1905 4277 2204 4333 familiares
2230 4277 2505 4332 testiﬁcati
2534 4284 2681 4339 sunt,
2729 4278 3014 4333 videamus
3050 4293 3179 4331 num
3206 4278 3312 4332 illis
3341 4279 3468 4333 talia

236 4380 305 4433 δι’
339 4382 403 4450 ἣν
430 4382 478 4432 οἱ
511 4381 607 4449 μὲν
640 4378 894 4450 μαθηταὶ,
929 4382 958 4432 ὁ
985 4379 1041 4431 δὲ
1068 4377 1382 4439 διδάσκαλος
1415 4376 1798 4447 ἐχρημάτισεν.

1914 4370 2214 4424 dicentibus
2241 4369 2387 4423 credi
2422 4370 2530 4422 ullo
2557 4368 2717 4423 modo
2746 4370 2941 4438 possit,
2969 4370 3172 4440 quippe
3223 4371 3313 4439 qui
3350 4373 3475 4424 nul-

239 4473 312 4525 Ὀ
356 4489 413 4526 τε
462 4471 570 4542 γάρ
613 4470 875 4524 διδάσκων
920 4471 1247 4538 ἐπαγγελίαν
1297 4469 1616 4540 μαθήματός
1660 4485 1803 4531 τινος

236 4564 656 4632 ἐπαγγέλλεται·
691 4564 743 4616 οἴ
764 4580 823 4615 τε
857 4558 923 4616 αὖ
958 4563 1213 4634 μαθηταὶ,
1251 4562 1583 4633 μαθημάτων
1614 4561 1803 4631 ὀρεγό-

236 4673 411 4727 μενοι,
448 4659 586 4724 σφᾶς
617 4655 809 4718 αὐτοὺς
833 4655 909 4725 τῷ
932 4655 1230 4724 διδασκάλῳ
1265 4654 1660 4725 προσφέροντες
1682 4654 1802 4705 ὲπι-

1900 4461 2005 4515 lam
2044 4461 2256 4531 possint
2302 4461 2581 4530 assignare
2621 4475 2865 4523 causam,
2910 4469 3134 4531 propter
3175 4477 3360 4531 quam,
3414 4461 3471 4515 hi

1897 4552 2117 4622 quidem
2156 4552 2303 4607 illius
2347 4551 2624 4622 discipuli,
2662 4552 2750 4606 ille
2798 4567 2930 4606 vero
2973 4552 3168 4606 horum
3212 4552 3471 4622 magister

1897 4645 2186 4700 exstiterit.
2212 4643 2347 4697 Nam
2373 4643 2544 4713 ethui
2571 4643 2751 4708 docet,
2788 4644 3023 4713 alicujus
3041 4644 3340 4713 disciplinae
3363 4658 3469 4695 ma-

231 4749 512 4816 τρέπουσι.
544 4748 675 4800 Τίνα
689 4743 781 4799 οὖν
808 4747 955 4798 ἐστὶν
985 4748 1159 4799 εἰπεῖν
1184 4746 1357 4798 αἰτίαν
1378 4744 1482 4798 τῶν
1499 4744 1589 4797 τοῦ
1625 4742 1797 4815 Ἰησοῦ

1914 4738 2127 4809 ςίειτιιιιι
2163 4752 2222 4792 se
2246 4735 2534 4806 proﬁtetur
2563 4754 2575 4788 :
2603 4742 2657 4788 et
2695 4735 2953 4806 discipuli
2997 4737 3122 4791 talis
3165 4735 3469 4803 disciplinas

235 4839 493 4910 μαθητῶν
511 4839 607 4909 τῆς
622 4841 716 4892 σὺν
745 4838 892 4909 αὐτῷ
906 4837 1202 4909 διατριϐῆς,
1236 4836 1327 4890 καὶ
1357 4836 1410 4888 τί
1430 4835 1488 4888 τὸ
1504 4838 1793 4903 ἀναγκαῖον

230 4932 335 5000 τῆς
368 4932 495 5003 περὶ
525 4932 686 4984 αὑτὸν
726 4931 995 5000 σπουδῆς;
1035 4931 1196 4983 τίνων
1240 4929 1297 4981 δὲ
1342 4929 1436 4981 καὶ
1481 4926 1795 4980 διδάσκαλον

230 5026 604 5096 ἐπεγράφοντο
656 5024 1024 5095 μαθημάτωνς
1057 5023 1127 5074 Ἢ
1158 5021 1312 5074 τοῦτο
1342 5019 1532 5089 δῆλον;
1583 5019 1794 5082 πάντως

229 5115 344 5185 γάρ
370 5132 472 5167 που
500 5108 575 5167 ῶν
594 5116 722 5185 παρ’
752 5112 917 5166 αὐτοῦ
952 5112 1208 5183 μαθόντες
1228 5112 1306 5174 είς
1332 5110 1549 5181 ἑτέρους
1579 5110 1797 5181 ἐξήνεγ-

228 5224 367 5262 καν·
417 5206 773 5280 παραγγελίαι
821 5205 865 5259 δ’
892 5201 1031 5277 ἦσαν
1060 5203 1207 5274 αὐτῷ
1237 5203 1522 5273 φιλοσόφου
1567 5202 1703 5271 βίου,
1736 5203 1795 5255 ὃν

230 5299 566 5370 ὑπογράφω)
608 5299 789 5360 αὐτοῖς
834 5296 1006 5364 ἔλεγε·
1048 5315 1067 5347 ι
1118 5296 1210 5367 Μὴ
1259 5294 1531 5365 κτήσησθε
1575 5295 1794 5364 χρυσίον

232 5390 370 5462 μηδὲ
403 5390 639 5460 ἄργυρον
670 5390 748 5451 εἰς
778 5387 876 5450 τάς
905 5385 1099 5451 ζώνας,
1140 5384 1211 5456 μη
1252 5387 1427 5457 πήραν
1470 5385 1550 5447 είς
1579 5383 1724 5435 ὁδόν·
1767 5403 1786 5435 ι

228 5485 325 5537 καὶ
380 5484 451 5537 τά
505 5485 749 5539 τοιαῦτα.
792 5486 871 5557 Τῇ
916 5485 974 5539 δὲ
1031 5484 1206 5538 πάντα
1245 5480 1515 5554 διοικούση
1568 5479 1794 5552 προνοίᾳ

227 5569 428 5635 αὐτοὺς
481 5572 813 5637 ἀναθέντας,
871 5573 1035 5645 μηδὲν
1095 5573 1361 5645 μριμνᾷν
1418 5570 1524 5626 τῶν
1594 5568 1794 5643 χρειῶν

300 5685 348 5715 ⁸⁸
378 5682 511 5739 Luc.
533 5700 690 5753 uni,
710 5682 801 5740 46.

1901 4829 2086 4900 cupidi
2112 4829 2430 4898 magistrum
2455 4828 2743 4890 adeuntes,
2772 4829 2984 4898 seipsos
3009 4829 3082 4881 illi
3118 4827 3467 4883 instruendus

1900 4921 2268 4976 committunt.
2292 4919 2463 4985 Quam
2489 4919 2653 4989 igitur
2667 4935 2887 4973 causam
2905 4920 2993 4975 isti
3009 4919 3199 4974 aﬁ'errc
3215 4928 3465 4989 possunt,

1901 5030 2071 5086 quare
2101 5014 2184 5069 sui
2209 5029 2331 5066 cum
2353 5010 2483 5066 Jesu
2504 5012 2760 5082 discipuli
2788 5012 3010 5078 versati,
3045 5010 3466 5081 frequentesque

1903 5106 2144 5161 fuerint?
2165 5113 2260 5159 aut
2290 5104 2551 5175 quidnam
2571 5104 2727 5168 illud,
2752 5118 2958 5173 quaeso,
2991 5111 3130 5167 erat,
3172 5103 3316 5172 quod
3345 5103 3467 5158 illos

1899 5200 1995 5254 tali
2031 5200 2149 5253 viro
2172 5200 2303 5252 dare
2333 5212 2553 5267 Operam
2586 5197 2840 5266 cogeret?
2864 5210 3093 5265 quarum
3117 5210 3281 5265 porro
3300 5196 3468 5253 disci-

1899 5292 2171 5362 plinarum
2223 5289 2502 5344 doctorem
2554 5286 2705 5341 illum
2764 5287 2934 5343 fuisse
2980 5286 3202 5342 dicent?
3241 5303 3311 5344 an
3364 5287 3469 5343 hoc

1897 5383 2117 5456 quidem
2160 5379 2362 5436 nemini
2408 5378 2635 5433 dubium
2688 5393 2811 5433 esse
2866 5378 3079 5448 potest?
3112 5379 3272 5449 plane
3319 5380 3465 5436 enim

1900 5489 2088 5531 earum
2112 5488 2295 5529 rerum
2322 5472 2599 5526 doctorem
2620 5468 2792 5525 fuisse
2820 5482 3044 5525 necesse
3075 5476 3181 5535 est,
3214 5485 3356 5541 quas
3373 5469 3462 5541 qui

1901 5568 1971 5626 ab
2006 5565 2101 5624 illo
2137 5563 2463 5632 didicerunt,
2506 5563 2577 5622 ad
2623 5562 2865 5636 reliquos
2909 5562 3159 5621 homines
3185 5564 3464 5622 attulere:
