3914 6198
429 278 530 334 199

1093 273 1360 332 EUSEBII
1397 273 1876 332 CESARIENSIS
1908 275 2058 334 OPP.
2099 275 2278 334 PARS
2315 275 2378 331 ll.
2417 306 2484 318 —
2521 273 3019 332 APOLOGETICA.

3552 274 3668 332 200

421 396 571 467 atqui
596 403 862 467 praecepta
894 401 1050 449 erant
1090 393 1205 448 haec
1232 393 1622 463 philosophica:
1649 395 1791 458 vitae,
1820 410 1982 465 quam

2086 394 2266 448 ἕνεκα.
2309 395 2547 466 Παρῄνει
2595 393 2640 446 δ’
2699 395 2882 457 αὐτοῖς
2932 393 3024 446 καὶ
3070 394 3180 450 τῶν
3233 391 3500 456 Ἰουδαίοις
3550 393 3667 446 ὑπὸ

423 487 531 543 illis
553 487 868 542 describens
906 482 1159 538 dicebat:
1191 507 1210 534 ο
1244 484 1424 540 Nolite
1456 483 1736 554 possidere
1770 499 1986 546 aurum.

422 593 600 648 neque
658 582 942 646 argentum
987 575 1044 629 in
1085 576 1242 631 zonis
1289 576 1513 637 vestris,
1569 589 1678 630 non
1719 591 1902 646 peram
1933 578 1988 630 in

423 671 508 724 via
529 670 593 733 ",
630 687 650 720 ι
678 676 733 722 et
759 665 863 720 alia
882 665 1171 735 ejusmodi.
1213 665 1434 734 Seipsos
1464 681 1590 721 vero
1615 665 1839 734 jubebat
1863 681 1992 736 pro-

420 759 688 825 videntiae,
706 775 826 830 quae
849 759 1031 816 omnia
1048 761 1333 830 gubernat,
1351 759 1813 821 commendantes,
1839 768 1892 813 et
1921 758 1988 812 ad

422 854 568 907 illam
599 852 916 916 referentes,
958 867 1227 923 nusquam
1259 853 1528 908 sollicitos
1566 867 1689 908 esse
1721 851 1788 906 de
1823 852 1988 906 rebus

420 944 770 1000 necessariis.
794 945 1134 1000 Admonebat
1169 945 1333 1000 etiam
1369 960 1491 1012 eos,
1533 952 1590 998 ut
1626 945 1792 999 altius
1826 959 1986 1014 sape-

421 1047 544 1093 rent
592 1040 698 1104 iis,
739 1055 862 1109 quae
891 1037 1095 1094 ludatis
1142 1057 1173 1094 a
1214 1039 1362 1095 Mose
1406 1046 1674 1110 praecepta
1719 1039 1934 1094 fuerant
1969 1053 1984 1086 :

425 1131 582 1200 110
601 1131 749 1184 illum
767 1131 911 1185 enim
941 1133 1111 1202 legem
1135 1131 1245 1187 illis
1278 1130 1546 1202 posuisse,
1579 1145 1688 1185 non
1715 1130 1984 1195 occidere,

421 1232 680 1292 tanquam
728 1223 1066 1292 proclivibus
1117 1223 1186 1277 ad
1238 1221 1594 1278 occidendum
1637 1240 1651 1277 :
1699 1224 1824 1276 item
1875 1236 1985 1275 non

419 1312 706 1374 mmchari,
757 1322 1014 1382 tanquam
1053 1313 1120 1368 iis
1159 1313 1253 1382 qui
1295 1311 1668 1376 lascivissimi,
1719 1321 1883 1381 atque
1929 1311 1985 1365 in

419 1404 698 1459 libidinem
741 1405 1155 1474 prepensissimi
1183 1413 1385 1459 essent.
1421 1404 1632 1460 Rursus
1660 1418 1766 1458 non
1792 1401 1984 1466 furari,

418 1504 677 1565 tauquam
719 1498 916 1552 servile
945 1496 1179 1550 maxime
1219 1496 1493 1566 ingenium
1523 1511 1633 1566 pra:
1671 1510 1730 1550 se
1759 1493 1986 1550 ferenti-

419 1589 542 1643 bus.
574 1589 727 1657 lpsos
761 1591 894 1644 vero
939 1597 1194 1659 oportere
1243 1588 1522 1650 arbitrari,
1573 1587 1671 1642 bas
1710 1587 1813 1642 sibi
1852 1585 1986 1656 ipsis

417 1694 686 1749 nusquam
714 1694 837 1736 esse
869 1680 1301 1735 accommodatas
1334 1680 1498 1750 leges.
1535 1679 1630 1734 sed
1660 1678 1826 1732 animi
1854 1677 1987 1730 libe-

2091 487 2365 550 Μωῡσέως
2417 486 2881 558 παρηγγελμένων
2937 485 3218 558 κρείττονα
3268 488 3501 558 φρονεῖν.
3554 485 3668 542 Τὸν

2095 577 2192 648 μὲν
2234 577 2364 649 γὰρ,
2399 572 2485 630 οἷα
2514 560 2822 649 προχείροις
2850 578 2930 641 εἰς
2957 577 3332 649 ἀνδροφονίας,
3365 581 3670 651 νομοθετῆ-

2091 685 2180 721 σαι
2213 668 2288 740 μὴ
2317 668 2586 738 φονεύειν·
2621 669 2879 732 ὡσαύτως
2903 669 2961 722 δὲ
2994 669 3088 722 καὶ
3131 669 3205 742 μὴ
3241 671 3530 741 μοιχεύειν,
3571 667 3667 726 οἷα

2089 759 2496 828 λαγνιστάτοις,
2537 761 2629 814 καὶ
2673 760 3183 833 καταφερεστάτοις.
3225 764 3334 817 Καὶ
3377 761 3444 818 αὖ
3496 765 3664 821 πάλιν

2093 853 2168 926 μὴ
2198 853 2470 918 κλέπτειν,
2497 849 2585 906 οἷα
2615 853 3181 927 δουλοπρεπεστάτοις.
3216 857 3424 921 Αὐτοὺς
3453 857 3510 911 δὲ
3545 858 3662 913 δεῖν

2087 944 2309 1008 τούτους
2353 945 2450 1015 μὲν
2484 944 2730 1016 ἡγεῖσθαι
2773 945 2847 1017 μὴ
2878 947 3174 1017 προσήκειν
3209 948 3392 1011 αὐτοῖς
3420 951 3544 1012 τοὺς
3571 950 3662 1004 νό-

2091 1052 2246 1106 μους.
2281 1035 2342 1088 τὸ
2373 1035 2416 1088 δ’
2443 1036 2649 1100 ἀπαθὲς
2675 1037 2775 1106 τῆς
2803 1035 2981 1107 ψυχῆς
3005 1038 3130 1108 περὶ
3153 1036 3346 1091 πολλοῦ
3382 1040 3659 1110 πρατιμᾷν

2088 1128 2328 1184 κάτωθεν
2360 1131 2424 1182 ὲκ
2446 1128 2640 1199 βάθους
2660 1128 2824 1199 αὐτῆς
2846 1127 3102 1192 διανοίαςζ
3127 1127 3314 1201 ὥσπερ
3339 1129 3446 1182 ἀπὸ
3469 1128 3657 1200 ῥιζῶν,

2086 1221 2154 1275 τά
2168 1222 2266 1292 τῆς
2289 1221 2485 1284 κακίας
2505 1220 2906 1292 ἀποτέμνοντας
2924 1219 3290 1291 βλαστήματα·
3313 1222 3406 1274 καὶ
3435 1225 3660 1292 κρατεῖν

2090 1313 2186 1383 μὲν
2213 1313 2382 1385 ὀργῆς
2414 1312 2509 1366 καὶ
2539 1312 2718 1382 πάσης
2757 1312 2988 1384 αἰσχρᾶς
3020 1311 3313 1383 ἐπιθυμίας
3339 1313 3656 1384 πειρᾶσθαι,

2089 1404 2285 1475 μᾶλλον
2326 1404 2382 1458 δὲ
2433 1405 2567 1476 μηδὲ
2613 1405 2924 1476 ὀργίζεσθαι
2970 1405 3037 1458 δι’
3067 1405 3242 1476 ἄκραν
3285 1404 3462 1474 ψυχῆς
3514 1404 3663 1457 ἀπά-

2087 1494 2258 1563 θειαν,
2308 1497 2441 1568 μηδὲ
2494 1497 2852 1567 προσϐλέπειν
2897 1499 3129 1565 γυναῖκα
3181 1495 3316 1567 μετά
3363 1495 3660 1566 ἐπιθυμίας

2085 1587 2412 1642 ἀκολάστουο
2465 1588 2598 1660 μηδὲ
2655 1587 2925 1651 κλέπτειν,
2972 1588 3278 1641 τούναντίον
3322 1588 3400 1651 δὲ,
3449 1589 3544 1641 καὶ
3589 1588 3661 1642 τά

2085 1679 2257 1730 οἰκεῖα
2287 1677 2570 1749 προΐεσθαι
2619 1680 2730 1741 τοῖς
2773 1678 3080 1748 δεομένοιςο
3125 1678 3261 1730 ἀλλά
3290 1678 3424 1750 μηδὲ
3457 1678 3662 1748 σεμνύ-

417 1771 682 1825 rationem
714 1772 784 1826 ab
803 1771 951 1825 omni
984 1771 1174 1826 morbo
1210 1770 1430 1841 plurimi
1457 1769 1656 1834 facere,
1687 1776 1742 1825 et
1764 1769 1833 1824 ab
1861 1769 1984 1822 imis

2086 1768 2269 1822 νεσθαι
2291 1771 2382 1823 ἐπὶ
2409 1768 2486 1840 τῷ
2521 1769 2594 1840 μὴ
2627 1771 2969 1840 ἀποστερεῖν,
2995 1769 3106 1822 ἀλλ’
3131 1770 3226 1822 ἐπὶ
3256 1770 3334 1840 τῷ
3360 1770 3486 1834 τοὺς
3514 1772 3661 1838 σφᾶς

417 1863 665 1931 partibus
685 1879 747 1918 ac
777 1863 844 1918 de
861 1863 1144 1933 profundo
1167 1863 1534 1934 cogitationis,
1556 1871 1813 1932 tanquam
1837 1876 1868 1914 a
1897 1876 1986 1914 ra-

415 1954 634 2011 dieibus
683 1955 950 2009 malitiam
995 1954 1350 2024 pullulantem
1400 1969 1682 2019 resecare,
1739 1955 1986 2024 iramque

415 2052 582 2116 atque
609 2060 828 2100 omnem
855 2044 1040 2100 minus
1075 2045 1359 2099 honestam
1389 2044 1740 2114 cupiditatem
1765 2045 1986 2099 vincere

419 2137 692 2200 coronari,
729 2151 792 2191 ac
822 2137 1004 2206 potius
1038 2153 1101 2192 ex
1141 2151 1355 2192 summa
1393 2139 1556 2192 animi
1594 2137 1987 2208 tranquillitate

429 2242 498 2281 ne
527 2226 685 2282 irasci
709 2227 948 2296 quidem,
973 2242 1150 2297 neque
1178 2227 1460 2282 mulierem
1493 2242 1617 2282 eum
1649 2227 1873 2282 libidine
1901 2226 1986 2280 in-

429 2318 588 2382 tueri,
619 2333 683 2372 ac
730 2333 837 2372 non
868 2319 1028 2374 modo
1084 2333 1191 2373 non
1244 2317 1439 2385 furari,
1485 2318 1582 2374 sed
1630 2326 1854 2384 contra,
1897 2333 1986 2373 res

425 2412 588 2466 etiam
613 2425 744 2465 suas
777 2410 1144 2481 indigentibus
1176 2422 1422 2480 erogare.
1445 2408 1631 2480 Neque
1668 2426 1797 2465 vero
1828 2410 1882 2463 in
1919 2424 1986 2462 eo

424 2502 668 2572 gloriari,
717 2501 861 2571 quod
904 2502 1078 2556 aliena
1122 2501 1263 2556 inter
1304 2517 1364 2557 se
1402 2517 1510 2555 non
1561 2501 1855 2564 auferrent,
1890 2501 1985 2556 sed

417 2593 563 2662 quod
605 2593 708 2654 eis,
748 2591 840 2662 qui
889 2607 948 2646 se
987 2589 1149 2660 primi
1201 2590 1551 2660 spoliassent,
1593 2606 1806 2646 omnem
1838 2590 1983 2659 inju-

417 2683 555 2735 riam
579 2681 933 2735 remitterent.
957 2679 1021 2733 Et
1045 2681 1177 2750 quid
1206 2695 1345 2750 opus
1379 2689 1464 2736 est
1492 2695 1576 2736 me
1609 2680 1792 2734 omnia
1829 2695 1984 2748 repe-

416 2783 552 2835 tere,
587 2785 928 2842 quaacunque
955 2778 1049 2824 aut
1083 2771 1170 2826 ille
1194 2771 1401 2837 docuit,
1424 2778 1516 2825 aut
1539 2770 1615 2824 illi
1643 2770 1985 2825 didicerunt?

416 2879 542 2918 nam
575 2872 770 2933 praeter
791 2870 1010 2924 caetera,
1035 2863 1158 2917 illos
1185 2863 1257 2916 ita
1274 2865 1556 2918 veritatem
1587 2863 1840 2934 amplecti
1862 2863 1984 2918 hor-

413 2955 658 3018 tabatur,
694 2961 754 3008 ut
784 2969 852 3008 ne
891 2953 1015 3024 jure
1041 2953 1258 3024 quidem
1285 2954 1524 3024 jurando
1568 2955 1891 3026 indigerent,
1920 2969 1984 3011 ac

413 3048 585 3103 multo
617 3045 837 3118 quidem
875 3046 1058 3101 minus
1087 3046 1350 3116 perjurio.
1395 3048 1475 3100 Ita
1507 3062 1637 3102 vero
1667 3063 1728 3103 se
1781 3048 1888 3103 vita
1918 3063 1984 3103 ac

414 3138 658 3194 moribus
687 3151 1026 3208 comparare,
1067 3146 1121 3192 ut
1171 3138 1316 3208 quod
1346 3137 1610 3204 dicerent,
1654 3139 1802 3195 omni
1829 3139 1982 3209 jure—
2008 3124 2050 3181 (ἶ

410 3231 645 3302 iurando
673 3232 880 3286 certius
915 3230 1228 3292 haberetur,
1255 3232 1667 3302 progredientes
1694 3233 1762 3287 ad
1791 3233 1844 3288 id
1885 3251 1980 3289 us-

413 3339 522 3394 que
570 3321 839 3378 sermonis
868 3329 924 3375 ut
956 3336 1054 3390 pro
1083 3321 1437 3378 allirmatione
1476 3323 1738 3392 dicerent,
1764 3323 1937 3378 Etiam
1963 3345 1976 3380 :

412 3431 510 3486 pro
539 3416 846 3486 negatione,
872 3413 989 3468 Non
1020 3432 1033 3468 :
1066 3423 1120 3468 et
1147 3432 1268 3469 cum
1305 3416 1529 3472 veritate
1555 3416 1864 3486 hujusmodi
1889 3433 1983 3472 vo-

414 3509 572 3562 cibus
599 3515 904 3562 uterentur.
935 3507 1338 3576 lnterrogemus
1364 3507 1550 3578 igitur,
1588 3523 1748 3578 quam
1782 3509 1978 3577 proba-

416 3603 682 3656 bilitatem
723 3600 941 3663 habeat,
965 3598 1155 3652 talium
1188 3597 1642 3652 documentorum
1677 3599 1975 3663 auditores,

415 3708 478 3746 ac
503 3694 680 3762 potius
699 3691 808 3761 jam
841 3689 1130 3760 magistros
1144 3688 1386 3752 effectos,
1406 3689 1672 3760 suspicari
1702 3691 1976 3752 mentitos,

414 3799 752 3856 quaecunque
787 3797 947 3839 suum
991 3781 1379 3852 praeceptorem
1420 3779 1666 3836 ellecisse
1703 3781 1980 3836 testificati

415 3875 579 3931 sunt?
609 3882 702 3928 aut
730 3889 893 3944 quam
928 3871 1262 3928 credibiliter
1300 3871 1524 3936 faciant,
1562 3869 1608 3926 si
1644 3879 1834 3941 putent
1857 3872 1978 3928 illos

413 3981 604 4021 omnes
637 3965 740 4020 sibi
769 3966 908 4019 inter
939 3979 1000 4019 se
1023 3962 1372 4020 consensisse
1404 3962 1459 4016 in
1491 3961 1807 4018 mendacio?
1838 3961 1980 4016 duo-

2083 1866 2404 1935 ἀποστερεῖν
2458 1863 2897 1936 προηγουμένους
2920 1902 2935 1927 ,
2990 1863 3383 1932 ἀμνησικάκως
3445 1863 3655 1932 φέρειν.

2084 1954 2194 2007 Καὶ
2233 1955 2285 2006 τί
2327 1972 2393 2024 με
2442 1955 2546 2027 χρὴ
2595 1956 2919 2022 συναγαγεῖν
2966 1953 3126 2008 πάνθ’
3164 1954 3263 2006 ὅσα
3289 1955 3318 2006 ὁ
3355 1954 3450 2024 μὲν
3478 1953 3662 2006 ἐδίδα-

2087 2064 2233 2111 σκεν,
2267 2048 2316 2100 οἱ
2354 2047 2398 2100 δ’
2448 2047 2746 2116 ἐμάνθανον
2771 2063 2786 2111 ;
2815 2046 3046 2118 παρῄνει
3085 2043 3130 2098 δ’
3165 2045 3348 2108 αὐτοῖς
3378 2046 3514 2116 πρὸς
3540 2047 3662 2108 τοῖς

2084 2140 2260 2201 ἄλλοις
2303 2139 2404 2209 τῆς
2432 2138 2686 2209 ἀληθείας
2727 2137 2900 2202 οὕτως
2948 2138 3185 2209 ἔχεσθαι,
3220 2138 3295 2202 ὡς
3338 2139 3460 2208 μηδ’
3497 2139 3663 2210 εὐορ-

2085 2232 2209 2294 κίας
2249 2230 2476 2293 δεῖσθαι,
2513 2229 2708 2283 πολλοῦ
2748 2230 2828 2282 δεῖ
2864 2233 3164 2302 ἐπιορκεῖν-
3216 2229 3662 2302 παρασκευάζειν

2083 2322 2139 2374 δὲ
2170 2321 2260 2374 τὸν
2303 2321 2502 2392 τρόπον
2549 2321 2748 2385 παντὸς
2785 2323 2947 2393 ὅρκου
2992 2322 3306 2394 πιστότερον
3348 2320 3657 2390 φαίνεσθαι,

2089 2415 2248 2486 μέχρι
2291 2413 2383 2466 τοῦ
2415 2412 2521 2466 Nai.
2553 2413 2648 2468 καὶ
2699 2415 2793 2467 τοῦ
2828 2413 2901 2466 Οὐ
2943 2414 3270 2485 χωροῦντας,
3305 2415 3400 2466 σὺν
3428 2411 3662 2484 ἀληθείᾳ

2085 2510 2194 2568 τοῖς
2245 2506 2450 2576 ῥήμασι
2494 2504 2826 2575 χρωμένους.
2865 2505 3134 2558 ῐΙευστέον
3173 2505 3374 2566 τοίνυν,
3419 2505 3544 2556 τίνα
3590 2504 3660 2557 ἂν

2084 2596 2196 2666 ἔχοι
2233 2595 2390 2664 λόγον
2425 2596 2552 2658 τοὺς
2587 2594 2693 2649 τῶν
2741 2596 2952 2649 τοιωνδὶ
2990 2598 3284 2668 ἀκροατὰς,
3316 2597 3416 2666 ἤδη
3459 2596 3516 2648 δὲ
3560 2598 3661 2649 καὶ

2083 2683 2428 2746 διδασκάλους
2463 2683 2570 2736 τῶν
2602 2683 2778 2737 αὐτῶν
2814 2683 3015 2754 φύντας
3046 2685 3404 2755 μαθημάτων,
3438 2684 3657 2738 πεπλᾶ-

2087 2775 2207 2828 σθαι
2258 2776 2532 2839 ὐπονοεῖν,
2583 2775 2682 2828 ὅσα
2736 2775 3132 2847 διαπράξασθαι
3187 2777 3276 2829 τὸν
3335 2776 3659 2834 διδάσκαλον

2084 2847 2487 2936 ἐμαρτύρησαν.
2517 2866 2581 2917 Τί
2620 2865 2676 2919 δὲ
2701 2867 2762 2920 τὸ
2795 2868 3018 2920 πιθανὸν
3044 2868 3137 2920 τοῦ
3167 2867 3406 2940 νομίζειν
3430 2867 3664 2940 συμφὼ-

2083 2973 2189 3021 νως
2223 2955 2468 3021 ἅπαντας
2509 2957 2829 3027 ψεύσασθαι,
2872 2958 3081 3014 δώδεκα
3124 2959 3284 3023 ὄντας
3310 2961 3398 3014 τὸν
3421 2959 3661 3032 ἀριθμὸν

2083 3049 2208 3112 τοὺς
2247 3047 2552 3117 ἐκκρίτους,
2597 3047 2964 3118 ἐϐδομήκοντα
3001 3047 3057 3100 δὲ
3099 3048 3227 3111 τοὺς
3263 3047 3513 3112 λοιπούς;
3559 3044 3660 3110 οὓς

2085 3143 2177 3195 καὶ
2198 3140 2510 3194 ἀποστεῖλαι
2530 3139 2744 3208 λέγεται
2773 3140 2875 3193 ἀνὰ
2905 3139 2996 3193 δύο
3020 3140 3125 3211 πρὸ
3149 3139 3440 3211 προσώπου
3464 3140 3656 3204 αὐτοῦ,

2085 3233 2164 3294 εἰς
2197 3229 2372 3283 πάντα
2399 3229 2562 3282 τόπον
2588 3229 2681 3281 καὶ
2711 3227 2893 3299 χώραν
2928 3222 2988 3281 οὗ
3035 3227 3257 3298 ἔμελλεν
3301 3228 3464 3292 αὐτὸς
3498 3227 3661 3299 ἔρχε-

2087 3318 2229 3372 σθαι.
2286 3318 2425 3372 Ἀλλ’
2459 3318 2631 3382 οὐδεὶς
2672 3320 2816 3389 αἱρεῖ
2841 3317 2993 3386 λόγος
3041 3317 3384 3370 ἀπιστεῖσθαι
3430 3317 3662 3371 τοσοῦτο

2086 3408 2289 3478 πλῆθος
2338 3408 2549 3481 ἀνδρῶν
2579 3408 2776 3479 εὐσεϐῆ
2808 3409 2901 3461 καὶ
2928 3409 3120 3478 σεμνὸν
3169 3408 3281 3478 βίον
3329 3409 3660 3479 ἀσπασαμέρ-

2088 3519 2214 3564 νων,
2251 3501 2344 3555 καὶ
2395 3501 2611 3555 πάντων
2666 3500 2762 3571 μὲν
2798 3501 2906 3553 τῶν
2953 3500 3166 3554 οἰκείων
3199 3501 3658 3572 ὠλιγωρηκότων,

2085 3594 2204 3646 ἀντὶ
2232 3593 2288 3646 δὲ
2321 3593 2430 3646 τῶν
2466 3591 2754 3662 φιλτάτων,
2792 3593 3047 3661 γυναικὸς
3087 3591 3248 3662 λέγω,
3293 3593 3385 3646 καί
3421 3591 3654 3656 παίδων,

2086 3688 2179 3740 καὶ
2203 3686 2402 3750 παντὸς
2441 3685 2654 3753 γένους,
2684 3685 2772 3738 τὸν
2815 3685 3097 3755 ἀκτήμονα
3128 3685 3326 3755 τρόπον
3360 3685 3657 3756 ἑλομένων,

2087 3778 2180 3831 καὶ
2208 3778 2306 3848 τὴν
2345 3779 2472 3849 περὶ
2507 3777 2601 3830 τοῦ
2639 3776 2956 3830 διδασκάλου
2990 3777 3291 3847 μαρτυρίαν
3341 3776 3655 3848 σύμφωνον,

2082 3869 2158 3934 ὡς
2184 3871 2276 3939 ἀφ’
2301 3869 2418 3933 ἐνὸς
2457 3869 2741 3940 στόματος,
2776 3870 2856 3932 είς
2878 3869 3084 3932 πάντας
3113 3867 3434 3940 ἀνθρώπους
3466 3868 3660 3940 ἐξενη-

2084 3960 2334 4032 νοχότων.

415 4058 592 4112 decim
620 4055 837 4126 quidem
878 4055 947 4110 de
986 4055 1136 4110 omni
1185 4070 1414 4109 numero
1439 4055 1664 4118 electos,
1696 4057 2037 4125 septuaginta
2079 4064 2256 4109 autem
2285 4055 2566 4125 reliquos?
2604 4055 2753 4121 Quos
2785 4053 2944 4108 etiam
2983 4052 3141 4108 binos
3189 4053 3407 4109 misisse
3449 4053 3659 4107 dicitur

417 4160 542 4204 ante
572 4147 762 4201 faciem
793 4161 968 4212 suam,
1000 4145 1070 4199 ad
1112 4161 1327 4200 omnem
1381 4146 1557 4200 locum
1591 4155 1646 4202 et
1673 4149 1969 4218 regionem,
2006 4161 2116 4216 quo
2141 4156 2259 4203 erat
2284 4149 2401 4218 ipse
2457 4156 2742 4203 venturus.
2769 4145 2872 4200 Sed
2906 4145 3055 4198 nulla
3089 4161 3332 4214 unquam
3393 4145 3661 4200 alferetur

418 4242 577 4302 ratio,
607 4254 776 4308 quare
810 4247 973 4293 tanta:
1013 4237 1348 4292 multitudini
1379 4239 1657 4294 hominum
1706 4241 2038 4296 credendum
2080 4257 2189 4296 non
2230 4243 2322 4305 sit,
2357 4242 2449 4312 qui
2486 4240 2706 4311 quidem
2753 4238 3062 4309 religiosam
3115 4251 3446 4308 gravemque
3480 4237 3657 4289 vitam

417 4332 648 4400 amplexi
688 4331 819 4394 sint,
877 4346 1073 4400 resque
1119 4346 1312 4385 omnes
1343 4348 1498 4387 -suas
1533 4334 1829 4402 aspernati,
1855 4343 1909 4391 et
1938 4352 2039 4405 pro
2071 4336 2431 4399 charissimis,
2467 4349 2657 4395 uxore,
2690 4333 2940 4402 inquam,
2971 4338 3026 4386 et
3074 4331 3264 4386 liberis
3297 4339 3351 4385 et
3381 4331 3534 4386 omni
3559 4346 3662 4399 ge—

415 4437 566 4482 nere,
609 4421 823 4489 inopem
856 4421 1061 4475 victum
1102 4422 1383 4491 elegerint,
1403 4439 1468 4479 ac
1495 4423 1563 4480 de
1590 4440 1690 4480 suo
1724 4436 2055 4498 praeceptore
2087 4444 2318 4484 concors
2350 4425 2739 4490 testimonium,
2776 4431 3032 4494 tanquam
3065 4438 3175 4477 uno
3215 4437 3332 4488 ore,
3361 4424 3417 4478 in
3461 4439 3663 4480 omnes

415 4514 661 4572 homines
692 4513 1032 4582 protulerint.

484 4602 742 4675 Princeps
765 4605 928 4676 igitur
953 4606 1066 4661 haec
1090 4617 1143 4662 et
1166 4609 1340 4678 prima
1357 4617 1411 4663 et
1439 4625 1564 4665 vera
1583 4611 1654 4666 sit
1683 4612 1843 4668 ratio.
1873 4609 1978 4668 Sed
2014 4619 2057 4674 ι)

413 4697 741 4753 contrariam
771 4713 985 4768 quoque
1023 4709 1331 4768 spectemus
1365 4721 1378 4757 :
1415 4703 1467 4757 in
1498 4718 1601 4772 qua
1639 4704 1830 4758 saltem
1861 4704 1975 4773 pri-

412 4805 559 4844 mum
579 4788 710 4844 illud
726 4798 958 4857 constet,
973 4790 1238 4860 nobisque
1252 4808 1373 4846 cum
1397 4793 1504 4848 illis
1516 4794 1977 4856 conveniat,bune

412 4884 631 4956 quidem
677 4883 845 4940 fuisse
887 4896 1296 4956 praeceptorem,
1335 4888 1456 4944 illos
1502 4906 1628 4946 vero
1653 4890 1972 4960 discipulos.

420 4975 574 5044 ιιι
605 4972 806 5028 Deinde
831 4976 1095 5045 fingamus
1124 4976 1273 5030 illum
1313 4993 1418 5032 non
1442 4995 1504 5032 ea
1536 4995 1658 5050 quae
1683 4981 1794 5049 jam
1828 4980 1974 5034 dicta

413 5074 563 5129 sunt,
592 5065 865 5131 docuisse,
888 5067 982 5121 sed
1017 5068 1123 5122 illis
1161 5068 1318 5137 plane
1355 5072 1634 5124 contraria
1667 5072 1866 5137 facere,
1889 5073 1974 5126 vi-

412 5159 609 5214 delicet
630 5169 821 5214 contra
850 5159 1013 5230 leges,
1049 5159 1211 5228 impie
1241 5160 1544 5232 injusteque
1604 5178 1784 5232 agere,
1819 5178 1982 5232 supe—

412 5264 556 5313 rare,
588 5253 819 5320 spoliare
866 5259 1110 5316 caeteros,
1140 5259 1193 5306 et
1225 5252 1271 5305 si
1321 5254 1450 5322 quid
1487 5253 1667 5318 aliud,
1732 5255 1877 5326 quod
1913 5255 1978 5309 ad

415 5341 672 5394 malitiam
709 5341 998 5409 pertineat,
1023 5341 1130 5395 dici
1160 5349 1338 5410 potest
1371 5360 1385 5396 ;
1419 5343 1585 5398 latere
1628 5355 1809 5398 autem
1843 5344 1982 5400 iniis

421 5427 677 5484 ontnibus
733 5431 943 5492 conari,
999 5440 1049 5486 et
1079 5431 1351 5500 ejusmodi
1406 5447 1585 5487 mores
1637 5433 1983 5489 simulatione

415 5517 680 5575 doctrina:
699 5522 987 5592 gravioris,
1018 5532 1072 5579 et
1092 5539 1233 5580 nova
1263 5523 1605 5596 professione
1639 5526 1861 5596 pietatis
1883 5525 1982 5581 ob-

486 5674 530 5706 ⁶⁶
557 5672 686 5728 Luc.
719 5689 772 5736 ι,
803 5675 856 5728 ι.

2163 4606 2222 4658 ὐ
2285 4605 2382 4676 μὲν
2443 4599 2535 4657 οὖν
2595 4602 2783 4674 κύριος
2851 4602 2945 4654 καὶ
3005 4601 3219 4670 πρῶτος
3282 4601 3377 4655 καὶ
3447 4603 3661 4676 ἀληθὴῖ

2080 4699 2234 4768 λόγος
2288 4699 2372 4768 εἴη
2417 4696 2484 4750 ἂν
2535 4690 2707 4759 οὗτος.
2753 4691 3085 4763 Σκεψώμεθα
3126 4694 3182 4747 δὲ
3229 4695 3322 4747 καὶ
3361 4695 3453 4747 τὸν
3499 4697 3662 4749 ἐναν-

2079 4791 2211 4844 τίον.
2263 4790 2440 4842 Ἔστω
2483 4788 2590 4858 γάρ
2632 4789 2660 4839 ό
2713 4786 2810 4856 μὲν
2854 4786 3189 4850 διδάσκαλος,
3220 4788 3268 4839 οἱ
3300 4787 3357 4839 δὲ
3391 4787 3657 4859 μαθηταί.

2080 4878 2193 4935 Εἶθ’
2222 4881 2297 4943 ὡς
2329 4881 2386 4932 ὲν
2404 4877 2655 4932 ὑποθέσει
2687 4875 2864 4945 λόγου,
2900 4877 2928 4928 ὁ
2951 4876 3048 4947 μὲν
3072 4876 3234 4948 μὴτά
3250 4877 3664 4949 προλελεγμένα

2078 4972 2390 5035 διδασκέτω,
2438 4969 2506 5023 τά
2550 4968 2594 5020 δ’
2629 4967 2854 5030 ἐκείνοις
2910 4967 3145 5029 ἐναντία,
3191 4973 3528 5040 παρανομεῖν
3560 4969 3664 5042 δη-

2078 5066 2229 5138 λαδὴ,
2263 5065 2358 5118 καὶ
2390 5062 2626 5124 ἀσεϐεῖν,
2660 5060 2754 5114 καὶ⁵
2787 5059 3008 5123 ἀδικεῖν,
3038 5061 3131 5114 καὶ
3159 5059 3520 5126 πλεονεκτεῖν,
3557 5067 3664 5120 καὶ

2074 5158 2412 5227 ἀποστερεῖν,
2448 5154 2538 5208 καὶ
2568 5153 2620 5205 εἴ
2650 5169 2701 5204 τι
2739 5153 2925 5222 ἓτερον
2959 5151 3126 5204 κακὸν
3169 5151 3381 5220 λέγοιτο
3402 5169 3415 5182 ο
3451 5151 3660 5208 λανθά-

2075 5267 2184 5302 νειν
2234 5249 2278 5302 δ’
2322 5248 2414 5300 ἐπὶ
2463 5247 2596 5298 πᾶσι
2647 5243 2856 5306 τούτοις
2903 5242 3243 5307 σπουδάζειν,
3284 5243 3380 5296 καὶ
3421 5243 3482 5296 τὸ
3522 5240 3663 5314 ἦθος

2077 5340 2200 5412 μάλ’
2225 5338 2438 5408 εὐφυῶς
2486 5333 2912 5407 ἐπικρύπτεσθαι
2959 5335 3304 5405 προσχήματι
3336 5333 3542 5404 σεμνῆς
3575 5334 3664 5390 δι-

2073 5430 2368 5494 δασκαλίας
2420 5429 2514 5481 καὶ
2550 5426 2830 5488 εὐσεϐείας
2875 5425 3174 5496 ἐπαγγελίᾳ
3222 5425 3434 5496 καινῆς.
3484 5425 3550 5479 Oi
3601 5426 3664 5480 δὲ

2074 5522 2244 5579 ταῦτα
2275 5518 2744 5592 μετερχέσθωσαν,
2787 5517 2882 5572 καὶ
2927 5515 2997 5569 τά
3026 5515 3230 5572 τούτων
3265 5515 3346 5571 ἔτι
3376 5515 3664 5590 μοχθηρό-
