3930 6202
277 229 379 283 201

1184 217 1841 278 DEMONSTRATIONlS
1880 215 2334 272 EVANGELICA‘I
2376 216 2504 272 LIB.
2545 213 2633 270 Ill.

3401 220 3510 276 ωε

273 355 430 410 τερα,
464 337 552 390 διὰ
585 337 645 391 τὺ
690 336 923 409 προαλὲς
965 337 1064 407 τῆς
1101 338 1298 402 κακίας
1341 337 1434 391 καὶ
1473 336 1838 390 αὑτοδίδακτοι

1954 342 2150 402 legere.
2193 332 2301 402 Ipsi
2355 347 2482 388 vero
2523 333 2777 402 discipuli
2823 341 2878 387 et
2929 334 3016 389 his
3037 344 3414 406 exerceantur,
3453 351 3509 395 et

269 430 474 500 αὐτῆς⁸
515 429 609 480 ἐπὶ⁸
653 428 794 498 μέγα
836 427 890 480 δὲ
931 427 1185 490 πλαστοῖς
1229 429 1467 499 ῥήμασιν
1515 425 1847 496 ἐπαιρόντων

267 522 363 576 τόν
397 519 730 582 διδάσκαλον,
776 519 1000 590 μηδενὸς
1031 517 1260 588 ψευδοῦς
1305 517 1607 588 φειδόμενοι
1647 515 1804 584 λόγου
1829 533 1842 545 ·

269 613 454 665 πάντα
486 611 543 665 δὲ
563 609 710 680 αὐτῷ
743 610 810 662 τὰ
843 610 1120 681 παράδοξα
1151 610 1246 662 καὶ
1277 609 1376 670 τὰς
1406 608 1848 680 θαυματουργίας

269 703 669 773 πεπλασμένως
698 702 1131 771 ἐπιγραφόντων,
1165 703 1240 764 ὡς
1277 701 1342 754 ἂν
1373 699 1734 770 θαυμάζοιντο
1755 700 1848 752 καὶ

269 797 447 861 αὐτοὶ,
491 795 586 848 καὶ
623 793 1022 866 μακαρίζοιντο,
1060 790 1146 848 οἷα
1183 794 1418 864 μαθηταὶ
1457 792 1661 846 τοιοῦδε
1693 792 1848 860 γενέ-

269 888 394 942 σθαι
427 885 740 956 ἠξιωμένοι.
785 886 920 956 Φέρε
955 881 1047 939 οῦν
1083 886 1302 956 ἴδωμεν,
1341 887 1390 938 εἰ
1427 883 1653 937 τοιοῖσδε
1699 880 1846 937 οὖσιν

267 981 459 1042 αὐτοῖς
503 977 763 1047 συστῆναι
804 974 914 1030 οἷόν
951 994 1012 1030 τε
1049 973 1116 1048 ἧν
1163 978 1222 1030 τὸ
1269 977 1623 1048 ἐπιχείρημα.
1676 975 1847 1046 Κακῷ

260 1071 334 1144 δὴ
366 1069 536 1124 κακὸν
561 1069 620 1123 οῦ
647 1085 806 1140 φασιν
836 1065 973 1122 εἶναι
1001 1068 1174 1138 φίλον,
1205 1068 1324 1122 ἀλλ’
1357 1067 1474 1122 οὐδέ
1503 1066 1709 1138 ἀγαθῷ.
1739 1067 1845 1120 Πό-

273 1162 370 1215 θεν
399 1157 491 1215 οῦν
525 1164 581 1214 ἐν
609 1160 802 1231 πλήθει
839 1161 1068 1213 τοσῶνδε
1108 1159 1312 1230 ἀνδρῶν
1337 1163 1370 1232 ἡ
1397 1159 1506 1212 τῶν
1545 1158 1728 1212 κακῶν
1757 1158 1845 1212 εῦ-

275 1270 446 1324 ρηται
479 1252 795 1324 συμφωνία;
831 1252 992 1304 πόθεν
1023 1253 1057 1322 ἡ
1087 1251 1214 1323 περὶ
1241 1249 1346 1304 τῶν
1384 1249 1559 1304 αὐτῶν
1592 1251 1649 1304 ἐν
1683 1251 1845 1304 πᾶσιν

271 1345 461 1408 αὑτοῖς
491 1345 771 1415 ὁμόφωνος
820 1343 1123 1414 μαρτυρία;
1158 1343 1191 1412 ἡ
1241 1342 1399 1412 μέχρι
1447 1341 1672 1396 θανάτου
1717 1344 1846 1411 ὁμο-

269 1435 550 1507 φροσύνης
579 1435 730 1504 ἀνδρί
773 1435 828 1487 δὲ
857 1434 1012 1504 γόητι
1042 1434 1219 1486 τοιάδε
1261 1433 1730 1504 ἐπαγγελλομένῳ,
1761 1434 1846 1498 τίς

272 1529 347 1581 ἃν
394 1526 490 1596 τὴν
539 1525 710 1597 ἀρχὴν
745 1524 1015 1596 προσέσχε
1059 1523 1150 1576 τὸν
1201 1523 1358 1588 νοῦν;
1396 1524 1584 1586 Εἴποις
1626 1525 1711 1589 ἂν,
1763 1525 1844 1576 ὅτι

269 1617 468 1688 γόητες
491 1617 644 1669 αὐτοὶ
675 1615 824 1667 οὐδὲν
856 1612 1015 1687 ἦττον
1043 1613 1136 1667 τοῦ
1181 1613 1486 1685 καθηγητοῦ
1526 1611 1683 1685 ἦσαν.
1718 1611 1843 1685 Ἆρ’

270 1704 368 1762 οῦν
400 1707 508 1760 οἶδε
552 1707 610 1759 τὸ
633 1706 783 1769 τέλος
833 1707 894 1758 ού
933 1707 1343 1776 συνεωράκεσαν
1375 1705 1468 1758 τοῦ
1506 1705 1842 1771 διδασκάλου,

269 1799 368 1852 καὶ
399 1799 496 1868 οἴῳ
531 1797 762 1868 κέχρητο
799 1796 1044 1866 (lava-up;
1081 1797 1143 1848 Τί
1178 1796 1312 1866 δῆτα
1349 1792 1440 1850 οὖν
1485 1798 1576 1851 καὶ
1612 1798 1747 1869 μετά
1784 1799 1845 1852 τὸ

271 1893 550 1960 αἴσχιστον
589 1892 764 1942 ἐκεῖνο
793 1889 944 1954 τέλος
997 1888 1162 1942 αὑτοῦ
1207 1891 1493 1960 ἐπέμενον,
1525 1890 1615 1945 τὸν
1660 1894 1717 1945 ἐν
1755 1908 1843 1945 νε-

271 1987 430 2054 κροῖς
461 1983 854 2051 θεολογοῦντες,
891 1982 958 2036 τά
994 1982 1083 2036 ίσα
1134 1982 1354 2044 παθείν;
1383 1984 1497 2036 Καὶ
1525 1985 1607 2047 τίς
1638 1983 1844 2038 πώποτ’

271 2079 360 2130 ἐπ’
389 2077 566 2130 οὐδενὶ
597 2076 739 2146 λόγῳ
768 2075 1032 2148 πρόδηλον
1063 2075 1236 2128 ἕλοιτο
1267 2075 1519 2147 τοιαύτην
1543 2078 1840 2149 τιμωρίαν;

275 2170 387 2222 Καὶ
425 2170 529 2239 μὴν
563 2168 792 2222 δεδόσθω
823 2171 986 2238 τιμᾷν
1023 2169 1182 2220 αὐτὸν
1223 2170 1444 2223 συνόντα
1477 2169 1554 2221 ἐτι
1587 2170 1678 2222 καὶ
1717 2186 1841 2224 συν-

271 2260 634 2331 διατρίϐοντα,
666 2260 756 2313 καὶ
779 2260 850 2313 δι’
885 2260 1096 2330 ἀπάτης
1129 2261 1341 2324 αὐτοὺς,
1371 2262 1448 2324 ὡς
1475 2261 1539 2315 ἂν
1571 2261 1703 2331 φαίη
1736 2279 1838 2326 τις,

276 2351 690 2404 ἀποπλανῶντα.
723 2351 787 2403 Τί
827 2347 940 2414 οῦν,
974 2351 1055 2404 ὅτι
1104 2351 1196 2404 καὶ
1245 2352 1380 2420 μετά
1421 2352 1518 2419 τὴν
1566 2351 1836 2424 τελευτὴν,

276 2441 372 2494 καὶ
412 2441 543 2493 πολὺ
575 2441 772 2511 μᾶλλον
802 2443 922 2495 τότε
965 2443 998 2511 ἢ
1034 2443 1291 2513 πρότερον
1319 2441 1479 2496 αὐτὸν
1517 2442 1837 2512 τεθνηκότα,

277 2533 666 2601 τετιμήκασιν;
692 2531 814 2584 ἐπεὶ⁴
879 2533 973 2584 σὺν
1009 2530 1311 2602 ἀνθρώποις
1341 2531 1567 2600 μένοντα
1595 2533 1838 2601 λέγονται

277 2624 372 2676 καὶ
403 2623 748 2694 ἀπηρνῆσθαί
783 2640 932 2687 ποτε,
965 2625 1053 2676 ὅτε
1088 2625 1236 2695 αὐτῷ
1265 2626 1333 2679 τὰ
1371 2626 1470 2696 τῆς
1513 2641 1575 2693 γε
1618 2627 1836 2680 ἐπιδου-

277 2715 375 2784 λῆς
401 2715 760 2786 ἐσκευώρητο.
791 2717 942 2770 Μετὰ
971 2717 1028 2770 δὲ
1059 2717 1119 2771 τὸ
1148 2719 1206 2785 ἐξ
1237 2715 1536 2789 ἀνθρώπων
1569 2717 1836 2786 γενέσθαι,

275 2804 524 2873 ἀσμένως
549 2805 702 2858 αὐτοὶ
727 2805 977 2877 θνήσκειν
1014 2808 1208 2878 μᾶλλον
1239 2808 1486 2880 ᾑροῦντο,
1513 2809 1546 2879 ἢ
1577 2808 1839 2880 τῆςῖιπέρ

275 2894 438 2948 αὐτοῦ
477 2898 776 2967 μαρτυρίας
810 2897 1022 2969 ἀγαθῆς
1047 2898 1376 2962 ἐξίστασθαι.
1405 2901 1466 2952 El
1506 2900 1570 2972 δὴ
1609 2896 1700 2953 οῦν
1731 2919 1838 2972 μη-

1949 438 2109 494 quam
2143 423 2262 480 haec
2284 435 2430 486 sum,
2461 425 2624 479 etiam
2673 425 3047 495 nequim’ibus.
3080 425 3384 498 Propterea
3427 431 3508 485 vi—

1948 515 2141 569 delicet
2193 515 2337 584 quod
2382 530 2577 586 magna
2612 525 2696 571 est
2743 517 2810 570 ad
2844 518 3105 572 malitiam
3148 522 3464 588 proclivitas
3495 563 3510 585 ,

1947 621 2176 678 eamque
2209 608 2290 662 vel
2323 608 2475 661 nullo
2506 615 2840 679 praeceptore
2864 610 3077 666 discere
3107 611 3268 668 facile
3287 625 3372 670 est
3405 635 3418 669 :
3455 617 3510 670 in

1949 700 2180 755 sublime
2207 715 2338 755 vero
2388 715 2548 754 suum
2597 710 2982 771 praeceptorem
3043 704 3187 758 ﬁctis
3213 707 3392 762 verbis
3417 723 3513 762 ex-

1947 789 2162 852 tollant,
2217 790 2461 860 nullique
2523 791 2809 845 mendaeio
2850 801 3120 862 parcant:
3171 795 3354 849 omnia
3384 812 3512 850 vero

1948 878 2026 932 illi
2082 881 2343 935 miracula
2369 890 2424 935 et
2456 891 2728 952 portenta,
2763 898 2887 937 eum
2939 884 3305 951 simulatione,
3359 887 3513 943 falsi-

1948 976 2161 1040 taleque
2215 971 2532 1035 ascrihant,
2577 980 2636 1026 ut
2669 971 2768 1042 ipsi
2811 988 3026 1043 quoque
3055 975 3108 1029 in
3153 977 3512 1033 admiratione

1948 1063 2270 1127 habeantur,
2303 1065 2560 1136 beatique
2587 1064 2927 1134 judicenlur,
2963 1067 3055 1139 qui
3085 1068 3351 1138 ejusmodi
3371 1087 3509 1140 pra:-

1946 1155 2182 1223 eeptoris
2227 1153 2479 1227 discipuli
2508 1159 2838 1214 exstiterint.
2890 1156 3184 1216 Videamus
3214 1161 3390 1231 igitur
3416 1165 3508 1234 qui

1947 1246 2182 1312 potuerit
2215 1246 2322 1300 illis
2358 1257 2464 1300 tam
2530 1247 2706 1302 audax
2753 1248 3045 1317 inemptum
3093 1252 3427 1319 consistere,
3461 1257 3509 1310 si

1946 1337 2080 1390 tales
2111 1338 2278 1393 fuere.
2315 1341 2504 1408 quales
2530 1340 2790 1408 descripti
2821 1349 2969 1396 sunt.
2995 1340 3131 1396 Nam
3162 1345 3363 1397 malum
3393 1361 3510 1400 ma-

1947 1425 2018 1488 lo,
2049 1426 2223 1494 aiunt,
2271 1429 2505 1482 amicum
2540 1445 2648 1484 non
2685 1438 2810 1486 est:
2858 1449 2922 1486 ac
2953 1449 3022 1488 ne
3072 1435 3216 1489 bono
3265 1437 3504 1507 quﬁdem.

1947 1517 2102 1574 Unde
2130 1520 2295 1589 igitur
2321 1519 2376 1572 in
2403 1529 2550 1574 tanta
2577 1522 2818 1577 virorum
2861 1525 3230 1594 multitudine,
3277 1544 3511 1589 concor.

1945 1610 2032 1664 dia
2086 1613 2306 1667 malitiae
2333 1623 2544 1683 reperta
2589 1617 2717 1670 est?
2748 1616 2889 1671 unde
2918 1618 2971 1671 in
2991 1619 3101 1674 illis
3129 1619 3412 1686 omnibus,
3441 1623 3508 1680 de

1948 1700 2138 1756 iisdem
2196 1704 2361 1758 rebus
2395 1718 2626 1760 concors
2658 1707 3075 1762 testimonium?
3122 1719 3176 1766 et
3199 1711 3388 1767 eadem
3414 1730 3508 1769 us-

1944 1808 2050 1863 que
2082 1793 2147 1858 ad
2169 1806 2397 1850 mortem
2450 1798 2720 1852 sententia
2750 1799 2773 1852 ?
2801 1799 2930 1856 Viro
2979 1810 3160 1858 autem
3213 1806 3506 1877 praestigiis

1947 1885 2116 1938 utenti
2141 1894 2193 1941 et
2213 1884 2467 1953 fallaciis,
2499 1891 2592 1959 qui
2629 1891 2758 1944 talia
2792 1891 3046 1957 doceret,
3095 1909 3158 1950 ac
3185 1895 3314 1950 talia
3341 1896 3507 1968 proﬁ-

1943 1983 2169 2038 teretur,
2198 1977 2324 2046 quis
2354 1981 2421 2033 ab
2449 1981 2607 2036 initio
2652 1983 2954 2040 studuisset
2981 1984 3004 2038 ?
3039 1985 3216 2051 Dices,
3247 1989 3390 2058 quod
3415 1991 3506 2045 alii

1943 2084 2154 2139 quoque
2177 2070 2270 2124 illo
2301 2082 2629 2143 praeceptore
2658 2091 2764 2130 non
2791 2077 2974 2133 minus
2991 2081 3384 2152 praestigiarum
3417 2101 3510 2138 cu-

1942 2161 2090 2232 pidi:
2125 2177 2254 2232 ergo
2302 2163 2380 2216 illi
2429 2167 2780 2236 praeceptoris
2833 2169 2918 2223 sui
2980 2172 3186 2228 exitum
3215 2189 3325 2228 non
3357 2175 3508 2232 vide-

1941 2264 2068 2308 runt
2091 2255 2116 2308 ?
2137 2265 2192 2310 et
2217 2257 2364 2328 quali
2391 2267 2564 2314 morte
2589 2259 2753 2315 fuerit
2786 2261 3013 2319 a—ll'ectus
3032 2263 3056 2317 ?
3075 2279 3175 2320 cur
3199 2267 3368 2336 igitur
3383 2277 3508 2339 post

1942 2347 2087 2402 illam
2109 2349 2480 2420 turpissimam
2510 2352 2657 2408 illius
2693 2369 2904 2420 necem,
2947 2356 3016 2412 de
3040 2372 3106 2412 eo
3137 2360 3232 2429 qui
3257 2368 3505 2417 mortuus

1947 2451 2087 2494 esset
2105 2457 2299 2496 novam
2317 2443 2642 2514 theologiam
2670 2448 3112 2504 constantissime
3133 2453 3503 2520 protulerunt,

1939 2545 2042 2585 nec
2071 2531 2140 2586 ab
2171 2533 2409 2604 inccepto
2435 2536 2697 2592 deterreri
2727 2540 3058 2608 potuerunt?
3082 2551 3175 2594 aut
3197 2543 3330 2613 quid
3354 2561 3418 2599 ex
3439 2561 3504 2600 ea

1939 2636 2000 2676 re
2031 2623 2246 2678 tandem
2279 2625 2534 2696 petebant
2557 2627 2580 2680 ?
2600 2644 2729 2682 num
2765 2639 2825 2682 ut
2869 2630 3058 2684 eodem
3089 2633 3358 2702 supplicio
3387 2633 3504 2689 alli-

1939 2722 2193 2769 cerentur
2217 2716 2240 2768 ‘l
2267 2715 2364 2772 sed
2395 2719 2518 2787 quis
2550 2720 2659 2774 ullo
2679 2735 2916 2790 unquam
2947 2730 3208 2793 tempore,
3245 2727 3391 2780 nulla
3409 2743 3505 2798 spe

1940 2807 2215 2875 proposita
2245 2809 2515 2878 ejusmodi
2559 2812 2884 2882 supplicium
2940 2814 3290 2872 manifestum
3337 2819 3506 2890 elige.-

1939 2898 2064 2952 ret?
2114 2897 2382 2954 Caeterum
2440 2902 2633 2958 demus
2694 2904 2815 2960 illos
2859 2906 3012 2960 illum
3041 2922 3166 2962 esse
3193 2921 3503 2975 veneratos,

273 2987 363 3042 δὲν
396 2988 596 3054 ἀγαθὸν
627 2990 1020 3056 συνεγνωκότες
1047 2991 1124 3061 τῷ
1151 2989 1468 3061 διδασκάλῳ,
1499 2991 1572 3062 μὴ
1603 2992 1733 3062 βίον,
1764 2993 1837 3064 μὴ

1941 2993 2199 3061 quamdiu
2247 3007 2370 3047 cum
2423 2993 2558 3064 ipsis
2601 3005 2854 3053 versatus
2907 3009 3386 3073 eommoratusque
3407 3005 3502 3067 sit,

275 3079 532 3151 μάθημα,
569 3079 638 3151 μὴ
684 3080 902 3151 πρᾶξιν,
939 3081 1012 3152 μὴ
1043 3081 1202 3153 ἔργον
1235 3083 1454 3136 ἐπαίνου
1499 3083 1665 3150 ἄξιον,
1704 3084 1837 3154 μηδέ

280 3175 395 3244 μὴν
417 3176 556 3228 κατά
583 3194 631 3228 τι
659 3176 838 3246 ὡφελη
848 3175 994 3246 μένοι
1028 3175 1212 3240 αὑτοῦ,
1241 3177 1274 3247 ἢ
1307 3177 1428 3230 ὅσον
1455 3178 1713 3249 πονηρίαν
1745 3179 1838 3230 καὶ

277 3265 494 3336 ἀνδρῶν
537 3267 754 3338 πλάνην,
790 3268 906 3330 πῶς
939 3267 1196 3339 ἔθνησκον
1220 3267 1510 3340 προθύμως
1555 3269 1622 3323 τὰ
1669 3270 1838 3340 σεμνά

278 3359 379 3410 καὶ
401 3358 609 3424 ἐπίδοξα
642 3361 769 3431 περὶ
791 3360 952 3414 αὑτοῦ
989 3361 1404 3432 μαρτυροῦντες,
1433 3361 1606 3432 παρὸν
1625 3361 1836 3431 ἑκάστῳ

277 3449 382 3518 ζῇν
423 3451 804 3520 ἀπραγμόνως,
847 3453 941 3505 καὶ
984 3455 1076 3506 ἐπὶ
1110 3453 1206 3524 τῆς
1237 3455 1439 3516 οἰκείας
1483 3453 1665 3516 ἑστίας
1701 3452 1837 3524 μετά

273 3539 386 3593 τῶν
424 3541 690 3608 φιλτάτων
717 3543 807 3596 τὸν
835 3543 1111 3596 ἀκίνδυνον
1143 3545 1346 3612 διάγειν
1376 3544 1489 3614 βίον
1510 3562 1524 3609 ;
1549 3544 1746 3597 Πλάνοι
1777 3544 1836 3598 δὲ

272 3633 468 3704 ἄνδρες
511 3636 603 3688 καὶ
648 3636 956 3700 ἀπατεῶνες
998 3636 1114 3700 πῶς
1157 3636 1438 3707 ἀγαπητὸν
1479 3635 1708 3706 ἡγοῦντο
1745 3636 1835 3689 τὸν

275 3724 417 3794 ὑπὲρ
447 3725 630 3795 ἐτέρου
653 3725 896 3789 θάνατον,
920 3725 978 3778 ὃν
999 3725 1240 3796 ἀκριϐῶς
1269 3726 1484 3779 πάντων
1507 3721 1704 3794 μᾶλλον
1729 3724 1837 3791 ἐγί-

274 3833 483 3870 νωσκον
503 3818 711 3881 οὐδενὸς
747 3819 841 3888 μὲν
873 3819 1068 3880 αὐτοῖς,
1089 3818 1164 3880 ὡς
1190 3817 1254 3872 ἂν
1282 3817 1413 3889 φαίη
1443 3834 1545 3880 τις,
1574 3817 1834 3885 γεγονότα

273 3909 562 3978 παραίτιον
613 3908 838 3976 ἀγαθοῦ,
898 3909 1078 3978 πάσης
1126 3908 1183 3961 δὲ
1237 3909 1433 3972 κακίας
1481 3907 1830 3972 διδάσκαλον;

288 4000 456 4070 ’Δνὴρ
489 3999 586 4070 μὲν
620 4002 727 4072 γὰρ
771 3999 1026 4070 λογισμοῦ
1069 4001 1161 4053 καὶ
1191 3999 1390 4070 ἀρετῆς
1433 3999 1657 4070 μέτοχος
1695 3998 1833 4068 ὑπὲρ

275 4091 486 4158 ἀγαθοῦ
533 4091 948 4164 κατορθώματος
990 4092 1090 4146 κᾶν
1136 4093 1368 4160 εὐλόγως
1412 4093 1540 4146 ποτέ
1579 4092 1677 4174 τὸν
1718 4090 1831 4162 μετ’

274 4182 526 4247 εὐκλείας
571 4183 794 4237 θάνατον
833 4184 1171 4253 ὑπομείνειεν
1203 4201 1215 4214 ·
1253 4187 1281 4238 ὁ
1331 4184 1387 4237 δὲ
1438 4183 1705 4254 μοχθηρὸς
1743 4184 1832 4236 τὸν

276 4276 497 4346 τρόπον,
529 4275 830 4347 φιλοπαθής
867 4294 950 4340 τις
990 4278 1083 4330 καὶ
1115 4277 1388 4349 φιλήδονος
1427 4275 1525 4336 ὢν.
1574 4275 1740 4344 μόνην
1775 4275 1832 4328 δέ

1942 3087 1998 3132 et
2015 3081 2273 3149 quamdiu
2306 3082 2534 3138 fallaciis
2560 3100 2677 3151 eos,
2707 3098 2767 3139 ut
2795 3102 3046 3144 sermone
3092 3090 3320 3146 istorum
3361 3102 3501 3159 utar,

1945 3171 2196 3242 decipere
2239 3174 2493 3243 potuerit.
2531 3175 2644 3231 Cur
2690 3179 2854 3249 igitur
2881 3190 3006 3250 post
3049 3192 3278 3238 mortem
3329 3187 3504 3241 multo

1943 3262 2118 3333 magis
2149 3279 2313 3334 quam
2365 3276 2490 3321 ante
2513 3308 2528 3334 ,
2564 3268 2717 3322 illum
2767 3268 3019 3324 admirati
3073 3274 3248 3327 sunt?
3285 3289 3409 3329 nam
3444 3277 3502 3332 in

1945 3352 2194 3409 humanis
2227 3356 2508 3426 degentem
2542 3368 2597 3414 et
2629 3359 2941 3417 deseruisse
2968 3370 3022 3417 et
3049 3365 3350 3436 abnegasse
3371 3367 3504 3423 olim

1942 3447 2215 3511 dicuntur,
2261 3463 2392 3502 cum
2437 3451 2511 3504 illi
2544 3451 2793 3506 videlicet
2851 3454 3063 3509 insidia:
3129 3456 3283 3514 factae
3347 3467 3498 3515 sunt.

1942 3534 2232 3606 Postquam
2267 3553 2394 3591 vero
2445 3539 2586 3594 inter
2644 3540 2892 3597 homines
2924 3559 3046 3599 esse
3078 3544 3258 3609 desiit,
3293 3549 3502 3604 alacres

1943 3624 2047 3696 ipsi
2067 3627 2210 3680 mori
2242 3628 2536 3695 malebant,
2566 3646 2730 3700 quam
2779 3647 2809 3685 a
2843 3649 2968 3688 vera
3010 3635 3078 3692 de
3114 3638 3207 3694 illo
3241 3640 3503 3696 testiﬁca-

1940 3717 2086 3771 tione
2106 3719 2364 3773 amoveri.
2398 3717 2454 3772 Si
2483 3720 2647 3790 igitur
2676 3727 2992 3794 praeceptori
3025 3742 3126 3782 suo
3154 3730 3356 3786 nullius
3371 3731 3500 3786 boni

1941 3809 2147 3863 conscii
2179 3820 2354 3873 erant,
2405 3825 2513 3865 non
2549 3813 2692 3877 vitm,
2727 3830 2836 3869 non
2895 3815 3233 3886 disciplinae,
3269 3836 3382 3876 non
3409 3836 3502 3878 ac-

1940 3899 2126 3964 tionis,
2157 3917 2266 3956 non
2295 3903 2478 3970 operis
2501 3904 2733 3972 alicujus
2766 3906 2978 3962 laudem
3013 3912 3290 3975 merentis,
3325 3927 3502 3983 neque

1939 4004 2068 4044 vero
2097 3990 2394 4060 quidquam
2444 3993 2513 4046 ab
2567 3994 2659 4048 illo
2690 3997 3040 4051 emolumenti
3095 4010 3449 4070 perceperant
3479 4043 3497 4068 ,

1941 4088 2133 4145 praeter
2164 4097 2324 4136 unam
2361 4084 2619 4138 malitiam
2669 4093 2722 4139 et
2769 4087 2998 4142 aliorum
3035 4089 3313 4146 hominum
3339 4093 3501 4150 dece-

1938 4170 2199 4238 ptionem,
2249 4172 2406 4242 112
2442 4189 2604 4244 quam
2635 4177 2706 4230 ob
2739 4193 2851 4231 rem
2879 4187 2989 4233 tam
3019 4191 3267 4251 prompte
3299 4185 3501 4240 morie-

1938 4260 2158 4326 bantur,
2186 4262 2482 4318 dummodo
2499 4265 2566 4320 de
2583 4267 2676 4320 illo
2696 4283 2884 4324 severa
2913 4271 3160 4340 quaedam
3183 4281 3238 4329 et
3263 4275 3500 4346 insignia

278 4367 376 4438 τὴν
419 4366 748 4438 πρόσκαιρον
791 4367 1010 4436 ταυτηνὶ⁸
1048 4366 1212 4436 ζωὴν,
1258 4366 1348 4418 καὶ
1385 4363 1483 4428 τάς
1517 4365 1634 4417 κατ’
1667 4364 1835 4434 αὐτὴν

1941 4351 2296 4420 praedicarent
2325 4356 2348 4408 ?
2387 4373 2509 4411 cum
2538 4357 2754 4413 interim
2787 4361 3006 4417 illorum
3037 4364 3333 4437 unicuique
3364 4368 3498 4424 liee-

277 4457 603 4528 ἡδυπαθείας
631 4457 993 4528 μεταδιώκων,
1015 4458 1114 4510 οὐκ
1136 4457 1197 4508 ἄν
1217 4473 1344 4509 ποτε
1367 4455 1536 4508 ἕλοιτο
1567 4455 1670 4524 πρὸ
1693 4454 1837 4524 ζωῆς

278 4549 526 4613 θάνατον,
569 4550 678 4602 οὐδ’
713 4549 851 4622 ὺπέρ
882 4549 1093 4602 οἰκείων
1132 4548 1223 4600 καὶ
1271 4548 1538 4616 φιλτάτων
1569 4548 1836 4618 τιμωρίας

280 4641 608 4711 ὑπομείνειε,
636 4641 827 4711 μήτιγε
845 4640 982 4712 ὑπὲρ
1015 4639 1105 4692 τοῦ
1134 4640 1438 4711 φαυλότητα
1460 4641 1837 4710 κατεγνωσμέ-

277 4749 391 4785 νου.
445 4733 566 4796 Πῶς
609 4729 702 4785 οῦν
745 4734 792 4784 oi
825 4731 915 4785 τοῦ
960 4731 1287 4802 δηλουμένου
1337 4731 1590 4802 μαθηταὶ,
1630 4732 1680 4783 εί
1729 4730 1835 4803 ἄρα

281 4823 480 4886 πλάνος
509 4819 577 4893 ἦν
608 4823 702 4876 καὶ
735 4824 886 4893 γόης,
910 4823 1010 4875 οὐκ
1037 4818 1351 4889 ἀγνοοῦντες
1395 4821 1554 4873 αὐτὸν
1577 4819 1832 4885 τοιοῦτον,

279 4915 416 4970 ἀλλὰ
443 4916 535 4970 καὶ
571 4915 743 4977 αὐτοὶ,
769 4916 966 4985 χείρονι
1003 4913 1300 4984 μοχθηρίας
1321 4913 1506 4984 τρόπῳ
1537 4913 1633 4976 τὰς
1662 4912 1835 4982 ψυχὰς

279 5005 648 5076 ἐνεσχημένοι,
692 5005 958 5075 ὑπέμενον
1007 5005 1141 5076 πρὸς
1188 5004 1296 5057 τῶν
1339 5002 1608 5073 ὁμοεθνῶν
1657 5003 1835 5067 πάσας

278 5100 484 5162 αἰκίας,
512 5101 602 5152 καὶ
626 5101 734 5152 πᾶν
761 5099 1033 5170 τιμωριῶν
1058 5095 1193 5161 εἶδος
1215 5098 1354 5168 ὑπὲρ
1379 5099 1476 5168 τῆς
1502 5096 1665 5151 αὐτοῦ
1695 5113 1836 5168 μαρ-

275 5188 467 5259 τυρίας
500 5187 866 5257 ἀναδέχεσθαι,
909 5185 1008 5239 οὐκ
1048 5186 1108 5240 ὃν
1139 5186 1300 5240 τοῦτο
1338 5185 1438 5256 τῆς
1469 5185 1579 5238 τῶν
1621 5184 1836 5252 φαύλων

275 5282 476 5334 οίκείον
507 5278 752 5347 φύσεωςς
793 5279 913 5332 Ἔτι
944 5279 1001 5331 δὲ
1038 5280 1130 5332 καὶ
1172 5279 1346 5348 τούτῳ
1383 5276 1646 5347 πρόσχες·
1685 5276 1733 5328 εἰ
1770 5274 1834 5345 δὴ

275 5373 373 5425 καὶ
400 5371 554 5424 αὐτοὶ
574 5369 762 5424 πλάνοι
793 5371 885 5422 καί¹
917 5369 1227 5432 ἀπατεῶνες
1253 5367 1566 5438 ἐτύγχανον,
1604 5364 1834 5436 πρόσθες

273 5461 320 5513 δ’
349 5463 433 5514 ὅτι
475 5460 569 5513 καὶ
600 5459 909 5512 ἀπαίδευτοι
941 5458 1036 5515 καὶ
1078 5456 1352 5520 παντελῶς
1377 5455 1603 5520 ἰδιῶται,
1637 5455 1834 5526 μᾶλλον

272 5553 332 5606 δὲ
357 5551 442 5604 ὅτι
461 5551 556 5603 καὶ
577 5548 858 5621 βάρϐαροι,
890 5549 984 5601 καὶ
1005 5549 1103 5618 τῆς
1129 5548 1314 5621 Σύρων
1339 5549 1402 5603 ού
1433 5547 1594 5601 πλέον
1619 5548 1833 5601 ἐπαΐον-

274 5658 367 5706 τες
393 5641 597 5712 φωνῆς,
624 5641 718 5694 καὶ
750 5639 864 5702 πῶς
906 5641 998 5692 ἐπὶ
1030 5641 1210 5693 πᾶσαν
1249 5641 1511 5712 προῆλθον
1539 5639 1635 5712 τὴν
1657 5641 1847 5718 οίκουτ

591 5736 859 5796 Paeon.
918 5733 1035 5798 Gn.
1091 5730 1294 5794 XXII.

1938 4452 2020 4498 ret
2045 4445 2218 4502 otiose
2248 4448 2449 4512 virere,
2475 4457 2529 4503 et
2559 4450 2613 4504 in
2647 4453 2867 4522 propria
2895 4454 3057 4512 domo
3095 4473 3204 4514 una
3233 4473 3359 4514 cum
3391 4461 3497 4517 sibi

1939 4536 2298 4602 charissimis,
2350 4542 2687 4598 securiorem
2743 4545 2914 4599 multo
2947 4547 3311 4620 tutioremque
3331 4553 3498 4608 vitam

1937 4641 2098 4696 agere
2125 4629 2148 4680 ’ἓ
2177 4629 2399 4694 fallaces
2425 4641 2604 4688 autem
2617 4633 2868 4692 homines
2895 4646 2951 4692 et
2985 4639 3039 4693 in
3068 4639 3356 4698 fraudibus
3374 4659 3498 4698 ver-

1935 4726 2144 4783 santes,
2177 4722 2450 4790 quomodo
2484 4723 2832 4784 all‘ectassent
2856 4734 2996 4784 mori
3029 4747 3126 4800 pro
3155 4733 3296 4797 alio,
3335 4750 3498 4804 quem

1939 4809 2042 4878 ipsi
2069 4813 2310 4866 omnium
2337 4816 2617 4871 hominum
2671 4821 2906 4876 maxime
2939 4824 3351 4895 certissimeque
3399 4843 3499 4883 nos
3538 4825 3544 4831 ’

1936 4901 2143 4955 vissent
2174 4899 2512 4972 ?praesertim
2568 4909 2658 4978 qui
2689 4907 2849 4979 ipsis,
2880 4917 2941 4964 ut
2967 4926 3218 4968 sermone
3266 4914 3496 4969 istorum

1939 5000 2080 5056 utar,
2105 4994 2308 5050 nullius
2332 4996 2458 5052 boni
2480 5008 2677 5054 auctor
2699 5001 2911 5064 luisset,
2941 5003 3035 5058 sed
3069 5012 3262 5058 contra
3291 5007 3502 5073 potius,

1937 5084 2113 5139 omnis
2139 5086 2357 5142 malitia
2384 5093 2818 5162 praeceptorh'ir
2843 5095 2986 5150 enim
3007 5107 3062 5151 et
3093 5097 3495 5168 rationisgusum

1937 5175 2162 5241 habens,
2197 5186 2254 5233 et
2295 5181 2496 5238 virtute
2525 5185 2806 5255 praeditus,
2840 5188 2966 5242 boni
3002 5187 3310 5258 cujuspiam
3339 5189 3498 5244 olﬁeii

1933 5268 2106 5336 gratia
2137 5285 2527 5342 nonnunquam
2583 5279 2936 5346 probabiliter
2963 5288 3189 5335 mortem
3225 5297 3350 5336 cum
3396 5281 3498 5336 ho-

1935 5367 2147 5416 nestate
2184 5372 2241 5418 et
2280 5366 2454 5436 gloria
2499 5369 2751 5426 subierit.
2806 5370 3062 5437 Quivero
3093 5371 3342 5430 moribus
3371 5390 3496 5444 per-

1934 5455 2106 5510 versis
2139 5457 2232 5520 sit,
2261 5467 2318 5512 et
2345 5458 2633 5517 all'ectibus
2688 5463 3170 5536 voluptatibusque
3212 5472 3360 5522 totus
3390 5465 3502 5521 de-

1935 5547 2102 5608 ditus.
2135 5551 2417 5624 solamque
2446 5554 2586 5610 hanc
2639 5557 3021 5626 temporariam
3050 5560 3244 5623 vitam,
3281 5567 3336 5615 et
3381 5574 3506 5630 qua:

1937 5638 2004 5693 ad
2040 5653 2156 5695 eam
2207 5654 2452 5712 spectant
2507 5647 2760 5704 libidines
2793 5663 3132 5720 persequens
3159 5689 3176 5717 ,
3225 5664 3508 5722 nuntium

2156 5765 2180 5791 ο
3021 5739 3070 5803 ’ὅ
