3914 6198
503 240 614 298 ευε
1138 242 1407 301 EUSEBII
1444 241 1933 300 CJESARIENSlS
1966 243 2119 300 OPP.
2166 243 2370 302 PARS.
2416 244 2481 303 Il.
2504 277 2571 288 -—
2613 247 3117 306 A‘POLOGETICA.
3618 262 3712 323 eo;

502 358 748 432 profecto
777 360 902 416 vita:
928 367 1158 415 mortem
1189 360 1568 431 praeposuerit,
1597 374 1662 416 ac
1688 377 1758 417 ne
1800 360 2067 417 domesti-

2177 360 2378 432 μὲνην;
2415 361 2447 433 ἢ
2476 361 2606 433 ποίᾳ
2661 362 2821 417 τοῦτο
2849 362 3056 435 διανοίᾳ
3112 361 3512 438 ἐφαντάεθησαν
3536 374 3709 450 τολμῆ.

499 466 694 508 corum
723 450 966 522 quidem.
993 457 1048 505 ct
1078 448 1530 507 cllarissimorum
1560 466 1725 507 causa
1750 453 2076 523 supplicium

499 544 709 611 tulerit,
750 543 947 600 nedum
971 557 1071 613 pro
1098 556 1186 605 eo,
1217 542 1311 614 qui
1341 543 1599 614 nequitia:
1629 545 1703 600 sit
1733 545 2074 600 condemna-

499 644 615 696 tus.
651 637 824 704 Quam
864 651 995 709 ergo
1014 635 1318 707 probabile,
1355 645 1416 693 ut
1444 638 1592 694 illius
1622 637 1691 694 de
1721 654 1833 710 quo
1865 638 2075 695 dictum

499 736 610 795 est,
659 726 940 798 discipuli,
988 729 1038 782 si
1072 725 1234 783 modo
1264 727 1355 784 ille
1387 726 1646 784 seductor
1683 729 2079 801 praestigiator.

502 836 612 894 que
639 818 762 885 fuit,
796 834 922 875 cum
957 818 1109 874 illum
1140 819 1303 877 talem
1336 834 1460 876 esse
1486 835 1597 876 non
1621 820 1959 892 ignorarent,
1993 830 2077 876 at-

497 928 608 986 que
627 912 733 984 ipsi
761 912 927 968 etiam
959 911 1292 982 improbiore
1310 910 1497 982 ﬂagitii
1522 927 1719 984 genere
1744 914 1957 969 animos
1979 911 2078 967 ba-

498 1008 694 1063 berent
739 1005 1055 1077 implicitos,
1088 1021 1121 1061 α
1150 1022 1265 1063 suae
1292 1008 1472 1079 gentis
1503 1008 1637 1064 viris
1663 1009 1847 1064 Omnia
1876 1008 2076 1079 probra

498 1099 644 1157 ferre
688 1114 799 1155 non
850 1100 1253 1163 recusaverint,
1287 1108 1343 1155 et
1369 1115 1533 1156 omne
1592 1100 1849 1171 supplicii
1902 1116 2076 1172 genus

496 1205 599 1264 pro
644 1190 966 1248 testimonio
1000 1189 1082 1245 illi
1114 1189 1391 1246 reddendo
1449 1190 1763 1246 subierint?
1794 1206 1903 1247 non
1942 1206 2076 1247 cono

494 1285 648 1339 venit
703 1283 807 1338 hoc
835 1297 960 1338 cum
993 1290 1190 1337 natura
1228 1282 1622 1354 improborum,
1661 1283 1979 1355 longissime
2005 1285 2075 1339 ab

495 1392 559 1434 ea
597 1375 820 1447 refugit.
850 1376 1119 1432 Caeterum
1173 1377 1276 1433 hoc
1318 1392 1539 1449 quoque
1581 1377 1869 1449 diligenter
1891 1378 2074 1435 consi-

497 1468 678 1524 dera:
717 1483 842 1523 nam
890 1469 939 1524 si
992 1468 1097 1539 ipsi
1157 1476 1211 1524 et
1264 1470 1586 1526 seductores
1639 1477 1693 1525 et
1746 1471 2075 1542 impostores

496 1568 677 1625 erant,
710 1569 767 1615 et
788 1570 1058 1631 praeterea
1082 1561 1322 1632 imperiti
1342 1561 1675 1633 omninoque
1696 1563 1971 1634 vulgares,
2012 1571 2072 1617 ut

494 1658 735 1717 constat,
774 1652 909 1725 quin
936 1651 1102 1707 etiam
1136 1652 1378 1718 barbari,
1405 1660 1460 1709 et
1486 1654 1580 1726 qui
1609 1670 1719 1711 non
1752 1655 1875 1726 plus
1905 1669 2069 1726 quam

496 1742 759 1816 Syrorum
783 1744 1022 1816 linguam
1052 1756 1297 1809 nossent,
1321 1745 1597 1815 quomodo
1627 1747 1682 1801 in
1720 1753 1893 1801 totum
1942 1760 2074 1817 pro.

493 1837 669 1907 gressi
699 1846 831 1891 sunt
860 1846 1137 1893 terrarum
1171 1837 1362 1893 orbem
1389 1843 1414 1897 Ἰ
1465 1840 1550 1892 vel
1578 1853 1686 1908 qua
1708 1826 1872 1894 'istud
1899 1840 2073 1892 soler-

494 1931 570 1985 tia
588 1929 989 2002 exeogitarunt,
1019 1929 1208 1986 ausive
1233 1939 1363 1986 sunt
1391 1932 1418 1983 ?
1445 1929 1649 2000 quibus
1675 1943 1841 1999 porro
1862 1928 2072 1984 viribus

493 2018 550 2074 id
590 2019 736 2091 quod
780 2019 902 2075 ausi
945 2026 1076 2074 sunt
1118 2019 1524 2090 perfecerunt?
1567 2018 1695 2075 Esto
1719 2021 1889 2085 enim,
1920 2020 2073 2075 viros

492 2110 733 2167 rusticos
756 2111 811 2166 in
837 2120 984 2166 terra
1006 2110 1228 2181 prepria
1270 2118 1580 2179 versantes,
1609 2109 1863 2180 decipere
1894 2118 1949 2165 et
1976 2125 2072 2164 va-
2108 2118 2113 2125 '

491 2201 631 2274 gari,
659 2216 762 2258 nec
778 2202 957 2257 otiose
981 2209 1077 2256 aut
1104 2201 1308 2257 frustra
1328 2216 1446 2257 rem
1472 2215 1677 2257 serere.
1698 2202 1768 2254 At
1782 2215 1913 2256 vero
1929 2202 2072 2273 apud

492 2308 684 2349 omnes
705 2307 902 2350 nomen
935 2291 1065 2350 Jesu
1100 2292 1420 2364 praedicare,
1443 2290 1898 2363 admirabiliaque
1924 2293 2072 2349 illius

490 2392 667 2458 gesta,
698 2384 831 2441 etin
860 2386 1093 2441 urbibus
1124 2392 1180 2438 et
1205 2385 1259 2439 in
1287 2384 1436 2456 agris
1457 2384 1656 2441 docere
1681 2403 1694 2440 :
1716 2394 1772 2441 et
1790 2384 1929 2441 alios
1949 2387 2072 2456 qui-

489 2478 614 2535 dem
644 2493 857 2542 eorum,
893 2476 1186 2548 imperium
1235 2475 1541 2531 Romanum
1562 2515 1578 2540 ,
1634 2476 1920 2546 ipsamque
1953 2491 2071 2530 om-

488 2570 643 2625 nium
684 2570 903 2625 urbium
952 2569 1197 2638 reginam
1255 2566 1533 2623 civitatem
1588 2565 1848 2622 invadere
1883 2584 1897 2621 :
1932 2567 2070 2621 alios

490 2661 785 2718 Persarum
834 2674 1088 2731 regnum,
1121 2658 1259 2715 alios
1286 2657 1696 2725 Armeniorum,
1741 2658 2068 2714 Parthorum

493 2753 632 2808 alios
662 2752 987 2808 nationem:
1040 2751 1168 2806 item
1214 2750 1353 2805 alios
1404 2748 1759 2822 Scytharum,
1802 2750 2069 2821 quosdam

491 2845 654 2900 etiam
670 2844 738 2899 ad
754 2845 905 2916 ipsos
932 2843 1083 2901 orbis
1097 2852 1257 2900 terra:
1279 2843 1496 2900 venisse
1520 2844 1679 2909 lines,
1701 2842 2070 2914 Indorumque

492 2937 769 3010 regionem
803 2943 1158 3008 penetrasse:
1212 2937 1352 2992 alios
1388 2951 1556 3008 porro
1588 2946 1742 2992 trans
1788 2935 2067 2993 Oceanum

493 3029 758 3094 evasisse,
791 3027 859 3083 ad
892 3042 988 3084 eas
1010 3029 1222 3083 insulas
1249 3043 1371 3099 qua:
1409 3026 1738 3085 Britannicae
1754 3036 2064 3086 vocantur:
2097 3055 2139 3113 ο

495 3118 613 3175 hac
638 3131 772 3174 sane
799 3129 900 3186 ego
930 3130 1209 3186 nunquam
1256 3114 1501 3168 humana
1526 3115 1577 3168 vi
1612 3113 1804 3170 affecta
1848 3123 2072 3186 putave-

492 3211 622 3276 rim,
646 3209 845 3266 nedum
872 3216 1075 3266 conatu
1107 3207 1310 3263 levium
1324 3208 1743 3280 vulgariumque
1764 3208 2069 3275 hominum,

497 3303 654 3375 113
691 3317 757 3359 ac
797 3302 969 3359 multo
1020 3302 1203 3357 minus
1251 3300 1628 3366 seductorum,
1666 3299 2070 3371 prastigiis‘que

492 3398 784 3453 utentium.
813 3394 919 3463 Qui
961 3410 1091 3450 vero
1144 3391 1496 3464 ﬂagitiosum,
1545 3398 1937 3463 versutumque
1968 3391 2071 3446 du-

491 3496 700 3543 ctorem
733 3485 945 3556 experti
975 3490 1181 3549 essent,
1223 3491 1277 3538 et
1299 3484 1420 3553 ejus
1477 3481 1683 3538 exitum
1729 3481 1855 3536 vitae
1904 3480 2070 3535 talem

492 3580 921 3652 perspexissent,
973 3577 1175 3648 quibus
1224 3575 1443 3631 tandem
1488 3574 1670 3631 verbis
1716 3587 2071 3644 assequeren-

492 3682 604 3736 tur,
636 3680 694 3727 ut
730 3670 878 3728 inter
909 3685 969 3727 se
996 3670 1065 3726 de
1109 3670 1204 3724 illo
1236 3675 1606 3725 consentanea
1644 3665 1948 3739 ﬁngerent?
1992 3666 2069 3722 si-

490 3761 711 3835 quidem
742 3774 852 3816 uno
879 3773 975 3816 ore
1007 3773 1200 3815 omnes
1229 3765 1284 3814 et
1318 3758 1661 3828 leprosorum
1692 3754 2066 3827 purgationes,

489 3834 546 3913 et
603 3834 901 3927 ej‘ectioncs
940 3852 1269 3916 daemonum,
1304 3858 1360 3905 et
1410 3848 1770 3904 excitationcs
1822 3854 2067 3901 mortuo-

490 3957 710 4014 rum,et
738 3961 1006 4015 caecorum
1039 3945 1372 4007 sanationes,
1392 3948 1448 3997 et
1475 3939 1900 3995 innumerabiles
1929 3940 2066 3995 alias

489 4038 870 4111 aegrotantium
909 4035 1171 4101 medelas,
1200 4048 1338 4105 quas
1368 4034 1461 4088 ille
1490 4031 1844 4103 praestiterat,
1873 4031 2068 4086 teStill-

488 4134 785 4198 cabantur;
832 4140 1281 4202 postremumque
1329 4124 1611 4187 omnium,
1671 4122 1819 4195 quod
1871 4122 2065 4193 primis

490 4225 596 4281 sibi
631 4232 758 4295 post
800 4228 1054 4285 mortem,
1087 4219 1298 4275 reditus
1327 4218 1476 4273 illius
1507 4218 1560 4272 in
1597 4217 1764 4272 vitam
1790 4215 1864 4273 sit
1887 4216 2059 4273 visus.

488 4314 617 4372 ﬂare
640 4316 847 4384 itaque,
878 4326 1057 4381 neque
1080 4312 1222 4366 facta
1251 4325 1432 4381 neque
1455 4309 1639 4364 audita
1672 4322 1915 4380 unquam
1946 4307 2063 4364 suis

2181 467 2309 519 σαι;
2346 454 2473 526 ποίᾳ
2518 453 2574 508 δὲ
2606 454 2832 526 δυνάμει
2875 455 2934 510 τὺ
2969 455 3314 528 ἐπιχειρηθὲν
3338 460 3711 535 ’κατώρθωσανς

2183 542 2364 631 Ἐξστω
2414 545 2523 617 γάρ
2578 547 2674 600 ἐπὶ
2726 546 2827 618 τῆς
2879 546 3085 611 οἰκείας
3141 547 3247 618 γῆς
3307 549 3712 628 καλινδουμένους

2178 635 2470 708 ἀγροίκους
2499 636 2696 710 ἀνδρας
2720 638 2928 711 πλανᾷν
2955 640 3051 693 καὶ
3076 639 3398 707 πλανᾶσθαι,
3422 644 3517 697 καί
3541 647 3607 719 μὴ
3640 651 3711 721 ἐφ’

2177 729 2405 803 ἡσυχίας
2433 728 2718 800 βάλλεσθαι
2741 728 2804 783 τὸ
2830 731 3089 801 πρᾶγμα·
3124 729 3411 803 κηρύττειν
3436 731 3477 786 δ’
3502 737 3574 799 εἰς
3598 738 3708 793 πάν.

2175 839 2274 887 τας
2290 820 2350 876 τὸ
2366 820 2460 875 τοῦ
2501 820 2673 892 Ἰησοῦ
2699 820 2892 892 ὄνομα,
2920 822 3137 886 καὶτὰς
3172 823 3496 895 παραδόξους
3517 827 3713 900 πράξεις

2175 915 2340 971 αὐτοῦ
2384 914 2528 969 κατά
2567 931 2629 969 τε
2672 914 2876 987 ἀγροὺς
2910 914 3008 969 καί
3063 915 3205 970 κατά
3247 916 3400 971 πόλιν
3442 918 3706 976 διδάσκειν·

2176 1008 2417 1071 καὶτοὺς
2447 1006 2548 1079 μὲν
2580 1006 2759 1061 αὐτῶν
2796 1007 2894 1080 τὴν
2930 1008 3217 1080 Ῥωμαίων
3239 1009 3412 1082 ἀρχὴν
3443 1013 3532 1066 καὶ
3568 990 3712 1087 αὐτῆς

2174 1117 2234 1153 τε
2276 1099 2376 1171 τὴν
2411 1096 2843 1170 βασιλικωτάτην
2874 1099 3029 1153 πόλιν
3073 1100 3381 1172 νείμασθαι,
3413 1104 3532 1168 τοὺς
3552 1105 3711 1178 δὲτὴν

2176 1189 2422 1262 Περσῶν,
2448 1191 2573 1253 τοὺς
2597 1189 2653 1243 δὲ
2680 1189 2779 1260 τὴν
2815 1189 3137 1261 Ἀρμενίων,
3163 1192 3385 1262 ἐτέρους
3421 1194 3476 1248 δὲ
3505 1195 3563 1249 τὸ
3588 1197 3712 1269 Πάρ-

2174 1279 2283 1334 θων
2326 1279 2496 1343 ἔθνος,
2540 1280 2633 1334 καὶ
2671 1276 2739 1334 αὖ
2778 1279 2940 1335 πάλιν
2983 1279 3043 1334 τὸ
3087 1281 3336 1348 Σκυθῶν,
3369 1287 3514 1364 τινὰς
3537 1288 3590 1342 δὲ
3625 1290 3710 1362 ήδη

2174 1367 2266 1422 καὶ
2312 1370 2399 1422 ἐπ’
2443 1368 2582 1422 αὐτὰ
2630 1369 2729 1440 τῆς
2769 1370 3089 1442 οἰκουμένης
3127 1371 3303 1426 ἐλθεῖν
3346 1374 3414 1429 τὰ
3454 1377 3606 1449 ἄκρα,
3634 1378 3710 1434 ἐπί

2171 1476 2231 1513 τε
2287 1460 2385 1532 τὴν
2440 1460 2613 1514 Ἰνδῶν
2667 1460 2867 1530 φθάσαι
2919 1462 3132 1535 χώραν,
3192 1466 3288 1521 καὶ
3342 1469 3549 1541 ἐτέρους
3592 1473 3712 1545 ὑπὲρ

2171 1551 2262 1605 τδν
2303 1552 2554 1606 Ὠκεανὸν
2590 1553 2880 1625 παρελθεῖν
2919 1556 3013 1611 ἐπὶ
3054 1556 3155 1623 τάς
3199 1558 3527 1633 καλουμένας
3570 1564 3712 1635 Βρετ-

2171 1643 2396 1708 τανικὰς
2424 1645 2638 1716 νήσους,
2668 1645 2838 1701 ταῦτα
2890 1647 3070 1701 οὐκέτ’
3123 1648 3300 1719 ἔγωγε
3333 1651 3559 1724 ἡγοῦμαι
3593 1656 3712 1710 κατά

2174 1734 2457 1807 ἄνθρωπον
2490 1734 2649 1801 εἶναι,
2684 1739 2878 1809 μήτιγε
2912 1738 3053 1793 κατά
3098 1741 3336 1806 εὐτελεῖς
3380 1746 3470 1799 καὶ
3507 1745 3710 1810 ἰδιώτας,

2174 1827 2369 1882 πολλοῦ
2396 1829 2477 1884 δεῖ
2506 1832 2644 1886 κατά
2676 1833 2910 1898 πλάνους
2945 1835 3039 1889 καὶ
3069 1834 3288 1908 γόητας.
3322 1840 3387 1891 Οἱ
3414 1838 3471 1893 δὲ
3496 1839 3711 1893 διδασκά-

2174 1917 2267 1974 λου
2299 1920 2502 1991 φαύλου
2531 1924 2625 1976 καὶ
2648 1924 3023 1997 διαστροφέως
3055 1928 3472 2000 πεπειραμένοι,
3503 1931 3588 1985 καὶ
3609 1929 3711 1983 τού-

2172 2029 2264 2066 του
2298 2012 2395 2083 τὴν
2427 2012 2649 2070 ἔκϐασιν
2678 2016 2779 2088 τῆς
2808 2017 3064 2089 τελευτῆς
3102 2019 3535 2092 καθεωρακότες,
3563 2021 3710 2086 ποίοις

2173 2103 2282 2176 ἄρα
2305 2105 2482 2174 λόγοις
2508 2107 2807 2179 ἐχρήσαντο
2831 2110 2967 2183 πρὸς
2990 2110 3277 2182 ἀλλήλους,
3303 2115 3382 2178 εἰς
3401 2113 3460 2168 τὸ
3481 2114 3709 2187 σύμφωνα

2175 2195 2301 2267 περί
2343 2196 2508 2253 αὑτοῦ
2558 2197 2901 2267 πλάσασθαι;
2957 2201 3015 2270 ἐξ
3060 2203 3179 2267 ἐνὸς
3228 2204 3341 2277 γὰρ
3390 2206 3633 2278 στόματος
3668 2206 3707 2259 οἰ

2174 2288 2393 2353 πάντες,
2429 2289 2523 2344 καὶ
2560 2290 2778 2365 λεπρῶν
2830 2293 3145 2367 καθάρσεις,
3191 2297 3293 2351 καὶ
3330 2297 3584 2369 δαιμόνων
3620 2297 3706 2353 ἀπ-

2174 2380 2413 2447 ελάσεις,
2462 2382 2668 2463 νεκρῶν
2700 2401 2759 2438 τε
2791 2385 3135 2452 ἁναδιὼσεις,
3184 2388 3381 2460 πηρῶν
3423 2406 3479 2443 τε
3519 2388 3707 2443 ἀναϐλέ-

2171 2472 2311 2541 ψεις,
2347 2472 2440 2526 καὶ
2475 2474 2674 2546 μυρίας
2703 2475 2867 2541 ἄλλας
2887 2478 3185 2533 νοσούντων
3209 2481 3387 2545 ἰάσεις
3415 2481 3543 2553 πρὸς
3569 2479 3706 2536 αὑτοῦ

2171 2562 2421 2630 γενέσθαι
2448 2564 2856 2638 ἐμαρτύρησαν,
2883 2570 2978 2623 καὶ
3005 2570 3097 2625 ἐπὶ
3124 2572 3264 2627 πᾶσι
3291 2574 3391 2643 τὴν
3418 2570 3572 2626 αύτοῦ
3595 2570 3711 2641 μετά

2170 2653 2260 2706 τὸν
2301 2652 2529 2709 θάνατον
2560 2656 2855 2713 ἀναϐίωσιν
2901 2659 3139 2732 πρώτοις
3175 2666 3366 2729 αὐτοῖς
3405 2665 3704 2738 ἑωραμένην·

2171 2744 2356 2799 Ταῦτα
2384 2745 2514 2818 γὰρ,
2539 2747 2613 2820 μὴ
2628 2750 2917 2822 γενόμενα,
2951 2754 3077 2824 μηδ’
3100 2757 3237 2810 ἀκου
3248 2756 3438 2813 σθέντα
3467 2775 3565 2822 πω,
3591 2754 3708 2810 κατὰ

2170 2838 2294 2901 τοὺς
2326 2837 2505 2892 αὐτῶν
2547 2840 2771 2913 χρόνους
2815 2843 2935 2908 πῶς
2964 2845 3023 2913 ἐξ
3050 2847 3169 2912 ἐνὸς
3203 2850 3472 2922 στόματος
3500 2846 3707 2920 ἐμαρτύ-

2172 2942 2298 2997 ρουν
2312 2926 2613 2996 γεγονέναι,
2634 2930 2794 3003 μέχρι
2817 2933 2911 2985 καὶ
2959 2932 3189 2990 θανάτου
3249 2944 3584 3011 πιστούμενοι
3627 2936 3708 3007 τὴν

2171 3017 2479 3097 ὁμολογίαν,
2521 3022 2571 3074 εἰ
2610 3022 2820 3094 μήποτε
2859 3022 2988 3095 ἄρα,
3028 3026 3377 3094 συνελθόντες
3406 3028 3704 3102 συνωμοσίαν

2172 3126 2231 3163 τε
2263 3108 2405 3164 κατά
2431 3110 2491 3164 τὸ
2518 3111 2651 3199 ante
2682 3114 3058 3185 πεποιημένοι,
3093 3117 3363 3190 συνθήκας
3395 3119 3566 3174 ἔθεντο
3593 3118 3705 3193 πρὸς

2171 3201 2429 3275 ἀλλήλους
2460 3202 2789 3270 πλάσασθαι,
2818 3207 2912 3260 καὶ
2941 3208 3385 3279 καταψεύσασθαι
3415 3213 3515 3268 τῶν
3546 3211 3614 3284 μὴ
3631 3227 3705 3280 γε·

2170 3297 2441 3364 γονότων;
2472 3298 2566 3351 καὶ
2608 3297 2781 3363 ποίοις
2821 3300 2929 3372 ἀρα
2961 3300 3186 3359 πιθανὸν
3234 3307 3408 3361 εἰπεῖν
3439 3305 3704 3378 χρήσασθαι

2170 3387 2367 3452 αὐτοὺς
2408 3387 2585 3458 λόγοις
2631 3388 2722 3442 ἐπὶ
2758 3393 2879 3454 ταῖς
2923 3391 3239 3465 συνθήκαις,
3281 3397 3331 3450 εἰ
3361 3398 3434 3469 μή
3467 3413 3586 3451 ποτε
3613 3398 3706 3458 τοῖς

2169 3480 2428 3545 τοιοῖσδες
2462 3481 2688 3553 ’Ἄνδρες
2721 3482 2883 3553 φίλοι,
2909 3483 3001 3538 τὸν
3045 3485 3143 3556 μὲν
3173 3486 3238 3560 δὴ
3264 3486 3393 3559 χθὲς
3429 3490 3519 3543 καὶ
3546 3485 3706 3560 πρώην

2169 3571 2480 3636 ἀπατεῶνα,
2507 3573 2604 3628 καὶ
2658 3572 2866 3646 πλάνης
2925 3574 3270 3645 διδάσκαλον,
3306 3578 3398 3633 ὑπ’
3446 3579 3706 3650 ὀφθαλμοξ

2169 3666 2421 3721 ἁπάντων
2452 3666 2610 3738 ἡμῶν
2635 3667 2737 3739 τὴν
2767 3667 3005 3741 ἐσχάτην
3044 3669 3417 3741 ὑπομείναντα
3448 3670 3705 3743 τιμωρξαν.

2167 3757 2313 3823 ὅστις
2339 3758 2470 3812 ποτέ
2490 3754 2580 3830 ἢν,
2609 3761 2826 3814 πάντων
2848 3761 3011 3831 ἡμεῖς
3036 3761 3272 3832 μάλιστα
3294 3763 3532 3835 ἀκριϐῶς
3553 3765 3704 3833 ἴσμεν.

2166 3842 2253 3902 οἷα
2288 3848 2486 3919 μύσται
2511 3850 2620 3905 τῶν
2651 3851 2979 3924 ἀπορρήτων
3010 3853 3172 3907 αὑτοῦ
3220 3856 3586 3927 γεγενημένον
3633 3869 3710 3906 σε·

2171 3942 2304 4012 μνὸς
2338 3941 2440 4011 μέν
2470 3960 2555 4007 τις
2584 3946 2696 4008 τοῖς
2721 3945 2934 4008 πολλοῖς
2962 3946 3325 4015 ἐφαντάζετο,
3370 3949 3463 4002 καί
3500 3964 3549 4000 τι
3573 3945 3708 4000 πλέον

2166 4032 2310 4105 ἔχειν
2336 4033 2489 4106 παρά
2515 4036 2639 4099 τοὺς
2664 4035 2892 4102 πολλοὺς
2924 4039 3162 4110 ἐφρόνει,
3194 4038 3348 4093 οὐδὲν
3373 4038 3429 4093 δὲ
3453 4037 3586 4111 μέγα
3608 4033 3708 4088 οὐδὲ

2164 4124 2265 4196 τῆς
2293 4125 2640 4192 ἀναστάσεως
2683 4126 2831 4193 ἀξιον
2858 4129 3114 4200 ἐπήγετο,
3143 4134 3194 4186 εἰ
3224 4134 3299 4205 μή
3331 4148 3415 4196 τις
3440 4130 3498 4184 τὸ
3521 4125 3708 4198 δολερὸν

2165 4216 2261 4270 καὶ
2291 4216 2520 4273 ὓπουλον
2547 4219 2694 4287 λέγει
2731 4219 2825 4273 τοῦ
2858 4219 3080 4290 τρόπου,
3116 4224 3213 4277 καί
3243 4225 3309 4278 τὸ
3337 4224 3617 4296 διάστροφα
3642 4217 3707 4272 δι-

2164 4303 2317 4373 δάξαι
2356 4309 2505 4379 ἡμᾶς
2542 4309 2759 4375 αὐτοὺς,
2788 4310 2879 4364 τόν
2916 4328 2977 4364 τε
3014 4311 3083 4366 δι’
3115 4313 3335 4385 ἀπάτης
3375 4313 3553 4383 τῦφον.
3588 4303 3707 4363 ’Δνθ⁹

487 4408 848 4479 temporibus,
867 4404 1144 4477 quomodo
1169 4419 1279 4458 uno
1301 4418 1398 4459 ore
1429 4402 1571 4458 facta
1598 4401 1768 4458 fuisse
1796 4400 2066 4457 affirmare

2170 4391 2264 4463 ὧν,
2300 4399 2454 4471 φέρε,
2481 4398 2662 4467 δεξιὰς
2699 4399 2880 4466 δόντες
2907 4400 3178 4473 ἀλλήλοις,
3209 4403 3349 4476 ὁμοῦ
3388 4403 3577 4466 πάντες
3603 4414 3709 4452 συν·

488 4502 610 4557 ausi
636 4506 843 4567 essent,
875 4505 1054 4552 morte
1079 4510 1296 4569 quoque
1320 4495 1439 4566 ipsa
1472 4493 1893 4565 comprobantes
1916 4491 2063 4563 quod

488 4593 772 4653 dicerent?
800 4591 1063 4661 numquid
1099 4590 1227 4645 olim
1250 4587 1533 4660 congressi
1566 4595 1621 4643 et
1657 4585 2066 4658 conspiratione

489 4684 557 4742 ad
592 4684 735 4739 idem
787 4679 1134 4738 sentiendum
1194 4678 1360 4736 facta.
1394 4675 1575 4735 foedus
1619 4674 1762 4729 inter
1805 4689 1866 4730 se
1912 4672 2065 4744 pepi-

446 4844 453 4849 _
489 4782 709 4861 gerunt,
733 4788 843 4845 quo
877 4772 1141 4841 fingerent
1168 4770 1673 4837 ementirenturqne
1694 4781 1760 4822 ea
1782 4780 1903 4836 qua:
1932 4780 2064 4821 nus-

490 4884 654 4941 quam
689 4857 842 4925 facta
874 4863 1094 4921 easent?
1118 4871 1171 4918 et
1200 4861 1402 4933 quibus
1434 4859 1732 4916 verisimile
1771 4857 1921 4915 dictu
1954 4864 2063 4920 est,

490 4962 615 5018 illos
639 4974 762 5016 esse
790 4973 923 5014 usos
950 4956 1137 5012 verbis
1168 4955 1223 5009 in
1261 4953 1506 5009 ﬁndere?
1532 4966 1662 5008 num
1691 4950 1920 5007 forsitan
1939 4950 2065 5005 tali-

488 5053 630 5110 bus?
659 5049 773 5105 Viri
832 5049 1017 5111 amici,
1052 5050 1343 5119 quisquam
1389 5046 1556 5100 fuerit
1592 5044 1685 5098 ille
1719 5043 1812 5114 qui
1843 5042 1960 5098 beri
1999 5057 2065 5097 ac

489 5160 665 5215 nuper
694 5140 1012 5205 seducebat,
1044 5153 1109 5194 ac
1130 5136 1467 5207 deccptionis
1497 5141 1614 5191 erat
1643 5135 1921 5206 magister,
1948 5133 2066 5203 qui-

489 5250 598 5307 que
627 5234 684 5288 in
713 5231 891 5288 oculis
923 5229 1169 5286 omnium
1202 5227 1407 5283 nostris
1436 5234 1738 5282 extremum
1761 5224 1910 5280 dedit
1934 5238 2065 5294 sup-

490 5327 737 5398 plicium,
770 5324 872 5395 ipsi
907 5322 1226 5394 planissime
1250 5317 1786 5390 evquisitissimeque
1818 5314 2061 5370 omnium

490 5418 766 5479 novimus,
801 5424 1007 5488 utpote,
1038 5416 1134 5486 qui
1173 5421 1228 5470 et
1256 5410 1534 5482 discipuli,
1560 5420 1616 5464 et
1650 5408 1798 5463 illius
1834 5421 2065 5462 arcano-

489 5520 614 5566 rum
661 5508 868 5565 conscii
919 5507 1224 5563 fuerimus:
1257 5504 1457 5576 dignus
1490 5501 1581 5558 ille
1625 5499 1845 5571 quidem
1882 5498 2063 5569 aliqua

488 5600 838 5660 veneratione
876 5615 905 5655 a
933 5599 1121 5656 multis
1158 5598 1505 5665 censebatur,
1536 5595 1632 5654 sed
1664 5601 1844 5651 tamen
1883 5594 2064 5650 omnis

2165 4490 2389 4563 ὒώμεθα
2412 4493 2541 4566 περί⁵
2564 4492 2731 4546 αὐτοῦ
2762 4493 3051 4565 σύμφωνον
3081 4493 3392 4566 ἐξενεγκεῖν
3414 4495 3494 4560 εἰς
3528 4491 3709 4550 πάντας

2167 4582 2486 4657 ἀνθρώπους
2527 4584 2755 4659 πλάνην,
2802 4587 2896 4641 καὶ
2926 4586 3174 4659 λέγωμεν
3223 4587 3525 4661 ἑωρακέναι
3567 4581 3708 4638 αὑτὸν

2165 4675 2384 4746 τυφλοῖς
2410 4676 2471 4730 τὸ
2493 4676 2708 4748 βλέπειν
2732 4680 3148 4752 κεχαρισμένον,
3173 4680 3203 4734 δ
3231 4680 3406 4744 οὐδείς
3435 4678 3547 4733 ποθ’
3574 4671 3708 4747 ἡμῶν

2168 4767 2420 4839 ἰστόρησε
2437 4785 2451 4798 ·
2485 4769 2581 4825 καὶ
2608 4772 2813 4840 κωφοῖς
2838 4771 2937 4842 τὴν
2962 4770 3132 4843 ἀκοὴν
3161 4772 3484 4842 παρασχεῖν,
3510 4767 3539 4821 ὃ
3559 4762 3707 4824 οὐδείς

2167 4860 2286 4913 ποθ’
2314 4859 2472 4931 ἡμῶν
2518 4860 2746 4931 ἥκουσεο
2788 4861 3020 4933 λεπρούς
3060 4879 3121 4916 τε
3156 4861 3476 4935 καθαρίσαι,
3516 4859 3602 4913 καί
3633 4870 3705 4909 νε-

2166 4951 2332 5024 κροὺς
2356 4953 2564 5025 ἐγεῖραι
2582 4969 2597 4984 ·
2628 4954 2723 5008 καὶ
2752 4953 3052 5026 συλλήϐδην
3074 4955 3272 5021 εἰπεῖν,
3299 4952 3338 5008 ἀ
3366 4954 3501 5025 μήτε
3521 4949 3706 5019 εἴδομεν

2165 5045 2303 5116 πρὸς
2334 5044 2498 5099 αὐτοῦ
2543 5046 2872 5119 πραχθέντα,
2917 5049 3054 5119 μήτε
3105 5046 3423 5119 ¹ἢκούσαμεν
3452 5041 3703 5115 λεχθέντα.

2163 5137 2334 5192 ταῦτα
2365 5138 2442 5203 ὡς
2475 5137 2692 5210 άληθῶς
2723 5138 3087 5211 πεπραγμένα
3124 5136 3534 5209 διατεινὼμεθα.
3586 5128 3703 5185 Ἀλλ’

2164 5231 2285 5284 ἐπεὶ
2327 5231 2420 5285 καὶ
2461 5232 2495 5301 ὴ
2540 5229 2743 5302 ἐσχάτη
2776 5231 2941 5285 αὑτοῦ
2981 5231 3205 5304 τελευτὴ
3256 5229 3569 5303 περιϐόητον
3596 5223 3704 5291 ἔσχε

2168 5324 2264 5374 καὶ
2318 5320 2548 5392 διαφανῆ
2597 5320 2688 5374 τὸν
2733 5320 2981 5385 θάνατον,
3031 5322 3110 5387 ὼς
3153 5322 3230 5393 μὴ
3278 5320 3532 5376 δύνασθαι
3563 5312 3706 5371 αὐτὸν

2170 5409 2595 5481 ἐπικρύψασθαι,
2632 5410 2769 5465 ἀλλά
2809 5411 2903 5465 καὶ
2935 5410 3124 5466 τοῦτον
3164 5412 3325 5482 ἡμεῖς
3365 5407 3705 5481 ἀδιατρέπτως

2170 5502 2538 5575 ἐπιλυώμεθα,
2569 5504 2969 5578 μαρτυροῦντες
2991 5500 3051 5559 εὖ
3095 5504 3241 5577 μάλα
3271 5501 3517 5566 ἀναιδῶς,
3549 5500 3625 5552 ὅτι
3648 5493 3707 5562 δὴ

2174 5596 2335 5649 πᾶσιν
2368 5596 2501 5667 ἡμῖν
2539 5595 2679 5668 μετά
2718 5597 2778 5651 τὸ
2816 5597 2879 5652 ἐκ
2919 5594 3129 5669 νεκρῶν
3174 5594 3467 5651 ἀναϐιῶναι
3511 5584 3708 5657 συνετά·

3850 5456 3853 5487 i

3846 5552 3854 5591 ἰ
