3930 6202
276 193 388 249 9.05

1199 192 1853 250 DEMONSTRATIONIS
1893 188 2348 251 EVANGELlC/E
2391 196 2516 252 LIB.
2556 193 2645 253 Ill.

3424 198 3531 256 9.06

279 327 421 373 νετο,
454 310 640 374 ἑστίας
658 328 717 364 τε
744 311 838 366 καὶ
857 311 1060 383 τροφῆς
1092 314 1351 384 συνήθους
1376 312 1718 384 ἐκοινώνησε.
1746 314 1845 365 Φυ-

1956 312 2103 367 illius
2157 329 2311 369 mens
2366 324 2502 379 erat,
2541 324 2599 368 ut
2643 315 2791 368 omni
2837 328 3018 370 rerum
3064 329 3259 388 genere
3302 328 3527 372 cancros

274 401 558 455 λαττέσθω
584 402 630 455 δ’
670 405 806 475 ἡμῖν
834 407 964 458 πᾶσι
996 406 1055 457 τὸ
1093 406 1304 470 ἀναιδὲς
1334 407 1426 461 καὶ
1472 407 1850 477 ἀδιάτρεπτον,

274 494 491 564 μενέτω
512 493 567 546 δὲ
597 493 851 559 ἔκστασις
886 496 1044 569 μέχρι
1077 496 1308 551 θανάτου
1329 514 1342 527 ·
1383 499 1437 550 τί
1467 499 1574 569 γάρ
1608 499 1701 552 καλ⁸
1734 498 1854 550 ἄτοο

274 604 376 639 πον
411 586 552 657 ὑπὲρ
576 586 672 639 τοῦ
703 588 929 657 μηδενὸς
963 588 1356 660 ἀποθνήσκειν;
1386 590 1523 643 τίδὲ
1556 590 1650 644 καὶ
1672 590 1849 650 λυπεῖ,

275 676 507 748 μηδενὸς
540 677 760 745 εὐλόγου
788 679 967 751 χάριν,
995 682 1265 751 μάστιγας
1294 682 1386 736 καὶ
1417 681 1683 752 βασάνους
1713 681 1852 734 κατά

268 769 369 822 τοῦ
400 770 651 841 σώματος
678 772 894 841 λαϐεῖνς
924 777 972 827 εί
998 775 1053 829 δὲ
1079 776 1189 829 δέοι
1213 777 1303 829 καὶ
1325 777 1714 847 δεσμωτηρίων
1742 792 1851 827 πει-

270 862 497 933 ρᾶσθαι,
528 864 761 934 ἀτιμιῶν
798 883 856 918 τε
906 867 998 919 καὶ
1041 867 1249 939 ὕϐρεων
1284 869 1424 939 ὑπὲρ
1465 867 1677 931 οὐδενὸς
1721 868 1853 938 ἀλη-

268 968 420 1033 θοῦς,
455 971 546 1023 καὶ
579 969 725 1023 τοῦθ’
758 972 890 1042 ἡμῖν
922 973 1020 1045 ἤδη
1060 974 1463 1047 μεμελετήσθω.
1509 972 1852 1043 Ψευδώμεθα

267 1061 339 1132 δὴ
375 1063 573 1125 πάντες
602 1061 737 1133 ὁμοῦ
771 1064 1099 1134 συμφώνως,
1129 1066 1221 1119 καὶ
1248 1064 1613 1137 πλαττὼμεθα
1654 1066 1740 1117 ἐπ’
1769 1065 1851 1118 οὐ·

266 1163 421 1228 δενὸς
474 1165 737 1235 ὠφελείᾳ,
782 1164 894 1217 οὗθ’
931 1167 1123 1239 ἡμῶν,
1156 1168 1278 1222 οῦτε
1310 1169 1416 1222 τῶν
1456 1168 1847 1239 ἁπατωμένων,

267 1256 392 1309 οὐδὲ
421 1256 525 1326 μὴν
551 1257 715 1310 αὐτοῦ
743 1256 835 1310 τοῦ
862 1259 928 1312 τὰ
951 1260 1122 1331 ψευδῆ
1150 1261 1281 1334 πρὸς
1315 1261 1471 1332 ἡμῶν
1502 1262 1850 1332 ἐκθειάζομέ-

268 1365 388 1402 νου.
440 1349 712 1421 Τείνωμεν
748 1351 813 1427 δὲ
859 1354 920 1405 τὸ
971 1352 1183 1423 ψεῦδος,
1236 1354 1310 1426 μὴ
1349 1356 1441 1408 ἐπὶ
1484 1357 1678 1426 μόνους
1724 1358 1849 1418 τοὺς

268 1442 568 1511 ὁμοεθνεῖς,
604 1444 739 1498 ἀλλά
771 1444 864 1499 καὶ
896 1447 977 1511 εἰς
1019 1449 1224 1512 πάντας
1258 1448 1609 1521 προελθόντες
1643 1446 1849 1519 ἀνθρώ-

271 1551 434 1598 πους,
476 1536 566 1589 καὶ
606 1538 899 1607 σύμπασαν
927 1539 1024 1609 τὴν
1053 1542 1380 1611 οἰκουμένην
1411 1540 1848 1611 καταπλήσωμεν

268 1630 381 1683 τῶν
440 1630 564 1701 περὶ
609 1629 773 1684 αὐτοῦ
822 1632 1237 1702 συντιθεμένων.
1293 1632 1428 1704 Ἤδη
1484 1632 1540 1685 δὲ
1602 1631 1847 1685 ἐντεῦθεν

270 1722 654 1793 νομοθετῶμεν
688 1725 820 1777 πᾶσι
860 1724 1223 1788 τοῖςηὲθνεσιν
1256 1725 1587 1797 ἀντίστροφα
1630 1728 1750 1788 ταῖς
1787 1723 1848 1790 ἐξ

271 1817 467 1880 αἰῶνος
492 1820 618 1889 παρ’
654 1818 835 1881 αὐτοῖς
865 1819 993 1888 περὶ
1022 1818 1131 1872 τῶν
1159 1820 1426 1892 πατρῴων
1471 1819 1607 1874 θεῶν
1644 1818 1841 1883 δόξαις.

271 1921 597 1992 Κελεύωμεν
635 1922 925 1993 Ῥωμαίοις
966 1923 1149 1987 αὐτοῖς
1181 1924 1464 1995 πρώτιστα
1503 1924 1722 1978 πάντων
1767 1924 1845 1995 μὴ

272 2014 454 2067 σέϐειν
482 2013 576 2077 οὓς
618 2014 845 2084 ἡγοῦντο
877 2013 1032 2077 θεοὺς
1062 2018 1109 2068 οί
1152 2018 1513 2087 προπάτορες.
1550 2017 1847 2088 Παρίωμεν

266 2105 325 2159 δὲ
356 2106 454 2159 καὶ
490 2105 584 2158 ἐπὶ
613 2106 710 2176 τὴν
746 2105 989 2171 Ἐλλάδα,
1032 2107 1128 2160 καὶ
1159 2111 1271 2170 τοῖς
1306 2107 1506 2161 τούτων
1548 2111 1730 2177 σοφοῖς
1755 2109 1847 2161 ἀν-

266 2199 715 2271 τικηρυττωμεν·
789 2200 909 2270 μηδ’
974 2201 1301 2268 Αἰγυπτίους
1371 2201 1614 2272 ἀνῶμεν,
1691 2201 1846 2255 πολε-

272 2290 467 2361 μῶμεν
520 2290 578 2344 δὲ
635 2290 894 2354 καὶτοὺς
955 2292 1160 2346 τούτων
1222 2291 1409 2356 θεοὺς,
1477 2293 1551 2364 μὴ
1608 2293 1675 2347 τὰ
1720 2294 1849 2366 Mur-

272 2385 411 2446 σέως
448 2382 683 2455 πρόσθεν
732 2387 852 2437 κατ’
895 2385 1072 2438 αὐτῶν
1119 2386 1383 2456 γενόμενα
1423 2387 1843 2456 ἀνατεινάμενοι,

268 2477 360 2529 τὸν
402 2475 457 2528 δὲ
490 2476 583 2529 τοῦ
615 2477 882 2548 ἡμετέρου
910 2478 1225 2531 διδασκάλου
1273 2477 1521 2541 θάνατον,
1564 2478 1752 2550 ὥσπερ
1793 2497 1845 2531 τι

272 2568 563 2638 φόϐητρον,
590 2569 774 2631 αὐτοῖς
809 2569 1234 2633 ἀντιτάττοντεςσ
1272 2572 1365 2622 καὶ
1393 2570 1490 2640 τὴν
1525 2572 1617 2622 ἀπ’
1652 2570 1845 2634 αἰῶνος

271 2659 331 2723 ἐξ
358 2658 538 2712 αὐτῶν
574 2660 655 2721 είς
694 2661 899 2723 πάντας
942 2659 1260 2731 ἀνθρώπους
1305 2661 1672 2732 προελθοῦσαν
1720 2664 1846 2732 περὶ

271 2751 412 2805 θεῶν
455 2753 663 2824 φήμην,
706 2752 782 2823 μὴ
828 2754 1115 2823 ῥηματίοις
1154 2756 1247 2808 καὶ
1281 2755 1482 2822 λόγοις,
1523 2755 1746 2825 δυνάμει
1790 2756 1845 2808 δὲ

270 2844 367 2897 τοῦ
390 2845 792 2916 παυρωθέντος
817 2846 1134 2900 διδασκάλου
1161 2847 1534 2917 καταλυωμεν.
1572 2848 1845 2919 Ἀπίωμεν

271 2937 367 2989 καὶ
404 2937 498 2989 ἐπὶ
534 2938 632 3008 τὴν
670 2936 836 3006 ἄλλην
878 2938 1150 3011 βάρϐαρον
1180 2940 1302 3010 γῆν,
1332 2942 1425 2994 καὶ
1455 2942 1522 2995 τά
1556 2941 1705 3012 παρὰ
1736 2944 1846 3005 τοῖς

271 3029 443 3081 πᾶσιν
491 3030 899 3100 ἀνατρέπωμεν.
955 3030 1290 3103 Προθυμίαις
1347 3033 1403 3086 δὲ
1456 3033 1643 3104 μηδεὶς
1689 3033 1846 3106 ἡμῶν
1874 3048 1916 3105 C

272 3118 574 3173 λειπέσθω·
602 3120 721 3174 οὗτε
750 3124 859 3194 γάρ
884 3123 1075 3195 μικρὸς
1097 3125 1122 3177 ὁ
1142 3120 1302 3188 ἆθλος
1329 3125 1437 3178 τῶν
1462 3125 1843 3197 τολμωμένων,

278 3212 411 3264 ἐπεὶ
437 3211 511 3281 μὴ
535 3212 599 3265 τὰ
624 3216 850 3284 τυχόντα
882 3215 1109 3286 βραϐεῖα
1137 3218 1283 3287 ἡμᾶς
1309 3217 1607 3285 ἐκδέξεται,
1642 3217 1756 3272 ἀλλ’
1789 3220 1845 3272 αἱ

278 3300 396 3353 ἀπὸ
428 3302 532 3354 τῶν
565 3307 688 3374 παρ’
716 3307 988 3371 ἑκάστοις,
1022 3308 1099 3371 ὼς
1130 3308 1309 3371 εἰκὸς,
1354 3310 1531 3380 νόμων
1561 3311 1844 3383 τιμωρίαι,

273 3391 455 3463 δεσμὰ
482 3394 673 3467 δηλαδὴ
716 3396 1068 3469 καῖ’βάσανοι
1101 3401 1197 3453 καὶ
1231 3401 1492 3470 φυλακαὶ,
1523 3402 1635 3475 πῦρ
1665 3421 1722 3456 τε
1754 3405 1847 3458 καὶ

278 3485 516 3557 σίδηρος,
548 3490 641 3542 καὶ
668 3491 910 3561 σταυροὶ,
939 3494 1034 3545 καὶ
1061 3492 1250 3564 θῆρες,
1278 3486 1352 3548 ὧν
1378 3495 1611 3564 μάλιστα
1644 3496 1848 3569 προθυ-

274 3594 497 3664 μητέον,
533 3597 774 3662 καὶτοῖς
814 3602 1003 3664 κακοῖς
1030 3601 1196 3671 ὁμόσε
1234 3603 1506 3673 χωρητέον
1542 3604 1847 3675 ὑπόδειγμα

270 3685 368 3737 τδν
407 3685 723 3741 διδάσκαλον
767 3690 1138 3761 κεκτημένοις.
1171 3691 1235 3743 Τί
1268 3693 1375 3762 γὰρ
1408 3691 1612 3745 τούτων
1648 3693 1845 3761 γένοιτ’

266 3777 343 3831 ἂν
392 3779 629 3842 κάλλιον,
670 3780 896 3852 ἐχθροὺς
936 3785 1028 3836 καὶ
1076 3783 1218 3847 θεοῖς
1258 3786 1352 3846 καὶ
1396 3784 1705 3857 ἀνθρώποις
1755 3786 1843 3839 ἐπ’

266 3867 452 3921 οὐδενὶ
511 3869 655 3940 λόγῳ
720 3872 1055 3943 καταστῆναι
1113 3876 1209 3928 καὶ
1248 3879 1454 3945 μήποτε
1498 3875 1653 3946 ἡδέος
1712 3877 1846 3930 ἀπο-

268 3958 467 4013 λαῦσαί
496 3979 660 4026 τινος,
692 3964 827 4034 μήτε
853 3963 962 4017 τῶν
986 3965 1251 4034 φιλτάτων
1277 3967 1522 4032 ὄνασθαι,
1548 3971 1685 4041 μήτε
1713 3987 1845 4041 χρη-

226 4128 231 4133 ,
277 4050 465 4120 μάτων
496 4056 696 4123 τυχεῖν,
726 4058 861 4126 μήτε
889 4058 1035 4121 τινὸς
1064 4059 1269 4127 ἀγαθοῦ
1296 4061 1356 4113 τὸ
1380 4063 1635 4133 παράπαν
1658 4063 1843 4117 ἐλπίδα

271 4144 599 4213 κτήσασθαι,
621 4146 743 4216 είκῆ
762 4148 819 4200 δὲ
842 4150 936 4202 καὶ
964 4148 1139 4223 μάτην
1165 4152 1467 4207 πλανᾶσθαι
1493 4155 1586 4208 καὶ
1616 4155 1841 4227 πλανᾷνς

272 4233 451 4287 Τοῦτο
479 4234 587 4306 γάρ
617 4233 685 4307 ἦν
707 4237 768 4290 τὸ
798 4240 1095 4314 συμφέρον,
1130 4240 1223 4295 καὶ
1258 4243 1319 4295 τὸ
1347 4244 1605 4315 φέρεσθαι
1632 4246 1837 4311 ἐξεναν-

270 4340 398 4405 τίας
428 4344 558 4395 πᾶσι
580 4347 691 4407 τοῖς
711 4344 907 4411 ἔθνεσι,
939 4346 1033 4399 καὶ
1053 4346 1114 4399 τὸ
1141 4347 1282 4411 θεοῖς
1304 4349 1404 4418 μὲν
1422 4352 1535 4413 τοῖς
1564 4352 1623 4415 ἐξ
1651 4351 1843 4416 αἰῶνος

275 4435 429 4506 παρά
483 4438 647 4489 πᾶσιν
700 4438 1143 4512 ὡμολογημένοις
1186 4442 1462 4512 πολεμεῖν,
1528 4443 1617 4496 τὸν
1657 4444 1703 4495 δ’
1752 4446 1843 4499 ὑπ’

276 4527 573 4599 ὀφθαλμοῖς
616 4529 771 4601 ημῶν
800 4533 981 4587 αὐτῶν
1009 4533 1343 4596 διδάσκαλον,
1380 4535 1513 4589 Θεὸν
1560 4532 1719 4598 εἶναι,
1751 4538 1844 4590 καὶ

273 4617 412 4672 Θεοῦ
442 4621 603 4674 παῖδα
631 4622 941 4695 κηρύττειν,
992 4626 1131 4697 ὑπὲρ
1164 4622 1224 4680 οὗ
1252 4628 1343 4680 καὶ
1371 4628 1567 4691 αὐτοὺς
1593 4627 1843 4700 θνήσκειν

278 4709 528 4780 ἑτοίμους
565 4706 724 4777 εἶναι,
759 4714 926 4784 μηδὲν
954 4714 1151 4787 ἀληθὲς
1177 4717 1306 4790 παρ’
1347 4717 1511 4771 αὐτοῦ
1543 4718 1666 4790 μηδ’
1702 4719 1843 4788 ὠφέ-

274 4801 433 4875 λιμον
464 4804 869 4877 μεμαθηκότας.
907 4809 1087 4879 Ταύτῃ
1122 4811 1165 4863 δ’
1196 4807 1289 4864 οὖν
1320 4814 1412 4865 καὶ
1456 4813 1653 4883 μᾶλλον
1684 4833 1844 4887 τιμη-

273 4910 399 4964 τέον
423 4910 605 4975 αὐτὸν,
641 4914 690 4965 εί
725 4913 889 4983 μηδὲν
925 4916 1071 4985 ἡμᾶς
1102 4914 1298 4986 ὢνησε,
1336 4917 1515 4971 πάντα
1544 4936 1601 4971 τε
1645 4921 1737 4972 ἐπὶ
1766 4919 1843 4989 τῷ

272 5002 494 5068 δοξάσαι
522 5003 684 5058 αὑτοῦ
712 5007 810 5077 τὴν
840 5008 1207 5078 προσηγορίαν
1234 5011 1501 5080 ποιητέον,
1534 5012 1626 5065 καὶ
1663 5014 1844 5076 πάσας

274 5095 461 5169 ὕϐρεις
494 5098 586 5150 καὶ
615 5100 881 5171 τιμωρίας
915 5102 1299 5175 ὁπομενητὲον,
1338 5106 1515 5159 πάντα
1546 5123 1604 5159 τε
1643 5108 1841 5179 τρόπον

270 5189 593 5244 ἀναδεκτέον
629 5190 880 5258 θανάτου,
927 5195 1065 5269 ὑπὲρ
1105 5197 1331 5268 μηδενὸς
1368 5197 1615 5269 ἀληθοῦς.
1658 5199 1841 5252 Κακὸν

268 5282 381 5354 γάρ
411 5283 541 5348 ἴσως
584 5286 828 5357 ἀλήθεια,
866 5289 927 5342 τδ
966 5289 1024 5343 δὲ
1067 5290 1259 5360 ψεῦδος
1298 5290 1409 5362 ἔχει
1442 5291 1535 5345 τοῦ
1572 5292 1743 5347 κακοῦ
1779 5294 1841 5345 τὸ

266 5376 540 5430 ἐναντίον·
572 5378 653 5431 διὸ
684 5379 964 5451 λέγωμεν,
999 5383 1085 5434 ὅτι
1117 5383 1209 5435 καὶ
1239 5385 1464 5455 νεκροὺς
1498 5385 1709 5457 ἤγειρε,
1745 5388 1839 5440 καὶ

265 5469 506 5542 λεπροὺς
533 5473 845 5547 ὲκαθάρισε,
871 5477 963 5529 καὶ
985 5476 1239 5547 δαίμονας
1264 5479 1450 5549 ἤλασε,
1483 5480 1576 5532 καὶ
1606 5480 1714 5532 τῶν
1746 5479 1839 5533 ἄλ-

263 5561 373 5614 λων
417 5564 732 5634 παραδόξων
776 5565 949 5637 ἕργων
991 5568 1179 5635 γέγονε
1228 5570 1477 5640 ποιητὴς,
1528 5570 1694 5641 μηδὲν
1742 5570 1839 5640 μὲν

262 5655 506 5710 τοιοῦτον
556 5658 702 5729 αὐτῷ
742 5662 1156 5729 συνεγνωκότες,
1193 5663 1400 5726 ἑαυτοῖς
1453 5663 1507 5716 δὲ
1558 5665 1623 5717 τά
1666 5663 1840 5717 πάντα.

1956 413 2258 476 superaret,
2306 421 2370 461 ac
2408 422 2476 462 ne
2521 423 2776 478 magnum
2826 408 3043 478 quidem
3096 423 3321 479 prorsus
3368 410 3530 480 quid-

1954 514 2116 570 quam
2162 499 2261 559 illi,
2296 507 2389 553 aut
2438 500 2611 555 reditu
2649 501 2704 555 in
2747 502 2911 555 vitam
2947 501 3169 572 dignum
3209 509 3392 557 actum
3420 512 3527 561 est.

1954 588 2062 645 nisi
2092 589 2215 659 quis
2254 588 2395 644 dolis
2434 590 2693 659 omnique
2734 592 3084 647 simulatione
3115 592 3348 648 refertos
3379 594 3527 648 illius

1961 682 2168 737 referat
2243 697 2467 746 mores,
2524 691 2579 737 et
2648 685 2794 754 quod
2853 686 3002 754 ipsos
3059 698 3160 738 nos
3199 700 3360 739 usum
3402 702 3529 741 ver--

1954 774 2243 838 sutiarum,
2296 776 2623 845 inanemque
2666 775 2987 846 iactantiam
3038 791 3136 846 per
3186 776 3431 831 fraudem
3465 794 3528 832 ac

1954 867 2138 921 dolum
2164 867 2432 922 docuerit.
2466 867 2737 934 Quocirca
2774 868 2989 933 demus,
3020 884 3226 939 quaeso,
3256 870 3399 926 inter
3426 887 3529 928 nos

1953 957 2195 1024 dextras,
2229 959 2501 1029 simulque
2537 975 2727 1014 omnes
2759 960 2937 1016 fmdus
2964 962 3329 1031 paciscamur,
3364 972 3425 1018 ut
3458 966 3527 1019 de

1953 1047 2046 1101 illo
2073 1048 2125 1101 in
2157 1057 2384 1103 cunctos
2415 1049 2663 1104 homines
2688 1050 3062 1120 deceptionem
3086 1067 3385 1109 consonam
3409 1071 3529 1124 pro-

1953 1137 2625 1211 fcramus,narremusque
2655 1141 2857 1197 vidisse
2886 1158 2988 1199 nos
3023 1144 3173 1198 illum
3205 1146 3334 1200 dum
3365 1148 3525 1202 caecis

1950 1230 2126 1285 visum
2162 1231 2476 1301 largiretur,
2512 1232 2728 1287 tametsi
2773 1232 2959 1288 nullus
2991 1248 3233 1304 unquam
3272 1243 3524 1290 nostrum

1951 1322 2055 1377 hoc
2095 1323 2247 1387 vidit,
2283 1334 2334 1378 et
2371 1325 2498 1377 dum
2544 1326 2727 1380 surdis
2774 1325 3017 1380 auditum
3052 1327 3339 1397 praeberet,
3379 1326 3528 1397 quod

1950 1416 2168 1486 quidem
2219 1418 2401 1473 nullus
2447 1434 2685 1488 unquam
2739 1427 2986 1474 nostrum
3039 1420 3268 1484 audivit,
3299 1430 3354 1477 et
3394 1423 3527 1475 dum

1952 1509 2195 1579 leprosos
2230 1518 2505 1580 purgaret,
2525 1519 2879 1582 mortuosque
2906 1514 2974 1568 ad
2998 1513 3164 1567 vitam
3191 1514 3526 1570 restitueret.

1950 1601 2192 1673 Denique
2221 1619 2282 1658 ea
2315 1619 2437 1673 quae
2476 1620 2651 1674 neque
2680 1603 2819 1659 facta
2859 1607 2927 1660 ab
2970 1605 3064 1660 illo
3099 1606 3375 1670 novimus,
3415 1622 3529 1661 ne-

1881 1686 1922 1740 Β
1948 1710 2053 1765 que
2078 1696 2223 1748 dicta
2253 1695 2584 1760 audivimus,
2609 1704 2868 1768 tanquam
2892 1713 3020 1753 vero
3049 1707 3201 1769 gesta
3228 1699 3528 1754 contenda-

1950 1801 2093 1841 mus.
2155 1784 2353 1841 Verum
2406 1788 2666 1856 quoniam
2722 1797 3027 1844 extremum
3082 1791 3232 1846 illius
3284 1799 3524 1862 tempus,

1947 1878 2213 1933 celebrem
2266 1879 2455 1933 habuit
2482 1889 2535 1935 et
2564 1880 2912 1950 perspicuum
2944 1881 3246 1946 interitum,
3284 1891 3343 1937 ut
3379 1899 3531 1939 nus-

1947 1985 2110 2039 quam
2152 1971 2220 2024 ab
2260 1971 2351 2024 illo
2383 1971 2647 2026 occultari
2679 1973 2940 2042 potuerit,
2985 1988 3087 2028 nos
3141 1973 3271 2029 huic
3306 1989 3529 2046 quoque

1948 2061 2295 2116 incommodo
2326 2071 2472 2117 recta
2511 2071 2797 2133 pergentes
2837 2078 3225 2132 occurramus;
3260 2065 3526 2122 testiﬁce-

1948 2169 2178 2222 murque
2230 2155 2389 2223 plane
2444 2155 2580 2209 bene
2622 2154 2986 2226 impudenter,
3021 2156 3175 2210 illum
3231 2166 3527 2227 postquam

1952 2245 2111 2318 114
2142 2262 2170 2299 a
2205 2254 2379 2301 morte
2408 2246 2476 2300 ad
2505 2247 2669 2300 vitam
2698 2247 2939 2309 redierit,
2977 2248 3119 2303 inter
3143 2262 3243 2304 nos
3267 2264 3389 2304 esse
3410 2264 3528 2302 ver-

1946 2347 2148 2402 satum,
2200 2338 2491 2410 locumque
2546 2346 2600 2394 et
2644 2339 2831 2394 cibum
2862 2350 3185 2396 consuetum
3236 2340 3525 2396 nobiscum

1947 2446 2265 2501 usurpasse.
2310 2432 2681 2487 Conservetur
2730 2440 2909 2487 autem
2956 2433 3027 2487 ab
3076 2432 3332 2488 omnibus
3364 2433 3526 2489 nobis

1946 2522 2298 2592 impudentiae
2372 2522 2942 2592 immutabilitati’sque
2982 2531 3159 2587 tenor,
3204 2530 3259 2581 et
3294 2514 3527 2580 maneat

1948 2614 2063 2667 haec
2096 2615 2293 2669 mentis
2324 2614 2579 2669 alienatio
2613 2630 2786 2683 usque
2820 2614 2888 2668 ad
2922 2624 3183 2680 mortem;
3216 2616 3348 2687 quid
3376 2618 3524 2673 enim

1947 2703 2168 2757 absurdi
2202 2704 2360 2759 habet
2389 2719 2486 2773 pro
2519 2703 2693 2758 nihilo
2723 2705 2884 2770 mori,
2914 2713 3008 2759 aut
3048 2705 3179 2775 quid
3213 2709 3525 2776 quempiam

1945 2794 2201 2861 oﬂ'endat,
2217 2796 2362 2850 nulla
2393 2796 2661 2865 probabili
2688 2812 2875 2860 causa,
2896 2798 3121 2853 verbera
3143 2807 3526 2871 tormentaque

1946 2888 2003 2942 in
2033 2903 2281 2959 corpore,
2312 2897 2366 2944 et
2416 2889 2461 2944 si
2510 2903 2649 2960 opus
2698 2888 2791 2951 sit,
2827 2889 3047 2944 vincula
3072 2906 3289 2962 quoque
3317 2901 3369 2948 et
3401 2908 3527 2947 car-

1948 2996 2121 3045 ceres,
2148 2997 2248 3037 ncc
2283 2997 2392 3037 non
2426 2981 2789 3037 contumelias
2808 2990 2863 3037 et
2905 2984 3107 3052 probra
3142 2986 3346 3041 nullius
3384 3001 3527 3042 vera:

1951 3074 2028 3129 rei
2069 3074 2241 3145 gratia
2289 3074 2564 3143 experiri?
2607 3073 2719 3129 Hoc
2758 3072 2923 3144 igitur
2948 3075 3060 3143 jam
3101 3091 3247 3131 nunc
3294 3078 3526 3133 medite-

1951 3182 2093 3233 mur,
2143 3167 2581 3238 mentiamurquc
2630 3183 2824 3223 omnes
2857 3183 2967 3222 uno
3000 3183 3116 3231 ore,
3148 3178 3202 3223 et
3257 3169 3524 3243 tingamus

1949 3274 2035 3326 ea,
2065 3275 2187 3329 qua:
2239 3275 2415 3330 neque
2448 3260 2614 3315 alicui
2665 3268 2918 3316 nostrum
2973 3263 3126 3316 utilia
3169 3262 3352 3317 futura
3388 3266 3524 3328 sint,

1948 3370 2125 3424 neque
2174 3354 2335 3409 alicui
2384 3370 2574 3410 eorum
2632 3371 2773 3426 quos
2827 3357 3186 3426 decipiemus,
3227 3372 3292 3412 ac
3337 3374 3405 3414 ne
3444 3360 3526 3413 illi

1948 3446 2167 3516 quidem
2218 3448 2311 3516 qui
2357 3461 2387 3500 a
2436 3447 2597 3503 nobis
2654 3448 2943 3504 mendacio
2993 3452 3295 3507 extollitur.
3336 3460 3390 3505 et
3424 3468 3524 3524 pro

1950 3537 2059 3593 Deo
2087 3537 2522 3593 commendatur.
2555 3539 2725 3595 Porro
2752 3549 2933 3596 autem
2963 3544 3307 3599 mendacium
3344 3545 3526 3600 inten-

1948 3629 2146 3684 damus
2200 3644 2310 3683 non
2372 3629 2535 3684 modo
2578 3632 2633 3684 in
2675 3642 2879 3687 nostra:
2912 3636 3086 3703 gentis
3126 3636 3395 3700 homines,
3425 3638 3521 3693 sed

1949 3723 2004 3777 in
2045 3738 2207 3778 omne
2252 3722 2477 3778 omnino
2530 3722 2815 3779 hominum
2861 3739 3054 3795 genus,
3099 3735 3384 3797 totumque
3429 3746 3525 3782 or-

1946 3817 2069 3871 bem
2121 3824 2393 3872 terrarum
2417 3817 2523 3873 hoc
2547 3831 2758 3881 errore,
2794 3818 2971 3887 iisque
3008 3836 3129 3890 qua:
3153 3821 3218 3876 de
3248 3822 3342 3875 illo
3377 3822 3521 3877 inter

1947 3925 2049 3964 nos
2093 3911 2505 3981 composuimus
2563 3911 2909 3981 impleamus.
2970 3911 3197 3983 Jamque
3261 3914 3521 3984 deinceps

1946 4004 2092 4074 leges
2122 4004 2259 4059 alias
2283 4004 2499 4059 cunctis
2516 4004 2771 4076 gentibus
2804 4006 3167 4075 imponamus,
3186 4021 3307 4075 qua:
3328 4021 3520 4061 omnes

1945 4093 2190 4148 omnium
2236 4094 2303 4149 de
2354 4094 2551 4164 patriis
2599 4093 2844 4165 ipsorum
2883 4095 2993 4152 diis
3022 4097 3312 4165 opiniones
3346 4112 3521 4167 oppu-

1947 4196 2113 4257 gnent
2146 4196 2310 4259 atque
2358 4194 2629 4252 evertant,
2669 4204 3028 4259 quascunque
3056 4205 3085 4242 a
3130 4188 3351 4243 condito
3405 4203 3521 4242 :evo

1948 4280 2259 4344 habuerint,
2286 4280 2728 4351 imperemusque
2744 4281 2935 4350 primis
2961 4280 3205 4335 omnium
3235 4279 3519 4340 Romanis,

1877 4390 1919 4444 [ι
1950 4387 2018 4426 ne
2068 4372 2251 4426 colant
2302 4388 2441 4443 quos
2489 4373 2725 4442 majores
2775 4373 3020 4442 ipsorum
3084 4371 3219 4429 deos
3274 4372 3523 4427 arbitrati

1950 4469 2099 4515 sunt.
2133 4460 2191 4515 In
2233 4460 2498 4517 Grzeciam
2537 4479 2756 4534 quoque
2802 4471 3172 4535 penetremus,
3212 4474 3265 4520 et
3304 4466 3524 4535 sapien-

1946 4553 2093 4608 tibus
2131 4554 2220 4624 qul
2249 4555 2357 4609 illic
2390 4563 2517 4610 sunt
2546 4558 2817 4612 contraria
2853 4559 3067 4627 publice
3096 4558 3420 4621 doceamus,
3456 4573 3523 4611 at;

1946 4661 2015 4699 ne
2042 4645 2328 4718 {Egyptios
2358 4649 2579 4718 quidem
2604 4649 2948 4716 omittamus,
2980 4650 3074 4707 scd
3114 4651 3355 4721 ipsorum
3381 4663 3523 4721 quo-

1948 4754 2052 4808 que
2087 4740 2220 4795 deos
2274 4743 2481 4811 patrios
2519 4758 2918 4814 oppugnemus.
2967 4759 3077 4798 non
3126 4741 3363 4798 Mosaica
3405 4755 3519 4794 am-

1946 4832 2088 4901 piius
2121 4849 2242 4902 qua:
2278 4835 2408 4886 olim
2455 4835 2597 4905 apud
2634 4835 2757 4889 illos
2800 4844 2952 4907 gesta
2987 4845 3115 4891 sunt
3154 4834 3520 4905 proferentes.

1947 4929 2040 4982 sed
2077 4927 2249 4981 nostri
2282 4927 2633 4996 praeceptoris
2688 4926 2967 4981 interitum
3000 4926 3110 4980 illis
3154 4925 3314 4995 quasi
3347 4925 3517 4995 quod-

1945 5022 2069 5075 dam
2125 5020 2335 5090 insigne
2373 5020 2599 5074 terroris
2638 5019 2980 5087 objicientes.
3015 5017 3146 5083 Qua:
3174 5031 3305 5071 vero
3333 5018 3520 5087 opinio

1945 5120 1999 5166 et
2024 5111 2163 5165 fama
2193 5111 2261 5164 ab
2285 5109 2439 5164 initio
2469 5111 2539 5164 ab
2575 5108 2707 5172 illis,
2732 5109 2799 5163 ad
2834 5124 3027 5162 omnes
3053 5106 3301 5161 homines
3325 5106 3392 5159 de
3414 5106 3522 5159 dtis

1945 5205 2212 5276 pervenit,
2244 5204 2383 5257 hanc
2419 5218 2519 5258 nos
2550 5219 2658 5256 non
2690 5203 2899 5256 voculis
2934 5197 3263 5269 quibusdam
3303 5205 3397 5251 aut
3430 5212 3522 5250 ra-

1944 5298 2206 5360 tionibus,
2256 5296 2350 5351 sed
2405 5295 2757 5366 prmeeptoris
2813 5291 3060 5347 cruciﬁxi
3108 5290 3161 5343 vi
3216 5290 3517 5345 diluamus.

1943 5387 2362 5459 Progrediamur
2404 5402 2532 5442 vero
2578 5386 2742 5441 etiam
2790 5386 2843 5437 in
2897 5384 3165 5453 reliquam
3222 5382 3515 5438 barbaram

1945 5488 2173 5543 terram,
2212 5488 2266 5534 et
2292 5496 2412 5549 qum
2448 5477 2587 5549 apud
2645 5491 2837 5531 omnes
2887 5475 3105 5530 decreta
3136 5485 3269 5531 sunt
3305 5486 3521 5532 everta-

1944 5586 2068 5624 mus
2104 5588 2119 5624 :
2157 5586 2331 5640 neque
2359 5585 2487 5625 vero
2527 5569 2817 5639 quisquam
2851 5576 3098 5621 noStrum
3136 5567 3305 5623 animi
3340 5568 3524 5623 inten-

1945 5666 2150 5720 tionem
2202 5665 2465 5720 remittat.
2492 5659 2615 5718 Non
2663 5662 2808 5717 enim
2861 5661 3116 5732 exiguum
3160 5670 3256 5717 aut
3292 5673 3523 5735 parvum
