3930 6202
411 210 516 269 207

413 445 574 502 gares
612 445 714 485 nos
747 443 846 498 pro
878 427 1043 480 tantis
1076 428 1467 483 certaminibus
1497 437 1718 482 manent
1739 442 1976 488 corona}.

415 517 510 575 sed
563 532 682 588 qua:
722 514 989 586 supplicia
1022 515 1278 570 videlicet
1304 516 1574 586 alegibus
1595 518 1841 572 omnium
1879 519 1982 573 ho-

1077 213 1342 272 EUSEBH
1387 211 1860 269 CzESARlENSlS
1897 214 2046 270 OPP.
2084 216 2262 270 PARS
2298 216 2364 272 ιι.
2405 220 2973 279 -—APOLOGETICA.

415 341 518 393 riet
553 335 715 406 hujus
759 334 997 390 audacia:
1050 335 1353 404 praemium,
1404 333 1671 404 siquidem
1715 350 1824 389 non
1867 335 1988 389 vul-
2012 368 2057 426 Α

3543 227 3653 282 208

2092 335 2467 408 πλαττόμενοι,
2503 341 2595 392 καὶ
2626 340 2933 406 πλανῶντες
2970 344 3068 414 μὲν
3093 342 3186 408 οὓς
3223 343 3474 398 δυνατόν’
3514 347 3561 398 εί
3593 346 3653 400 δὲ

2091 427 2164 499 μὴ
2190 426 2427 482 πείθοιτό
2451 447 2551 494 τις,
2576 431 2689 483 ἀλλ’
2712 433 2859 485 αὐτοί
2879 450 2963 501 γε,
2995 435 3133 507 ὑπὲρ
3148 427 3221 488 ὧν
3250 434 3651 506 συντεθείμεθα,

2091 519 2382 591 τάπίχειρα
2412 520 2511 591 τῆς
2544 521 2751 593 πλάνης
2782 523 2902 577 καθ’
2938 526 3144 578 ἑαυτῶν
3177 525 3545 597 ἐφελκόμενοι.

410 609 642 672 minum,
669 614 726 660 ut
756 621 854 677 par
881 616 987 672 est,
1012 607 1517 666 contradicentibus
1556 609 1804 680 injuncta
1832 617 1983 674 sunt,
2019 609 2234 664 vincula
2267 613 2494 680 scilicet,
2527 621 2816 682 tormenta,
2883 630 3133 671 carceres
3168 634 3181 669 :
3217 630 3424 670 necnon
3489 616 3652 686 ignis.

407 711 464 759 et
515 702 743 764 ferrum,
783 708 837 754 et
897 715 1112 764 cruces,
1148 709 1202 755 et
1259 701 1450 756 bellum
1486 721 1499 757 :
1535 702 1603 757 ad
1651 718 1771 773 qua:
1801 704 1984 758 omnia
2022 705 2428 774 promptissimo
2489 706 2672 760 animo
2693 714 2778 762 est
2805 707 3194 771 accedendum,
3245 706 3421 776 iisque
3441 705 3653 759 obviam

407 796 566 851 malis
589 797 827 851 eundum
887 795 1178 865 intrepide,
1219 811 1341 867 qua:
1375 795 1772 869 praeceptorem
1805 807 2052 854 nostrum
2093 799 2251 854 nobis
2276 815 2375 870 pro
2391 801 2636 871 exemplo
2667 809 2963 856 ostentant.
2991 799 3132 866 Quid
3160 799 3304 856 enim
3337 799 3654 870 pulchrius,

405 904 568 960 quam
601 889 750 943 nulla
783 891 992 944 ratione
1014 896 1068 945 et
1093 889 1200 944 diis
1228 898 1282 944 et
1312 890 1626 946 hominibus
1675 891 1791 946 ﬁeri
1856 891 2134 958 inimicos;
2170 907 2346 963 neque
2392 892 2500 946 ulla
2562 908 2803 964 unquam
2852 909 3078 963 prorsus
3134 892 3239 947 frui
3287 873 3652 962 jucunditate,

410 981 568 1053 115
599 996 773 1050 neque
821 980 1161 1036 charissimis
1216 978 1381 1035 rebus
1438 980 1744 1046 obiectari,
1796 995 1973 1050 neque
2009 995 2328 1051 comparare
2363 982 2643 1052 pecunias,
2678 998 2780 1038 nec
2812 983 2978 1039 ullius
3035 997 3262 1054 prorsus
3306 982 3436 1038 boni
3500 995 3652 1050 spem

405 1076 510 1133 sibi
541 1075 806 1144 reliquam
837 1072 1014 1128 facere
1048 1092 1062 1128 :
1097 1081 1300 1128 temere
1357 1079 1536 1127 autem
1568 1079 1624 1127 et
1655 1072 1895 1128 inaniter
1959 1088 2144 1128 errare
2184 1088 2250 1129 ac
2294 1073 2584 1144 decipere?
2628 1073 2745 1130 Hoc
2795 1075 2942 1130 enim
2988 1076 3322 1146 praecipuum
3385 1082 3469 1130 est
3505 1072 3654 1144 quod

404 1179 712 1242 spectemus
740 1187 752 1223 :
780 1182 842 1222 ac
869 1175 1126 1238 praeterea
1161 1168 1414 1222 omnibus
1475 1167 1784 1224 nationibus
1847 1167 2147 1232 adversari,
2183 1177 2240 1224 et
2283 1167 2436 1234 deos,
2467 1170 2561 1240 qui
2597 1184 2628 1224 a
2669 1170 2893 1226 condito
2939 1185 3054 1226 aevo
3087 1170 3230 1241 apud
3286 1184 3478 1224 omnes
3532 1182 3656 1223 cer-

403 1265 603 1322 tissimi
646 1264 816 1320 habiti
851 1272 978 1320 sunt
1011 1278 1344 1334 oppugnare.
1394 1261 1786 1333 Prmceptorem
1823 1279 1973 1328 vero,
2029 1279 2192 1336 quem
2241 1266 2416 1320 oculis
2465 1267 2673 1321 nostris
2735 1267 3003 1337 supplicio
3054 1267 3188 1321 allici
3246 1267 3505 1330 vidimus,
3553 1278 3654 1334 pro

405 1355 517 1412 Deo
546 1365 601 1412 et
631 1369 728 1424 pro
762 1354 857 1408 Dei
897 1352 1036 1408 Filio
1064 1353 1378 1422 praedicare.
1411 1350 1518 1406 Pro
1561 1368 1666 1422 quo
1696 1360 1750 1407 et
1801 1354 1902 1424 ipsi
1934 1356 2071 1410 mori
2108 1356 2280 1426 parati
2321 1357 2512 1420 simus,
2545 1358 2760 1412 tametsi
2809 1359 2879 1412 ab
2924 1358 3016 1412 illo
3074 1375 3249 1428 neque
3305 1361 3420 1414 veri
3477 1373 3654 1426 neque

404 1448 556 1504 utilis
588 1455 681 1501 aut
703 1443 976 1501 commodi
1013 1445 1307 1515 quidquam
1341 1442 1654 1498 didicimus.
1681 1441 1796 1499 Hoc
1827 1446 1972 1500 enim
2011 1446 2128 1515 ipso
2159 1447 2248 1502 ille
2275 1448 2446 1518 pluris
2475 1457 2560 1504 est
2591 1448 2892 1514 faciendus,
2924 1448 3067 1518 quod
3123 1448 3260 1502 nihil
3319 1447 3479 1503 nobis
3521 1463 3654 1519 pro-

404 1540 588 1597 fuerit.
643 1537 838 1594 Omnia
869 1552 1000 1592 vero
1043 1537 1203 1591 nobis
1251 1535 1499 1590 facienda
1549 1543 1698 1601 sunt,
1744 1545 1802 1590 ut
1860 1536 2004 1592 illius
2068 1553 2265 1594 nomen
2331 1542 2540 1596 illustre
2615 1542 3020 1611 gloriosuinque
3094 1541 3405 1597 reddamus.
3456 1541 3652 1598 Omnia

403 1641 624 1712 probra,
659 1637 841 1691 omnia
891 1634 1156 1704 supplicia
1190 1633 1430 1700 ferenda,
1497 1649 1656 1689 omne
1699 1649 1870 1704 genus
1901 1635 2094 1691 mortis
2138 1636 2479 1691 snbeundum
2510 1651 2606 1708 pro
2649 1651 2713 1691 ea
2750 1650 2828 1700 re,
2865 1651 2986 1706 qua:
3015 1635 3163 1690 milia
3223 1636 3278 1690 in
3321 1645 3474 1706 parte
3522 1651 3652 1690 vera

403 1742 508 1792 cst.
568 1731 777 1786 Malum
823 1730 968 1786 enim
1014 1727 1248 1784 forsitan
1295 1729 1522 1792 veritas,
1586 1737 1639 1783 et
1701 1729 1829 1782 mali
1894 1731 2227 1784 contrarium
2284 1731 2339 1785 in
2405 1730 2689 1785 mendacio
2739 1749 2752 1786 :
2807 1720 2974 1800 quare
3025 1727 3352 1784 allirmemus
3398 1727 3548 1782 illum
3597 1737 3652 1783 et

403 1836 650 1880 mortuos
700 1824 994 1886 excitasse,
1045 1829 1098 1876 et
1140 1821 1388 1891 leprosos
1457 1836 1754 1892 purgasse,
1825 1830 1880 1877 et
1943 1822 2218 1878 daemonas
2249 1824 2494 1893 ejccisse,
2536 1830 2590 1878 et
2627 1824 2731 1877 alia
2777 1820 3142 1886 incredibilia,
3203 1835 3528 1892 omnemque
3584 1821 3651 1876 li-

402 1920 524 1977 dem
556 1919 868 1991 superantia
894 1917 1114 1981 fecisse,
1143 1931 1375 1986 quarum
1405 1915 1625 1986 quidem
1671 1931 1854 1971 rerum
1913 1917 2128 1972 nullius
2175 1917 2248 1971 illi
2298 1935 2399 1974 nos
2453 1918 2661 1973 conscii
2727 1933 2938 1983 sumus,
3005 1917 3100 1973 sed
3145 1917 3410 1971 arbitratu
3461 1927 3652 1973 nostro

403 2027 600 2070 cuncta
655 2010 924 2084 ﬁngentes
957 2030 969 2064 :
999 2018 1055 2066 et
1087 2009 1423 2079 decipiemus
1451 2007 1666 2078 quidem
1702 2024 1840 2079 quos
1879 2025 2193 2080 possumus,
2239 2011 2285 2066 si
2321 2013 2407 2066 cui
2439 2028 2566 2067 vero
2591 2028 2699 2067 non
2727 2012 3182 2082 persuaserimus,
3241 2020 3356 2065 tum
3395 2011 3498 2083 ipsi
3551 2028 3651 2084 pro

404 2114 473 2171 iis
503 2103 624 2185 qua:
658 2113 796 2166 inter
825 2124 924 2164 nos
955 2106 1366 2176 composuimus
1397 2104 1603 2160 erroris
1632 2105 1960 2171 mercedem,
2005 2106 2268 2164 adversus
2303 2124 2403 2163 nos
2427 2108 2580 2178 ipsos
2614 2109 2916 2163 eliciamus.

475 2205 816 2260 Videnturne
855 2201 948 2256 tibi
989 2198 1271 2254 credibilia
1311 2197 1448 2261 haec,
1483 2206 1577 2252 aut
1625 2197 1722 2253 ulli
1759 2214 1885 2254 vero
1913 2199 1985 2253 si-
2015 2215 2058 2269 Β

401 2299 598 2354 milia?
637 2295 903 2368 ignobiles
949 2293 1308 2362 vulgaresque
1357 2291 1626 2354 homines,
1685 2298 1975 2361 postquam

403 2393 530 2447 talia
557 2389 834 2451 ﬁnxerint,
865 2394 1030 2455 atque
1058 2386 1199 2439 inter
1233 2400 1291 2438 se
1321 2380 1750 2452 composuerint,
1785 2381 1979 2436 Roma-

405 2500 535 2540 num
571 2484 856 2554 imperium
908 2476 1212 2534 invasisse?
1244 2484 1337 2530 aut
1366 2476 1661 2530 humanam
1702 2482 1975 2538 naturam,

403 2589 524 2646 qua:
575 2574 701 2626 vita:
753 2585 997 2625 amorem
1054 2584 1117 2622 ac
1181 2566 1420 2621 studium
1476 2565 1632 2634 quasi
1697 2567 1979 2635 proprium

403 2665 665 2736 quiddam
711 2663 973 2732 possidet,
1024 2659 1266 2728 potuisse
1299 2672 1538 2727 unquam
1578 2657 1688 2710 ulla
1732 2657 1979 2712 mercede

401 2755 772 2812 voluntarium
805 2753 992 2809 subire
1025 2751 1326 2815 interitum,
1359 2747 1816 2820 quemadmodum
1855 2746 1978 2802 Sal-

403 2849 608 2906 vatoris
648 2845 822 2902 nostri
853 2844 1105 2916 discipuli
1139 2843 1404 2914 potuere?
1447 2841 1598 2908 Quos
1634 2840 1714 2895 sic
1757 2839 1977 2910 quidem

402 2956 468 3001 eo
493 2940 734 3011 stuporis
763 2938 978 2993 venisse
1007 2936 1220 3000 credas,
1252 2942 1312 2988 ut
1338 2949 1462 2988 cum
1493 2933 1562 2988 ab
1590 2933 1684 2987 illo
1725 2931 1858 2986 nihil
1887 2930 1975 2985 di-

401 3049 572 3106 gnum
607 3030 968 3086 admiratione
1001 3035 1211 3099 gestum
1257 3027 1616 3096 inspexerint,
1653 3025 1756 3094 ipsi
1799 3035 1976 3080 tamen

408 3143 477 3182 ex
527 3122 830 3194 composito
879 3130 1076 3176 cuncta
1131 3119 1251 3189 ejus
1303 3119 1518 3190 generis
1577 3117 1980 3173 confinxerint?

403 3217 599 3274 deinde
637 3217 798 3287 nugis
837 3213 1160 3285 quibusdam
1199 3211 1266 3267 de
1308 3212 1398 3265 illo
1431 3211 1751 3282 corrogatis,
1783 3226 1882 3282 pro
1910 3209 1977 3266 iis

401 3324 566 3366 omne
597 3322 769 3380 genus
796 3305 989 3358 mortis
1030 3302 1218 3358 subire
1245 3301 1441 3372 parati,
1479 3301 1825 3372 protnptique
1863 3299 1978 3355 fueo

401 3403 552 3458 rint?
574 3409 633 3456 tu
657 3414 785 3454 vero
816 3395 946 3467 quid
975 3395 1056 3451 ais
1107 3385 1326 3450 tandem
1359 3393 1620 3450 adversus
1641 3393 1756 3448 haec
1774 3393 1797 3446 ?
1817 3391 1978 3448 Nem-

405 3510 476 3566 pe
538 3493 665 3547 illos
699 3505 874 3560 neque
923 3487 1174 3558 opinatos
1232 3484 1435 3551 fuisse,
1490 3499 1666 3554 neque
1725 3497 1976 3554 sperasse

2155 2195 2302 2270 'Apa't
2327 2219 2407 2254 σοι
2435 2197 2634 2254 πιθανά
2659 2199 2829 2254 ταῦτα
2853 2200 2884 2271 ἢ
2914 2200 3008 2254 καὶ
3035 2199 3270 2272 ἀληθοῦς
3294 2199 3527 2273 ἐχόμενα
3563 2203 3650 2257 λό-

2078 2309 2198 2361 γου,
2231 2291 2305 2354 ὡς
2348 2291 2417 2344 τὰ
2453 2291 2675 2346 τοιαῦτα
2707 2291 3041 2362 πλασάμενοι
3073 2292 3169 2345 καὶ
3203 2293 3512 2364 συνθέμενοι
3548 2297 3648 2349 ἀλ-

2085 2382 2266 2453 λήλοις
2282 2383 2516 2446 εὐτελεῖς
2539 2383 2730 2454 ἄνδρες
2756 2383 2848 2435 καὶ
2882 2381 3106 2445 ἰδιῶται,
3124 2383 3400 2454 παρῄεσαν
3426 2385 3518 2436 ἐπὶ
3543 2385 3643 2458 τὴν

2089 2475 2372 2545 Ῥωμαίων
2399 2476 2593 2546 ἀρχήν;
2614 2475 2646 2546 ἢ
2678 2474 2752 2538 ὡς
2775 2474 3082 2546 ἀνθρωπεία
3100 2475 3281 2543 φύσις,
3300 2475 3361 2529 τὸ
3385 2473 3644 2542 φιλόζωον

2079 2568 2274 2620 οἰκεῖον
2307 2568 2638 2638 κεκτημένη,
2670 2566 2868 2620 δύναιτ’
2897 2566 2960 2621 ἄν
2992 2567 3110 2619 ποθ’
3134 2568 3271 2639 ὑπὲρ
3294 2565 3388 2620 τοῦ
3423 2549 3648 2638 μηδενὸς

2079 2657 2395 2729 αὐθαίρετον
2419 2659 2702 2728 ὑπομεῖναι
2724 2656 3014 2728 τελευτὴν;
3041 2656 3074 2727 ἦ
3103 2656 3178 2720 ὡς
3205 2662 3255 2710 οἱ
3279 2657 3372 2711 τοῦ
3398 2657 3649 2729 Σωτῆρος

2079 2749 2234 2822 ἡμῶν
2280 2750 2518 2820 μαθηταὶ
2567 2751 2646 2812 είς
2692 2748 2959 2819 τοσαύτην
3003 2747 3306 2820 ὑπερϐολὴν
3352 2748 3648 2820 ὲκπληξίας

2079 2842 2303 2914 ἧλασαν,
2331 2843 2406 2906 ὡς
2442 2842 2605 2914 μηδὲν
2630 2842 2728 2912 μὲν
2760 2843 2852 2895 ὑπ’
2880 2839 3045 2895 αὺτοῦ
3073 2841 3374 2912 παράδοξον
3404 2830 3647 2914 πραχθὲν

2079 2935 2400 3006 ἑωρακέναι,
2431 2935 2626 3000 αὐτοὺς
2659 2935 2705 2989 δ’
2737 2937 2801 2988 ὲκ
2835 2933 3172 3006 συνθήματος
3203 2933 3338 3004 ὁμοῦ
3369 2934 3547 2988 πάντα
3578 2931 3650 2986 τὰ

2078 3027 2302 3081 τοιαῦτα
2359 3026 2694 3091 πεπλάσθαι,
2763 3026 2952 3081 ἔπειτα
3011 3027 3251 3098 ῥημάτια
3304 3026 3434 3098 περὶ
3481 3023 3646 3079 αὐτοῦ

2075 3121 2246 3192 ψευδῆ
2302 3118 2915 3193 σ’δνταξαμένους,ὑτὲρ
2966 3120 3169 3173 τούτων
3215 3119 3471 3189 θνήσκειν
3519 3118 3651 3172 ὐπο-

2083 3215 2263 3286 μένειν
2314 3214 2543 3286 ἑτοίμως
2598 3214 2774 3284 ἓχεινς
2831 3213 2988 3266 Ἀλλά
3035 3195 3270 3284 τίφῄςς
3312 3213 3384 3284 μὴ
3417 3212 3648 3284 προσδο-

2078 3308 2243 3378 κῆσαι
2280 3307 2474 3370 αὐτοὺς
2519 3305 2650 3377 μηδὲ
2694 3304 2909 3358 ἐλπίσαι
2957 3304 3124 3358 δεινόν
3167 3322 3218 3358 τι
3260 3303 3541 3358 πείσεσθαι
3579 3305 3646 3356 ἑκ

2076 3401 2175 3471 τῆς
2220 3399 2471 3470 περὶτοῦ
2516 3398 2688 3469 Ἰησοῦ
2727 3397 3046 3468 μαρτυρίας,
3099 3396 3178 3449 διὸ
3207 3397 3301 3450 καὶ
3341 3395 3513 3460 ἀδεῶς
3553 3394 3648 3448 ἐπὶ

2076 3493 2138 3546 τὸ
2163 3494 2292 3564 περὶ
2319 3491 2483 3544 αὑτοῦ
2527 3493 2786 3564 κήρυγμα
2829 3490 3143 3564 προελθεῖν;
3201 3489 3338 3542 Ἀλλ’
3369 3491 3467 3542 οὐκ
3498 3488 3648 3552 εἰκὸς

401 3585 702 3658 quidquam
734 3580 1005 3652 ejusmodi
1040 3577 1112 3632 ob
1139 3576 1670 3632 commendationem
1697 3573 1826 3629 Jesu
1856 3589 1969 3644 per-

2083 3575 2146 3652 ἦν
2186 3580 2482 3634 ἀπελπίσαι
2525 3579 2594 3634 τὰ
2625 3581 2800 3634 πάντα
2832 3582 2922 3634 ὑπ’
2955 3580 3134 3633 αὐτῶν
3169 3578 3472 3642 πείσεσθαι,
3517 3580 3649 3643 τοὺς

405 3691 687 3749 pessuros.
717 3673 899 3740 Quare
927 3681 1032 3726 tam
1068 3668 1336 3742 intrepide
1377 3668 1442 3724 ad
1481 3665 1880 3740 praedicandum
1909 3663 1978 3720 de

403 3771 497 3826 illo
541 3776 828 3842 provectos
880 3783 894 3820 :
945 3774 1000 3820 at
1045 3763 1186 3818 istuc
1226 3776 1464 3834 quonam
1509 3766 1670 3830 pacto
1712 3757 1978 3814 concede-

400 3860 534 3916 tur?
567 3860 691 3915 illos
720 3871 830 3914 non
856 3869 1108 3927 sperasse
1142 3868 1243 3924 pro
1270 3852 1362 3906 illo
1387 3866 1446 3906 se
1469 3850 1652 3904 omnia
1681 3847 1978 3921 passuros?

401 3953 583 4024 quiet
635 3949 777 4021 apud
829 3944 1128 4008 Romanos,
1162 3952 1217 3998 et
1271 3944 1415 4014 apud
1472 3939 1712 4003 Grzecos,
1748 3946 1803 3994 et
1832 3937 1977 4008 apud

401 4045 688 4106 barbaros,
721 4041 950 4096 deorum
977 4037 1315 4094 eversionem
1344 4041 1529 4090 essent
1561 4030 1867 4087 invecturi?
1909 4029 1978 4082 At

402 4137 548 4190 enim
575 4133 803 4188 historia
835 4145 958 4200 qua:
984 4132 1052 4184 de
1085 4128 1194 4182 illis
1219 4132 1417 4190 exstat,
1447 4131 1633 4194 aperte
1659 4124 1764 4178 hoc
1791 4122 1974 4186 habet,

407 4226 569 4295 116
598 4225 720 4279 illos
750 4230 874 4293 post
902 4217 1264 4290 Praeceptoris
1303 4217 1604 4279 interitum,
1644 4214 1714 4270 ab
1746 4213 1976 4269 insidia-

404 4316 618 4368 toribus
667 4309 994 4380 quihusdam
1028 4315 1218 4379 captos
1265 4305 1456 4370 fuisse,
1487 4312 1540 4358 et
1573 4305 1808 4376 primum
1855 4304 1978 4374 qui-

404 4405 527 4460 dem
571 4405 628 4458 in
664 4416 941 4456 carcerem
970 4400 1272 4470 conjectos,
1314 4395 1512 4453 deinde
1545 4411 1672 4451 vero
1696 4395 1974 4458 dimissos,

405 4503 520 4550 tum
551 4495 618 4548 iis
642 4494 965 4564 imperatum
995 4508 1063 4546 ne
1096 4490 1191 4545 ulli
1211 4490 1492 4545 hominum
1520 4488 1575 4542 in
1607 4487 1824 4543 nomine
1848 4487 1978 4542 Jesu

407 4589 781 4659 loquerentur.
838 4581 1036 4638 Postea
1086 4597 1214 4636 vero
1263 4597 1386 4637 cum
1439 4581 1517 4635 illi
1571 4580 1671 4636 hos
1714 4579 1978 4636 vidissent

405 4678 550 4748 aprd
580 4675 984 4731 multitudinem
1013 4675 1188 4744 palam
1222 4672 1290 4728 de
1315 4673 1408 4728 illo
1441 4673 1634 4728 iterum
1669 4672 1972 4742 loquentes,

405 4775 688 4836 correptos
728 4766 1104 4827 verberarunt,
1135 4779 1340 4834 eosque
1382 4763 1454 4818 ob
1487 4764 1748 4819 doctrina:
1807 4778 1977 4834 genus

405 4864 780 4926 mcreparunt.
817 4856 936 4922 Quo
973 4865 1217 4926 tempore
1259 4854 1511 4910 videlicet
1555 4871 1747 4924 rursus
1783 4856 1860 4910 illi
1891 4871 1977 4910 re-

2090 3673 2383 3743 Ῥωμαίοις
2431 3671 2566 3744 ὁμοῦ
2621 3673 2715 3726 καὶ
2765 3672 2990 3744 Ἕλλησι
3039 3673 3132 3726 καὶ
3175 3672 3468 3745 βαρϐάροις
3506 3670 3647 3724 θεῶν

2078 3763 2392 3836 ἀνατροπὴν
2432 3764 2935 3836 είσηγησαμένους;
2991 3765 3052 3818 'H
3097 3763 3154 3816 δέ
3186 3780 3249 3832 γε
3297 3765 3424 3833 περὶ
3465 3762 3647 3835 αὐτῶν

2079 3855 2287 3926 ἱστορία
2326 3854 2509 3923 σαφῶς
2536 3855 2823 3920 δείκνυσιν,
2861 3855 2937 3919 ὼς
2969 3854 3104 3926 μετά
3135 3853 3240 3926 τὴν
3270 3853 3364 3907 τοῦ
3395 3852 3650 3906 διδασκά-

2077 3946 2172 3999 λου
2219 3944 2470 4017 τελευτὴν
2517 3943 2788 3998 ἐπίϐουλοι
2830 3961 2996 4009 τινες,
3033 3943 3384 4007 συλλαϐόντες
3424 3944 3645 4008 αὐτοὺς,

2078 4037 2270 4111 πρῶτα
2301 4037 2399 4107 μὲν
2430 4036 2751 4108 παρέδωκαν
2781 4037 3016 4108 φυλακῇ,
3053 4035 3240 4088 ἔπειτα
3268 4033 3326 4088 δὲ
3347 4029 3645 4095 ἀπέλυσαν,

2081 4128 2545 4201 παραγγείλαντες
2582 4129 2770 4200 μηδενὶ
2815 4128 2995 4182 λαλεῖν
3058 4127 3152 4180 ἐπὶ
3185 4126 3265 4197 τῷ
3296 4127 3518 4197 ὀνόματι
3545 4124 3646 4178 τοῦ

2091 4215 2283 4287 Ἰησοῦ.
2317 4217 2540 4280 Γνόντες
2570 4215 2629 4270 δὲ
2666 4216 2862 4280 αὐτοὺς
2898 4215 3036 4287 μετά
3074 4214 3266 4279 ταῦτα,
3299 4214 3534 4285 δημοσία
3567 4215 3650 4286 τῷ

2079 4308 2272 4381 πλήθει
2310 4309 2376 4364 τὰ
2409 4311 2537 4380 περὶ
2575 4309 2737 4362 αὑτοῦ
2770 4309 3200 4380 διαλεγομένους,
3233 4308 3648 4379 ἀναρπάσαντες

2079 4401 2408 4471 ἐμάστιζον,
2457 4400 2816 4472 ἐπιτιμῶντες
2871 4403 2965 4455 ἐπὶ
3011 4403 3077 4472 τῇ
3124 4399 3460 4470 διδασκαλίᾳ.
3517 4401 3648 4453 “Urs

2078 4494 2397 4566 ἀποκριθεὶς
2429 4490 2584 4557 αὖθις
2611 4496 2796 4558 αὐτοῖς
2825 4496 2853 4546 ὁ
2888 4495 3093 4565 Πέτρος
3134 4489 3287 4547 εἶπεν
3307 4510 3320 4524 ⁸
3356 4513 3374 4544 ι
3413 4491 3649 4562 Πειθαρα

2077 4591 2193 4658 χείν
2229 4589 2310 4642 δεῖ
2345 4589 2463 4659 Θεῷ
2503 4587 2699 4658 μᾶλλον
2731 4588 2763 4659 ἦ
2795 4588 3120 4659 ἀνθρώποις.
3161 4607 3180 4640 ι
3212 4588 3365 4643 Μετὰ
3389 4587 3447 4640 δὲ
3474 4587 3650 4640 ταῦτα

2079 4681 2246 4746 λίθοις
2297 4681 2510 4752 βληθεὶς
2542 4683 2844 4752 ἀναιρεῖται
2889 4681 3176 4750 Στέφανος,
3224 4681 3317 4734 ἐπὶ
3361 4679 3456 4733 τοῦ
3511 4679 3648 4733 Ἰου-

2078 4775 2239 4828 δαίων
2265 4774 2500 4846 πλήθους
2532 4771 3067 4846 παρρησιασάμενος,
3101 4774 3195 4827 καὶ
3223 4773 3458 4843 διωγμὸς
3489 4772 3588 4842 οὐχ
3620 4774 3650 4824 ό

2077 4865 2256 4935 τυχὼν
2296 4864 2650 4919 ἐπανίσταται
2683 4866 2792 4928 τοῖς
2836 4863 3194 4936 πρεσϐεύουσι
3227 4864 3288 4917 τὸ
3314 4863 3407 4916 τοῦ
3469 4863 3648 4933 Ἰησοῦ

407 4950 686 5020 spondens
709 4948 906 5005 Petrus
949 4948 1085 5002 dixit
1113 4967 1124 5002 :
1159 4965 1178 4998 ι
1209 4945 1439 5002 Obedire
1467 4955 1682 5020 oportet
1727 4945 1836 5002 Deo
1866 4962 1979 5000 ma-

2083 4958 2270 5028 ὅνομα.
2303 4956 2414 5009 Καὶ
2458 4956 2618 5009 πάλιν
2657 4955 2842 5009 ἄλλοτε
2887 4956 3129 5028 Ἡρώδης
3171 4957 3198 5008 ό
3231 4956 3339 5008 τῶν
3384 4956 3650 5010 Ἰουδαίων

408 5044 491 5111 gis
520 5056 682 5110 quam
713 5039 1028 5094 hominibus
1058 5037 1125 5092 ⁸⁸.
1164 5054 1183 5087 ι
1220 5033 1376 5088 Haud
1415 5036 1488 5090 ita
1526 5037 1698 5090 multo
1745 5041 1868 5106 post
1898 5035 1977 5088 la-

409 5133 628 5203 pidibus
671 5133 873 5203 petitus
919 5129 1228 5202 Stephanus
1279 5129 1622 5193 interﬁcitur,
1670 5143 1794 5182 cum
1834 5127 1976 5198 apud

407 5225 723 5280 Judteorttm
764 5222 1166 5279 multitudinem
1213 5221 1482 5290 intrepide
1534 5221 1974 5283 concionaretur,

410 5326 573 5386 atque
625 5317 910 5372 insertatio
957 5331 1066 5370 non
1125 5314 1414 5369 mediocris
1445 5322 1561 5367 orta
1609 5323 1690 5368 est
1719 5313 1978 5368 adversus

412 5423 530 5472 eos,
559 5411 654 5479 qui
697 5425 896 5465 nomen
933 5407 1061 5464 Jesu
1095 5407 1308 5478 publice
1337 5405 1814 5462 commendabant.
1859 5406 1980 5459 Alio

413 5515 606 5558 rursus
649 5510 890 5572 tempore
939 5501 1208 5565 Herodes,
1239 5501 1333 5572 qui
1377 5498 1686 5554 Judaeorum
1719 5513 1814 5553 rex
1839 5505 1978 5562 erat,

409 5591 672 5650 Iacobum
728 5594 950 5649 fratrem
997 5595 1224 5652 Joannis
1260 5594 1479 5670 _occidit
1516 5592 1716 5665 gladio.
1757 5590 1976 5648 Petrum

480 5687 525 5719 ³⁸
558 5685 680 5741 Act.
715 5703 766 5756 γ,
791 5686 881 5740 9.9.

2084 5049 2335 5120 βασιλεὺς
2359 5048 2564 5102 ἀνεῖλεν
2597 5048 2685 5101 τὸν
2723 5048 2973 5102 Ἰάκωϐον
3003 5049 3090 5101 τὸν
3124 5047 3349 5118 ἀδελφὸν
3399 5047 3648 5100 Ἰωάννου

2087 5137 2348 5209 μαχαίρᾳ,
2376 5136 2467 5189 τόν
2495 5153 2552 5189 τε
2583 5136 2786 5206 Πέτρον
2816 5139 2844 5190 ὁ
2873 5137 3034 5200 αὐτὸς
3059 5136 3274 5207 δεσμοῖς
3307 5135 3646 5207 περιέϐαλεν,

2084 5228 2160 5290 ὡς
2188 5229 2244 5281 ὲν
2266 5229 2385 5291 ταῖς
2410 5227 2647 5298 Πράξεσι
2689 5226 2798 5280 τῶν
2835 5226 3144 5280 ἀποστόλων
3167 5226 3494 5297 γέγραπται.
3535 5223 3652 5276 Καὶ

2085 5317 2288 5372 τούτων
2315 5316 2485 5371 ταῦτα
2516 5317 2879 5383 πεπονθότων,
2908 5320 2956 5371 oi
2991 5317 3166 5371 λοιποὶ
3204 5315 3442 5387 μαθηταὶ
3479 5312 3654 5382 ἀπρὶξ

2085 5405 2330 5477 ἐχόμενοι
2361 5405 2452 5458 τοῦ
2497 5406 2693 5478 Ἰησοῦ,
2734 5406 3036 5478 παρέμενον
3067 5406 3144 5458 ἔτι
3172 5405 3369 5477 μᾶλλον
3400 5406 3479 5468 είς
3521 5403 3654 5457 πάν-

2085 5513 2182 5560 τας
2212 5497 2371 5550 αὐτόν
2403 5515 2459 5550 τε
2491 5500 2582 5552 καὶ
2625 5498 2723 5562 τὰς
2759 5497 3212 5570 παραδοξοποιίας
3243 5495 3404 5550 αὐτοῦ
3441 5511 3651 5563 καταγ-

2085 5589 2383 5658 γέλλοντες.
2426 5591 2548 5645 Ἐπὶ
2573 5591 2783 5655 τούτοις
2830 5589 3081 5654 Ἰάκωϐος
3105 5592 3133 5643 ό
3164 5587 3388 5659 ἀδελφὸς
3414 5585 3504 5640 τοῦ
3543 5585 3657 5640 Κυ-
