3930 6202
1199 292 1850 352 DEMONSTRATIONIS
1875 292 2331 352 EVANGELICE
2370 293 2499 349 LlB.
2540 292 2629 348 ill.

3410 294 3512 353 910

292 403 436 478 ρίου,
475 403 534 457 δν
563 405 615 457 οἱ
655 405 819 459 πάλαι
849 404 917 458 τὰ
953 404 1294 480 Ἱεροσόλυμα
1325 409 1598 477 οἰκοῦντες
1633 411 1848 466 ὲκάλουι

1959 427 2087 466 vero
2136 411 2190 464 in
2235 409 2450 464 vincula
2493 407 2744 477 conjecit,
2781 411 2840 461 ‘ut
2868 406 2920 460 in
2963 395 3120 461 Actis
3148 408 3514 478 apostolorum

286 500 499 554 δίκαιον
524 494 615 554 διὰ
644 495 712 548 τά
734 496 834 565 τῆς
858 497 1053 567 ἀρετῆς
1081 498 1542 571 πλεονεκτήματα,
1564 502 1858 574 ἐρωτηθεὶς

289 591 431 663 πρὸς
466 588 574 642 τῶν
616 588 913 660 ἀρχιερέων
956 588 1048 642 καὶ
1086 589 1417 645 διδασκάλων
1444 591 1537 644 τοῦ
1594 593 1858 648 Ἰουδαίων

286 682 498 745 ἔθνους,
526 679 645 732 τίνα
685 680 814 751 περὶ
851 679 944 731 τοῦ
983 681 1217 752 Χριστοῦ
1256 682 1369 752 ἔχοι
1407 682 1585 750 δόξαν,
1623 684 1857 739 κᾶπειτα

286 772 759 845 ἀποκρινάμενος,
796 770 876 823 ὅτι
917 772 1029 835 υίὸς
1063 772 1196 826 Θεοῦ
1229 775 1334 845 εἴη,
1368 774 1534 839 λίθοις
1570 777 1663 829 καὶ
1696 778 1856 843 αὐτὸς

284 866 428 939 πρὸς
471 865 650 919 αύτῶν
689 864 956 935 βάλλεται.
1000 865 1109 917 Καὶ
1152 865 1355 937 Πέτρος
1396 866 1452 920 δὲ
1500 868 1591 921 ἐπὶ
1642 868 1855 940 Ῥώμης

284 957 435 1013 κατά
471 956 712 1027 κεφαλῆς
746 955 1087 1028 σταυροῦται,
1122 957 1332 1021 Παῦλός
1368 976 1426 1012 τε
1470 961 1853 1031 ἀποτέμνεται,

299 1050 561 1121 Ἰωάννης
596 1056 669 1104 τε
701 1050 848 1119 νήσῳ
881 1050 1247 1122 παραδίδοται.
1288 1051 1398 1106 Καὶ
1441 1052 1643 1107 τούτων
1684 1054 1856 1109 ταῦτα

287 1141 596 1205 παθόντων,
628 1142 799 1205 οὐδεὶς
829 1126 941 1195 τῶν
959 1142 1160 1196 λοιπῶν
1184 1143 1374 1215 ἐξέστη
1403 1144 1503 1215 τῆς
1527 1145 1855 1215 προθέσεως,

282 1233 354 1286 δι’
384 1235 551 1303 εὐχῆς
576 1234 633 1287 δὲ
655 1234 921 1303 τιθέμενοι
950 1234 1043 1287 καλ⁵
1064 1235 1216 1287 αὐτοὶ
1241 1236 1347 1289 τῶν
1374 1237 1503 1291 ἴσων
1531 1241 1643 1301 τοῖς
1668 1255 1853 1309 προει-

291 1327 550 1397 ρημένοις
582 1328 679 1398 τῆς
722 1328 802 1390 είς
837 1326 898 1379 τὺ
944 1326 1096 1382 Θεῖον
1141 1327 1421 1392 εὐσεϐείας
1452 1329 1613 1382 ἕνεκα
1648 1332 1851 1399 τυχεῖν,

289 1417 371 1469 ἑτι
433 1416 630 1486 μᾶλλον
679 1417 756 1488 τῷ
810 1416 983 1489 Ἰησοῦ
1036 1419 1128 1471 καὶ
1166 1421 1274 1482 τοῖς
1315 1418 1635 1488 παραδόξοις
1677 1419 1854 1491 ἔργοις

290 1507 456 1560 αὐτοῦ
488 1506 624 1578 μετά
668 1508 975 1580 παρρησίας
1016 1509 1374 1580 ἐμαρτύρουν.
1415 1509 1523 1561 Kal.
1554 1510 1659 1582 μὴν
1696 1510 1854 1582 εἴπερ

288 1601 574 1672 ψεύσματα
623 1596 692 1673 ἦν
742 1600 884 1655 κατά
940 1601 1209 1673 συνθήκην
1248 1602 1428 1664 αὐτοῖς
1473 1601 1850 1673 πεπλασμένα,

289 1693 590 1764 θαυμάζειν
622 1693 793 1760 ἄξιον,
822 1680 969 1758 ὅπως
1002 1693 1222 1748 τοσοῦτο
1253 1694 1454 1765 πλῆθος
1494 1695 1594 1767 τὴν
1633 1712 1852 1766 συμφω-

286 1785 407 1840 νίαν
437 1786 532 1839 ἐπὶ
570 1789 681 1850 τοῖς
719 1786 997 1857 πλάσμασι
1028 1789 1119 1842 καὶ
1160 1789 1319 1860 μέχρι
1350 1787 1575 1841 θανάτου
1605 1788 1853 1857 διεφύλα-

286 1874 397 1942 ξεν,
440 1876 617 1940 οὐδείς
664 1894 725 1930 τε
773 1878 947 1931 αὐτῶν
1010 1878 1225 1934 πώποτε
1285 1879 1354 1933 τὰ
1408 1880 1688 1950 συμϐάντα
1742 1882 1853 1943 τοῖς

288 1964 761 2038 προανῃρημένοις
834 1967 1066 2038 τρέσας,
1142 1968 1332 2041 ἐξέστη
1405 1970 1503 2039 τῆς
1577 1970 1848 2041 ἑταιρίας,

281 2055 393 2109 οὐδ’
438 2055 772 2127 ἀντεκήρυξε
821 2060 931 2121 τοῖς
979 2058 1179 2122 ἄλλοις,
1236 2060 1316 2120 είς
1359 2059 1472 2130 φῶς
1523 2060 1741 2130 ἀγαγὼν
1784 2062 1850 2115 τὰ

282 2146 695 2215 συντεθειμένα.
768 2148 925 2200 Ἀλλά
967 2150 1060 2201 καὶ
1101 2152 1129 2202 ὁ
1178 2146 1354 2213 ζῶντα
1405 2150 1689 2222 προδοῦναι
1732 2153 1850 2205 τολ-

283 2237 468 2307 μήσας
511 2237 690 2301 αὑτὸν,
720 2237 1030 2310 αὐτοχειρίᾳ
1090 2238 1211 2292 καθ’
1267 2240 1457 2294 ἑαυτοῦ
1518 2242 1853 2313 παραχρῆμα

280 2326 380 2396 τὴν
408 2326 565 2397 δίκην
608 2328 974 2383 ἐπεσπάσατο.
1022 2330 1258 2383 Κάκεῖνο
1302 2330 1358 2383 δὲ
1402 2330 1516 2394 πῶς
1551 2333 1610 2384 ού
1658 2332 1851 2403 μεστὸν

278 2415 620 2487 ἐκπλήξεως,
664 2417 725 2470 τὸ
764 2417 993 2481 πλάνους
1033 2418 1231 2492 ἄνδρας
1272 2421 1365 2473 καὶ
1423 2419 1654 2485 ἰδιώτας,
1715 2423 1851 2495 μήτε

276 2506 486 2572 λαλεῖν,
524 2508 662 2578 μήτε
726 2508 941 2562 ἀκούειν
1000 2510 1156 2564 πλέον
1228 2513 1325 2582 τῆς
1387 2513 1615 2585 πατρίου
1670 2514 1852 2583 φωνῆς

280 2599 695 2668 ἐπισταμένους,
772 2600 846 2670 μὴ
922 2602 1099 2671 μόνον.
1153 2602 1496 2674 διανοηθῆναι
1584 2605 1850 2676 τολμῆσαι

282 2690 567 2760 προελθεῖν
624 2691 715 2745 ἐπὶ
757 2692 855 2763 τὴν
903 2693 1011 2745 τῶν
1060 2693 1226 2748 ἐθνῶν
1280 2696 1530 2749 ἁπάντων
1583 2698 1848 2766 περίοδον,

280 2776 420 2831 ἀλλὰ
505 2781 598 2832 καὶ
669 2780 1025 2851 προελθόντας
1107 2784 1445 2855 κατορθῶσαι
1530 2786 1591 2839 τὸ
1667 2788 1852 2857 ὲπιτή-

278 2867 458 2937 δευμα
483 2884 499 2933 ;
528 2868 732 2939 Σκέψαι
764 2870 819 2923 δὲ
860 2872 1038 2924 ὁποῖόν
1068 2874 1182 2925 ἐστι
1214 2874 1305 2927 καὶ
1345 2875 1403 2927 τὸ
1449 2876 1650 2947 μηδένα
1683 2876 1851 2948 μηδα-

286 2957 393 3028 μοῦ
420 2958 685 3029 διάφωνον
719 2961 1018 3030 ἐξενεγκεῖν
1053 2966 1177 3035 περὶ
1208 2965 1312 3017 τῶν
1339 2966 1588 3037 πράξεων
1612 2966 1705 3019 τοῦ
1742 2968 1845 3037 Ἰη-

1961 505 2222 575 scriptum
2252 509 2335 557 est
2372 501 2438 556 ⁸⁷.
2479 498 2542 553 Ει
2573 514 2695 553 cum
2726 499 2781 552 hi
2820 499 2949 552 talia
2976 500 3347 569 pertulissent,
3390 503 3517 557 reli-

1958 596 2051 667 qui
2083 594 2334 665 discipuli
2370 591 2810 647 constanlissime
2846 589 2977 645 Jesu
3020 606 3121 646 suo
3153 592 3514 660 adhaerentes,

1958 687 2115 757 longe
2140 685 2303 741 etiam
2327 682 2497 754 magis
2520 697 2682 752 quam
2714 690 2841 736 ante
2868 690 3282 752 perseverarunt
3310 682 3364 737 in
3394 699 3517 753 pro-

1957 778 2156 849 posito,
2192 776 2335 846 apud
2375 775 2659 830 universos
2690 773 2889 845 ubique
2918 780 2972 830 et
2996 775 3147 828 illum
3173 783 3226 836 et
3254 776 3517 830 miracula

1957 870 2101 924 illius
2149 868 2528 939 praedicantes.
2584 864 2777 922 Postea
2826 866 3062 923 Jacobus
3104 867 3271 924 frater
3305 867 3516 924 Domini

1956 960 2049 1030 qui
2074 960 2141 1013 ab
2163 960 2230 1014 iis
2257 959 2349 1029 qui
2380 959 2508 1013 olim
2541 955 2917 1030 Hierosolyma
2945 959 3273 1024 incolebant,
3305 959 3375 1014 ob
3400 959 3510 1013 vir-

1955 1049 2088 1105 tutis
2109 1045 2522 1106 excellentiaml
2531 1055 2685 1103 ustus
2706 1048 3025 1113 vocabatur,
3043 1061 3072 1102 a
3096 1049 3442 1119 pontificibus
3461 1055 3518 1106 et

1954 1138 2191 1194 Judaicaa
2223 1140 2398 1210 gentis
2425 1139 2700 1210 magistris
2738 1140 3127 1211 interrogatus,
3154 1142 3414 1211 quidnam
3448 1142 3517 1197 de

1953 1229 2081 1287 Jesu
2114 1232 2359 1294 sentiret,
2402 1246 2524 1285 cum
2555 1231 2711 1301 plane
2736 1230 2885 1285 illum
2926 1247 3050 1287 esse
3082 1231 3277 1287 Filium
3307 1232 3402 1288 Dei
3430 1250 3520 1289 reo

1956 1322 2287 1393 spondisset,
2332 1324 2447 1392 ipse
2474 1337 2691 1392 quoque
2732 1322 3001 1392 lapidibus
3054 1324 3123 1378 ab
3172 1324 3280 1379 illis
3319 1326 3519 1394 petitur

1956 1425 2117 1487 atque
2150 1413 2490 1471 interficitur.
2536 1413 2727 1469 Petrus
2774 1423 2952 1469 autem
3002 1413 3184 1470 Romae
3236 1417 3412 1486 capite
3461 1419 3517 1473 in

1953 1519 2151 1565 terram
2192 1523 2351 1564 verso
2386 1507 2535 1563 cruci
2568 1505 2818 1576 alligitur.
2852 1506 3021 1561 Paulo
3061 1524 3190 1563 vero
3221 1516 3384 1580 caput
3422 1510 3522 1565 ab-

1954 1601 2242 1664 scinditur,
2283 1608 2336 1655 et
2365 1597 2603 1654 Joannes
2643 1598 2697 1652 in
2737 1598 2970 1665 insulam
3004 1600 3295 1670 relegatur.
3344 1600 3519 1671 [lique

1955 1706 2076 1747 cum
2104 1692 2232 1745 talia
2259 1692 2404 1761 passi
2438 1697 2641 1755 essent,
2673 1689 2854 1745 nullus
2885 1691 3217 1762 reliquorum
3254 1692 3321 1747 ab
3346 1693 3520 1747 inccn-

1953 1790 2046 1852 pto
2074 1781 2302 1837 destitit.
2335 1781 2479 1848 Quin
2528 1782 2690 1837 etiam
2721 1782 2860 1836 votis
2890 1783 3264 1853 unusquisque
3295 1791 3516 1854 expete-

1953 1873 2065 1939 bat,
2101 1873 2317 1943 pietatis
2381 1873 2659 1943 divinique
2697 1872 2878 1927 cultus
2926 1874 3120 1944 gratia,
3153 1872 3256 1928 sibi
3300 1889 3518 1944 quoque

1953 1964 2155 2033 aliquid
2192 1965 2296 2019 tale
2317 1964 2649 2035 contingere.
2670 1963 2788 2030 Quo
2810 1965 2972 2019 etiam
2996 1966 3338 2020 constantius
3354 1973 3517 2036 atque

1952 2057 2232 2111 ardentius
2280 2064 2333 2111 et
2383 2056 2486 2126 ipsi
2516 2056 2666 2121 Jesu,
2702 2065 2756 2110 et
2808 2054 3221 2112 admirabilibus
3269 2057 3515 2126 ejusdem

1952 2147 2118 2218 gestis
2163 2148 2534 2202 testimonium
2581 2147 2895 2203 all‘erebant.
2952 2146 3106 2213 Quod
3144 2149 3188 2203 si
3235 2149 3518 2204 mendacia

1952 2240 2067 2295 haec
2097 2249 2253 2294 erant
2292 2255 2411 2309 qum
2458 2239 2534 2293 illi
2562 2254 2626 2293 cx
2663 2239 2965 2308 composito
2999 2238 3300 2302 ﬁnxissent,
3336 2254 3515 2309 opera:

1952 2333 2183 2402 pretium
2216 2332 2320 2387 erit
2349 2330 2628 2397 admirari,
2655 2346 2892 2401 quonam
2923 2337 3083 2400 pacto
3114 2338 3296 2385 tantus
3326 2346 3519 2386 nume-

1951 2440 2069 2488 rus,
2103 2439 2432 2479 consensum
2461 2424 2611 2477 illum
2649 2423 2790 2478 inter
2815 2438 2875 2477 se
2920 2423 2976 2476 in
3019 2423 3184 2477 rebus
3222 2422 3381 2490 lictis,
3433 2424 3518 2479 vel

1954 2533 2125 2588 usque
2151 2516 2218 2571 ad
2257 2528 2482 2572 mortem
2518 2516 2837 2581 servaverit,
2880 2531 3055 2585 neque
3078 2515 3221 2570 ullus
3250 2530 3512 2585 unquam,

1951 2623 2136 2662 earum
2164 2623 2346 2662 rerum
2373 2606 2663 2662 formidine
2689 2620 2811 2676 qua:
2839 2605 2967 2669 illis,
3014 2606 3106 2675 qui
3137 2606 3289 2676 prius
3314 2606 3516 2661 sublati

1950 2709 2106 2755 erant
2132 2699 2479 2763 accidissent,
2509 2713 2539 2752 a
2571 2699 2833 2753 societate
2874 2697 3183 2765 desciverit,
3225 2715 3400 2769 neque
3429 2715 3517 2754 re-

1950 2792 2115 2862 liquis
2148 2793 2362 2862 publice
2386 2792 2800 2859 contradixerit,
2834 2794 3068 2863 prodens
3112 2807 3177 2849 ea
3205 2809 3326 2863 qua:
3375 2794 3517 2849 inter

1951 2883 2101 2954 ipsos
2125 2885 2581 2954 composuissent.
2608 2885 2747 2951 Quin
2765 2893 2818 2939 ct
2837 2901 2977 2939 unus
2993 2900 3203 2949 eorum,
3224 2885 3314 2954 qui
3332 2885 3514 2939 vivum

1953 2984 2339 3045 praeceptorem
2384 2975 2611 3044 prodere
2642 2990 2809 3030 ausus
2839 2984 2943 3038 est,
2981 2976 3126 3029 illico
3154 2991 3372 3030 manum
3409 2975 3513 3029 sibi

280 3043 382 3098 σοῦ
408 3045 581 3113 λόγον.
607 3048 669 3101 Εἰ
700 3048 811 3120 γάρ
846 3050 935 3102 ἐπὶ
965 3051 1178 3106 πάντων
1204 3054 1683 3127 ἀμφιγνοουμένων
1712 3074 1843 3128 πρα-

1950 3043 2047 3141 ἱνρεί
2078 3043 2425 3125 conscisccns
2447 3108 2463 3134 ,
2510 3067 2753 3124 debitum
2778 3068 3103 3141 supplicium
3126 3069 3351 3123 invenit.
3376 3067 3513 3137 illud

279 3138 539 3215 γμάτων,
572 3140 626 3192 ἐν
657 3158 716 3193 τε
748 3145 859 3206 τοῖς
888 3144 1027 3196 κατὰ
1052 3145 1249 3215 νόμους
1280 3147 1643 3221 δικαστηρίοις
1676 3154 1767 3205 καὶ
1792 3154 1848 3206 ἐν

283 3231 415 3292 ταῖς
453 3236 650 3295 κοιναῖς
680 3234 1138 3306 άμφισὸητήσεσι,
1159 3238 1265 3292 τῶν
1302 3241 1591 3312 μαρτύρων
1628 3261 1850 3316 συμφω-

287 3319 383 3372 νία
427 3324 582 3392 κυροῖ
608 3324 664 3377 τὸ
702 3327 1166 3399 ἀμφιγνοούμενόν
1235 3331 1347 3401 (ἐπὶ
1394 3335 1655 3406 στόματος
1681 3338 1725 3390 δ’
1757 3334 1849 3392 οῦν

282 3411 382 3465 δύο
411 3412 501 3465 καὶ
524 3415 679 3484 τριῶν
711 3419 997 3491 μαρτύρων
1024 3422 1329 3477 συνίσταται
1360 3428 1466 3478 πᾶν
1502 3428 1652 3499 ῥῆμα
1670 3430 1707 3498 ),
1733 3430 1850 3494 πῶς

281 3505 388 3557 οὐκ
432 3505 497 3558 ἂν
528 3509 561 3577 ἡ
604 3508 828 3579 ἀλήθεια
873 3514 963 3565 καὶ
1010 3514 1101 3566 ἐπὶ
1146 3515 1309 3569 τῶνδε
1356 3520 1602 3590 συσταίη,
1644 3521 1849 3576 δώδεκα

285 3594 388 3665 μὲν
441 3597 609 3649 ὄντων
665 3600 992 3668 ἀποστόλων,
1042 3605 1404 3678 ἐϐδομήκοντα
1449 3609 1506 3663 δὲ
1568 3611 1844 3683 μαθητῶν,

286 3691 481 3761 μυρίου
509 3709 566 3744 τε
596 3693 830 3764 πλήθους
854 3698 1057 3751 τούτων
1080 3700 1255 3763 ἐκτὸς,
1284 3703 1499 3756 πάντων
1531 3704 1847 3777 θαυμαστὴν

280 3784 601 3853 συμφωνίαν
646 3787 1112 3861 ὲπιδεδειγμένων,
1156 3794 1249 3846 καὶ
1290 3798 1753 3867 μαρτυρησάντων
1782 3816 1846 3867 γε

276 3877 395 3936 τοῖς
444 3874 548 3927 ὑπὸ
594 3877 687 3929 τοῦ
734 3878 903 3947 Ἰησοῦ
951 3883 1377 3953 πεπραγμένοις,
1427 3887 1527 3939 οὐκ
1573 3888 1843 3959 ἀνιδρωτὶ,

278 3963 368 4017 διὰ
408 3963 463 4017 δὲ
492 3964 738 4035 βασάνων
765 3969 1059 4041 ὑπομονῆς,
1094 3973 1185 4025 καὶ
1213 3973 1391 4046 πάσης
1418 3976 1600 4041 αἰκίας
1631 3954 1722 4031 καὶ
1755 3978 1848 4033 θα-

278 4059 465 4116 νάτου.
494 4060 587 4112 καὶ
614 4061 704 4113 ἐπὶ
742 4063 903 4115 πᾶσιν
928 4064 1031 4117 ὑπὸ
1059 4064 1150 4119 τοῦ
1183 4066 1316 4120 Θεοῦ
1361 4070 1844 4141 μαρτυρηθέντων;

284 4152 383 4214 Ὀς
415 4150 508 4203 τὸν
540 4152 631 4204 ὑπ’
658 4152 818 4205 αὐτοῦ
854 4156 1289 4225 καταηελθέντα
1312 4160 1464 4228 λόγον
1497 4162 1575 4215 ἔτι
1606 4164 1699 4216 καὶ
1725 4162 1840 4229 νῦν,

279 4243 379 4296 καὶ
412 4246 491 4305 εἰς
516 4244 632 4297 δλον
657 4247 748 4300 τὸν
787 4248 954 4301 αἰῶνα
983 4250 1257 4320 κρατύνει.
1290 4253 1473 4307 Ταῦτα
1502 4255 1600 4324 μὲν
1630 4251 1723 4309 οῦν
1748 4258 1845 4327 ἀρ-

280 4334 383 4403 χῆς
410 4335 607 4389 ἀτόπου
640 4337 778 4391 κατὰ
825 4338 1166 4410 συγχώρησιν
1191 4341 1432 4413 δοθείσης
1460 4346 1839 4415 γεγυμνάσθω.

1955 3161 2110 3229 117
2140 3175 2302 3231 porro
2323 3160 2417 3230 qul
2452 3159 2568 3215 ﬁeri
2594 3168 2793 3231 potest,
2825 3172 2883 3215 ut
2925 3176 3033 3214 non
3064 3175 3279 3215 omnem
3318 3160 3517 3216 habeat

1950 3258 2258 3322 stuporem,
2304 3251 2548 3306 homines
2589 3250 2907 3306 seductores
2960 3259 3121 3319 atque
3174 3251 3512 3314 illitteratos,

1948 3341 2041 3410 qui
2075 3355 2250 3409 neque
2294 3340 2444 3410 loqui
2491 3354 2667 3408 neque
2708 3337 2898 3393 audire
2956 3336 3285 3407 quidquam,
3318 3344 3514 3405 prater

1916 3446 2114 3485 'unam
2144 3431 2373 3503 patriam
2415 3432 2652 3500 linguam
2681 3429 3118 3492 consuevissent,
3170 3443 3279 3482 non
3333 3428 3511 3483 solum

1948 3524 2286 3594 excogitasse
2331 3522 2612 3578 audaciam
2664 3522 2986 3593 peragrandi
3032 3522 3219 3576 orbem
3267 3521 3510 3575 omnium

1947 3616 2250 3679 nationum,
2282 3614 2376 3670 sed
2403 3629 2529 3669 cum
2563 3613 2969 3684 peragraveriut
2991 3652 3007 3678 ,
3041 3611 3336 3683 perfecisse
3366 3611 3511 3680 quod

1947 3707 2358 3781 cogitaverant?
2397 3707 2779 3778 Contemplare
2834 3714 3093 3776 prteterea
3154 3710 3417 3774 quantum
3458 3709 3515 3759 et

1947 3798 2254 3870 cujusmodi
2284 3799 2375 3861 sit,
2407 3796 2530 3851 illos
2568 3796 2636 3851 de
2678 3796 2841 3850 rebus
2874 3793 3042 3865 gestis
3077 3792 3206 3848 Iesu
3228 3832 3243 3857 ,
3301 3792 3513 3847 nullum

1946 3907 2176 3961 usquam
2204 3892 2520 3959 discrepans
2558 3888 2781 3944 verbum
2825 3886 3135 3957 protulisse.
3179 3883 3235 3939 Si
3265 3885 3410 3940 enim
3454 3886 3512 3940 in

1946 3984 2199 4039 omnibus
2231 3982 2395 4037 rebus
2422 3980 2489 4036 de
2515 3979 2715 4050 quibus
2752 3977 3067 4047 ambigitur,
3091 3985 3253 4048 atque
3287 3978 3341 4032 in
3361 3977 3510 4047 judi-

1946 4078 2048 4132 ciis
2102 4091 2222 4146 qua:
2262 4090 2326 4129 ex
2365 4074 2574 4143 legibus
2603 4080 2963 4138 exercentur,
3021 4071 3511 4143 communibusque

1945 4165 2351 4229 controversiis,
2381 4179 2681 4219 consensus
2723 4163 2938 4219 testium
2972 4167 3180 4215 certum
3224 4168 3510 4231 ratumque

1946 4259 1999 4312 id
2016 4257 2177 4314 ellicit
2206 4256 2272 4312 de
2303 4254 2411 4327 quo
2443 4255 2733 4325 ambigitur
2762 4255 2839 4323 (in
2872 4269 2967 4309 ore
3000 4252 3145 4307 enim
3169 4254 3401 4309 duorum
3425 4253 3509 4307 vel

1945 4350 2109 4403 trium
2141 4348 2362 4403 testium
2392 4347 2647 4402 consistit
2688 4361 2848 4400 omne
2874 4347 3157 4416 verbum),
3199 4362 3297 4402 cur
3327 4346 3383 4401 in
3423 4346 3509 4401 his

279 4422 356 4479 Τὸ
387 4426 494 4497 γάρ
522 4432 632 4491 τοῖς
656 4430 947 4499 ἐγγράφοις
972 4431 1224 4485 τάναντία
1267 4435 1570 4499 ὑπολαϐεῖν,
1607 4439 1700 4490 καὶ
1735 4440 1841 4507 φά·

1950 4454 2161 4510 quoque
2208 4440 2408 4496 veritas
2466 4453 2576 4494 non
2631 4437 2926 4493 consistat?
2972 4453 3095 4491 cum
3125 4445 3179 4492 et
3222 4436 3509 4492 duodecim

279 4536 372 4571 vat
405 4520 499 4572 τὸν
542 4522 744 4591 Ἰησοῦν
777 4523 1091 4578 διδάσκαλον
1127 4528 1403 4596 γεγονέναι
1443 4532 1515 4602 μὴ
1549 4534 1840 4603 σωφρόνων

279 4609 474 4678 λόγων,
503 4614 714 4678 ἀδικίας
744 4614 799 4667 δὲ
842 4618 932 4669 καὶ
961 4618 1268 4685 πλεονεξίας
1302 4621 1393 4674 καὶ
1438 4624 1615 4693 πάσης
1647 4626 1843 4678 ἀκολα-

278 4698 424 4763 σίας.
454 4702 578 4765 τούς
607 4703 933 4775 τεξμαθητάς
966 4706 1132 4778 αὐτῷ,
1156 4708 1377 4763 τοιαῦτα
1401 4711 1840 4782 δεδιδαγμένους,

276 4795 648 4864 παντορέκτας
690 4799 966 4866 γεγονέναι
1017 4800 1109 4853 καὶ
1149 4804 1534 4875 παμπονήρους
1574 4805 1682 4859 τῶν
1729 4807 1843 4860 πώ-

276 4898 411 4935 ποτε
457 4883 777 4955 ἀνθρώπων,
824 4889 944 4942 καθ’
988 4891 1238 4945 ὑπόθεσιν
1272 4894 1401 4963 ἡμῖν
1448 4899 1837 4968 συνεχωρεῖτοο

273 4975 417 5044 ὅπερ
437 4969 505 5044 ἦν
545 4977 744 5032 παντὸς
772 4980 1114 5035 ἀτοπώτατον
1146 4983 1328 5054 ὅμοιον
1361 4986 1437 5049 ῶς
1479 4988 1527 5039 εί
1560 4988 1670 5051 καὶ,
1726 4988 1843 5042 Μω-

274 5064 419 5127 σέως
459 5066 517 5117 ὲν
547 5070 658 5130 τοῖς
683 5068 866 5140 νόμοις
897 5071 1163 5140 λέγοντος,
1203 5076 1276 5128 Ού
1311 5076 1606 5145 φονεύσεις,
1632 5081 1692 5132 οὐ
1726 5099 1843 5150 μοι-

272 5157 515 5228 χεύσεις,
548 5161 609 5213 ού
643 5161 882 5231 κλέψεις,
917 5166 977 5217 οὐ
1006 5165 1554 5239 ψευδομαρτυρήσεις,
1580 5187 1841 5242 συκοφαν-

272 5247 386 5299 τῶν
417 5250 576 5302 αύτὸν
621 5250 860 5306 διέϐαλλέ
892 5273 995 5320 τις,
1031 5255 1201 5324 λέγων
1244 5260 1494 5331 εἰρωνείᾳ
1532 5261 1704 5317 ταῦτα
1738 5265 1839 5333 φά-

272 5356 366 5391 ναι
398 5341 491 5392 ut
525 5346 904 5414 προσποιήσει.
950 5346 1237 5401 Βούλεσθαι
1284 5350 1383 5421 μὲν
1412 5351 1521 5423 γάρ
1551 5355 1675 5417 τοὺς
1710 5357 1841 5426 ύπη·

273 5429 458 5495 κόους,
509 5434 603 5486 καὶ
648 5436 909 5505 φονεύειν,
964 5440 1054 5493 καὶ
1104 5441 1394 5513 μοιχεύειν,
1449 5444 1541 5496 καὶ
1587 5446 1844 5500 τάναντία

275 5525 539 5592 πράττειν
571 5521 651 5589 οἷς
684 5529 978 5599 νομοθετεῖ,
1022 5534 1432 5603 προσποιεῖσθαι
1474 5534 1531 5587 δὲ
1581 5539 1843 5607 σχηματί-

275 5615 487 5679 ζεσθαι,
522 5620 614 5672 καὶ
644 5621 1128 5694 καθυποκρίνεσθαι
1154 5628 1241 5680 τδν
1278 5627 1467 5697 σεμνὸν
1500 5628 1627 5697 βίον.
1663 5630 1847 5701 Ταύτῃ

353 5730 395 5761 ⁸⁷
433 5730 552 5787 Act.
590 5748 686 5795 xu,
716 5734 833 5790 2-4.

1950 4530 2179 4601 apostoli
2211 4529 2427 4596 fuerint,
2456 4537 2509 4584 et
2542 4528 2883 4598 septuaginta
2912 4528 3195 4598 discipuli,
3248 4535 3302 4583 et
3348 4528 3510 4582 innu-

1949 4621 2227 4676 merabilis
2261 4629 2415 4676 extra
2447 4621 2591 4675 hunc
2622 4635 2909 4674 numerum
2939 4619 3258 4685 multitudo,
3289 4620 3382 4690 qui
3414 4620 3510 4673 ad-

1948 4711 2249 4766 mirabilem
2283 4712 2339 4767 in
2376 4711 2628 4766 omnibus
2675 4726 3002 4766 consensum
3054 4712 3420 4777 servaverint,
3454 4719 3508 4764 et

1950 4797 2017 4852 de
2040 4799 2197 4856 rebus
2211 4800 2280 4855 ab
2307 4798 2436 4854 Jesu
2451 4802 2619 4870 gestis
2641 4803 3007 4859 testimonium
3056 4803 3336 4871 dederint,
3396 4819 3507 4859 non

1948 4891 2078 4945 illud
2130 4892 2348 4961 quidem
2386 4893 2504 4948 sine
2542 4893 2758 4958 sudore,
2805 4896 2900 4951 sed
2946 4911 3068 4950 cum
3111 4903 3505 4950 tormentorum

1946 4984 2231 5053 omnisque
2264 4984 2476 5054 injuria:
2513 5001 2577 5041 ac
2611 4986 2845 5057 denique
2879 4987 3071 5044 mortis
3122 4989 3502 5057 perpessione,

1946 5082 2001 5130 et
2023 5090 2160 5146 quos
2189 5086 2462 5146 postremo
2490 5079 2651 5132 etiam
2680 5076 2821 5134 Deus
2855 5079 3095 5136 vicissim
3125 5093 3225 5133 suo
3255 5077 3505 5134 testiino-

1946 5172 2037 5227 nio
2063 5173 2515 5243 comprobaverit,
2549 5174 2640 5244 qui
2670 5176 2895 5231 verbum
2924 5176 3067 5245 quod
3092 5175 3160 5228 ab
3188 5173 3296 5228 illis
3321 5174 3507 5242 prodi-

1946 5271 2059 5316 tum
2105 5263 2488 5333 vulgatumque
2516 5272 2628 5326 est.
2676 5265 2743 5318 ad
2776 5266 2919 5319 hunc.
2962 5280 3133 5333 usque
3158 5264 3323 5329 diem,
3357 5272 3412 5319 et
3448 5265 3505 5319 in

1942 5369 2103 5410 omne
2144 5369 2316 5408 :evum
2349 5356 2627 5410 continuat
2667 5364 2830 5426 atque
2857 5363 3135 5425 prepagat.
3182 5355 3309 5410 llaec
3341 5355 3506 5428 igitur

1949 5449 2084 5503 satis
2127 5462 2192 5502 ex
2221 5448 2572 5503 concessione
2605 5457 2711 5504 tam
2745 5446 2962 5501 absurdi
3007 5448 3295 5517 principii,
3345 5450 3505 5506 nobis

1948 5539 2200 5593 meditata
2233 5539 2359 5593 sint.
2392 5539 2675 5593 Contraria
2703 5538 2845 5593 enim
2881 5537 2947 5592 iis
2980 5553 3098 5608 qua!
3145 5538 3348 5609 scripta
3377 5547 3504 5597 sunt

1946 5630 2176 5701 opinari,
2206 5640 2257 5686 et
2293 5628 2477 5688 Jesum
2507 5630 2688 5690 dicere
2717 5646 2826 5686 non
2856 5629 3155 5688 honestatis
3183 5638 3275 5687 aut
3305 5630 3514 5689 sobrie-
