3930 6202
416 261 482 318 21
496 263 519 317 ι

1095 263 1363 320 EUSEBII
1400 241 1876 326 C/ESARIENSIS
1916 271 2064 327 opp.
2109 271 2286 328 psus
2327 273 2390 327 ιι.
2421 271 3013 330 —APOLOGETICA.

3552 276 3662 331 212

410 380 538 436 tatis
575 391 956 451 praeceptorem
989 379 1188 448 fuisse,
1227 383 1323 440 sed
1355 386 1639 456 iniustitiae
1686 397 1742 444 et
1794 406 1963 461 super

2088 392 2196 464 γὰρ
2230 393 2323 446 καὶ
2355 391 2452 456 τὰς
2489 393 2596 446 τῶν
2624 393 2754 464 παρ’
2785 392 3006 462 Ἕλλησι
3040 391 3342 460 φιλοσόφων
3376 393 3661 464 ὑποθήκας

409 472 512 527 biae
546 473 832 542 omnisque
862 473 1316 545 intemperantiae,
1340 488 1395 533 et
1420 477 1569 536 illius
1595 481 1892 552 discipulos
1912 485 1980 540 ab

405 563 500 617 illo
533 566 659 619 talia
692 563 915 621 edoctos
935 605 951 631 ,
981 567 1128 621 omni
1167 569 1465 638 cupiditate
1512 586 1576 626 ac
1627 573 1832 630 scelere
1861 591 1980 630 om-

406 670 505 710 nes
535 655 628 726 qui
660 671 902 728 unquam
950 656 1155 714 fuerint
1199 659 1447 718 homines
1481 679 1772 735 superasse
1794 707 1810 732 ,
1852 682 1977 722 cum

405 747 646 802 omnium
678 765 799 820 qua:
832 749 1069 805 absurda
1099 761 1248 815 sunt,
1278 755 1736 813 absurdissimum
1763 759 1853 823 sit,
1880 776 1978 816 nos

405 841 537 896 illud
573 851 752 898 tamen
777 842 1091 913 disputandi
1127 848 1302 919 gratia
1339 849 1564 913 concedi
1607 866 1769 920 posse
1796 852 1980 908 existi-

402 933 691 988 mavimus.
727 934 883 1000 Quod
927 935 1144 1006 quidem
1172 945 1255 992 est
1281 937 1478 1002 simile,
1505 949 1566 994 ut
1597 940 1643 995 si
1675 941 1818 1011 quis,
1851 956 1975 996 cum

402 1022 580 1080 Moses
610 1025 664 1079 in
695 1027 810 1082 suis
867 1029 1075 1100 legibus
1106 1029 1255 1085 dicat
1285 1050 1299 1086 :
1349 1050 1368 1084 ι
1409 1031 1526 1088 Non
1558 1034 1776 1090 occides
1801 1076 1816 1100 ,
1865 1051 1976 1090 non

400 1117 788 1183 mcechaberis,
821 1134 933 1174 non
989 1121 1296 1187 furaberis,
1334 1139 1442 1178 non
1490 1123 1688 1179 falsum
1737 1126 1977 1180 testimo-

401 1209 552 1264 nium
583 1210 734 1266 dices
765 1211 848 1266 ⁶⁸;
895 1233 913 1265 ι
956 1216 1070 1269 haec
1112 1216 1167 1270 in
1204 1217 1438 1286 priorem
1485 1233 1706 1273 sensum
1755 1219 1974 1276 trahens

399 1310 455 1356 et
487 1302 849 1372 calumnians,
879 1307 1048 1372 dicat,
1081 1309 1232 1364 illum
1265 1325 1390 1365 cum
1421 1311 1674 1368 irrisione
1703 1326 1766 1372 ac
1806 1313 1976 1368 simu-

397 1393 604 1451 latione
659 1397 765 1453 alia
804 1403 1147 1472 prmccpisse.
1177 1402 1323 1460 Velle
1344 1405 1489 1460 enim
1517 1419 1614 1460 eos
1635 1405 1834 1476 quibus
1869 1406 1975 1460 im-

394 1497 572 1559 peret,
599 1497 652 1545 et
680 1493 930 1549 occidere
961 1505 1012 1550 et
1040 1497 1326 1564 moschari,
1360 1506 1414 1554 et
1445 1498 1514 1554 iis
1542 1499 1725 1553 omnia
1751 1505 1976 1554 contra-

397 1578 481 1632 ria
506 1579 686 1638 faccre
717 1599 836 1653 quae
860 1586 974 1655 ipse
1006 1586 1058 1640 in
1089 1586 1297 1658 legibus
1329 1589 1594 1659 posuerit,
1627 1587 1720 1645 sed
1752 1589 1973 1644 interim

397 1670 602 1743 ﬁngere
633 1674 878 1732 habitum
923 1693 982 1733 se
1012 1688 1066 1734 et
1095 1695 1384 1750 personam
1419 1681 1542 1736 vita:
1580 1682 1847 1753 gravioris
1889 1683 1975 1738 in-

2091 485 2363 540 διαϐάλλοι
2393 486 2457 539 ἄν
2489 502 2591 550 τις,
2620 487 2707 539 τόν
2729 502 2788 538 τε
2822 484 3143 556 καρτερικὸν
3178 485 3290 554 βίον
3318 485 3411 538 καὶ
3435 487 3559 549 τοὺς
3582 485 3665 539 λό-

2091 595 2221 647 γους
2247 576 2424 630 αὑτῶν
2458 575 2692 642 πάντων,
2722 576 2943 647 φάσκων
2973 575 3230 637 ἐναντίως
3265 574 3362 645 μὲν
3387 577 3497 638 τοῖς
3521 575 3656 629 ἀνα-

2089 666 2492 737 γεγραμμένοις
2525 665 2884 720 διατεθεῖσθαι
2923 666 3118 728 αὑτοὺς
3163 664 3259 717 καὶ
3293 663 3658 718 ἀναϐεϐιωκέ-

2087 773 2195 820 ναι,
2230 757 2696 828 προσπεποιῆσθαι
2725 757 2780 810 δὲ
2818 757 2938 811 καθ’
2972 755 3274 828 ὑπόκρισιν,
3309 755 3400 808 τὸν
3444 755 3659 824 φιλόσο-

2087 866 2186 920 φον
2222 849 2495 920 μετελθεῖν
2531 849 2662 920 βίον.
2697 848 2882 912 Οὕτως
2911 849 2968 901 δέ
3009 865 3092 912 τις
3124 849 3217 902 καὶ
3244 849 3423 910 πάσας
3470 846 3658 910 ἁπλῶς

2088 945 2258 997 εἰπεῖν
2285 943 2384 1006 τὰς
2412 941 2520 996 τῶν
2556 941 2799 996 παλαιῶν
2840 941 3109 995 διαὸἀλλοι
3143 940 3208 995 ἂν
3242 940 3500 1011 ἱστορίας,
3533 939 3658 992 ἀθε-

2086 1036 2193 1090 τῶν
2221 1036 2318 1108 τὴν
2343 1039 2418 1090 ἐν
2455 1038 2644 1100 αὐταῖς
2687 1035 2965 1107 ἀλήθειαν,
3001 1035 3094 1087 καὶ
3137 1036 3216 1097 είς
3253 1032 3562 1086 τούναντίον
3588 1030 3657 1084 τὰ

2084 1128 2388 1200 δηλούμενα
2413 1128 2869 1200 παραδεχόμενος.
2913 1125 3050 1179 Ἀλλ’
3076 1126 3151 1190 ὡς
3178 1125 3276 1178 οὑκ
3303 1124 3368 1178 ἄν
3387 1141 3471 1186 τις
3498 1124 3657 1193 ὀκνή-

2087 1238 2196 1275 σειε
2223 1221 2332 1274 τῶν
2368 1216 2426 1274 εὖ
2455 1220 2792 1291 φρονούντων
2826 1217 3108 1290 μαίνεσθαι
3132 1217 3224 1270 τὸν
3251 1217 3488 1270 τοιοῦτον
3522 1217 3656 1269 ἀπο-

2085 1313 2374 1383 φήνασθαι,
2405 1311 2548 1365 οὕτω
2577 1311 2670 1365 καί¹
2703 1312 2795 1364 ἐπὶ
2827 1311 2935 1364 τῶν
2967 1310 3060 1363 τοῦ
3097 1310 3354 1380 Σωτῆρος
3389 1308 3561 1377 λόγων
3592 1325 3653 1360 τε

2085 1409 2178 1461 καὶ
2232 1406 2602 1478 μαθημάτων,
2649 1404 2702 1458 εί
2735 1422 2818 1469 τις
2871 1403 3100 1475 τάληθὲς
3151 1403 3506 1474 διαστρέφων,
3554 1403 3654 1474 τὴν

2083 1498 2332 1552 ἐναντίαν
2374 1492 2456 1560 οἷς
2496 1496 2739 1549 ἐδίδασκε
2775 1495 3118 1568 περιϐάλλειν
3159 1494 3304 1565 αὐτῷ
3336 1494 3491 1559 δόξαν
3531 1512 3654 1548 πει-

2086 1589 2243 1661 ρῷτο.
2288 1588 2434 1662 Πλὴν
2479 1588 2594 1644 ἀλλ’
2642 1587 2796 1660 ἐδόθη
2835 1590 2930 1644 καὶ
2969 1589 3126 1642 τοῦτο
3163 1589 3238 1652 ὠς
3277 1589 3336 1642 ὲν
3375 1588 3651 1655 ὑποθέσει,

2082 1683 2230 1746 ὅπως
2261 1682 2356 1736 καί¹
2387 1682 2451 1734 ὲκ
2482 1680 2815 1753 περιουσίας,
2846 1683 2940 1735 καὶ
2983 1683 3038 1734 ἐν
3065 1681 3251 1752 ἀτόπῳ
3283 1681 3649 1753 συγχωρήσει,

397 1762 584 1820 ducre.
635 1765 900 1822 Caeterum
949 1770 1136 1825 eadem
1166 1772 1376 1828 ratione
1407 1769 1717 1828 Graecorum
1750 1788 1963 1845 quoque

2071 1775 2132 1829 τὸ
2157 1773 2460 1828 ἀσύστατον
2488 1773 2580 1827 τοῦ
2607 1772 2673 1824 δι’
2703 1773 2951 1837 ἐναντίας
2983 1771 3142 1842 λόγου
3173 1774 3335 1843 φανῇ.

396 1858 844 1930 philosophorum
899 1872 1192 1934 prazcepta,
1221 1873 1276 1920 et
1302 1866 1646 1922 tolerantiam
1705 1868 1862 1935 vitae,
1916 1868 2186 1940 planeque
2242 1881 2432 1922 eorum
2479 1869 2722 1921 omnium
2775 1866 2978 1936 scripta
3030 1865 3407 1935 unusquisque
3452 1864 3647 1936 poterit

396 1951 758 2016 calumniari,
796 1962 850 2009 et
898 1955 1114 2011 dicere:
1153 1957 1276 2012 illos
1311 1958 1532 2030 quidem
1600 1960 1670 2015 iis
1705 1975 1826 2030 qua:
1888 1961 2239 2032 scripserint,
2281 1958 2560 2016 contraria
2615 1957 2671 2012 in
2720 1957 2904 2012 animo
2954 1957 3229 2022 habuisse,
3285 1957 3646 2030 contrariam-

393 2058 501 2112 que
531 2043 724 2099 rationi
756 2045 920 2100 vitam
963 2047 1165 2104 vixisse
1189 2089 1205 2113 ,
1256 2049 1550 2106 simulasse
1592 2057 1774 2106 autem
1815 2049 1974 2123 quasi
2013 2050 2117 2104 alia
2145 2049 2331 2104 induta
2361 2063 2617 2120 persona,
2677 2047 3112 2120 pbiIOSOphicum
3155 2047 3258 2102 sibi
3316 2048 3441 2102 vitae
3470 2061 3644 2112 genus

392 2139 685 2208 placuisse.
733 2142 894 2213 118
942 2141 1034 2199 Sic
1062 2153 1242 2200 autem
1293 2160 1486 2201 omnes
1537 2161 1752 2218 quoque
1775 2188 1792 2215 ,
1827 2155 1887 2203 ut
1933 2146 1990 2201 in
2028 2161 2239 2202 summa
2271 2145 2473 2209 dicam,
2502 2152 2741 2200 veterum
2776 2143 3036 2200 historias
3062 2141 3385 2197 calumniari
3444 2142 3520 2198 sit
3561 2141 3642 2196 fa-

392 2235 516 2302 cile,
546 2243 600 2292 et
628 2237 842 2294 veritati
873 2254 994 2308 quae
1025 2239 1081 2293 in
1117 2240 1226 2296 illis
1255 2248 1341 2297 est
1391 2241 1678 2299 detrahere
1698 2283 1715 2309 ,
1765 2257 1994 2313 eamque
2031 2241 2236 2296 nullam
2265 2256 2387 2296 esse
2415 2239 2768 2303 contendere,
2802 2249 2856 2294 ct
2885 2237 3123 2308 denique
3169 2238 3226 2292 in
3263 2239 3596 2293 contrarium
3624 2275 3642 2299 ,

391 2348 731 2405 quincunque
783 2343 1004 2390 narrata
1058 2345 1218 2404 sunt,
1249 2344 1484 2396 vertere.
1526 2336 1632 2400 Sed
1677 2338 2131 2410 quemadmodum
2181 2337 2363 2392 nullus
2415 2336 2612 2391 mentis
2655 2349 2880 2404 compos
2914 2350 3061 2400 eum,
3127 2333 3221 2406 qui
3274 2333 3399 2387 talia
3447 2332 3633 2395 dicat,

392 2427 648 2480 insanum
695 2437 856 2497 atque
897 2435 1166 2484 amentem
1219 2430 1488 2486 aliirmare
1540 2441 1830 2496 vereatur,
1885 2433 1959 2486 ita
1999 2433 2158 2487 etiam
2189 2432 2244 2485 in
2276 2429 2572 2486 Salvatoris
2599 2429 2773 2486 nostri
2831 2429 3175 2485 sermonibus
3215 2435 3373 2498 atque
3427 2440 3630 2497 praece—

395 2522 524 2592 ptis,
557 2523 605 2578 si
629 2524 752 2593 quis
777 2525 1063 2580 veritatem
1096 2533 1463 2596 contorquens
1498 2535 1660 2598 atque
1687 2527 2002 2597 pervertens
2023 2569 2038 2590 ,
2079 2527 2408 2583 contrariam
2449 2527 2516 2583 iis
2548 2542 2670 2598 quae
2698 2525 2883 2582 docuit
2913 2526 3000 2581 ille
3031 2526 3356 2580 sententiam
3407 2530 3638 2578 conetur

391 2612 692 2686 imponere,
725 2616 851 2672 huic
879 2633 1094 2688 quoque
1146 2633 1177 2672 a
1236 2620 1428 2686 nobis,
1480 2619 1534 2674 id
1578 2619 1724 2690 quod
1760 2619 1954 2676 falsum
1992 2629 2096 2687 est,
2130 2619 2467 2675 illustrandae
2495 2618 2741 2674 veritatis
2801 2618 2996 2689 gratia,
3029 2628 3089 2672 ut
3137 2618 3192 2672 in
3251 2614 3638 2686 diSputationi-

391 2711 496 2767 bus
523 2710 638 2766 ﬁeri
671 2714 826 2777 solet,
859 2729 1182 2772 concessum
1207 2725 1326 2772 esto
1358 2735 1372 2772 :
1411 2724 1470 2772 ut
1529 2733 1652 2774 cum
1686 2715 1996 2774 dederimus
2034 2717 2089 2772 id
2111 2716 2255 2789 quod
2293 2717 2442 2774 dictu
2492 2715 2792 2773 absurdum
2820 2723 2925 2782 cst,
2950 2715 3236 2771 contraria:
3265 2715 3494 2770 rationis
3548 2713 3636 2768 in-

391 2807 702 2862 constantia
724 2819 1000 2863 cernatur.

461 2896 599 2951 Cum
627 2911 757 2968 ergo
784 2914 908 2955 eum
943 2901 1036 2972 qui
1065 2901 1145 2956 sic
1183 2902 1543 2958 calumnietur
1580 2903 1714 2959 satis
1747 2901 1962 2959 abunde

2150 2895 2535 2967 Ἑληλεγμένου
2580 2895 2714 2966 δῆτα
2761 2895 2971 2962 τούτου,
3020 2895 3182 2968 φέρε,
3235 2896 3636 2968 ἀναδραμόντες

391 2989 920 3059 reprehenderimus,
946 3002 1161 3066 tempus
1191 2995 1303 3064 jam
1351 3004 1456 3058 est,
1493 3005 1552 3050 ut
1581 2996 1646 3051 ad
1679 3011 1960 3052 sacrorum

2068 2990 2158 3043 ἐπὶ
2195 2989 2292 3060 τὴν
2325 2988 2434 3042 τῶν
2482 2988 2640 3058 ἱερῶν
2681 2988 2913 3059 Γραφῶν
2944 2987 3216 3060 ἀλήθειαν,
3250 2989 3311 3042 τὸ
3351 2986 3482 3060 ἦθος
3527 2991 3638 3046 τῶν

391 3082 654 3137 librorum
691 3084 969 3141 veritatem
1003 3101 1372 3152 recurramus,
1398 3097 1452 3144 et
1494 3089 1548 3143 in
1583 3089 1692 3144 illis
1716 3089 1960 3161 discipu-

391 3177 568 3230 lorum
602 3174 731 3232 Jcsu
762 3193 943 3234 mores
971 3180 1421 3250 contemplemur.
1455 3179 1589 3248 Quis
1621 3181 1785 3252 igitur
1808 3197 1963 3238 men-

388 3269 462 3324 tis
498 3270 728 3326 sanitate
777 3270 1072 3341 prieditus,
1126 3288 1234 3327 non
1268 3272 1338 3328 ab
1387 3273 1496 3330 illis
1526 3274 1661 3343 ipsis
1711 3275 1961 3345 protinus

390 3370 797 3432 argumentans,
826 3365 970 3417 omni
990 3363 1094 3419 ﬁde
1111 3365 1304 3436 dignos
1334 3366 1456 3421 illos
1491 3366 1853 3436 iudicaverit?
1881 3368 1962 3422 vi-

389 3467 482 3507 ros
528 3453 733 3522 absque
781 3456 1151 3512 controversia
1198 3455 1496 3526 ignobiles,
1552 3457 1960 3528 litterarumque

390 3546 611 3614 ignaros
641 3545 1003 3617 loquendique
1032 3549 1333 3618 imperitos,
1357 3558 1411 3604 at
1432 3550 1488 3604 in
1520 3559 1722 3606 sancta:
1749 3565 1813 3605 ac
1837 3551 1961 3621 phi-

387 3637 684 3709 losophicae
727 3637 989 3694 doctrime
1043 3654 1281 3696 amorem
1332 3655 1680 3710 progressos,
1730 3649 1785 3695 et
1822 3651 1962 3697 stre-

389 3745 550 3785 nuam
606 3729 1041 3800 laboriosamque
1079 3731 1242 3785 vitam
1275 3733 1588 3803 amplexos,
1638 3747 1804 3802 quam
1844 3733 1962 3804 qui-

387 3823 510 3878 dem
543 3823 741 3885 inedia,
767 3832 820 3879 et
848 3824 1174 3879 abstinentia
1207 3834 1320 3879 tum
1349 3839 1380 3879 a
1412 3825 1562 3887 vino,
1598 3832 1710 3880 tum
1751 3839 1782 3878 a
1836 3839 1960 3879 car-

387 3913 550 3968 nibus
571 3954 583 3974 ,
630 3915 894 3982 plurimos
929 3914 1054 3968 item
1087 3915 1208 3969 aliis
1240 3915 1626 3970 aﬂlictionibus
1675 3915 1956 3985 corporis,

387 4013 550 4074 atque
587 4003 924 4060 orationibus
985 4006 1582 4076 supplicationibusque
1638 4005 1707 4061 ad
1745 4007 1912 4062 Deum
1939 4047 1955 4070 ,

387 4110 451 4150 ac
503 4097 674 4150 multo
714 4097 894 4166 prius,
939 4111 1150 4152 summa
1203 4101 1558 4166 temperantia
1615 4109 1670 4156 et
1706 4101 1958 4156 castitate

385 4191 665 4256 corporis,
718 4189 922 4256 pariter
954 4197 1118 4258 atque
1164 4189 1360 4244 animae
1407 4192 1746 4246 correxerint
1795 4203 1957 4263 atque

385 4281 747 4351 perfecerint?
775 4282 898 4350 quis
935 4296 1046 4334 non
1102 4281 1265 4352 igitur
1305 4281 1522 4336 illorum
1561 4283 1956 4355 phil050phiam

2067 3079 2162 3134 τοῦ
2203 3079 2377 3150 Ἰησοῦ
2422 3079 2676 3150 μαθητῶν
2725 3079 3065 3150 θεασώμεθα.
3113 3081 3345 3135 Αὑτόθεν
3399 3083 3496 3152 μὲν
3542 3079 3636 3138 οὖν

2066 3173 2133 3227 ἄν
2168 3189 2253 3236 τις
2296 3167 2354 3225 εὖ
2399 3171 2610 3243 φρονῶν
2654 3171 2770 3235 πῶς
2811 3172 2870 3224 οὑ
2906 3171 3084 3241 πάσης
3132 3172 3402 3243 ἀποδοχῆς
3439 3174 3637 3237 αὑτοὺς

2067 3264 2248 3332 ἀξίους
2294 3265 2555 3337 κρίνειεν;
2596 3265 2826 3335 Ἀνδρας
2868 3265 2968 3336 μὲν
2998 3264 3232 3327 εὐτελεῖς
3273 3267 3640 3337 ὁμολογουμέ-

2066 3375 2191 3424 νως,
2222 3357 2316 3412 καὶ
2341 3359 2432 3412 τὸν
2465 3358 2621 3426 λόγον
2654 3355 2886 3422 ἰδιώτας,
2912 3356 3165 3419 εύσεὸοὖς
3198 3357 3254 3410 δὲ
3287 3358 3380 3410 καὶ
3417 3358 3634 3427 φιλοσό-

2067 3467 2168 3521 φου
2195 3450 2535 3513 διδασκαλίας
2569 3451 2647 3513 είς
2685 3448 2862 3520 ἔρωτα
2888 3447 3321 3518 συμϐεϐηκότας,
3352 3451 3442 3502 καὶ
3475 3450 3636 3523 στέρ-

2067 3543 2260 3610 ξαντας
2289 3545 2400 3616 βίον
2431 3541 2756 3614 καρτερικὸν
2782 3541 2876 3594 καὶ
2909 3541 3183 3604 ἐπίπονον,
3224 3542 3312 3594 διὰ
3345 3543 3632 3612 νηστειῶν,

2064 3637 2209 3692 οἴνου
2237 3655 2295 3690 τε
2321 3638 2415 3691 καὶ
2447 3634 2623 3707 κρεῶν
2654 3633 2891 3704 ἀποχῆς,
2927 3635 3022 3688 καί⁵
3053 3635 3310 3704 πλείστης
3349 3633 3511 3704 ἄλλης
3539 3651 3637 3688 τα-

2065 3727 2372 3790 πεινώσεως
2393 3726 2484 3780 τοῦ
2517 3724 2784 3796 σώματος,
2819 3725 2910 3779 διά
2938 3742 2996 3777 τε
3022 3725 3195 3796 εὐχῶν
3219 3726 3313 3778 καὶ
3344 3726 3636 3796 ἱκετηριῶν

2061 3819 2172 3872 τῶν
2193 3819 2329 3887 πρὸς
2357 3819 2446 3872 τὸν
2472 3818 2628 3882 Θεὸν,
2661 3817 2754 3872 καὶ
2775 3816 2908 3870 πολὺ
2937 3816 3200 3888 πρότερον
3229 3816 3296 3870 δι’
3324 3817 3497 3888 ἄκρας
3533 3833 3640 3872 σω⁴

2063 3911 2332 3981 φροσύνης
2352 3911 2444 3964 καὶ
2476 3909 2694 3978 ἁγνείας
2729 3910 2974 3980 σώματος
3011 3908 3145 3978 όμοῦ
3176 3910 3268 3962 καὶ
3295 3909 3470 3979 ψυχῆς
3504 3925 3635 3963 κατι

2063 4001 2407 4073 ορθούμενον.
2444 4001 2539 4064 Τίς
2568 4001 2612 4054 δ’
2639 3996 2730 4054 οὖν
2753 4001 2850 4053 οὑκ
2881 4000 2946 4054 ἂν
2969 4001 3160 4064 αὐτοὺς
3216 4000 3530 4071 θαυμάσειε,
3559 4000 3633 4055 δι’

2064 4092 2164 4145 ὑπε
2175 4091 2365 4164 ρὸολὴν
2392 4091 2706 4161 φιλοσοφίας
2735 4093 2828 4146 καὶ
2850 4094 2968 4154 ταῖς
2991 4091 3130 4146 κατά
3159 4092 3321 4162 νόμον
3354 4108 3634 4163 συγκεχω-

2066 4181 2328 4250 ρημέναις
2373 4184 2638 4251 γαμεταῖς
2684 4181 3176 4253 ἀποτεταγμένους,
3221 4183 3313 4236 καὶ
3357 4184 3481 4256 μήθ’
3524 4186 3634 4240 ὑπὸ

2061 4273 2159 4342 τῆς
2207 4271 2443 4342 φυσικῆς
2474 4271 2666 4342 ἡδονῆς
2713 4271 3196 4337 καθελκυσθέντας,
3241 4277 3376 4346 μήτε
3424 4275 3632 4329 παίδων

385 4388 551 4443 Supra
600 4373 820 4426 modum
873 4374 1190 4440 admiretur,
1224 4375 1314 4446 qui
1343 4385 1396 4430 ct
1431 4393 1460 4429 a
1492 4376 1746 4447 legitimis
1781 4381 1959 4434 uxori-

2068 4363 2155 4414 καὶ
2184 4362 2418 4430 ἐγγόνων
2447 4363 2712 4434 ἐπιθυμίᾳ
2740 4363 3134 4431 δουλωθέντας;
3185 4367 3310 4418 ἐπεὶ
3346 4365 3478 4436 μηδὲ
3503 4367 3630 4438 θνη-

385 4463 490 4522 bus
520 4479 578 4520 se
609 4464 953 4530 abduxerim,
989 4481 1164 4536 neque
1203 4481 1232 4518 a
1265 4467 1540 4538 voluptate
1567 4469 1765 4524 saltem
1795 4477 1956 4522 natu-

382 4561 482 4614 rali
514 4559 720 4614 deliniti
740 4559 869 4621 sint,
884 4575 1058 4630 neque
1079 4561 1308 4614 ﬁliorum
1332 4577 1394 4616 ac
1413 4571 1667 4632 nepotum
1685 4562 1956 4618 desiderio

383 4652 543 4708 fracti
574 4661 628 4708 et
663 4651 911 4708 subacti?
940 4651 1086 4725 quod
1129 4654 1342 4724 quidem
1389 4657 1497 4710 illis
1547 4655 1667 4712 ideo
1697 4657 1954 4726 contigit,
2034 4697 2041 4706 .

383 4746 526 4815 quod
562 4760 671 4799 non
703 4747 959 4800 mortales
1005 4757 1267 4818 nepotes,
1314 4749 1408 4804 sed
1458 4748 1793 4803 immortales
1850 4750 1955 4804 sibi

381 4831 758 4901 expetiverint.
801 4830 976 4886 Mores
1026 4842 1205 4887 autem
1253 4832 1570 4889 earumdem
1600 4847 1630 4884 a
1661 4834 1956 4903 cupiditate

382 4927 559 4982 omnis
590 4925 806 4997 generis
833 4925 1074 4995 pecuniae
1105 4925 1312 4981 alienos
1333 4966 1348 4991 ,
1389 4927 1512 4996 quis
1549 4941 1657 4980 non
1695 4926 1955 4996 obstupe-

381 5012 534 5066 scat?
557 5012 651 5082 qui
678 5011 781 5065 hoc
813 5025 1036 5080 quoque
1073 5011 1365 5076 conjecerit
1401 5027 1468 5066 ex
1518 5027 1612 5076 eo,
1666 5012 1811 5082 quod
1846 5027 1955 5068 non

382 5097 641 5165 fugerint,
683 5095 779 5151 sed
814 5095 987 5151 secuti
1025 5097 1134 5149 sint
1165 5093 1578 5163 Praeceptorem,
1606 5095 1700 5165 qui
1742 5095 1890 5166 ipsos
1923 5112 1954 5150 a

381 5187 712 5258 possidendo
729 5202 863 5242 auro
881 5196 1044 5257 atque
1065 5195 1290 5257 argento
1310 5187 1655 5254 deterruerit,
1676 5189 1956 5260 legemque

381 5283 581 5346 titerit,
597 5291 658 5336 ut
679 5297 748 5336 ne
762 5295 935 5349 usque
952 5281 1018 5334 ad
1037 5279 1174 5335 duas
1191 5279 1408 5350 quidem
1443 5280 1658 5340 tunicas
1675 5296 1789 5336 rem
1800 5296 1952 5336 suam

381 5382 640 5441 angerent
667 5393 681 5426 :
719 5374 862 5443 quod
893 5372 1112 5444 quidem
1145 5372 1240 5430 vel.
1261 5371 1469 5428 auditui
1496 5372 1836 5430 intolerabile
1861 5373 1952 5428 alii

377 5464 612 5533 cuipiam
670 5466 936 5528 videatur,
968 5466 1038 5520 ob
1083 5464 1403 5535 gravitatem
1450 5465 1788 5535 imperii:at
1831 5466 1953 5520 illos

375 5561 543 5613 etiam
576 5557 752 5624 rcipsa
777 5558 1133 5626 complcvisse
1163 5557 1309 5629 quod
1339 5557 1544 5613 dictum
1577 5568 1659 5613 est
1702 5565 1945 5614 constat:

376 5665 507 5724 ergo
537 5646 771 5724 quodam
823 5656 1062 5719 tempore
1112 5666 1234 5707 cum
1265 5651 1484 5722 quidam
1528 5650 1756 5708 (lautius
1789 5666 1817 5705 a
1851 5649 1950 5706 Pc-

441 5780 488 5814 δ”
515 5771 684 5828 Exod.
715 5784 828 5832 XXI,
860 5768 1008 5826 5-15.

2056 4453 2164 4508 τῶν
2195 4451 2452 4522 ἐγγόνων,
2480 4453 2593 4506 ἀλλ’
2621 4454 2902 4508 ἀθανάτων
2930 4456 3266 4526 ὠρέχθησαν.
3303 4457 3376 4510 Τὸ
3415 4457 3471 4510 δὲ
3499 4459 3632 4528 ἀτρι-

2056 4546 2392 4618 λοχρήματον
2425 4546 2602 4600 αὐτῶν
2627 4547 2718 4601 τοῦ
2748 4548 2948 4619 τρόπου
2971 4549 3087 4613 πῶς
3112 4550 3210 4604 οὑκ
3231 4552 3296 4606 ἄν
3320 4569 3402 4616 τις
3434 4551 3630 4607 ἐκπλα-

2056 4636 2177 4705 γείη
2205 4653 2220 4701 ;
2253 4637 2345 4690 καὶ
2382 4635 2536 4689 τοῦτο
2581 4639 2992 4709 τεκμηράμενος
3026 4641 3090 4692 ὲκ
3128 4638 3219 4692 τοῦ
3270 4641 3342 4711 μὴ
3382 4640 3627 4710 φεύγειν,

2057 4728 2172 4781 ἀλλ’
2205 4727 2553 4783 ἀσπάσασθαι
2607 4729 2946 4795 διδάσκαλον,
2991 4731 3190 4802 χρυσοῦ
3242 4733 3332 4785 καὶ
3382 4733 3626 4805 ἀργύρου

2055 4820 2153 4892 τὴν
2195 4821 2385 4890 κτῆσιν
2430 4821 2860 4891 ἀπαγορεύοντα,
2909 4823 3002 4876 καὶ
3052 4824 3440 4895 νομοθετοῦντα
3485 4826 3624 4896 μηδὲ

2061 4914 2220 4985 μέχρι
2269 4913 2520 4994 δευτέρου
2567 4913 2786 4984 χιτῶνος
2827 4913 3009 4979 αὔξειν
3040 4915 3136 4986 τὴν
3177 4915 3445 4986 ὓπαρξινο
3483 4918 3629 4990 amp

2054 5007 2195 5077 τάχα
2223 5024 2306 5070 τις
2333 5005 2570 5070 ἀκούσας
2596 5005 2874 5078 παρῄτητο
2895 5007 2960 5061 ἂν
2986 5009 3048 5061 τὸ
3074 5008 3213 5079 βαρὺ
3240 5009 3332 5062 τοῦ
3365 5009 3628 5080 πράγμα-

2055 5117 2146 5164 τος
2167 5116 2180 5130 ’
2208 5101 2256 5152 οἱ
2291 5099 2348 5153 δὲ
2380 5099 2472 5152 καὶ
2499 5099 2658 5169 ἔργον
2693 5102 3050 5171 πεποιηκότες
3093 5102 3182 5156 τὸν
3221 5102 3375 5172 λόγον
3410 5102 3627 5157 ἀποδεῖς

2057 5210 2293 5247 κνυνται.
2320 5193 2646 5262 Αίτήσαντος
2671 5191 2797 5259 γοῦν
2819 5211 2947 5246 ποτε
2980 5195 3103 5258 τοὺς
3128 5196 3272 5266 ἀμφὶ
3307 5196 3397 5249 τὸν
3419 5195 3626 5268 Πέτρον

2057 5283 2228 5354 χωλοῦ
2256 5302 2402 5348 τινος
2449 5279 2624 5354 (οὗτος
2638 5283 2682 5336 δ’
2708 5279 2775 5353 ἦν
2796 5284 2903 5337 τῶν
2921 5285 2985 5338 δι’
3010 5286 3242 5356 ἐσχάτην
3271 5287 3503 5358 ἀπορίαν
3522 5286 3624 5350 τὰς

2053 5375 2256 5446 τροφὰς
2288 5375 2681 5448 μεταιτούντων
2701 5377 2741 5446 ),
2772 5377 2872 5430 οὐκ
2905 5377 3043 5447 ἔχων
3082 5380 3110 5430 ό
3139 5379 3345 5450 Πέτρος
3377 5381 3406 5433 ὃ
3437 5398 3487 5434 τι
3520 5380 3620 5451 δῷ,

2051 5466 2317 5537 ὡμολόγει
2341 5468 2518 5539 πάσης
2537 5468 2820 5540 ὑπάρξεως
2836 5470 3055 5540 χρυσίου
3074 5471 3166 5523 καὶ
3182 5471 3442 5543 ἀργυρίου
3459 5470 3626 5524 παθα-

2056 5557 2254 5628 ρεύειν,
2289 5559 2492 5629 φήσαςο
2523 5577 2542 5612 ι
2567 5561 2849 5631 Ἀργύριον
2880 5562 2973 5615 καὶ
3003 5562 3223 5632 χρυσίον
3255 5563 3352 5632 οὑχ
3383 5562 3621 5634 ὑπάρχει

2055 5667 2164 5726 μοι,
2184 5649 2295 5705 δ’δὲ
2332 5648 2456 5721 ἔχω,
2480 5651 2630 5706 τοῦτό
2650 5670 2727 5705 σοι
2747 5651 2934 5722 δίδωμι
2956 5669 2967 5682 '
3001 5654 3056 5706 ἐν
3079 5651 3155 5725 τῷ
3181 5651 3403 5725 ὀνόματι
3444 5651 3620 5725 Ἰησοῦ
