3930 6202
301 292 410 347 Elii

1221 283 1878 342 DEMONST—RATIONIS
1918 278 2376 338 EVANGELICAE
2416 277 2541 332 LIB.
2579 275 2664 330 Ill.

3440 269 3536 325 211

294 406 537 480 Χριστοῖ
597 406 804 478 έγειραι
853 407 946 460 καὶ
997 405 1306 477 περιπάτει.
1357 425 1374 456 ι
1447 404 1753 477 Σκυθρωπὰ
1815 405 1865 457 δὲ

1975 411 2078 464 tro,
2103 409 2156 456 et
2187 401 2256 455 ab
2287 399 2353 454 iis
2390 398 2482 467 qui
2512 397 2715 450 circum
2748 391 2966 446 Petrum
2994 395 3151 445 erant
3189 385 3333 441 aliud
3359 395 3542 456 postu-

293 505 483 565 αὐτοῖς
517 500 971 571 προαγγέλλοντος
1001 498 1096 551 τοῦ
1125 498 1474 563 Διδασκάλου,
1518 499 1871 569 προσέχοντες

293 595 364 647 δι’
401 589 476 647 ὧν
501 593 636 665 πρὸς
678 593 868 654 αὐτοὺς
909 591 1090 659 ἔλεγεν
1116 608 1129 620 ·
1186 610 1204 643 ι
1241 591 1329 644 Ἐν
1358 590 1437 660 τῷ
1476 591 1665 660 κόσμῳ
1697 589 1872 658 θλίψιν

295 687 452 757 ἔχετε
475 704 521 736 -ι
549 687 641 739 καὶ
672 684 828 748 πάλιν
848 701 863 715 ·
903 683 1210 737 «κλαύσετε
1235 683 1330 736 καὶ
1363 682 1660 754 θρηνήσετε
1694 682 1871 750 ὑμεῖς,

284 783 316 831 6
350 777 410 831 δὲ
441 777 642 847 κόσμος
687 777 1004 846 χαρήσεται,
1030 794 1048 826 ι
1095 774 1211 836 πῶς
1255 774 1356 826 οὐκ
1395 774 1548 826 αὐτοὶ
1599 773 1696 842 μὲν
1724 771 1872 842 δῆλοι

285 873 379 924 τιν
419 870 638 942 τρόπον,
665 870 743 922 ὅτι
767 869 833 939 δὴ
868 867 1082 941 στερῤοί
1106 884 1250 930 τινες
1276 867 1369 920 καὶ
1399 865 1581 936 βαθεῖς
1606 865 1870 936 ὑπῆρχονν

291 964 366 1034 μὴ
425 962 718 1031 φεύγοντες
757 960 826 1013 τὰ
876 961 976 1030 τῆς
1033 959 1210 1030 ψυχῆς
1269 959 1583 1029 γυμνάσια,
1627 957 1761 1028 μηδὲ
1804 957 1870 1010 τὰ

286 1055 426 1126 πρὸς
478 1054 670 1124 ἡδονὴν
718 1051 1168 1122 μεταδιώκοντες
1211 1051 1303 1104 καὶ
1355 1052 1382 1102 6
1425 1049 1740 1112 διδάσκαλος
1791 1048 1868 1112 δὲ,

286 1148 367 1198 ὃτι
429 1146 505 1216 μὴ
550 1145 618 1198 δι’
652 1144 867 1215 ἀπάτης
921 1143 1132 1211 θέλγων
1183 1143 1380 1206 αὐτοὺς
1435 1143 1531 1196 καὶ
1582 1141 1653 1194 τὰ
1696 1143 1872 1195 οἰκεῖα

290 1238 686 1307 προϊσχόμενος
737 1235 1085 1307 ἐξῳκειοῦτο,
1134 1235 1402 1308 ἐλευθέρῳ
1439 1235 1495 1288 δὲ
1544 1237 1640 1290 καὶ
1681 1233 1872 1304 ἁληθεί

291 1328 438 1396 λόγῳ
482 1328 549 1381 τὰ
601 1327 987 1398 ωμὸησὸμενα
1044 1326 1332 1391 θεσπίζων,
1383 1325 1481 1396 τὴν
1523 1325 1731 1396 αἵρεσιν
1771 1325 1871 1394 τῆς

291 1422 416 1473 κατ’
433 1419 594 1472 αύτοῦ
617 1420 692 1489 (1)
712 1419 981 1482 πολιτείας
995 1420 1074 1482 εἰς
1094 1419 1290 1481 αὐτοὺς
1312 1417 1576 1470 ἐνετίθετο
1599 1434 1612 1481 ;
1637 1417 1872 1470 Τοιαῦτα

292 1513 352 1564 δέ
386 1506 456 1582 ἦν
486 1512 576 1564 καὶ
601 1511 668 1564 τὰ
695 1511 817 1582 περὶ
841 1510 948 1564 τῶν
975 1510 1272 1582 μελλόντων
1299 1507 1386 1561 διὰ
1417 1509 1478 1560 τὸ
1505 1508 1674 1579 ὄνομα
1707 1506 1870 1560 αὑτοῦ

295 1602 673 1672 συμὸήσεσθαι
715 1603 928 1666 αὐτοῖς,
978 1604 1036 1655 ἐν
1076 1596 1156 1664 οἷς
1191 1599 1470 1672 προλέγων
1504 1599 1870 1670 ἐμαρτύρατο,

289 1694 374 1745 ὅτι
408 1694 503 1745 καὶ
533 1693 626 1744 ἐπὶ
659 1691 952 1762 ἡγεμονίας
996 1690 1345 1760 ἁχθὴσονται,
1382 1688 1477 1740 καὶ
1515 1686 1678 1758 μέχρι
1715 1685 1870 1757 βασι-

291 1785 430 1837 λέων
463 1785 755 1853 φθάσουσι,
792 1784 884 1836 καὶ
917 1781 1174 1844 παντοίας
1213 1777 1544 1850 ὑπομενοῦσι
1578 1775 1867 1848 τιμωρίας,

287 1877 358 1930 δι’
392 1877 548 1930 οὐδὲν
579 1877 675 1946 μὲν
709 1875 928 1945 φαῦλον,
964 1875 1082 1927 οὐδὲ
1111 1873 1176 1926 δι’
1211 1873 1403 1944 ἑτέραν
1436 1871 1652 1938 εὔλογον
1669 1869 1868 1932 αἰτίαν,

285 1969 426 2022 αὐτὸ
457 1969 515 2021 δέ
546 1967 703 2020 τοῦτο
735 1968 852 2020 ὅλον
880 1967 966 2019 διὰ
994 1966 1054 2018 τὸ
1082 1966 1251 2036 ὄνομα
1277 1963 1462 2018 αὑτοῦ.
1505 1965 1569 2016 ⁸ο
1597 1961 1691 2014 καὶ
1726 1960 1869 2012 ἐστιν

285 2065 372 2124 εἰς
421 2059 582 2132 δεῦρο
625 2059 958 2133 θεωροῦντας
1002 2057 1412 2130 ἐνεργούμενον,
1459 2053 1870 2123 καταπλαγῆναι

283 2156 388 2225 τὴν
416 2154 716 2224 πῴρῤησιν
737 2168 749 2180 ·
786 2153 818 2222 ἡ
846 2151 953 2222 γὰρ
983 2149 1075 2202 τοῦ
1109 2148 1282 2218 Ἰησοῦ
1314 2147 1578 2217 ὀνόματος
1609 2144 1868 2215 ὁμολογία

283 2249 418 2309 τοὺς
448 2246 651 2316 θυμοὺς
715 2245 900 2296 εἴωθεν
951 2243 1191 2295 ἐκκαίειν
1236 2241 1345 2294 τῶν
1392 2238 1686 2311 ἀρχόντων.
1747 2237 1866 2290 Κᾶν

291 2341 486 2411 μηδενὶ
535 2337 644 2408 γὰρ
681 2336 880 2406 φαῦλον
989 2333 1376 2405 πεπραγμένον
1407 2330 1485 2401 τῷ
1516 2330 1606 2382 τὸν
1633 2328 1866 2400 Χριστὸν

285 2426 674 2497 ἐμολογοῦντι,
725 2425 1042 2489 κολάζουσιν
1082 2425 1283 2494 ὁμοίως
1324 2422 1654 2492 αἰκιζόμενοι
1686 2421 1774 2474 διὰ
1805 2419 1866 2472 τὸ

285 2522 461 2590 ὄνομα
486 2518 672 2582 αὑτοῦ,
700 2518 774 2581 ὡς
803 2518 1017 2570 πάντων
1045 2515 1407 2587 ἀνοσιουργῶν
1431 2515 1862 2585 χαλεπωτέρους·

287 2615 338 2666 εἰ
372 2611 416 2664 δ’
442 2609 757 2679 ἐξομόσαιτό
788 2625 870 2670 τις
909 2608 1006 2678 τὴν
1041 2606 1433 2678 προσηγορίαν,
1473 2606 1565 2657 καὶ
1601 2603 1861 2674 ἀρνηθείη

291 2703 368 2772 μὴ
403 2698 541 2754 εἶναι
565 2700 673 2752 τῶν
696 2697 932 2769 Χριστοῦ
971 2696 1249 2767 μαθητῶν,
1279 2696 1498 2762 ἀφεῖται
1530 2694 1864 2765 παραχρῆμα

286 2791 592 2862 ἐλεύθερος,
633 2788 736 2842 κᾶν
773 2789 983 2859 μυρίοις
1011 2786 1189 2857 ἔνοχος
1217 2785 1502 2854 ἁλίσκηται
1537 2783 1863 2854 πλημμελή-

291 2903 445 2957 μασι.

1973 497 2109 550 laret
2139 494 2248 566 (hic
2281 508 2442 563 porro
2473 504 2615 543 unus
2641 496 2760 542 erat
2788 499 2998 548 eorum,
3024 480 3116 552 qui
3147 480 3218 534 ob
3247 485 3544 534 extremam

1972 585 2206 656 inopiam
2254 586 2456 638 victum
2507 575 2909 647 mendicabant)
2951 589 3061 628 nou
3113 571 3320 625 habens
3351 569 3546 624 Petrus

1971 677 2102 746 quid
2152 677 2343 740 daret,
2400 672 2688 728 confessus
2745 678 2871 733 est,
2927 665 2997 720 ab
3051 663 3200 718 oumi
3239 678 3297 717 se
3330 677 3545 730 posses-

1971 770 2126 824 sione
2171 767 2316 822 auri.
2344 774 2506 836 atque
2550 761 2759 835 argenti
2823 757 3144 818 abhorrere,
3213 754 3298 808 his
3330 753 3546 822 quidem

1969 860 2197 914 verbis:
2247 876 2264 909 ι
2323 857 2620 927 Argentum
2683 857 2738 907 et
2791 863 2983 902 aurum
3052 861 3161 899 non
3221 850 3305 900 est
3379 841 3545 901 mihi.

1975 950 2136 1020 119
2174 947 2317 1019 quod
2366 955 2543 1002 autem
2588 943 2782 1008 habeo,
2824 941 2928 995 hoc
2949 939 3044 994 tibi
3076 939 3179 1003 do;
3230 937 3285 990 in
3329 935 3546 988 nomine

1967 1037 2095 1092 Jesu
2117 1035 2318 1090 Christi
2349 1051 2510 1104 surge
2540 1042 2593 1089 et
2618 1031 2832 1086 ambula
2850 1031 2915 1084 ⁸³.
2946 1049 2963 1079 )
2983 1029 3117 1083 Cum
3141 1042 3266 1082 vero
3289 1026 3362 1080 illi
3397 1040 3425 1077 a
3448 1038 3546 1080 suo

1970 1130 2310 1200 Prmceptore
2337 1130 2514 1184 tristia
2547 1127 2734 1182 auditu
2779 1126 3140 1195 perciperent,
3190 1122 3234 1177 si
3272 1120 3434 1175 modo
3466 1127 3545 1174 αις

1967 1223 2263 1278 tendebaut
2286 1238 2405 1293 quae
2433 1223 2498 1276 ad
2537 1222 2684 1290 ipsos
2713 1218 2940 1282 diceret,
2965 1216 3052 1271 tln
3073 1216 3273 1270 tuundo
3301 1214 3546 1268 alnietio-

1969 1327 2095 1366 nem
2127 1313 2413 1369 habebitis.
2433 1332 2452 1364 ι
2478 1310 2543 1364 Ει
2577 1323 2769 1365 rursus
2796 1305 3138 1378 :tLugebitis
3168 1317 3219 1361 et
3260 1305 3547 1376 plorabitis

1968 1419 2088 1469 vos,
2121 1404 2356 1460 mundus
2384 1412 2563 1458 autem
2603 1401 2858 1473 gaudebit
2894 1419 2906 1452 :
2937 1400 2983 1430 το
3005 1418 3024 1450 ι
3062 1414 3243 1453 nonne
3285 1398 3350 1451 de
3381 1398 3546 1452 animi

1971 1497 2058 1553 sui
2102 1498 2349 1552 moribus
2371 1497 2530 1566 plane
2576 1494 2928 1550 indicabant?
2957 1493 3102 1564 quod
3130 1492 3383 1547 videlicet
3413 1490 3546 1546 soli-

1971 1588 2110 1644 diori
2135 1589 2368 1660 quadam
2389 1588 2674 1658 altiorique
2698 1593 2890 1641 natura
2912 1593 3248 1648 constarent,
3279 1600 3406 1639 cum
3425 1584 3546 1637 ani-

1971 1683 2048 1737 mi
2077 1683 2295 1738 laborcs
2341 1698 2452 1738 non
2488 1683 2760 1754 fugerent,
2791 1695 2967 1750 neque
3001 1680 3328 1749 voluptatem
3363 1694 3547 1749 perse-

1903 1767 1944 1822 Β
1971 1785 2288 1846 querentur,
2323 1777 2579 1846 quodque
2610 1776 2851 1846 ipsorum
2897 1775 3157 1845 magister
3180 1789 3288 1826 non
3323 1772 3547 1828 fraudu-

1969 1869 2113 1923 lente
2141 1884 2236 1924 eos
2269 1869 2608 1937 demulccns,
2637 1879 2733 1926 aut
2755 1887 2844 1928 res
2862 1887 2991 1929 suas
3013 1870 3094 1928 eis
3117 1878 3402 1924 ostentans
3438 1869 3547 1923 sibi

1969 1959 2072 2028 ipsi
2108 1959 2231 2015 illos
2267 1961 2609 2030 adjungeret,
2646 1961 2742 2018 sed
2774 1963 3010 2034 ingenua
3037 1977 3274 2031 veraque
3300 1961 3547 2014 oratione

1968 2067 2090 2123 quae
2109 2062 2366 2107 eventura
2388 2063 2541 2108 erant
2560 2069 2786 2118 canens,
2816 2070 2928 2109 suae
2951 2055 3024 2108 rei
3033 2055 3262 2125 publicm
3285 2056 3545 2108 rationem

1971 2152 2134 2214 atque
2159 2145 2519 2214 propositum,
2550 2147 2604 2200 in
2633 2147 2833 2202 animis
2855 2148 3070 2202 illorum
3094 2147 3374 2216 inligeret?
3395 2146 3547 2200 Talia

1971 2239 2100 2292 item
2133 2247 2288 2292 erant
2317 2255 2439 2308 qua:
2480 2250 2698 2310 propter
2726 2256 2923 2296 nomen
2951 2256 3110 2297 suum
3142 2257 3402 2312 passuros
3424 2241 3547 2296 illos

1973 2327 2320 2396 praedicabat,
2358 2328 2696 2398 signiﬁcans,
2732 2334 2878 2400 quod
2917 2330 2983 2385 ad
3017 2331 3275 2401 praesides
3312 2330 3547 2385 ducendi

1970 2429 2174 2486 essent,
2227 2420 2374 2490 quod
2407 2432 2531 2476 ante
2575 2439 2730 2495 reges
2771 2422 3022 2485 sistendi,
3050 2423 3195 2492 quod
3239 2423 3418 2478 omnis
3456 2439 3549 2492 go-

1971 2511 2121 2566 neris
2161 2525 2350 2580 pinnas
2388 2511 2646 2576 subituri,
2677 2529 2785 2569 non
2816 2512 2888 2566 ob
2919 2512 3088 2566 levem
3125 2527 3236 2566 rem
3284 2511 3544 2580 aliquam,

1967 2618 2143 2672 neque
2172 2603 2242 2657 ob
2288 2602 2452 2657 ullam
2479 2603 2813 2673 probabilem
2853 2619 3101 2666 causam,
3147 2603 3242 2659 sed
3282 2603 3334 2657 id
3369 2612 3546 2657 totum

1968 2702 2186 2764 prepter
2209 2709 2375 2750 unum
2399 2712 2556 2751 suum
2582 2710 2798 2751 nomen.
2821 2695 2977 2762 Quod
3000 2695 3214 2750 interim
3233 2697 3548 2766 cmureipsa

1967 2785 2038 2840 ad
2076 2786 2226 2842 hunc
2259 2803 2434 2858 usque
2473 2788 2617 2844 diem
2660 2789 2920 2860 compleri
2964 2804 3280 2852 cernamus,
3310 2803 3410 2842 cur
3439 2803 3547 2841 non

1966 2877 2195 2947 hujusce
2227 2888 2452 2936 eventus
2478 2880 2881 2950 praedictionem
2933 2880 3408 2951 obstupescimus?
3444 2896 3548 2934 una

287 2980 438 3033 enim
490 2977 762 3033 confessio
813 2976 1052 3030 nominis
1093 2975 1257 3040 Jcsu,
1313 2975 1526 3028 animos
1573 2971 1858 3027 consuevit
1896 2973 2196 3042 accendere
2230 2975 2568 3046 principum.
2603 2975 2739 3030 Nam
2800 2978 2903 3033 etsi
2959 2978 3093 3032 nihil
3127 2976 3549 3048 reprehensione

290 3075 518 3144 dignum
543 3070 839 3133 admiserit,
870 3069 963 3139 qui
989 3067 1266 3122 Christum
1291 3067 1582 3122 confessus
1611 3073 1716 3133 est,
1741 3081 1863 3122 eum
1902 3073 2084 3120 tamen
2120 3068 2354 3136 puniunt
2384 3072 2681 3139 plectentes
2708 3070 2947 3126 nominis
2981 3070 3127 3124 illius
3193 3083 3378 3131 causa.
3430 3085 3548 3125 om-

293 3166 464 3218 nibus
497 3164 736 3217 scelestis
768 3162 1037 3232 asperius.
1101 3161 1253 3226 Qnod
1291 3161 1337 3214 si
1387 3161 1510 3230 quis
1571 3175 1691 3214 eam
1753 3157 2170 3230 appellationem
2208 3161 2576 3230 abjuravet'it,
2623 3166 3010 3235 negavet'itqtte
3061 3179 3120 3219 se
3166 3160 3372 3219 Christi
3421 3178 3545 3220 esse

301 3257 647 3326 discipulum,
688 3257 981 3310 dimittitur
1035 3255 1180 3308 illico
1216 3271 1279 3309 ac
1325 3255 1609 3318 liberatur,
1643 3255 1857 3309 etiamsi
1893 3254 2382 3310 innumerabilibus
2414 3257 2650 3325 peccatis
2680 3258 2952 3312 obnoxius
2985 3265 3254 3312 teneatur.

373 3351 482 3402 Καὶ
506 3350 555 3402 τί
584 3368 643 3418 με
671 3351 774 3420 χρὴ
827 3349 994 3420 μυρία
1025 3351 1370 3417 συναγαγεῖν,
1394 3349 1453 3401 τὸ
1489 3348 1597 3400 τῶν
1643 3347 1865 3401 ἀποστό-

2044 3343 2108 3397 Ει
2135 3347 2263 3415 quid
2303 3362 2388 3402 me
2421 3348 2718 3403 Salvatoris
2752 3350 2929 3405 nostri
2963 3349 3334 3418 apostolorum
3364 3361 3546 3402 mores

293 3441 404 3494 λων
432 3442 522 3494 τοῦ
553 3443 797 3513 Σωτῆρος
826 3442 981 3513 ἡμῶν
1008 3441 1326 3512 διαγράφειν
1354 3438 1484 3513 ἦθος
1509 3440 1866 3513 πειρώμενον,

291 3537 599 3608 ἀρκούντων
653 3537 745 3589 καὶ
795 3536 902 3588 τῶν
958 3535 1261 3609 εἰρημένων
1303 3537 1383 3599 είς
1433 3535 1705 3599 ἀπόδειξιν
1772 3533 1867 3588 τοῦ

291 3625 694 3693 προκειμένου;
733 3617 813 3687 οἷς
846 3623 927 3677 ἐτι
960 3624 1130 3679 ταῦτα
1165 3624 1443 3696 προσθεὶς,
1474 3625 1565 3679 ἐπὶ
1597 3625 1656 3678 τὺ
1684 3626 1867 3696 ἓτερον

291 3719 477 3783 στῖφος
535 3715 641 3767 τῶν
709 3717 1054 3785 συκοφαντῶν
1119 3717 1514 3787 μεταϐήσομαι.
1591 3717 1867 3780 Ματθαῖος

287 3807 586 3871 ἀπόστολος
615 3810 705 3862 τὸν
735 3810 995 3880 πρότερον
1028 3808 1142 3878 βίον
1169 3810 1267 3862 ούκ
1296 3810 1403 3862 ἀπὸ
1433 3810 1636 3880 σεμνῆς
1663 3810 1868 3881 διατρι-

288 3901 392 3971 εῆς
417 3902 659 3973 ὡρμᾶτο,
691 3905 753 3953 ἐκ
775 3901 829 3954 δὲ
864 3901 972 3953 τῶν
998 3901 1138 3970 ἀμφὶ
1171 3900 1267 3964 τὰς
1295 3901 1550 3964 τελωνίας
1581 3903 1673 3955 καὶ
1706 3901 1864 3954 πλεο-

288 3987 471 4059 νεξίας
507 3993 887 4064 σχολαζόντων.
923 3991 1092 4045 Τοῦτο
1123 3992 1297 4055 οὐδεὶς
1329 3991 1436 4046 τῶν
1465 3992 1864 4062 εύαγγελιστῶν

287 4086 577 4155 ἐδήλωσεν,
601 4086 696 4152 οὐχ
720 4088 746 4137 ὁ
771 4085 1160 4147 συναπόστολος
1179 4084 1343 4137 αὐτοῦ
1369 4085 1638 4153 Ἰωάννης,
1660 4084 1779 4138 οὐδέ
1799 4101 1864 4151 γε

288 4177 528 4237 Λουκᾶς,
543 4175 661 4227 οὐδὲ
679 4176 920 4247 Μάρκος,
938 4178 966 4228 6
1000 4175 1055 4228 δὲ
1072 4175 1344 4240 Ματθαῖος
1366 4175 1456 4228 τὸν
1473 4175 1666 4229 ἑαυτοῦ
1685 4176 1864 4246 στηλι-

285 4266 465 4318 τεύων
496 4265 625 4333 βίον,
659 4267 749 4317 καὶ
777 4269 1076 4336 κατήγορος
1105 4266 1264 4330 αὐτὸς
1298 4266 1490 4318 ἑαυτοῦ
1521 4268 1857 4337 γιγνόμενος.

299 4357 632 4410 Ἐπὰκουσον
656 4357 782 4426 γοῦν
805 4359 952 4421 ὅπως
972 4358 1265 4430 διαρρήδην
1291 4361 1378 4411 ἐπ’
1401 4359 1662 4430 ὀνόματος
1687 4359 1857 4413 αὑτοῦ

292 4450 562 4519 μέμνηται
582 4453 637 4502 ἐν
653 4449 729 4520 τῷ
748 4451 881 4521 πρὸς
902 4451 1063 4504 αὐτοῦ
1090 4450 1352 4521 γραφέντι
1381 4451 1716 4522 Εὖαγγελίῳ,
1740 4452 1862 4505 τοῦ-

287 4559 380 4596 τον
396 4542 566 4610 λέγων
587 4543 674 4596 τὸν
698 4543 914 4613 τρόπον·
946 4563 961 4592 t
975 4543 1083 4595 Καὶ
1105 4544 1366 4615 παράγων
1390 4543 1596 4599 ἐκεῖθεν
1615 4546 1642 4597 6
1660 4537 1859 4614 Ἰησοῦς

290 4630 432 4685 εἶδεν
457 4634 735 4706 ἄνθρωπον
756 4634 1061 4706 καθήμενον
1089 4636 1180 4688 ἐπὶ
1207 4636 1268 4688 τὸ
1291 4635 1562 4700 τελώνιον,
1582 4637 1857 4691 Ματθαῖον

288 4728 543 4798 ὀνόματι,
607 4729 700 4781 καὶ
769 4724 921 4781 εἶπεν
993 4728 1169 4798 αύτῷ-
1229 4730 1533 4784 Ἀκολούθει
1582 4748 1702 4801 μοι·
1764 4731 1858 4786 καὶ
1888 4703 1934 4758 D

285 4820 525 4883 ἀναστὰς
567 4821 927 4890 ἠκολούθησεν
957 4820 1121 4892 αύτῷ.
1160 4821 1266 4875 Καὶ
1301 4823 1536 4890 ἐγένετο,
1571 4825 1860 4896 ἀνακειμέ-

283 4931 383 4966 νου
423 4912 583 4964 αὑτοῦ
622 4914 677 4964 ἐν
706 4915 770 4982 τῇ
814 4913 976 4982 οἰκίᾳ,
1011 4912 1104 4966 καὶ
1141 4913 1247 4967 ἰδοὺ
1285 4915 1467 4968 πολλοὶ
1503 4915 1732 4970 τελῶναι
1765 4917 1860 4970 καὶ

285 4991 602 5075 ἁμαρτωλοὶ
629 5003 999 5057 συνανέκειντο
1023 5005 1100 5075 τῷ
1132 5005 1304 5076 Ἰησοῦ
1332 5009 1426 5060 καὶ
1449 5010 1562 5070 τοῖς
1595 5007 1859 5078 μαθηταῖς

285 5096 478 5150 αὑτοῦ.
515 5115 531 5145 ι
585 5097 694 5149 Καὶ
740 5095 900 5149 πάλιν
935 5096 1136 5166 προῖὼν
1175 5096 1318 5168 ἑξῆς,
1350 5098 1442 5150 τόν
1477 5115 1535 5150 τε
1567 5099 1864 5168 κατάλογον

279 5187 394 5240 τῶν
428 5187 681 5258 μαθητῶν
719 5185 1196 5259 ἐξαριθμούμενος,
1247 5189 1409 5252 αὐτὸς
1451 5189 1628 5259 ἐαυτῷ
1671 5190 1731 5242 τὸ
1767 5190 1860 5242 τοῦ

278 5279 516 5332 τελώνου
574 5279 744 5350 ὄνομα
796 5279 1169 5348 προστίθησιν.
1217 5281 1378 5348 Λέγει
1422 5281 1467 5334 δ’
1502 5279 1628 5335 οὖν·
1688 5303 1704 5333 t
1739 5281 1860 5334 Τῶν

276 5369 337 5422 δὲ
370 5368 576 5424 δώδεκα
608 5372 918 5425 ἀποστόλων
947 5369 1016 5423 τὰ
1040 5371 1280 5441 ὀνόματά
1309 5373 1424 5425 ἐστι
1452 5373 1622 5428 ταῦτα
1643 5390 1654 5403 ·
1703 5373 1855 5446 πρῶ-

277 5477 372 5524 τος
403 5461 584 5530 Σίμων
620 5465 648 5516 6
668 5463 955 5535 λεγόμενος
984 5465 1207 5538 Πέτρος,
1233 5470 1324 5522 καὶ
1365 5469 1614 5540 Ἀνδρέας
1645 5470 1673 5522 6
1700 5468 1854 5522 ἁδελ-

282 5552 382 5618 φοὶς
417 5552 602 5615 αὐτοῦ,
645 5555 896 5620 Ἰάκωϐος
936 5559 964 5604 6
1002 5556 1094 5609 τοῦ
1126 5558 1430 5624 Ζεϐεδαίου,
1466 5563 1558 5614 καὶ
1604 5562 1856 5632 Ἰωάννης

354 5646 536 5701 "Act.
571 5664 653 5710 tu,
684 5650 737 5704 6.
884 5653 929 5682 ⁷ο
957 5650 1089 5707 Luc.
1124 5671 1197 5718 Vl,
1230 5655 1319 5710 25.

347 5739 423 5807 (1)
467 5743 683 5799 Αὑτοῦ.
717 5743 876 5802 Forte
910 5749 1088 5804 αότόν.
1127 5749 1279 5805 Eutr.

1397 5660 1438 5689 ⁷¹
1469 5657 1655 5715 Matth.
1693 5661 1886 5725 11,10.

1971 3434 2286 3491 describere
2321 3447 2636 3503 conantem,
2673 3440 2831 3509 plura
2873 3440 2928 3494 in
2962 3455 3131 3493 unum
3161 3453 3353 3509 cogere
3381 3453 3546 3508 Opor-

1969 3536 2064 3596 tet,
2095 3545 2219 3583 cum
2261 3529 2328 3585 iis
2353 3547 2475 3601 quae
2511 3532 2658 3586 dicta
2687 3541 2837 3598 sunt,
2885 3531 3103 3588 abunde
3141 3531 3381 3585 contenti
3422 3547 3546 3585 esse

1967 3624 2264 3693 possimus,
2295 3623 2363 3678 ad
2392 3625 2443 3678 id
2475 3624 2962 3682 demonstrandum
2995 3625 3137 3696 quod
3180 3641 3209 3678 a
3240 3626 3399 3679 nobis
3429 3640 3546 3694 pro-

1969 3717 2204 3787 positum
2229 3717 2345 3772 est?
2367 3716 2579 3783 Quibus
2609 3733 2733 3773 cum
2759 3733 2930 3789 pauca
2963 3735 3086 3788 qua:
3118 3726 3423 3789 sequuntur
3448 3717 3546 3771 ad-

1965 3812 2176 3874 didero,
2206 3812 2273 3865 ad
2311 3812 2455 3866 aliud
2497 3811 2948 3866 calmnniantium
2994 3827 3167 3883 genus
3205 3827 3292 3866 me
3317 3826 3546 3866 conver-

1965 3913 2097 3955 tam.
2145 3902 2430 3959 Mattha-us
2472 3905 2750 3974 apostolus
2796 3904 2920 3960 vitae
2961 3919 3156 3976 genus,
3201 3904 3348 3975 quod
3391 3903 3546 3974 prius

1965 4004 2208 4050 sectatus
2241 4006 2349 4062 est,
2383 3999 2536 4052 nullo
2578 3997 2829 4068 graviore
2873 3997 3058 4053 studio
3103 4008 3197 4054 attt
3249 4004 3545 4053 consuetu-

1963 4091 2089 4145 dine
2144 4092 2406 4146 retertum
2454 4092 2554 4146 sibi
2602 4091 2823 4161 delegit,
2873 4091 2967 4147 sed
3010 4091 3155 4147 inter
3198 4091 3542 4163 publicanos.

1962 4193 2016 4237 et
2037 4199 2132 4238 eos
2163 4185 2255 4254 qui
2298 4186 2544 4254 pecunia:
2581 4185 2902 4257 colligendae
2953 4194 3231 4242 vacarent.
3271 4183 3386 4240 Hoc
3422 4186 3546 4256 qui-

1961 4276 2083 4331 dem
2112 4278 2294 4334 nullus
2315 4278 2772 4350 evangelistarum
2803 4277 3085 4342 indicavit,
3111 4293 3219 4333 non
3249 4285 3543 4348 coaposto-

1961 4361 2048 4425 lus
2085 4372 2205 4440 ejus
2233 4371 2494 4434 Joannes,
2526 4387 2634 4428 non
2666 4370 2865 4437 Lucas,
2887 4386 2998 4426 non
3029 4371 3266 4438 Marcus,
3308 4370 3404 4427 sed
3428 4372 3545 4442 ipse

1963 4462 2248 4518 Matthams
2285 4478 2438 4518 suam
2470 4463 2648 4533 ipsius
2675 4463 2839 4516 vitam
2873 4478 2983 4517 non
3016 4463 3394 4526 dissimulans,
3427 4463 3543 4532 pla-

1961 4571 2137 4626 neque
2174 4556 2288 4625 ipsc
2319 4557 2558 4626 seipsum
2583 4571 2874 4613 accusans.
2905 4557 3047 4612 Audi
3075 4557 3242 4628 igitur
3270 4559 3543 4630 quomodo

1963 4647 2135 4717 palam
2160 4647 2242 4702 sui
2278 4648 2516 4703 nominis
2565 4649 2834 4714 meminit,
2863 4649 2916 4703 iu
2949 4665 3034 4712 eo,
3073 4649 3218 4719 quod
3249 4649 3365 4718 ipse
3406 4650 3544 4703 scri-

1966 4741 2073 4810 psit
2115 4740 2428 4812 Evangelio,
2457 4749 2513 4794 et
2563 4755 2746 4795 mores
2803 4742 3055 4811 proprios
3112 4740 3362 4794 notavit;
3413 4759 3430 4790 ι
3477 4738 3542 4794 Et

1967 4832 2278 4903 prteteriens
2309 4831 2459 4886 illinc
2475 4831 2658 4898 Jesus,
2691 4831 2824 4888 vidit
2849 4834 3008 4904 120
3031 4834 3304 4889 hominem
3339 4833 3539 4889 seden-

1966 4936 2073 4979 tem
2108 4925 2163 4978 in
2199 4925 2423 4991 telonio,
2447 4924 2758 4980 Matthamm
2805 4927 3047 4992 nomine,
3079 4935 3132 4981 et
3170 4927 3308 4980 dixit
3333 4925 3417 4980 ei:
3444 4924 3542 4980 Se—

1966 5030 2135 5084 quere
2169 5031 2276 5080 me,
2315 5026 2369 5071 et
2409 5031 2640 5086 surgens
2676 5027 2897 5072 secutus
2935 5025 3020 5072 est
3051 5031 3198 5079 eum,
3245 5026 3299 5070 Cl
3335 5015 3538 5070 factum

1964 5117 2068 5172 est,
2101 5109 2481 5164 discumbente
2509 5110 2603 5163 illo
2636 5110 2689 5163 in
2723 5110 2906 5176 domo,
2931 5125 3060 5165 ecce
3081 5109 3234 5164 multi
3261 5110 3538 5180 publicani

1963 5208 2016 5252 et
2065 5211 2382 5269 peccatores
2427 5203 2591 5258 simul
2639 5202 3060 5259 discumbebant
3115 5216 3240 5256 cum
3276 5200 3441 5269 Jcsu,
3485 5213 3542 5257 et

1961 5291 2246 5361 discipulis
2295 5294 2498 5364 ejus“.
2526 5314 2544 5346 ι
2578 5293 2845 5365 Deinceps
2891 5309 3148 5350 sermone
3189 5310 3536 5365 progressus,

1961 5399 2022 5438 ac
2053 5385 2448 5458 discipulorum
2490 5390 2714 5445 nomina
2744 5404 3094 5452 enumerans,
3133 5389 3250 5462 ipse
3283 5389 3390 5446 sibi
3432 5390 3538 5462 ipsi

1960 5478 2234 5547 publicani
2263 5496 2459 5536 nomen
2489 5481 2756 5552 adjungit,
2786 5482 3104 5554 dicitigitur
3130 5502 3143 5538 :
3183 5502 3203 5536 ι
3241 5483 3540 5542 Duodecim

1957 5584 2086 5625 vcro
2118 5573 2489 5640 apostolorum
2515 5574 2737 5631 nomina
2766 5584 2895 5631 sunt
2924 5575 3059 5642 haec,
3082 5575 3294 5646 primus
3325 5576 3538 5636 Simon.
