3930 6202
397 215 505 275 Ξίῦ

1065 223 1332 280 EUSEBII
1367 223 1845 283 CESARIENSIS
1874 226 1940 285 01

2065 228 2250 287 PARS
2273 229 2338 288 Π.
2365 262 2436 274 -
2465 230 2961 293 Αρσιοοετιωι.

3426 217 3433 223 ’
3521 240 3636 297 ate

393 339 490 408 qui
526 339 726 396 dicitur
754 339 971 405 Petrus,
1007 349 1062 396 et
1085 340 1332 399 Andreas
1362 341 1533 400 frater
1563 343 1700 414 ejus,
1730 344 1940 401 Iacobs:

2063 347 2095 400 6
2112 347 2336 418 ἀδελφὸς
2361 347 2548 412 αὐτοῦ,
2566 348 2838 415 Φίλιππος
2857 351 2953 405 καὶ
2977 352 3396 425 Βαρθολομαιος,
3425 353 3631 426 Θωμᾶς

394 426 666 497 Zebetlaei,
689 439 744 487 et
776 429 1015 489 Joannes
1049 432 1219 489 frater
1256 435 1397 505 ejus,
1436 435 1721 510 Philippus
1750 449 1804 494 et
1835 438 1961 493 Bar-

393 522 740 589 tholomazus,
789 521 1027 581 Thomas
1069 534 1124 583 et
1164 526 1449 585 Matthzeus
1483 530 1806 601 publicanus
1829 531 1895 585 η.
1935 548 1954 584 ι

400 612 586 684 Itaque
610 613 892 670 Matthaeus
916 616 1249 673 abundantia
1270 621 1503 691 quadam
1527 620 1823 688 modestia,
1850 631 1961 679 stu-

397 705 548 761 dium
587 722 695 778 pra:
722 723 781 764 se
810 708 993 766 ferens
1015 711 1262 769 veritatis
1294 714 1350 768 in
1380 714 1496 770 suis
1528 715 1771 771 moribus
1805 715 1949 770 indi-

394 797 605 863 candis,
648 799 1001 871 publicanum
1041 817 1101 859 se
1141 805 1453 875 appellavit,
1491 822 1667 878 neque
1719 808 1956 878 priorem

394 903 550 943 suam
580 891 743 946 vitam
773 894 1054 950 occultare
1092 898 1280 953 voluit.
1311 897 1379 952 Et
1410 901 1654 955 secundo
1687 900 1811 956 loco
1834 907 1959 971 post

393 982 654 1050 aequalem
674 997 833 1039 suum
864 1000 924 1041 se
950 988 1268 1044 nominavit.
1297 988 1433 1045 Cum
1451 991 1595 1046 enim
1622 992 1820 1059 singuli
1841 993 1959 1048 sin-

393 1073 539 1142 gulis
590 1086 998 1146 comparantur,
1026 1080 1143 1149 ipse
1176 1078 1462 1138 Matthaeus
1490 1082 1734 1151 Thomas,
1760 1082 1957 1142 Petrus

391 1164 642 1230 Andreas,
680 1166 918 1226 Iacobus
950 1169 1166 1238 Ioanni,
1208 1171 1492 1245 Philippus
1536 1174 1952 1244 Bartholomaao,

392 1255 658 1315 Thomam
705 1261 807 1317 sibi
846 1263 947 1333 ipsi
1002 1265 1289 1335 praeponit,
1337 1267 1573 1336 priorem
1614 1268 1695 1323 illi
1738 1258 1953 1339 locum,

390 1353 639 1421 quamvis
662 1356 1000 1426 coapostolo,
1027 1363 1287 1427 tanquam
1322 1358 1659 1416 honoratiori
1687 1362 1953 1432 tribuens,

391 1442 608 1496 tametsi
661 1443 856 1514 reliqui
924 1448 1271 1516 evangelista
1324 1450 1663 1504 contrarium
1720 1450 1952 1510 faciunt.

387 1530 530 1587 Audi
564 1534 745 1606 itaque
762 1535 987 1601 Lucam,
1022 1547 1083 1593 ut
1105 1538 1338 1595 Μαιώοεὶ
1364 1541 1693 1597 mentionem
1723 1541 1950 1609 faciens,

390 1635 500 1676 non
551 1625 902 1693 publicanum
947 1626 1098 1693 dicit,
1141 1642 1318 1697 neque
1363 1636 1488 1700 post
1525 1628 1789 1687 Thomam
1838 1633 1955 1687 col-

2059 450 2155 496 και
2180 441 2456 506 Ματθαῖος
2477 442 2507 494 6
2535 440 2793 515 τελώνης.
2812 462 2830 496 ι
2849 444 3033 510 οὕτως
3063 446 3162 517 μὲν
3191 448 3221 500 6
3245 447 3538 514 Ματθαῖος,
3557 449 3629 505 δι’

2060 532 2363 606 ὑπερϐολὴν
2406 535 2707 601 ἐπιεικείας
2753 538 2813 592 τὸ
2845 539 3135 611 φιλάληθες
3171 540 3478 611 ὑποφαίνων
3528 540 3629 598 τοῦ

2061 622 2192 677 ἰδίου
2240 624 2444 696 τρόπου
2464 665 2480 690 ,
2541 626 2638 681 καὶ
2682 627 2919 700 τελώνην
2970 630 3158 684 ἐαυτὸν
3210 631 3504 697 ἀπεκάλει,
3548 632 3627 705 μὴ

2058 714 2424 786 ἀποκρύπτων
2474 716 2570 771 τὸν
2618 720 2884 792 πρότερον
2937 721 3133 776 ἐαυτοῦ
3181 720 3295 792 βίον
3319 762 3336 788 ,
3390 723 3483 777 καὶ
3528 724 3626 778 τοῦ

2060 803 2296 875 συζύγου
2337 806 2591 880 δεύτερον
2627 811 2825 866 ἑαυτὸν
2852 812 3163 882 κατέλεγεν.
3194 813 3629 886 Συνεζευγμένος

2056 895 2189 965 γοῦν
2225 896 2303 969 τῷ
2327 898 2517 971 Θωμᾷ,
2551 902 2581 955 6
2612 900 2816 974 Πέτρος
2853 902 3095 975 Ἀνδρέᾳ,
3127 904 3222 958 καὶ
3266 905 3518 969 Ἰάκωὸος
3545 904 3626 976 τῷ

2069 985 2286 1058 Ἰωάννῃ
2305 1027 2322 1051 ,
2374 988 2466 1041 καὶ
2515 987 2779 1055 Φίλιππος
2844 990 3228 1064 Βαρθολομαίῳ
3245 1032 3262 1057 ,
3334 993 3625 1064 προτάττει

2056 1075 2250 1130 ἑαυτοῦ
2280 1076 2372 1133 τὸν
2402 1077 2623 1149 Θωμᾶν,
2651 1081 2928 1153 προτιμῶν
2966 1081 3043 1146 ὡς
3067 1083 3351 1155 κρείττονα
3375 1084 3467 1138 τόν
3498 1102 3623 1139 συν-

2056 1167 2352 1224 απόστολον
2371 1205 2387 1233 ,
2432 1170 2542 1224 τῶν
2587 1171 2791 1227 λοιπῶν
2853 1172 3251 1243 εὐαγγελιστῶν
3317 1175 3623 1231 τούναντίον

2057 1259 2453 1331 πεποιηκότων.
2476 1260 2673 1316 Ἄκουε
2699 1263 2828 1333 γοῦν
2848 1265 3051 1327 Λουκᾶ,
3074 1263 3211 1329 πῶς,
3233 1264 3326 1319 τοῦ
3342 1265 3623 1320 Ματθαίου

2057 1350 2455 1421 μνημονεύσας,
2505 1354 2566 1408 οὐ
2595 1354 2831 1428 τελώνην
2873 1354 3149 1428 ὀνομάζει,
3191 1356 3298 1412 οὐδ’
3336 1358 3623 1414 ὑποτάττει
3742 1382 3761 1399 ι

2054 1439 2133 1511 τῷ
2159 1441 2362 1514 Θωμᾷ,
2392 1443 2676 1516 κρείττονα
2717 1446 2774 1501 δὲ
2808 1445 2970 1502 αὐτὸν
3008 1445 3184 1512 εἰδὼς,
3211 1446 3425 1520 πρῶτον
3456 1448 3623 1502 αὐτὸν

2054 1532 2359 1599 κατέλεξεν,
2403 1534 2655 1610 δεύτερον
2698 1536 2789 1592 τὸν
2828 1536 3028 1609 Θωμᾶν
3077 1537 3394 1609 ἐπαγαγὼν,
3425 1536 3623 1613 ὥσπερ

2053 1624 2149 1676 καὶ
2188 1626 2218 1677 6
2241 1625 2466 1697 Μάρκος
2503 1628 2833 1700 πεποίηκεψ
2872 1628 3052 1699 έχουσι
3083 1628 3141 1683 δὲ
3166 1629 3330 1684 αὐτοῦ
3358 1631 3416 1684 αἱ
3446 1629 3620 1699 λέξεις

387 1710 551 1777 locat,
580 1715 675 1771 sed
698 1718 1127 1786 praestantiorem
1153 1719 1303 1774 illum
1329 1735 1687 1792 cognoscens,
1718 1723 1940 1795 priorem

2054 1714 2258 1780 οὕτως·
2321 1735 2341 1769 ι
2367 1717 2478 1773 Καὶ
2521 1719 2609 1773 ὅτε
2667 1720 2849 1793 ἡμέρα
2893 1719 3139 1790 ἐγένετο,
3195 1718 3441 1793 ἐφώνησε
3491 1722 3619 1786 τούς

384 1823 605 1878 quoque
634 1810 900 1876 nominat,
928 1809 1190 1867 Thomam
1212 1813 1290 1868 illi
1314 1815 1558 1870 secundo
1587 1816 1708 1872 loco
1729 1817 1952 1888 subjun-

386 1916 542 1970 gens,
569 1903 712 1973 quod
758 1904 936 1975 ipsum
978 1902 1194 1962 Marcus
1232 1923 1449 1978 quoque
1487 1912 1744 1967 servavit.
1773 1912 1951 1969 Verba

385 1995 555 2064 igitur
600 1996 749 2052 illius
793 1998 874 2052 sic
915 2011 975 2053 se
1010 1996 1216 2054 habent
1247 2017 1264 2054 :
1292 2018 1313 2052 ι
1350 1999 1418 2055 Ει
1452 2016 1577 2057 cum
1616 2002 1736 2060 dies
1776 2004 1950 2061 factus

383 2096 552 2149 esset,
587 2090 800 2144 vocavit
846 2090 1149 2163 discipulos
1179 2108 1333 2160 suos,
1378 2102 1432 2152 et
1459 2097 1621 2169 elegit
1660 2099 1947 2157 duodecim

381 2190 449 2233 ea
489 2178 592 2241 eis,
640 2194 779 2248 quos
817 2185 871 2234 et
916 2180 1217 2250 apostolos'
1242 2183 1547 2240 nominavit
1587 2204 1600 2240 :
1650 2186 1947 2252 Simonem,

380 2284 543 2340 quem
593 2272 756 2326 etiam
799 2268 1022 2326 Petrum
1060 2275 1298 2339 vaeavit,
1332 2283 1387 2332 et
1417 2276 1690 2334 Andream
1724 2278 1949 2335 fratrem

383 2358 533 2429 ejus,
558 2356 818 2416 Iacobum
851 2370 904 2416 et
932 2358 1219 2427 Joannem,
1239 2362 1551 2437 Philippum
1583 2376 1639 2422 et
1666 2367 1950 2424 Bartholo—

378 2466 602 2519 meeum,
633 2452 943 2508 Matthazum
978 2459 1033 2508 et
1063 2451 1326 2510 Thomam
1349 2456 1415 2512 ⁷³.
1456 2476 1477 2509 ι
1513 2456 1605 2513 Sic
1635 2458 1947 2515 Matthmum

378 2540 560 2599 Lucas
597 2545 895 2615 anteponit,
936 2544 1388 2614 quemadmodum
1435 2548 1540 2620 ipsi
1587 2549 1946 2616 tradiderant,

377 2635 473 2706 qui
499 2635 568 2690 ab
600 2635 755 2691 initio
785 2636 891 2706 ipsi
923 2635 1193 2701 viderant,
1227 2646 1282 2693 et
1313 2640 1548 2695 ministri
1578 2642 1797 2698 fuerant
1828 2657 1948 2698 ser-

376 2725 578 2783 monis.
614 2724 875 2783 Ioannem
902 2746 1120 2802 quoque
1142 2731 1373 2788 similem
1401 2731 1655 2791 Matthzeo
1682 2735 1944 2793 invenies.

379 2814 514 2871 Nam
539 2816 594 2871 in
623 2817 739 2873 suis
774 2818 1024 2889 epistolis
1056 2836 1122 2877 ue
1163 2819 1412 2876 meminit
1443 2822 1661 2892 quidem
1692 2838 1805 2880 suae
1847 2834 1945 2895 ap-

380 2908 714 2980 pellationis,
737 2918 831 2965 aut
855 2913 1125 2968 seniorem
1150 2926 1210 2969 se
1239 2913 1504 2978 nominat,
1524 2929 1797 2985 nusquam
1818 2932 1946 2973 vero

382 3001 687 3072 apostolum
726 3010 820 3058 aut
848 3004 1258 3075 evangelistam.
1300 3002 1359 3059 lu
1401 3005 1695 3076 Evangelio
1737 3013 1939 3074 autem,

2058 1807 2302 1880 μαθητὰς
2339 1808 2662 1873 αὐτοῦρκαὶ
2696 1808 3048 1882 ἐκλεξάμενος
3082 1811 3145 1877 ἐξ
3177 1811 3355 1865 αὐτῶν
3387 1812 3621 1878 δώδεκα,

2052 1900 2149 1965 οὓς
2185 1902 2279 1955 καὶ
2314 1900 2642 1966 ἀποστόλους
2675 1902 2979 1974 ὠνόμασεν,
3008 1902 3247 1973 Σίμωνα,
3273 1902 3333 1957 6v
3366 1904 3460 1957 καὶ
3489 1903 3619 1957 ἐκά-

2053 1990 2174 2044 λεσε
2197 1991 2423 2064 Πέτρον,
2465 1992 2561 2045 καὶ
2598 1991 2850 2063 Ἀνδρέαν
2885 1993 2977 2046 τὸν
3016 1992 3240 2064 ἀδελφὸν
3285 1993 3474 2058 αὐτοῦ,
3515 1996 3618 2049 Ἰά-

2052 2080 2228 2135 κωϐον
2253 2084 2347 2136 καὶ
2367 2081 2642 2154 Ἰωάννην,
2658 2083 2754 2136 καὶ
2774 2082 3056 2146 Φίλιππον,
3076 2084 3171 2137 καί
3195 2082 3613 2155 Βαρθολομαῖον,

2052 2175 2149 2228 καὶ
2179 2175 2478 2240 Ματθαῖον,
2523 2178 2619 2231 καὶ
2661 2174 2883 2246 Θωμᾶν.
2911 2194 2929 2226 ι
2963 2175 3149 2239 Οὐτως
3197 2176 3294 2246 μὲν
3335 2175 3425 2229 τὸν
3455 2176 3614 2230 Ματ-

2050 2264 2201 2319 θαῖον
2241 2265 2271 2317 6
2298 2266 2508 2330 Λουκᾶς
2553 2266 2812 2337 ἐτίμησε,
2858 2265 2978 2320 καθ’
3027 2264 3064 2319 ἃ
3111 2265 3430 2338 παρέδωκαν
3464 2266 3619 2338 αὐτῷ

2047 2358 2098 2411 οί
2133 2359 2385 2430 ἀπαρχῆς
2423 2358 2686 2412 αὐτόπται
2736 2360 2830 2413 καὶ
2874 2356 3145 2430 ὑπηρέται
3193 2359 3468 2430 γενόμενοι
3510 2357 3606 2412 τοῦ

2049 2449 2226 2519 λόγου.
2275 2449 2386 2503 Καὶ
2422 2449 2512 2504 τὸν
2560 2450 2812 2521 Ἰωάννην
2866 2448 2922 2503 δὲ
2972 2449 3165 2520 ὅμοιον
3208 2449 3383 2521 εὕροις
3426 2449 3492 2503 ἂν
3526 2449 3609 2521 τῷ

2047 2540 2327 2611 Ματθαίῳ.
2382 2540 2469 2594 Ἐν
2503 2540 2600 2611 μὲν
2636 2539 2745 2610 γάρ
2787 2543 2910 2605 ταῖς
2949 2542 3259 2605 ἐπιστολαῖς
3297 2540 3458 2595 αὐτοῦ
3489 2540 3612 2595 οὐδὲ

2052 2631 2269 2702 μνήμην
2294 2631 2392 2701 τῆς
2414 2631 2618 2695 οἰκείας
2644 2631 3010 2704 προσηγορίας
3035 2635 3284 2697 ποιεῖται,
3315 2632 3348 2703 ἢ
3378 2632 3613 2705 πρεσϐύ-

2047 2738 2202 2792 τερον
2245 2722 2433 2775 ἐαυτὸν
2474 2722 2748 2794 ὀνομάζει,
2787 2723 3021 2795 οὐδαμοῦ
3058 2723 3116 2777 δὲ
3147 2723 3464 2788 ἀπόστολον,
3489 2724 3611 2779 οὐδὲ

2045 2813 2433 2887 εὐαγγελιστήν
2450 2831 2465 2845 ο
2499 2815 2557 2868 ἐν
2583 2814 2640 2868 δέ
2668 2812 2745 2885 τῷ
2772 2812 3089 2885 Εὑαγγελίῳ
3134 2813 3611 2886 ἐπισημηνάμενος

2043 2904 2105 2958 ὃν
2128 2905 2316 2975 ἠγάπα
2344 2906 2375 2959 6
2408 2906 2631 2977 Ἰησοῦς,
2663 2908 2763 2961 οὐκ
2804 2908 3071 2979 ἐδήλωσεν
3107 2908 3367 2980 ὀνομαστὶ⁸
3396 2909 3608 2965 ἑαυτόν.

2048 2993 2115 3049 ’⁷0
2145 3012 2210 3064 γε
2236 2994 2340 3066 μὴν
2364 2995 2569 3067 Πέτρος
2600 2996 2722 3050 οὐδὲ
2751 2996 2989 3069 καθῆκεν
3023 2998 3115 3050 ἐπὶ⁵
3150 2997 3248 3069 τὴν
3274 2997 3611 3067 Εὐαγγελίον

378 3109 502 3149 cum
524 3094 886 3167 signiﬁcasset
908 3097 1059 3152 illum
1086 3112 1246 3168 quem
1271 3097 1527 3168 diligebat
1538 3075 1722 3165 Iesus,
1743 3113 1940 3156 nomen

2042 3086 2256 3160 γραφὴν
2276 3087 2343 3141 δι’
2360 3088 2641 3155 εὐλαϐείας
2664 3090 2987 3162 ὑπερϐολήν.
3014 3091 3214 3144 Τούτου
3234 3091 3461 3162 Μάρκος
3479 3090 3610 3160 γνώ-

377 3201 538 3243 suum
571 3200 682 3243 non
728 3188 934 3258 posuit.
971 3186 1167 3245 Petrus
1211 3204 1343 3246 vero
1387 3204 1454 3246 ex
1498 3190 1667 3250 nimia
1706 3189 1941 3263 quadam

374 3280 705 3346 reverentia,
738 3297 807 3337 ne
834 3281 1057 3352 dignum
1078 3282 1297 3353 quidem
1331 3296 1391 3338 se
1428 3282 1726 3355 scriptione
1764 3282 1940 3339 Evan-

376 3373 502 3445 gelii
545 3375 899 3432 existimavit.
940 3375 1046 3431 Sed
1084 3374 1208 3445 eius
1252 3373 1540 3433 familiaris
1582 3391 1647 3432 ac
1696 3376 1940 3449 discipu-

374 3462 467 3521 lus
502 3463 739 3532 Marcus,
788 3465 844 3520 in
895 3465 1347 3544 comnyttarium
1393 3467 1649 3523 retulisse
1694 3466 1938 3537 eiusdem

373 3554 444 3611 de
497 3556 666 3613 rebus
724 3556 894 3627 gestis
949 3555 1115 3623 Iesu,
1173 3556 1516 3615 narrationes
1586 3570 1935 3615 memoratur.

375 3646 531 3719 121
551 3645 653 3715 Qui
691 3642 814 3703 cum
838 3649 905 3704 ad
926 3649 1077 3704 illum
1101 3648 1340 3704 historia:
1365 3648 1542 3702 locum
1558 3648 1819 3715 venisset,
1843 3650 1937 3707 ubi

369 3735 531 3795 Iesus
576 3739 947 3810 interrogavit,
976 3753 1136 3810 quem
1162 3754 1222 3795 se
1247 3753 1370 3795 esse
1395 3737 1645 3795 homines
1671 3736 1933 3804 dicerent,

368 3831 584 3902 ipsique
619 3831 703 3887 sui
741 3830 994 3902 discipuli
1027 3844 1190 3902 quam
1219 3828 1289 3885 de
1330 3844 1390 3887 se
1424 3828 1736 3901 opinionem
1767 3829 1936 3885 babe-

368 3930 515 3988 rent,
549 3922 1033 3993 subjunxissetque
1060 3921 1275 3987 Petrus,
1304 3929 1564 3993 tanquam
1598 3923 1667 3979 de
1691 3922 1933 3990 Christo,

366 4013 508 4069 nihil
533 4013 611 4067 illi
640 4012 1059 4084 respondean
1090 4011 1275 4071 Iesum
1313 4022 1409 4069 aut
1431 4015 1701 4071 dicentem
1725 4014 1934 4071 deseri-

367 4100 466 4170 ‘it,
492 4102 587 4159 sed
629 4104 743 4159 illis
769 4102 1191 4159 comminantem
1232 4103 1517 4170 duntaxat,
1551 4115 1610 4161 ut
1629 4106 1832 4163 nemini
1863 4107 1932 4163 de

364 4208 489 4264 .pso
519 4195 724 4250 dicant.
756 4193 877 4250 Non
905 4195 1052 4251 enim
1080 4193 1328 4250 interfuit
1357 4192 1573 4251 Marcus
1613 4197 1683 4253 ils
1727 4212 1849 4268 qua.
1898 4212 1930 4251 a

367 4286 589 4341 Christo
615 4286 759 4341 dicta
807 4296 934 4341 sunt
963 4305 978 4342 :
1022 4301 1088 4342 ac
1112 4302 1183 4342 ne
1212 4286 1407 4342 Petrus
1432 4286 1675 4357 quidem,
1707 4303 1831 4360 quae
1859 4288 1929 4345 ad

369 4377 549 4448 ipsum
583 4388 649 4429 ac
675 4374 745 4431 de
768 4375 890 4446 ipso
919 4375 1065 4431 dicta
1095 4383 1223 4433 sunt
1249 4376 1319 4432 ab
1344 4374 1496 4439 Iesu,
1524 4379 1745 4450 proprio
1774 4380 1927 4436 testi-

364 4468 551 4523 monio
597 4466 840 4537 proferre
891 4481 1104 4538 aequum
1153 4466 1383 4538 putavit.
1436 4467 1570 4535 Qua:
1606 4477 1788 4525 autem
1837 4471 1929 4528 illa

362 4559 495 4621 sint,
514 4573 637 4629 quae
654 4555 905 4614 videlicet
922 4557 990 4613 ad
1019 4558 1195 4629 ipsum
1217 4556 1434 4615 Petrum
1461 4560 1607 4615 dicta
1627 4568 1776 4626 sunt,
1801 4561 1932 4616 Matp

358 4651 541 4706 ιιιαευε
553 4650 638 4705 his
656 4648 863 4704 indicat
875 4649 1083 4706 verbis:
1105 4646 1245 4706 «Vos
1261 4657 1439 4706 autem
1456 4666 1616 4720 quem
1641 4667 1726 4707 me
1745 4651 1929 4708 dicitis

357 4742 519 4798 esse?
540 4751 595 4799 et
615 4741 948 4811 respondens
967 4740 1153 4797 Simon
1174 4740 1369 4798 Petrus
1389 4740 1559 4797 dixit:
1578 4741 1660 4798 Tu
1688 4756 1749 4799 es
1779 4741 1928 4800 Chri-

362 4842 485 4892 stus
504 4832 680 4889 Filius
694 4831 785 4889 Dei
810 4832 937 4888 vivi.
967 4830 1498 4903 Respondens-Iesus
1516 4832 1653 4889 dixit
1675 4834 1725 4891 ei
1757 4852 1773 4890 :
1796 4833 1922 4891 Bea-

359 4936 454 4983 ωε
477 4940 560 4990 es,
590 4923 778 4980 Simon
806 4922 1059 4994 Barjona.
1079 4922 1334 4995 quoniam
1358 4930 1556 4980 caroet
1573 4924 1795 4996 sanguis
1809 4939 1920 4983 non

357 5018 619 5074 revelavit
645 5016 776 5083 tibi,
806 5016 903 5074 sed
934 5015 1097 5072 Pater
1141 5031 1296 5073 meus
1331 5015 1427 5087 qui
1448 5024 1533 5089 est
1574 5016 1631 5071 in
1659 5017 1836 5083 caelis,
1867 5025 1920 5074 et

355 5110 583 5181 egotibi
608 5110 733 5166 dico
760 5129 774 5166 :
809 5109 890 5165 Tu
918 5124 978 5166 es
999 5107 1216 5173 Petrus.
1242 5117 1299 5165 et
1330 5122 1495 5179 super
1536 5107 1679 5164 hanc
1708 5115 1919 5179 petram

356 5201 635 5258 nlillcabu
679 5202 979 5263 Ecclesiae)
1035 5215 1237 5267 meam,
1274 5208 1329 5257 et
1361 5207 1532 5272 portat
1577 5198 1774 5257 inferni
1807 5214 1917 5255 non

354 5284 720 5365 pravalebunt
747 5293 1015 5349 adversus
1029 5277 1176 5358 eam}
1192 5298 1247 5346 et
1274 5290 1415 5347 dabo
1444 5291 1545 5347 tibi
1571 5291 1753 5349 claves
1764 5292 1919 5364 regni

349 5386 611 5443 colorum
620 5392 705 5450 ,et
713 5399 1046 5456 quacunque
1066 5383 1317 5456 ligaveris
1343 5398 1506 5454 super
1519 5390 1743 5453 terram,
1758 5390 1920 5440 erunt

350 5475 514 5549 ligata
539 5485 593 5533 et
615 5479 675 5532 in
699 5477 884 5536 ctelis:
922 5485 977 5534 et
999 5491 1335 5550 quaecunque
1363 5476 1591 5533 solveris
1613 5491 1776 5551 super
1805 5484 1916 5533 ter-

451 5628 497 5673 ”
520 5634 706 5693 Hatth.
728 5644 783 5703 tt,
806 5635 861 5706 2,
888 5638 941 5696 3.
1015 5637 1059 5672 τ’
1083 5636 1285 5695 Luc.vt
1307 5677 1321 5705 ,
1356 5633 1541 5693 15-15.

2041 3197 2200 3253 ριμος
2218 3181 2312 3235 καὶ.
2342 3182 2601 3254 φοιτητὴς
2627 3181 2863 3251 γεγονὼς
2883 3183 3359 3255 ἀπομνημονεῦσαι
3392 3183 3611 3254 λέγεται

2038 3271 2136 3338 τὰς
2152 3273 2247 3327 τοῦ
2261 3274 2464 3347 Πέτρου
2485 3273 2738 3346 περὶτῶν
2757 3274 3005 3346 πράξεων
3022 3275 3116 3329 τοῦ
3132 3274 3306 3348 Ἰησοῦ
3324 3275 3607 3343 διαλέξεις,

2035 3366 2093 3432 ὃς
2135 3365 2302 3421 ἐλθὼν
2335 3368 2420 3421 ἐπ’
2453 3369 2635 3422 ἐκεῖνα
2666 3367 2766 3438 τῆς
2805 3367 3062 3440 ἱστορίας.
3098 3369 3156 3422 ἐν
3200 3362 3283 3434 οἷς
3318 3370 3348 3423 ό
3394 3367 3605 3439 Ἰησοῦς

2036 3460 2336 3531 ἐρωτήσας,
2366 3457 2488 3514 τίνα
2516 3458 2678 3530 φασὶν
2706 3458 2866 3512 αὐτὸν
2897 3460 2946 3512 oi
2986 3458 3282 3532 ἄνθρωποι,
3314 3459 3410 3513 καὶ
3450 3459 3609 3514 αὐτοὶ⁵

2034 3552 2091 3606 δὲ
2118 3552 2169 3605 οἱ
2201 3550 2366 3617 αὐτοῦ
2409 3550 2666 3622 μαθηταὶ,
2709 3550 2829 3605 τίνα
2855 3550 3008 3616 δόξαν
3036 3551 3210 3622 ἔχοιεν
3246 3552 3375 3624 περὶ
3414 3550 3607 3618 αὑτοῦ,

2036 3643 2442 3707 ὑπακούσαντος
2481 3643 2578 3697 τοῦ
2622 3643 2850 3717 Πέτρου,
2882 3643 2959 3708 ὼς
2999 3645 3127 3716 περὶ
3166 3642 3424 3717 Χριστοῦ,
3451 3643 3606 3698 οὐδὲν

2033 3737 2464 3810 ἀποκρινάμενον
2626 3737 2830 3810 Ἰησοῦν
2858 3737 2979 3795 οὐδὲ
3015 3736 3243 3805 λέγοντα
3284 3735 3432 3807 αὐτῷ
3467 3736 3607 3808 γρά-

2033 3846 2144 3899 φει,
2169 3828 2281 3882 ἀλλ’
2305 3829 2386 3884 ὅτι
2429 3828 2757 3901 ἐπετίμησεν
2799 3829 3001 3894 αὐτοῖς,
3045 3829 3135 3883 ἵνα
3171 3826 3361 3901 μηδενὶ
3400 3829 3603 3897 λέγωσι

2032 3924 2160 3994 περὶ
2195 3921 2377 3976 αὐτοῦ.
2413 3922 2488 3974 Οὐ
2528 3920 2637 3993 γὰρ
2676 3921 2857 3993 παρῆν
2882 3923 2912 3975 6
2949 3919 3174 3993 Μάρκος
3200 3921 3314 3984 τοῖς
3344 3919 3447 3974 ὑπὸ
3501 3919 3603 3974 τοῦ

2045 4012 2214 4086 Ἰησοῦ
2247 4013 2534 4084 λεχθεῖσιν,
2576 4012 2691 4081 ἀλλ’
2735 4011 2857 4067 οὐδὲ
2904 4012 3109 4083 Πέτρος
3143 4010 3216 4067 τά
3249 4011 3387 4083 πρὸς
3434 4008 3603 4065 αὐτὸν

2030 4107 2125 4159 καὶ
2167 4105 2295 4176 περὶ
2332 4105 2498 4159 αὐτοῦ
2539 4103 2797 4175 λεχθέντα
2822 4103 2900 4175 τῷ
2943 4102 3116 4175 Ἰησοῦ
3151 4102 3386 4157 ἐδικαίου
3426 4100 3493 4155 δι’
3518 4102 3600 4157 ol-

2030 4196 2183 4262 κεὶας
2214 4198 2508 4270 προφέρειν
2537 4196 2861 4270 μαρτυρίας.
2890 4195 3025 4248 Τίνα
3049 4194 3107 4248 δὲ
3132 4190 3200 4266 ἦν
3221 4194 3293 4248 τά
3324 4194 3459 4266 πρὸς
3499 4193 3603 4248 αὐ-

2027 4290 2119 4345 τὸν
2153 4289 2426 4362 λεχθέντα,
2462 4289 2733 4352 Ματθαῖος
2767 4287 2915 4359 δηλοῖ
2937 4285 3026 4341 διὰ
3059 4286 3296 4340 τούτων·
3338 4304 3359 4337 ι
3406 4286 3599 4357 Ὑμεῖς

2027 4379 2088 4434 δὲ
2109 4380 2229 4434 τίνα
2274 4396 2342 4449 με
2381 4378 2569 4448 λέγετε
2612 4373 2783 4443 εἶναις
2829 4375 3170 4448 ’Δποκριθεὶς
3200 4376 3257 4429 δὲ
3283 4376 3463 4448 Σίμων
3492 4377 3600 4431 Πέ-

2027 4476 2152 4545 τρός
2197 4466 2356 4526 εἶπε·
2394 4471 2467 4524 Σὺ
2500 4468 2551 4525 εἶ
2600 4472 2629 4524 6
2672 4469 2902 4543 Χριστὸς
2941 4469 2971 4522 6
3001 4468 3129 4533 Υίδς
3176 4467 3270 4523 τοῦ
3314 4467 3448 4523 Θεοῦ
3496 4471 3600 4525 τοῦ

2026 4562 2249 4629 ζῶντος.
2287 4560 2629 4632 ’Δποκριθεὶς
2654 4559 2712 4614 δὲ
2749 4557 2954 4632 Ἰησοῦς
2989 4554 3142 4614 εἶπεν
3169 4557 3319 4630 αὐτῷ
3339 4576 3353 4589 ·
3399 4560 3597 4615 Μακά-

2029 4675 2141 4729 ριος
2174 4655 2244 4721 εἶ,
2273 4657 2456 4727 Σίμων
2482 4655 2750 4727 Βαριωνᾶ,
2779 4656 2860 4708 ὅτι
2886 4651 3023 4725 σάρξ
3050 4652 3144 4705 καὶ⁵
3170 4646 3309 4723 αἷμα
3342 4652 3442 4707 οὐκ
3468 4653 3541 4706 ἐπ
3565 4682 3595 4695 -

2024 4741 2257 4812 εκάλυψέ
2295 4759 2394 4807 σοι,
2429 4741 2543 4796 ἀλλ’
2581 4743 2610 4796 6
2636 4742 2822 4813 Πατήρ
2862 4758 2965 4813 μου
3004 4741 3034 4792 6
3069 4741 3126 4793 ἐν
3170 4743 3281 4804 τοῖς
3320 4740 3595 4813 οὐρανοῖς,

2024 4835 2118 4889 καὶ
2150 4834 2260 4904 ἐγὼ
2312 4851 2394 4888 σοι
2426 4818 2710 4904 λέγω·’Σύ
2750 4830 2803 4887 εἶ
2840 4833 3067 4906 Πέτρος,
3115 4832 3211 4887 καὶ
3252 4833 3346 4887 ἐπὶ
3387 4832 3592 4905 ταύτην

2023 4926 2125 4999 τὴν
2172 4926 2374 4998 πέτραν
2409 4926 2743 4997 οἰκοδομήσω
2792 4941 2897 4997 μου
2937 4926 3037 4997 τὴν
3089 4923 3437 4995 Ἐκκλησίαν,
3492 4926 3594 4979 καὶ

2026 5018 2189 5073 πύλαι
2224 5018 2350 5090 ᾅδου
2378 5018 2439 5072 οὐ
2484 5016 2899 5088 κατισχύσουσιν
2941 5015 3132 5087 αὐτῆς
3170 5017 3267 5071 καὶ
3304 5015 3460 5071 δώσω
3504 5033 3593 5072 σοι

2023 5109 2123 5174 τὰς
2163 5108 2310 5173 κλεῖς
2348 5108 2448 5179 τῆς
2484 5106 2756 5179 βασιλείας
2797 5106 2906 5160 τῶν
2937 5105 3211 5179 οὐρανῶν·
3257 5105 3351 5160 καὶ
3386 5106 3486 5159 ὅσα
3519 5105 3591 5160 ἂν

2022 5202 2190 5275 δήσῃς
2221 5202 2313 5255 ἐπὶ
2341 5201 2438 5273 τῆς
2460 5199 2583 5271 γῆς,
2613 5198 2761 5252 ἔσται
2783 5199 3037 5270 δεδεμένα
3069 5199 3127 5253 ἐν
3157 5201 3272 5264 τοῖς
3301 5199 3548 5271 οὐρανοῖς
3568 5214 3586 5230 '

2022 5292 2114 5346 καὶ
2142 5293 2246 5346 ὅσα
2274 5292 2341 5345 ἂν
2382 5289 2551 5363 λύσῃς
2587 5287 2680 5344 ἐπὶ
2720 5288 2819 5360 τῆς
2863 5289 2989 5360 γῆς,
3030 5289 3179 5344 ἔσται
3221 5289 3489 5362 λελυμένα
3526 5289 3589 5343 ἐν

2020 5384 2134 5446 τοῖς
2159 5382 2423 5454 οὐρανοῖς.
2461 5400 2481 5433 ι
2516 5379 2795 5435 Τοσούτων
2826 5381 3131 5454 εἰρημένων
3154 5380 3232 5452 τῷ
3264 5381 3455 5452 Πέτρῳ
3479 5378 3591 5435 ὑπὸ

2021 5472 2115 5529 τοῦ
2156 5472 2349 5560 Ἰησοῦ,
2392 5474 2429 5528 6
2453 5472 2698 5562 Μάρκος,
2734 5470 2897 5547 μηδὲν
2936 5472 3138 5545 τούτων
3182 5468 3589 5546 μνῃμωεύσας,
