3930 6202
255 258 363 315 217
1160 247 1811 306 DEMONSTRATIONIS
1842 247 2297 305 EVANGELICE
2321 246 2447 302 LIB.
2475 247 2563 304 III.
3388 256 3495 304 ωδ

247 373 337 428 ὅτι
385 368 507 441 μηδ’
551 368 821 439 δ’Πέτρος
868 365 1038 431 ταῦθ’,
1079 365 1154 429 ὡς
1196 352 1361 429 εἰκὸς,
1396 368 1454 419 ὲν
1491 370 1611 430 ταῖς
1654 367 1799 420 αὑτοὶ

1940 381 2060 427 -am,
2080 371 2240 421 erunt
2262 363 2437 418 soluta
2453 374 2506 418 et
2528 364 2581 416 in
2602 362 2755 417 caelis
2776 362 2839 416 ⁷⁸.
2856 382 2872 415 ι
2900 362 3035 418 Cum
3059 361 3172 418 haec
3192 369 3302 417 tam
3325 366 3492 421 multa

245 456 618 520 διδασκαλίαις
642 456 1013 527 ἐξηγόρευσεν,
1042 456 1141 525 δρα
1162 455 1214 507 τί
1241 473 1424 526 φησιν,
1449 457 1797 526 ἐρωτήσαντοε

1940 458 2070 511 iicta
2104 456 2214 510 sint
2242 454 2405 508 Petro
2435 456 2502 509 ab
2529 454 2679 518 Iesu,
2714 453 2929 509 Marcus
2960 456 3095 508 nihil
3119 456 3310 511 horum
3342 472 3492 512 com-

248 554 346 609 τοῦ
385 551 560 625 Ἰησοῦ
588 570 601 583 ·
637 548 1018 621 ἀἈποκριθείς
1044 551 1072 601 ό
1097 549 1300 620 Πέτρος
1351 548 1496 617 λέγει
1521 567 1533 579 ⁸
1583 550 1654 603 Συ
1701 547 1750 603 εἴ
1792 571 1800 598 ι

1942 563 2251 608 nemorans,
2266 556 2550 616 propterea
2566 547 2794 615 quodne
2814 545 3007 602 Petrus
3027 548 3264 617 quidem,
3279 552 3494 605 utveri-

242 644 505 717 Χριστός,
544 641 652 695 Καὶ
682 641 1009 710 ἐπετίμησεν
1034 640 1236 703 αὐτοῖς,
1264 640 1351 693 ἴνα
1393 640 1578 710 μηδενὶ
1618 642 1794 708 λέγωσ

1935 640 2092 693 simile
2109 647 2190 693 est
2214 640 2339 691 talia
2362 639 2414 691 in
2441 638 2556 691 suis
2580 638 2981 692 narrationibus
3003 639 3323 705 enuntiavit,
3342 642 3487 705 audi,

242 736 378 806 περὶ
404 732 592 787 αὑτοῦ.
632 750 650 782 ι
694 730 876 783 Ταῦτα
910 730 1005 799 μὲν
1039 726 1133 783 οὖν
1160 731 1188 781 ὁ
1222 730 1425 801 Πέτρος
1455 732 1678 794 εἰκότως
1717 749 1791 783 πα

1940 728 2046 799 [uid
2077 729 2244 793 dicat,
2274 735 2395 799 νοεῖ
2433 728 2561 783 Jesu
2609 728 3126 798 interrogationem:
3174 750 3192 781 ι
3241 729 3492 800 Respon-

244 824 626 896 ρασιωπᾶσθαι
649 822 800 891 ἠξίου
820 834 834 851 ⁸
876 821 955 873 διὸ
986 822 1079 875 καὶ
1101 822 1322 893 Μάρκος
1343 821 1480 875 αύτά
1511 824 1776 894 παρέλιπε

1940 820 2072 880 lens,
2117 818 2312 888 inquit,
2338 816 2531 871 Petrus
2560 816 2691 869 dicit
2717 835 2729 869 :
2756 815 2836 869 Tu
2866 832 2925 870 es
2953 816 3227 880 Christus,
3260 825 3314 872 et
3341 833 3492 871 com—

238 912 315 966 τὰ
346 912 404 964 δὲ
447 911 587 965 κατὰ
614 910 711 980 τὴν
740 910 967 980 ἄρνησιν
1011 910 1174 962 αὐτοῦ
1208 913 1288 973 εἰς
1316 912 1524 975 πάντας
1552 914 1648 982 ἐκή
1660 911 1790 984 ρυξε

1933 911 2162 964 ninatns
2214 920 2297 965 est
2326 909 2429 971 eis,
2468 916 2529 963 ut
2562 909 2766 962 nemini
2811 909 3054 962 dicerent
3103 909 3171 963 de
3222 909 3426 980 ipso".
3466 929 3485 962 ι

239 1002 586 1074 ἀνθρώπους.
643 1002 795 1055 Ἐπεὶ
831 1003 922 1055 κα)⁸
968 1001 1227 1054 ἔκλαυσεν
1272 1003 1357 1055 ἐπ’
1403 1004 1538 1075 αὐτῇ
1583 1004 1791 1076 πικρῶς

1940 1000 2042 1056 lare
2073 1016 2204 1056 sane
2244 999 2439 1055 Petrus
2474 1001 2668 1055 merito
2698 1000 2926 1054 tacenda
2970 1000 3237 1069 judicavit
3273 1021 3285 1055 :
3320 1017 3492 1071 quare

241 1093 448 1165 Εὖροις
494 1092 538 1145 δ’
582 1087 671 1144 οὖν
713 1092 805 1145 τὸν
859 1092 1083 1161 Μάρκον
1130 1092 1444 1164 ἱστοροῦντα
1487 1095 1613 1166 περί
1650 1095 1793 1148 αύτοὶ

1939 1091 2080 1145 etiam
2122 1091 2337 1146 Marcus
2360 1108 2423 1147 ea
2459 1093 2743 1161 praztcriit.
2779 1091 2910 1157 Quae
2940 1101 3118 1147 autem
3150 1093 3215 1147 ad
3246 1095 3491 1163 negatio-

236 1182 371 1236 τάδε
396 1199 411 1213 ·
465 1200 483 1233 ι
522 1183 629 1234 Καὶ
659 1182 809 1245 ὄντος
852 1181 945 1234 τοῦ
973 1182 1178 1254 Πέτρου
1218 1185 1275 1237 ἐν
1302 1188 1367 1256 τῇ
1408 1186 1566 1257 αύλῆ,
1599 1186 1788 1257 ἔρχετα

1934 1197 2035 1236 rem
2050 1198 2200 1237 suam
2219 1184 2579 1251 pertinebant,
2605 1185 2656 1238 in
2676 1200 2866 1239 omnes
2896 1185 3144 1240 homines
3177 1187 3399 1256 prowlit
3423 1202 3486 1241 ac

238 1276 385 1346 πρὸς
414 1275 573 1327 αὐτὸν
623 1274 719 1344 μία
750 1274 856 1326 τῶν
891 1272 1185 1327 παιδίσκων
1224 1277 1318 1328 τοῦ
1362 1278 1680 1348 ἀρχιερέως,
1722 1295 1790 1331 κα

1935 1273 2245 1339 iublicavit:
2271 1276 2525 1344 quoniam
2548 1284 2669 1345 post
2691 1277 2836 1328 illam
2860 1275 3003 1329 flevit
3019 1291 3219 1331 amare.
3242 1276 3487 1333 Invenies

240 1366 433 1420 ἰδοῦσα
466 1365 625 1420 αὑτὸν
648 1366 1089 1437 θερμαινόμενον,
1115 1368 1429 1438 ἐμϐλέψασα
1458 1369 1605 1441 αύτῷ
1632 1371 1778 1439 λέγει

1935 1372 2094 1434 taque
2118 1366 2184 1420 de
2205 1382 2269 1422 eo
2291 1374 2601 1421 narrantem
2625 1366 2865 1420 Marcum
2899 1384 2911 1419 :
2942 1386 2959 1415 ι
2990 1365 3193 1420 Etcum
3221 1375 3366 1422 esset
3388 1366 3487 1422 Pe-

237 1455 359 1507 Καὶ
392 1457 454 1508 σὺ
486 1455 621 1525 μετά
665 1456 837 1524 Ἰησοῦ
866 1456 959 1510 τοῦ
986 1458 1305 1529 Ναζωραίου
1330 1456 1416 1531 ἧς.
1463 1462 1517 1514 '0
1554 1463 1610 1515 δὲ
1646 1465 1783 1535 ἠρνή

1938 1472 2031 1511 rus
2068 1458 2123 1510 in
2153 1457 2312 1520 atrio,
2344 1458 2490 1512 venit
2520 1458 2584 1511 ad
2612 1473 2733 1511 eum
2768 1472 2875 1510 una
2927 1472 2990 1511 ex
3023 1458 3237 1512 ancillis
3287 1460 3485 1513 summi

239 1561 385 1600 σατο
406 1546 572 1615 λέγων
595 1564 609 1577 ·
640 1546 776 1599 Οὔτε
799 1548 1093 1619 ἐπίσταμαι
1126 1550 1178 1602 τί
1217 1552 1280 1604 σὺ
1305 1551 1509 1620 λέγεις’
1542 1556 1633 1607 καὶ
1659 1555 1791 1625 έξῆλ

1931 1549 2236 1609 sacerdotis,
2284 1556 2494 1603 etcum
2541 1548 2770 1603 vidisset
2813 1547 3032 1601 Petrum
3071 1549 3483 1603 ealefacientem

237 1642 334 1696 θεν
383 1646 463 1707 είς
505 1644 563 1697 τὸ
606 1644 709 1708 ἔξω
756 1645 1065 1715 προαύλιον,
1114 1647 1206 1699 καὶ
1255 1648 1499 1719 ἀλέκτωρ
1542 1649 1786 1720 ὲφώνησε

1933 1656 1988 1703 ,e,
2021 1640 2293 1708 aspiciens
2334 1642 2508 1706 illum,
2540 1642 2614 1694 ait
2650 1661 2662 1695 :
2696 1640 2759 1693 Et
2792 1648 2848 1693 tu
2879 1655 3003 1694 cum
3036 1638 3166 1695 Jesu
3201 1639 3485 1695 Nazarene

236 1734 411 1788 Πάλιν
448 1735 505 1788 δὲ
552 1734 729 1788 ἰδοῦσα
765 1737 925 1791 αὑτὸν
968 1740 999 1810 ἡ
1050 1739 1326 1809 παιδίσκη,
1382 1741 1580 1812 ἤρξατο
1630 1742 1788 1811 λέγει·

1936 1746 2052 1795 :ras,
2088 1738 2143 1784 at
2197 1733 2286 1787 ille
2331 1735 2545 1804 negavit
2605 1733 2833 1787 dicens:
2867 1731 3052 1801 Neque
3099 1731 3248 1796 novi,
3306 1748 3488 1802 neque

234 1830 351 1890 τοῖς
380 1827 723 1899 παρεστῶσιν
754 1844 766 1857 ’
801 1823 966 1892 Οὗτος
986 1830 1044 1896 ἐξ
1068 1831 1246 1884 αὐτῶν
1272 1833 1437 1885 ἐστιν.
1482 1835 1540 1886 '0
1565 1835 1620 1888 δὲ
1651 1836 1786 1889 πάλιε

1931 1822 2027 1875 ιείο
2054 1822 2184 1891 quid
2207 1823 2380 1887 dicas,
2409 1833 2462 1878 et
2489 1825 2654 1879 exivit
2689 1825 2835 1879 foras
2867 1832 2992 1878 ante
3025 1827 3244 1885 atrium,
3281 1832 3336 1878 et
3369 1824 3483 1893 gal-

233 1921 535 1991 ἡρνήσατο.
579 1922 686 1974 Καὶ
723 1920 859 1991 μετὰ
893 1923 1084 1993 μικρὸν
1116 1923 1275 1977 πάλιν
1311 1926 1659 1995 παρεστῶτες
1694 1927 1785 1981 ἕλει

1932 1928 1995 1967 us
2029 1915 2284 1967 cantavit.
2320 1913 2530 1970 Rursus
2571 1921 2751 1967 autem
2781 1928 2903 1966 cum
2934 1913 3161 1967 vidisset
3200 1912 3350 1965 illum
3384 1927 3483 1964 an—

236 2027 337 2078 γον
368 2011 447 2081 τῷ
476 2010 666 2083 Πέτρῳ
686 2029 699 2041 ·
746 2013 982 2083 Ἀληθῶς
1006 2014 1061 2080 ἐξ
1089 2015 1266 2068 αὐτῶν
1294 2012 1362 2079 εἴ,
1393 2017 1483 2068 καὶ
1514 2017 1618 2087 γὰρ
1652 2018 1788 2071 Γαλι-

1924 2003 2051 2067 :illa,
2077 2006 2239 2073 cmpii
2265 2005 2445 2059 dicere
2472 2004 2959 2059 circumstantibus
2987 2023 2998 2057 :
3034 2003 3132 2056 Hie
3156 2019 3220 2057 ex
3244 2004 3350 2057 illis
3372 2012 3476 2067 est,

232 2101 388 2166 λαῖος
419 2098 489 2158 εἴ.
541 2104 598 2155 '0
635 2104 692 2157 δὲ
739 2104 937 2176 ἧρξατο
979 2106 1394 2177 ἀναθεματίζειν
1430 2110 1522 2162 καὶ
1565 2110 1783 2180 ὀμνύειν

1928 2099 1963 2144 ιι
2015 2090 2106 2145 ille
2159 2091 2357 2146 iterum
2405 2093 2667 2161 negavit:
2701 2092 2765 2144 Et
2813 2100 2935 2162 post
2972 2092 3248 2160 pusillutn,
3286 2108 3480 2147 rursus

231 2194 314 2247 ὅτι
349 2195 467 2247 Ούκ
496 2190 610 2248 οἶδα
654 2196 745 2248 τὸν
788 2196 1071 2266 ἄνθρωπον
1114 2199 1319 2263 τοῦτον,
1363 2200 1420 2254 ὂν
1463 2200 1677 2269 λέγετε·
1714 2221 1783 2256 κα

1924 2182 1999 2251 ιυὶ
2028 2182 2275 2255 astabant
2312 2182 2563 2237 dicebant
2582 2182 2741 2237 Petro
2781 2202 2792 2236 :
2832 2182 2968 2237 Vere
2998 2198 3062 2235 ex
3097 2182 3205 2235 illis
3235 2197 3316 2244 cs,
3352 2198 3476 2235 nam

231 2286 438 2349 εύθέως
469 2288 531 2339 ὲκ
558 2286 805 2359 δευτέρου
839 2290 1082 2362 ἀλέκτωρ
1116 2291 1379 2362 ὲφὼνησε.
1414 2310 1431 2343 ι
1458 2294 1679 2364 Μάρκος
1708 2297 1783 2365 μὲε

1922 2284 1961 2327 :t
1989 2272 2241 2328 Galilaeus
2283 2290 2343 2329 es
2380 2293 2392 2327 :
2423 2275 2512 2329 ille
2563 2286 2741 2329 autem
2784 2274 2951 2343 cmpit
2992 2273 3474 2337 anathematizare,

232 2377 411 2432 ταῦτα
447 2380 646 2449 γράφει
671 2396 685 2409 ν
722 2380 924 2450 Πέτρος
964 2382 1019 2435 δὲ
1054 2381 1228 2436 ταῦτα.
1274 2385 1399 2455 περὶ
1444 2385 1636 2438 ἑαυτοῦ
1669 2364 1784 2457 μαρ

1929 2373 1959 2417 ιι
2005 2365 2214 2434 jurare,
2246 2366 2390 2434 quod
2436 2366 2622 2420 nescio
2660 2365 2933 2419 hominem
2976 2364 3164 2426 istum,
3205 2380 3366 2433 quem
3393 2364 3481 2418 di-

230 2472 426 2539 τυριίο
459 2471 630 2524 πάντα
659 2472 767 2544 γὰρ
798 2474 865 2526 τὰ
891 2475 1040 2545 παρά
1069 2476 1279 2546 Μάρκῳ
1304 2475 1411 2529 τῶν
1448 2477 1652 2549 Πέτρου
1692 2478 1776 2531 δια

1925 2457 2033 2512 :itis
2074 2474 2089 2512 :
2124 2465 2176 2512 et
2221 2458 2404 2513 statim
2434 2459 2609 2528 gallus
2644 2459 2841 2513 iterum
2873 2459 3118 2513 cantavit
3148 2459 3215 2511 ⁷⁸.
3264 2476 3282 2509 ι
3320 2457 3477 2527 122

227 2558 437 2626 λέξεων
474 2558 612 2615 εἶναι
652 2563 863 2632 λέγεται
913 2567 1463 2639 ἀπομνημονεύματα.
1513 2570 1575 2622 Oi
1617 2570 1679 2641 δὴ
1712 2565 1779 2623 ούπ

1926 2548 2119 2603 .larcus
2150 2550 2366 2617 quidem
2399 2550 2514 2603 haec
2536 2548 2743 2611 scribit,
2770 2563 2833 2602 ac
2852 2546 3048 2603 Petrus
3068 2549 3183 2604 haec
3203 2549 3271 2603 de
3295 2550 3478 2619 seipso

229 2653 305 2707 τὰ
339 2653 437 2722 μὲν
463 2653 685 2718 δόξαντα
719 2657 901 2719 αὐτοῖς
933 2656 1140 2727 ἀγαθὴν
1171 2658 1356 2729 φέρειν
1389 2661 1573 2730 φήμην
1604 2639 1781 2730 παραι

1928 2639 2229 2693 estificatur
2260 2657 2273 2693 :
2306 2640 2488 2693 omnia
2517 2640 2659 2694 enim
2687 2654 2808 2709 qua:
2833 2639 2976 2709 apud
3011 2639 3253 2693 Marcum
3287 2639 3476 2709 legun-

228 2745 506 2813 τούμενοι,
547 2744 645 2807 τὰς
676 2745 732 2798 δὲ
761 2745 880 2798 καθ’
927 2747 1130 2799 ἑαυτῶν
1158 2727 1407 2811 διαϐολὰς
1450 2727 1537 2812 εἰς
1568 2727 1780 2823 ἄληστο·

1927 2745 2013 2793 ur,
2058 2729 2430 2783 narrationum
2456 2744 2877 2798 sermonumque
2900 2727 3045 2782 Petri
3074 2728 3333 2782 dicuntur
3353 2744 3476 2783 esse

229 2833 409 2885 αἰῶνα
435 2832 893 2904 καταγράφοντες,
924 2837 1017 2891 καὶ
1050 2836 1156 2890 τῶν
1191 2819 1686 2908 πλημμεληθέντων
1714 2843 1780 2894 αύ

1922 2823 2312 2876 :ommentaria.
2346 2822 2447 2887 Qui
2486 2822 2652 2891 igitur
2679 2837 2741 2875 ea
2783 2837 2901 2890 qua:
2941 2830 3190 2891 poterant
3216 2819 3349 2891 ipsis
3388 2820 3474 2873 afo

227 2924 349 2986 τοῖς
392 2925 491 2986 τὰς
522 2925 873 2996 κατηγορίας,
909 2925 975 2989 ἃς
1012 2927 1110 2980 ούκ
1139 2927 1203 2980 ἄν
1236 2945 1318 2991 τις
1351 2928 1489 2996 ἔγνω
1519 2928 1626 2982 τῶν
1664 2932 1779 3000 μετέ

1920 2912 2045 2969 'erre
2080 2914 2278 2968 bonam
2326 2913 2545 2977 famam,
2590 2922 2867 2977 recusant,
2901 2914 3313 2968 criminationes
3346 2928 3472 2967 vero

222 3016 426 3080 ταῦτα,
452 3018 501 3069 εἰ
532 3018 602 3087 μὴ
639 3018 726 3070 διὰ
754 3017 854 3087 τῆς
877 3018 1050 3071 αὐτῶν
1084 3019 1283 3090 ἔμαθεν
1323 3022 1505 3090 φωνῆς
1528 3022 1647 3074 καθ’
1678 3024 1773 3077 ὲαυ

1922 3013 2094 3058 :ontra
2124 3007 2356 3074 seipsos,
2375 3006 2718 3075 sempiternae
2742 3010 3017 3059 memorim
3044 3006 3096 3059 in
3120 3007 3339 3075 scriptis
3358 3006 3474 3060 suis

235 3061 426 3080 -.η-η
453 3061 501 3069 --
532 3061 602 3087 γη,
641 3061 726 3070 ν...
764 3061 850 3087 -.ρ
877 3061 1048 3071 --.νη
1084 3061 1278 3090 ..μνη
1324 3061 1502 3090 va...”
1530 3061 1628 3074 ,ην
1678 3061 1773 3077 ..αν

221 3109 343 3162 τῶν
369 3110 781 3179 στηλιτεύοντες,
813 3111 930 3174 πῶς
950 3112 1009 3164 ού
1030 3112 1312 3179 φιλαυτίας
1340 3114 1437 3184 μὲν
1462 3115 1678 3186 ἀπάσης
1705 3135 1773 3170 κα

1919 3094 2308 3158 :ommendant,
2340 3102 2393 3148 et
2421 3110 2607 3149 eorum
2648 3112 2768 3164 quae
2797 3096 2865 3150 ab
2916 3095 3051 3165 ipsis
3082 3107 3302 3165 peccata
3342 3104 3471 3155 sunt

223 3200 585 3271 ψευδολογίας
610 3202 758 3265 ἐκτὸς
786 3202 1063 3270 γεγονέναι
1097 3203 1317 3267 ἐνδίκως
1341 3205 1405 3258 ἂν
1435 3205 1775 3274 ὁμολογοῖντο

1910 3189 2298 3252 accusationes,
2330 3203 2467 3255 quas
2498 3189 2859 3257 posteriorum
2893 3189 3076 3243 nullus
3107 3204 3345 3258 unquam
3376 3204 3462 3243 co-

225 3288 563 3359 φιλαλήθους
587 3290 639 3343 δὲ
662 3291 949 3354 διαθέσεως
982 3292 1125 3362 σαφῆ
1165 3294 1258 3345 καὶ
1296 3295 1497 3365 ἐναργῆ
1526 3298 1777 3367 τεκμήρια

1917 3280 2192 3346 ςιιονὶδεει,
2225 3279 2331 3332 nisi
2372 3280 2611 3348 ipsorum
2654 3281 2873 3350 scriptis
2908 3279 3209 3347 didicisset,
3255 3280 3469 3349 publice

221 3377 670 3447 παρεσχηκέναι;
696 3381 757 3433 Οἱ
781 3378 834 3431 δέ
865 3396 926 3447 γε
952 3380 1077 3442 τοὺς
1108 3381 1345 3434 τοιούσδε
1374 3382 1680 3436 πεπλάσθαι
1703 3403 1773 3437 κα

1911 3371 1967 3425 ιι)
1996 3370 2250 3426 omnibus
2283 3370 2533 3440 legendas
2578 3381 2907 3442 proponunt,
2939 3388 3038 3427 cur
3069 3388 3175 3425 non
3218 3373 3287 3426 ab
3316 3371 3463 3426 omni

220 3466 665 3535 καταψεύσασθαι
688 3468 1020 3538 νομίζοντες,
1057 3471 1148 3523 καὶ
1178 3465 1265 3524 οἷα
1303 3471 1522 3536 πλάνοις
1560 3472 1772 3546 βλασφη·

1912 3465 1962 3520 le
2013 3466 2209 3535 seipsis
2269 3467 2559 3535 Opinione,
2609 3466 2868 3535 omnique
2927 3465 3213 3520 mendacio
3269 3466 3464 3520 merito

223 3560 350 3627 μεῖν
374 3556 720 3629 πειρώμενοι,
752 3559 868 3622 πῶς
892 3562 990 3613 ούκ
1018 3560 1084 3613 ἂν
1109 3563 1347 3630 γένοιντο
1370 3564 1758 3632 καταγέλαστοι

1912 3558 2187 3613 ibliorrere
2233 3557 2563 3612 credantur?
2599 3559 2874 3627 studiique
2899 3574 3028 3627 erga
3062 3559 3341 3613 veritatem
3375 3573 3464 3612 ar-

219 3650 370 3718 φίλοι
415 3651 514 3720 μὲν
556 3652 748 3720 φθόνου
796 3654 888 3706 καὶ
939 3653 1257 3722 βασκανίας,
1300 3655 1481 3726 ἐχθροὶ
1524 3657 1581 3709 δὲ
1627 3658 1771 3728 αὐτῆ

1912 3656 2148 3721 ςιιωοηιο
2197 3649 2500 3704 certissima
2538 3650 2814 3719 przebere?
2842 3650 2946 3714 Qui
2988 3664 3115 3703 vero
3151 3650 3285 3703 tales
3316 3648 3464 3703 viros

217 3742 481 3811 ἀληθείας
513 3743 878 3813 ἁλισκόμενοι,
912 3744 965 3795 οῖ
986 3761 1048 3812 γε
1076 3746 1209 3807 τοὺς
1225 3743 1394 3808 οὕτως
1416 3746 1769 3818 ἀπανούργους

1906 3741 2204 3795 lictionibus
2242 3754 2392 3803 usos,
2427 3755 2490 3793 ac
2540 3740 2796 3793 mentitos
2845 3748 3058 3808 putant,
3105 3746 3159 3793 et
3200 3746 3458 3808 tanquam

216 3834 315 3887 καὶ
348 3834 620 3887 ἄπλαστον
653 3835 727 3897 ὡς
758 3834 971 3904 ἀληθῶς
1005 3835 1098 3889 καὶ
1127 3836 1382 3908 ἀκέραιον
1408 3832 1539 3907 ἦθος
1566 3838 1653 3891 διὰ
1685 3836 1768 3890 τῶε

1915 3842 2214 3903 mpostores
2258 3831 2476 3885 infamia
2504 3832 2827 3900 probrisque
2846 3839 3033 3884 notare
3057 3840 3346 3896 conantur,
3364 3846 3462 3884 cur

215 3925 433 3978 οἰκείων
461 3925 632 3994 λόγων
661 3925 1144 3996 ἐπιδεδειγμένους,
1170 3927 1505 3998 πανούργους
1520 3927 1670 3990 τινας
1698 3945 1767 3981 κα

1907 3941 1998 3978 ton
2030 3924 2132 3994 ipsi
2166 3924 2348 3998 potius
2380 3928 2436 3977 et
2459 3922 2676 3976 ridiculi
2717 3931 2866 3984 sunt,
2903 3928 2956 3975 et
2982 3921 3110 3974 odio
3148 3921 3459 3989 invidiaque

216 4017 424 4080 δεινοὺς
450 4018 790 4072 ὑποτίθενται
821 4017 1097 4087 σοφιστὰς,
1124 4018 1198 4081 ῶς
1221 4018 1289 4071 τὰ
1323 4020 1397 4090 μὴ
1427 4019 1557 4072 ὄντα
1589 4019 1768 4073 πλάσαι

1906 4016 2057 4086 ligni,
2112 3997 2369 4084 tanquam
2420 4015 2599 4069 omnis
2644 4014 2887 4069 veritatis
2915 4013 3117 4067 inimici
3154 4013 3458 4067 habentur?

218 4111 436 4179 μένους,
465 4110 557 4161 καὶ
585 4109 661 4180 τῷ
708 4109 891 4180 οἰκείῳ
914 4109 1218 4179 διδασκάλῳ
1242 4109 1311 4162 τὰ
1348 4110 1420 4181 μὴ
1457 4112 1589 4182 πρὸς
1623 4112 1770 4165 αύτοξ

1952 4108 1978 4160 ii
2005 4106 2220 4177 quidem
2244 4107 2392 4162 viros
2422 4117 2530 4161 tam
2563 4106 2631 4162 ab
2650 4104 2799 4160 omni
2823 4104 3028 4158 malitia
3055 4105 3286 4168 alienos,
3317 4112 3457 4157 tam-
3498 4180 3504 4183 _

216 4197 531 4268 πραχθέντα
558 4199 963 4269 κεχαρισμένως
1000 4198 1311 4263 ἀναθέντας.
1359 4201 1444 4263 Ὠς
1482 4197 1540 4254 εὖ
1582 4220 1671 4271 μοι
1704 4202 1768 4255 δο

1906 4210 1991 4264 [uc
2027 4196 2142 4249 sine
2195 4193 2341 4260 fuco,
2372 4210 2607 4264 vereque
2658 4195 2932 4249 sincerum
2981 4194 3221 4247 animum
3254 4195 3306 4248 in
3340 4195 3458 4249 suis

213 4292 301 4342 κεί
340 4288 626 4359 εἰρῆσθαι·
671 4291 852 4343 Πάντα
883 4290 986 4361 χρὴ
1036 4290 1309 4344 πιστεύειν
1336 4294 1447 4355 τοῖς
1477 4292 1569 4344 τοῦ
1613 4293 1765 4364 Ἰησοξ

1905 4285 2107 4354 ιρι-ἱρῆς
2132 4300 2244 4354 prae
2269 4300 2327 4340 se
2360 4282 2620 4348 ferentes,
2651 4283 2954 4338 malitiosos
2979 4283 3242 4353 quosdam
3264 4291 3318 4338 et
3345 4285 3457 4338 cal—

216 4374 505 4446 μαθηταῖς,
535 4376 566 4446 ἢ
614 4377 718 4447 μὴ’
752 4378 845 4429 καὶ
876 4379 924 4428 εἰ
969 4378 1150 4447 μόνοις
1178 4379 1386 4443 τούτοις
1448 4385 1558 4444 τοῖς
1590 4382 1768 4453 ἀνδρά-

1909 4376 2027 4429 idos
2083 4376 2286 4430 audent
2331 4374 2532 4445 fingere
2575 4375 2871 4445 sophistas,
2903 4381 3162 4443 tanquam
3220 4389 3316 4430 eos
3360 4376 3455 4444 qui

215 4481 301 4517 σιν
328 4465 668 4539 ἀπιστητέον,
694 4467 787 4519 καὶ
812 4469 922 4528 τοῖς
956 4469 1139 4531 πᾶσιν,
1163 4462 1357 4533 οἵτινές
1382 4472 1497 4523 ποτ’
1523 4472 1631 4543 ἄρα
1655 4490 1766 4544 παρ

1910 4467 2145 4537 ιυὶᾱψιίό
2171 4467 2487 4536 scripserint
2514 4466 2806 4521 commenti
2842 4465 2972 4528 sint,
3005 4474 3060 4519 et
3094 4481 3197 4519 suo
3252 4481 3462 4535 prace-

213 4557 491 4628 Ἐλλησιν,
533 4560 565 4628 ἢ
606 4560 753 4632 παρὰ
791 4560 1085 4633 βαρϐάροις
1131 4562 1276 4633 βίους
1318 4566 1409 4617 καὶ
1458 4564 1645 4633 λόγους
1693 4569 1765 4619 κα⁴

1903 4561 2052 4621 )tori,
2083 4575 2202 4628 qum
2236 4559 2324 4613 ille
2355 4572 2633 4626 nunquam
2664 4557 2870 4617 fecerit,
2901 4557 2967 4611 ad
2993 4557 3221 4627 gratiam
3252 4557 3455 4611 tribue-

210 4648 747 4719 ἀπομνημονεύματα
778 4651 885 4704 τῶν
911 4653 1050 4706 κατά
1083 4654 1302 4723 χρόνους
1336 4655 1427 4708 ἐπί
1471 4672 1611 4709 τισιν
1647 4658 1762 4725 ἀγα·

1899 4649 2029 4703 ’ἰηιῖ
2067 4647 2208 4703 Sane
2260 4647 2539 4702 commode
2588 4647 2720 4700 mihi
2770 4646 2977 4699 dictum
3021 4645 3237 4700 videtur
3292 4666 3303 4699 :
3354 4651 3451 4699 aut

208 4738 328 4804 θοῖς
358 4740 738 4812 κατορθώμασι
782 4742 1081 4814 βοηθέντων
1121 4746 1551 4816 συνεγράψαντο·
1586 4748 1618 4818 ἢ
1671 4752 1760 4803 toi.

1904 4755 2107 4795 )l‘Ol‘SllS
2157 4741 2379 4795 credere
2400 4746 2613 4809 oportet
2638 4735 2765 4792 Jesu
2799 4738 3103 4808 discipulis,
3135 4738 3182 4792 si
3227 4736 3453 4806 reliquis

212 4835 314 4902 μὲν
340 4833 515 4897 ἄλλοις
546 4834 821 4887 πιστεύειν
844 4835 1081 4904 εὔλογον,
1120 4837 1301 4907 μόνοις
1326 4838 1381 4891 δὲ
1421 4838 1631 4903 τούτοις
1661 4841 1764 4893 ἁπιη

1898 4846 2098 4901 ιυοίιιιο
2149 4830 2508 4900 scriptoribus
2541 4850 2555 4885 :
2589 4838 2682 4883 aut
2726 4831 2772 4886 si
2826 4845 2930 4883 non
2963 4830 3070 4892 his.
3114 4844 3183 4884 ne
3223 4828 3450 4898 reliquis

208 4929 375 4980 στείν.
404 4927 511 4979 Καὶ
539 4927 653 4991 τῶς
683 4928 781 4980 οὐκ
813 4929 1058 4999 ἐμφανὴς
1082 4931 1111 4982 ὁ
1143 4930 1332 4999 φθόνος
1356 4947 1371 4996 ;
1400 4933 1463 4984 Τί
1484 4932 1538 4984 δέ
1564 4949 1577 4998 ;
1602 4934 1651 4986 οἱ
1676 4950 1760 4986 κα-

1900 4925 2115 4994 μιίάεῐη.
2150 4924 2263 4979 Cur
2293 4923 2465 4986 enim,
2496 4924 2541 4978 si
2565 4924 2696 4979 solis
2728 4923 2812 4977 his
2843 4922 2978 4976 viris
3016 4920 3347 4979 detrahenda
3377 4922 3452 4976 sit

204 5015 591 5085 ταψευδόμενοι
617 5016 710 5069 τοῦ
735 5018 1081 5083 Διδασκάλου,
1112 5020 1205 5072 καὶ
1229 5018 1296 5072 τὰ
1326 5018 1398 5090 μὴ
1427 5022 1685 5088 γεγονότα
1707 5025 1756 5093 τῇ

1891 5018 2032 5082 lides,
2060 5033 2166 5072 non
2191 5018 2352 5072 etiam
2393 5017 2621 5087 reliquis
2655 5016 2915 5072 omnibus
2936 5056 2952 5080 ,
2986 5016 3301 5087 quicunque
3338 5031 3443 5070 un-

204 5106 390 5160 αύτῶν
418 5108 795 5178 παραδιδόντες
832 5114 1039 5180 γραφῇ,
1083 5106 1191 5182 ἆρα
1218 5112 1311 5165 καὶ
1340 5111 1408 5165 τὰ
1440 5111 1586 5183 πάθη
1643 5130 1756 5165 κατ⁴

1886 5125 2040 5179 quam
2084 5118 2177 5163 aut
2208 5110 2347 5180 apud
2372 5110 2612 5172 Graecos,
2646 5118 2739 5164 aut
2787 5108 2928 5178 apud
2961 5108 3241 5172 barbaros,
3279 5108 3438 5171 vitas,

202 5197 504 5267 εψεύσαντο
564 5199 761 5265 αὐτούς
796 5200 893 5272 τὴν
934 5203 1051 5265 ἐνὸς
1083 5202 1222 5271 λέγω
1274 5203 1527 5273 μαθητῶν
1587 5204 1754 5273 προδο

1890 5207 1970 5252 tut
2001 5201 2292 5263 orationes,
2321 5208 2415 5255 aut
2438 5199 2826 5255 commentaria
2858 5198 3327 5266 conscripserunt,
3350 5213 3442 5252 eo-

184 5288 350 5349 ’σίαν,
402 5290 492 5343 καὶ
525 5290 622 5362 τὴν
662 5291 770 5346 τῶν
804 5294 1151 5362 συκοφαντῶν
1184 5296 1531 5366 κατηγορίαν,
1576 5295 1736 5365 χλεύα

1891 5306 1993 5344 'um
2016 5293 2105 5361 qui
2140 5293 2307 5347 variis
2336 5293 2670 5362 temporibus
2706 5291 2760 5345 in
2796 5290 2978 5359 aliquo
2997 5304 3196 5360 genere
3224 5289 3443 5344 virtutis

199 5396 261 5434 τε
294 5382 387 5433 καὶ
414 5380 759 5453 διασυρμοὺςε
773 5384 1062 5448 δικαστῶν,
1091 5385 1187 5448 τάς
1215 5402 1273 5437 τε
1309 5384 1491 5456 ὕϐρεις
1537 5385 1627 5438 καὶ
1671 5386 1751 5448 τὰς

1890 5392 2035 5453 itque
2062 5384 2240 5451 ollieii,
2269 5384 2655 5454 praestiterint?
2685 5390 2778 5436 aut
2803 5382 2849 5436 si
2889 5380 3026 5436 dicis
3066 5380 3188 5436 aliis
3221 5381 3442 5451 quidem

199 5471 416 5542 πληγὰς
439 5472 536 5536 τὰς
568 5472 706 5527 κατά
743 5476 1052 5545 προσώπου,
1099 5477 1367 5547 μάστιγάς
1399 5494 1456 5531 τε
1497 5477 1637 5530 κατά
1669 5474 1751 5529 νώ

1929 5475 2091 5533 edcre
2138 5492 2355 5549 :cquum
2402 5492 2524 5534 esse
2550 5516 2565 5546 ,
2600 5484 2657 5531 at
2710 5475 2796 5531 bis
2849 5474 2980 5531 solis
3016 5488 3123 5528 non
3168 5473 3481 5532 credere:-

272 5646 321 5680 "
344 5647 532 5706 Matth.
568 5668 680 5714 xvi.
712 5653 894 5714 15-19.
978 5656 1021 5687 ⁷⁸
1050 5648 1183 5707 Ibid.
1213 5648 1302 5706 20.
1380 5647 1608 5707 "Marc.
1635 5667 1744 5721 xtv,
1772 5652 1956 5711 66-73.
