3930 6202
458 251 568 306 219

1103 225 1371 303 essent
1403 243 1886 302 cessaremus
1918 243 2030 301 om

2130 248 2284 306 usus
2322 248 2389 303 ιι.
2429 276 2503 288 -
2538 220 3047 303 ΑΡοιοοετιςΑέ

3592 206 3729 295 ω.

462 379 565 421 cur
588 376 697 419 non
716 357 821 417 hoc
846 359 1004 431 plane
1024 358 1090 413 ad
1109 349 1365 415 invidiam
1383 352 1675 416 referatur?
1689 358 1844 425 Quod
1866 360 1914 414 si
1934 360 2030 414 de-

2130 379 2244 429 του,
2265 361 2473 416 καὶτὸν
2499 358 2559 424 ἐξ
2581 357 2832 413 ἀκανθῶν
2862 356 3121 427 στέφανον
3152 356 3237 409 ἐπ’
3265 356 3458 427 ἀτιμία
3484 372 3703 427 περιτισ

462 473 588 513 mus
611 454 733 510 illos
761 453 827 507 de
846 450 1180 521 Praeceptore
1208 450 1379 507 fuisse
1410 450 1692 513 mentitos,
1713 457 1769 506 et
1788 465 1907 520 quae
1936 449 2026 505 ille

464 560 742 618 nunquam
768 543 956 599 fecerit
977 542 1196 612 scriptis
1216 542 1332 599 suis
1353 542 1687 613 complexos,
1710 556 1842 596 num
1861 540 2026 597 etiam

463 639 532 695 de
566 639 634 693 iis
659 636 934 700 mentitos,
973 651 1095 705 qua:
1124 634 1266 690 idem
1295 648 1491 705 passus
1518 643 1623 698 est,
1655 633 1788 689 dare
1832 647 2027 703 possu-

462 727 624 785 mus?
643 726 770 783 dico
796 734 977 780 autem
1008 727 1076 782 de
1109 727 1271 782 unius
1295 741 1364 782 ex
1386 718 1669 796 discipulis
1694 724 2024 795 proditione,

460 819 529 875 de
568 816 861 873 calumniis
885 817 1317 883 criminantium,
1351 817 1420 874 de
1451 816 1706 872 ludibriis
1734 823 1787 872 et
1818 815 2028 872 irrisio-

460 910 625 965 nibus
644 907 914 978 j‘udicum,
950 910 1019 966 de
1050 911 1418 977 contumeliis,
1449 910 1519 966 de
1548 910 1750 966 ictibus
1782 909 1839 964 in
1866 907 2024 975 facie,

459 1000 795 1073 ﬂagellisque
822 1001 877 1055 in
910 1012 1060 1072 tergo
1092 1022 1106 1057 :
1138 1003 1207 1059 de
1239 1017 1444 1059 corona
1474 1004 1680 1073 spinea,
1697 1017 1819 1071 qua:
1847 1001 1924 1056 illi
1958 1000 2028 1059 ad

461 1090 813 1161 ignominiam
843 1091 1097 1160 imposita
1126 1099 1213 1147 est
1238 1111 1252 1147 :
1281 1093 1349 1148 de
1369 1108 1651 1163 purpureo.
1676 1091 2024 1156 vestimento,

461 1181 606 1250 quod
638 1181 812 1236 instar
838 1183 1138 1255 chlamydis
1161 1183 1238 1238 illi
1267 1184 1661 1240 circumdatum
1689 1191 1774 1240 est
1806 1202 1818 1238 :
1845 1184 1913 1239 de.
1933 1183 2027 1238 illo

458 1273 581 1344 ipso
609 1275 843 1344 denique
862 1291 1078 1332 crucem
1107 1278 1262 1348 quasi
1294 1287 1558 1350 tropaeum
1588 1278 1807 1350 aliquod
1837 1278 2026 1335 hume-

461 1365 541 1422 ris
567 1374 835 1437 gestante,
887 1377 939 1423 et
981 1368 1037 1423 in
1070 1378 1133 1424 e’a
1183 1369 1373 1441 infixo,
1405 1371 1657 1427 manibus
1688 1371 2028 1443 pedibusque

460 1457 724 1526 trajectis,
757 1458 825 1512 de
852 1465 1008 1514 aceto
1029 1461 1171 1530 quod
1202 1462 1280 1516 illi
1311 1469 1473 1532 potus
1502 1463 1623 1519 loco
1643 1472 2023 1534 porrexerunt,

459 1545 530 1602 de
560 1547 828 1603 arundine
857 1564 964 1618 qua
995 1549 1143 1605 illius
1168 1558 1410 1622 tempora
1440 1567 1779 1622 percussere,
1806 1555 1874 1610 de
1892 1568 2027 1609 con-

459 1637 617 1693 viciis
659 1653 780 1709 qua:
817 1639 873 1693 in
924 1640 1078 1696 illum
1134 1657 1164 1695 a
1198 1644 1571 1713 spectantibus
1611 1646 1818 1716 iactata
1862 1646 2026 1702 sunt?

2127 452 2347 524 θέμενον
2372 452 2539 523 αὐτῷ,
2573 448 2847 521 φοινικοῦν
2870 467 2931 503 τε
2967 446 3166 522 χιτῶνα
3191 450 3248 503 ἐν
3271 447 3534 521 χλαμύδος
3565 449 3693 519 σχήσ

2129 562 2259 616 ματι
2309 542 2724 616 περιδληθέντα,
2776 542 2871 596 καὶ
2924 541 3077 604 τέλος
3125 541 3287 595 αὑτὸν
3323 540 3452 595 αὐτὸ
3492 540 3553 594 τὸ
3597 541 3698 595 τοῦ

2127 633 2360 706 σταυροῦ
2392 635 2650 706 τρόπαιον
2697 630 3085 703 ἐπικομίζοντα
3105 648 3119 662 υ
3163 633 3220 685 ἐν
3268 630 3442 702 τούτῳ
3484 647 3545 684 τε
3587 647 3703 703 πη-

2126 723 2411 795 γνύμενον,
2458 722 2552 777 καὶ
2603 724 2790 793 χεῖρας
2842 722 2937 775 καὶ
2981 720 3152 784 πόδας
3206 718 3700 791 καταπειρόμενον,

2125 816 2237 884 ὄξει
2288 834 2348 870 τε
2392 814 2769 886 ποτιζόμενον,
2815 812 2910 867 καὶ
2961 812 3264 882 παιόμενον
3298 809 3442 865 κατά
3492 809 3700 881 κόρρης

2127 908 2390 979 καλάμῳ,
2446 906 2542 960 καὶ
2604 904 2741 976 πρὸς
2783 902 2892 957 τῶν
2945 899 3194 973 ὁρώντων
3255 899 3695 970 δνειδιζὸμενονς

2140 997 2300 1052 Ἀλλά
2329 996 2437 1069 γὰρ
2467 997 2560 1049 καὶ
2595 992 2789 1056 ταῦτα,
2834 994 2928 1047 καὶ
2962 991 3063 1046 ὅσα
3089 991 3295 1054 τούτοις
3337 990 3696 1061 συμφέρεται,

2124 1090 2324 1161 ὁμοίως
2366 1086 2671 1143 πεπλάσθαι
2717 1086 2822 1158 χρὴ
2866 1086 3003 1157 πρὸς
3042 1083 3150 1137 τῶν
3197 1082 3361 1138 αὐτοῦ
3416 1082 3694 1155 μαθητῶν,

2126 1181 2160 1251 ἢ
2201 1182 2258 1233 ἐν
2305 1178 2515 1243 τούτοις
2578 1178 2677 1249 μὲν
2713 1178 2819 1251 χρὴ
2860 1174 3136 1230 πιστεύειν
3164 1174 3346 1238 αὐτοῖς
3378 1175 3454 1237 ὡς
3498 1172 3696 1245 ἀληθε-

2129 1272 2361 1336 στάτοις,
2395 1272 2452 1323 ἐν
2492 1270 2549 1322 δὲ
2587 1271 2701 1333 τοῖς
2740 1266 3005 1332 ἐπιδόξοις
3039 1266 3133 1319 καὶ
3186 1265 3526 1339 σεμνοτέροις
3567 1265 3701 1318 ἀπι-

2128 1368 2289 1425 στεῖν,
2320 1366 2429 1419 Καὶ
2460 1362 2623 1417 πόθεν
2652 1362 2714 1417 τὸ
2747 1362 2874 1433 περὶ
2901 1361 3098 1425 αὐτοὺς
3128 1359 3367 1413 ἐναντίον
3396 1358 3574 1431 δόγμα
3600 1375 3698 1412 συ-

2129 1459 2416 1528 στήσεταις
2445 1456 2518 1511 T6
2547 1455 2653 1527 γὰρ
2675 1454 2957 1526 ἀληθεύειν
2985 1453 3112 1517 τοὺς
3143 1452 3340 1516 αὐτοὺς
3379 1454 3566 1521 φάναι,
3603 1454 3701 1506 καὶ

2126 1552 2183 1603 ἐν
2210 1549 2286 1619 τῷ
2306 1547 2453 1619 αύτῷ
2488 1546 2795 1618 ψεύδεσθαι,
2838 1545 2989 1599 οὐδέν
3036 1546 3181 1597 ἐστιν
3210 1543 3242 1613 ἢ
3270 1543 3525 1597 τάναντία
3552 1543 3699 1597 κατά

2127 1640 2186 1694 τὸ
2225 1639 2356 1694 αὐτὸ
2409 1641 2535 1711 περὶ
2574 1638 2681 1692 τῶν
2722 1636 2900 1705 αὐτῶν
2945 1638 3142 1707 λέγειν.
3178 1638 3274 1701 Τίς
3305 1633 3398 1691 οὖν
3436 1639 3464 1691 6
3492 1637 3702 1691 τούτων

464 1730 621 1801 123
656 1707 726 1785 Ᾱι
753 1733 897 1788 enim
941 1740 996 1789 et
1029 1732 1164 1800 ίιιεο,
1195 1707 1250 1791 et
1281 1707 1630 1807 quaecunque.
1666 1738 1773 1793 alia
1822 1738 1891 1794 de
1926 1738 2025 1794 illo

2130 1734 2374 1804 ἐλεγχοςς
2404 1735 2452 1786 εἰ
2481 1707 2593 1805 γάρ
2619 1732 2683 1804 δὴ
2711 1732 3035 1787 πλάττεσθαι
3065 1733 3244 1795 αὐτοῖς
3270 1732 3468 1796 σκοπὸς
3486 1727 3574 1804 ἦν,
3600 1732 3703 1784 καὶ

459 1818 550 1875 his
584 1819 783 1875 similia
814 1820 1083 1885 feruntur.
1119 1833 1213 1879 aut
1242 1824 1366 1881 ﬁcta
1387 1840 1511 1883 esse
1532 1834 1746 1897 oportet
1780 1828 1849 1884 ab
1879 1828 2026 1884 illius

461 1909 768 1981 discipulis,
802 1923 895 1967 aut
938 1913 992 1968 in
1026 1914 1111 1970 his
1150 1915 1370 1986 quidem
1407 1924 1665 1988 tanquam
1700 1918 2024 1983 verissimis,

463 2002 587 2058 illis
604 2005 935 2060 credendum
977 2015 1082 2069 est,
1118 2009 1174 2063 in
1222 2010 1449 2080 reliquis
1483 2026 1636 2074 vero,
1680 2026 1801 2081 quae
1831 2011 2028 2066 clario-

461 2107 578 2148 rem
628 2093 780 2149 illum
839 2098 1398 2172 venerabilioremque
1444 2101 1699 2166 reddunt,
1738 2118 1849 2159 non
1902 2118 2026 2158 cre-

460 2183 722 2241 dendum.
755 2185 861 2243 Sed
896 2189 1010 2245 hrec
1030 2190 1098 2246 de
1124 2192 1316 2247 iisdem
1341 2193 1445 2250 sibi
1467 2194 1571 2266 ipsi
1601 2196 1878 2252 contraria
1910 2196 2029 2267 opi-

461 2272 573 2341 nio,
623 2277 765 2333 unde
805 2278 1253 2338 contirmabitur?
1290 2283 1481 2341 Dicere
1517 2287 1663 2341 enim
1701 2288 1921 2343 eosdem
1961 2287 2030 2344 de

460 2366 674 2431 eodem,
708 2375 764 2424 et
788 2385 911 2425 vera
954 2371 1183 2442 prodere
1211 2384 1266 2430 et
1297 2377 1536 2443 mentiri,
1572 2378 1709 2432 nihil
1739 2378 1886 2432 aliud
1923 2389 2026 2443 est,

461 2460 571 2516 nisi
602 2465 881 2518 contraria
938 2465 994 2519 in
1029 2467 1217 2521 eodem
1258 2467 1326 2524 de
1371 2469 1565 2525 iisdem
1615 2470 1781 2525 rebus
1821 2469 2025 2526 dicere.
2064 2452 2077 2463 ’

462 2549 746 2617 Quomodo
775 2554 890 2610 hazc
912 2557 1256 2612 refellentur?
1286 2560 1342 2613 Si
1367 2559 1510 2615 enim
1536 2560 1640 2615 hoc
1662 2561 1770 2615 illis
1796 2560 2029 2633 fingendi

463 2646 798 2714 propositum
844 2646 975 2711 fuit,
1008 2656 1067 2702 ut
1104 2650 1400 2706 mendaciis
1445 2667 1604 2721 suum
1642 2662 2029 2724 praeceptorem

462 2744 741 2799 ornarent,
775 2751 874 2792 cur
910 2738 988 2791 illi
1018 2753 1081 2793 ea
1104 2780 1117 2804 ,
1149 2755 1269 2811 quae
1299 2741 1458 2798 modo
1489 2742 1727 2799 diximus
1760 2746 2030 2816 ascripse—

465 2825 628 2879 runt?
659 2834 752 2881 aut
792 2842 893 2882 cur
931 2832 1165 2899 posteris
1202 2833 1536 2897 indicarunt,
1580 2835 1724 2904 quod
1761 2844 1814 2890 et
1856 2836 2029 2891 tristis

466 2918 650 2983 fuerit,
695 2928 749 2974 et
789 2920 946 2975 taedio
994 2922 1239 2986 allectus,
1280 2932 1334 2979 et
1376 2927 1560 2981 animo
1612 2927 1897 2982 turbatus?
1938 2936 2031 2982 aut

2124 1826 2303 1895 λόγοις
2337 1826 2559 1896 ψευδέσι
2590 1825 2679 1880 τὸν
2702 1824 3028 1879 Διδάσκαλον
3062 1827 3306 1895 κοσμεῖν,
3339 1824 3440 1877 οὐκ
3470 1824 3535 1879 ἄν
3563 1841 3699 1878 ποτε

2127 1917 2308 1981 αὐτοῖς
2330 1917 2399 1971 τὰ
2431 1917 2797 1989 προειρημένα
2840 1916 3205 1988 κατέγραφον,
3236 1915 3343 1969 οὐδ’
3375 1915 3440 1969 ἂν
3474 1915 3699 1987 ἐδήλουν

2127 2012 2238 2074 τοῖς
2280 2008 2416 2081 μετὰ
2458 2008 2631 2071 ταῦτα
2675 2007 2998 2081 ἀνθρώποις,
3044 2010 3127 2063 ὅτι
3175 2008 3238 2080 δὴ
3286 2008 3554 2083 ἐλυπεῖτο,
3601 2008 3702 2062 καὶ

2127 2099 2404 2171 ἠδημόνει,
2432 2100 2524 2153 καὶ
2549 2103 2850 2172 τετάρακτο
2880 2099 2978 2170 τὴν
3010 2099 3206 2170 ψυχὴν,
3245 2100 3326 2152 ὅτι
3352 2086 3507 2151 αύτοι
3532 2098 3701 2153 αὐτὸν

2128 2191 2483 2256 ἀπολιπόντες
2507 2190 2737 2263 ᾧχοντο’
2768 2191 2801 2262 ἢ
2838 2192 2919 2245 ὅτι
2961 2192 2990 2243 6
3029 2190 3244 2245 πάντων
3281 2188 3460 2244 αὐτῶν
3496 2207 3701 2261 προκε-

2128 2285 2381 2357 κριμένος
2416 2284 2706 2348 ἀπόστολός
2749 2301 2808 2337 τε
2844 2284 2938 2339 καὶ
2978 2282 3225 2355 μαθητὴς
3267 2281 3427 2336 αὐτοῦ
3464 2282 3696 2354 Πέτρος,

2087 2414 2091 2418 -
2130 2376 2376 2447 βασάνων
2408 2377 2563 2440 ἐκτὸς
2592 2378 2687 2431 καὶ
2717 2376 3040 2448 άρχοντικῆς
3072 2374 3299 2444 ἀπειλῆς
3328 2374 3502 2446 τρίτον
3526 2373 3697 2427 αὐτὸν

2129 2469 2455 2540 ἐξωμόσατο.
2491 2468 2674 2522 Ταῦτα
2719 2469 2827 2541 γὰρ
2870 2468 2973 2522 κᾶν
3011 2466 3184 2522 ἄλλων
3237 2467 3511 2536 λεγόντων,
3550 2467 3699 2538 χρῆν

2128 2561 2392 2633 δήπουθεν
2426 2560 2699 2633 ἀρνεῖσθαι
2726 2562 2851 2625 τοὺς
2878 2560 3027 2614 οὐδὲν
3055 2558 3181 2613 ἄλλο
3213 2560 3246 2631 ἢ
3276 2557 3590 2631 χαρίζεσθαι
3622 2558 3700 2614 τὰ

2132 2654 2430 2726 σεμνότερα
2449 2652 2526 2722 τῷ
2552 2653 2852 2724 διδασκάλῳ
2874 2650 3343 2724 προτεθειμένους.
3376 2651 3439 2703 El
3462 2649 3521 2701 δὲ
3549 2648 3701 2718 φιλα-

2128 2746 2310 2817 λήθεις
2346 2748 2403 2799 ἐν
2434 2747 2543 2808 τοῖς
2577 2744 2739 2798 αὑτοῦ
2773 2744 3110 2816 σκυθρωποῖς
3147 2742 3446 2813 διηγήμασι
3484 2740 3701 2810 φαίνον-

2130 2854 2238 2903 ται,
2270 2837 2401 2892 πολὺ
2441 2836 2635 2909 μᾶλλον
2668 2838 2727 2889 ἐν
2754 2838 2864 2898 τοῖς
2896 2834 3248 2907 ἐνδοξοτέροις
3276 2830 3384 2887 εἷεν
3420 2832 3485 2887 ἂν
3518 2830 3700 2885 τοιοῦ-

2129 2945 2231 2981 τοι.
2272 2927 2411 2991 Τοὺς
2442 2928 2547 2998 γὰρ
2568 2926 2711 2992 ἅπαξ
2751 2925 3039 2995 ψεύδεσθαι
3075 2924 3487 2997 προελομένους,
3517 2924 3584 2978 τὰ
3606 2923 3700 2976 λυ-

463 3011 611 3080 quod
661 3011 764 3081 ipsi
808 3014 959 3068 illum
1011 3016 1350 3072 deseruerint
1389 3024 1552 3088 atque
1613 3018 1883 3074 abierint?
1935 3027 2029 3074 aut

2133 3021 2283 3093 πηρά
2314 3022 2449 3092 χρῆν
2480 3020 2678 3091 μᾶλλον
2704 3021 2958 3101 ἐκφυγεῖν
2996 3018 3112 3088 ἤτοι
3158 3017 3245 3071 διὰ
3278 3015 3508 3087 σιωπῆς,
3538 3015 3569 3086 ἢ
3606 3014 3701 3070 διὰ

463 3100 609 3169 quod
641 3101 735 3173 qui
767 3104 1020 3159 omnibus
1048 3106 1182 3175 ipsis
1205 3108 1526 3177 praepositus
1556 3107 1731 3162 fuerat
1748 3110 2026 3178 apostolus

463 3194 633 3257 illius,
657 3202 712 3250 et
734 3192 1036 3267 discipulus
1064 3197 1279 3264 Petrus,
1313 3199 1479 3261 nullis
1501 3214 1678 3270 neque
1718 3201 2025 3264 tormentis,

463 3301 642 3358 neque
699 3290 999 3359 tyrannicis
1050 3292 1257 3356 minis,
1310 3299 1393 3347 ter
1443 3292 1594 3346 illum
1646 3293 2028 3363 ahjuraverit?

464 3375 590 3432 Hzec
618 3379 762 3435 enim
792 3387 847 3435 et
876 3381 921 3436 si
947 3382 1037 3436 alii
1066 3382 1354 3448 dixissent,
1376 3382 1623 3454 neganda
1657 3384 1726 3440 ab
1753 3384 1822 3441 iis
1845 3393 2029 3441 tamen

466 3468 638 3534 fuere,
679 3469 773 3539 qui
811 3471 947 3525 nihil
977 3472 1121 3526 aliud
1152 3473 1256 3528 sibi
1286 3473 1343 3527 in
1382 3474 1672 3530 scribendo
1712 3477 2028 3547 proposuiso

467 3565 609 3621 sent,
642 3557 750 3613 nisi
783 3563 841 3611 ut
876 3560 1233 3615 reverentiam
1269 3561 1590 3631 praeceptori
1626 3569 2025 3631 compararent.

464 3648 622 3716 Quod
650 3651 697 3706 si
722 3651 947 3707 veridici
980 3651 1036 3706 in
1060 3652 1394 3708 tristioribus
1416 3650 1483 3709 de
1508 3652 1603 3707 illo
1624 3654 2029 3709 narrationibus

464 3740 737 3807 videntur,
769 3757 869 3798 cur
919 3759 1029 3798 non
1064 3744 1118 3798 in
1163 3744 1230 3799 iis
1256 3744 1406 3807 item,
1451 3760 1573 3816 quze
1616 3745 1876 3808 laetitiam,
1918 3746 2032 3816 glo-

464 3836 713 3906 riamque
732 3836 954 3900 habent,
986 3837 1158 3892 multo
1180 3838 1373 3909 magis,
1399 3853 1564 3907 quam
1592 3837 1698 3893 sibi
1728 3838 1865 3907 ipsis
1899 3852 2031 3893 con-

466 3928 667 3984 trarii?
699 3927 833 3984 Nam
860 3930 1058 3999 quibus
1088 3946 1253 3984 unum
1289 3931 1626 4001 propositum
1676 3930 1837 3986 fuerit
1879 3947 2034 3987 men-

464 4019 661 4084 tiendi,
698 4020 860 4076 abiis
894 4022 939 4075 si
978 4037 1085 4092 qua
1125 4020 1426 4087 offendunt,
1469 4038 1535 4079 ea
1583 4022 1639 4078 in
1689 4023 1903 4094 primis,
1938 4031 2034 4078 aut

468 4112 735 4183 praeteriri
767 4113 1053 4182 Oportebat
1081 4114 1320 4177 silentio,
1354 4122 1447 4168 aut
1474 4114 1521 4169 si
1562 4115 1614 4168 id
1655 4130 1760 4169 non
1783 4123 2031 4185 poterat,

468 4203 758 4274 negatione
786 4203 979 4265 refelli.
1012 4203 1146 4270 Quis
1174 4205 1319 4261 enim
1361 4205 1503 4276 apud
1547 4214 1794 4276 posteros
1826 4220 1891 4261 ea
1913 4221 2036 4277 quae

471 4293 793 4357 tacuissent,
827 4294 1224 4363 reprehendere
1247 4309 1487 4364 unquam
1510 4294 1823 4364 potuisset?
1847 4294 1954 4351 Sed
1984 4296 2032 4351 si

469 4381 686 4438 mentiri
714 4382 1087 4448 decreverant,
1118 4399 1217 4439 cur
1255 4402 1363 4441 non
1404 4385 1534 4440 illud
1563 4401 1778 4456 quoque
1821 4388 2033 4442 mentiti
2064 4386 2108 4443 Ι)

468 4481 617 4536 sunt,
665 4471 860 4529 Judam
903 4476 997 4547 qui
1040 4478 1229 4533 osculo
1269 4478 1421 4533 illum
1478 4478 1722 4543 tradidit,
1765 4479 1928 4534 simul
1967 4491 2033 4533 ac

470 4567 794 4640 proditionis
822 4569 1035 4639 signum
1070 4570 1359 4626 ostendere
1391 4586 1560 4627 ausus
1591 4578 1697 4633 est,
1729 4569 1782 4626 in
1802 4570 2032 4640 lapidem

468 4671 596 4714 esse
615 4659 980 4713 conversum?
1009 4669 1062 4714 et
1103 4660 1196 4731 qui
1233 4661 1441 4731 alapam
1490 4662 1564 4716 illi
1624 4660 1825 4716 inferre
1865 4676 2032 4716 ausus

468 4757 574 4811 est,
599 4747 718 4818 ejus
747 4747 892 4803 illico
920 4749 1166 4804 dextram
1201 4751 1449 4807 aruisse?
1475 4761 1529 4807 et
1554 4750 1816 4821 Caipham
1857 4752 2034 4820 ponti-

473 4839 652 4903 licem,
683 4844 966 4908 propterea
994 4839 1139 4909 quod
1175 4839 1328 4896 falsis
1359 4847 1553 4896 contra
1590 4841 1743 4896 illum
1791 4841 2035 4896 crimini-

469 4928 579 4985 bus
616 4930 976 4994 consenserit,
1022 4931 1200 4986 oculis
1241 4940 1458 5003 captum
1509 4932 1715 4990 fuisse?
1753 4932 1866 4989 Cur
1906 4948 2035 4989 vero

471 5037 581 5078 non
621 5036 813 5078 omnes
853 5022 1066 5078 mentiti
1103 5030 1252 5089 sunt,
1296 5024 1668 5095 significantes
1706 5024 1841 5079 nihil
1878 5025 2037 5096 plane

471 5113 550 5168 illi
584 5114 731 5184 quod
756 5114 933 5186 possit
961 5114 1234 5171 oliendere
1258 5116 1544 5173 evenisse?
1572 5117 1667 5172 sed
1706 5117 1884 5186 ipsum
1913 5116 2036 5186 qui-

470 5204 594 5260 dem
630 5207 940 5268 evanuisse,
956 5205 1243 5276 forumque
1266 5213 1321 5262 et
1338 5205 1544 5277 judicia
1572 5207 1788 5263 illorum
1811 5207 2037 5263 risisse?

470 5297 567 5365 qui
597 5312 728 5353 vero
766 5297 917 5353 illum
954 5296 1417 5369 comprehendere
1430 5296 1551 5354 ausi
1578 5296 1814 5366 fuerant,
1840 5286 2038 5353 divini-

472 5395 564 5440 tus
596 5387 806 5453 illusos,
819 5397 1011 5445 contra
1033 5390 1185 5444 illum
1201 5404 1260 5446 se
1283 5404 1444 5461 agere
1456 5404 1578 5461 quae
1604 5399 1853 5458 egerunt,
1883 5397 2031 5445 tam~

475 5480 581 5535 etsi
652 5481 747 5537 ille
822 5496 933 5537 non
989 5481 1202 5549 aderat,
1263 5482 1599 5539 credidisse?
1638 5480 1781 5549 Quid
1837 5484 2039 5552 porro?

477 5571 667 5626 Nonne
717 5574 936 5643 gravius
993 5573 1323 5645 digniusque
1380 5575 1769 5646 scripsissent,
1829 5575 2036 5630 nullum

475 5667 637 5739 plane
678 5665 976 5722 humanum
1021 5676 1114 5723 aut
1147 5667 1428 5725 mortalem
1468 5683 1675 5735 casum,
1718 5669 1866 5725 illum
1908 5667 2037 5723 sub-

2129 3116 2227 3186 τῆς
2261 3115 2387 3186 περὶ
2418 3113 2592 3166 αὐτῶν
2631 3112 2926 3184 ἀρνήσεως,
2968 3110 3040 3181 μὴ
3083 3109 3255 3172 ἄλλως
3293 3107 3400 3162 τῶν
3434 3108 3701 3178 ὀψιγόνων

2129 3205 2339 3275 ἐλέγξαι
2367 3205 2675 3276 δυναμένων
2721 3205 2789 3258 τὰ
2842 3202 3187 3274 σεσιγημένα.
3230 3202 3328 3255 Διὰ
3369 3201 3427 3276 τί,
3462 3200 3572 3272 γὰρ
3618 3200 3701 3271 μὴ

2127 3308 2439 3378 ἐψεύσαντο,
2470 3308 2562 3361 καὶ
2607 3307 2834 3379 ἔφησαν,
2881 3307 2962 3360 ὄτι
3001 3305 3201 3369 Ἰούδας
3252 3307 3348 3375 μὲν
3392 3308 3421 3358 6
3468 3304 3702 3376 προδοὺς

2127 3401 2289 3456 αὑτὸν
2328 3400 2610 3473 φιλήματι,
2653 3398 2931 3470 τολμήσας
2967 3398 3027 3452 τὸ
3061 3397 3326 3469 σύμϐολον
3364 3395 3700 3462 ἐνδείξασθαι

2127 3493 2227 3564 τῆς
2264 3492 2569 3565 προδοσίας,
2615 3492 2975 3564 ἀπολιθωθείη
3021 3491 3252 3545 αὐτίκαο
3296 3493 3327 3543 6
3370 3490 3426 3542 δέ
3469 3487 3699 3560 ῥαπίσαι

2128 3583 2289 3638 αὐτὸν
2318 3584 2611 3655 τολμήσας,
2642 3584 2804 3655 ξηρὸς
2856 3582 3189 3653 παραχρῆμα
3235 3580 3445 3650 γένοιτο
3482 3579 3580 3650 τὴν
3608 3579 3702 3631 δε-

2130 3676 2247 3741 ξιάν
2267 3692 2280 3708 ⁸
2307 3679 2337 3730 ὁ
2357 3676 2402 3728 δ’
2427 3678 2711 3749 ἀρχιερεὺς
2743 3675 3016 3744 Καϊάφας,
3049 3675 3124 3737 ὡς
3162 3674 3227 3727 ἂν
3258 3672 3560 3744 συντρέχων
3585 3672 3703 3735 τοῖς

2131 3780 2249 3832 κατ’
2278 3777 2442 3832 αὑτοῦ
2470 3777 2848 3847 συκοφάνταις,
2884 3776 3164 3850 πηρωθείη
3190 3778 3286 3841 τὰς
3316 3776 3498 3847 ὄψεις
3534 3775 3623 3828 διά
3647 3777 3702 3830 τί

2130 3870 2187 3922 δὲ
2222 3870 2295 3941 μὴ
2323 3868 2615 3938 ἐψεύσαντο
2646 3869 2864 3933 πάντες,
2903 3871 2982 3923 ὅτι
3018 3868 3183 3939 μηδὲν
3222 3868 3540 3940 σκυθρωπὸν
3568 3867 3705 3937 ἁλη-

2132 3971 2240 4035 θῶς
2281 3973 2409 4045 περὶ
2462 3972 2622 4026 αὐτὸν
2674 3972 2934 4041 γέγονενς
2979 3971 3115 4025 Ἀλλ’
3165 3975 3194 4026 6
3239 3972 3335 4043 μὲν
3375 3971 3585 4043 ἀφανὴς
3631 3966 3705 4044 ἦν

2132 4063 2503 4133 καταγελάσας
2550 4062 2727 4116 αὐτῶν
2762 4064 2853 4116 τοῦ
2902 4062 3248 4135 δικαστηρίου
3269 4081 3283 4094 ο
3313 4066 3362 4116 oi
3390 4063 3446 4116 δὲ
3478 4060 3702 4117 ἐπιϐου-

2133 4154 2395 4219 λεύοντες,
2424 4155 2528 4208 ὑπὸ
2556 4155 2856 4224 φαντασίας
2885 4154 3140 4225 θεηλάτου
3170 4152 3527 4225 πλανώμενοι,
3552 4156 3705 4226 ἐνερ-

2134 4248 2249 4314 γεῖν
2281 4247 2397 4299 κατ’
2418 4244 2580 4298 αύτοῦ
2611 4244 2685 4316 μὴ
2718 4244 2980 4316 παρόντος
3008 4243 3255 4310 ἐδόκουν;
3280 4245 3344 4297 Τί
3375 4242 3442 4310 ὂ“;
3468 4240 3577 4314 ἄρα
3601 4244 3704 4297 οὐκ

2133 4333 2201 4409 ἦν
2235 4337 2555 4408 σεμνότερον
2582 4334 2674 4389 τοῦ
2704 4335 3050 4402 πλάττεσθαι,
3081 4335 3287 4389 ὅτιτῶν
3309 4335 3521 4389 τοιῶνδε
3546 4352 3705 4405 ποιη-

2137 4429 2235 4498 τὴς
2263 4426 2437 4500 ἔργων
2462 4424 2774 4497 παραδόξων
2798 4428 3007 4496 γέγονε,
3046 4426 3107 4480 τὸ
3142 4428 3393 4497 γράφειν,
3420 4427 3501 4480 ὅτι
3535 4426 3704 4497 μηδὲν

2142 4521 2237 4592 μὲν
2264 4518 2616 4590 ἀνθρώπινον,
2647 4518 2779 4589 μηδέ
2806 4518 2995 4590 θνητὸν
3020 4520 3148 4591 περὶ
3179 4520 3338 4572 αὐτὸν
3373 4517 3590 4590 συνέϐη,
3620 4520 3706 4572 ἐν-

2139 4612 2244 4683 θέῳ
2283 4611 2340 4664 δὲ
2386 4611 2610 4681 δυνάμει
2636 4610 2704 4664 τά
2750 4611 2927 4666 πάντα
2977 4611 3437 4685 καταδησάμενος,
3481 4609 3584 4681 τὴν
3623 4612 3704 4674 είς

2138 4704 2395 4778 οὐρανοὺς
2427 4704 2682 4758 ἐπάνοδον
2713 4704 2848 4775 μετά
2886 4704 3159 4777 θειοτέρας
3181 4702 3337 4774 δόξης
3375 4700 3703 4775 ἐποιήσατοξ

2137 4798 2198 4850 οὐ
2243 4796 2352 4868 γάρ
2385 4795 2448 4868 δὴ
2495 4796 2702 4860 τούτοις
2737 4799 2983 4853 ἀπιστεῖν
3028 4797 3246 4868 ἔμελλον
3287 4799 3334 4851 oi
3373 4799 3489 4860 ταῖς
3517 4794 3707 4861 ἄλλαις

2140 4900 2317 4956 αὐτῶν
2347 4899 2627 4970 διηγήσεσι
2659 4898 3094 4964 πεπιστευκότες.
3122 4900 3183 4954 Οἱ
3215 4898 3258 4952 δ’
3291 4894 3383 4953 οὖν
3418 4898 3581 4970 μηδὲν
3606 4899 3711 4969 τῆς

2139 4994 2393 5065 ἀληθείας
2423 4993 2480 5046 ἐν
2517 4995 2627 5056 τοῖς
2663 4992 3060 5062 ἀπεμφαίνουσι
3094 4991 3187 5045 καὶ
3226 4991 3566 5063 σκυθρωποῖς
3595 5007 3707 5044 πα·-

2142 5085 2546 5160 ραχαράξαντες
2579 5084 2695 5148 πῶς
2724 5084 2823 5137 οὐκ
2852 5083 2917 5138 ἂν
2950 5078 3060 5139 εἶεν
3092 5083 3231 5151 ἄξιοι
3258 5084 3353 5139 καὶ
3382 5084 3441 5137 ὲν
3467 5083 3579 5145 τοῖς
3605 5080 3710 5135 λον

2142 5189 2281 5250 ποῖς,
2314 5180 2396 5249 οἷς
2426 5182 2812 5257 ἐμαρτύρησαν
2862 5183 3010 5255 αὐτῷ
3047 5184 3117 5238 τά
3162 5181 3457 5255 παράδοξα,
3496 5179 3711 5255 φαύλης

2140 5278 2295 5341 ἐκτὸς
2327 5277 2577 5340 ὑπονοίας
2630 5275 2990 5342 καθεστάναις
3040 5275 3329 5347 Αὐτάρκης
3356 5273 3456 5346 μὲν
3485 5268 3578 5327 οὖν
3615 5271 3715 5326 καὶ

2142 5371 2175 5442 ή
2205 5369 2369 5422 τῶνδε
2393 5368 2647 5439 τυγχάνει
2681 5368 2807 5440 περὶ
2830 5367 2924 5421 τοῦ
2949 5368 3196 5443 Σωτῆρος
3219 5367 3377 5439 ἡμῶν
3399 5365 3673 5439 μαρτυρία
3690 5381 3713 5401 ⁸

2140 5470 2293 5526 οὐδὲν
2323 5469 2380 5523 δὲ
2409 5467 2521 5523 οἷον
2543 5470 2608 5523 ἐκ
2634 5450 2945 5542 περιουσίας
2972 5471 3067 5523 καὶ
3093 5468 3169 5541 τῷ
3187 5469 3247 5535 ἐξ
3285 5469 3551 5541 Ἐϐραίων
3590 5467 3721 5522 Ἰω-

2144 5576 2300 5645 σήπῳ
2331 5572 2565 5644 μάρτυρι
2593 5572 2916 5645 χρήσασθαι,
2953 5571 3012 5636 ὃς
3047 5573 3106 5624 ἐν
3141 5570 3220 5642 τῷ
3260 5568 3719 5640 ὀκτωκαιδεκάτῳ

2143 5663 2241 5729 τῆς
2282 5661 2606 5728 Ἰουδαϊκῆς
2637 5663 3096 5732 Ἀρχαιολςγῖας.
3126 5661 3195 5716 τὰ
3214 5660 3351 5716 κατὰ
3389 5662 3513 5721 τοὺς
3546 5658 3721 5713 Πιλὰ-
