3930 6202
243 289 348 345 ⁸221
1187 286 1836 346 DEMONSTRATIONIS
1873 284 2340 342 EVANGELICIE
2367 283 2495 341 LIB.
2535 282 2626 338 lll.
3387 284 3496 340 922

239 425 341 462 του
369 406 590 479 χρόνους
626 409 874 481 ίστορῶν,
919 410 1188 485 μέμνηται
1229 411 1322 466 τοῦ
1365 411 1616 484 Σωτῆρος
1659 411 1804 482 ήμῶι

1919 409 2086 466 iisse?
2113 423 2296 464 verum
2333 407 2427 461 ubi
2457 407 2509 460 vi
2552 405 2734 460 divina
2768 420 2857 460 res
2890 419 3080 485 omnes
3122 419 3250 460 suas
3293 407 3496 462 confir-

238 500 305 551 ὲν
331 497 564 563 τούτοις.
1928 509 2155 568 masset,
2188 509 2306 558 tum
2356 501 2411 556 in
2462 500 2660 555 crelum
2705 480 2997 570 gloriosius
3027 497 3374 568 diviniusque
3406 516 3500 556 re-

237 591 522 647 vertisse?
577 591 738 649 Certe
784 593 888 649 hoc
941 595 1114 651 multo
1184 595 1443 666 majorem
1472 598 1877 654 venerationem
1929 601 2338 669 comparasset,
2369 610 2533 666 quam
2586 593 2820 678 flngrre,
2853 594 2922 648 ab
2970 593 3064 647 illo
3108 607 3171 647 ea
3230 592 3497 647 miracula

240 683 389 740 facta
416 699 538 754 qua:
562 686 847 742 novimus?
877 685 1036 758 124,
1085 689 1425 759 nequeenim
1480 689 1564 746 his
1605 691 1868 747 credituri
1903 708 2011 746 non
2037 691 2273 752 fuerant,
2321 688 2412 758 qui
2477 687 2686 742 caeteris
2719 686 3032 742 eorumdem
3087 685 3498 739 narrationibus

240 774 408 829 ﬁdem
460 774 718 832 habuere.
786 778 889 844 Qui
939 779 1104 849 igitur
1174 778 1230 834 in
1270 779 1338 835 iis
1385 795 1506 850 qum
1539 781 1778 837 dedecus
1819 763 2025 836 habent
2072 789 2234 850 atque
2299 777 2600 840 tristitiam,
2638 777 2918 831 veritatem
2965 790 3317 844 corrumpere
3375 773 3498 830 ausi

236 883 354 924 non
382 878 534 933 sunt,
566 887 660 926 cur
685 887 792 926 non
834 872 890 927 in
937 874 1161 946 reliquis
1200 889 1438 947 quoque,
1481 892 1602 947 qua:
1641 877 1710 932 de
1759 877 1854 931 illo
1891 877 2234 947 protulerunt
2278 873 2426 945 digni
2473 873 2760 936 habentur,
2809 871 3010 942 quibus
3052 871 3260 940 absque
3314 865 3497 936 suspi-

235 963 401 1016 cione
434 961 688 1017 falsitatis
739 963 1029 1030 credatur,
1083 965 1248 1020 etiam
1313 968 1360 1022 si
1404 968 1664 1024 miracula
1719 968 2111 1024 narraverint?
2170 981 2300 1037 ergo
2348 965 2474 1019 licet
2525 964 2714 1018 talium
2768 963 3052 1016 hominum
3093 961 3160 1016 de
3211 960 3497 1014 Salvatore

233 1062 431 1110 nostro
475 1055 870 1121 testimonium,
908 1058 1069 1114 nobis
1112 1059 1333 1116 abunde
1388 1061 1702 1116 satisfacere
1755 1061 1950 1116 debeat
1987 1104 2002 1128 ,
2063 1068 2247 1116 tamen
2314 1059 2450 1112 nihil
2490 1074 2576 1112 me
2615 1066 2811 1128 praeter
2847 1057 3185 1127 propositum
3227 1057 3494 1110 facturum

234 1146 499 1209 arbitror,
532 1146 578 1200 si
619 1149 775 1218 quasi
804 1164 871 1204 ex
915 1150 1249 1205 abundantia
1294 1151 1562 1222 quadam,
1601 1153 1812 1209 Hebraei
1849 1168 2069 1223 quoque
2093 1151 2315 1220 Josephi
2341 1151 2655 1206 testimonio
2686 1161 2841 1212 utar,
2897 1149 2988 1219 qui
3031 1150 3085 1203 in
3133 1149 3348 1202 decimo
3399 1160 3496 1200 oc-

233 1250 364 1297 tavo
402 1242 646 1298 Iudaica:
690 1243 1032 1314 Antiquitatis
1091 1247 1251 1313 libro,
1279 1247 1437 1318 Pilati
1483 1258 1726 1321 tempora
1757 1251 1812 1305 in
1854 1250 2137 1305 historiam
2170 1264 2323 1305 suam
2355 1248 2619 1311 referens,
2665 1247 2732 1302 de
2788 1246 3067 1300 Salvatore
3098 1252 3289 1298 nostro
3348 1257 3497 1296 men-

234 1337 443 1390 tionem
474 1335 624 1403 facit,
664 1336 750 1393 his
779 1338 985 1396 verbis.

587 1447 871 1514 Ἰωσήπου
898 1451 1030 1518 περί
1060 1452 1166 1507 τοῦ
1193 1454 1471 1521 Χριστοῦ.

315 1577 337 1611 ι
373 1559 581 1613 Γίνεται
623 1559 680 1612 δὲ
715 1562 830 1614 κατ’
863 1563 1068 1618 ἐκεῖνον
1109 1566 1200 1618 τὸν
1241 1567 1431 1637 χρόνον
1478 1565 1684 1636 Ἰησοῦς
1723 1583 1812 1620 σο-

230 1649 333 1719 φὸς
361 1651 520 1724 ἀνὴρ,
545 1651 660 1720 εἴγε
692 1652 858 1725 ἄνδρα
884 1656 1048 1708 αὐτὸν
1073 1655 1249 1725 λέγειν
1282 1660 1407 1731 χρή.
1430 1654 1537 1713 Ἶίν
1565 1659 1675 1731 γὰρ
1709 1677 1812 1713 πα·

235 1740 472 1811 ραδόξων
516 1743 692 1814 ἔργων
725 1746 972 1816 ποιητὴς,
1014 1746 1330 1814 διδάσκαλος
1371 1749 1675 1821 ἀνθρώπων
1710 1751 1808 1803 τά-

231 1830 375 1930 ληθῇ
398 1831 778 1930 ’σεξομένων-’Δ
814 1836 908 1888 καὶ.
949 1836 1174 1902 πολλοὺς
1209 1839 1308 1909 μὲν
1353 1839 1448 1893 τοῦ
1496 1839 1809 1905 Ἰουδαϊκοῦ,
1843 1875 1884 1930 Β

230 1924 460 1990 πολλοὺς
481 1925 536 1979 δὲ
557 1925 650 1979 καὶ
677 1925 982 1998 Ἑλληνικοῦ
1009 1930 1338 2000 ἐπηγάγετο·
1355 1931 1385 1983 ὁ
1402 1931 1633 2003 Χριστὸς
1656 1925 1811 1995 οὗτος

225 2013 294 2088 ἦν
326 2017 431 2088 (Ι),
472 2019 565 2071 καὶ
604 2016 779 2070 αὐτῶν
819 2018 1163 2084 ένδείξειτῶν
1197 2021 1325 2091 παρ’
1371 2022 1503 2091 ημῖν
1539 2019 1812 2090 ἀρχόντων

227 2109 454 2180 σταυρῷ
495 2109 936 2180 ἐπιτετιμηκότος
987 2109 1239 2178 Πιλάτου,
1275 2111 1375 2164 οὐκ
1423 2111 1729 2165 ἐπαύσαντο
1761 2113 1811 2165 οί

227 2198 288 2251 τὺ
315 2197 532 2269 πρῶτον
559 2199 962 2270 ἀγαπήσαντες.
1005 2201 1206 2273 Ἐφάνη
1253 2201 1360 2276 γὰρ
1395 2205 1578 2268 αὐτοῖς
1623 2205 1810 2276 τρίτην

227 2290 443 2361 ἡμέραν
492 2289 654 2344 πάλιν
695 2292 822 2356 ζῶν,
858 2293 964 2346 τῶν
1007 2295 1165 2350 θείων
1206 2298 1498 2369 προφητῶν
1541 2298 1713 2354 ταῦτά
1749 2317 1808 2352 τε

225 2384 324 2436 καὶ
362 2382 497 2436 ἄλλα
538 2384 704 2454 μυρία
749 2386 875 2457 περὶ
903 2387 1067 2440 αὑτοῦ
1107 2390 1421 2459 είρηκότων.
1455 2391 1616 2444 Ὅθεν
1644 2393 1808 2445 εἰσέτι

224 2473 324 2528 νῦν
351 2476 460 2528 ἀπὸ
488 2474 641 2528 τοῦδε
689 2476 794 2528 τῶν
842 2478 1182 2547 Χριστιανῶν
1222 2481 1319 2534 οὐκ
1367 2482 1588 2535 ἐπέλιπε
1617 2484 1676 2536 τὸ
1705 2483 1808 2551 φῦ-

223 2568 342 2622 λον.
380 2587 398 2618 ι
429 2568 490 2620 Ei
513 2569 692 2622 τοίνυν
725 2570 816 2623 καὶ
847 2571 985 2624 κατὰ
1017 2573 1108 2625 τὸν
1137 2574 1402 2644 ἱστορικὸν
1429 2581 1805 2646 μαρτυρεῖται,

223 2662 289 2715 οὐ
327 2662 484 2732 μόνον
533 2664 660 2724 τοὺς
696 2662 902 2717 δώδεκα
937 2666 1295 2732 ἀποστόλους,
1335 2670 1452 2722 οὐδὲ
1497 2671 1622 2734 τοὺς
1662 2671 1809 2724 ἐϐδο-

227 2753 474 2822 μήκοντα
513 2752 759 2823 μαθητὰς
811 2754 1231 2826 ἐξῳκειωμένος,
1262 2759 1397 2812 ἀλλὰ
1449 2759 1674 2822 πολλοὺς
1710 2761 1808 2830 μὲν

221 2843 324 2897 τοῦ
361 2845 670 2902 Ἰουδαϊκοῦ.
699 2847 922 2911 πολλοὺς
962 2848 1018 2900 δὲ
1046 2848 1138 2901 τοῦ
1181 2849 1490 2922 Ἑλληνικοῦ
1538 2853 1808 2923 προσαγό-

229 2951 413 3004 μενος,
429 2935 583 3006 δῆλος
601 2937 666 2991 ἂν
692 2936 774 3008 εἴη
802 2939 1051 3008 περιττόν
1077 2955 1127 2991 τι
1150 2942 1484 3012 κεκτημένος
1509 2942 1659 3013 παρὰ
1682 2945 1808 3005 τοὺς

225 3026 450 3089 λοιποὺς
481 3026 813 3098 ἀνθρώπους.
863 3028 986 3092 Πῶς
1023 3029 1131 3099 γὰρ
1179 3032 1245 3083 ἂν
1288 3031 1460 3096 ἄλλως
1505 3035 1808 3104 προσήγετο

221 3117 328 3174 τοῦ
343 3118 651 3182 Ἰουδαϊκοῦ,
675 3120 768 3173 καὶ
791 3119 883 3173 τοῦ
914 3120 1221 3191 Ἑλληνικοῦ
1249 3122 1484 3187 πλείους,
1517 3126 1564 3177 εἰ
1601 3126 1672 3196 μή
1698 3143 1806 3178 τισι

2418 1445 2636 1516 Joseplu'
2658 1447 2722 1500 de
2744 1445 2976 1501 Christo.

1992 1586 2010 1619 ι
2051 1566 2281 1622 Exsistit
2311 1579 2407 1635 per
2437 1563 2579 1618 idem
2609 1570 2824 1632 tempus
2865 1561 3024 1615 Jesus
3056 1561 3274 1630 sapiens
3306 1563 3407 1626 vir,
3445 1562 3493 1619 si

1913 1659 2076 1714 modo
2105 1660 2282 1713 virum
2316 1672 2441 1711 eum
2474 1656 2658 1710 dicere
2680 1661 2916 1724 oportet,
2943 1653 3145 1722 quippe
3178 1656 3269 1726 qui
3303 1669 3493 1709 earum

1911 1767 2094 1806 rerum
2118 1757 2318 1804 auctor
2345 1749 2528 1812 fuerit,
2559 1763 2680 1818 quae
2703 1747 2993 1801 humanam
3025 1745 3183 1799 fidem
3208 1753 3493 1817 superant.

1912 1843 2149 1898 Docebat
2182 1857 2347 1914 porro
2375 1841 2463 1894 hic
2509 1839 2780 1902 homines,
2815 1839 2860 1893 si
2905 1854 3044 1909 quos
3085 1839 3333 1894 veritatis
3375 1848 3494 1895 stu-

1913 1936 2100 1992 diosos
2133 1934 2440 2006 reperiebat
2467 1952 2480 1988 :
2520 1948 2650 2004 ergo
2684 1932 2886 1986 multos
2918 1931 3022 1986 sibi
3051 1931 3324 1995 Judaicze,
3351 1931 3494 1987 mul-

1912 2039 1997 2085 tos
2027 2029 2190 2084 etiam
2225 2027 2428 2083 Graeca:
2463 2026 2716 2080 factionis
2755 2025 3024 2095 adjunxit.
3054 2025 3307 2081 Christus
3332 2027 3492 2096 plane

1911 2123 2003 2177 hic
2047 2121 2150 2176 fuit
2188 2139 2200 2175 :
2251 2119 2518 2190 siquidem
2547 2133 2672 2172 cum
2717 2118 3129 2188 magistratibus
3158 2119 3364 2172 nostris
3394 2132 3488 2172 ac-

1911 2213 2252 2275 cusantibus,
2281 2211 2434 2266 illum
2461 2209 2641 2265 crucis
2663 2209 2935 2277 supplicio
2961 2207 3229 2262 affecisset
3253 2207 3483 2274 Pilatus,

1912 2321 2022 2360 non
2070 2303 2422 2364 destiterunt,
2456 2302 2550 2371 qui
2595 2301 2664 2355 ab
2697 2299 2853 2353 initio
2899 2300 3170 2369 complexi
3220 2299 3484 2354 fuerant:

1910 2397 2159 2468 apparuit
2194 2399 2336 2452 enim
2369 2395 2476 2449 illis
2515 2394 2676 2448 tertio
2707 2393 2793 2448 die
2827 2393 3022 2447 iterum
3049 2392 3257 2455 vivens,
3292 2407 3487 2460 quem-

1910 2489 2205 2543 admodum
2257 2486 2426 2540 divini
2459 2485 2737 2554 prophetze
2765 2493 2819 2538 et
2884 2485 2999 2539 htec
3027 2495 3080 2539 et
3104 2486 3207 2538 alia
3242 2487 3489 2542 innume-

1909 2581 2102 2635 rabilia
2135 2580 2201 2633 de
2245 2579 2338 2632 illo
2368 2577 2752 2648 praedixerant,
2799 2591 2865 2629 ex
2905 2592 3014 2645 quo
3041 2576 3106 2628 ad
3136 2577 3281 2629 hunc
3313 2593 3486 2645 usque

1909 2672 2052 2727 diem
2085 2671 2521 2726 Christianorum
2557 2684 2666 2721 non
2700 2667 2900 2721 defecit
2951 2683 3142 2736 genus.
3187 2688 3204 2718 ι
3261 2665 3316 2720 Si
3355 2684 3485 2739 ergo

1908 2765 2208 2819 historicus
2236 2778 2454 2833 quoque
2483 2760 2830 2821 testificatur,
2873 2775 2983 2812 non
3013 2759 3160 2813 solos
3193 2758 3484 2813 duodecim

1907 2857 2205 2925 apostolos,
2247 2854 2700 2923 septuagintaque
2741 2851 3068 2919 discipulos,
3124 2850 3192 2902 ab
3241 2850 3331 2903 illo
3377 2850 3484 2903 sibi

1907 2949 2216 3016 adjunctus,
2266 2947 2359 3000 sed
2406 2945 2606 2998 multos
2639 2959 2856 3013 quoque
2892 2953 3004 2997 tum
3050 2941 3312 3006 Judaicze,
3363 2952 3480 2996 tum

1907 3039 2109 3095 Graeca:
2151 3039 2405 3093 factionis
2434 3045 2767 3106 assumptos,
2800 3036 2975 3106 palam
3024 3047 3110 3090 est
3157 3036 3308 3088 illum
3340 3035 3392 3088 in
3422 3049 3482 3090 se

1908 3131 2113 3201 aliquid
2161 3131 2514 3186 excellentius
2549 3132 2760 3183 cretei-is
2810 3128 3124 3182 hominibus
3175 3127 3480 3181 habuisse:

222 3210 568 3279 θαυμαστοῖς
588 3212 674 3263 καὶ
701 3211 1019 3282 παραδόξοις
1046 3213 1246 3284 ἔργοις,
1277 3217 1370 3268 καὶ
1400 3215 1682 3289 ξενιζούσῃ
1709 3217 1803 3271 κέ-

1908 3240 2013 3294 qua
2043 3223 2185 3277 enim
2237 3223 2341 3275 alia
2393 3223 2600 3276 ratione
2641 3230 2694 3274 et
2735 3219 2946 3277 Judaici
2979 3229 3032 3274 et
3063 3219 3234 3274 Graeci
3268 3220 3484 3289 generis

221 3319 408 3376 χρη-το
438 3302 765 3376 διδασκαλίας
811 3308 1090 3379 Μαρτυρεί
1122 3307 1179 3362 δὲ
1212 3308 1303 3360 καὶ
1333 3310 1364 3378 ἡ
1401 3308 1508 3362 τῶν
1542 3309 1806 3381 Πράξεων

220 3395 341 3449 τῶν
381 3395 688 3449 ἀποστόλων
729 3398 950 3469 γραφὴ,
994 3399 1074 3452 ὅτι
1127 3398 1317 3451 πολλαὶ
1369 3398 1623 3470 μυριάδες
1666 3395 1805 3470 ἦσαν

234 3486 507 3542 Ἰουδαίων
538 3487 744 3558 ἀνδρῶν
775 3489 1153 3560 πεπεισμένων
1189 3491 1350 3542 αὑτὸν
1384 3486 1520 3543 εἶναι
1546 3491 1636 3543 τὸν
1667 3492 1804 3562 Χριο

223 3581 352 3635 στὸν
376 3579 471 3634 τοῦ
508 3579 665 3645 Θεοῦ,
704 3583 796 3636 τὸν
829 3583 934 3637 ὑπὸ
972 3583 1081 3635 τῶν
1103 3583 1394 3655 προφητῶν
1432 3583 1807 3654 κατηγγελμέ-

219 3693 347 3730 νονσ
374 3677 468 3730 καὶ
507 3679 539 3748 η
579 3677 790 3747 ἱστορία
820 3677 878 3730 δὲ
919 3676 1156 3746 κατέχει,
1199 3676 1274 3739 ὡς
1315 3677 1407 3729 καὶ
1451 3676 1680 3748 μεγίστη
1721 3693 1805 3740 τις

219 3764 292 3840 ἦν
327 3771 623 3842 Ἐκκλησία
676 3769 912 3841 Χριστοῦ
966 3771 1024 3822 ὲν
1069 3771 1182 3832 τοῖς
1228 3769 1645 3840 Ἰεροσολύμοις,
1698 3769 1804 3823 ἀπὸ

232 3859 507 3912 Ἰουδαίων
557 3861 991 3931 συγκροτουμένη
1017 3898 1033 3922 ,
1087 3859 1248 3929 μέχρι
1295 3859 1404 3912 τῶν
1454 3860 1657 3931 χρόνων
1707 3861 1803 3930 τῆς

223 3953 344 4004 κατ’
377 3951 655 4023 Ἀδριανὺν
683 3952 1017 4023 πολιορκίας.
1050 3951 1311 4020 Λέγονται
1344 3948 1476 4018 γοῦν
1518 3953 1567 4005 οἱ
1596 3952 1801 4022 πρῶτοι

221 4045 368 4097 κατὰ
396 4043 644 4114 διαδοχὴν
669 4046 993 4114 προστάντες
1021 4043 1205 4099 αὐτόθι
1245 4043 1528 4097 ἐπίσκοποι
1564 4045 1801 4097 Ἰουδαῖοι

223 4136 536 4204 γεγονέναι,
587 4129 661 4189 ὧν
705 4138 797 4189 καὶ
841 4136 1075 4206 ὀνόματα
1124 4136 1290 4188 είσέτι
1337 4135 1431 4188 νῦν
1490 4136 1639 4205 παρὰ
1692 4137 1802 4197 τοῖς

219 4229 510 4301 ἐγχωρίοις
551 4228 976 4300 μνημονεύεταιο
1021 4229 1096 4292 ὡς
1151 4229 1244 4282 καὶ
1288 4229 1351 4280 ἐκ
1400 4227 1601 4280 τούτων
1651 4225 1803 4279 λελῦ-

224 4321 350 4373 σθαι
378 4324 555 4374 πᾶσαν
582 4323 680 4396 τὴν
712 4323 854 4376 κατὰ
875 4321 983 4374 τῶν
1025 4321 1280 4392 μαθητῶν
1330 4319 1494 4372 αὑτοῦ
1525 4318 1798 4391 διαϐολὴν,

221 4415 313 4468 ὅτε
348 4413 440 4466 καὶ
475 4413 606 4484 πρὸς
638 4411 835 4472 αὐτῶν,
868 4412 962 4464 καὶ
991 4410 1114 4481 δίχα
1139 4411 1237 4481 τῆς
1269 4410 1447 4463 αὐτῶν
1478 4411 1798 4481 μαρτυρίας,

225 4506 398 4580 μυρία
429 4506 780 4576 ὀμολογεῖται⁶
798 4503 973 4574 πλήθη
1016 4503 1282 4556 Ἰουδαίων
1306 4519 1365 4556 τε
1405 4503 1496 4555 καὶ
1537 4503 1799 4574 Ἑλλήνων

1908 3315 2108 3369 multos
2139 3313 2245 3368 sibi
2267 3313 2564 3382 adjungere
2599 3313 2886 3381 potuissd,
2935 3311 3038 3366 nisi
3068 3310 3483 3366 admirabilibus

1906 3408 2176 3477 fidemque
2205 3406 2592 3477 superantibus
2638 3406 2832 3474 gestis,
2877 3414 2930 3459 et
2961 3403 3206 3458 inaudita
3242 3402 3481 3472 quadam

1905 3497 2157 3552 doctrina
2211 3512 2345 3551 usus
2393 3496 2572 3551 esset?
2620 3496 2781 3550 fidem
2827 3496 2992 3550 etiam
3045 3495 3178 3549 facit
3221 3495 3359 3548 liber
3385 3495 3479 3564 qui

1903 3591 2040 3644 Acta
2088 3589 2458 3660 apostolorum
2508 3588 2849 3650 inscribitur,
2886 3588 3053 3654 multa
3085 3588 3251 3640 millia
3300 3586 3479 3640 homi-

1904 3699 2035 3738 num
2084 3677 2393 3737 Judzeorum
2436 3679 2761 3743 credidisse,
2819 3679 2972 3732 illum
3030 3695 3152 3735 esse
3195 3678 3477 3734 Christum

1903 3773 2025 3840 Dei,
2051 3789 2211 3845 quem
2250 3773 2527 3843 prophetis
2558 3780 2848 3824 venturum
2887 3769 3256 3822 nuntiassent.
3292 3767 3480 3821 Histo-

1903 3869 1981 3922 ria
2013 3882 2228 3936 quoque
2262 3864 2390 3919 illud
2419 3865 2578 3918 habet
2606 3883 2618 3916 :
2655 3863 2913 3933 grandem
2941 3861 3141 3915 Christi
3176 3859 3476 3912 licelesiam

1903 3959 2295 4030 Hierosolymis
2343 3956 2534 4021 fuisse,
2586 3971 2751 4025 quam
2805 3952 2976 4007 Judaei
3038 3955 3474 4022 comparassent,

1902 4051 2240 4120 durasseque
2295 4065 2468 4118 usque
2521 4048 2586 4102 ad
2656 4047 3034 4105 obsidionem,
3086 4061 3206 4112 qua:
3249 4039 3475 4095 Adriani

1902 4151 2146 4211 tempore
2172 4143 2312 4197 facta
2345 4149 2428 4197 est
2459 4159 2473 4204 ;
2507 4155 2638 4210 ergo
2669 4139 2761 4208 qui
2793 4137 2952 4207 primi
2981 4134 3224 4204 episwpi
3251 4148 3315 4186 ex
3353 4147 3476 4186 suc-

1902 4235 2150 4294 cessione
2200 4237 2310 4292 illic
2349 4235 2686 4306 puefuerunt
2712 4272 2725 4296 ,
2757 4230 2926 4283 Judaei
2982 4228 3152 4282 fuisse
3192 4225 3472 4288 dicuntur,

1902 4345 2132 4402 quorum
2183 4328 2401 4382 nomina
2455 4327 2523 4379 ab
2565 4325 2684 4393 ejus
2735 4321 2839 4375 luci
2889 4319 3084 4373 incolis
3133 4317 3474 4371 etiamnunc

1903 4429 2296 4483 memorantur,
2339 4418 2494 4487 125
2529 4424 2586 4470 ut
2619 4432 2683 4470 ex
2709 4415 2793 4468 his
2824 4427 3042 4482 quoque
3073 4409 3252 4463 omnis
3279 4416 3472 4462 contra

1903 4513 2201 4584 discipulos
2235 4512 2380 4565 illius
2404 4510 2676 4564 calumnia
2713 4507 2978 4567 diluatur,
3013 4503 3232 4572 quando
3276 4508 3328 4556 et
3363 4501 3471 4555 illis

222 4598 389 4662 αὐτὸς
434 4599 636 4671 Ἰησοῦς
671 4601 699 4651 ὁ
741 4598 971 4670 Χριστὸς
1021 4596 1114 4649 τοῦ
1155 4595 1287 4650 Θεοῦ
1329 4596 1396 4648 δι’
1439 4589 1515 4648 ὦν
1558 4583 1799 4648 ἐπετέλει

1907 4583 2342 4669 lestilicantibus,
2372 4615 2423 4658 et
2456 4612 2670 4665 contra,
2718 4600 2824 4653 illis
2876 4613 2981 4650 non
3027 4594 3468 4656 testificantibus,

225 4693 545 4766 παραδόξων
595 4692 770 4763 ἔργων
823 4691 913 4760 ὑφ’
972 4690 1161 4742 ἑαυτὸν
1213 4689 1595 4759 πεποιημένος.
1639 4686 1798 4740 Ἀλλὰ

221 4788 430 4843 τούτων
452 4789 581 4858 ἡμῖν
620 4785 712 4838 ἐπὶ
744 4783 994 4838 τοσοῦτον
1031 4781 1352 4853 εἰρημένων,
1390 4780 1524 4850 πρὸς
1553 4780 1613 4833 τὸ
1645 4779 1796 4851 πρῶ-

223 4897 317 4936 τον
339 4878 450 4933 τῶν
476 4877 716 4931 ἀπίστων
744 4877 950 4946 τάγμα,
982 4875 1132 4946 φέρε,
1165 4873 1259 4926 καὶ
1296 4870 1429 4943 πρδ,
1459 4872 1517 4924 τὸ
1547 4870 1797 4942 δεύτερον

225 4975 414 5040 στῖφος
447 4969 737 5039 ένστῶμεν.
768 4967 939 5021 Τοῦτο
969 4966 1024 5020 δὲ
1057 4962 1124 5036 ἦν
1153 4966 1214 5018 τὸ
1241 4965 1348 5017 τῶν
1383 4962 1798 5034 συνομολογούν-

221 5083 334 5117 των
369 5064 467 5132 μὲν
499 5062 587 5114 τὸν
628 5059 829 5131 Ἰησοῦν
857 5059 923 5112 τὰ
956 5057 1226 5130 παράδοξα
1267 5053 1644 5126 πεποιηκέναι,
1673 5072 1800 5124 γοη-

219 5155 345 5225 τείᾳ
373 5153 429 5206 δὲ
460 5152 632 5215 ἄλλως
673 5152 763 5204 ἐπὶ
806 5150 983 5222 πλάνῃ
1026 5149 1132 5202 τῶν
1163 5147 1434 5218 ὁρώντων,
1475 5140 1562 5197 οἷα
1590 5143 1799 5213 θαυμα-

216 5243 515 5314 τουργδνῆ
557 5240 848 5314 φαρμακέα
897 5237 1039 5303 τινὰ,
1083 5236 1472 5309 θαυμαστῶσαι
1510 5236 1634 5298 τοὺς
1655 5249 1790 5303 παρ·

219 5337 405 5400 ὄντας.
755 5414 774 5440 ι

1904 4700 2021 4770 ipse
2058 4697 2240 4759 Jesus,
2279 4697 2372 4767 qui
2421 4695 2674 4749 Christus
2730 4699 2813 4746 est
2865 4689 2980 4751 Dei,
3033 4685 3466 4756 comprobatur:

1903 4789 2352 4846 innumerabilem
2386 4783 2812 4845 multitudinem,
2848 4789 2961 4834 tum
3011 4778 3322 4833 Iuda-orum
3353 4781 3469 4827 tum

1901 4880 2211 4936 Grzecorum
2242 4879 2345 4936 sibi
2377 4877 2479 4948 ipsi
2510 4876 2834 4944 subjecisse.
2865 4873 3132 4927 Caeterum
3183 4883 3308 4922 cum
3353 4867 3470 4921 hate

1901 4989 1931 5027 a
1953 4971 2111 5027 nobis
2136 4972 2282 5025 dicta
2305 4970 2414 5026 sint
2435 4970 2698 5023 adversus
2726 4967 2959 5036 primum
2989 4979 3097 5017 non
3123 4959 3468 5016 credentium

1899 5082 2094 5137 genus,
2129 5080 2277 5118 nunc
2298 5063 2364 5118 ad
2389 5063 2621 5116 alterum
2656 5065 3065 5120 convertamur,
3113 5053 3277 5126 idque
3308 5053 3470 5107 refel-

1896 5159 2093 5213 lamus.
2130 5155 2186 5212 ld
2236 5164 2415 5210 autem
2457 5161 2541 5209 est
2585 5167 2800 5214 eorum,
2834 5151 2928 5221 qui
2970 5149 3212 5202 fatentur
3246 5144 3467 5216 quidem

1895 5249 2081 5307 Jesum
2106 5263 2195 5305 res
2218 5249 2454 5320 gessisse
2479 5243 2848 5310 admirabiles,
2879 5241 2973 5296 sed
3016 5237 3306 5310 praestigiis
3336 5251 3465 5289 ocu-

1898 5344 1981 5399 los
2011 5342 2338 5396 intuentium
2373 5339 2660 5402 delusisse,
2703 5346 2866 5405 atque
2912 5342 2970 5388 ut
3004 5331 3182 5389 solent
3215 5331 3462 5397 incanta-

1897 5445 2042 5489 tnres
2097 5441 2151 5487 et
2201 5429 2454 5494 venefici,
2508 5429 2561 5482 in
2618 5423 3038 5482 admirationem
3087 5421 3173 5476 sui
3228 5419 3462 5474 traxisse

1895 5536 2188 5597 prmsentes
2201 5565 2214 5578 .

296 5696 375 5767 (1)
412 5691 609 5752 Procul
644 5694 809 5767 dubio
837 5693 1106 5767 glossema
1163 5698 1330 5750 estet
1370 5687 1689 5762 marginalis
1751 5682 2033 5756 cujusdam
2078 5680 2371 5739 Christiani
2416 5681 2644 5742 lectoris
2696 5679 2995 5745 adnotatio,
3068 5677 3195 5731 licet
3255 5672 3488 5729 habear

225 5763 319 5823 tur
353 5767 408 5822 in
439 5782 572 5824 mss.
598 5766 728 5828 etin
758 5763 1013 5835 losepho.
