3914 6198
405 281 512 338 523

1057 283 1324 341 EUSEDll
1357 259 1830 342 CESARIE‘NSIS
1864 283 2011 340 OPP.
2054 282 2234 339 PARS
2268 283 2330 338 ll.
2372 315 2444 325 —
2477 279 2975 339 APOLOGETICA.

3519 277 3630 332 εει

407 397 497 454 Vl.
533 398 732 458 Contra
766 417 854 456 eos
889 401 973 472 qui
1001 402 1437 482 vitastigiatarem
1465 412 1652 472 putant
1691 402 1960 466 Christum

2067 402 2154 467 ς’.
2222 398 2378 470 Πρὸς
2402 397 2542 466 τοὺς
2561 397 2899 482 ’ριομέγους
2915 395 3128 482 ..γόητα
3169 389 3473 462 γεγονέναι
3523 392 3631 446 τὸν

1033 469 1131 524 Dei
1152 469 1334 539 fuisse.

471 582 551 637 Ac
580 583 812 653 primum
857 582 1075 653 quidem
1122 584 1213 658 isti
1244 585 1609 656 interrogandi
1650 596 1798 653 sunt,
1835 587 1965 658 quid

407 673 475 728 ad
531 688 594 728 ea
635 689 755 742 quae
787 651 1205 730 antecesserun'
1244 679 1654 747 respondeant?
1693 678 1964 750 Numquid

408 764 552 818 ullus
607 764 886 820 hominum
930 782 1157 836 usquam
1209 767 1502 837 excogitari
1549 768 1767 840 potuit,
1817 772 1963 825 omni

403 855 670 925 gravitate
705 871 768 910 ac
799 857 999 912 virtute
1042 857 1254 914 refertae
1300 860 1612 930 reipublicae
1655 863 1960 929 institutor,

404 948 742 1018 sincerzeque
781 964 845 1003 ac
883 965 1025 1004 verte
1057 949 1339 1015 doctrinae,
1376 954 1554 1020 qualis
1583 969 1645 1008 ea
1683 963 1768 1010 est
1800 970 1963 1022 quam

403 1046 528 1093 ante
553 1041 926 1108 exposuimus.
960 1050 1258 1112 przeceptor
1284 1060 1294 1094 :
1319 1045 1411 1112 qui
1449 1061 1629 1100 mores
1668 1047 1962 1117 prmstigia-

403 1129 540 1184 toris
568 1128 860 1184 habuerit?
897 1129 1050 1196 Quod
1083 1133 1126 1188 si
1155 1141 1210 1188 et
1246 1149 1456 1204 magus.
1495 1145 1550 1190 et
1587 1137 1876 1201 veneficus,
1911 1149 1965 1192 et

401 1218 690 1291 impostor,
713 1229 768 1277 et
813 1225 1179 1294 praestigiator
1219 1224 1338 1289 fuit,
1369 1243 1605 1295 quonam
1653 1229 1814 1284 modo
1837 1231 1963 1286 talis

401 1310 662 1367 doctrinae
690 1315 830 1382 apud
865 1331 1054 1392 omnes
1104 1326 1290 1386 gentes
1331 1326 1522 1373 auctor
1564 1322 1789 1385 exstitit,
1827 1338 1961 1392 qua-

401 1403 504 1458 lem
539 1403 606 1457 ad
632 1405 777 1460 hunc
796 1389 966 1476 usque
992 1408 1133 1461 diem
1157 1416 1210 1463 et
1239 1411 1413 1465 oculis
1443 1411 1736 1477 intuemur,
1768 1417 1822 1468 et
1851 1429 1962 1468 au—

400 1495 553 1550 ribus
590 1498 953 1567 percipimus?
979 1499 1174 1555 deinde
1227 1503 1350 1570 quis
1397 1509 1509 1557 tam
1557 1505 1658 1559 sibi
1711 1505 1813 1576 ipsi
1837 1521 1960 1561 conc

399 1588 593 1652 ﬁdens,
619 1597 679 1644 ut
707 1592 1053 1661 aggrediatur
1084 1609 1147 1646 ea
1172 1595 1228 1648 in
1259 1611 1423 1649 unum
1455 1611 1667 1665 cogere,
1699 1614 1819 1668 qua:
1839 1601 1958 1670 cogi

400 1680 550 1734 nullo
574 1680 735 1734 modo
782 1684 1054 1750 possunt?
1080 1683 1213 1749 Quis
1256 1686 1400 1739 enim
1435 1703 1562 1741 vere
1602 1689 1961 1759 praestigiator

399 1778 506 1834 est,
545 1787 668 1828 cum
709 1780 762 1827 et
809 1775 1094 1835 sceleratis
1124 1776 1195 1830 sit
1239 1785 1292 1831 et
1332 1777 1556 1833 nefariis
1593 1781 1856 1846 moribus,
1906 1792 1959 1838 et

399 1878 496 1918 eas
545 1879 634 1919 res
677 1867 1053 1936 aggrediatur,
1105 1883 1226 1938 quae
1273 1869 1574 1940 desperatis
1629 1873 1960 1944 nefariisque

403 1955 714 2012 hominibus
749 1960 1094 2024 conveniant,
1134 1960 1315 2013 omnia
1340 1976 1501 2029 agere
1526 1963 1663 2018 solet
1692 1965 1868 2034 turpis
1897 1981 1960 2020 ac

395 2047 604 2102 sordidi
644 2049 778 2102 lucri
820 2051 1012 2119 gratia.
1059 2050 1328 2122 Numquid
1353 2055 1516 2123 igitur
1553 2053 1801 2108 Salvator
1828 2071 1962 2125 quo-

398 2155 526 2207 que,
578 2155 642 2194 ac
686 2139 949 2197 Dominus
994 2152 1184 2199 noster
1223 2145 1406 2208 Jesus,
1450 2148 1543 2217 qui
1582 2146 1838 2202 Christus
1877 2157 1961 2204 est

397 2230 516 2295 Dei,
546 2233 745 2289 talibus
773 2235 935 2290 rebus
960 2237 1228 2293 obnoxius
1256 2240 1366 2293 sit?
1395 2242 1462 2294 At
1477 2241 1620 2295 enim
1645 2242 1788 2296 unde
1818 2253 1962 2298 tene-

395 2322 545 2378 bitur
570 2340 717 2387 reus,
744 2335 837 2380 aut
864 2330 1157 2396 quomodo,
1186 2332 1278 2400 qui
1315 2333 1430 2387 suis
1468 2333 1776 2402 discipulis,
1805 2341 1861 2386 ut
1893 2350 1959 2388 ex

398 2413 642 2484 ipsorum
687 2417 1001 2472 testimonio
1042 2427 1286 2489 apparet,
1319 2420 1575 2489 praecepit
1608 2437 1674 2474 ne
1717 2420 1962 2489 posside-

397 2513 520 2559 rent
548 2522 761 2572 aurum,
789 2517 880 2561 aut
912 2518 1192 2579 argentum
1228 2511 1280 2563 in
1319 2511 1470 2564 zonis
1495 2511 1630 2572 suis,
1663 2526 1839 2579 neque
1875 2527 1961 2580 pc-

396 2610 512 2650 ram
544 2598 599 2650 iu
642 2599 749 2660 via,
793 2615 968 2668 neque
1007 2601 1408 2655 calceamenta?
1445 2599 1650 2656 Deinde
1690 2616 1787 2655 cur
1813 2602 1959 2656 dicto

395 2685 544 2742 illius
571 2688 855 2746 audientes
911 2689 1161 2754 fuissent,
1204 2699 1257 2746 et
1283 2706 1345 2746 ea
1376 2707 1496 2762 quae
1532 2701 1854 2761 acceperant
1901 2692 1959 2746 in

289 2799 295 2804 ’
396 2781 818 2836 commentarios
860 2783 1143 2837 referenda
1183 2784 1486 2854 litterisque
1527 2787 1958 2842 commendanda

398 2879 705 2940 putassent,
742 2873 784 2926 si
819 2875 1063 2942 pecun’r.
1106 2875 1411 2929 studiosum
1463 2891 1619 2930 suum
1656 2876 1960 2946 Praecepto-

396 2976 513 3016 rem
544 2963 840 3026 vidissent,
871 2973 926 3019 ct
967 2967 1052 3036 i1,
1070 2967 1340 3025 aontraria
1389 2983 1510 3036 quae
1551 2969 1690 3023 alios
1732 2969 1959 3026 docebat

2554 467 2810 538 Χριστὸν
2839 467 2944 520 τοῦ
2980 467 3146 517 Θεοῦ.

2138 585 2246 637 Καὶ
2278 585 2339 655 δὴ
2376 583 2561 638 τούσδε
2594 584 2806 655 πρῶτον
2849 581 3096 635 ἀπάντων
3140 575 3458 648 ἐροπητέον,
3507 574 3632 628 τίνα

2068 680 2222 745 φαῖεν
2251 676 2384 747 πρὸς
2405 675 2474 728 τά
2499 674 2900 746 προωδευμένα.
2926 668 2990 724 *Α
3003 689 3071 742 ρα
3095 669 3202 738 γὰρ
3229 666 3510 736 ἐπινοῆσαι
3538 667 3631 720 δυ-

2066 768 2244 832 νατὸν,
2273 766 2438 839 ἄνδρα
2465 765 2777 820 διδάσκαλον
2802 764 3003 836 σεμνῆς
3028 763 3120 815 καὶ
3149 759 3448 830 παναρέτου
3483 757 3630 812 πολο-

2063 858 2232 920 τείας,
2262 858 2428 926 ἁγίων
2445 874 2504 910 τε
2541 857 2634 910 καὶ
2657 855 2871 926 ἀληθῶν
2901 853 3203 924 δογμάτων,
3233 852 3360 904 οἴων
3376 849 3633 922 προδιήλ-

2067 949 2250 1020 θομεν,
2277 949 2445 1019 γόητα
2468 948 2559 1001 τὸν
2579 947 2777 1018 τρόπον
2806 946 3086 1015 γεγονέναι
3111 961 3126 1008 ;
3159 945 3221 997 Et
3240 944 3296 996 δὲ
3321 943 3385 1014 δὴ
3411 959 3630 1014 μαγγα-

2065 1042 2253 1111 νευτής
2278 1057 2359 1104 τις
2391 1036 2458 1111 ἦν
2487 1040 2579 1093 καὶ
2609 1040 2949 1110 φαρμακεὺς,
2980 1034 3230 1090 ἀπατεὼν
3256 1051 3316 1087 τε
3348 1035 3441 1088 καὶ
3471 1033 3628 1104 γόης,

2067 1132 2181 1195 πῶς
2206 1131 2269 1185 ἂν
2292 1130 2546 1201 τοιαύτης
2575 1130 2915 1192 διδασκαλίας
2946 1131 3076 1182 πᾶσι
3109 1130 3219 1190 τοῖς
3276 1125 3451 1179 ἔθνεσι
3484 1141 3631 1186 ,κατ-

2063 1224 2194 1295 έστη
2217 1225 2404 1288 αἴτιος,
2429 1225 2543 1288 οἵας
2566 1224 2719 1276 αὐτοὶ
2745 1223 2958 1294 ὁρῶμεν
2985 1221 3299 1290 ὀφθαλμοῖς,
3317 1220 3411 1271 καὶ
3439 1219 3632 1281 ἀκοαῖς

2062 1319 2141 1380 εἰς
2174 1316 2332 1387 δεῦρο
2371 1315 2900 1387 παραλαμϐάνομεν;
2936 1315 3092 1376 Ποῖος
3119 1313 3173 1365 δὲ
3210 1313 3304 1365 καὶ
3340 1311 3632 1381 αἱρήσεται

2061 1407 2129 1460 τά
2162 1406 2435 1460 ἀσύνακτα
2469 1407 2748 1474 συνάγειν;
2783 1405 2916 1478 γόης
2939 1406 3035 1476 μὲν
3067 1405 3174 1476 γάρ
3200 1421 3284 1467 τις
3309 1403 3384 1466 ὡς
3413 1401 3635 1472 ἀληθῶς

2062 1499 2272 1562 ἀνόσιος
2314 1499 2408 1552 καὶ
2451 1498 2644 1569 μιαρὸς
2685 1498 2776 1550 τὸν
2821 1498 3040 1569 τρόπον,
3091 1494 3475 1568 ἀπειρημένοις
3531 1493 3633 1546 καὶ

2062 1592 2293 1655 ἀνοσίοις
2317 1591 2596 1662 ἐγχειρῶν,
2619 1590 2795 1644 πάντα
2819 1591 3044 1661 πράττει
3075 1587 3297 1659 αἰσχροῦ
3331 1587 3426 1640 καὶ
3450 1588 3603 1657 ρυπα
3621 1612 3634 1627 ·

2064 1683 2156 1753 ροῦ
2184 1684 2403 1752 κέρδους
2427 1684 2602 1754 χάριν.
2630 1684 2774 1753 Μήτι
2800 1678 2892 1735 οὐν
2919 1682 3012 1735 καὶ
3041 1682 3070 1733 6
3094 1680 3282 1750 Σωτὴρ
3308 1681 3402 1732 καὶ
3423 1677 3636 1748 Κύριος

2060 1774 2213 1845 ἡμῶν
2241 1775 2450 1845 Ἰησοῦς
2479 1776 2507 1827 6
2539 1774 2770 1846 Χριστὸς
2801 1773 2895 1827 τοῦ
2923 1772 3057 1826 Θεοῦ
3104 1771 3330 1825 τοιοῖσδέ
3361 1787 3501 1824 τισιν
3537 1767 3633 1822 ἑν-

2059 1884 2181 1936 οχος
2208 1862 2309 1937 ἧν;
2341 1867 2528 1931 Πόθεν,
2563 1867 2596 1937 ἢ
2641 1866 2777 1929 πῶς,
2813 1867 2842 1918 6
2872 1868 2983 1928 τοῖς
3014 1863 3206 1917 ἑαυτοῦ
3238 1862 3522 1933 μαθηταῖς,
3551 1860 3634 1924 ὡς

2060 1957 2192 2026 πρὸς
2213 1955 2390 2010 αὐτῶν
2420 1955 2856 2027 μεμαρτύρηται,
2878 1951 3113 2025 εἰρηκώς
3132 1969 3146 1981 ·
3186 1969 3204 1999 ι
3236 1951 3325 2020 Μὴ
3353 1947 3632 2020 κτήσησθε

2059 2049 2278 2119 χρυσὸν,
2323 2047 2442 2118 μηδ’
2480 2048 2718 2119 ἄργυρον
2753 2048 2832 2110 είς
2872 2045 2969 2109 τὰς
2995 2043 3169 2108 ζώνας
3196 2041 3368 2112 ὑμῶν,
3415 2040 3489 2110 μὴ
3523 2043 3635 2110 πήη

2062 2158 2158 2211 ραν
2185 2141 2263 2205 είς
2291 2139 2428 2202 ὁδὸν,
2465 2140 2581 2211 μηδ’
2611 2139 2962 2210 ὑποδήματας
2995 2156 3012 2188 ι
3047 2135 3173 2199 Πῶς
3199 2135 3241 2187 δ’
3263 2134 3328 2188 ἂν
3354 2131 3638 2185 ἐπείθοντο

2058 2231 2286 2299 λέγοντι,
2317 2231 2408 2284 καὶ
2441 2232 2497 2282 ἐν
2523 2229 3076 2302 ἀπομνημονεύμασιν
3120 2226 3414 2298 ἐγγράφοις
3452 2223 3634 2277 ταῦτα

2060 2325 2408 2396 παραδιδόναι
2441 2323 2646 2393 ἠξίουν,
2681 2325 2729 2376 εί
2760 2319 3223 2395 χρηματιζόμενον
3255 2319 3345 2372 τὸν
3371 2319 3630 2372 διδάσκα-

2058 2417 2146 2471 λον
2174 2417 2357 2489 ἐώρων
2403 2420 2497 2471 καὶ
2532 2417 2851 2472 κατεναντία
2866 2410 2944 2478 οἷς
2973 2415 3190 2486 ἐτέρους
3219 2412 3459 2466 ἐδίδασκε
3495 2429 3627 2482 μετ-

2061 2509 2245 2576 ιόντα;
2291 2509 2464 2563 Πάλαι
2499 2510 2542 2563 δ’
2579 2509 2645 2563 ἂν
2673 2507 3132 2576 καταγελάσαντες
3155 2505 3340 2570 αὐτοῦ,
3380 2506 3473 2558 καὶ
3516 2505 3632 2558 τῶν

2057 2599 2226 2668 λόγων
2256 2599 2717 2664 καταπτύσαντες,
2778 2597 3126 2670 ἀνεχώρησαν
3177 2598 3274 2668 τῆς
3329 2597 3632 2667 μαθητείας

2059 2690 2299 2754 εἰκότως,
2332 2692 2380 2743 εί
2412 2691 2592 2755 αὐτοῖς
2626 2693 2722 2762 μὲν
2745 2689 2966 2753 τοιαῦτα
2997 2688 3207 2759 σεμνῶς
3240 2688 3632 2759 νομοθετοῦντα

2059 2779 2263 2851 ἐώρων,
2303 2769 2474 2836 αὐτὸν
2514 2783 2569 2836 δὲ
2613 2783 2704 2835 τὸν
2726 2782 3019 2853 νομοθέτην
3057 2782 3178 2834 κατ’
3206 2781 3393 2834 οὐδένα
3423 2781 3629 2851 τρόπον

2059 2872 2324 2943 ἑπόμενον
2355 2878 2465 2939 τοῖς
2498 2875 2715 2938 οἰκείοις
2753 2875 2949 2943 λόγοις.
2985 2873 3150 2927 Πάλιν
3188 2874 3216 2925 6
3246 2872 3342 2944 μὲν
3367 2872 3500 2942 γόης
3532 2873 3632 2924 καὶ

2059 2969 2134 3032 ὡς
2179 2967 2391 3038 ἀληθῶς
2436 2968 2632 3031 πλάνος
2681 2971 2792 3031 τοῖς
2829 2967 3213 3038 ἀπειρημένοις
3251 2967 3487 3028 καὶτοῖς
3534 2967 3634 3018 ἀν-

397 3056 759 3109 tractautem?
806 3055 922 3111 Non
972 3057 1064 3112 diu
1117 3057 1360 3126 profecto
1405 3075 1464 3114 se
1515 3060 1955 3126 continuissent,

2063 3060 2219 3124 οσίοις
2251 3061 2440 3113 ἑαυτὸν
2469 3060 2790 3125 ἐπιδίδωσιν,
2822 3059 3047 3112 ἀνοσίων
3081 3058 3171 3111 καὶ
3199 3057 3468 3129 ἀθεμίτων
3513 3056 3630 3127 ἡδο-

396 3145 528 3215 quin
553 3145 702 3199 illum
737 3147 1055 3204 habuissent
1087 3151 1311 3217 derisui,
1341 3153 1607 3224 verbaque
1627 3153 1746 3222 ejus
1780 3168 1961 3223 asper-

399 3235 511 3288 nati
555 3247 770 3304 esseut,
826 3246 990 3311 atquc
1029 3256 1057 3296 a
1105 3242 1397 3312 disciplina
1457 3245 1814 3299 recessissent
1853 3260 1866 3295 :
1909 3254 1963 3299 et

398 3330 594 3386 merito
623 3331 862 3400 quidem,
896 3335 941 3388 si
970 3333 1233 3390 vidissent
1267 3335 1418 3388 illum
1446 3336 1548 3391 sibi
1576 3335 1793 3406 quidem
1827 3337 1961 3408 ipsis

397 3421 774 3476 severissimas
793 3423 934 3492 leges
963 3423 1346 3493 imponentem,
1369 3426 1540 3495 ipsum
1577 3439 1754 3484 autem
1785 3429 1960 3498 legum

397 3520 676 3566 auctorem
712 3514 858 3568 nullo
891 3515 1052 3569 modo
1088 3517 1248 3571 verba
1284 3533 1504 3572 suarum
1535 3519 1710 3589 legum
1730 3535 1962 3590 sequen-

397 3609 530 3655 tem.
567 3600 772 3658 Deinde
799 3604 890 3672 qui
922 3620 1047 3659 vere
1072 3606 1435 3676 przestigiator
1473 3617 1558 3661 est
1587 3622 1651 3661 ac
1681 3609 1958 3671 seductor,

375 3691 700 3764 ’desperatis
721 3695 1052 3766 nefariisque
1079 3697 1389 3753 hominibus
1411 3699 1645 3768 seipsum
1674 3700 1958 3768 permittit,

400 3784 564 3854 126
607 3792 666 3839 ut
713 3786 885 3856 possit
928 3787 1153 3844 liberius
1198 3789 1458 3844 scelestas
1498 3797 1658 3856 atque
1709 3789 1960 3846 infandas

397 3877 706 3945 voluptates
741 3879 1016 3949 persequi,
1041 3888 1094 3935 et
1124 3882 1414 3950 praestigiis
1441 3888 1604 3950 atque
1638 3882 1962 3938 incantatio-

399 3968 562 4023 nibus
600 3969 852 4040 subigere
886 3971 1236 4029 mulierculas
1265 3982 1317 4028 et
1360 3975 1463 4028 sub
1507 3990 1658 4028 suam
1699 3975 1958 4028 malitiam

398 4057 636 4113 trahere.
682 4057 752 4112 At
791 4075 918 4114 vero
949 4061 1016 4115 de
1068 4059 1369 4118 Salvatoris
1412 4079 1476 4118 ac
1523 4063 1735 4117 Domini
1787 4066 1959 4120 nostri

389 4152 756 4219 temperantia
795 4167 863 4206 ne
897 4151 1002 4206 dici
1036 4153 1252 4221 quidem
1293 4156 1428 4209 satis
1460 4156 1674 4211 abunde
1720 4171 1959 4226 unquam

396 4249 602 4310 posset.
639 4240 851 4298 Rursus
903 4245 1046 4298 enim
1101 4245 1353 4316 discipuli
1402 4247 1552 4301 illum
1601 4248 1962 4304 testificantur

395 4334 847 4402 praecepisseyut
885 4353 954 4391 ne
1005 4339 1346 4394 intuerentur
1399 4341 1616 4410 quidem
1667 4343 1956 4422 mulierem

2059 3150 2167 3204 νῶν
2191 3151 2372 3204 ἕνεκεν
2401 3150 2588 3222 Θήρας,
2618 3151 2757 3204 ὥστε
2783 3151 2881 3222 ἤδη
2914 3151 2999 3204 διά
3022 3150 3120 3214 τὰς
3158 3150 3492 3221 μαγγανείας
3523 3166 3628 3216 γυ-

2059 3245 2227 3298 ναῖκάε
2256 3261 2375 3297 τινα
2407 3243 2762 3298 καταϐάλλειν
2801 3244 2894 3296 καὶ
2919 3242 3206 3314 ύποσύρειν
3237 3245 3304 3312 τῇ
3325 3241 3492 3295 αὐτοῦ
3521 3258 3630 3294 κα-

2059 3334 2184 3405 κίαι
2235 3335 2264 3386 6
2295 3334 2350 3387 δὲ
2380 3334 2568 3406 Σωτὴρ
2603 3335 2696 3387 καὶ
2721 3333 2922 3404 Κύριος
2953 3331 3110 3403 ἡμῶν
3140 3333 3247 3386 οὐδ’
3276 3332 3420 3384 ἐστιν
3451 3333 3630 3384 εἰπεῖν

2059 3427 2202 3490 ὅπως
2233 3426 2597 3498 ἀνέστραπται
2624 3425 2752 3496 περὶ
2790 3424 3155 3497 σωφροσύνην,
3191 3425 3348 3477 ὁπότε
3387 3424 3548 3477 πάλιν
3575 3423 3630 3476 οἱ

2064 3517 2299 3588 μαθηταὶ
2330 3517 2660 3588 μαρτυροῦσι
2689 3519 2969 3588 παραινεῖν
2993 3516 3109 3587 μηδ’
3137 3515 3426 3586 ἐμϐλέπειν
3441 3532 3631 3584 γυναι-

2059 3609 2117 3661 κὶ
2166 3610 2279 3678 μετ’
2327 3607 2616 3678 ἐπιθυμίας
2655 3606 2975 3670 ἀκολάστου,
3026 3607 3303 3678 φήσανταο
3341 3626 3359 3656 ‹
3387 3607 3628 3678 Ἐρρέθη

2058 3702 2169 3759 τοῖς
2196 3699 2469 3770 ἀρχαίοις·
2508 3700 2580 3752 Οὐ
2635 3696 2937 3769 μοιχεύσεις
2961 3714 2974 3728 ο
3028 3696 3139 3766 ἐγὼ
3180 3697 3236 3751 δέ
3279 3698 3421 3766 λέγω
3473 3699 3628 3767 ὑμῖν,

2059 3791 2140 3844 ὅτι
2175 3793 2279 3854 πᾶς
2309 3793 2337 3844 6
2359 3789 2644 3862 ἐμϐλέπων
2667 3793 2901 3860 γυναῖκα
2921 3789 3056 3860 πρὸς
3075 3789 3135 3843 τὸ
3159 3789 3490 3860 ἐπιθυμῆσαι
3521 3790 3630 3841 αὐ-

2059 3881 2156 3952 τὴν
2179 3882 2276 3953 ἤδη
2309 3883 2624 3953 ἐμοίχευσεν
2647 3881 2816 3952 αὐτὴν
2844 3881 2901 3934 ἐν
2927 3884 2990 3952 τῇ
3015 3880 3209 3952 καρδίᾳ
3236 3879 3422 3934 αὐτοῦ.
3455 3899 3473 3932 ι
3513 3880 3630 3934 Καί

2061 3991 2190 4026 ποτε
2235 3975 2545 4042 ἀναγκαίως
2591 3974 2683 4027 ἐπὶ
2709 3972 2943 4044 ὠφελείᾳ
2984 3973 3077 4026 καὶ
3126 3972 3367 4042 σωτηρία
3413 3971 3629 4025 πολλῶν

2061 4065 2406 4136 Σαμαρείτιδι
2449 4066 2666 4135 γυναικὶ⁸
2710 4063 3082 4135 διαλεγόμενον
3116 4064 3275 4117 αὐτὸν
3311 4063 3629 4133 τεθεαμένοι

2061 4157 2382 4228 ἐθαύμαζον,
2423 4159 2502 4211 ὃτι
2551 4157 2688 4228 μετά
2713 4157 2968 4225 γυναικὸς
2993 4157 3188 4218 ἐλάλει,
3230 4155 3528 4226 παράδοξόν
3572 4175 3630 4210 τι

2059 4248 2214 4302 τοῦτο
2253 4248 2500 4314 δόξαντες
2523 4251 2674 4320 όρᾷν,
2701 4249 2888 4321 ὥσπερ
2919 4249 3068 4303 οῦπω
3095 4249 3189 4302 καὶ
3218 4248 3402 4302 ἄλλοτε
3427 4247 3637 4320 πρόπαρ

2065 4355 2175 4408 ρον.
2224 4339 2448 4409 Συνίστη
2485 4338 2538 4390 δέ
2579 4339 2686 4409 ἄρα
2723 4340 2752 4390 6
2791 4339 2944 4406 λόγος
2981 4338 3075 4392 τοῦ
3111 4339 3360 4409 Σωτῆρος
3385 4339 3538 4408 ἡμῶν
3565 4339 3640 4392 τὸ

397 4438 521 4476 cum
564 4423 807 4487 libidine.
851 4427 937 4482 his
973 4429 1152 4484 verbis
1194 4449 1207 4485 :
1247 4448 1266 4481 ‹
1308 4409 1518 4485 Dictum
1569 4414 1953 4502 est'antiquis,

2063 4429 2313 4500 ἐμϐριθὲς
2355 4431 2450 4482 καὶ
2492 4429 2760 4501 αὐστηρὸν
2798 4429 2891 4484 τοῦ
2915 4431 3116 4501 τρόπου
3183 4428 3542 4500 Σωφροσύνης
3572 4430 3638 4483 δὲ

394 4513 514 4568 Non
551 4515 930 4579 mtechaberis,
959 4533 1058 4588 ego
1089 4526 1268 4574 autem
1311 4520 1434 4576 dico
1469 4521 1644 4584 vobis,
1668 4521 1811 4591 quod
1840 4523 1960 4591 qui-

396 4621 613 4676 cunque
657 4607 958 4664 intuebitur
1014 4611 1293 4666 mulierem
1338 4612 1405 4667 ad
1464 4613 1956 4683 concupiscendum

395 4714 536 4762 eam,
562 4697 673 4767 jam
711 4699 1013 4756 mmchatus
1039 4709 1123 4758 est
1139 4717 1257 4756 eam
1280 4703 1335 4757 in
1369 4704 1534 4758 corde
1555 4704 1733 4757 suo".
1776 4722 1793 4754 ι
1820 4701 1956 4757 Cum

397 4803 526 4843 vero
550 4788 678 4843 olim
701 4804 766 4843 ex
789 4804 952 4844 causa
967 4791 1360 4857 necessaria,ut
1381 4791 1565 4846 multis
1586 4794 1774 4862 utique
1791 4789 1961 4860 prod-

397 4889 566 4947 esset,
607 4896 736 4937 cum
797 4880 1138 4938 Samaritana
1183 4885 1413 4939 muliere
1455 4883 1766 4954 loquentem
1808 4883 1958 4936 illum

363 4975 684 5042 .vidissent,
729 4975 980 5030 admirati
1015 4982 1143 5030 sunt
1179 4975 1324 5045 quod
1356 4991 1481 5030 cum
1523 4975 1748 5030 muliere
1772 4976 1962 5045 loque-

399 5077 571 5133 retur,
605 5069 946 5138 inopinatum
975 5068 1230 5139 quiddam
1261 5068 1364 5123 hoc
1393 5076 1557 5138 atque
1593 5068 1870 5123 insolitum
1901 5083 1960 5123 se

399 5162 599 5219 intueri
627 5163 978 5225 arbitrantes,
1022 5170 1278 5232 tanquam
1310 5161 1346 5215 ii
1378 5161 1472 5232 qui
1501 5175 1777 5230 nunquam
1807 5166 1959 5214 ante-

400 5253 503 5309 hac
534 5255 674 5310 idem
709 5254 992 5311 vidissent.
1025 5253 1460 5311 Commendabat
1483 5253 1626 5308 enim
1663 5251 1962 5308 Salvatoris

401 5347 571 5401 nostri
618 5363 798 5403 sermo
825 5347 958 5403 nihil
997 5345 1165 5410 aliud,
1202 5346 1306 5400 nisi
1347 5345 1403 5400 in
1447 5345 1689 5401 moribus
1728 5344 1963 5416 gravita-

402 5447 508 5491 tem
528 5446 692 5508 atque
719 5441 1108 5495 austeritatem.
1127 5439 1396 5496 Caeterum
1421 5438 1795 5507 temperantiae
1815 5437 1964 5506 ejus-

404 5527 662 5594 dem,illa
703 5547 920 5602 quoque
955 5532 1209 5590 doctrina
1247 5547 1443 5604 magno
1487 5538 1804 5602 argumento
1843 5544 1964 5587 esse

474 5697 521 5733 ’ν
551 5695 737 5755 Matth.
769 5718 829 5770 ν,
855 5701 946 5768 ετ,
975 5665 1070 5758 νέξ

2061 4519 2222 4572 αὐτοῦ
2267 4519 2406 4588 μέγα
2441 4519 2641 4590 δεῖγμα
2662 4515 2728 4590 ἦν
2763 4521 2986 4592 κάκείνη
3022 4523 3054 4592 ὴ
3085 4520 3412 4583 διδασκαλία,
3459 4519 3525 4573 δι’
3558 4517 3634 4592 ἧς

2061 4610 2306 4678 ἁγνεύειν
2331 4609 2387 4678 ἐξ
2404 4611 2566 4664 αὐτοῦ
2584 4610 2677 4664 τοῦ
2703 4611 2802 4682 τῆς
2830 4612 3060 4676 διανοίας
3087 4612 3303 4682 βάθους,
3332 4611 3635 4683 τάςὲμπα-

2063 4703 2172 4765 θεῖς
2205 4701 2408 4772 ὀρέξεις
2449 4703 2850 4774 ἀποτέμνοντας
2891 4705 3133 4760 ἐδίδασκε
3162 4704 3365 4773 λέγων’
3413 4723 3431 4756 ι
3471 4704 3634 4758 Εἰσὶν

2063 4791 2305 4862 εὐνοῦχοι
2333 4789 2528 4857 οἵτινες
2550 4794 2917 4866 ἐγεννήθησαν
2942 4794 3111 4858 οὐτως
3126 4812 3138 4824 ·
3165 4794 3416 4848 νκαὶείσὶν
3436 4795 3634 4848 εὐνοῦ-

2063 4901 2144 4953 χοι
2174 4883 2366 4948 οἵτινες
2407 4884 2826 4955 εὐνουχίσθησαν
2854 4885 2957 4939 ὑπὸ
2991 4884 3320 4956 ἀνθρώπων·
3367 4886 3462 4940 καὶ
3487 4886 3634 4940 εἰσὶν

2063 4972 2304 5043 εὐνοῦχοι
2341 4973 2534 5035 οἵτινες
2583 4973 2894 5044 εὐνούχισαν
2941 4975 3164 5041 ἑαυτοὺς
3207 4976 3294 5030 διὰ
3340 4975 3438 5047 τὴν
3473 4975 3636 5046 βασι-

2063 5067 2208 5120 λείαν
2240 5066 2347 5119 τῶν
2375 5066 2636 5138 οὐρανῶν.
2671 5086 2689 5117 ι
2723 5067 2890 5121 Πάλιν
2923 5071 2951 5122 6
2983 5068 3081 5139 μὲν
3114 5069 3246 5140 γόης
3284 5070 3377 5122 καὶ
3409 5069 3635 5139 ἀληθῶς

2064 5157 2358 5222 λαοπλάνος
2383 5162 2559 5211 πάντα
2586 5159 2824 5228 ἐγχειρεῖ
2847 5160 2939 5212 καὶ
2970 5162 3194 5232 πράττει
3223 5160 3524 5226 δοξοκοπῶν
3557 5162 3634 5216 τὰ

2066 5247 2235 5301 πολλά
2268 5247 2733 5316 φαντασιοκοπιῖη,
2765 5248 2858 5300 καὶ
2890 5249 3050 5302 πλέον
3081 5268 3130 5303 τι
3162 5249 3312 5322 παρά
3331 5252 3456 5316 τούς
3493 5249 3628 5305 πολ-

2065 5340 2188 5403 λοὺς
2223 5339 2418 5392 εἰδέναι
2439 5339 2530 5390 καὶ
2556 5338 2698 5408 ἔχειν
2726 5339 3226 5410 μεγαλαυχούμενος
3247 5359 3260 5371 °
3295 5343 3323 5394 6
3349 5341 3405 5396 δὲ
3438 5341 3636 5414 Σωτὴρ

2067 5432 2161 5487 καὶ
2190 5431 2391 5503 Κύριος
2420 5429 2594 5500 ἡμῶν,
2623 5431 2704 5482 ὅτι
2741 5429 2813 5500 μὴ
2849 5429 3143 5502 δοξομανὴς
3179 5433 3272 5486 καὶ
3295 5430 3508 5494 ἀλαζὼν
3531 5436 3638 5486 καὶ

2069 5522 2493 5593 φαντασιοκόπος
2531 5515 2616 5590 ἦν,
2653 5521 2745 5590 ἀφ’
2775 5514 2851 5578 ὧν
2902 5521 3125 5593 ἰώμενος
3171 5522 3399 5594 παρῄνει
3443 5523 3640 5595 μηδενὶ

3672 5615 3704 5676 ζ
