3930 6202
239 277 355 336 225

1153 281 1804 342 BEMONSTBATIONIS
1844 286 2305 344 EVANGELICAS
2349 288 2477 345 LIB.
2520 289 2609 344 111.

3392 298 3496 353 2‘26

234 392 472 464 φράζειν
521 391 658 463 μηδὲ
707 396 786 458 είς
811 395 1036 460 πολλοὺς
1090 397 1253 451 αὑτὸν
1287 399 1587 468 ἐκφαίνειν,
1628 399 1796 468 γένοιτ

1924 408 2141 470 potest:
2180 417 2286 472 qua
2327 403 2672 459 turbulentos
2721 406 2994 477 appetitus
3029 424 3095 464 ex
3128 411 3249 480 ipso
3286 413 3496 483 cogita-

231 486 310 538 ἂν
363 483 586 554 ἔκδηλος
634 486 742 538 ἀπό
792 503 850 539 τε
909 487 1000 540 τοῦ
1061 488 1160 552 τὰς
1207 491 1263 542 ἐν
1326 490 1477 562 δρεσι
1534 490 1814 563 διατριϐὰς

231 578 334 632 καὶ
391 577 488 641 τὰς
551 579 931 651 ἀναχωρήσεις
982 581 1237 647 διώκειν,
1288 583 1386 636 καὶ
1435 584 1658 654 φεύγειν
1715 585 1815 649 τὰς

231 671 380 725 κατὰ
441 670 623 734 πόλεις
675 671 784 723 τῶν
851 671 1060 727 πολλῶν
1125 673 1415 744 ἐμϐλαϐεῖς
1475 674 1709 746 ὁμιλίας.
1755 674 1818 726 Et

231 765 376 834 μήτε
405 761 692 832 τοιγαροῦν
715 761 892 834 δόξης,
937 766 1073 837 μήτε
1102 767 1424 837 χρημάτων,
1461 769 1599 839 μήτε
1627 767 1818 839 ἡδονῆς

227 855 426 907 ἓνεκεν
487 853 810 926 ἐπιϐέϐλητο
864 859 930 927 τῇ
982 856 1334 928 διδασκαλίᾳ,
1397 859 1480 924 τίς
1537 860 1616 914 ἔτι
1667 860 1820 931 χώρα

227 947 610 1018 περιλείπεται
654 947 910 1011 ὑπονοίας
959 948 1053 1002 τοῦ
1087 949 1285 1003 πλάνον
1314 951 1478 1004 αὐτὸν
1526 953 1619 1006 καὶ
1647 953 1818 1022 γόητα

227 1038 515 1110 νομίζειν;
557 1039 762 1109 Σκέψαι
806 1039 864 1094 δὲ
913 1041 1008 1094 καὶ
1047 1041 1220 1095 ταῦτα
1264 1043 1457 1110 πάλιν,
1487 1043 1640 1114 γόης,
1688 1046 1815 1098 ὅταν

224 1132 440 1202 ἑτέροις
484 1132 552 1186 τὰ
590 1133 690 1203 τῆς
717 1134 918 1196 κακίας
942 1134 1226 1206 μεταδιδῷ,
1255 1137 1472 1202 ὁποίους
1497 1137 1693 1210 ἄνδρας
1718 1156 1815 1194 κα-

223 1225 557 1289 τασκευάζει
577 1245 588 1257 ·
614 1222 700 1298 ἆρ’
724 1227 843 1298 οὐχὶ
865 1227 1064 1300 γόητας
1088 1230 1182 1284 καὶ
1210 1230 1442 1296 πλάνους
1474 1233 1566 1285 καὶ
1596 1250 1814 1306 φαρμα-

225 1321 361 1380 κοὺς
401 1319 548 1391 αὐτῷ
589 1319 726 1373 κατὰ
777 1321 953 1374 πάντα
988 1321 1434 1394 παραπλησίους;
1463 1325 1559 1388 Τίς
1581 1322 1673 1379 οὖν
1707 1309 1812 1399 ἤδη

224 1410 453 1463 πώποτε
486 1410 544 1464 τὸ
580 1412 685 1464 πᾶν
713 1410 1054 1482 Χριστιανῶν
1076 1412 1233 1480 γένος
1273 1415 1336 1467 ἐκ
1368 1414 1467 1486 τῆς
1489 1417 1698 1470 ἐκείνου
1729 1417 1810 1471 δι-

220 1502 524 1566 δασκαλίας
595 1501 852 1573 γοητεῦον
921 1503 956 1575 ἦ
1030 1504 1385 1575 φαρμακεῦον
1452 1507 1806 1578 κατείληφεν;

236 1595 387 1648 Ἀλλ’
417 1597 514 1648 οὐκ
562 1593 708 1648 ἔστιν
745 1595 948 1648 εἰπεῖν*
984 1595 1220 1666 ἔμπαλιν
1259 1597 1315 1650 δὲ
1362 1597 1551 1667 λόγους
1596 1601 1809 1670 φιλοσό-

221 1703 362 1756 τρους
391 1687 594 1756 μετιδν,
623 1685 698 1749 ὡς
721 1687 1115 1742 ἀποδέδεικται.
1158 1687 1214 1741 '0
1240 1687 1304 1760 δὴ
1342 1685 1434 1744 οῦν
1473 1691 1679 1763 ἐτέροις
1726 1709 1807 1746 σε-

223 1776 494 1847 μνοῦ·κα“ι
537 1777 812 1849 σώφρονος
859 1777 976 1848 βίου
1021 1777 1300 1843 εὐσεϐείας
1323 1798 1383 1834 τε
1415 1782 1515 1852 τῆς
1548 1785 1804 1838 ἀνωτάτω

219 1869 515 1942 παραίτιος
535 1871 923 1940 γεγενημένος,
966 1871 1050 1935 τίς
1104 1869 1170 1924 ἂν
1204 1871 1426 1938 ἐνδίκως
1455 1874 1737 1947 νομισθείη
1765 1876 1798 1946 ἢ

221 1961 532 2031 φιλοσόφων
583 1965 611 2016 ὁ
656 1961 978 2034 πρώτιστος,
1007 1963 1100 2034 καὶ
1139 1963 1381 2018 εὐσεϐῶν
1425 1967 1632 2038 ἀνδρῶν
1659 1968 1804 2022 διδά-

220 2054 444 2120 σκαλοςς
473 2055 564 2108 καὶ
586 2055 691 2127 γὰρ
717 2055 782 2109 ἂν
806 2055 888 2126 εἴη
920 2055 1140 2126 βελτίων
1166 2057 1338 2129 δήπου
1365 2059 1472 2122 πᾶς
1495 2059 1523 2110 ὁ
1541 2059 1802 2114 διδάσκων

217 2145 327 2198 τῶν
384 2145 857 2217 μαθητευομένων.
905 2147 1194 2218 Φιλόσοφος
1247 2151 1391 2222 ἄρα,
1445 2151 1537 2203 καὶ
1586 2151 1801 2222 άληθῶς

216 2238 473 2309 εὐσεϐὴς,
511 2237 706 2291 πολλοῦ
740 2239 821 2291 δεῖ
847 2239 1047 2305 πλάνος
1081 2243 1176 2295 καὶ
1219 2242 1370 2314 γόης,
1405 2242 1703 2315 ὁμολογοῖτ’
1735 2244 1801 2298 ἂν

215 2330 246 2380 6
275 2331 470 2401 Σωτὴρ
499 2331 592 2383 καὶ
619 2330 823 2401 Κύριος
849 2331 1024 2402 ἡμῶν.
1057 2335 1119 2388 Εἰ
1147 2334 1210 2407 δὴ
1244 2331 1336 2388 οὖν
1362 2335 1565 2388 τοιόσδε
1594 2353 1677 2398 τις
1696 2331 1796 2407 ἦν,

218 2422 338 2484 πῶς
363 2421 429 2474 ἂν
459 2421 632 2484 ἄλλως
665 2423 937 2493 ἐπεχείρει
966 2427 1085 2488 ταῖς
1127 2425 1644 2497 θαυματουργίαιςῆ
1680 2424 1798 2499 θεία

217 2513 312 2566 καὶ
336 2515 636 2585 ἀπορρήτῳ
661 2513 887 2584 δυνάμει
917 2517 1012 2569 καὶ
1035 2520 1099 2588 τῇ
1131 2519 1390 2572 ἀνωτάτω
1420 2518 1547 2590 περὶ
1572 2517 1664 2570 τοῦ
1690 2519 1797 2573 τῶν

215 2606 354 2659 ὅλων
381 2605 516 2658 Θεοῦ
547 2606 833 2679 εὐσεϐείᾳ;
862 2607 922 2661 όν
947 2604 1034 2661 οἷα
1059 2609 1276 2680 Πατέρα
1301 2609 1476 2680 τιμῶν
1505 2611 1598 2663 καὶ
1627 2611 1796 2665 σέϐων

213 2699 286 2752 τά
319 2699 551 2770 μάλιστα
580 2701 961 2754 ἀποδείκνυται
1007 2703 1070 2755 ἐκ
1096 2702 1204 2754 τῶν
1241 2703 1371 2776 περὶ
1403 2703 1567 2757 αὐτοῦ
1600 2703 1792 2773 λόγων.

229 2791 353 2844 Ἐπὶ
379 2791 631 2845 τοσοῦτον
657 2792 712 2845 δέ
745 2792 852 2863 ἄρα
877 2793 930 2845 οἵ
958 2810 1016 2844 τε
1049 2792 1286 2865 ἀρχῆθεν
1313 2793 1462 2864 αὐτῷ
1488 2811 1793 2865 προσεσχη-

215 2882 376 2944 κότες
409 2880 647 2952 μαθηταὶ
673 2881 859 2945 αὐτοῦ,
887 2882 979 2934 καὶ
1000 2882 1048 2933 οἱ
1081 2881 1216 2951 μετὰ
1246 2881 1418 2936 ταῦτα
1445 2883 1546 2952 τῆς
1575 2883 1794 2936 ἐκείνων

211 2973 500 3045 διατριϐῆς
539 2973 792 3043 διάδοχοι,
826 2973 1160 3045 πορρωτάτω
1199 2973 1608 3046 καθεστήκεσαν
1656 2974 1792 3043 φαῦ-

211 3067 318 3138 λης
345 3067 443 3120 καὶ
476 3069 716 3138 πονηρᾶς
749 3067 1021 3128 ὑπονοίας,
1045 3066 1120 3128 ὡς
1146 3065 1280 3136 μηδέ
1302 3069 1415 3129 τοῖς
1445 3066 1794 3146 νοσηλευομέ-

210 3177 332 3222 νοις
364 3159 674 3229 ἐπιτρέπειν
700 3155 786 3212 οἷα
817 3159 999 3212 πολλοὶ
1034 3158 1201 3212 πολλὰ
1242 3159 1374 3230 δρᾷν
1403 3160 1790 3232 ἐπιχειροῦσιν,

209 3253 249 3322 ἢ
302 3250 548 3304 πετάλων
579 3253 918 3324 ἐπιγραφαῖς,
953 3251 1046 3322 καὶ
1082 3250 1430 3322 περιάμμασι
1476 3251 1730 3323 χρῆσθαι,

209 3349 337 3407 τοῖς
365 3345 681 3415 κατεπᾴδειν
710 3344 1196 3414 ἐπαγγελλομένοις
1220 3344 1506 3416 προσέχειν
1535 3345 1624 3398 τὸν
1649 3345 1793 3410 νοῦν,

210 3440 245 3508 ἦ
289 3436 458 3508 ῥιζῶν
487 3438 579 3489 καὶ
605 3436 839 3506 βοτανῶν
865 3435 1103 3507 θαύμασι
1139 3437 1231 3489 καί
1257 3453 1400 3488 τισιν
1422 3435 1602 3500 ἄλλοις
1631 3454 1800 3492 τοιου-

207 3531 501 3602 τοτρόποις
567 3529 789 3593 ἀκέσεις
851 3527 962 3582 τῶν
1019 3527 1208 3581 παθῶν
1266 3529 1478 3593 ἐαυτοῖς
1533 3529 1792 3600 πορίζειν.

209 3619 404 3672 Ταῦτα
427 3618 558 3688 γοῦν
586 3619 766 3672 πάντα
792 3618 888 3689 τῆς
908 3617 1146 3689 Χριστοῦ
1171 3617 1517 3682 διδασκαλίας
1539 3619 1793 3690 ἐξελήλα-

209 3729 300 3766 ται
325 3731 338 3742 ·
368 3712 479 3764 οὐδ’
507 3711 650 3764 ἔστιν
681 3708 899 3781 πώποτε
932 3710 1258 3782 Χριστιανὸν
1290 3711 1630 3782 περιάμματι
1660 3711 1797 3782 χρώ-

213 3821 377 3876 μενον
427 3802 746 3866 θεάσασθαι,
782 3801 888 3855 οὐδ’
927 3801 1252 3866 ἐπιλαλιαῖς,
1283 3801 1317 3873 ἢ
1360 3802 1605 3857 πετάλων
1633 3801 1794 3856 τινῶν

213 3895 524 3967 περιέργων
570 3895 920 3964 ἐπιγραφαῖς,
971 3893 1079 3946 οὐδ’
1123 3893 1323 3956 ἄλλοις,
1357 3886 1432 3946 ὧν
1471 3893 1568 3964 τὴν
1600 3894 1792 3964 χρῆσιν

210 3990 504 4060 ἁδιάφρον
549 3989 596 4041 oi
626 3986 810 4039 πολλοὶ
839 3986 1176 4057 νενομίκασι.
1208 3985 1303 4050 Τίς
1329 3981 1421 4038 οὖν
1463 3987 1609 4057 αίρεῖ
1637 3985 1793 4053 λόγος

208 4083 336 4144 τοὺς
383 4079 589 4134 τοιοῦδε
619 4079 937 4132 διδασκάλου
966 4079 1161 4149 γόητος
1186 4078 1280 4130 καὶ
1309 4077 1512 4132 πλάνου
1546 4076 1791 4148 μαθητὰς

208 4174 496 4244 γεγονέναι
539 4173 814 4244 νομίζειν;
848 4174 958 4227 Καὶ
1001 4171 1106 4243 μὴν
1153 4173 1352 4236 παντὸς
1384 4169 1788 4242 ἐπαγγελλομέ-

208 4286 302 4320 νου
358 4285 412 4319 τι
467 4266 639 4337 μέγας
687 4266 906 4336 ἔλεγχος
955 4267 989 4336 ὴ
1043 4264 1151 4317 τῶν
1206 4263 1472 4333 φοιτητῶν
1512 4263 1786 4316 συνουσία.

212 4361 444 4430 ’Δνδρες
486 4359 618 4430 γοῦν
651 4359 885 4430 ἔντεκνοι
916 4357 1012 4410 καὶ
1053 4358 1412 4428 ἐπιστήμονες
1440 4349 1656 4418 πάντως
1683 4371 1786 4407 που

204 4453 302 4506 τὸν
358 4453 528 4506 αἴτιον
579 4453 760 4514 αὐτοῖς
812 4451 911 4520 τῆς
964 4450 1275 4521 ἐπιστήμης
1319 4447 1453 4502 πολὺ
1505 4446 1785 4517 κρείττονα
1818 4462 1862 4517 ι)

209 4545 365 4613 σφῶν
408 4542 586 4597 αὐτῶν
640 4541 991 4612 ἐμφαίνουσιν
1017 4555 1034 4573 ο
1061 4539 1343 4610 ὡσπεροῦν
1402 4538 1632 4610 ίατρικοὶ
1690 4537 1786 4609 μὲν

203 4637 308 4707 τῆς
339 4635 432 4689 τοῦ
477 4634 794 4688 διδασκάλου
835 4631 965 4703 περὶ
1013 4631 1074 4684 τὸ
1117 4631 1347 4702 μάθημα
1397 4629 1787 4702 κατορθώσεως

205 4726 320 4782 εἶεν
355 4728 419 4781 ἂν
446 4729 724 4801 μάρτυρες
745 4746 759 4759 ·
788 4729 1152 4800 γεωμετρικοὶ
1175 4727 1233 4781 δέ
1263 4726 1353 4778 τὸν
1385 4725 1621 4796 ἄρχοντα
1665 4724 1786 4776 τίνα

205 4819 368 4874 ἄλλον
397 4819 431 4890 ἥ
478 4819 799 4891 γεωμέτρην
832 4818 1264 4890 ἐπιγράψονται;
1309 4817 1403 4868 καὶ
1435 4814 1785 4886 ἀριθμητικοὶ

207 4910 302 4962 τὸν
343 4907 734 4980 άριθμητικόν;
765 4907 919 4961 Κατὰ
954 4908 1092 4961 αὐτὰ
1123 4906 1178 4959 δὲ
1223 4907 1317 4958 καὶ
1364 4903 1558 4974 γόητος
1593 4902 1784 4974 ἀνδρὸς

209 5004 460 5073 μέγιστοι
489 5001 554 5054 ἂν
584 4996 694 5053 εἷεν
723 5001 998 5071 μάρτυρες
1022 4999 1072 5051 οἱ
1097 4995 1368 5066 φοιτηταί,
1399 4992 1470 5046 τά
1497 4991 1658 5063 ὅμοιά
1679 5008 1782 5044 που

203 5096 282 5167 τῷ
313 5093 620 5164 διδασκάλῳ
649 5093 745 5146 καὶ
771 5093 923 5146 αὐτοὶ
958 5091 1249 5157 μετιόντες.
1298 5085 1458 5139 Ἀλλὰ
1490 5084 1664 5148 οὐδείς
1697 5101 1784 5137 πω

201 5187 477 5241 τοσούτων
509 5185 647 5238 ἐτῶν
675 5185 809 5256 γόης
852 5182 1121 5252 πέφανται
1159 5179 1254 5233 τοῦ
1297 5174 1470 5247 Ἰησοῦ
1515 5173 1780 5245 μαθητὴς,

203 5281 384 5334 καίτοι
414 5278 500 5331 διά
535 5277 781 5348 βασάνων
812 5277 1004 5347 πείρας
1033 5274 1142 5327 τῶν
1174 5270 1315 5325 κατὰ
1336 5268 1558 5342 χρόνους
1588 5267 1784 5338 ἡγεμό-

204 5393 312 5427 νων
336 5389 395 5424 τε
424 5371 518 5425 καὶ
546 5369 808 5441 βασιλέων
827 5367 1032 5440 ἀκριϐῆ
1058 5366 1168 5420 τῶν
1192 5363 1313 5417 καθ’
1344 5363 1491 5434 ἡμᾶς
1523 5359 1783 5431 πραγμά-

197 5484 312 5520 των
337 5465 437 5537 τὴν
466 5464 708 5531 ἐξέτασιν
736 5461 1141 5534 πεποιημένων.
1178 5457 1364 5519 Οὕτως
1390 5455 1447 5508 δέ
1477 5453 1584 5526 ἄρα
1606 5455 1782 5517 οὐδεὶς

196 5554 269 5628 ἧν
317 5558 474 5628 γόης,
506 5558 583 5622 ὡς
613 5557 893 5627 ἐλεύθερον
941 5553 1193 5624 ἀφεῖσθαι
1239 5552 1333 5604 καὶ⁹
1376 5545 1575 5609 παντὸς
1624 5545 1780 5608 ἐκτὸς

198 5650 450 5704 κινδύνου
483 5650 574 5703 τὸν
593 5649 724 5704 αὐτὸ
755 5649 914 5721 μόνον
940 5647 1001 5701 τὸ
1032 5645 1191 5700 θῦσαι
1220 5642 1354 5715 πρὸς
1379 5639 1555 5696 αὐτῶν
1589 5635 1776 5709 βεϐια-

269 5768 320 5801 ’⁸
349 5766 538 5822 Matth.
603 5780 714 5834 ιιι,
755 5763 841 5819 12.

1920 493 2089 549 tionis
2114 493 2388 563 profundo
2415 511 2665 552 resecare
2687 512 2748 550 ac
2773 513 3004 570 purgare
3021 500 3489 569 jubebatdicensr

1925 603 1944 636 ι
1987 583 2126 639 Sunt
2161 587 2422 651 eunuchi,
2453 589 2545 657 qui
2577 589 2655 642 sic
2695 592 2804 644 nati
2850 600 2978 646 sunt
3007 611 3019 646 :
3049 601 3103 647 et
3151 605 3279 649 sunt
3316 614 3480 652 eunu-

1921 676 2034 742 chi,
2069 679 2161 749 qui
2193 677 2323 733 facti
2354 687 2482 733 sunt
2513 679 2580 734 ab
2613 680 2952 744 hominibus.
2983 693 3036 738 et
3074 695 3203 740 sunt
3231 690 3484 744 eunuchi.

1919 768 2015 838 qui
2070 777 2450 824 castraverunt
2507 771 2719 842 seipsos
2762 782 2984 844 propter
3040 792 3269 848 regnum
3320 781 3484 834 ccelo-

1919 876 2040 915 rum
2071 863 2136 918 ’⁸.
2175 881 2194 914 ›
2224 861 2426 918 Deinde
2455 865 2546 933 qui
2577 866 2942 937 praestigiator
2959 876 3044 924 est
3073 879 3127 938 et
3153 887 3278 927 vere
3307 874 3486 942 p0puli

1919 951 2196 1024 deceptor,
2241 955 2423 1008 omnia
2458 956 2773 1026 aggreditur
2806 966 2968 1028 atque
3009 963 3120 1032 agit
3150 978 3275 1017 eum
3312 963 3487 1032 jacta-

1919 1044 2065 1122 tione
2093 1045 2177 1101 sui
2205 1045 2544 1116 plerumque,
2577 1047 2713 1102 etad
2740 1051 3002 1119 speciem,
3047 1070 3154 1110 non
3189 1054 3255 1109 ad
3285 1058 3494 1111 verita-

1915 1145 2045 1200 tem,
2072 1149 2235 1208 atque
2271 1139 2506 1210 amplius
2537 1141 2794 1210 quiddam
2830 1153 3027 1213 praeter
3070 1157 3294 1202 cancros
3325 1164 3493 1205 nosse

1916 1244 1976 1284 se
2035 1238 2200 1301 atque
2253 1230 2486 1296 habere,
2549 1247 2674 1286 cum
2745 1236 3111 1292 ostentatione
3177 1240 3486 1309 proﬁtetur.

1917 1331 2252 1391 Salvatorem
2275 1353 2405 1392 vero
2435 1319 2834 1410 Dontinuque
2864 1350 3135 1414 nostrum,
3169 1361 3280 1400 non
3305 1345 3494 1416 gloriae

1912 1429 2212 1499 cupiditate
2238 1439 2332 1484 aut
2377 1433 2688 1503 arrogantia
2714 1433 3011 1500 laborasse,
3048 1452 3224 1508 neque
3264 1437 3332 1492 ad
3366 1455 3491 1509 spe-

1911 1523 2049 1576 ciem
2098 1523 2278 1594 egisse
2319 1541 2440 1595 quae
2479 1525 2607 1596 egit,
2648 1527 2733 1580 vel
2772 1543 2838 1583 ex
2879 1528 2945 1583 iis
2983 1540 3242 1585 constare
3285 1541 3488 1601 potest,

1912 1628 2054 1686 quos
2097 1630 2128 1668 a
2174 1631 2232 1670 se
2276 1616 2496 1670 sanitati
2545 1618 2852 1682 restitutos,
2891 1620 3120 1690 jubebat
3159 1624 3364 1681 nemini
3404 1625 3491 1680 di-

1911 1723 2056 1772 cere,
2090 1724 2267 1780 neque
2300 1710 2538 1780 seipsum
2589 1710 2642 1765 in
2684 1713 2881 1784 vulgus
2920 1714 3174 1785 prodere,
3221 1718 3385 1772 etiam
3419 1735 3489 1775 ex

1911 1813 1978 1854 eo
2015 1799 2162 1870 quod
2201 1800 2255 1854 in
2284 1803 2565 1858 montibus
2597 1804 2917 1875 plerumque
2945 1806 3186 1877 degeret,
3211 1817 3265 1864 et
3295 1811 3490 1866 solitu-

1910 1891 2067 1948 dines
2109 1892 2166 1947 in
2213 1893 2281 1949 iis
2323 1893 2459 1950 locis
2501 1905 2826 1962 sectaretur,
2874 1895 3198 1971 fugeretque
3246 1901 3486 1961 urbanas

1909 1984 2077 2054 vulgi,
2111 2001 2232 2056 quae
2261 2001 2460 2042 nocere
2488 2003 2863 2057 saepenumero
2897 1990 3097 2056 solent,
3127 1995 3487 2050 consuetudi-

1909 2091 2026 2131 nes.
2064 2075 2121 2130 Si
2157 2077 2344 2147 igitur,
2383 2095 2561 2150 neque.
2609 2081 2828 2150 gloriae,
2878 2097 3056 2152 neque
3093 2085 3484 2154 pecuniarum,

1908 2184 2085 2239 neque
2106 2171 2402 2240 voluptatis
2431 2187 2596 2227 causa
2629 2173 2885 2230 docuisse
2915 2175 3066 2230 illum
3092 2186 3328 2244 constat,
3360 2181 3488 2249 quis

1907 2269 2167 2328 praeterea
2193 2271 2447 2332 superest
2485 2264 2772 2322 calumnize
2806 2269 2978 2330 locus,
3011 2283 3118 2338 qua
3148 2276 3207 2322 ut
3229 2269 3487 2340 deceptor

1907 2366 1972 2406 ac
2015 2354 2382 2424 prastigiator
2413 2357 2738 2412 accusetur?
2770 2355 2874 2413 Sed
2909 2359 3022 2414 haec
3063 2376 3280 2431 quoque
3305 2361 3488 2418 videa-

1905 2459 2268 2516 mus,qu:eso.
2297 2445 2425 2502 Item
2457 2449 2824 2520 praestigiator
2851 2451 2941 2505 ubi
2976 2451 3112 2508 alios
3142 2468 3242 2508 sua
3275 2453 3482 2510 malitia

1905 2548 2270 2620 imbuit,quos
2292 2553 2510 2608 tandem
2542 2555 2688 2610 viros
2719 2556 2841 2609 illos
2873 2555 3090 2611 reddit?
3124 2557 3315 2615 Nonne
3340 2576 3480 2629 prte-

1905 2643 2234 2714 stigiatores,
2265 2645 2604 2710 seductores,
2636 2648 2928 2714 veneﬁcos,
2963 2650 3067 2704 sibi
3096 2651 3198 2722 ipsi
3222 2653 3480 2708 omnibus

1904 2751 2022 2808 qua:
2040 2745 2200 2807 agant
2227 2738 2472 2794 similes?
2501 2737 2635 2806 Quis
2665 2741 2832 2811 igitur
2863 2758 3101 2812 unquam
3135 2759 3296 2798 omne
3321 2744 3483 2799 Chri-

1904 2833 2205 2906 stianorum
2233 2847 2406 2901 genus
2437 2833 2580 2903 quod
2616 2835 2685 2889 ab
2725 2835 2872 2892 illius
2903 2835 3151 2891 doctrinm
3176 2835 3480 2906 profectum

1901 2929 2004 2984 est,
2031 2901 2122 2976 aut
2153 2901 2649 2993 praestigiis—utens,
2673 2935 2767 2979 aut
2794 2927 3072 2982 veneficiis
3089 2901 3482 2999 deprellendit?

1905 3014 2063 3084 127
2097 3013 2270 3069 Nemo
2295 3017 2510 3085 quidem
2538 3017 2642 3072 hoc
2669 3018 2867 3076 dixerit
2899 3037 2911 3072 :
2944 3026 2999 3072 at
3027 3030 3240 3081 contra,
3268 3021 3482 3076 incum—

1821 3121 1863 3177 ρ
1899 3105 2034 3160 bens
2072 3107 2126 3162 in
2158 3123 2439 3163 sermones
2464 3118 2842 3181 praeceptaque
2871 3111 3170 3180 sapientia},
3203 3128 3336 3169 sane
3381 3112 3480 3168 de-

1899 3195 2196 3267 prehendet
2223 3199 2314 3269 qui
2348 3201 2514 3266 volet,
2545 3210 2604 3256 ut
2646 3201 3085 3259 demonstratum
3115 3213 3217 3259 est.
3239 3205 3344 3271 Qui
3376 3205 3478 3275 igi-

1899 3302 1986 3348 tur
2015 3294 2138 3348 aliis
2187 3309 2389 3350 serene
2441 3304 2711 3368 casteque
2734 3299 2877 3366 vitae,
2911 3315 2975 3354 ac
3006 3315 3232 3356 summa:
3257 3301 3478 3370 pietatis

1898 3392 2088 3438 auctor
2104 3385 2336 3451 exstitit,
2365 3387 2619 3457 quisnam
2651 3389 2846 3444 merito
2870 3391 3203 3454 censebitur,
3228 3391 3334 3446 nisi
3355 3391 3474 3461 phi-

1897 3474 2249 3544 lUSOphorum
2311 3477 2545 3547 primus,
2599 3487 2652 3534 ct
2681 3481 2901 3550 pietatis
2939 3481 3328 3553 religionisque
3353 3497 3472 3536 ma-

1895 3569 2100 3638 gister?
2127 3568 2394 3638 siquidem
2427 3571 2474 3625 is
2501 3570 2594 3640 qui
2620 3571 2801 3636 docet,
2837 3573 3047 3643 absque
3093 3575 3472 3631 controversia

1895 3661 2240 3730 praestantior
2268 3675 2430 3732 quam
2455 3661 2490 3716 ii
2514 3662 2607 3733 qui
2630 3661 2916 3718 docentur.
2946 3663 3310 3738 PhiIOSOpbus
3341 3682 3474 3738 ergo

1895 3781 2126 3836 vereque
2165 3769 2310 3836 pius,
2336 3782 2606 3838 nusquam
2629 3782 2761 3823 vero
2809 3768 3103 3834 seductor,
3138 3779 3232 3824 aut
3257 3772 3471 3840 praesti-

1892 3859 2189 3929 giatordici
2238 3860 2438 3930 poterit
2475 3858 2727 3914 Salvator
2757 3874 2821 3914 ac
2852 3859 3117 3916 Dominus
3153 3872 3355 3917 noster.
3410 3862 3470 3918 Si

1892 3951 2062 4021 igitur
2111 3951 2238 4007 talis
2298 3951 2401 4006 fuit
2443 3953 2656 4022 qualem
2694 3953 3058 4016 ostendimus,
3109 3968 3217 4022 qua
3247 3956 3468 4010 tandem
3506 3973 3510 3976 ·

1893 4042 1997 4096 alia
2022 4043 2234 4098 ratione
2260 4044 2525 4098 miracula
2566 4043 2808 4101 edidisse
2837 4043 2983 4099 credi
3014 4051 3215 4114 potest,
3251 4046 3359 4101 nisi
3381 4046 3467 4128 di-

1890 4135 2014 4190 vina
2040 4137 2273 4206 quadam
2299 4136 2569 4208 nobisque
2614 4137 2797 4208 ignota
2847 4136 3070 4201 virtute,
3100 4151 3467 4210 supremaque

1888 4243 2016 4300 erga
2045 4228 2211 4284 Deum
2244 4230 2486 4285 universi
2515 4229 2748 4300 pietate?
2780 4227 2952 4296 Quem
2975 4228 3121 4299 quod
3155 4238 3214 4284 ut
3253 4230 3465 4287 Patrem

1887 4329 2243 4376 veneraretur
2268 4330 2323 4378 et
2348 4322 2572 4388 coleret,
2607 4329 2832 4392 apparet
2847 4337 2914 4376 ex
2943 4321 3011 4376 iis
3042 4321 3097 4375 in
3120 4321 3313 4391 primis
3336 4337 3465 4393 qua

1889 4411 2072 4468 deillo
2100 4412 2313 4468 locutus
2358 4421 2464 4469 est.
2511 4412 2746 4468 Tantum
2781 4428 2912 4482 ergo
2940 4412 3116 4477 abest,
3147 4421 3208 4466 ut
3255 4414 3347 4484 qui
3386 4414 3467 4468 illi

1891 4507 1959 4562 ab
1981 4505 2136 4560 initio
2180 4506 2526 4561 adhteserunt
2563 4505 2841 4576 discipuli,
2889 4513 2940 4559 et
2975 4506 3067 4576 qui
3096 4504 3325 4575 posthac
3354 4504 3466 4560 illis

1887 4597 2172 4667 discipulis
2203 4612 2543 4661 successere,
2585 4597 2653 4652 ab
2687 4597 2905 4650 illorum
2948 4594 3344 4651 consuetudine
3377 4596 3463 4648 in-

1887 4703 2126 4769 formati,
2165 4720 2346 4774 pravae
2375 4703 2536 4758 alicui
2559 4711 2650 4757 aut
2675 4702 2996 4773 perniciosa:
3038 4701 3338 4772 suspicioni
3363 4699 3461 4754 ob-

1884 4798 2033 4852 noxii
2066 4796 2300 4853 habendi
2329 4798 2472 4862 sint,
2504 4805 2562 4851 ut
2588 4813 2657 4851 ne
2681 4796 3072 4866 aegrotantibus
3101 4793 3319 4865 quidem
3345 4808 3464 4863 per-

1884 4891 2119 4954 mittant,
2143 4889 2306 4947 sicuti
2343 4890 2514 4944 multa
2558 4889 2712 4943 multi
2743 4889 2955 4942 eﬂicere
2999 4893 3272 4942 conantur
3297 4924 3312 4948 ,
3367 4895 3462 4938 aut

1885 4983 2139 5039 foliorum
2169 4981 2621 5052 inscriptionibus
2645 5020 2661 5047 ,
2703 4979 3216 5050 colligationibusve
3241 4978 3343 5042 uti,
3363 4984 3459 5030 aut

1881 5092 1978 5132 eos
2008 5077 2102 5148 qui
2134 5093 2194 5134 se
2221 5078 2596 5132 incantaturos
2657 5075 2984 5145 proﬁtentur
3025 5071 3327 5135 attendere,
3363 5076 3457 5124 aut

1881 5168 2128 5223 radicum
2173 5169 2577 5238 herbarumque
2637 5163 3169 5235 suﬂumigationibus
3201 5201 3216 5227 ,
3263 5163 3457 5217 aliisve

1880 5261 2124 5330 ejusdem
2156 5260 2369 5330 generis
2393 5258 2698 5322 nonnullis,
2729 5257 2968 5312 medelas
2995 5253 3098 5310 sibi
3135 5253 3454 5308 morborum

1880 5351 2163 5408 Suﬂicere:
2198 5351 2313 5406 haec
2351 5365 2587 5419 namque
2635 5349 2817 5404 omnia
2863 5363 2894 5401 a
2945 5343 3154 5401 Christi
3203 5343 3456 5398 doctrina

1877 5445 2104 5498 exclusa
2150 5450 2524 5512 sunt:neque
2575 5453 2816 5510 unquam
2865 5437 3067 5493 intueri
3105 5434 3260 5490 licuit
3293 5434 3455 5491 Chri-

1879 5534 2123 5591 stianum
2175 5533 2268 5604 qui
2300 5533 2648 5606 colligatione
2699 5539 2962 5595 uteretur,
2995 5545 3172 5600 neque
3224 5527 3454 5599 magicis

1876 5627 2286 5704 nuga'ionibus,
2306 5644 2483 5702 neque
2505 5626 2761 5686 foliorum
2784 5623 3139 5698 quorumdam
3163 5618 3455 5678 laboriosis
