3930 6202
448 182 559 243 227
1088 179 1356 237 EUSEBII
1394 175 1874 237 CA‘ZSARIENSIS
1911 174 2064 234 OPP.
2110 172 2309 230 PARS.
2353 170 2422 227 ll.
2460 201 2534 211 ——-
2570 169 3071 228 APOLOGETICA.
3605 169 3715 231 ιεε

450 303 929 375 mscriptionibus,
972 315 1153 370 neque
1197 299 1410 355 caeteris
1455 297 1752 361 similibus,
1793 309 2007 366 quorun

2132 292 2350 363 σμένον.
2401 290 2463 342 Εἰ
2498 288 2553 342 δὲ
2586 288 2759 352 οὐδεὶς
2809 285 3030 341 πώποτε
3072 284 3182 341 τῶν
3227 284 3349 339 καθ’
3393 287 3541 358 ἡμᾶς
3586 284 3714 342 οὔτε

451 414 611 454 usum
643 395 1038 451 indifferentem
1070 390 1315 462 plerique
1368 389 1708 445 arbitrantur
1743 401 1903 458 :quae
1926 385 2007 457 igit

2133 382 2242 437 τῶν
2282 379 2526 434 παλαιῶν
2557 379 2779 432 ἐκείνων
2824 377 2920 432 τοῦ
2959 375 3132 448 Ἰησοῦ
3177 375 3434 448 μαθητῶν
3458 378 3716 450 γοητείας

448 498 540 544 tur
561 501 798 559 unquam
828 484 969 539 ratio
989 485 1299 546 convincet,
1330 491 1389 535 ιιι
1411 482 1503 550 qui
1526 480 1652 535 talis
1679 476 2007 549 praeceptori:

2134 473 2268 544 ἥλω,
2299 469 2420 525 οὐδὲ
2450 473 2480 524 ὁ
2511 468 2839 533 Διδάσκαλος
2863 464 2934 540 ἦν
2970 469 3080 540 ἄρα
3104 468 3363 533 τοιοῦτος.
3388 468 3503 522 ἰνα
3542 469 3602 524 δὲ
3635 471 3715 542 μὴ

446 555 705 650 discipuli
734 576 959 640 fuerint,
986 573 1401 649 praestigiatoris
1429 578 1525 627 aut
1568 568 1883 641 impostoris
1935 566 2007 621 di-

2136 563 2194 630 ἐξ
2223 561 2486 633 ἀγράφων
2516 559 2546 611 ὁ
2571 557 2727 626 λόγος
2760 556 2916 628 ἡμῶν
2939 555 3133 620 όδεύοι,
3166 556 3324 629 δέχου
3365 556 3464 621 τὰς
3497 558 3716 614 άποδει.

445 648 643 739 scipuli
676 664 1215 737 fuissejudicentur?
1232 663 1383 734 atqui
1412 662 1592 733 qualis
1617 662 1686 716 sit
1703 660 1881 714 onmis
1905 656 2007 728 qui

2138 654 2247 719 ξεις
2273 654 2368 707 καὶ
2392 650 2501 709 άπὸ
2528 651 2770 723 ἱστορίας
2794 648 3094 721 ἐγγράφου.

439 782 659 837 cunque
696 762 902 834 aliquid
926 761 1266 834 profiteatur,
1291 760 1442 815 nulla
1469 774 1557 814 res
1606 756 1914 813 evidentius
1966 752 2304 824 probaverit,
2356 763 2525 820 quam
2574 746 2971 818 discipulorum
3017 744 3363 802 consuetudo
3419 762 3436 800 :
3490 760 3618 801 nam
3660 747 3711 802 si

438 859 543 913 viri
577 857 689 913 sint
727 856 939 911 artibus
972 862 1028 910 et
1080 853 1332 910 scientiis
1379 851 1615 922 praediti,
1652 848 1898 920 profecto
1922 846 2020 917 qui
2060 846 2197 916 ipsis
2240 841 2513 913 ejusmodi
2549 841 2752 894 artium
2778 846 2834 895 et
2881 837 3238 895 scientiarum
3286 844 3479 893 auctor
3520 837 3711 905 fuerit,

439 965 565 1005 eum
600 949 758 1019 longe
808 962 869 1002 se
918 946 1054 1016 ipsis
1125 946 1559 1016 praestantiorem
1618 942 1789 999 fuisse
1851 938 2327 996 demonstrabunt.
2389 934 2636 1006 Exempli
2682 934 2891 1005 gratia,
2926 933 3020 1003 qui
3048 933 3370 989 medicinam
3422 930 3492 987 ab
3528 932 3713 1003 aliquo

439 1045 769 1107 didicerunt,
836 1043 1174 1099 excellentiae
1224 1042 1580 1112 praeceptoris
1613 1042 1665 1095 in
1697 1039 1789 1098 tali
1811 1036 2100 1109 disciplina
2137 1041 2306 1091 testes
2354 1033 2537 1089 idonei
2570 1032 2806 1088 habendi
2854 1038 3001 1099 sunt,
3048 1030 3142 1102 qui
3171 1045 3299 1086 vero
3332 1031 3709 1102 geometriam,

437 1140 649 1194 nullum
679 1138 846 1192 alium
872 1153 930 1192 se
959 1138 1218 1192 habuisse
1271 1137 1399 1192 talis
1418 1136 1722 1207 disciplinae
1779 1134 2100 1206 magistrum
2140 1146 2302 1203 quam
2330 1136 2660 1203 geometram
2696 1128 3004 1201 probabunt
3029 1144 3044 1193 ;
3067 1141 3168 1184 nec
3196 1142 3327 1183 vero
3377 1127 3712 1183 arithmetici

438 1232 605 1287 alium
642 1244 806 1301 quam
870 1228 1275 1284 arithmeticum
1309 1229 1535 1285 :eadcm
1589 1230 1820 1293 ratione,
1854 1228 2092 1297 aliquem
2132 1225 2300 1281 fuisse
2331 1225 2685 1295 impostorem
2719 1222 2906 1293 optimi
2945 1236 3078 1276 sane
3108 1227 3277 1276 testes
3312 1220 3546 1276 habendi
3577 1230 3713 1277 sunt

437 1324 533 1395 qui
590 1322 658 1378 ab
715 1322 807 1376 illo
863 1320 1175 1387 didicerint,
1238 1328 1293 1378 et
1323 1323 1417 1393 qui
1479 1322 1725 1378 eamdem
1759 1337 1883 1377 cum
1947 1336 2049 1377 suo
2088 1324 2422 1390 praeceptore
2486 1325 2658 1371 artem
2689 1322 2999 1371 exerceant.
3042 1313 3202 1383 128
3255 1310 3360 1368 Sed
3386 1314 3572 1369 nullus
3605 1315 3714 1370 ad-

436 1418 547 1475 huc
572 1418 627 1472 in
659 1426 768 1473 tam
813 1418 1002 1474 multis
1057 1418 1220 1475 annis
1285 1418 1590 1487 discipulus
1630 1416 1759 1474 Jesn
1788 1415 2152 1488 prmstigiator
2202 1413 2478 1485 apparuit,
2544 1411 2763 1467 tametsi
2812 1410 2865 1464 in
2896 1409 3129 1466 diversis
3161 1410 3499 1481 temporibus
3529 1417 3586 1465 et
3614 1425 3710 1467 re-

447 1530 543 1585 ges
574 1524 628 1569 et
649 1514 907 1585 praesides
938 1530 1034 1585 per
1080 1522 1351 1571 tormenta
1424 1513 1693 1586 quidquid
1727 1512 1795 1567 ad
1865 1528 1967 1568 nos
2027 1511 2285 1583 pertinet,
2316 1508 2734 1580 diligentissime
2758 1505 3154 1578 exquisiverint
3180 1518 3193 1555 :
3225 1506 3301 1559 ita
3322 1518 3487 1575 porro
3517 1504 3711 1561 nullus

436 1608 802 1680 praestigiator
835 1608 958 1672 fuit,
992 1616 1052 1663 ut
1082 1609 1218 1664 liber
1236 1608 1625 1677 dimitteretur,
1661 1616 1825 1680 atque
1855 1615 2009 1664 extra
2042 1622 2204 1663 oume
2238 1605 2545 1676 periculum
2576 1604 3024 1668 constitueretur,
3077 1599 3173 1672 qui
3205 1601 3366 1657 modo
3429 1599 3501 1657 ab
3564 1600 3711 1673 ipsis

436 1711 659 1758 coactus
707 1710 852 1758 eSSet
888 1703 1133 1772 ipsorum
1191 1702 1302 1758 ritu
1355 1703 1691 1760 sacrificare.
1730 1702 1887 1769 Quod
1914 1703 1959 1758 si
2007 1701 2192 1757 nullus
2250 1714 2489 1770 unquam
2532 1704 2869 1766 nostrorum,
2912 1706 3019 1751 tam
3058 1696 3274 1751 illorum
3314 1709 3455 1766 quos
3488 1693 3592 1764 ipsi
3619 1693 3718 1749 vi-

436 1797 566 1855 dere
600 1798 897 1869 potuimus,
943 1813 1106 1869 quam
1147 1799 1364 1855 illorum
1425 1801 1521 1872 qui
1561 1800 1838 1871 quondam
1873 1799 2045 1870 ipsius
2080 1796 2210 1854 Jesu
2247 1795 2505 1867 discipuli
2570 1793 2813 1860 fuerunt,
2854 1792 3103 1850 veneficii
3155 1800 3249 1848 aut
3298 1791 3705 1864 praestigiarum

435 1890 728 1949 damnatus
775 1900 885 1958 est,
919 1908 1047 1964 ergo
1090 1908 1159 1948 ne
1184 1891 1496 1964 Praeceptor
1547 1894 1769 1966 quidem
1799 1893 1923 1949 talis
1979 1891 2100 1947 fuit.
2139 1890 2407 1945 Caeterum
2430 1903 2500 1944 ne
2525 1888 2704 1945 omnis
2731 1895 2920 1944 nostra
2941 1889 3139 1953 oratio,
3166 1902 3232 1943 ex
3263 1886 3709 1945 rebusnonscri-

435 1991 543 2058 ptis
573 1989 972 2059 proﬁciscatur,
996 1988 1283 2047 videamus
1312 1990 1441 2047 item
1485 1989 1619 2061 quid
1677 1988 2014 2060 probationis
2052 1988 2123 2045 ab
2146 1985 2377 2043 historia
2399 1999 2523 2057 quae,
2560 1983 2758 2040 litteris
2787 1983 3119 2049 continetur,
3143 1981 3267 2038 elici
3289 1983 3487 2052 possit.

508 2081 677 2136 Primi
711 2081 875 2152 igitur
914 2081 1089 2152 ipsius
1131 2080 1259 2137 Jesu
1308 2081 1584 2153 discipuli,
1636 2082 1693 2138 in
1741 2082 1883 2137 libro
1927 2097 2007 2152 qu

2194 2081 2258 2135 Oi
2283 2079 2347 2151 δὴ
2370 2076 2576 2151 πρῶτοι
2604 2075 2700 2131 τοῦ
2740 2074 2918 2148 Ἰησοῦ
2954 2073 3191 2147 μαθηταὶ⁵
3212 2075 3271 2127 ὲν
3303 2077 3368 2146 τῇ
3400 2073 3565 2146 βίϐλῳ
3590 2072 3707 2127 τῶν

433 2173 571 2230 Acta
620 2173 861 2244 ipsorum
895 2173 1161 2237 continet,
1220 2183 1630 2239 memorantur,
1663 2189 2007 2246 quoscunque

2125 2172 2272 2226 ίδίων
2311 2168 2565 2242 πράξεων
2612 2167 2947 2240 ἱστοροῦνται
2994 2168 3120 2230 τοὺς
3165 2165 3226 2230 ἐξ
3253 2164 3423 2219 ἐθνῶν
3458 2168 3525 2237 τῇ
3556 2164 3709 2220 διδαο

433 2282 499 2323 ex
531 2265 785 2337 gentibus
818 2265 874 2320 in
910 2281 1069 2320 suam
1126 2266 1477 2338 disciplinam
1505 2268 1839 2339 acciperent,
1892 2282 2007 2323 cum

2122 2261 2321 2333 σκαλίᾳ⁵
2354 2259 2535 2315 αὐτῶν
2571 2259 2917 2328 προσιόντας,
2947 2257 3089 2311 ὥστε
3115 2256 3340 2320 πολλοὺς
3371 2256 3479 2310 τῶν
3504 2257 3706 2328 πρότε-

433 2373 624 2416 eorum
642 2358 890 2430 plerique
919 2360 1149 2417 crimine
1200 2364 1603 2434 praestigiarum
1664 2362 1897 2419 infames
1925 2377 2007 2417 est

2122 2371 2215 2426 ρον
2251 2354 2379 2425 περὶ
2401 2352 2657 2429 γοητείαν
2687 2350 3126 2423 διαϐεϐλημένων
3149 2351 3228 2414 είς
3256 2347 3497 2403 τοσοῦτον
3526 2366 3703 2420 μετα-

435 2456 586 2513 sent,
616 2451 671 2505 in
687 2449 935 2505 diversos
969 2466 1146 2506 mores
1196 2451 1333 2508 adeo
1390 2460 1780 2519 commutasse,
1812 2460 1872 2507 ut
1899 2453 2007 2507 ausi

2120 2444 2305 2499 ϐαλεῖν
2330 2443 2422 2497 τὸν
2448 2442 2656 2497 ἑαυτῶν
2683 2442 2905 2516 τρόπον,
2929 2443 3005 2506 ὠς
3029 2444 3109 2506 εἰς
3137 2441 3301 2513 μέσον
3329 2442 3704 2511 άγαγεῖνὰτολο

2123 2538 2292 2610 μῆσαι
2318 2536 2417 2601 τὰς
2455 2535 2910 2617 ἀπηγορευμένας
2954 2535 3188 2607 βίϐλους,
3215 2536 3312 2589 καὶ
3360 2535 3560 2600 ταύτας
3609 2538 3709 2591 ὲν-

434 2631 599 2697 ferre,
630 2641 685 2689 et
721 2634 775 2689 in
806 2643 1102 2705 conspectu
1139 2637 1383 2692 omnium
1412 2637 1754 2693 comburere.
1814 2636 2007 2691 Audia-

2125 2628 2297 2683 ὠπιον
2314 2628 2531 2683 πάντων
2562 2630 2693 2700 πυρὶ
2720 2626 3077 2701 παραδοῦναι.
3119 2628 3449 2684 Ἐπάκουσον
3468 2628 3524 2683 δὲ
3550 2630 3704 2693 ὅπως
3752 2640 3773 2659 ⁶

435 2722 562 2779 mus
596 2723 782 2796 itaque
831 2725 962 2796 quid
1004 2724 1289 2797 Scriptura
1348 2728 1442 2783 illa
1492 2728 1792 2785 contineat.
1824 2727 2007 2783 «Multi

2119 2722 2153 2793 ἡ
2197 2720 2385 2793 γραφὴ
2436 2720 2719 2793 περιέχει’
2758 2739 2780 2769 ι
2838 2721 3034 2774 Ἱκανοὶ
3079 2718 3138 2773 δὲ
3179 2719 3287 2773 τῶν
3317 2719 3388 2774 τά
3430 2719 3702 2793 περίεργα

433 2825 618 2874 autem
644 2832 835 2875 eorum
881 2816 977 2887 qui
1040 2817 1257 2874 fuerant
1279 2819 1501 2876 curiosa
1555 2821 1772 2886 sectati,
1821 2832 2007 2878 contu-

2118 2812 2464 2884 πραξάντων,
2490 2811 2996 2881 συνεισενέγκαντες
3018 2811 3117 2877 τάς
3141 2812 3378 2884 βίϐλους,
3407 2814 3703 2867 κατέκαιον

430 2907 613 2965 lerunt
641 2908 830 2974 libros,
849 2916 902 2966 et
939 2909 1360 2967 combusserunt
1386 2926 1480 2968 eos
1512 2926 1698 2968 coram
1727 2912 2004 2981 omnibus,

2115 2902 2344 2958 ἐνώπιον
2372 2902 2610 2970 πάντων,
2645 2902 2737 2956 καὶ
2773 2900 3143 2972 συνεψήφισαν
3171 2901 3270 2966 τὰς
3297 2902 3465 2973 τιμὰς
3492 2902 3699 2964 αὐτῶν,

432 3007 487 3056 et
509 3001 839 3070 computatis
869 3000 1061 3072 pretiis
1087 3001 1325 3065 illorum,
1367 3003 1696 3059 invenerunt
1726 3006 2007 3075 pecuniam

2116 2995 2211 3050 καὶ
2253 2988 2416 3067 εὗρον
2450 2993 2716 3066 ἀργυρίου
2767 2991 3033 3065 μυριάδας
3060 2993 3241 3049 πέντε.
3279 3013 3300 3047 ι
3350 2993 3590 3048 Τοιοῦτοι
3629 2994 3700 3069 δή

431 3088 780 3147 denariorum
810 3090 1206 3163 quinquaginta
1244 3090 1477 3147 millium
1508 3092 1555 3125 τ’
1586 3111 1600 3147 :
1632 3110 1652 3143 ι
1689 3092 1827 3149 tales
1883 3109 2007 3149 sane

2114 3103 2258 3152 τινες
2284 3087 2335 3141 οἱ
2367 3084 2464 3140 τοῦ
2492 3085 2744 3159 Σωτῆρος
2774 3084 2934 3156 ἡμῶν
2968 3084 3203 3157 μαθηταὶ
3224 3086 3493 3160 τοσαύτην
3532 3086 3699 3141 δύνα-

430 3189 591 3238 craut
621 3180 922 3239 Salvatoris
946 3183 1123 3238 nosrri
1154 3183 1431 3255 discipuli,
1463 3190 1722 3256 tantaque
1749 3185 2007 3242 orationis

2117 3195 2213 3250 μιν
2238 3178 2608 3251 προφέροντες
2639 3176 2815 3246 λόγων
2853 3179 2912 3232 ὲν
2939 3181 3060 3243 ταῖς
3086 3180 3224 3251 πρὸς
3252 3180 3378 3245 τοὺς
3404 3181 3699 3253 ἀκροωμέ-

429 3288 622 3330 eorum
648 3275 731 3331 vis
762 3283 899 3341 erat,
925 3290 1051 3330 cum
1102 3290 1233 3331 suos
1273 3274 1551 3332 auditores
1579 3270 2007 3348 alloquercntur,

2113 3287 2237 3335 νους
2264 3270 2525 3342 ὁμιλίαις,
2548 3269 2624 3333 ὡς
2646 3268 3018 3327 καθικνεῖσθαι
3044 3270 3138 3325 τοῦ
3163 3270 3361 3343 βάθους
3388 3272 3489 3343 τῆς
3519 3273 3697 3345 ψυχῆς

431 3374 493 3420 ut
516 3366 739 3423 intimas
786 3367 953 3421 animi
1004 3374 1186 3437 partes
1204 3375 1576 3438 penetrarent,
1621 3376 2007 3442 tangerentque

2117 3364 2315 3430 αὐτῶν,
2359 3364 2734 3420 καθάπτεσθαί
2771 3382 2832 3419 τε
2873 3364 2968 3419 καὶ
3005 3363 3327 3436 τιτρώσκειν
3369 3365 3431 3419 τὸ
3461 3366 3696 3420 ἑκάστου

430 3470 500 3510 ac
546 3457 901 3512 vulnerarent
950 3455 1388 3526 uniuscujusque
1426 3457 1822 3513 conscientiam
1855 3456 2007 3525 adeo,

2119 3457 2378 3524 συνειδὸς,
2405 3459 2482 3524 ὡς
2511 3459 2708 3530 μηκέτι
2739 3458 2951 3528 στέγειν
2983 3459 3450 3530 ἀποκρύπτοντες,
3479 3461 3561 3524 είς
3586 3476 3696 3529 φα-

431 3555 494 3605 ut
514 3563 677 3604 nemo
703 3548 937 3618 amplius
954 3548 1233 3605 occultare
1266 3556 1473 3619 posset,
1509 3548 1606 3605 sed
1636 3550 2007 3622 unusquisque

2115 3552 2270 3623 νερὸν
2315 3551 2372 3605 δὲ
2416 3551 2572 3621 ἄγειν
2614 3552 2685 3606 τά
2730 3552 3041 3624 ἀπόρρητα,
3086 3551 3344 3623 ἐλέγχους
3390 3569 3453 3607 τε
3494 3553 3697 3618 αὐτοὺς

431 3641 490 3697 in
518 3647 766 3713 apertum
790 3640 1077 3711 proferret,
1114 3642 1162 3697 si
1197 3641 1359 3712 cujus
1404 3640 1592 3696 arcani
1619 3643 1877 3698 conscius
1905 3644 2007 3700 sibi

2112 3642 2321 3698 ἑαυτῶν
2352 3643 2446 3697 καὶ
2473 3644 2572 3715 τῆς
2606 3644 2879 3716 προτέρας
2905 3643 3084 3698 αὐτῶν
3113 3644 3416 3718 μοχθηρίας
3441 3645 3697 3717 άπεργάο

433 2542 547 2596 sint
577 2557 718 2613 quos
746 2542 915 2597 libros
947 2542 1055 2597 illis
1094 2543 1524 2607 interdixissent,
1549 2546 1606 2601 in
1629 2544 1866 2601 medium
1895 2559 2019 2615 pro-

428 3740 597 3798 esset,
628 3731 975 3803 iudicemque
1019 3748 1243 3789 suorum
1296 3747 1419 3804 qum
1466 3732 1617 3803 prius
1647 3732 2013 3791 commisisset

430 3822 786 3896 ﬂagitiorum,
820 3827 1063 3898 seipsum
1116 3836 1438 3898 praestaret:
1468 3827 1606 3883 tales
1650 3826 1781 3883 item
1818 3828 1912 3900 qui
1941 3827 2011 3884 ab

430 3917 542 3973 illis
564 3917 799 3973 instituti
824 3926 973 3985 sunt,
1004 3918 1160 3988 puris
1191 3918 1400 3990 utique,
1439 3919 1781 3991 sincerisque
1811 3920 2011 3978 animis

429 4009 663 4081 praediti,
701 4016 762 4064 ut
795 4009 931 4065 nihil
977 4010 1034 4064 in
1084 4009 1194 4066 illis
1240 4008 1505 4076 simulati,
1554 4016 1649 4065 aut
1681 4009 2011 4067 fraudulenti

430 4100 628 4155 lateret
661 4119 675 4155 :
710 4099 808 4156 sed
836 4107 1028 4157 contra
1074 4100 1260 4171 potius
1311 4100 1419 4171 ipsi
1473 4102 1775 4158 mutatione
1796 4117 1828 4156 a
1855 4101 2009 4159 dete-

430 4194 578 4249 riore
600 4194 710 4247 vita
727 4193 794 4249 ad
823 4194 1128 4259 meliorem,
1158 4193 1524 4265 gloriarentur
1568 4202 1732 4265 atque
1767 4196 2011 4251 confide-

430 4291 585 4340 rent:
616 4285 707 4354 qui
740 4285 907 4355 igitur
936 4286 1181 4358 magicos
1211 4286 1384 4342 libros
1414 4285 1797 4354 incenderunt,
1830 4298 1885 4344 et
1912 4304 2009 4345 cx-

431 4383 646 4432 ternam
692 4362 909 4432 illorum
964 4377 1326 4449 perditionem
1378 4378 1598 4449 publico
1640 4379 1849 4451 judicio
1906 4396 2008 4438 suo

432 4466 877 4538 comprobarunt,
909 4483 1010 4524 cur
1040 4484 1150 4524 non
1178 4468 1247 4525 de
1269 4469 1470 4541 seipsis
1499 4472 1641 4541 apud
1668 4487 1860 4530 omnes
1884 4489 2008 4531 cer-

432 4561 709 4616 tissimum
746 4562 976 4632 posthac
1004 4563 1288 4633 praebeant
1336 4572 1738 4635 argumentum,
1772 4567 1924 4623 nullo
1947 4583 2008 4625 se

433 4667 662 4725 prorsus
727 4653 1065 4723 magicarum
1139 4669 1325 4710 rerum
1381 4654 1567 4711 studio
1637 4655 1855 4712 teneri?
1909 4658 2007 4715 sed

432 4752 625 4801 contra
656 4744 861 4816 potius,
920 4762 987 4802 ex
1036 4746 1132 4802 illo
1167 4748 1282 4817 jam
1338 4762 1508 4818 puros
1550 4764 1611 4805 se
1645 4764 1791 4816 esse,
1833 4759 1888 4808 et
1936 4754 2006 4809 ab

2112 3732 2332 3798 ζεσθαι·
2369 3733 2601 3789 τοιοῦτοι
2639 3735 2698 3788 δὲ
2734 3736 2827 3789 καὶ
2850 3736 2900 3791 οἱ
2930 3735 3066 3807 πρὸς
3095 3735 3275 3790 αὐτῶν
3318 3735 3699 3808 μαθητευόμε-

2110 3844 2215 3895 νοι,
2247 3825 2622 3901 καθαροὶηκαὶ
2668 3829 2880 3900 γνήσιοι
2923 3828 3023 3893 τὰς
3069 3827 3362 3894 διαθέσεις,
3403 3829 3478 3893 ὼς
3525 3828 3698 3901 μηδὲν

2112 3915 2341 3973 ὓπουλον
2383 3920 2441 3975 ὲν
2488 3920 2670 3984 αὐτοῖς
2705 3918 3009 3984 λανθάνειν,
3041 3917 3462 3989 ἑνσεμνύνεσθαι
3496 3918 3553 3971 δὲ
3595 3921 3697 3973 καὶ

2109 4011 2581 4083 παρρησιάζεσθαι
2612 4012 2706 4065 ἐπὶ
2736 4013 2802 4083 τῇ
2833 4011 2941 4065 τῶν
2966 4010 3289 4083 κρειττόνων
3315 4010 3423 4064 άπὸ
3446 4009 3553 4065 τῶν
3583 4027 3697 4083 χει-

2111 4102 2280 4173 ρόνων
2324 4101 2615 4174 μεταϐολῇ.
2664 4103 2729 4157 Οἱ
2775 4100 2839 4174 δὴ
2889 4097 2983 4156 οὖν
3030 4103 3165 4174 πυρὶ
3213 4101 3547 4174 παραδόντες
3587 4104 3694 4167 τὰς

2113 4193 2357 4264 μαγικάς
2401 4194 2638 4265 βίϐλους,
2671 4194 2768 4251 καὶ
2799 4195 3037 4266 παντελῆ
3067 4194 3274 4267 φθοράν
3311 4193 3492 4249 αὐτῶν
3518 4195 3697 4266 ψηφι-

2112 4287 2362 4360 σάμενοι,
2394 4287 2513 4353 πῶς
2550 4288 2652 4342 οὐκ
2697 4288 2766 4343 ἂν
2809 4284 2919 4342 εἶεν
2953 4286 3208 4359 πρόδηλοι
3240 4289 3353 4351 τοῖς
3379 4289 3565 4347 πᾶσιν,
3606 4288 3697 4344 ὅτι

2112 4379 2383 4453 μηδεμίαν
2444 4379 2619 4452 ἔχοιεν
2672 4379 2766 4435 τοῦ
2808 4378 2996 4434 λοιποῦ
3042 4381 3172 4453 περὶ
3212 4379 3465 4452 γοητείαν
3522 4396 3697 4433 σπου-

2107 4475 2224 4548 δὴν,
2277 4474 2508 4548 καθαροὶ⁸
2551 4476 2608 4531 δὲ
2649 4474 2709 4544 ἐξ
2734 4474 2977 4533 ,ἐκείνου
3022 4476 3202 4547 πάσης
3233 4474 3332 4545 τῆς
3390 4473 3520 4547 περὶ
3564 4474 3698 4528 τού-

2105 4585 2202 4623 του
2250 4568 2503 4633 ὑπονοίας
2543 4569 2875 4639 ὲτύγχανον;
2925 4568 3054 4623 Ὅτε
3113 4567 3292 4622 τοίνυν
3350 4568 3400 4622 οἱ
3450 4567 3697 4639 μαθηταὶ

2105 4658 2200 4713 τοῦ
2246 4658 2499 4731 Σωτῆρος
2559 4658 2716 4731 ἡμῶν
2764 4659 3038 4730 πεφήνασι
3087 4657 3372 4727 γεγονότες
3421 4656 3695 4722 τοιούτου,

2106 4748 2225 4815 πῶς
2263 4751 2325 4804 οὐ
2370 4748 2505 4804 πολὺ
2545 4750 2809 4823 πρότερον
2858 4751 2889 4803 ό
2932 4748 3303 4816 Διδάσκαλος;
3352 4750 3416 4804 Ei
3444 4749 3503 4805 δὲ
3545 4750 3697 4814 ὅλως

432 4840 583 4895 omni
634 4839 905 4909 ejusmodi
934 4838 1255 4911 suspicione
1309 4840 1594 4897 remotos?
1622 4840 1679 4896 Si
1709 4855 1840 4914 ergo
1885 4843 2000 4913 jam

2109 4843 2214 4897 άπὸ
2265 4842 2374 4897 τῶν
2420 4816 2728 4914 γνωρίμων,
2756 4841 2848 4897 τὸν
2879 4844 3212 4915 προστάτην,
3240 4842 3423 4920 ρποῐός
3481 4859 3565 4907 τις
3596 4838 3696 4914 ἦν,

430 4940 649 4988 constat
703 4931 1002 4989 Salvatoris
1061 4932 1238 4988 nostri
1283 4931 1589 5004 discipulos
1640 4935 1779 4991 tales
1833 4937 2002 4993 exsti-

430 5025 588 5088 tisse,
647 5040 749 5080 cur
803 5039 917 5080 non
965 5024 1082 5095 ipse
1132 5022 1441 5095 Praeceptor
1482 5024 1585 5082 fuit
1633 5027 1804 5084 multo
1837 5029 2004 5084 ante?

436 5115 598 5188 129
625 5116 781 5184 Quod
834 5115 882 5173 si
922 5115 991 5171 de
1031 5115 1319 5187 discipulis
1345 5118 1563 5187 qualem
1613 5126 2003 5191 praeceptorem

432 5208 726 5264 habuerint
750 5209 835 5266 vis
868 5226 1222 5282 cognoscere,
1266 5211 1435 5268 habes
1478 5211 1643 5267 hodie
1669 5226 1887 5283 quoque
1913 5212 2003 5267 in-

433 5302 801 5359 numerabiles
833 5303 1122 5360 verborum
1149 5301 1281 5360 Jesu
1329 5302 1654 5374 discipulos,
1686 5318 1755 5359 ex
1801 5302 2002 5375 quibus

434 5391 653 5461 plurimi
687 5395 929 5450 virorum
954 5407 1256 5453 conventus
1279 5396 1572 5460 exsistunt,
1595 5395 1689 5465 qui
1724 5405 1837 5451 tum
1870 5410 2002 5451 con-

436 5490 522 5539 tra
558 5487 836 5543 naturales
863 5494 1110 5561 corporis
1140 5491 1444 5561 voluptates
1470 5487 1629 5560 quasi
1660 5490 1715 5545 in
1738 5490 1853 5544 a‘cic
1877 5503 2005 5544 cou-

505 5641 554 5675 τ’
570 5640 693 5698 Act.
723 5658 841 5712 nx,
878 5645 959 5702 l9.

2108 4936 2284 5009 βούλει
2333 4933 2732 5004 διαγινώσκειν,
2794 4937 2938 5007 ἔχεις
2986 4935 3079 4990 τοῦ
3138 4936 3311 5009 ’1ησοῦ
3357 4935 3467 4989 τῶν
3511 4935 3697 5005 λόγων

2111 5026 2356 5100 μαθητάς
2386 5026 2554 5080 εἰσέτι
2584 5025 2679 5081 νῦν
2713 5027 2958 5099 μυρίους,
2990 5020 3065 5081 ὧν
3098 5028 3324 5082 πλείστα
3354 5027 3453 5099 μὲν
3479 5026 3700 5100 ἀνδρῶν

2107 5120 2384 5191 τυγχάνει,
2450 5118 2630 5190 πλήθη
2692 5118 3161 5194 παραταξαμένων
3225 5123 3322 5194 μὲν
3392 5121 3530 5194 πρὸς
3591 5122 3699 5186 τὰς

2108 5212 2342 5284 φυσικάς
2389 5212 2485 5267 τοῦ
2533 5211 2782 5285 σώματος
2829 5214 3044 5285 ἡδονάς,
3091 5217 3331 5288 ἄτρωτον
3375 5215 3431 5269 δὲ
3463 5214 3560 5270 καὶ
3588 5216 3700 5288 τὴν

2105 5308 2341 5362 διάνοιαν
2373 5308 2569 5373 παντὸς
2601 5309 2825 5381 αἰσχροῦ
2859 5310 3063 5374 πάθους
3095 5308 3466 5379 φυλαξάντων,
3499 5310 3570 5375 οἳ,
3594 5315 3701 5366 καὶ

2104 5398 2197 5453 τὸν
2228 5399 2405 5454 πάντα
2452 5397 2564 5470 βίον
2611 5401 2671 5454 ὲν
2718 5401 3011 5474 ἐγκρατείᾳ
3055 5402 3556 5474 καταγηράσαντες,
3589 5403 3701 5473 τῆς

2106 5491 2172 5545 ἐκ
2202 5489 2308 5547 τῶν
2337 5492 2510 5562 λόγων
2533 5491 2696 5550 αὐτοῦ
2743 5493 2948 5564 τροφῆς
2978 5492 3205 5566 λαμπρά
3235 5495 3510 5568 τεκμήρια
3542 5511 3699 5568 παρ-
