3930 6202
235 257 350 312 229

1114 246 1762 304 DEMONSTRATIONIS
1797 245 2253 301 EVANGELECXE
2295 248 2420 303 LIB.
2465 250 2556 302 111.

3362 254 3468 310 250

224 373 546 442 εστήσαντο.
600 367 673 420 οὐ
729 365 882 436 μόνον
912 365 966 418 δὲ
1003 363 1189 433 ἄνδρες
1229 362 1375 434 παρὰ
1409 361 1556 432 αὐτῷ
1608 360 1785 414 τοῦτον

1903 357 2120 421 sistant,
2160 367 2274 414 tum
2319 371 2551 416 mentem
2598 361 2668 416 ab
2698 362 2845 417 omni
2879 364 3058 418 minus
3087 365 3315 422 honesta
3347 383 3466 436 per-

223 457 582 530 φιλοσοφοῦσι
627 457 718 509 τὸν
757 457 985 527 τρόπον,
1049 453 1183 506 ἀλλὰ
1233 454 1326 507 καὶ
1377 451 1648 521 γυναικῶν
1694 451 1799 503 οὐδ’

221 555 378 606 ἔστιν
412 551 584 603 εἰπεῖν
605 549 726 601 ὅσαι
751 545 999 618 μυριάδες
1022 545 1142 598 καθ’
1175 545 1300 616 ὅλης
1333 545 1429 615 τῆς
1460 544 1798 613 οἰκουμένης,

219 637 312 696 οἷά
362 657 510 702 τινες
561 638 752 708 ἱέρειαι
785 637 876 689 τοῦ
907 637 1013 688 τῶν
1045 636 1181 689 ὅλων
1213 634 1368 696 Θεοῦ,
1415 634 1512 705 τὴν
1545 633 1802 688 ἀνωτάτω

221 735 422 802 σοφίαν
447 731 849 800 ἀσπασάμεναι,
883 729 1131 800 οὐρανίου
1165 746 1222 781 τε
1260 727 1448 796 σοφίας
1494 727 1656 798 ἔρωτι
1701 726 1799 798 λη-

221 827 466 894 φθεῖσαι,
501 822 607 874 τῶν
655 821 752 891 μὲν
787 820 983 891 σαρκὸς
1017 820 1250 888 ἐγγόνων
1280 819 1572 890 ὴλόγησαν,
1624 817 1799 888 ψυχῆς

219 919 280 971 δὲ
315 920 497 970 πᾶσαν
529 913 837 984 ἐπιμέλειαν
869 915 1236 982 πεποιηκυῖαι,
1282 912 1408 974 ὅλας
1453 910 1621 973 αὑτὰς
1654 909 1799 979 αὐτῴ

223 1011 439 1080 σώματι
472 1008 566 1060 καὶ
595 1006 737 1074 ψυχῇ
771 1003 848 1074 τῷ
880 1003 1210 1072 παμϐασιλεῖ
1241 1004 1333 1056 καὶ
1378 1001 1496 1072 Θεῷ
1527 1000 1633 1055 τῶν
1665 1001 1797 1053 ὅλων

221 1098 656 1157 ἀνατεθείκασιν,
691 1095 907 1162 ἁγνείαν
931 1093 1166 1163 παντελῆ
1193 1096 1286 1146 καὶ
1307 1093 1604 1164 παρθενίαν
1625 1093 1797 1162 ἀσκή-

221 1188 444 1241 σατθαι.
498 1186 631 1238 Ἕνα
675 1184 771 1254 μὲν
816 1179 905 1236 οὖν
955 1185 1247 1253 μηλοϐότον
1297 1184 1657 1238 καταλιπόντα
1700 1184 1797 1254 τὴν

221 1280 420 1332 ἑαυτοῦ
455 1279 636 1350 χώραν
670 1276 937 1347 προφάσει
970 1277 1282 1346 φιλοσοφίας
1311 1278 1528 1345 ἄγουσιν
1566 1271 1665 1330 ὧδε
1698 1279 1808 1344 κὰέ

221 1373 378 1422 κεῖσε
427 1368 811 1438 περιιρέροντες
870 1364 1131 1435 Ἑλλήνων
1193 1367 1393 1429 παῖδες·
1461 1363 1800 1437 Δημόκριτος

220 1461 409 1521 αὐτοῖς
439 1454 589 1521 οὗτος
619 1453 707 1527 ἦν·
745 1459 838 1511 καὶ
871 1457 1093 1528 Κράτης
1135 1453 1215 1520 εἷς
1260 1460 1389 1528 παρ’
1439 1460 1619 1521 αὐτοῖς
1667 1459 1796 1512 θαυ-

221 1550 482 1617 μάζεται,
513 1550 595 1600 ὅτι
627 1547 712 1618 δὴ,
763 1547 859 1618 τὴν
905 1548 1092 1600 οὐσίαν
1136 1548 1444 1600 καταλιπὼν
1487 1551 1598 1612 τοῖς
1643 1550 1793 1602 πολί-

214 1656 363 1701 ταις,
379 1641 535 1702 αὐτὸς
567 1640 774 1703 ἑαυτὸν,
798 1639 1017 1709 Κράτης
1038 1639 1318 1710 Κράτητα,
1338 1639 1625 1712 ἠλευθέρου
1661 1657 1794 1710 κομ-

1900 452 2218 507 turbatione
2265 453 2653 508 invulneratam
2686 465 3038 523 conservent;
3069 459 3305 527 quicum
3347 475 3465 513 om-

1903 561 2025 599 nem
2059 561 2212 600 suam
2241 549 2403 601 vitam
2440 563 2614 617 usque
2647 547 2714 602 ad
2743 557 3073 604 senectutem
3105 551 3467 608 continentis-
3503 621 3506 623 _

1903 637 2040 690 sime
2064 639 2296 707 egerint,
2326 638 2686 694 institutionis
2717 656 2837 708 qua:
2866 639 2932 694 de
2974 641 3154 696 verbis
3189 641 3335 696 illius
3363 645 3464 697 ha-

1901 725 2017 780 beri
2039 729 2229 790 soleat,
2257 730 2558 784 certissima
2589 740 2900 800 argumenta
2925 740 3184 801 prmstare
3209 740 3460 801 possunt.

1900 816 2084 887 Neque
2125 821 2225 873 viri
2281 823 2455 876 solum
2499 824 2600 877 sub
2639 824 2730 875 illo
2764 826 2903 877 duce
2951 825 3017 877 ad
3049 825 3194 879 hunc
3239 827 3460 880 modum

1901 911 2369 981 philosophantur,
2414 915 2506 969 sed
2558 916 2877 969 feminarum
2920 932 3134 986 quoque
3169 925 3248 971 ῐοι
3291 919 3460 974 millia

1899 1018 1995 1072 per
2025 1013 2196 1058 totum
2227 1007 2436 1068 orbem,
2485 1014 2542 1060 ut
2575 1022 2736 1076 quam
2768 1009 2936 1060 multa
2971 1010 3080 1062 sint
3125 1024 3231 1062 non
3271 1009 3461 1064 dicen-

1897 1094 2024 1148 dum
2055 1112 2175 1151 esse
2207 1096 2475 1159 videatur,
2505 1112 2625 1166 qua:
2671 1099 2826 1167 quasi
2870 1099 3114 1168 quaedam
3146 1100 3457 1158 sacerdotes

1898 1186 2064 1241 Deum
2087 1188 2323 1242 universi
2349 1189 3455 1260 colentes,supremamqnephilosophiam

1896 1278 2174 1345 amplexas,
2226 1285 2389 1344 atque
2441 1292 2625 1331 amore
2669 1279 2907 1334 caelestis
2953 1282 3230 1349 sapientia:
3263 1294 3454 1350 captae,

1895 1364 2061 1431 prolis
2095 1363 2312 1431 quidem
2357 1381 2419 1418 ac
2467 1365 2781 1430 liberorum,
2829 1376 3012 1438 utpote
3042 1371 3134 1439 qui
3159 1371 3224 1424 ad
3259 1389 3456 1441 corpus

1895 1453 2221 1521 pertineant,
2259 1455 2460 1508 nullam
2501 1456 2700 1510 habent
2744 1461 3029 1523 rationem,
3061 1463 3296 1515 animam
3327 1479 3457 1519 vero

1894 1545 2038 1596 omni
2061 1545 2339 1614 diligentia
2368 1559 2641 1610 curantes,
2670 1557 2810 1604 totas
2841 1552 3049 1622 scipsas
3078 1554 3195 1621 ipso
3227 1569 3456 1624 corpore

1895 1642 2057 1704 atque
2078 1636 2278 1698 animo,
2313 1637 2426 1705 regi
2458 1640 2699 1692 omnium
2733 1642 3077 1710 universique
3107 1642 3214 1698 Deo
3237 1643 3453 1700 dedica-

218 1730 436 1794 πάξωψ
481 1737 528 1786 οί
571 1735 628 1788 δὲ
665 1731 772 1786 τῶν
811 1733 984 1805 Ἰησοῦ
1017 1733 1186 1802 λόγων
1221 1734 1456 1804 ζηλωταὶ
1491 1735 1669 1806 μυρίοι
1701 1735 1785 1789 τὸν

1897 1737 2048 1792 runt,
2080 1735 2134 1780 ut
2171 1717 2496 1798 sic-integra
2528 1740 2894 1803 perpetuaque
2922 1737 3172 1803 castitate
3191 1745 3263 1791 'ac
3292 1740 3452 1808 virgi-

216 1823 476 1892 ἀριθμὸν,
511 1822 621 1876 ἀλλ’
655 1825 752 1894 οὐχ
783 1819 862 1886 εἷς
893 1824 1012 1876 οὐδὲ
1042 1823 1153 1887 δύο,
1187 1824 1285 1888 τὰς
1318 1825 1536 1895 κτήσεις
1568 1826 1792 1878 ἀποπω-

217 1913 282 1984 λή
291 1932 503 1978 σαντες,
539 1915 730 1984 πένησι
762 1915 856 1969 καὶ
877 1915 1076 1968 ἐνδεέσι
1111 1914 1558 1986 μεταδεδώκασιν,
1592 1909 1666 1969 ὧν
1698 1917 1791 1970 καὶ

215 2006 374 2057 αὐτοὶ
405 2005 739 2075 τυγχάνομεν
774 2005 1064 2077 μάρτυρες,
1102 2005 1481 2077 συγγενόμενοι
1510 2006 1785 2070 τοιούτοις,

218 2096 312 2148 καὶ
361 2095 545 2158 αὐτοῖς
590 2096 794 2166 ἔργοις,
842 2096 955 2148 ἀλλ’
1002 2095 1060 2148 οὐ
1097 2095 1276 2164 λόγοις
1319 2097 1497 2166 μόνοις
1542 2098 1642 2165 τῆς
1694 2099 1788 2151 τοῦ

229 2187 408 2256 Ἰησοῦ
460 2185 751 2258 μαθητείας
809 2187 1104 2250 συνιδόντες
1145 2188 1212 2240 τα
1263 2188 1674 2260 κατορθώματα.
1725 2191 1789 2243 Τί

218 2280 326 2350 χρὴ
374 2279 574 2348 λέγειν,
608 2280 802 2334 ὁπόσαι
851 2279 1103 2351 μυριάδες
1135 2279 1230 2333 καὶ⁴
1273 2280 1449 2334 αὐτῶν
1483 2281 1786 2352 βαρϐάρων,

213 2373 342 2442 οὐχὶ
369 2372 426 2424 δὲ
463 2372 618 2442 μόνον
656 2371 938 2441 Ἑλλήνων,
977 2372 1165 2424 ἐκτῶν
1205 2370 1375 2442 Ἰησοῦ
1409 2372 1579 2440 λόγων
1611 2375 1788 2428 πᾶσαν

218 2465 322 2534 μὲν
367 2462 745 2535 ὑπερεκκύψαι
779 2462 1035 2522 πολύθεον
1081 2463 1306 2533 πλάνην,
1341 2464 1430 2517 τὸν
1472 2463 1528 2517 δὲ
1562 2464 1788 2536 Σωτῆρα

215 2556 314 2608 καὶ
345 2555 675 2626 δημιουργὸν
704 2555 854 2608 τοῦδε
877 2554 968 2608 τοῦ
992 2557 1208 2621 παντὸς,
1241 2557 1398 2626 μόνον
1431 2557 1624 2611 εἰδέναι
1656 2557 1786 2612 Θεὸν

215 2646 639 2717 ἐμαρτύρησαν;
672 2645 731 2698 ὃν
761 2646 926 2699 πάλαι
960 2645 1258 2714 φιλοσόφων
1291 2643 1369 2710 εἷς
1405 2647 1560 2717 μόνος
1588 2649 1615 2700 ό
1647 2647 1787 2700 Πλά-

211 2755 327 2790 των
358 2737 534 2802 εἰδὼς,
587 2740 668 2801 εἰς
701 2739 906 2802 πάντας
952 2737 1202 2808 ἐκφέρειν
1244 2737 1511 2807 ὡμολόγει
1548 2738 1620 2808 μὴ
1666 2737 1785 2790 τολ-

217 2833 349 2902 μᾷν,
400 2831 688 2902 διαρρήδην
736 2832 972 2900 φάσκων·
998 2852 1016 2884 ι
1041 2833 1144 2886 Τὸν
1179 2833 1274 2903 μὲν
1316 2827 1408 2884 οῦν
1442 2832 1649 2902 πατέρα
1693 2832 1785 2884 καὶ

211 2923 544 2993 δημιουργὸν
582 2922 734 2976 τοῦδε
779 2923 869 2975 τοῦ
919 2923 1113 2986 παντὸς
1159 2924 1336 2994 εὑρεῖν
1377 2941 1435 2976 τε
1479 2922 1658 2994 ἔργον,
1693 2925 1785 2977 καὶ

213 3013 449 3085 εὑρόντα
481 3017 558 3077 είς
590 3015 798 3078 πάντας
819 3013 1074 3067 ἀδύνατον
1107 3014 1301 3083 λέγειν.
1345 3033 1364 3066 ι
1402 3014 1558 3067 Ἀλλὰ
1593 3015 1782 3086 ἐκείνῳ
1809 3039 1852 3098 C

214 3106 322 3176 μὲν
354 3105 451 3159 καὶ⁵
483 3105 634 3176 ἔργον
663 3107 842 3177 εὑρεῖν
883 3105 1053 3159 ἐδόκει
1086 3106 1146 3158 τὸ
1189 3109 1438 3178 πρᾶγμα,
1486 3107 1580 3161 καὶ
1611 3102 1678 3178 ἦν
1707 3107 1783 3172 ὡς

209 3195 442 3266 ἀληθῶς
479 3197 723 3265 μέγιστον
746 3213 761 3229 ο
798 3198 1056 3252 ἀδύνατον
1094 3199 1151 3252 δὲ
1182 3196 1250 3268 ἦν
1281 3199 1428 3269 αὐτῷ
1480 3199 1654 3268 λέγειν
1705 3202 1782 3264 εἰς

210 3282 454 3344 πάντας,
485 3284 563 3335 δτι
597 3284 665 3355 μὴ
696 3287 873 3355 παρῆν
917 3285 1064 3356 αὐτῷ
1108 3285 1342 3358 τοσαύτη
1379 3305 1460 3350 τις
1505 3287 1782 3353 εὐσεϐείας

208 3373 469 3443 δύναμις,
503 3375 598 3449 ὅση
627 3379 735 3440 τοῖς
767 3376 938 3447 Ἰησοῦ
1010 3375 1295 3447 μαθηταῖς,
1329 3372 1409 3441 οἷς
1439 3377 1526 3430 διὰ
1558 3378 1656 3448 τῆς
1688 3377 1780 3431 τοῦ

209 3465 545 3519 Διδασκὰλου
596 3468 876 3538 συνεργίας
932 3469 1021 3520 τὸν
1060 3469 1271 3540 πατέρα
1322 3469 1414 3522 καὶ
1457 3468 1782 3541 δημιουργὸν

209 3557 322 3609 τῶν
353 3557 490 3610 ὅλων
522 3559 699 3629 εὑρεῖν
730 3576 787 3611 τε
821 3559 913 3612 καὶ
962 3559 1164 3627 γνῶναι
1211 3559 1390 3630 ῥᾴδιον
1433 3559 1642 3628 γέγονε,
1691 3562 1782 3615 καὶ

210 3649 470 3720 εὐροῦσιν
499 3652 577 3712 εἰς
601 3651 705 3704 πᾶν
727 3650 879 3718 γένος
899 3649 1198 3720 ἀνθρώπων
1230 3649 1552 3720 ἐξενεγκεῖν,
1587 3652 1782 3705 ἀνακα-

211 3743 377 3811 λύψαι
427 3758 487 3795 τε
532 3741 624 3794 καὶ
668 3743 969 3813 πληρῶσαι,
1017 3744 1112 3797 καὶ
1171 3741 1403 3813 κηρῦξαι
1456 3741 1552 3813 τὴν
1585 3743 1780 3811 γνῶσιν

211 3835 402 3892 πᾶσιν,
435 3831 574 3885 ὥστε
607 3835 670 3886 ἐκ
701 3833 796 3902 τῆς
827 3834 1004 3886 αὐτῶν
1037 3835 1257 3887 ἐκείνων
1301 3832 1641 3897 διδασκαλίας
1668 3837 1780 3888 είσ-

211 3923 288 3976 ἑτι
334 3922 433 3975 νῦν
475 3923 614 3976 κατὰ
656 3923 746 3977 τὸν
793 3925 1033 3997 παρόντα
1078 3925 1269 3998 καιρὸν
1291 3927 1348 3978 ὲν
1377 3923 1516 3987 ὅλοις
1546 3928 1656 3989 τοῖς
1689 3929 1780 3980 ἐπὶ

211 4019 314 4088 γῆς
338 4016 518 4068 ἔθνεσι
553 4016 716 4087 μυρία
749 4015 920 4088 πλήθη
954 4017 1014 4070 οὐ
1059 4018 1216 4088 μόνον
1261 4017 1486 4088 ἀνδρῶν,
1519 4017 1653 4076 ἀλλὰ
1685 4021 1780 4072 καὶ

215 4107 512 4175 γυναικῶν,
545 4109 637 4161 καὶ
671 4107 894 4173 παίδων,
919 4108 1140 4162 οἰκετῶν
1169 4125 1227 4160 τε
1253 4109 1347 4161 καὶ
1378 4111 1666 4181 ἀγροίκων,
1691 4128 1779 4164 το-

209 4201 406 4254 σοῦτον
434 4198 514 4269 τῷ
542 4198 634 4252 τοῦ
668 4198 947 4262 Πλάτωνος
982 4199 1054 4271 μὴ
1075 4200 1373 4266 πείθεσθαι,
1407 4202 1482 4266 ὡς
1514 4203 1604 4256 τὸν
1631 4221 1778 4275 ποιη-

207 4293 304 4365 τὴν
359 4292 456 4346 καὶ
503 4291 827 4362 δημιουργὸν
867 4292 1017 4347 τοῦδε
1056 4292 1149 4346 τοῦ
1193 4295 1388 4359 παντὸς
1433 4295 1588 4366 μόνον
1645 4297 1774 4349 Θεὸν

207 4383 519 4454 γνωρίζειν,
540 4383 635 4436 καὶ
665 4383 820 4453 μόνον
853 4383 1048 4446 σέϐειν,
1083 4385 1176 4438 καὶ
1207 4386 1366 4456 μόνον
1395 4386 1484 4440 διὰ
1513 4386 1607 4440 τοῦ
1641 4387 1774 4459 Χρι-
1803 4367 1848 4423 D

208 4474 340 4528 στοῦ
387 4473 669 4542 θεολογεῖν.
720 4473 882 4526 Ταῦτ’
921 4470 990 4546 ἦν
1021 4475 1113 4528 τοῦ
1149 4477 1267 4529 νέου
1300 4478 1394 4532 καὶ
1425 4479 1607 4532 καινοῦ
1643 4479 1772 4550 γόη-

206 4583 298 4628 τος
329 4565 401 4618 τὰ
433 4563 846 4636 κατορθώματα’
879 4565 1101 4619 τοιαῦτα
1131 4567 1223 4620 τοῦ
1257 4567 1606 4640 νομιζομένου
1638 4570 1771 4624 πλά-

206 4676 302 4710 νου
329 4656 399 4710 τὰ
430 4657 792 4728 γοητεύματαο
830 4657 924 4710 καὶ
954 4658 1140 4710 τοιοίδε
1179 4661 1225 4710 οἱ
1258 4660 1351 4712 τοῦ
1389 4661 1560 4731 Ἰησοῦ
1600 4661 1772 4732 μαθη-

206 4752 314 4803 ταὶ.
334 4751 424 4820 ἀφ’
441 4743 513 4803 ὧν
528 4749 609 4802 δεῖ
621 4749 709 4804 τὸν
723 4748 1039 4802 διδάσκαλον
1053 4750 1251 4812 ὁποῖός,
1266 4767 1346 4813 τις
1366 4747 1433 4822 ἦν
1466 4750 1766 4824 γνωρίζειν.

1891 1819 2056 1872 nitate
2085 1818 2398 1889 fungantur.
2441 1823 2502 1875 Et
2533 1821 2702 1877 Graeci
2755 1825 2970 1894 quidem
3014 1842 3138 1884 eum
3181 1831 3275 1900 qui
3321 1832 3448 1885 olim

1884 1910 2183 1979 iactatione
2218 1915 2572 1984 philosophia:
2605 1918 2878 1986 regionem
2918 1936 3072 1975 suam
3104 1922 3173 1976 ab
3201 1924 3450 1978 hostibus

1888 2002 2266 2072 depopulatam
2302 2014 2462 2076 atque
2515 2019 2778 2064 vastatam
2830 2014 3063 2083 reliquit,
3115 2018 3292 2072 verbis
3342 2019 3450 2072 huc

1889 2102 2050 2165 atque
2079 2098 2205 2151 illuc
2233 2099 2625 2155 circumferunt
2653 2113 2812 2172 atque
2839 2108 3124 2163 extollunt.
3175 2108 3449 2164 Democri-

1892 2193 1980 2240 tus
2019 2186 2108 2241 hic
2140 2197 2223 2243 cst
2257 2189 2397 2258 apud
2425 2191 2567 2256 illos,
2599 2201 2652 2246 et
2676 2194 2865 2250 Crates
2892 2212 3032 2252 unus
3055 2199 3194 2268 apud
3227 2200 3444 2256 eosdem

1889 2276 2248 2331 admiratione
2278 2277 2473 2346 dignus
2503 2289 2745 2349 putatur,
2781 2285 2944 2352 quod,
2982 2301 3040 2340 re
3071 2301 3167 2340 sua
3193 2287 3445 2343 familiari

1887 2363 2098 2420 civibus
2144 2366 2261 2420 suis
2294 2369 2503 2433 relicta,
2546 2369 2662 2439 ipse
2687 2373 2928 2441 seipsum
2957 2375 3146 2430 Crates
3173 2378 3444 2433 Cratetem

1888 2454 1940 2508 in
1980 2456 2283 2512 libertatem
2314 2459 2619 2516 vindicasse
2648 2462 2950 2531 jactaverit.
2976 2465 3045 2520 At
3072 2468 3214 2521 enim
3252 2470 3440 2524 verbo-

1887 2561 2007 2600 rum
2054 2547 2182 2604 Jesu
2221 2553 2565 2607 aemulatores
2622 2555 3071 2634 innumerabiles,
3109 2575 3216 2614 non
3265 2571 3444 2617 autem

1884 2657 2027 2696 unus
2051 2641 2313 2698 duntaxat
2344 2645 2564 2712 alterve,
2596 2647 2894 2702 divenditas
2916 2653 3290 2718 possessiones
3311 2667 3447 2722 pau—
3491 2637 3496 2644 ’

1884 2735 2104 2803 peribus
2150 2746 2310 2808 atque
2353 2736 2722 2806 indigentibus
2777 2740 3204 2810 impcrtiverunt,
3245 2743 3444 2815 quibus

1884 2823 2044 2877 etiam
2085 2838 2185 2879 nos
2215 2833 2384 2880 testes
2424 2825 2707 2888 adsumus,
2735 2829 2828 2898 qui
2857 2827 3054 2883 versati
3090 2845 3278 2886 sumus
3317 2845 3440 2883 cum

1884 2915 2104 2980 talibus,
2135 2916 2335 2988 quique
2361 2916 2543 2982 factis,
2573 2918 2771 2975 nedum
2803 2921 3002 2984 verbis,
3027 2937 3212 2976 eorum
3240 2921 3440 2976 oflicio-

1884 3019 2005 3059 rum
2029 3005 2154 3060 facti
2177 3008 2403 3074 conscii,
2425 3025 2547 3078 qua:
2580 3010 2655 3064 illi
2687 3010 2739 3062 in
2765 3007 2892 3065 Jesu
2922 3010 3207 3081 disciplina
3231 3013 3442 3082 praesti-

1885 3097 2066 3152 terint.
2087 3096 2354 3152 Caeterum
2383 3097 2512 3168 quid
2532 3114 2616 3154 me
2636 3107 2848 3169 oportet
2867 3099 3066 3166 dicere,
3087 3117 3249 3172 quam
3271 3103 3441 3157 multa

1882 3187 2051 3242 millia
2075 3188 2234 3242 etiam
2259 3189 2542 3244 hominum
2568 3191 2938 3258 barbarorum,
2970 3208 3078 3247 non
3105 3193 3263 3248 modo
3290 3193 3440 3248 Grae-

1882 3293 2091 3343 corum,
2124 3295 2188 3334 ex
2234 3281 2517 3351 praeceptis
2553 3280 2682 3337 Jesu
2725 3298 2940 3337 omnem
2983 3284 3195 3339 colendi
3239 3285 3440 3343 multos

1881 3370 2012 3426 deos
2039 3386 2280 3426 errorem
2309 3373 2670 3428 transilierint
2687 3382 2848 3445 atque
2868 3375 3236 3444 despexerint,
3262 3385 3314 3431 et
3338 3376 3440 3432 hu-

1877 3463 1968 3534 jus
2001 3463 2240 3517 universi
2272 3467 2554 3534 parentem’
2584 3475 2742 3536 atque
2769 3466 3014 3536 opificem
3057 3466 3225 3522 Deum
3268 3483 3436 3522 unum

1882 3570 1940 3611 se
1965 3571 2258 3627 agnoscere
2270 3555 2692 3618 affirmaverint?
2710 3556 2879 3622 Quem
2901 3561 3245 3628 antiquorum
3267 3559 3441 3628 philo-

1879 3647 2174 3716 80phorum
2200 3647 2289 3700 vix
2313 3662 2455 3702 unus
2481 3646 2634 3702 Plato
2663 3664 2784 3703 cum
2808 3650 3170 3720 cognovisset.
3201 3667 3309 3706 non
3340 3666 3440 3706 au-

1879 3735 2006 3790 dere
2037 3751 2096 3790 se
2127 3735 2318 3791 eﬂ‘erre
2343 3737 2398 3790 in
2422 3752 2610 3792 omnes
2635 3737 2809 3807 palam
2835 3738 3114 3808 professus
3141 3748 3244 3801 est,
3279 3741 3438 3810 plane

1881 3827 2176 3888 affirmans,
2217 3845 2234 3878 ι
2277 3835 2551 3897 parentem
2589 3829 2804 3898 quidem
2843 3837 3004 3897 atque
3035 3830 3282 3899 Opificem
3313 3830 3435 3885 uni-

1877 3920 2020 3975 versi
2037 3919 2216 3990 hujus,
2228 3927 2280 3974 et
2295 3919 2533 3974 invenire
2549 3919 2761 3974 difﬁcile
2775 3934 2914 3981 esse,
2933 3931 3122 3975 etcum
3140 3921 3430 3986 inveneris,

1879 4013 2031 4084 prodi
2047 4014 2102 4067 in
2122 4014 2312 4083 vulgus
2325 4029 2432 4067 non
2451 4027 2631 4082 posse.
2644 4029 2661 4062 ι
2673 4012 2873 4068 Verum
2898 4014 2970 4068 illi
2995 4015 3208 4084 quidem
3222 4027 3274 4070 et
3287 4016 3436 4072 inve-

1878 4104 1995 4158 nire
2022 4103 2251 4158 difficilis
2267 4105 2383 4158 visa
2413 4112 2494 4157 est
2515 4118 2603 4157 res
2634 4110 2688 4157 et
2730 4119 2918 4179 revera
2948 4103 3135 4175 ingens
3162 4108 3432 4175 negotium

1877 4208 1981 4255 est.
1999 4199 2065 4254 At
2101 4213 2232 4254 vero
2276 4197 2415 4252 idem
2445 4197 2720 4266 publicare
2742 4196 2796 4249 in
2815 4210 3022 4259 omnes,
3046 4197 3435 4268 enuntiareque

1882 4293 2154 4365 l30non
2172 4294 2364 4362 potuit,
2381 4298 2665 4360 propterea
2683 4289 2825 4360 quod
2845 4305 2948 4343 non
2964 4297 3115 4343 tanta
3133 4290 3206 4343 illi
3221 4291 3435 4361 pietatis

1875 4403 2002 4457 erga
2025 4386 2191 4441 Deum
2219 4385 2302 4440 vis
2321 4384 2527 4447 aderat,
2546 4392 2744 4454 quanta
2759 4379 2887 4437 Jesu
2905 4383 3207 4454 discipulis,
3237 4385 3435 4454 quibus

1877 4492 1978 4548 ope
2020 4475 2328 4546 auxilioque
2354 4473 2699 4545 prmeeptoris
2719 4513 2733 4538 ,
2763 4481 3040 4542 parentem
3079 4472 3434 4542 opificemqne

1876 4567 2202 4629 universi,et
2233 4565 2495 4630 invenire,
2512 4574 2564 4619 et
2580 4579 2893 4635 agnoscere,
2909 4563 3249 4618 illaboratum
3275 4578 3339 4618 ac
3355 4562 3436 4617 fa-

1875 4664 1978 4718 cile
1991 4661 2215 4730 contigit
2231 4677 2245 4725 ;
2261 4667 2314 4713 et
2330 4667 2616 4728 postquam
2637 4656 2975 4719 invenerunt,
2993 4656 3153 4710 etiam
3171 4653 3357 4709 eﬂ‘erre
3377 4654 3432 4708 in

1840 4803 1846 4808 .
1877 4767 2036 4808 omne
2069 4764 2238 4821 genus
2271 4746 2570 4809 hominum,
2600 4733 2936 4814 prodereque
2967 4751 3020 4796 et
3066 4741 3355 4811 complere,
3381 4750 3436 4794 ct

209 4842 427 4910 publice
439 4843 720 4897 enuntiare
739 4841 988 4896 omnibus
1009 4841 1150 4910 quod
1169 4849 1548 4912 cognoverant,
1571 4845 1705 4898 adeo
1725 4845 1963 4916 quidem,
1983 4851 2040 4896 ut
2061 4857 2123 4897 ex
2148 4840 2360 4894 illorum
2379 4836 2661 4905 disciplina
2680 4851 2852 4906 usque
2875 4835 2929 4888 in
2945 4848 3181 4903 prtesens
3197 4839 3430 4901 tempus,

209 4948 304 5001 per
341 4948 529 4989 omnes
576 4949 698 5004 quae
758 4942 884 4988 sunt
939 4933 994 4988 in
1028 4934 1157 4988 orbe
1190 4943 1455 4988 terrarum
1516 4943 1723 5005 gentes,
1761 4944 2063 4991 conventus
2115 4928 2575 4991 innumerabiles,
2621 4943 2728 4980 non
2789 4926 3030 4980 virorum
3080 4925 3286 4985 solum,
3339 4923 3435 4976 sed

207 5029 378 5080 etiam
434 5026 780 5091 feminarum,
819 5035 873 5082 et
927 5042 1241 5096 puerorum,
1293 5035 1348 5080 ct
1390 5041 1692 5093 servorum,
1725 5037 1778 5083 et
1818 5029 2110 5100 agrestium
2162 5022 2466 5084 hominum,
2533 5027 2739 5073 lanlum
2787 5018 2947 5080 abs",
3017 5013 3311 5069 ιιιΡΙειιοηῖ
3339 5013 3434 5086 0!”

209 5121 511 5187 temperent
540 5126 632 5172 aut
675 5118 930 5182 credant,
962 5126 1020 5171 ut
1075 5125 1372 5181 auctorem,
1442 5117 1793 5188 Opificemque
1831 5115 2068 5172 universi
2099 5112 2285 5182 hujus,
2351 5110 2526 5165 solum
2570 5105 2739 5162 Deum
2778 5114 3093 5178 agnoscant,
3124 5104 3300 5161 solum
3341 5117 3436 5157 eo.

207 5215 351 5272 lant,
392 5210 458 5264 de
489 5211 607 5262 so‘lo
633 5225 729 5279 per
771 5207 1071 5270 Christum,
1134 5215 1196 5261 ut
1236 5207 1303 5261 de
1357 5205 1466 5261 Deo
1497 5207 1805 5278 loquantur.
1845 5207 1910 5262 lli
1941 5215 2068 5261 sunt
2101 5204 2226 5259 novi
2261 5201 2422 5269 hujus
2478 5213 2542 5253 ac
2589 5200 2824 5254 recentis
2852 5193 3262 5266 przestigiatoris
3310 5209 3434 5248 suc-

207 5313 404 5352 cessus
443 5317 455 5351 :
489 5299 616 5352 talia
647 5298 786 5366 eius,
822 5298 914 5369 qui
981 5297 1329 5352 existimatur
1379 5297 1633 5354 seductor
1687 5301 2110 5363 incantamenta,
2177 5294 2417 5363 talesque
2459 5291 2632 5362 ipsius
2664 5288 2791 5345 Jesu
2838 5287 3116 5358 discipuli,
3143 5286 3210 5342 de
3237 5285 3434 5356 quibus

211 5396 515 5457 prazceptor
547 5390 724 5458 qualis
759 5390 918 5444 fuerit
946 5389 1200 5458 cognosci
1227 5389 1441 5444 debeat.

277 5481 414 5550 Φέρε
450 5479 496 5533 δ’
529 5480 628 5543 ἔτι,
659 5496 750 5532 και
793 5479 962 5551 ταύτῃ
989 5480 1078 5532 τὸν
1109 5478 1262 5547 λόγον
1281 5479 1766 5552 διερευνησὼμεθα.

211 5573 387 5644 Γόητα
413 5574 520 5644 φῂς
551 5572 730 5639 αὐτὸν,
756 5566 800 5626 ὦ
840 5565 1014 5635 οὗτος·
1051 5571 1186 5624 ἀλλὰ
1219 5573 1312 5625 κοιλ⁸
1345 5574 1634 5644 φαρμακέα
1661 5574 1768 5626 δει-

211 5666 302 5718 νὸν
336 5665 428 5719 καὶ
455 5663 740 5718 ἀπατεῶνα
784 5663 985 5730 καλεῖς.
1041 5657 1164 5738 'Ap‘
1208 5657 1300 5717 οῦν
1351 5663 1563 5737 πρῶτος
1607 5665 1766 5731 αὐτὸς

1943 5481 2208 5538 Caeterum
2240 5478 2345 5532 alia
2380 5491 2596 5548 quoque
2617 5475 2845 5531 ratione.
2879 5471 2933 5526 id
2955 5471 3022 5527 de
3044 5485 3152 5542 quo
3174 5469 3433 5537 quaeritur

1871 5573 2170 5628 videamus.
2211 5569 2665 5639 Prtestigiatorem
2710 5580 2841 5620 sane
2874 5563 3025 5617 illum
3053 5562 3190 5616 dicis
3214 5560 3383 5617 fuisse
3418 5581 3428 5612 :

1871 5663 2166 5732 quinetiam
2193 5661 2495 5720 veneficum
2526 5657 2938 5718 callidissimum
2981 5659 3435 5726 deceptoremque
