3930 6202
473 217 570 273 231

1129 211 1396 270 EUSEBl‘l
1443 211 1928 270 CESARIENSIS
1965 213 2116 271 OPP.
2149 215 2350 272 PARS.
2391 215 2462 272 ll.
2499 245 2575 264 συ-
2605 216 3107 274 APOLOGETICA.

3629 216 3736 273 1'52

472 347 657 386 vocas.
695 327 964 398 Numquid
1003 327 1168 397 igitur
1195 325 1405 396 primus
1435 325 1527 380 ille
1553 335 1606 380 et
1645 326 1796 382 solus
1829 326 2048 396 hujusce

2161 328 2253 381 καὶ
2283 328 2441 398 μόνος
2473 328 2700 401 εὑρετὴς
2732 330 2969 401 κατέστη
3002 329 3098 384 τοῦ
3141 331 3494 401 πράγματοςς
3533 331 3568 402 ἦ
3602 331 3738 386 πάν-

470 423 551 475 rei
599 420 848 473 inventor
879 417 1110 480 exstitit,
1163 430 1231 469 an
1279 429 1411 470 vero
1451 415 1521 470 de
1564 431 1736 479 more,
1780 416 1846 470 ad
1902 419 2050 488 ipsos

471 524 835 582 praceptores
884 510 1036 563 initia
1079 507 1288 564 referre
1325 509 1579 578 oportet?
1607 507 1742 562 Nam
1801 509 1846 566 si
1899 511 2050 564 nullo

473 603 702 658 docente
747 601 862 670 ipse
909 601 1119 671 primus
1149 602 1409 671 solusque
1451 602 1702 656 inventor
1744 601 1908 672 hujus
1943 603 2050 656 fuit

474 694 719 763 inempti,
754 697 826 748 ita
860 704 918 748 ut
961 695 1093 749 nihil
1135 709 1361 765 prorsus
1391 697 1460 750 ah
1491 697 1611 751 aliis
1647 713 1875 766 usquam
1908 697 2050 751 didi-

472 783 630 845 cerit,
665 798 840 852 neque
868 784 937 837 ab
971 785 1213 853 antiquis
1244 785 1641 855 compilaverit,
1681 800 1780 840 cur
1819 803 1926 841 non
1963 788 2047 842 di-

470 875 654 928 vinam
689 874 766 928 illi
815 883 1069 928 naturam
1099 876 1336 931 tribuere
1374 885 1644 946 oporteat,
1675 879 1766 948 qui
1795 880 1961 935 nullis
1984 881 2051 934 li-

469 965 607 1030 bris,
629 965 796 1020 nullis
821 966 1128 1038 praeceptis,
1149 983 1244 1022 seu
1274 970 1720 1039 praeceptoribus,
1739 986 1836 1026 sua
1857 985 2050 1042 sponte

467 1057 699 1112 edoctus
733 1074 830 1128 per
871 1059 1135 1128 seipsum,
1181 1063 1361 1117 omnis
1407 1063 1709 1134 disciplina:
1735 1081 1928 1136 capax,
1964 1073 2049 1121 ta-

468 1149 602 1202 lium
634 1164 821 1204 rcrum
853 1151 1114 1206 inventor
1145 1154 1450 1209 exstiterit?
1479 1155 1642 1226 Atqui
1670 1172 1846 1226 neque
1871 1157 2050 1212 sordi-

471 1240 554 1295 da:
581 1241 816 1310 alicujus
848 1243 1004 1306 artis,
1036 1259 1213 1312 neque
1237 1246 1518 1302 rationalis
1541 1248 1845 1320 cujuspiam
1869 1250 2048 1304 scien-

470 1334 578 1396 tite,
611 1349 674 1388 ac
699 1350 769 1388 ne
798 1335 1098 1404 primorum
1131 1336 1350 1406 quidem
1384 1338 1774 1394 elementorum
1797 1340 2044 1410 discipli-

472 1441 596 1480 nam
644 1437 701 1481 ut
754 1429 1046 1498 percipias,
1086 1431 1204 1484 sine
1231 1430 1371 1486 duce
1411 1447 1476 1486 ac
1500 1441 1834 1504 prazceptore
1865 1435 2046 1505 aliquo

469 1519 584 1575 ﬁeri
624 1528 821 1590 potest,
871 1522 1067 1576 nedum
1110 1539 1174 1577 ea
1217 1540 1339 1594 quae
1390 1535 1638 1580 naturam
1701 1543 2044 1585 communem

469 1623 748 1682 superant.
772 1611 965 1667 Nullus
996 1624 1144 1670 certe
1165 1631 1402 1685 unquam
1430 1633 1526 1687 per
1557 1633 1617 1673 se
1643 1618 1838 1675 doctus
1865 1635 2046 1690 gram-

469 1706 682 1759 maticae
705 1716 1008 1774 praeceptor
1037 1707 1194 1762 nobis
1217 1711 1480 1777 occurrit,
1509 1725 1686 1780 neque
1713 1712 1920 1776 rhetor,
1951 1713 2044 1782 qui
2079 1681 2119 1736 Β

471 1810 578 1849 non
611 1796 679 1850 ab
711 1797 894 1866 aliquo
928 1797 1204 1866 didicerit,
1245 1815 1423 1870 neque
1454 1803 1545 1872 qui
1592 1813 1783 1873 suopte
1829 1804 2046 1874 ingenio

469 1888 716 1944 medicus
752 1889 1008 1952 evaserit,
1065 1906 1243 1960 neque
1302 1893 1658 1958 architectus,
1692 1911 1869 1966 neque
1913 1897 2048 1951 alte-

469 1981 585 2036 rius
616 1983 918 2052 eujuspiam
950 1984 1024 2038 rei
1073 1985 1268 2040 artifex
1306 2005 1320 2042 :
1353 1995 1407 2041 et
1456 1987 1567 2043 haec
1601 1989 1817 2059 quidem
1850 1990 2045 2062 exigua

468 2073 652 2127 omnia
681 2083 842 2146 atque
867 2076 1120 2130 humana.
1152 2074 1306 2132 Vera:
1327 2087 1506 2134 autem
1537 2082 1754 2151 pietatis
1784 2083 1924 2138 inter
1950 2083 2048 2138 b0-

469 2165 644 2219 mines
670 2165 971 2228 doctorem,
1022 2166 1204 2221 dicere
1244 2170 1532 2240 praestigiis
1563 2171 1888 2242 quibusdam
1914 2173 2046 2228 talia

470 2257 862 2325 introduxisse,
897 2273 963 2312 eo
997 2274 1103 2327 quo
1144 2259 1278 2314 vixit
1323 2269 1587 2332 tempore.
1619 2263 1887 2332 ejusmodi
1921 2281 2047 2334 pro-

468 2349 681 2420 digiosa
730 2350 1181 2422 admirabiliaque
1239 2353 1382 2407 facta
1427 2355 1686 2418 edidisse,
1736 2357 2042 2425 cujusmodi

469 2457 644 2511 nuper
707 2443 810 2512 ipsi
866 2446 1238 2512 exposuimus,
1305 2446 1578 2518 talemque
1643 2448 1794 2502 illum
1855 2457 2046 2517 suapte

474 2532 627 2601 131
665 2543 861 2586 natura
912 2550 1120 2604 suaque
1171 2543 1367 2604 sponte
1415 2537 1718 2602 exstitisse,
1766 2555 1943 2608 neque
1977 2541 2045 2594 ab

469 2624 710 2693 antiquis
741 2627 1088 2696 compilasse,
1120 2645 1294 2699 neque
1321 2646 1352 2684 a
1384 2631 1539 2685 novis
1582 2631 1859 2701 magistris
1889 2633 2046 2702 adju—

470 2727 587 2773 tum
635 2721 825 2784 fuisse,
865 2724 957 2792 qui
1003 2725 1153 2794 paria
1189 2741 1253 2780 ac
1289 2725 1486 2780 similia
1513 2736 1640 2782 ante
1673 2727 1851 2797 ipsum
1882 2744 2040 2784 exer-

471 2812 704 2877 cuerint,
747 2813 875 2883 quid
925 2815 1094 2880 aliud,
1131 2831 1337 2886 quaeso,
1369 2825 1474 2880 est,
1509 2817 1617 2871 nisi
1661 2817 1944 2872 testiﬁcari
1992 2828 2045 2874 et

472 2904 653 2967 fateri,
693 2903 935 2960 divinum
991 2909 1150 2978 plane
1184 2909 1442 2979 quiddam
1495 2911 1685 2974 fuisse,
1718 2923 2044 2980 omnemque

470 2995 753 3049 hominum
801 3007 1051 3052 naturam
1102 3014 1392 3069 superasse
1422 3001 1574 3054 illum
1609 3001 1677 3057 de
1709 3016 1817 3072 quo
1845 3003 2042 3072 quaeri-

470 3088 629 3143 mus?
657 3088 724 3141 At
755 3090 900 3143 enim
948 3091 1240 3160 magistros
1290 3093 1440 3146 illum
1483 3093 1622 3148 dicis
1655 3093 1910 3148 habuisse
1944 3094 2044 3147 im-

472 3190 740 3252 postores,
757 3199 857 3238 nec
881 3185 949 3238 ab
971 3183 1352 3256 Egyptiorum
1381 3186 1648 3257 sapientia
1677 3186 2043 3254 abhorruisse,

473 3291 574 3330 nec
590 3291 710 3344 quae
731 3275 947 3330 illorum
977 3279 1278 3348 antiquitas
1300 3277 1490 3332 habuit
1513 3293 1713 3332 arcana
1741 3278 2042 3348 ignorasse,

471 3382 502 3422 a
535 3368 734 3438 quibus
762 3383 886 3422 cum
921 3368 1253 3440 collegisset,
1287 3369 1500 3438 qualem
1543 3367 1686 3422 fama
1734 3370 1838 3424 [ert
1884 3369 2046 3424 talem

470 3459 737 3516 evasisse.
799 3459 912 3513 Cur
963 3461 1128 3531 igitur
1169 3462 1261 3516 alii
1321 3461 1456 3516 nulli
1503 3461 1596 3515 illo
1639 3462 2047 3531 prastantiores

472 3552 742 3621 magistri,
777 3553 868 3622 qui
902 3559 957 3606 et
1003 3553 1154 3607 illum
1199 3562 1360 3609 aetate
1410 3554 1826 3616 antecesserint,
1865 3563 1920 3608 et
1948 3568 2048 3609 sua

472 3641 721 3698 doctrina
767 3645 1124 3710 instituerint,
1156 3653 1251 3700 aut
1303 3645 1360 3700 in
1395 3645 1651 3716 Egypto,
1679 3653 1772 3698 aut
1815 3660 2046 3716 usquam

470 3733 624 3800 alibi,
658 3733 761 3790 visi
796 3736 957 3790 sunt?
981 3735 1092 3790 Cur
1120 3735 1286 3808 igitur
1314 3752 1421 3791 non
1454 3735 1522 3790 de
1545 3735 1655 3790 illis
1682 3751 1899 3806 quoque
1923 3745 2049 3792 ante

471 3826 636 3896 hujus
679 3827 1108 3892 accusationem,
1142 3827 1197 3882 in
1231 3842 1423 3883 omnes
1453 3826 1702 3882 homines
1742 3825 1886 3880 fama
1925 3843 2048 3898 per-

470 3917 653 3971 venit?
693 3932 792 3972 cur
829 3934 938 3972 non
987 3919 1112 3973 item
1160 3917 1377 3972 illorum
1431 3917 1574 3973 sicut
1633 3918 1804 3972 nostri
1861 3917 2046 3986 hujus,

471 4007 636 4062 etiam
668 4024 815 4064 nunc
843 4008 1017 4079 gloria
1045 4007 1448 4075 canitur?Quis
1473 4023 1603 4064 vero
1625 4023 1866 4078 unquam
1912 4023 2050 4078 prce-

474 4100 723 4169 stigiator
773 4116 962 4156 eorum
1005 4101 1099 4171 qui
1153 4101 1379 4166 fuerint,
1415 4116 1483 4156 ex
1517 4115 1627 4171 quo
1671 4115 1764 4156 res
1799 4099 2050 4154 humanae

472 4205 709 4258 cmpere,
743 4200 835 4244 aut
859 4191 1002 4262 apud
1037 4192 1323 4255 barbaros,
1354 4199 1447 4246 aut
1472 4193 1616 4263 apud
1642 4191 1884 4255 Graecos,
1913 4191 2048 4246 tales

475 4278 712 4332 instituit
764 4278 1084 4351 discipulos,
1132 4289 1226 4335 aut
1273 4270 1463 4336 talium
1521 4281 1699 4351 legum
1749 4279 2048 4347 taliumque

2151 437 2250 484 τας
2290 437 2392 474 που
2433 420 2572 474 κατὰ
2604 423 2664 474 τὸ
2696 421 2986 475 ἀκόλουθον
3015 424 3095 485 είς
3125 421 3476 486 διδασκάλους
3497 424 3740 496 ἀναπέμο

2152 529 2272 565 πειν
2307 513 2412 584 χρὴ
2454 513 2522 566 τὰ
2559 512 2740 577 αῖτιας
2772 515 2835 566 Εἰ
2861 514 2957 585 μὲν
2982 513 3112 586 γάρ,
3147 513 3373 586 μηδενὸς
3403 514 3736 584 διδάξαντος,

2151 606 2312 670 αὐτὸς
2341 606 2557 679 πρῶτος
2591 607 2686 660 καὶ
2721 606 2880 677 μόνος
2919 606 3146 678 εὑρετὴς
3183 607 3375 674 γέγονε
3404 606 3506 676 τῆς
3537 610 3741 678 ἐπιχει-

2154 701 2382 772 ρήσεως,
2423 699 2587 770 μηδὲν
2641 699 2905 771 μηδαμῶς
2939 701 3068 770 παρ’
3115 699 3316 770 ἐτέρων
3354 697 3557 770 μαθὼν,
3597 699 3739 772 μηδι

2150 795 2216 846 ἐκ
2247 791 2488 846 παλαιῶν
2510 794 2919 864 ἐρανισάμενος,
2939 795 3056 857 πῶς
3082 794 3142 846 οὐ
3171 792 3320 856 Θείας
3351 790 3566 860 φύσεως
3594 791 3740 863 χρῆν

2149 885 2427 955 ὁμολογεῖν
2459 886 2643 951 αὐτὸν,
2676 885 2735 948 ὃς
2759 881 2838 956 ἦν
2859 887 2986 940 ἄνευ
3027 885 3244 955 βίϐλων,
3279 884 3373 938 καὶ
3411 883 3604 952 λόγων,
3639 882 3740 938 καὶ

2149 977 2506 1040 διδασκάλων,
2555 978 2952 1042 αὐτοδίδακτος,
2995 980 3088 1031 καὶ
3125 975 3438 1048 αὐτομαθὴς
3478 975 3739 1029 τοιούτων
3839 1033 3842 1036 ,

2149 1071 2492 1142 πραγμάτων
2523 1071 2751 1143 εὑρετὴς
2784 1070 3158 1140 άναπέφηνεν;
3193 1069 3304 1122 Καὶ
3339 1069 3445 1139 μὴν
3477 1066 3600 1120 οὐτε
3634 1065 3736 1137 βα-

2149 1166 2347 1220 ναύσου
2366 1166 2581 1237 τέχνης,
2602 1164 2726 1219 οὐτε
2759 1163 2980 1234 λογικῆς
3014 1163 3345 1233 ἐπιστήμης,
3377 1159 3499 1212 οὐδέ
3532 1175 3595 1228 γε
3620 1157 3734 1212 τῶν

2149 1259 2380 1330 πρώτων
2415 1258 2692 1328 στοιχείων
2723 1254 2822 1326 τὴν
2859 1254 3093 1326 μάθησιν
3117 1253 3242 1322 δίχα
3271 1249 3507 1322 ποδηγοῦ
3535 1251 3631 1303 καὶ
3652 1251 3738 1306 δι-

2150 1350 2418 1405 δασκάλου
2450 1349 2594 1412 τινὸς
2625 1347 2912 1400 ἀναλαϐεῖν
2954 1346 3196 1409 δυνατὸν,
3234 1345 3308 1418 μὴ
3349 1345 3470 1417 οὐχὶ
3493 1345 3590 1417 τὴν
3616 1361 3738 1398 κοι-

2147 1441 2244 1514 νὴν
2277 1441 2617 1513 ἐκϐεϐηκότα
2651 1439 2831 1508 φύσιν.
2860 1438 3050 1502 Οὐδεὶς
3081 1439 3212 1507 γοῦν
3241 1438 3349 1491 τῶν
3387 1437 3607 1491 πώποτε
3635 1439 3738 1492 αὐ-

2145 1533 2450 1597 τοδίδακτος
2491 1535 2622 1604 ἡμῖν
2687 1531 3082 1604 γραμματικῆς
3115 1529 3359 1602 παρῆλθε
3390 1530 3736 1596 διδάσκαλος,

2147 1626 2266 1680 οὐδέ
2288 1643 2353 1695 γε
2384 1626 2565 1697 ῥήτωρ
2589 1624 2662 1695 μὴ
2693 1621 3050 1695 μεμαθηκὼς,
3071 1621 3192 1675 οὐδὲ
3216 1620 3491 1693 αὐτοφυὴς
3524 1621 3736 1693 ίατρδς,

2152 1718 2271 1772 οὐδὲ
2309 1718 2536 1780 τέκτων,
2566 1716 2673 1770 οὐδ’
2711 1717 2901 1788 ἐτέρας
2937 1715 3268 1786 δημιουργὸς
3298 1715 3511 1786 τέχνης.
3537 1715 3737 1769 Καίτοι

2157 1809 2329 1882 μικρὰ
2356 1807 2530 1862 ταῦτα
2563 1809 2657 1862 καὶ
2677 1806 3006 1878 ἀνθρώπεια.
3044 1805 3116 1859 Τὸ
3133 1805 3189 1859 δὲ
3224 1807 3386 1886 φάναι
3414 1804 3505 1858 τὸν
3523 1803 3738 1877 ἀνθρώ-

2154 1917 2269 1952 πων
2296 1898 2574 1961 εὐσεϐείας
2595 1897 2828 1969 ἀληθοῦς
2852 1893 3170 1949 διδάσκαλον
3199 1894 3421 1948 τοιαῦτα
3459 1894 3738 1965 τεθαυμα-

2152 1991 2486 2062 τουργηκότα
2523 1989 2645 2044 καθ’
2689 1989 2746 2042 ὃν
2803 1987 3064 2058 ἐπεδήμει
3107 1985 3185 2056 τῷ
3225 1985 3324 2057 βίῳ
3373 1987 3585 2058 χρόνον,
3633 1987 3735 2041 καὶ

2153 2085 2404 2149 τοιαύτας
2438 2083 2774 2154 παραδόξους
2815 2081 3098 2153 τερατείας
3133 2080 3492 2150 πεποιηκότα,
3528 2082 3593 2144 ἃς
3629 2082 3737 2151 ἁρ-

2151 2177 2280 2240 τίως
2358 2175 2702 2247 διεξήλθομεν
2731 2215 2746 2238 ,
2821 2177 2886 2228 ἐκ
2956 2173 3049 2226 τοῦ
3119 2172 3428 2243 αὐτομάτου
3487 2171 3734 2227 τοιοῦτον

2154 2269 2338 2339 φῆναι,
2383 2270 2518 2341 μήτε
2564 2269 2712 2339 παρὰ
2747 2265 2989 2320 παλαιῶν
3036 2263 3454 2337 ἐρανισάμενον,
3503 2265 3627 2334 μήτ’
3663 2266 3736 2318 ἐκ

2152 2362 2286 2416 νέων
2318 2360 2650 2415 διδασκάλων
2714 2357 3062 2428 ὠφελημένον
3085 2397 3100 2419 ,
3158 2355 3226 2409 τὰ
3270 2356 3426 2426 ὃμοια
3481 2357 3574 2409 καὶ
3617 2355 3735 2428 πρὸ

2152 2454 2315 2512 αὐτοῦ
2361 2453 2739 2522 πεποιηκότων
2765 2491 2778 2515 ,
2811 2449 2862 2504 τί
2909 2449 3095 2520 ἄλλοῆ
3149 2447 3556 2520 μαρτυρούντων
3605 2448 3737 2502 ἐστὶ

2152 2549 2244 2601 καὶ
2269 2545 2670 2618 ὁμολογούντων
2694 2544 2834 2598 θεῖον
2856 2541 3070 2612 άληθῶς
3099 2542 3285 2612 χρῆμα
3309 2540 3606 2608 γεγονέναι,
3631 2541 3736 2595 καὶ

2152 2643 2330 2694 πᾶσαν
2376 2638 2661 2710 ἀνθρώπου
2719 2637 2879 2707 φύσιν
2929 2634 3363 2707 ὑπερϐεϐηκέναι
3395 2633 3484 2687 τὸν
3538 2632 3734 2703 δηλού-

2155 2747 2345 2801 μενον;
2391 2729 2552 2782 Ἀλλὰ
2575 2727 2914 2789 διδασκάλοις
2945 2719 3107 2778 αὐτὸν
3152 2726 3257 2796 φῂς
3299 2723 3727 2796 προσεσχηκέναι

2152 2817 2392 2880 πλάνοις,
2427 2817 2562 2887 μηδὲ
2598 2816 2777 2869 λαθεῖν
2807 2815 2968 2868 αὐτὸν
2998 2812 3064 2867 τὰ
3089 2815 3227 2882 σοφὰ
3255 2812 3364 2866 τῶν
3394 2811 3726 2882 Αἰγυπτίων,

2150 2909 2243 2963 καὶ⁵
2275 2909 2383 2962 τῶν
2412 2909 2579 2962 πάλαι
2615 2908 2744 2977 παρ’
2782 2909 2966 2970 αὐτοῖς
2991 2905 3295 2976 λεγομένων
3324 2905 3394 2958 τὰ
3422 2904 3728 2976 ἀπόρρητα,

2152 3005 2280 3075 παρ’
2311 2997 2385 3057 ὧν
2421 3000 2844 3071 συλλεξάμενον,
2893 2999 3060 3066 ἄνδρα
3096 2997 3334 3052 τοιοῦτον
3367 2994 3478 3052 οἷον
3506 2999 3536 3050 ὁ
3572 2996 3731 3064 λόγος

2149 3093 2493 3166 παρίστησιν,
2524 3083 2927 3162 ἀποδειχθῆναι.
2951 3091 3015 3144 Τί
3045 3091 3180 3161 δῆτα
3205 3085 3322 3152 ούνς
3345 3084 3382 3161 ἦ
3412 3106 3556 3151 τινες
3581 3088 3734 3142 ἄλλοι

2146 3188 2426 3260 κρείττους
2466 3185 2628 3239 αὐτοῦ
2675 3187 2967 3257 πεφήνασι,
2997 3183 3088 3236 καὶ
3129 3183 3383 3255 πρότεροι
3426 3181 3503 3252 τῷ
3527 3182 3724 3252 χρόνῳ,

2149 3281 2242 3333 καὶ
2279 3277 2440 3333 αὐτοῦ
2490 3277 2833 3339 διδάσκαλοι,
2883 3275 2981 3329 εἴτ’
3011 3276 3098 3327 ἐπ’
3137 3273 3445 3341 Αἰγύπτου,
3478 3272 3580 3326 εῑθ⁴
3619 3273 3728 3343 ὅπη

2147 3366 2243 3436 δή;
2273 3365 2336 3418 Τί
2365 3360 2457 3418 οὖν
2478 3364 2598 3434 οὐχὶ
2623 3364 2890 3418 κάκείνων
2917 3363 3020 3435 πρὸ
3049 3362 3148 3432 τῆς
3174 3361 3361 3415 τούτου
3391 3361 3730 3433 κατηγορίας

2149 3455 2380 3524 ἔφθασεν
2403 3459 2484 3519 είς
2507 3457 2714 3519 πάντας
2740 3455 3110 3526 ἁνθρώπουςή
3141 3455 3296 3527 φήμη
3319 3460 3337 3520 ;’
3361 3455 3392 3526 ἢ
3419 3454 3472 3506 τί
3505 3454 3580 3525 μὴ
3607 3455 3732 3526 οὐχὶ

2149 3550 2414 3604 κάκείνων
2457 3551 2624 3604 εἰσέτι
2676 3549 2770 3604 νῦν
2811 3550 2873 3602 τὸ
2928 3548 3083 3610 κλέος
3117 3549 3303 3620 ᾅδεται
3347 3545 3428 3617 τῷ
3477 3546 3732 3619 ἡμετέρῳ

2150 3641 2574 3712 παραπλησίωςς
2608 3640 2706 3704 Τίς
2733 3640 2790 3693 δὲ
2831 3639 2940 3692 τῶν
2973 3639 3066 3692 ἀπ’
3105 3639 3300 3702 αἰῶνος
3328 3638 3546 3692 πώποτε
3572 3640 3730 3708 γόης,

2150 3731 2425 3802 βάρϐαρος
2469 3731 2502 3800 ἢ
2536 3727 2768 3799 Ἕλλην,
2819 3727 3074 3781 τοιούτων
3112 3728 3351 3799 κατέστη
3407 3727 3731 3790 διδάσκαλος

2150 3823 2436 3894 φοιτητῶν,
2469 3822 2560 3876 καὶ⁸
2596 3821 2850 3876 τοιούτων
2883 3822 3061 3892 νόμων
3090 3823 3183 3875 καὶ
3215 3823 3388 3890 λόγων
3419 3820 3689 3890 αὐθέντης
3713 3859 3730 3884 ,

2147 3915 2273 3968 οἵων
2323 3916 2358 3985 ἡ
2391 3913 2484 3967 τοῦ
2540 3913 2789 3983 Σωτῆρος
2850 3911 3004 3982 ἡμῶν
3054 3911 3412 3965 ἐπιδέδεικται
3461 3910 3729 3981 δύναμιςὲ

2161 4007 2352 4070 ’ἰάσεις
2371 4006 2426 4059 δὲ
2446 4005 2668 4058 τοσάσδε
2689 4005 2782 4058 καλ⁵
2802 4004 3138 4078 παραδόξους
3156 4002 3472 4074 εὐεργεσίας
3490 4000 3730 4065 τοιάσδε,

2148 4100 2266 4164 οἵας
2291 4101 2319 4152 ό
2360 4099 2629 4170 ἡμέτερος
2669 4097 2981 4167 πεποιηκὼς
3029 4095 3444 4168 μνημονεύεται,
3485 4095 3570 4159 τίς
3611 4093 3731 4147 πώ-

2150 4209 2280 4245 ποτε
2317 4189 2752 4262 διαπραξάμενος
2782 4192 3101 4262 ίστορεῖταις
3125 4188 3280 4252 Τίνος
3306 4187 3363 4241 δὲ
3393 4190 3440 4241 οἱ
3461 4187 3733 4259 γνώριμοι

2150 4286 2243 4339 καὶ
2269 4284 2377 4338 τῶν
2404 4285 2744 4356 πραγμάτων
2768 4285 3054 4346 αὐτόπται,
3071 4282 3160 4336 διὰ
3181 4280 3353 4352 πυρὲς
3375 4280 3473 4334 καὶ
3506 4281 3731 4352 σιδήρου

474 4379 865 4441 praeceptorum
897 4381 1091 4428 auctor
1121 4373 1242 4437 fuit,
1270 4373 1513 4444 qualium
1551 4372 1722 4427 fuisse
1751 4370 2046 4425 Salvatoris

2151 4374 2376 4445 δοκιμῆς
2402 4374 2500 4446 τὴν
2534 4373 2674 4446 ὑπὲρ
2700 4368 2774 4428 ὧν
2792 4371 3175 4445 ἐμαρτύρησαν
3207 4371 3462 4444 ἀληθειαν
3490 4370 3731 4424 ἐπιστώ-

475 4463 650 4519 nostri
699 4465 872 4521 virtus
927 4467 1267 4522 ostenditur?
1317 4475 1411 4521 aut
1459 4466 1583 4536 quis
1636 4479 1877 4535 unquam
1937 4471 2049 4518 tam

476 4556 663 4610 multis
692 4557 938 4622 medelis,
969 4568 1078 4612 tant
1104 4559 1452 4614 mirabilibus
1479 4557 2048 4626 beneﬁcentiis,quam

476 4649 565 4702 hic
605 4657 794 4703 noster
825 4648 1042 4704 functus
1076 4651 1440 4705 memoratur?
1468 4649 1637 4719 Cujus
1671 4658 1850 4704 autem
1896 4647 2052 4701 lami-

477 4740 641 4795 liares
679 4740 820 4810 ignis
853 4741 1095 4810 ferrique
1123 4742 1447 4810 probatione
1477 4756 1665 4797 earum
1697 4755 1880 4795 rerum
1914 4755 2052 4809 quas

479 4833 904 4888 testiﬁcarentur
928 4835 1210 4890 veritatem
1243 4834 1319 4888 ita
1348 4835 1766 4898 conlirmarunt,
1788 4841 1848 4886 ut
1879 4831 2050 4888 nostri

479 4925 782 4981 Salvatoris
811 4926 1086 4996 discipuli,
1119 4927 1212 4998 qui
1240 4915 1424 4981 omnia
1456 4925 1674 4996 quidem
1708 4925 1908 4997 probra
1931 4940 2052 4994 per-

478 5018 744 5083 tulerunt,
767 5017 950 5072 omnia
1001 5032 1132 5072 vero
1181 5025 1579 5072 tormentorum
1616 5029 1814 5086 genera
1854 5014 2054 5070 tolera-

480 5116 629 5176 runt,
650 5115 704 5164 et
733 5106 965 5180 denique
991 5109 1272 5179 proprium
1299 5107 1620 5177 sanguinem
1646 5104 1974 5168 elluderunt,
1997 5114 2054 5159 ut

482 5216 600 5272 qua:
647 5201 750 5272 ipsi
809 5202 1086 5258 testiﬁcati
1121 5211 1304 5258 essent
1334 5197 1760 5256 conlirmarent?
1787 5197 2055 5254 Praeterea

479 5291 796 5362 quicunque
837 5291 967 5347 huic
1015 5299 1216 5348 nostra:
1257 5290 1457 5345 rationi
1511 5289 1848 5355 adversatur,
1885 5288 2052 5353 dicat,

480 5399 688 5454 quaeso,
717 5383 843 5453 quis
893 5398 1134 5455 unquam
1183 5383 1545 5453 praestigiator
1599 5381 1791 5436 saltem
1842 5379 1900 5434 in
1931 5381 2052 5434 ani-

483 5489 630 5528 mum
661 5475 898 5542 induxit,
916 5475 983 5531 de
1018 5475 1241 5547 proprio
1291 5474 1515 5530 nomine
1572 5485 1632 5527 se
1681 5487 1836 5527 nova:
1867 5472 2056 5543 cujus-

482 5563 611 5618 dam
665 5565 844 5636 gentis
893 5567 1185 5624 factionem
1251 5565 1737 5637 comparaturum?
1787 5563 1902 5620 Hoc
1957 5578 2057 5616 au-

478 5665 594 5711 tem
645 5657 824 5728 ipsum
880 5656 1192 5728 quempiam
1253 5672 1370 5715 non
1424 5657 1586 5716 modo
1630 5657 1924 5744 cogitasse,
1959 5655 2054 5712 sed

2151 4482 2334 4531 σαντο,
2373 4464 2656 4536 (ὕσπεροῦν
2711 4467 2761 4518 οί
2806 4463 2900 4518 τοῦ
2961 4464 3210 4535 Σωτῆρος
3259 4461 3416 4534 ἡμῶν
3462 4461 3727 4535 μαθηταὶ,

2151 4557 2329 4620 πάσας
2365 4557 2462 4627 μὲν
2508 4557 2691 4621 αἰκίας
2737 4555 3092 4618 ἀνατλάντες,
3130 4556 3309 4619 πάσας
3365 4555 3424 4609 δὲ
3479 4554 3731 4624 βασάνων

2153 4649 2297 4712 ίδέας
2329 4650 2738 4718 ὑπομείναντες,
2762 4650 2856 4702 καὶ
2884 4649 3036 4712 τέλος
3061 4647 3148 4700 διὰ
3181 4647 3274 4701 τοῦ
3312 4647 3441 4700 ίδίου
3476 4647 3728 4717 αἵματος,

2151 4739 2218 4793 τὰ
2259 4739 2387 4810 περὶ
2413 4739 2572 4792 αὐτοῦ
2609 4739 3029 4811 μαρτυρηθέντα
3057 4741 3244 4802 αὐτοῖς
3291 4739 3730 4809 πιστωσάμενοι;

2155 4832 2277 4884 Ἔτι
2306 4831 2443 4901 πρὸς
2475 4830 2701 4896 τούτοις,
2729 4833 2757 4885 ὁ
2782 4831 2857 4902 τῷ
2885 4830 2951 4883 δι’
2981 4831 3229 4894 ἐναντίας
3249 4832 3381 4902 ἡμῖν
3417 4829 3558 4901 λόγῳ
3587 4848 3734 4902 παρα

2153 4925 2438 4994 ιστάμενος
2487 4924 2712 4993 λεγέτω,
2759 4925 2844 4988 τίς
2890 4925 2997 4978 τῶν
3028 4923 3245 4976 πώποτε
3276 4924 3488 4995 γοήτων
3515 4922 3616 4976 κᾶν
3647 4925 3732 4985 είς

2153 5015 2276 5068 νοῦν
2303 5015 2524 5070 ἐόάλετο
2545 5017 2665 5070 νέου
2700 5015 2887 5080 ἔθνους
2924 5015 3016 5068 ἐπὶ
3047 5015 3233 5085 οίκείῳ
3268 5015 3492 5086 ὀνόματι
3529 5014 3724 5068 σύστα-

2156 5125 2238 5160 σιν
2263 5107 2614 5178 ποιήσασθαις
2644 5106 2717 5160 Τὸ
2741 5106 2796 5160 δὲ
2826 5105 2903 5178 μὴ
2932 5107 3089 5178 μόνον
3109 5108 3355 5178 ἐννοῆσαι
3384 5105 3560 5169 τοῦτο,
3591 5105 3726 5158 ἀλλὰ

2153 5203 2248 5254 καὶ
2279 5201 2621 5272 κατορθῶσαι
2647 5199 2708 5253 τὸ
2742 5199 3024 5272 βουληθὲν,
3059 5200 3174 5263 πῶς
3219 5200 3280 5252 οὐ
3309 5199 3489 5252 πᾶσαν
3518 5195 3702 5269 ἀνθρώ

2155 5310 2256 5346 που
2291 5292 2548 5346 καλύπτοι
2597 5291 2662 5345 ἂν
2699 5289 2892 5360 φύσιν;
2934 5290 3202 5345 Βασιλέων
3235 5291 3291 5344 δὲ
3335 5290 3588 5360 δόγμασι,
3630 5290 3732 5341 καὶ

2157 5381 2399 5436 παλαιῶν
2429 5382 2749 5452 νομοθετῶν,
2786 5382 3090 5451 φιλοσόφων
3121 5399 3180 5435 τε
3210 5382 3302 5436 καὶ
3346 5380 3606 5451 ποιητῶν,
3634 5379 3734 5430 καὶ

2157 5467 2420 5540 θεολόγων
2442 5471 2501 5536 ἐξ
2527 5472 2774 5535 ἐναντίας
2802 5471 2988 5526 θέσθαι
3005 5471 3203 5542 νόμους
3221 5472 3348 5535 τοὺς
3373 5471 3493 5524 κατ’
3513 5468 3736 5522 εἰδωλο-

2156 5563 2444 5635 λατρείας,
2501 5566 2594 5619 καὶ
2625 5564 2847 5631 τούτους
2899 5563 3196 5636 κρατῦναι.
3241 5565 3486 5636 ἀμάχους
3525 5579 3587 5614 τε
3636 5559 3741 5614 καὶ

2159 5656 2456 5730 ἀηττήτους
2485 5659 2564 5721 είς
2607 5657 2814 5734 μακρὸν
2849 5655 3106 5722 ἐπιδεῖξαι
3146 5656 3338 5723 αἰῶνα,
3381 5657 3465 5721 τίς
3509 5652 3738 5709 πώποτε
