3930 6202
198 203 313 259 235

1097 206 1746 264 DEMONSTRATIONIS
1788 207 2250 265 EVANGEUCAﬂ
2305 210 2433 266 LIB.
2473 210 2566 267 Ill.

3337 217 3443 275 25$

188 329 406 399 γοήτων
438 326 805 399 διανενόηταις
848 328 905 383 '0
937 330 993 384 δὲ
1016 331 1207 403 Σωτὴρ
1239 333 1333 385 καὶ⁴
1374 331 1577 403 Κύριος
1616 331 1759 402 ἡμῶι

1877 336 2037 390 etiam
2070 334 2365 404 perfecisse
2406 351 2506 389 suo
2541 334 2832 401 arbitratu,
2869 351 2968 390 cur
2996 351 3103 390 non
3134 344 3301 391 totam
3346 339 3444 393 ho-

188 425 293 475 οὐκ
322 422 577 493 ἐνενόησε
612 424 732 495 μὲν,
761 427 818 479 ού
848 426 1147 496 τετόλμηκε
1174 427 1229 480 δέ
1256 428 1627 499 ἐπιχειρῆσαι’
1652 427 1765 482 ἀλλ’

187 517 313 570 οὐδὲ
335 516 662 588 ἐπεχείρησε
691 519 809 589 μὲν,
835 520 893 572 ού
918 519 1240 591 κατώρθωσε
1269 521 1326 573 δέ
1344 538 1356 550 ³
1381 521 1460 573 ἐνὶ
1485 522 1540 574 δὲ
1566 524 1769 592 ῥήματι

192 610 289 661 καὶ
340 610 441 680 μιᾷ
486 612 635 680 φωνῇ
678 612 852 681 φήσας
886 612 1017 681 πρὸς
1072 608 1439 675 τοὺςέαυτοῦ
1484 604 1801 683 meme?

199 719 218 751 ι
254 700 622 771 Πορευθέντες
677 700 1050 771 μαθητεύσατε
1098 703 1275 757 πάντα
1320 703 1385 756 τά
1424 703 1547 775 ἔθνη
1591 706 1646 756 ἐν
1692 704 1768 775 τῷ

188 790 418 861 ὀνόματί
455 809 591 862 μου,
630 791 967 856 διδάσκοντες
1001 795 1194 858 αὐτοὺς
1226 799 1413 864 τηρεῖν
1453 796 1628 849 πάντα
1669 797 1768 848 ὅσα

189 883 550 953 ἐνετειλάμην
592 885 739 954 ὑμῖν,
767 904 785 935 ›
835 884 993 955 ἔργον
1026 887 1195 957 ἐπῆγε
1240 887 1317 957 τῷ
1359 888 1522 958 λόγῳ,
1570 888 1767 941 αὐτίκα

187 992 249 1027 τε
291 976 663 1045 ὲμαθητεύετο
695 979 750 1031 ἐν
792 978 956 1048 ὀλίγῳ
994 981 1101 1032 πᾶν
1133 981 1287 1049 γένος
1320 982 1583 1053 Ἑλλήνων
1630 980 1765 1052 ὁμοῦ

188 1070 285 1121 καὶ
322 1068 647 1141 βαρϐάρων,
697 1071 791 1123 καὶ
842 1071 994 1141 νόμοι
1042 1073 1173 1126 πᾶσι
1221 1078 1332 1137 τοῖς
1375 1074 1551 1127 ἔθνεσι
1611 1092 1768 1127 κατε-

190 1161 510 1232 σπείροντο,
558 1162 787 1215 ἐναντίοι
926 1163 1036 1217 τῶν
1073 1165 1315 1219 παλαιῶν
1344 1166 1762 1238 δεισιδαιμονίᾳο

188 1252 350 1323 νόμοι
380 1254 649 1324 δαιμόνων
692 1255 936 1325 πολέμιοι
964 1258 1057 1311 καὶ
1084 1263 1265 1328 πάσης
1292 1258 1473 1331 ἐχθροὶ
1507 1258 1764 1312 πολυθέου

190 1344 404 1415 πλάνης
429 1360 444 1373 ⁸
475 1345 627 1415 νόμοι
662 1345 902 1410 Σκυθῶν,
932 1349 1027 1402 καὶ
1058 1348 1302 1419 Περσῶν,
1337 1349 1429 1402 καὶ
1457 1348 1563 1402 τῶν
1594 1349 1767 1403 ἄλλων

189 1432 485 1507 βαρϐάρων
515 1439 893 1510 σωφρονισταὶ,
926 1441 1313 1513 ἀποτρεπτικοί
1352 1458 1414 1493 τε
1455 1441 1637 1512 πάσης
1672 1443 1765 1494 ἐκ-

188 1526 402 1599 θέσμου
435 1532 526 1582 καὶ
552 1530 848 1602 θηριώδους
869 1533 1079 1605 διαίτης
1102 1551 1115 1563 ·
1153 1534 1305 1605 νόμοι
1339 1533 1448 1586 τῶν
1480 1533 1539 1598 ἐξ
1571 1534 1765 1597 αἰῶνος

189 1621 327 1692 παρ’
357 1622 537 1685 αὐτοῖς
571 1622 825 1693 Ἕλλησιν
857 1624 992 1678 ἐθῶν
1041 1626 1448 1696 ἀνατρεπτικοί,
1483 1624 1677 1694 καινῆς
1708 1624 1765 1677 δὲ

192 1713 287 1765 καὶ
318 1711 550 1782 ἀληθοῦς
592 1713 869 1779 εὐσεϐείας
915 1716 1351 1785 καταγγελτικοί.
1394 1717 1459 1770 Τί
1498 1717 1633 1789 δῆτα
1674 1713 1766 1771 οὖν

189 1808 303 1870 τοῖς
336 1806 503 1861 πάλαι
534 1808 691 1878 γόησι
729 1808 831 1880 πρὸ
863 1808 970 1861 τῶν
999 1808 1090 1862 τοῦ
1128 1810 1299 1880 Ἰησοῦ
1346 1810 1569 1880 χρόνων,
1597 1810 1629 1879 ἢ
1672 1811 1765 1862 καὶ

193 1897 334 1967 μετὰ
361 1898 533 1951 ταῦτα
555 1898 812 1963 τοιοῦτον,
836 1899 868 1969 ἦ
892 1900 985 1951 καὶ
1012 1898 1389 1969 παραπλήσιον
1415 1897 1761 1968 τετόλμηται,

189 1991 265 2053 ὡς
290 1990 516 2053 εἰκότως
549 1991 712 2059 φάναι
745 1991 905 2044 αὑτὸν
945 1991 1072 2061 παρ’
1111 1991 1312 2061 ἐτέρων
1336 1990 1648 2060 ὠφελῆσθαι
1694 1990 1763 2043 τὰ

188 2083 288 2152 τῆς
312 2085 600 2154 γοητείας;
643 2085 705 2137 El
737 2085 780 2137 δ’
823 2085 1009 2138 οὐδένα
1039 2086 1101 2139 ἄν
1134 2101 1216 2146 τις
1258 2084 1370 2153 ἔχοι
1411 2082 1587 2151 λέγειν
1617 2082 1763 2153 αύτῷ

189 2176 473 2244 γεγονέναι
518 2178 701 2247 ὅμοιον
739 2177 948 2247 (οὐδεὶς
984 2176 1091 2248 γάρ
1130 2173 1197 2247 ῆν
1256 2174 1406 2246 αὐτῴ
1449 2175 1619 2238 αἴτιος
1663 2176 1763 2246 τῆς

189 2268 459 2340 τοσαύτης
490 2269 690 2339 ἀρετῆς
713 2270 754 2339 ),
789 2269 905 2340 ὥρα
953 2269 1241 2341 τοιγαροῦν
1278 2269 1557 2340 ὁμολογεῖν
1607 2270 1761 2341 ξένην

189 2359 435 2415 τινὰκαὶ
464 2361 614 2414 θείαν
640 2362 797 2429 φύσιν
825 2362 1276 2433 ἐπιδεδημηκέναι
1297 2360 1374 2431 τῷ
1413 2361 1531 2431 βίῳ,
1623 2363 1760 2434 μόνῃ

190 2454 285 2505 καὶ
322 2451 514 2525 πρώτη
544 2453 613 2505 τὰ
654 2452 1012 2523 μηδεπώποτε
1048 2454 1176 2525 παρ’
1216 2452 1521 2524 ἀνθρώποις
1557 2471 1763 2524 μνημο-

168 2542 447 2595 ’νευθέντα
465 2541 840 2615 κατώρθωται.
870 2543 1027 2598 Ἀλλὰ
1057 2545 1148 2599 καὶ
1166 2544 1339 2599 ταῦτα
1365 2546 1463 2616 μὲν
1488 2539 1589 2599 ὧδε
1613 2545 1763 2609 τέλος

188 2633 382 2702 ἐχέτω.

1872 427 2037 480 minis
2100 435 2349 481 naturam
2400 426 2656 497 eﬂ‘ugiat?
2691 427 2931 483 Decretis
2983 444 3111 484 vero
3143 438 3196 483 et
3231 445 3441 501 regum,

1870 525 1923 572 et
1961 533 2147 571 eorum
2200 519 2290 588 qui
2338 520 2482 590 leges
2534 519 2746 589 priscas
2784 520 3145 583 condiderint,
3180 528 3234 575 et
3268 522 3445 592 philo-

1870 610 2187 679 sophorum,
2222 619 2275 665 et
2304 618 2607 678 poetarum,
2638 618 2691 665 et
2724 610 3095 681 theologorum
3141 613 3443 667 contrarias

1871 702 2014 771 leges
2045 717 2262 770 ponere,
2292 718 2413 772 quin
2433 703 2853 757 simulacrorum
2876 704 3079 758 cultum
3102 713 3440 776 oppugnent,

1870 809 2096 864 quaeque
2131 796 2274 865 quod
2306 796 2495 850 volunt
2523 796 2825 863 obtineant,
2856 786 3185 867 easdemque
3215 798 3443 869 inexpu-

1869 886 2133 956 gnabiles.
2162 895 2215 940 et
2245 886 2476 942 invictas
2508 887 2563 941 in
2594 895 2915 957 perpetuum
2944 888 3445 960 constituere,quis

1869 994 1932 1034 ex
1973 980 2226 1035 omnibus
2277 982 2369 1050 qui
2416 996 2655 1051 unquam
2707 980 2928 1041 fuerint,
2960 981 3324 1053 prmstigiator
3350 998 3444 1037 co-

1868 1072 2093 1145 gitavit?
2122 1074 2188 1126 At
2237 1073 2382 1129 enim
2437 1072 2687 1127 Salvator
2719 1088 2783 1128 ac
2826 1073 3089 1128 Dominus
3121 1082 3305 1130 noster
3333 1091 3443 1131 non

1869 1165 1950 1222 sic
1984 1164 2201 1235 quidem
2244 1165 2502 1235 cogitavit
2531 1165 2655 1226 hoc,
2692 1175 2750 1218 ut
2774 1173 2963 1235 postea
2995 1166 3213 1235 aggredi
3238 1181 3346 1221 non
3373 1168 3444 1224 sit

1870 1272 2069 1323 ausus;
2103 1272 2279 1325 neque
2307 1271 2434 1310 vero
2463 1257 2543 1311 sic
2572 1271 2862 1326 aggressus
2891 1265 2994 1323 est,
3022 1267 3080 1311 ut
3118 1266 3305 1327 postea
3331 1275 3441 1314 non

1869 1347 2152 1418 perfecerit
2186 1367 2198 1402 :
2230 1346 2326 1403 sed
2354 1363 2464 1402 uno
2491 1349 2658 1404 verbo
2689 1364 2904 1419 unaque
2936 1364 3065 1403 voce
3110 1364 3233 1403 cum
3269 1350 3442 1407 dixis-

1868 1449 1952 1494 set
2009 1439 2075 1494 ad
2137 1454 2268 1494 suos
2330 1438 2681 1509 discipulos:
2723 1439 2879 1509 132
2938 1458 2956 1491 ι
3012 1438 3108 1504 Ite,
3174 1441 3446 1497 instituite

1867 1547 2057 1586 onmes
2083 1538 2271 1601 gentes
2312 1531 2368 1585 in
2410 1532 2628 1587 nomine
2679 1548 2820 1599 meo,
2865 1532 3125 1588 docentes
3179 1549 3274 1590 eas
3327 1550 3446 1589 ser-

1867 1636 1994 1675 vare
2018 1636 2357 1691 qumcunque
2383 1620 2634 1675 mandavi
2654 1621 2892 1686 vobis”,
2915 1642 2933 1673 ι
2956 1623 3123 1677 verbo
3138 1637 3252 1678 rem
3282 1632 3445 1695 atque

1803 1680 1841 1735 Β
1871 1680 2163 1765 eﬂicaciam
2226 1680 2427 1781 adjecit
2458 1728 2471 1763 :
2504 1719 2669 1783 atque
2703 1713 2967 1783 evestigio
3010 1713 3062 1767 in
3098 1680 3444 1784 disciplinam

1872 1801 2019 1856 venit
2074 1800 2227 1856 brevi
2285 1808 2530 1872 tempore
2567 1819 2728 1859 omne
2760 1819 2933 1875 genus
2972 1812 3025 1857 et
3052 1804 3363 1861 Graecorum
3392 1813 3448 1861 et

1870 1889 2225 1944 barbarorum
2261 1908 2275 1945 :
2308 1898 2361 1944 et
2409 1892 2555 1962 leges
2587 1894 2642 1947 in
2680 1895 3179 1950 cunctasnationes
3200 1894 3450 1951 dissemi-

1871 1991 2013 2037 nata:
2038 1990 2185 2048 sunt,
2215 1985 2454 2054 antiquae
2468 1987 2846 2056 superstitioni
2869 1988 3223 2044 adversantes
3255 2006 3269 2043 :
3300 1988 3446 2063 leges

1869 2076 2174 2132 daemonum
2217 2079 2661 2150 oppugnatrices,
2715 2088 2770 2135 et
2816 2082 2996 2136 omnis
3040 2081 3095 2135 in
3145 2082 3444 2137 multorum

1868 2167 2093 2222 deorum
2127 2170 2277 2224 cultu
2317 2171 2522 2224 erroris
2556 2170 2791 2225 inimicae
2819 2189 2831 2224 :
2861 2171 3007 2241 leges
3039 2170 3368 2243 Scytharum
3393 2179 3447 2228 et

1867 2259 2157 2316 Persarum
2187 2268 2241 2316 et
2269 2262 2502 2317 aliorum
2553 2262 2909 2317 barbarorum
2950 2263 3360 2328 moderatrices,
3392 2272 3446 2318 et

1867 2369 1987 2423 qua:
2030 2354 2410 2409 damnaverint
2460 2369 2674 2408 omnem
2732 2355 2800 2410 ab
2829 2356 2977 2410 omni
3031 2356 3155 2425 jure
3206 2355 3444 2411 alierum

1868 2459 1931 2500 ac
1959 2445 2192 2501 ferinum
2222 2446 2424 2499 victum
2452 2464 2464 2498 :
2492 2446 2639 2514 leges
2684 2462 2806 2516 quae
2845 2447 3140 2503 everterint
3186 2461 3446 2516 quaecun-

1867 2555 1974 2611 que
2022 2539 2272 2594 instituta
2322 2537 2613 2593 habuerint
2668 2538 2841 2594 Graeci
2894 2540 2963 2593 ab
3013 2540 3169 2595 initio
3217 2540 3441 2595 humani

1872 2631 2126 2705 generis,
2178 2638 2233 2688 et
2288 2646 2487 2687 novam
2539 2646 2833 2702 veramque
2897 2632 3149 2702 pietatem
3218 2631 3440 2687 induxeo

190 2727 325 2782 rint.
360 2728 470 2783 Cur
524 2729 690 2801 igitur
752 2733 991 2803 antiquis
1043 2731 1532 2802 praastigiatoribus
1594 2739 1719 2784 ante
1747 2728 1877 2784 Jesu
1908 2736 2174 2798 tempora,
2230 2733 2325 2781 aut
2374 2725 2536 2781 etiam
2584 2733 2728 2795 post,
2790 2724 2924 2779 nihil
2983 2725 3090 2780 tale
3128 2730 3221 2779 aut
3266 2724 3442 2779 simile

189 2820 490 2890 inemptum
519 2833 622 2886 est,
663 2830 721 2876 ut
750 2824 1107 2893 probabiliter
1137 2822 1404 2877 afﬁrmare
1442 2821 1738 2892 possimus,
1760 2821 1914 2875 illum
1947 2820 2016 2874 ab
2046 2819 2166 2874 aliis
2203 2819 2257 2873 in
2293 2820 2359 2875 iis
2413 2836 2534 2890 qua:
2596 2818 2662 2873 ad
2695 2818 2995 2889 prrestigias
3034 2818 3306 2889 pertinent
3346 2818 3440 2872 ad-

183 2911 370 2980 jutum
409 2913 614 2968 fuisse?
655 2915 809 2981 Quod
842 2917 887 2971 si
953 2930 1111 2970 nemo
1168 2914 1246 2969 illi
1313 2914 1543 2969 similem
1575 2912 1883 2982 quempiam
1913 2909 2157 2981 proferre
2187 2912 2361 2981 possit
2394 2911 2600 2980 (nullus
2638 2911 2781 2966 enim
2814 2910 2890 2964 illi
2914 2920 3077 2965 tanta:
3107 2921 3298 2966 auctor
3325 2911 3435 2966 vir-

192 3005 378 3075 tutis),
408 3006 519 3073 jam
550 3024 678 3077 ergo
722 3008 997 3063 fatendum
1028 3009 1119 3073 sit,
1174 3008 1487 3063 inusitatam
1536 3004 1827 3076 quamdam
1871 3003 2220 3073 divinamque
2269 3012 2520 3058 naturam
2578 3005 2719 3059 inter
2779 3003 3028 3059 homines
3076 3018 3197 3057 esse
3244 3019 3430 3059 versa—

181 3102 331 3159 tam,
405 3110 523 3164 qua:
579 3096 691 3151 sola
731 3105 785 3152 et
824 3098 997 3167 prima
1028 3112 1091 3152 ea
1125 3112 1245 3167 quae
1292 3110 1572 3166 nunquam
1615 3094 1869 3149 humanis
1922 3094 2149 3149 auribus
2211 3094 2397 3149 audita
2436 3096 2566 3161 sint,
2603 3094 2909 3166 perfecerit.
2949 3095 3013 3149 Et
3063 3094 3177 3151 htec
3223 3096 3439 3166 quidem

184 3188 485 3243 hactenus.
1584 3209 1614 3238 ο

264 3279 438 3333 Πάλιν
466 3279 521 3333 δὲ
551 3281 639 3334 ἐπὶ
666 3280 752 3334 τὸν
781 3281 845 3334 δι’
870 3282 1117 3347 ἐναντίας
1154 3284 1312 3348 ἰτέον,
1344 3284 1644 3355 ἐρωτητέον
1675 3302 1753 3350 τε,

1931 3283 2085 3339 Nunc
2137 3299 2331 3340 rursus
2392 3285 2784 3340 contradicenti
2849 3287 3163 3343 adversario
3224 3287 3438 3342 obviam

184 3377 377 3429 εἴποτε
405 3376 695 3447 ὀςρθαλμοῖς
724 3374 883 3442 οἶδεν,
920 3378 952 3450 ἦ
992 3381 1126 3451 ἀκοῇ
1158 3380 1298 3449 ἔγνω
1334 3382 1536 3452 γόητάς
1577 3400 1635 3435 τε
1666 3382 1759 3436 καὶ

185 3468 518 3539 φαρμακέας
544 3468 665 3539 δίχα
694 3470 930 3524 σπονδῶν
958 3473 1049 3525 καὶ
1088 3472 1339 3544 θυμάτων
1374 3475 1467 3528 καὶ
1494 3475 1760 3546 δαιμόνων

186 3561 530 3632 ἐπικλήσεως
560 3579 618 3615 τε
643 3562 736 3615 καὶ
766 3566 1064 3635 παρουσίας
1096 3565 1468 3637 γοητεύοντας.
1489 3569 1633 3639 Μήτι
1666 3563 1758 3621 οῦν

186 3655 281 3707 καὶ
333 3653 477 3706 κατὰ
528 3654 620 3707 τοῦ
662 3655 911 3727 Σωτῆρος
955 3657 1132 3727 ἡμῶν,
1182 3658 1215 3729 ἦ
1260 3659 1399 3713 κατὰ
1446 3659 1552 3713 τῶν
1594 3661 1756 3714 αὐτοῦ

186 3745 437 3816 λόγων,ῆ
471 3744 611 3797 κατὰ
640 3745 748 3798 τῶν
789 3747 956 3799 εἰσέτι
996 3746 1090 3801 νῦν
1125 3745 1427 3819 ζηλούντων
1467 3751 1559 3803 τὸν
1591 3750 1755 3805 αὐτοῦ

188 3835 320 3903 βίον,
350 3836 462 3905 ἔχει
496 3853 579 3898 τις
603 3835 855 3907 τοιαύτην
882 3837 1163 3909 ἐπιφέρειν
1196 3839 1476 3912 διαϐολήνς
1505 3842 1639 3913 Οὐχὶ
1665 3845 1757 3897 καὶ

187 3928 371 3997 λωφλῴ
401 3928 576 3997 δῆλον,
605 3926 680 3991 ὡς
717 3929 824 3981 πᾶν
851 3929 1153 3982 τούναντίον
1183 3929 1391 3994 τούτοις
1411 3934 1566 4003 ἡμεῖς
1601 3935 1648 3986 οἱ
1689 3935 1757 3989 τὰ

197 4020 372 4093 Ἰησοῦ
412 4021 730 4091 φρονοῦντες
760 4022 1165 4094 ἐπιτηδεύομεν,
1198 4024 1389 4078 θᾶττον
1423 4027 1519 4096 μὲν
1546 4026 1756 4098 θανάτῳ

186 4113 279 4184 τὴν
325 4113 509 4184 ψυχὴν
558 4112 590 4183 ἣ
627 4113 843 4186 δαίμοσι
876 4113 1065 4167 θυσίαν
1107 4113 1367 4186 προέσθαι
1417 4115 1752 4186 τολμῶντες,

186 4205 381 4257 θᾶττον
410 4204 466 4257 δὲ
495 4206 590 4275 τῆς
615 4205 760 4277 ζωῆς
792 4205 1131 4275 ἐξιστάμενοι
1161 4208 1192 4278 ἢ
1221 4210 1331 4271 τοῖς
1356 4211 1610 4278 πονηροῖς
1643 4210 1756 4262 δαί-

187 4316 312 4368 μοσι
376 4297 705 4368 δουλωθῆναι
755 4299 1145 4369 ὑπομένοντες;
1204 4301 1299 4364 Τίς
1341 4301 1395 4353 δὲ
1451 4300 1550 4354 ούκ
1594 4297 1751 4365 οἶδεν,

181 4392 333 4454 ὅπως
379 4393 472 4444 σὺν
524 4394 656 4463 αὐτῇ
692 4394 756 4463 τῇ
799 4392 893 4445 τοῦ
923 4392 1097 4463 Ἰησοῦ
1144 4393 1485 4464 προσηγορίᾳ
1527 4395 1618 4446 καὶ
1658 4395 1752 4446 σὺν

180 4484 375 4554 εὐχαῖς
421 4485 830 4556 καθαρωτάταις
862 4487 969 4537 πᾶν
1012 4485 1073 4538 τὸ
1102 4486 1372 4556 δαιμόνων
1413 4485 1571 4556 ἔργον
1617 4487 1752 4539 άπε-

179 4577 401 4631 λαύνειν
436 4582 567 4648 ἡμῖν
604 4578 755 4647 φίλον
787 4578 966 4640 ἐστίν;
1003 4570 1169 4640 Οὗτος
1200 4580 1228 4630 ό
1266 4578 1361 4631 τοῦ
1396 4577 1569 4649 Ἰησοῦ
1600 4578 1753 4645 λόγος

182 4675 276 4726 καὶ
329 4674 363 4741 ἡ
401 4673 527 4743 παρ’
561 4672 745 4732 αὐτοῦ,
774 4671 1087 4724 διδασκαλία
1135 4671 1268 4724 πολὺ
1325 4671 1602 4742 κρείττους
1651 4670 1751 4739 τῆς

181 4767 415 4838 ἀοράτου
479 4764 1014 4835 ταύτηςνδυνάμεως
1078 4765 1285 4826 πάντας
1344 4766 1492 4834 ἡμᾶς
1558 4764 1748 4834 ἀπειρ-

181 4860 422 4926 γάσατο,
451 4855 673 4929 ἐχθρούς
720 4873 780 4908 τε
819 4855 1085 4926 δαιμόνων
1136 4856 1230 4908 καὶ
1281 4854 1602 4924 πολεμίους,
1637 4854 1748 4907 ἀλλ’

180 4952 240 5002 ού
272 4950 481 5019 φίλους,
545 4948 665 5002 οὐδὲ
718 4949 1000 5020 συνήθεις,
1069 4947 1263 5000 πολλοῦ
1321 4946 1402 4999 δεῖ
1478 4947 1751 5017 ὑπηκόους

181 5045 274 5097 καὶ
326 5043 668 5113 ὑποχειρίους
701 5038 839 5096 εἶναι
890 5040 1310 5113 παρεσκεύασεν.
1363 5041 1420 5092 Ὀ
1478 5039 1541 5109 δὴ
1574 5038 1749 5091 τοιού-

177 5154 301 5199 τους
327 5138 476 5205 ἡμᾶς
520 5134 870 5205 προαγαγὼν,
920 5133 1035 5196 πῶς
1090 5131 1154 5185 ἂν
1201 5131 1360 5195 αὐτὸς
1400 5129 1581 5193 δοῦλος
1628 5133 1749 5199 ἐγε-

179 5230 327 5297 γόνει
376 5227 679 5297 δαιμόνων;
744 5227 859 5291 πῶς
906 5227 951 5278 δ’
1006 5225 1071 5279 ἂν
1114 5227 1225 5287 τοῖς
1284 5225 1537 5294 πονηροῖς
1586 5223 1747 5275 πνεύ-

182 5338 347 5392 μασιν
396 5321 619 5385 ἕθυσενς
662 5320 695 5391 ἢ
734 5319 848 5382 πῶς
897 5318 1123 5390 βοηθοὺς
1180 5317 1437 5387 δαίμονας
1486 5315 1749 5368 ἐπεκαλέ-

180 5433 310 5469 σατο
360 5418 417 5467 ἐν
470 5417 589 5477 ταῖς
628 5413 1126 5485 παραδοξοποιίαις,
1160 5412 1318 5465 ὁπότε
1367 5412 1531 5464 εἰσέτι
1594 5410 1751 5482 δεῦρο

180 5494 527 5578 πᾶς’δαίμων
568 5509 661 5560 καί
706 5509 811 5559 πᾶν
842 5505 1148 5576 ἀκάθαρτον
1193 5504 1429 5575 πνεῦμα,
1461 5504 1535 5568 ὥς
1561 5522 1611 5558 τι
1644 5503 1750 5557 τῶν

246 5671 291 5702 ⁸ο
353 5666 545 5722 Matth.
588 5680 778 5729 xxvm,
806 5662 994 5724 19,20.

378 5766 647 5824 ΡΑτιιοι..
697 5761 813 5821 Gn.
862 5758 1067 5821 XXII.

1785 4645 1827 4700 D

1862 3376 2124 3439 eundum,
2145 3375 2299 3446 isque
2328 3377 2747 3447 interrogandus
2775 3398 2786 3431 :
2810 3380 3091 3448 ecquando
3122 3380 3236 3435 suis
3262 3386 3434 3442 oculis

1860 3468 2054 3522 viderit
2088 3469 2381 3523 auribusve
2428 3469 2753 3539 perceperit,
2786 3472 3210 3543 prmstigiatores
3240 3489 3303 3528 ac
3333 3490 3427 3528 vc-

1860 3562 2064 3618 Ieficos
2122 3562 2391 3627 homines,
2443 3563 2561 3617 sine
2611 3564 2961 3619 liliatiouibus
3012 3577 3064 3620 et
3112 3568 3423 3625 sacriﬁciis.

1860 3656 2270 3725 dtemonumque
2304 3656 2647 3709 invocatione
2701 3669 2766 3709 ac
2796 3659 3105 3725 praesentia,
3137 3660 3435 3729 quidquam

1859 3749 2149 3819 operatos?
2190 3746 2441 3818 Nunquid
2501 3748 2666 3819 igitur
2710 3755 2803 3802 aut
2849 3755 3045 3801 contra
3101 3747 3439 3803 Salvatorem

1858 3851 2127 3907 nostrum,
2182 3848 2276 3895 aut
2329 3847 2523 3894 contra
2582 3841 2729 3895 illius
2779 3850 3072 3910 praecepta,
3122 3850 3216 3894 aut
3272 3841 3436 3896 etiam

1858 3941 2047 3986 contra
2075 3947 2169 3988 eos
2202 3932 2294 4003 qui
2324 3931 2485 3986 hodie
2514 3946 2731 4002 quoque
2761 3932 2909 3985 illius
2934 3932 3101 3986 vitam
3130 3932 3433 3993 imitantur,

1857 4025 2030 4094 possit
2061 4024 2257 4094 aliquis
2290 4024 2450 4079 talem
2480 4024 2692 4093 jactare
2727 4024 3094 4078 calumniam?
3131 4022 3322 4080 Nonne
3362 4029 3442 4081 vel

1857 4118 2160 4172 czecutienti
2187 4116 2536 4187 perspicuum
2570 4132 2668 4171 nos
2701 4119 3013 4187 quicunque
3042 4115 3230 4172 Jesum
3261 4127 3437 4174 secta-

1856 4226 1999 4278 mur,
2041 4210 2160 4266 istis
2217 4211 2375 4280 plane
2428 4212 2703 4264 coutraria
2763 4212 2946 4265 omnia
2997 4213 3211 4282 operari
3273 4221 3436 4283 atque

1856 4304 2129 4373 amplecti,
2162 4310 2215 4358 et
2248 4304 2411 4359 citius
2440 4302 2550 4374 pati
2588 4310 2647 4357 ut
2689 4303 2850 4356 morti
2881 4304 3141 4368 animam,
3176 4320 3337 4375 quam
3376 4315 3436 4357 ut

1855 4394 2192 4449 dietnonihus
2216 4395 2544 4449 sacrificium
2567 4393 2861 4449 olTeramus
2892 4414 2905 4448 ε
2938 4395 3101 4449 citius
3122 4412 3250 4449 vero
3276 4399 3436 4451 susti-

1856 4506 1985 4545 nere
2013 4489 2079 4543 de
2111 4489 2220 4542 vita
2251 4489 2537 4551 excedere,
2564 4504 2726 4559 quam
2762 4488 2950 4558 pravis
2993 4487 3331 4545 daemonibus
3380 4492 3431 4544 in

1857 4581 2170 4634 servitutem
2221 4578 2371 4632 dari?
2413 4578 2547 4645 Quis
2598 4587 2776 4633 autem
2821 4580 3036 4649 ignorat
3081 4588 3283 4635 nostrm
3314 4597 3435 4636 esse

1857 4673 2293 4736 consuetudinis,
2319 4672 2437 4742 ipso
2459 4670 2586 4727 Jesu
2621 4671 2862 4732 nomine,
2886 4679 2941 4724 et
2976 4672 3287 4740 purissimis
3312 4686 3434 4741 pre-

1857 4768 2038 4830 cibus,
2090 4780 2307 4821 omnem
2350 4764 2656 4819 dmmonum
2681 4763 3023 4817 vexationem
3068 4760 3431 4832 abigere?Sic

1858 4859 2030 4930 ipsius
2077 4856 2206 4913 Iesu
2273 4854 2521 4923 verbum,
2577 4856 2933 4927 ejusdemque
2992 4854 3262 4920 doctrina,
3322 4854 3432 4907 isto

1860 4950 2143 5021 potestatis
2199 4947 2457 5003 invisibili
2507 4962 2725 5017 genere,
2761 4954 2820 4999 ut
2870 4960 3061 5000 omnes
3114 4959 3217 4998 nos
3273 4944 3431 5013 longe

1857 5042 2188 5113 potentiores
2252 5055 2532 5103 essemus,
2599 5037 2810 5103 effecit,
2877 5037 3187 5091 daemonum
3243 5036 3431 5105 utique

1859 5135 2046 5190 hostes
2102 5144 2265 5205 atque
2332 5134 2601 5197 inimicos,
2654 5147 2764 5185 non
2824 5137 3005 5184 autem
3073 5130 3281 5183 amicos
3336 5136 3429 5182 aut

1858 5226 2153 5284 familiares
2238 5243 2339 5283 nos
2414 5227 2685 5292 reddens;
2756 5233 2962 5294 quanto
3042 5238 3174 5294 ergo
3250 5224 3431 5278 minus

1856 5336 2045 5375 eorum
2095 5320 2242 5374 dicto
2294 5320 2598 5385 audientes,
2621 5326 2716 5374 aut
2754 5317 3033 5386 subjectos
3074 5315 3433 5384 comparavit?

1863 5410 2018 5481 133
2051 5410 2153 5476 Qui
2185 5410 2351 5480 igitur
2378 5426 2480 5466 nos
2523 5410 2663 5467 tales
2694 5407 2975 5481 produxit,
2998 5407 3090 5477 qui
3114 5406 3228 5459 fieri
3256 5416 3433 5477 potest

1861 5511 1918 5556 ut
1954 5504 2068 5573 ipse
2110 5502 2453 5559 «temonibus
2508 5500 2676 5561 fuerit
2727 5499 3018 5556 addictus?
3065 5498 3239 5563 Quam
3272 5513 3438 5570 porro

3108 5747 3157 5811 8
