3914 6198
476 240 592 301 255
1114 241 1383 299 EUSEBII
1418 243 1893 305 C/ESARIENSIS
1937 247 2085 305 OPP.
2132 248 2333 308 PARS.
2375 252 2443 308 ll.
2483 283 2551 296 -—
2592 251 3080 312 APOLOGETICA.
3612 254 3714 311 2'56

480 355 741 413 credibile
771 355 843 412 sit
870 354 1044 419 illum,
1091 363 1186 410 aut
1237 357 1502 428 improbis
1554 361 1840 430 spiritibus
1888 378 2028 419 sacr:

2148 368 2483 422 κολαστικῶν
2524 371 2615 425 καὶ
2661 369 3056 442 βασανιστικῶν
3106 368 3203 440 τῆς
3245 367 3448 432 οἰκείας
3478 366 3713 438 φύσεως,

481 450 697 512 fecisse,
735 455 827 502 aut
881 447 1155 502 daemonas
1212 448 1278 502 ad
1334 450 1595 505 auxilium
1637 468 1881 518 vocasse,
1912 456 2039 510 dum

478 543 740 598 miracula
765 539 968 602 ederet,
997 542 1217 611 quando
1269 542 1429 598 hodie
1475 560 1693 616 quoque
1724 548 1904 604 omnis
1935 550 2043 604 dae-

478 649 630 698 mon,
661 633 952 704 omnisque
994 634 1240 704 impurus
1270 637 1523 707 spiritus,
1560 640 1634 692 ita
1671 637 1800 694 Jesn
1844 656 2041 731 nomen

474 727 753 789 exhorret,
789 734 849 780 ut
872 742 1039 781 unum
1076 727 1279 798 aliquid
1309 744 1499 784 eorum
1527 746 1648 799 qua:
1677 730 1852 801 ipsius
1880 727 2039 787 natu-

475 833 590 875 ram
624 819 923 891 castigandi
957 834 1020 874 ac
1051 822 1340 904 terguendi
1390 823 1498 877 vim
1535 822 1791 886 habeant,
1838 824 2040 881 aufert-

473 925 583 983 que
613 926 673 967 se
702 911 871 977 illico,
895 920 951 967 et
980 913 1232 969 concedit
1259 932 1274 969 :
1304 922 1512 969 tantam
1542 917 1715 971 sentit
1747 918 1895 974 illius
1945 934 2041 974 no-

474 1001 637 1057 minis
671 1003 799 1056 vim.
836 1000 928 1058 Sic
949 1019 1082 1058 sane
1105 1004 1234 1059 olim
1267 1020 1506 1076 quoque,
1531 1022 1656 1062 cum
1686 1010 1831 1064 inter
1863 1010 2039 1066 homi—

472 1108 573 1150 nes
617 1093 854 1166 degeret,
903 1111 1010 1151 non
1044 1094 1282 1152 ferentes
1313 1098 1461 1153 illius
1494 1102 1863 1169 praesentiam,
1896 1103 2037 1159 alius

472 1186 711 1249 aliunde,
742 1188 1094 1244 clamabant:
1140 1207 1159 1240 ι
1201 1190 1332 1261 Age,
1360 1192 1490 1260 quid
1515 1193 1673 1249 nobis
1691 1201 1746 1248 et
1768 1194 1884 1259 tibi,
1905 1194 2035 1251 Jesu

469 1271 572 1331 Fili
596 1275 724 1333 Dei?
754 1278 947 1333 venisti
974 1287 1100 1332 ante
1135 1287 1347 1349 tempus
1365 1288 1619 1353 torquere
1641 1299 1742 1340 nos
1767 1285 1809 1316 ³¹
1837 1286 1860 1339 ?
1900 1305 1918 1339 ι
1944 1285 2038 1340 Vir

471 1375 652 1424 autem
689 1368 980 1439 praestigiis
1007 1384 1235 1439 prorsus
1264 1371 1531 1438 intentus,
1556 1380 1612 1427 et
1652 1376 1810 1444 plane
1842 1376 2035 1447 despe-

470 1461 605 1516 ratis
634 1460 802 1516 rebus
829 1476 991 1516 omne
1018 1477 1177 1518 suum
1205 1464 1446 1519 studium
1479 1465 1823 1536 impendens,
1856 1484 2036 1525 nonne

469 1552 553 1607 vel
582 1552 900 1623 imprudens
937 1555 1053 1625 ipse
1095 1554 1163 1610 de
1204 1557 1386 1627 seipse
1416 1557 1621 1612 indicio
1652 1559 1743 1624 sit,
1772 1563 1916 1631 quod
1948 1562 2036 1616 in-

450 1642 648 1701 fandis
695 1645 962 1711 moribus,
1013 1646 1157 1717 quod
1210 1649 1495 1713 scelestus,
1544 1650 1689 1720 quod
1740 1653 2031 1718 obscenus,

466 1736 612 1807 quod
645 1737 892 1809 religioni
934 1740 1211 1805 inimicus,
1248 1742 1393 1812 quod
1426 1743 1686 1814 injustus,
1734 1746 1880 1815 quod
1940 1747 2038 1800 im-

446 1828 625 1899 ,υἱιιεῖ
656 1828 758 1897 Qui
790 1846 921 1886 vero
947 1833 1071 1889 talis
1103 1833 1195 1900 sit,
1238 1835 1382 1889 unde
1403 1844 1497 1889 aut
1514 1836 1797 1906 quomodo
1825 1852 1888 1892 ea
1912 1853 2035 1907 qua:

465 1920 536 1976 ad
582 1921 900 1993 religionem
936 1925 1229 1993 pertinent,
1283 1927 1425 1983 alios
1472 1929 1701 1985 doceat?
1750 1928 2035 1996 Quomodo

467 2013 595 2071 item
637 2029 760 2086 quae
799 2015 868 2069 ad
915 2017 1356 2087 temperantiam,
1388 2035 1510 2090 qua:
1540 2020 1609 2075 ad
1639 2020 1734 2075 Dei
1766 2020 2035 2091 cognitio-

464 2120 612 2174 nem,
668 2122 792 2178 quae
839 2110 908 2165 ad
940 2109 1184 2165 divinum
1221 2110 1396 2167 forum
1436 2126 1501 2167 ac
1533 2112 1804 2182 judicium
1834 2113 2033 2168 summi

444 2196 599 2255 ~Dei?
622 2198 816 2255 Nonne
842 2200 928 2257 his
952 2202 1209 2259 omnibus
1236 2204 1512 2259 contraria
1537 2204 1722 2274 potius
1750 2219 2027 2260 commen-

456 2288 554 2344 det
581 2303 648 2345 ac
685 2289 959 2360 praeferat,
1006 2308 1120 2348 suae
1160 2294 1335 2364 ipsius
1386 2294 1639 2365 nequitiae
1667 2304 2030 2355 consentanea

440 2382 826 2452 .penpetrans?
856 2381 1046 2440 Nonne
1077 2385 1267 2448 Deum,
1308 2385 1512 2457 Deique
1541 2386 1937 2457 providentiam
1967 2402 2031 2444 ac

465 2473 557 2529 Dei
580 2474 856 2544 judicium
886 2475 1082 2546 neget?
1115 2474 1307 2531 Nonne
1347 2477 1529 2531 omnia
1566 2476 1634 2530 de
1662 2476 1885 2539 virtute,
1912 2492 2030 2531 om-

462 2568 552 2623 nia
576 2566 646 2622 de
686 2568 1102 2623 immortalitate
1135 2568 1331 2622 animae
1362 2568 1523 2622 verba
1573 2568 1840 2624 irrideat?
1871 2567 2027 2635 Quod

460 2657 525 2713 si-
538 2657 671 2729 quid
699 2658 810 2714 tale
828 2657 1000 2713 etiam
1032 2657 1087 2711 in
1121 2658 1189 2713 iis
1218 2674 1340 2727 qua:
1366 2658 1432 2713 ad
1466 2658 1803 2715 Salvatorem
1844 2659 2029 2716 Domi-

460 2754 988 2817 numquennstrum
1018 2748 1316 2818 pertinent,
1349 2748 1547 2804 intueri
1590 2749 1861 2815 licuisset,
1890 2751 2026 2806 nihil

460 2854 594 2895 sane
626 2838 821 2895 fuisset
851 2838 1167 2894 dicendum.
1205 2847 1275 2894 At
1303 2855 1431 2895 vero
1452 2855 1575 2895 cum
1601 2839 1657 2896 in
1689 2841 1920 2913 singulis
1940 2857 2027 2898 re-

459 2931 564 2987 bus
592 2937 647 2987 et
683 2930 889 2998 verbis,
918 2930 1158 2987 universi
1189 2931 1436 3004 opiﬁcem
1494 2929 1662 2987 Deum
1697 2930 1913 2989 Patrem
1940 2933 2026 2988 in-

2147 454 2241 512 τὸῦ
2270 460 2442 530 ’ἷησοῦ
2456 462 2518 515 τὸ
2539 461 2707 532 ὄνομα
2725 464 2954 534 φρίττει,
2977 460 3326 528 ὑπεξίσταταί
3346 478 3403 514 τε
3424 463 3518 515 καὶ
3539 480 3717 534 παρα-

2149 556 2315 626 χωρεῖ
2338 557 2403 627 τῇ
2445 555 2543 627 τῆς
2579 556 2946 628 προσηγορίας
2976 556 3036 608 δυ
3052 555 3231 627 δὰμει;
3268 555 3563 627 Ὠσπεροῦν
3617 557 3716 610 καὶ

2148 646 2313 701 πάλαι
2342 647 2462 700 καθ’
2486 647 2544 700 ὃν
2573 648 2830 719 ἐπεδήμει
2869 648 2947 719 τῷ
2973 647 3072 718 βίῳ
3097 647 3307 718 χρόνον,
3344 647 3417 719 μὴ
3458 646 3715 719 φέροντες

2146 736 2310 791 αὐτοῦ
2338 737 2434 810 τὴν
2464 738 2784 809 παρουσίαν,
2819 739 2975 803 ἄλλος
3017 738 3432 793 ἄλλοθενςὲϐόΨ
3461 760 3477 790 ι
3511 741 3636 804 Ἔα,
3659 739 3713 793 τί

2147 829 2274 899 ἡμῖν
2302 830 2396 882 καὶ
2423 831 2523 893 σοὶ,
2562 830 2732 901 Ἰησοῦ
2756 832 2847 884 Υἱὲ
2870 832 2961 885 τοῦ
2990 831 3122 885 θεοῦ
3149 849 3164 897 ;
3201 827 3362 903 ἦλθες
3384 833 3489 905 πρὸ
3517 831 3711 903 καιροῦ

2149 920 2435 991 βασανίσαι
2459 924 2644 994 ήμᾶς;
2685 943 2702 972 ι
2749 924 2911 995 Ἀνὴρ
2939 924 2982 977 δ’
3022 924 3158 988 ὅλως
3178 923 3399 996 γοητεία
3431 924 3711 995 προσέχων

2146 1012 2232 1065 τὸν
2254 1012 2397 1079 νοῦν,
2430 1014 2526 1068 καί¹
2564 1018 2777 1077 πάντως
2807 1014 2871 1083 γὲ
2894 1031 2997 1067 που
3025 1012 3415 1085 ἀπειρημένοις
3451 1012 3710 1084 πράγμα-

2146 1120 2228 1157 σιν
2269 1106 2552 1178 ἐγχειρῶν,
2607 1104 2695 1179 ἆρ’
2731 1107 2829 1160 οὐκ
2868 1105 2933 1159 ἂν
2966 1105 3052 1175 εἴη
3075 1104 3233 1175 δῆλος
3269 1104 3478 1167 ἀνόσιος
3510 1102 3587 1156 ῶν
3615 1102 3711 1155 τὸν

2142 1197 2361 1267 τρόπον,
2411 1199 2503 1251 καὶ⁸
2559 1200 2771 1272 μιαρὸς,
2841 1200 2936 1252 καὶ
2989 1197 3229 1270 αἰσχρὸς,
3278 1198 3372 1251 καὶ
3406 1196 3581 1263 ἄθεος,
3614 1197 3712 1250 καὶ

2143 1287 2372 1359 ἀσεϐής;
2406 1289 2653 1355 Τοιοῦτος
2682 1289 2738 1342 δὲ
2762 1288 2858 1352 ὢν,
2888 1289 3048 1342 πόθεν
3084 1290 3117 1360 ἢ
3149 1288 3266 1352 πῶς
3291 1286 3363 1341 τὰ
3382 1289 3515 1359 περὶ
3552 1287 3705 1340 εύσεο

2143 1375 2289 1440 ϐείας
2334 1377 2562 1445 διδάξειν
2624 1379 2864 1450 ἑτέρους,
2926 1378 2960 1447 ἢ
2993 1379 3059 1431 τέι
3094 1379 3223 1450 ’περὶ¹
3264 1375 3635 1449 σωφροσύνης,
3669 1377 3707 1448 ἢ

2142 1469 2209 1524 τὰ
2238 1472 2365 1543 περὶ
2396 1472 2529 1526 Θεοῦ
2562 1473 2832 1541 γνώσεως,
2859 1473 2892 1543 ἢ
2922 1471 2989 1525 τὰ
3023 1472 3150 1543 περὶ
3201 1470 3581 1541 δικαιωτηρίου
3609 1469 3709 1523 καὶ

2148 1564 2383 1633 κρίσεως
2419 1563 2512 1617 τοῦ
2554 1566 2646 1618 ἐπὶ
2698 1564 2913 1619 πάντων
2945 1561 3112 1629 Θεοῦ;
3139 1564 3272 1634 Οὐχὶ
3304 1562 3508 1616 τούτων
3530 1561 3710 1616 ἀπάν-

2139 1671 2246 1706 των
2266 1653 2333 1707 τὰ
2349 1656 2563 1711 ἐναντία
2591 1654 2901 1728 πρεσϐεύει,
2927 1654 3193 1709 ἀκόλουθα
3218 1657 3285 1726 τῇ
3314 1652 3475 1707 αὐτοῦ
3494 1652 3707 1725 μοχθη-

2137 1744 2228 1815 ρίᾳ
2261 1745 2546 1815 πράττων;
2574 1749 2665 1800 καὶ
2684 1745 2814 1800 θεὸν
2836 1747 2931 1818 μὲν
2959 1747 3271 1819 ἀρνήσεται,
3305 1746 3400 1799 καὶ
3417 1743 3552 1797 Θεοῦ
3576 1743 3707 1814 πρό-

2137 1851 2283 1888 νοιαν
2308 1874 2322 1899 ,
2353 1834 2446 1888 καὶ
2473 1835 2608 1890 Θεοῦ
2636 1839 2835 1909 κρίσιν,
2858 1835 3108 1907 χλευάσει
3124 1836 3181 1889 δὲ
3202 1835 3329 1897 τοὺς
3350 1834 3477 1906 περὶ
3495 1833 3706 1905 ἀρετῆς

2135 1920 2379 1985 καὶτοὺς
2429 1923 2555 1993 περὶ
2576 1923 2754 1996 ψυχῆς
2801 1922 3094 1987 ἀθανασίας
3139 1923 3358 1993 λόγουςλ
3390 1924 3454 1977 Et
3496 1922 3597 1993 μὲν
3635 1922 3703 1994 δὴ

2130 2012 2355 2077 τοιαῦτα
2373 2031 2493 2068 τινα
2517 2010 2584 2086 ἦν
2621 2016 2747 2069 ἰδεῖν
2781 2016 2874 2070 καὶ
2902 2016 3030 2088 περὶ
3055 2015 3148 2070 τὸν
3183 2017 3410 2088 Σωτῆρα
3454 2017 3550 2070 καὶ
3582 2014 3702 2068 Κύ-

2133 2122 2244 2178 ριον
2260 2106 2435 2177 ήμῶν,
2463 2107 2614 2162 οὐδὲν
2640 2107 2705 2162 ἂν
2730 2104 2796 2180 ἦν
2821 2111 2991 2162 εἰπεῖν
3009 2125 3023 2140 ο
3056 2110 3105 2163 εί
3130 2109 3175 2163 δ’
3196 2110 3281 2180 ἐφ’
3315 2108 3528 2180 ἑκάστῳ
3559 2107 3705 2179 πρά-

2129 2204 2301 2268 γματι
2334 2201 2429 2254 καὶ
2448 2199 2591 2272 λόγῳ
2610 2202 2701 2255 τὸν
2726 2201 2942 2255 πάντων
2963 2201 3291 2273 δημιουργὸν
3321 2201 3539 2272 Πατέρα
3564 2200 3705 2254 Θεὸν

2128 2285 2561 2361 ἀνακαλούμενος
2625 2289 3039 2355 ἀποδείκνυται,
3096 2291 3190 2344 καὶ
3247 2290 3374 2354 τοὺς
3436 2290 3703 2362 φοιτητὰς

2127 2366 2396 2446 τοιούτους
2427 2379 2565 2437 εἶναι
2596 2382 3045 2454 παρασκευάζων,
3076 2384 3173 2438 καὶ
3205 2387 3254 2437 εἰ
3275 2383 3503 2455 σώφρων
3531 2382 3703 2448 αὐτὸς

2127 2472 2222 2525 καὶ
2246 2473 2536 2545 σωφρόνων
2575 2475 2748 2543 λόγων
2776 2474 3114 2540 διδάσκαλος,
3145 2476 3239 2529 καὶ⁹
3261 2477 3308 2528 εἰ
3334 2474 3558 2546 ποιητὴς
3599 2476 3704 2529 καὶ

2127 2562 2299 2635 κῆρυξ
2319 2563 2680 2634 δικαιοσύνης,
2707 2565 2800 2617 καὶ
2835 2564 3108 2635 ἀληθείας,
3138 2563 3232 2617 καὶ
3264 2562 3700 2633 φιλανθρωπίας,

2126 2653 2220 2706 καὶ
2266 2652 2466 2725 ἀρετῆς
2525 2653 2763 2723 ἁπάσης,
2809 2653 2903 2707 καὶ
2929 2651 3233 2715 θεοσεϐείας
3276 2648 3565 2721 εἰσηγητὴς
3597 2648 3701 2703 τοῦ

2126 2745 2510 2816 παμϐασιλέως
2528 2746 2662 2800 Θεοῦ
2682 2763 2697 2777 ·
2729 2745 2843 2811 πῶς
2872 2747 2970 2816 οὐχ
2997 2739 3411 2807 ἕπεταιτούτοις
3434 2742 3494 2795 τὸ
3520 2741 3703 2812 μηθὲν

2128 2836 2225 2907 μὲν
2257 2834 2505 2906 ἡγεῖσθαι
2561 2835 2701 2890 κατά
2756 2835 3008 2907 γοητείαν
3035 2836 3195 2890 αὑτὸν
3228 2834 3335 2887 τῶν
3373 2832 3700 2903 παραδόξων

2126 2928 2499 2999 πεποιηκέναι,
2551 2928 2773 3001 δυνάμει
2820 2929 2865 2983 δ’
2895 2930 3211 3002 ἀπορρήτῳ,
3243 2927 3336 2982 καὶ
3364 2927 3439 2991 ὡς
3473 2925 3701 2997 ἀληθῶς

2125 3022 2290 3094 ὲνθέῳ
2311 3023 2713 3093 συνομολογετνς
2744 3022 2881 3077 Ἀλλ’
2906 3025 2985 3088 εἰς
3012 3022 3263 3076 τοσοῦτον
3284 3022 3522 3085 ἐλαύνεις
3545 3022 3700 3093 ἀπη-

457 3038 655 3079 vocare
682 3022 900 3102 solitum
935 3030 1172 3089 constet,
1213 3024 1461 3095 talesque
1504 3038 1645 3095 quos
1692 3025 1749 3080 in
1781 3024 2026 3096 discipli-

454 3129 583 3170 nam
596 3113 903 3186 acciperet,
929 3129 1319 3185 comparasse:
1344 3129 1468 3170 cum
1497 3122 1553 3171 et
1578 3116 1691 3187 ipse
1714 3126 2022 3188 temperans

2135 3113 2289 3179 νείας,
2324 3114 2398 3178 ὡς
2430 3115 2503 3185 μὴ
2535 3115 2813 3207 λογισμοῖς
2838 3112 3099 3185 σώφροσι,
3126 3113 3298 3180 λόγων
3324 3128 3382 3164 τε
3400 3109 3701 3182 ἀκολουθίᾳ

454 3207 645 3273 fuerit,
696 3216 750 3264 et
793 3208 1085 3265 verborum
1134 3224 1255 3280 quae
1293 3208 1359 3263 ad
1394 3210 1809 3279 temperantiam
1855 3211 2023 3281 perti-

2135 3208 2410 3291 προσέχειν
2459 3204 2548 3260 τὸν
2606 3190 2765 3270 νοῦν,
2823 3206 2955 3277 μηδὲ
3014 3204 3295 3260 πείθεσθαι
3354 3207 3466 3269 τοῖς
3514 3204 3701 3258 είκόσι

454 3308 593 3357 nent.
608 3307 948 3372 praceptor:
980 3315 1105 3355 cum
1147 3310 1357 3364 auctor,
1400 3301 1833 3381 prredicatorque
1857 3301 2021 3371 justi-

2135 3296 2459 3369 τεκμηρίοις,
2510 3296 2750 3350 ὑπονοῶν
2778 3296 2918 3366 τάχα
2942 3312 3045 3349 που
3084 3296 3209 3359 τοὺς
3228 3295 3484 3364 λέγοντας
3516 3296 3693 3367 ἡμᾶς.

452 3393 564 3459 tiae,
590 3393 860 3460 veritatis,
882 3391 1267 3457 humanitatis,
1299 3393 1518 3449 virtutis
1545 3393 1811 3453 universae
1843 3414 1857 3451 :
1893 3409 2016 3449 cum

2135 3389 2291 3443 Ἀλλά
2319 3389 2381 3443 σύ
2406 3406 2467 3458 γε
2489 3390 2591 3443 κᾶν
2620 3387 2726 3441 τῶν
2761 3385 2958 3441 σαυτοῦ
2983 3387 3271 3459 δαιμόνων,
3297 3386 3473 3440 αὐτῶν
3493 3385 3558 3459 δὴ
3578 3385 3697 3439 τῶν

450 3484 734 3555 religionis
783 3484 892 3538 dux
935 3491 990 3539 et
1039 3483 1320 3554 magister,
1370 3500 1492 3556 quae
1537 3485 1784 3542 omnium
1835 3501 2014 3557 regem

2135 3481 2456 3555 (ρησμῳδών
2473 3480 2628 3545 θεῶν,
2653 3481 2836 3545 ἄκουε,
2861 3479 2940 3551 τῷ
2967 3479 3222 3552 Σωτῆριὴ
3232 3478 3347 3550 μῶν
3378 3478 3477 3549 οὐχ
3495 3477 3697 3550 ὥσπερ

450 3575 621 3634 Deum
660 3577 794 3633 colit
825 3595 838 3633 :
873 3592 974 3633 cur
996 3591 1105 3631 non
1127 3577 1216 3633 bis
1246 3586 1675 3655 consentaneum
1699 3580 1772 3636 sit
1802 3586 2015 3649 putare,

2135 3575 2182 3628 rb
2216 3574 2488 3646 γοητείαν,
2514 3572 2626 3626 ἀλλ’
2654 3572 2932 3627 εὐσέϐειαν
2955 3574 3048 3626 καὶ
3078 3563 3266 3641 σοφίαν
3292 3571 3386 3624 καὶ
3411 3573 3491 3634 είς
3515 3571 3694 3641 ούρα-

449 3668 588 3725 nihil
619 3680 810 3725 eorum
841 3684 963 3740 quze
986 3671 1041 3725 in
1081 3669 1175 3725 illo
1200 3667 1559 3735 admiramur,
1592 3671 1662 3726 ab
1687 3670 1780 3725 illo
1810 3686 1906 3741 per
1926 3670 2019 3726 do-

2135 3668 2236 3731 νοὺς
2262 3666 2446 3720 ἄνοδον
2479 3664 2915 3738 μαρτυρούντων.
2935 3664 3029 3729 Τίς
3061 3665 3105 3718 δ’
3133 3663 3198 3717 ἂν
3220 3664 3427 3733 γένοιτό
3454 3681 3535 3717 σοι
3558 3663 3695 3717 τού-

446 3759 562 3816 ιιιω
600 3757 1022 3831 praestigiarum,
1063 3765 1158 3812 aut
1205 3773 1303 3828 per
1331 3757 1601 3813 fallaciam
1633 3757 1887 3830 gestum?
1917 3772 2017 3811 cur

2135 3776 2218 3813 των
2248 3759 2558 3825 ἀξιόπιστος
2600 3757 2860 3829 ὁμολογία
2910 3756 3106 3829 μᾶλλον
3126 3759 3223 3828 τῆς
3249 3757 3343 3811 τοῦ
3372 3757 3492 3811 καθ’
3521 3757 3695 3828 ἡμῶν

444 3865 559 3909 non
591 3850 1006 3922 potius'arcana
1035 3850 1270 3921 quadam
1308 3849 1382 3915 vi,
1411 3864 1646 3920 vereque
1675 3849 1857 3904 divina
1880 3865 2013 3906 con-

2135 3837 2371 3918 τολεμίοῦ
2425 3848 2662 3918 γραφῆς,
2701 3845 2767 3917 ἧν
2796 3848 2854 3900 ἐν
2885 3841 2966 3909 οἷς
3011 3844 3286 3916 ἐπέγραψε
3317 3843 3565 3917 περὶτῆς
3589 3839 3697 3900 Ἐκ

445 3940 628 4000 nterii
651 3942 809 4012 Quod
856 3942 904 4001 si
948 3957 1015 3999 eo
1062 3942 1330 3999 vecordiae
1370 3941 1708 4012 proveheris,
1743 3950 1801 3996 ut
1836 3956 2012 4011 neque

2135 3938 2337 4008 ίογίων
2355 3938 2718 4008 φιλοσοφίας
2742 3939 2798 3991 ἐν
2822 3938 2989 4010 τρίτῳ
3007 3936 3397 4009 συγγράμματι
3418 3936 3692 4002 τέθειται,

442 4037 686 4094 rationes
714 4037 1082 4108 incorruptas,
1108 4051 1284 4107 neque
1311 4037 1597 4092 verborum
1628 4034 2009 4091 necessitatem

2135 4023 2215 4084 ὖὸέ
2245 4048 2361 4094 πως
2400 4030 2627 4102 ἱστορῶν
2654 4029 2793 4085 κατά
2823 4028 2991 4094 λέξιν.

441 4129 580 4186 velis
612 4129 914 4193 attendere,
981 4144 1157 4199 neque
1190 4118 1320 4183 vero
1383 4127 1757 4198 probabilibus
1815 4122 2151 4194 argumentis
2179 4124 2512 4188 auscultare,
2573 4122 2700 4193 quia
2750 4122 2984 4179 fortasse
3016 4136 3119 4179 nos
3155 4122 3310 4193 quasi
3343 4135 3563 4179 causam
3596 4122 3697 4177 di-

442 4226 630 4277 centes
664 4218 837 4275 babes
864 4223 1172 4287 suspectos,
1207 4228 1264 4271 at
1298 4224 1354 4272 tu
1427 4217 1535 4274 tuis
1574 4218 1768 4273 saltem
1831 4214 2193 4281 daemonibus,
2249 4214 2404 4287 ipsis,
2441 4214 2687 4286 inquam,
2727 4214 2884 4288 134
2917 4215 3139 4271 oracula
3192 4216 3543 4271 reddentibus
3569 4215 3695 4272 diis

442 4311 713 4376 ausculta,
765 4311 861 4382 qui
902 4309 1177 4365 Salvatori
1246 4320 1457 4375 nostro,
1508 4328 1618 4368 non
1671 4318 1732 4367 ut
1784 4319 1846 4367 tu
1898 4311 2295 4383 praestigiarum
2345 4310 2636 4377 fallaciam,
2673 4311 2768 4367 sed
2819 4311 3075 4383 pietatem
3125 4319 3178 4368 et
3245 4311 3594 4382 sapientiam,
3624 4320 3693 4368 et

440 4418 734 4462 ascensum
788 4404 846 4460 in
889 4405 1093 4459 etnlum
1144 4420 1245 4461 suo
1293 4406 1607 4462 testimonio
1652 4406 1918 4462 tribuunt.
1958 4405 2200 4473 Quorbm
2262 4405 2481 4476 quidem
2542 4405 2818 4476 quodnam
2876 4406 2974 4461 tibi
3005 4402 3357 4477 dignius‘cui
3399 4404 3559 4460 ﬁdem
3586 4404 3693 4459 ha.

440 4497 573 4553 beas
618 4495 991 4551 testimonium
1043 4495 1127 4553 vis
1176 4495 1317 4561 dari,
1367 4511 1529 4567 quam
1564 4497 1772 4553 inimici
1808 4497 2002 4555 “nostri
2039 4496 2463 4564 confessionem,
2535 4513 2700 4570 quam
2740 4498 2795 4555 in
2827 4500 2991 4554 tertio
3053 4496 3328 4553 volumine
3372 4496 3555 4567 posuit
3582 4512 3691 4551 eo-

440 4606 564 4651 rum
592 4606 714 4665 qua:
743 4592 1045 4664 inscripsit,
1078 4592 1156 4648 De
1175 4593 1501 4665 philosophia
1530 4595 1876 4660 selectorum,
1901 4593 1995 4649 ubi
2035 4594 2151 4651 haec
2182 4595 2250 4650 ad
2278 4594 2503 4652 verbum
2528 4592 2717 4653 refert.

431 4729 848 4815 ’Qttodeﬂiqacia
872 4732 987 4812 ipso
1015 4740 1168 4803 atque
1191 4730 1470 4815 evidentia,
1494 4734 1639 4815 illius
1674 4734 1864 4815 divinae
1888 4736 2000 4815 vir-

2135 4734 2210 4800 ος
2419 4733 2550 4815 Δτῆς
2603 4733 2905 4815 ἐτερῖείας
2953 4729 3143 4815 αὐτῆς
3177 4727 3501 4815 aps-396m}
3552 4732 3691 4813 τοῖς

511 4802 640 4857 tutis
664 4801 779 4856 vim
806 4801 1094 4871 perspicue
1120 4801 1346 4856 ostendit
1384 4807 1710 4860 amatoribus
1744 4808 1997 4862 raritatis.

511 4871 748 4930 Oracula
771 4870 1096 4928 tte-Christo.

505 5009 850 5069 Vll.tMirum
868 5006 1092 5065 forsitan
1113 5008 1383 5073 nonnullis
1411 5008 1704 5073 videbitur,
1737 5009 1882 5080 quod
1914 5010 2002 5065 di-

427 5097 578 5153 cturi
624 5113 837 5155 sumus.
895 5095 1175 5169 Siquidem
1221 5100 1499 5156 Christum
1530 5100 1605 5156 dii
1637 5114 1848 5155 summe
1879 5099 2005 5154 reli-

430 5189 648 5261 giosum
681 5189 1156 5262 immortalemque
1196 5190 1367 5249 fuisse
1418 5191 1796 5262 prodiderunt,
1818 5190 2002 5261 deque

433 5281 531 5337 illo
558 5296 682 5338 cum
720 5282 882 5339 laude
908 5283 1239 5341 mentionem
1280 5283 1534 5350 faciunt;
1575 5303 1593 5335 ι
1648 5292 1703 5338 et
1749 5298 2002 5341 sermone

430 5388 754 5445 progressus
784 5373 1035 5445 adiungit
1067 5393 1081 5431 :
1141 5393 1162 5427 ι
1219 5375 1387 5448 Igitur
1410 5374 1478 5431 de
1506 5374 1731 5432 Christo
1752 5375 2000 5432 interro-

428 5466 703 5535 gantibus,
720 5476 910 5522 utrum
937 5468 1008 5523 sit
1044 5465 1205 5535 Deus,
1230 5467 1514 5540 respondit
1545 5483 1560 5523 :

500 5665 541 5696 ⁸·
572 5661 760 5719 Μαιιιι.
797 5682 919 5735 vin,
942 5669 1032 5723 29.

2178 4799 2583 4873 gemmeam
2632 4806 2670 4872 ἡ
2699 4799 2811 4873 τῆς
2840 4803 2970 4871 περὶ
2997 4799 3185 4873 αὑτὸν
3212 4801 3420 4873 ἑνθέρυ
3456 4799 3694 4873 ῲετῆῤ

2180 4871 2450 4963 δύζᾳμις.
2525 4871 2791 4944 Χρησμοί
2816 4873 2946 4943 περὶ
2971 4871 3075 4927 τοῦ
3114 4871 3391 4941 Χριστοῦ.

2159 5012 2581 5086 Ζ¹.‹Παράδοξον
2598 5011 2727 5078 ἴσως
2739 5011 2942 5078 δόξειεν
2970 5011 3035 5066 ἄν
3057 5027 3200 5063 τισιν
3231 5006 3450 5062 εἶναιτὸ
3478 5007 3694 5076 μέλλον

2108 5101 2357 5171 λέγεσθαι
2410 5103 2498 5173 ὑφ’
2551 5102 2723 5173 ἡμῶν.
2748 5101 2851 5155 Τὸν
2892 5101 3000 5173 γὰρ
3027 5100 3259 5173 Χριστὸν
3280 5103 3328 5154 οἱ
3364 5099 3474 5153 Osci
3516 5101 3693 5155 εὐσε-

2109 5192 2367 5246 ϐέστατον
2392 5191 2736 5263 ἀπεφήναντο
2776 5191 2871 5244 καὶ
2907 5190 3174 5246 ἀθάνατον
3199 5190 3478 5259 γεγονότα,
3509 5190 3689 5263 εὐφή-

2109 5300 2228 5354 μως
2245 5300 2304 5337 τε
2332 5280 2493 5336 αὐτοῦ
2526 5281 2934 5353 μνημονεύουσι.
2965 5299 2985 5333 ι
3024 5281 3133 5334 Καὶ
3166 5280 3371 5344 ὑποϐὰς
3397 5278 3683 5348 ἐπιλέγειο

2109 5393 2128 5426 ι
2171 5375 2307 5446 Περὶ
2335 5373 2463 5445 γοῦν
2493 5373 2586 5427 τοῦ
2625 5373 2862 5447 Χριστοῦ
2891 5373 3281 5447 ὲρωτῳάντων
3307 5375 3357 5430 εί
3378 5372 3493 5429 ἔστι
3515 5374 3686 5444 Θεὸς,

2105 5466 2271 5539 φησίν
2293 5481 2309 5499 ·

3856 5303 3900 5339 ἐί
