3930 6202
283 219 394 274 257

296 333 465 418 ςραττιΙ
475 331 591 401 μὲν
604 331 867 418 dan-dm
894 334 1060 404 ψυχὴ
1082 339 1232 418 ,μετὰ
1246 338 1418 418 σῶμα
1434 343 1770 418 προϐαίνει,

280 404 613 470 Γιτνώσκει
633 405 818 525 (regem
847 406 1225 474 τετιμημένος
1243 426 1256 438 '
1287 404 1448 464 alid
1560 414 1732 483 ψυχὴ

289 472 521 525 Ἆνέοοο
549 475 696 525 εὐσε
734 475 796 525 in
819 476 1258 525 προφερεστάτη
1285 480 1456 525 ἐτγτὶν
1479 483 1714 525 luerim“

289 472 521 540 Ἅνέρος
549 472 796 542 εὐσεϐἰῃ
819 472 1258 546 προφερεστάτη
1273 480 1456 534 ,ἐστὶν
1475 472 1735 540 έκὲἰνὸὐί
1781 497 1800 535 ι

273 583 678 638 Εὐσεϐέστατον
715 585 823 656 ἄρα
869 586 969 658 ἔφη
997 588 1178 654 αὐτὸν,
1201 591 1293 644 καὶ
1323 592 1420 663 τὴν
1451 593 1624 666 ψυχὴν
1651 596 1836 662 αὐτοῦ,

271 675 528 748 καθάπερ
572 676 666 731 καὶ
710 676 818 730 τῶν
882 678 1076 744 ἄλλων,
1125 682 1258 751 μετὰ
1295 683 1521 739 θάνατον
1566 687 1838 742 ἀπαθανα-

269 766 557 837 τισθῆναι,
606 768 671 839 ῆν
711 767 885 822 σέϐειν
939 771 1262 839 ἀγνοοῦντας
1304 777 1430 840 τοὺς
1456 778 1832 848 Χριστιανούς.

280 858 774 930 Ἐπερωτησάντων
801 861 858 914 δὲ
880 861 966 915 διὰ
985 862 1036 914 τί
1058 863 1343 937 ἐκολάσθη,
1368 867 1600 939 ἔχρησεν
1617 887 1629 899 ·

262 1078 440 1156 ἒῷμιι
458 1079 576 1156 μέν
604 1079 928 1156 ᾀδραιοέσιν
945 1084 1243 1156 βασάνοις
1268 1085 1382 1139 αἰεί
1413 1087 1823 1156 προϐέϐληταιο

267 1150 446 1218 Ψυχὴ
479 1149 532 1201 δ’
568 1151 860 1206 εὐσεϐέων
881 1156 968 1219 εἰς
997 1149 1277 1223 οὐράνιοι·
1308 1149 1493 1210 πέδοὶε
1513 1155 1637 1217 ἵζει.

260 1261 372 1316 Καὶ
422 1263 660 1333 ἐπιλέγει
701 1264 836 1337 μετὰ
859 1266 948 1319 τὸν
993 1268 1236 1339 χρησμὸν
1267 1270 1392 1343 ἑξῆς
1419 1289 1432 1302 ·
1474 1291 1492 1323 ι
1531 1272 1702 1337 Αὐτὸς
1733 1269 1824 1328 οὖν

257 1353 508 1426 εὐσεϐὴς,
536 1357 630 1408 καὶ
671 1357 751 1420 είς
784 1357 1044 1429 οὐρανοὺς
1085 1359 1269 1433 ὥσπερ
1301 1364 1348 1414 οἰ
1378 1363 1618 1428 εὐσεϐεῖς
1646 1368 1824 1438 χωρή-

257 1463 384 1509 σας.
419 1447 574 1499 Ὥστε
625 1447 810 1501 τοῦτον
844 1449 939 1520 μὲν
975 1453 1035 1504 οὐ
1095 1453 1534 1526 βλασφημήσας,
1579 1451 1822 1529 ὲλεῆσεις

250 1537 314 1590 δὲ
347 1537 453 1590 τῶν
510 1537 808 1610 ἀνθρώπων
849 1541 948 1614 τὴν
999 1543 1208 1600 ἄνοιαν.
1242 1565 1260 1597 ι
1295 1547 1478 1600 Ταῦτα
1539 1548 1630 1601 καὶ
1669 1549 1762 1601 νῦν
1790 1552 1818 1603 ό

251 1627 582 1701 Πορφύριος.
610 1627 734 1703 Ἆρ’
762 1628 854 1686 οῦν
887 1635 1153 1698 ἀπατεὼν,
1191 1629 1236 1689 ὧ
1256 1631 1426 1703 οὗτος
1459 1637 1559 1693 κᾶν
1590 1639 1660 1693 τὰ
1687 1641 1813 1710 φίλα

1170 220 1819 282 DEMONSTRATIONIS
1857 226 2316 288 EVANGELICZE
2357 234 2483 290 LIB.
2527 239 2615 294 lll.
2684 273 2686 276 -

3397 257 3501 312 9.58

1869 351 1915 408 Α
1949 343 2310 441 ζριηιονιαξειη
2347 354 2576 408 animam
2603 368 2721 440 post
2758 376 2965 441 eassnm
3014 364 3247 441 incedere
3289 383 3499 441 corpus,

1946 415 2176 496 {Vespere
2206 419 2517 496 honoratum
2547 415 2796 493 stipientis
2821 433 2949 496 luce,
2975 434 3065 486 sed
3091 437 3239 490 illam

1944 483 2173 556 Insignis
2199 491 2389 556 pietate
2417 494 2517 546 viri
2554 483 2774 551 utentem
2803 517 2912 554 esse
2939 483 3206 559 decoram.
3234 527 3252 558 ι

1943 597 2162 657 Summe
2199 618 2330 674 ergo
2381 606 2690 678 religiosum
2721 611 2869 666 illum
2903 615 3059 681 dixit,
3083 627 3137 673 et
3166 622 3402 679 animam
3435 628 3500 681 il-

1937 692 2044 748 lius
2089 695 2250 750 sicuti
2299 698 2550 764 aliorum,
2586 712 2706 772 post
2739 716 2965 762 mortem
3011 710 3370 771 immortalem
3405 720 3488 773 l'a-

1936 794 2102 850 ctam,
2158 804 2384 860 eamque
2453 793 2654 859 colere,
2721 797 3033 868 ignorantes
3109 806 3495 879 Christianos;

1935 875 2612 953 deindeinterrogantibus
2645 903 2743 942 cur
2773 892 3042 961 supplicio
3070 897 3296 956 allectus
3325 912 3491 970 esset,

1932 971 2215 1040 respondit
2243 989 2259 1025 ξ

1931 1081 2062 1159 fisse
2081 1085 2289 1152 quidem
2319 1103 2518 1159 semper
2547 1091 2751 1148 inedire
2779 1098 3098 1154 cruciamine
3133 1111 3327 1159 tortum

1929 1150 2152 1223 Corpus,
2181 1167 2236 1209 at
2274 1150 2508 1214 cet/terei:
2538 1173 2756 1216 mentem
2785 1167 3068 1223 clarescere
3095 1177 3316 1243 campis.

1927 1261 1992 1317 Et
2021 1273 2143 1334 post
2166 1269 2447 1324 oraculum
2501 1271 2748 1343 adjungit
2780 1276 3037 1350 deinceps
3075 1301 3087 1335 :
3125 1301 3142 1334 ι
3174 1283 3292 1354 lpse
3327 1287 3489 1359 igitur

1923 1355 2067 1424 pius,
2090 1366 2142 1411 et
2173 1358 2226 1412 in
2260 1361 2478 1428 etelum,
2514 1371 2572 1417 ut
2604 1365 2678 1435 pii
2713 1367 2908 1434 solent,
2937 1373 3252 1432 subvectus.
3303 1355 3485 1445 Quare

1933 1450 2078 1507 hunc
2126 1453 2343 1524 quidem
2388 1473 2496 1512 non
2529 1463 2924 1531 cxsecraberis,
2974 1469 3322 1528 misereberis
3356 1491 3484 1530 vero

1921 1541 2198 1596 hominum
2222 1545 2618 1615 ignorantiam?
2654 1571 2674 1602 ιι
2707 1551 2835 1608 Haec
2865 1555 3029 1611 etiam
3066 1575 3212 1616 nunc
3239 1561 3483 1638 Porphy-

1928 1633 2068 1689 rius.
2105 1635 2301 1701 Quaaso
2343 1639 2526 1710 igitur,
2555 1646 2799 1714 nunquid
2829 1647 3095 1718 impostor
3121 1653 3248 1708 ille?
3291 1633 3482 1713 atﬁsa-I-

251 1737 312 1774 σε
331 1720 648 1774 δυσωπείτω
670 1723 778 1775 τῶν
806 1725 1019 1778 οἰκείων
1049 1727 1286 1797 ῥήματα.
1319 1728 1504 1799 Ἔχεις
1531 1732 1805 1804 τοιγαροῦν

1917 1734 2022 1780 tem
2056 1735 2274 1782 tuorum
2319 1733 2617 1788 amicorum
2654 1738 2817 1794 verba
2869 1740 2964 1794 tibi
3018 1743 3369 1816 blandientia,
3427 1760 3479 1807 te

247 1813 338 1866 τον
359 1812 627 1884 ἡμέτερον
656 1815 880 1887 Σωτῆρα
929 1817 1132 1886 Ἰησοῦν
1159 1818 1248 1872 τὸν
1270 1821 1505 1892 Χριστὸν
1530 1823 1623 1876 τοῦ
1656 1824 1811 1891 Θεοῦ,

245 1905 342 1958 καὶ
371 1905 526 1977 παρὰ
577 1909 688 1970 τοῖς
710 1907 898 1962 ἑαυτοῦ
928 1908 1340 1982 ὡμολογημένον
1385 1914 1445 1966 οὐ
1489 1915 1660 1987 γόητα
1694 1918 1812 1971 οὐδὲ

245 1995 569 2065 φαρμακέα,
596 1993 708 2048 ἀλλ’
735 1997 926 2070 εὐσεϐῆ
950 2000 1386 2055 καὶδικαιότατον
1405 2004 1497 2058 καὶ
1527 2007 1686 2076 σοφὸν
1721 2012 1812 2065 καὶ

240 2086 515 2158 οὐρανίων
568 2087 770 2156 ἀψίδων
819 2091 1095 2162 οἰκήτορα.
1137 2093 1193 2146 '0
1218 2093 1282 2165 δὴ
1311 2090 1401 2148 οὖν
1421 2097 1660 2163 τοιοῦτος
1695 2102 1810 2163 πῶς

237 2177 307 2231 ἂν
361 2177 537 2242 ἄλλως
595 2179 700 2231 τῶν
747 2181 1064 2254 παραδόξων
1107 2183 1281 2254 ἔργων
1313 2185 1501 2254 γέγονε
1525 2191 1804 2264 ποιητὴςῆ

239 2268 470 2339 δυνάμει
519 2269 678 2341 θείας
730 2273 796 2342 ἣν
845 2273 938 2325 καὶ
975 2273 1043 2327 τὰ
1091 2275 1210 2346 ἱερὰ
1256 2276 1411 2344 λόγια
1446 2281 1808 2352 μαρτυροῦσιν

238 2361 409 2433 αὐτῷ,
435 2363 573 2416 Θεοῦ
624 2363 780 2432 λόγον
803 2366 897 2418 καὶ
925 2366 1058 2419 Θεοῦ
1084 2367 1308 2440 δύναμιν
1342 2370 1438 2440 τὴν
1467 2373 1724 2426 ἀνωτάτω
1748 2376 1805 2427 ἐν

238 2454 531 2526 ἀνθρώπου
593 2460 771 2529 μορφῇ
821 2459 913 2511 κοιλ⁸
957 2460 1213 2531 σχήματι,
1246 2462 1442 2532 μᾶλλον
1483 2465 1528 2518 δ’
1568 2467 1624 2518 ἐν
1666 2469 1800 2539 αὐτῇ

237 2547 405 2618 σαρκὶ
456 2548 549 2601 καὶ
599 2547 810 2619 σώματι
860 2551 1200 2623 κατοικῆσαι,
1249 2553 1342 2606 καὶ
1399 2557 1578 2610 πᾶσαν
1619 2557 1715 2629 τὴν
1746 2560 1802 2613 ἐν

237 2638 545 2710 ἀνθρώποις
617 2642 926 2712 οἰκονομίαν
1017 2644 1326 2697 ἐπιτελέσαι
1401 2649 1798 2720 μαρτυροῦντα.

235 2731 348 2784 Καὶ
375 2731 440 2784 σύ
483 2732 529 2784 δ’
568 2731 633 2785 ἂν
675 2733 837 2798 αὐτὸς
878 2735 1210 2805 καταμάθοις
1240 2739 1299 2790 τὸ
1336 2737 1514 2792 ἔνθεον
1545 2741 1642 2811 τῆς
1675 2744 1801 2815 περὶ

233 2819 402 2873 αὐτοῦ
429 2821 726 2893 δυνάμεως,
772 2825 818 2877 εί
867 2825 1103 2893 λογίσαιο
1150 2827 1233 2890 τίς
1270 2845 1398 2882 ποτε
1440 2827 1514 2881 ὢν
1560 2831 1668 2901 ἆρα
1703 2833 1800 2904 τὴν

234 2911 397 2982 φύσιν
444 2914 538 2966 καὶ
589 2914 816 2985 πηλίκος
866 2917 1062 2988 ἄνδρας
1107 2919 1342 2983 εὐτελεῖς
1379 2919 1437 2986 ἐξ
1478 2922 1660 2988 ἁλεεῖς
1706 2926 1798 2978 καὶ

1914 1811 2155 1873 ﬂectant.
2187 1817 2364 1877 llabes
2396 1823 2562 1894 igitur
2599 1838 2846 1884 nostrum
2897 1830 3232 1892 Salvatorem
3265 1811 3473 1908 Jes'um,

1913 1909 2003 1976 qui
2052 1909 2307 1967 Christus
2353 1925 2436 1970 est
2481 1915 2598 1981 Dei,
2647 1922 2809 1976 etiam
2866 1924 3104 1982 virorum
3133 1916 3476 1991 ‘testimonio

1912 2002 2346 2070 comprobatum,
2377 2015 2434 2060 ut
2464 2025 2572 2063 non
2618 2015 3091 2085 praestigiatorem,
3147 2034 3240 2078 aut
3271 2029 3474 2083 veneﬁ-

1909 2105 2052 2156 cum,
2100 2095 2191 2148 sed
2247 2104 2304 2150 ut
2344 2099 2513 2168 pium,
2563 2111 2617 2156 et
2655 2102 3040 2175 justissimum,
3073 2121 3126 2168 et
3153 2116 3472 2188 sapientem,

1908 2182 2230 2255 orbiumque
2278 2190 2582 2246 cmlestium
2646 2195 2900 2253 incolam.
2959 2203 3060 2268 Qui
3124 2182 3292 2277 igit—ur
3347 2182 3471 2267 talis

1909 2270 2030 2336 fuit,
2063 2290 2294 2356 quanam
2330 2280 2434 2334 alia
2482 2285 2693 2342 ratione
2745 2289 3144 2349 admirabilium
3197 2295 3466 2356 factorum

1907 2372 2096 2420 auctor
2129 2382 2250 2424 esse
2265 2355 2471 2440 potuit,
2509 2377 2612 2430 nisi
2647 2379 2847 2437 virtute
2871 2383 3095 2441 divina?
3123 2405 3282 2459 quam
3305 2395 3466 2449 etiam

1905 2471 2060 2512 saera
2087 2464 2308 2517 oracula
2334 2467 2662 2526 testimoniis
2681 2473 2796 2528 suis
2820 2475 2894 2528 illi
2914 2479 3183 2546 tribuunt,
3209 2499 3328 2552 quae
3354 2488 3471 2556 qui-

1903 2546 2024 2603 dem
2049 2549 2142 2605 Dei
2161 2554 2382 2609 verbum
2402 2556 2602 2628 Deique
2613 2563 2866 2620 virtutem
2885 2583 3214 2640 supremam,
3233 2577 3286 2629 in
3303 2576 3470 2633 homi-

1901 2638 1986 2694 nis
2010 2640 2182 2698 lorma
2196 2655 2358 2716 atque
2381 2648 2588 2718 habitu,
2614 2668 2677 2708 ae
2700 2657 2884 2726 potius
2903 2638 2960 2714 in
2977 2663 3092 2732 ipsa
3112 2638 3296 2730 carne,
3319 2668 3466 2740 ipso-

1901 2743 2241 2803 quecorpore
2253 2736 2544 2804 habitasse,
2571 2756 2896 2817 omnemque
2914 2748 3204 2806 humanam
3237 2736 3468 2826 disposi-

1903 2821 2123 2890 tionem,
2155 2829 2719 2906 gubernationemque
2739 2839 3062 2907 absolvisse,
3083 2821 3463 2908 testiﬁcanti».

1904 2913 2058 2984 135
2084 2915 2160 2972 Tu
2195 2936 2411 2992 quoque
2443 2925 2599 2982 facile
2636 2929 2819 2985 discas
2845 2931 3185 2991 divinitatem
3233 2940 3456 2997 virtutis

232 3005 490 3058 ταπεινοῦ
525 3005 636 3075 βίου
680 3011 1255 3080 προσοικειωσάμενος,
1289 3011 1495 3078 τούτοις
1531 3015 1795 3087 κέχρηται

1898 3019 2017 3072 quae
2060 3006 2126 3062 de
2162 3008 2256 3064 illo
2288 3011 2478 3078 fertur,
2513 3017 2560 3072 si
2591 3020 2798 3089 cogites
2840 3037 2959 3092 qua
3007 3024 3098 3081 ille
3152 3037 3368 3096 natura,
3403 3041 3460 3088 et

232 3097 507 3160 διακόνοις
555 3099 642 3151 ἐπὶ
686 3099 1013 3172 κατορθώσει
1063 3103 1382 3174 πράγματος
1417 3106 1591 3160 πάντα
1634 3108 1796 3163 καλύ-

234 3207 468 3252 πτοντος
496 3189 661 3258 λόγον.
688 3191 994 3263 Διανοηθεὶς
1017 3193 1122 3264 γὰρ
1153 3194 1182 3246 ὂ
1217 3195 1403 3266 μηδεὶς
1444 3195 1685 3265 πώποτε,
1709 3201 1794 3254 νό-

229 3297 378 3351 μους
409 3283 630 3347 οἰκείους
655 3285 744 3337 καί
770 3282 924 3355 ξένην
953 3285 1295 3340 διδασκαλίαν
1327 3289 1404 3352 εἰς
1431 3291 1606 3344 πάντα
1634 3309 1792 3346 κατα-

223 3374 451 3443 σπεῖραι
485 3373 550 3426 τὰ
579 3373 724 3445 ἔθνη,
757 3376 847 3428 κα¹ι
886 3376 1080 3442 παντὸς
1111 3377 1299 3446 γένους
1326 3379 1624 3453 ἀνθρώπων
1657 3383 1790 3437 διδά-

221 3463 422 3517 σκαλον
453 3465 730 3530 εὐσεϐείας
771 3468 886 3531 ἑνὸς
923 3468 1015 3522 τοῦ
1064 3470 1156 3523 ἐπὶ
1190 3472 1402 3526 πάντων
1435 3475 1566 3528 Θεοῦ
1600 3477 1786 3531 ἑαυτὸν

219 3555 518 3626 ἀποφῆναι,
541 3559 652 3622 τοῖς
683 3558 896 3613 πάντων
929 3561 1332 3631 ἁγροικοτόιτοις
1361 3566 1450 3618 καὶ
1483 3567 1786 3624 εὐτελεστά-

214 3663 330 3710 τοις
356 3649 600 3719 ἡγήσατο
631 3649 858 3721 χρῆσθαι
889 3653 985 3723 τῆς
1007 3654 1211 3719 οἰκείας
1243 3655 1436 3728 βουλῆς
1463 3659 1778 3731 ὑπηρέταις.

215 3736 379 3800 Εἰκὸς
413 3755 534 3790 τινα
562 3738 986 3811 παραλογώτατα
1013 3741 1180 3796 ταῦτα
1221 3746 1381 3798 αὐτὸν
1426 3749 1779 3821 πεποιηκέναι

213 3828 451 3898 νομίσαι.
494 3830 619 3893 Πῶς
643 3830 750 3901 γὰρ
791 3832 837 3883 οἱ
871 3832 999 3901 μηδὲ
1032 3833 1211 3906 διᾶραι
1254 3836 1536 3907 δυνάμενοι
1584 3842 1774 3912 στόμα,

214 3919 316 3972 κᾶν
339 3920 458 3984 ἑνός
480 3938 624 3984 τινος
646 3921 946 3977 διδάσκαλοι
970 3927 1325 3996 κατέστησαν,
1345 3929 1464 3999 οὐχί
1484 3948 1546 3999 γε
1569 3932 1776 4004 ἀνδρῶν

210 4011 503 4080 συλλόγους
536 4011 651 4076 πῶς
695 4013 737 4065 δ’
779 4012 842 4066 ἂν
874 4015 1064 4086 πλήθει
1110 4017 1475 4090 διειλέχθησαν
1515 4023 1564 4074 οἰ
1595 4023 1774 4096 πάσης

207 4103 365 4167 ἐκτὸς
411 4105 688 4171 γεγονότες
736 4106 1010 4171 παιδείας;
1055 4107 1210 4162 Ἀλλὰ
1264 4109 1404 4162 τοῦτ’
1453 4107 1519 4182 ἦν
1565 4115 1670 4185 ἄρα
1712 4116 1772 4170 τὸ

202 4197 302 4267 τῆς
346 4197 532 4250 ἐνθέου
590 4197 800 4270 βουλῆς,
839 4200 930 4252 καὶ
979 4201 1078 4272 τῆς
1121 4203 1444 4275 ἐνεργούσης
1493 4207 1550 4258 ἐν
1591 4208 1770 4272 αὐτοῖς

201 4287 356 4350 θείας
403 4287 680 4359 δυνάμεως
740 4291 1160 4360 παραστατικόν.
1223 4293 1579 4360 Ἀνακαλέσας
1637 4298 1767 4366 γοῦν

1897 3097 2199 3165 cujusmodi
2231 3106 2490 3172 praeditus
2512 3147 2526 3171 ,
2558 3111 2706 3167 viros
2755 3106 3022 3184 ignobiles
3055 3117 3121 3174 de
3162 3122 3456 3188 piscatorio

1893 3194 2056 3256 atque
2083 3189 2271 3245 immiti
2302 3195 2443 3249 victu
2492 3202 2786 3270 acceperit,
2847 3203 3060 3276 sibique
3119 3211 3452 3279 adjunxerit.

1894 3271 2092 3331 Deinde
2125 3278 2191 3334 iis
2228 3297 2360 3338 usus
2399 3285 2471 3339 sit
2498 3287 2838 3347 administris
2868 3293 2933 3348 ad
2972 3295 3102 3351 illud
3153 3300 3449 3371 inemptum

1889 3366 2295 3435 perliciendum,
2325 3378 2469 3444 quod
2499 3394 2712 3436 omnem
2745 3383 2964 3455 ellugiat
2995 3388 3282 3444 rationem.
3312 3391 3446 3447 Cum

1823 3471 1826 3475 '
1887 3460 2030 3514 enim
2091 3466 2382 3535 cogitasset
2450 3471 2502 3524 id
2531 3475 2676 3542 quod
2725 3478 2907 3533 nullus
2953 3496 3189 3551 unquam
3237 3485 3446 3556 cogita-

1887 3553 1960 3607 vit
1991 3574 2003 3608 :
2037 3558 2286 3626 proprias
2317 3560 2458 3631 leges
2483 3578 2786 3638 novamque
2811 3570 3114 3628 doctrinam
3169 3575 3224 3630 in
3255 3592 3443 3635 omnes

1883 3645 2238 3710 disseminare
2285 3655 2554 3722 nationes,
2618 3675 2886 3732 omneque
2941 3664 3220 3723 hominum
3270 3687 3441 3742 genus

1880 3752 1998 3792 eam
2029 3738 2223 3796 docere
2272 3743 2546 3813 pietatem,
2577 3763 2696 3818 qua:
2725 3767 2892 3806 unum
2917 3769 3232 3824 supremum
3266 3738 3434 3816 Deum

1877 3846 2244 3902 veneraretur,
2273 3838 2404 3908 huju
2428 3857 2548 3911 que
2598 3841 2678 3899 rei
2717 3860 2777 3900 se
2810 3847 3134 3918 magistrum
3159 3853 3434 3919 exhibere,

1876 3928 2114 3983 omnium
2147 3933 2380 3988 maxime
2401 3937 2706 4006 agrestibus
2739 3943 3081 4012 maximeque
3107 3943 3434 4016 ignobilibus

1875 4020 2082 4088 putavit
2110 4021 2210 4076 sibi
2232 4025 2489 4080 utendum
2503 4043 2624 4085 esse
2644 4031 2870 4100 hujusce
2897 4035 3110 4090 consilii
3136 4037 3433 4094 ministris:

1873 4119 2059 4182 utpote
2086 4129 2210 4167 cum
2262 4117 2557 4175 verisimile
2585 4123 2654 4176 sit
2688 4124 2837 4177 illum
2891 4128 3205 4193 censuisse,
3239 4137 3434 4199 praeter

1871 4215 2082 4257 omnem
2136 4205 2398 4260 rationem
2433 4207 2545 4262 lucc
2579 4227 2637 4264 se
2686 4211 2974 4267 facturum.
3002 4213 3121 4280 Quo
3161 4218 3302 4270 enim
3335 4233 3434 4288 ρο-

1869 4303 1976 4358 clo,
2014 4296 2104 4365 qui
2133 4312 2202 4350 ne
2239 4296 2495 4355 diducere
2528 4301 2742 4371 quidem
2795 4319 2860 4359 os
2891 4304 3068 4360 idonei
3102 4315 3278 4372 erant,
3321 4311 3430 4363 sal-

197 4380 420 4442 αὐτοῦς,
467 4379 534 4432 τὰ
579 4380 675 4450 μὲν
713 4381 903 4452 πρῶτά
953 4399 1116 4453 φησιο
1158 4403 1176 4434 ‹
1212 4383 1394 4450 Δεῦτε,
1433 4387 1805 4451 ἁκολουθεῖτέζ

1887 4399 1980 4438 :em
2005 4387 2168 4440 unius
2190 4388 2494 4458 cujuspiam
2537 4391 2771 4448 hominis
2803 4403 3166 4466 praeceptores
3196 4399 3308 4454 ﬁeri
3332 4416 3430 4470 po-

198 4490 309 4541 μοι,
353 4474 448 4526 καὶ
492 4473 699 4544 ποιήσω
744 4474 886 4544 ὑμᾶς
928 4475 1096 4538 ἁλιεῖς
1138 4475 1454 4546 ἀνθρώπων.
1493 4499 1510 4529 ι
1549 4481 1761 4556 Ἐπειδὴ

193 4563 250 4616 δὲ
289 4562 477 4616 λοιπὸν
513 4563 708 4626 αὐτοῦς
751 4563 1073 4626 ἀκολούθους
1124 4566 1414 4636 ἐκτήσατο,
1455 4569 1761 4638 ἐμπνεύσας

191 4655 379 4716 αὐτοῖς
420 4654 696 4719 δυνάμεως
735 4655 900 4720 θείας,
951 4657 1139 4728 μένους
1176 4675 1237 4710 τε
1271 4658 1362 4712 καὶ
1402 4659 1633 4730 θάρσους
1664 4663 1760 4733 ἐμ-

193 4747 430 4817 πλήσας.
463 4747 556 4801 καὶ
586 4748 649 4819 δὴ
680 4749 769 4802 οἰά
791 4766 870 4812 τις
899 4749 1111 4819 ἀληθῶς
1135 4750 1268 4804 Θεοῦ
1287 4751 1442 4820 λόγος
1474 4754 1566 4807 καὶ
1598 4755 1758 4819 αὐτὸς

190 4837 346 4903 Θεὸς,
376 4839 702 4908 τηλικούτων
735 4839 1021 4912 θαυμάτων
1042 4844 1290 4915 ποιητὴς,
1331 4845 1529 4915 νοερῶν
1559 4847 1755 4910 αὐτοὺς

185 4932 281 4986 καὶ
311 4931 546 4999 λογικῶν
568 4931 752 5002 ψυχῶν
775 4933 1040 5004 θηρευτὰς
1074 4937 1322 5005 ποιήσας,
1352 4935 1512 5007 ἔργον
1541 4954 1600 4989 τε
1638 4939 1755 4991 ἐπι-

185 5020 301 5085 θεὶς
323 5023 392 5091 τῇ
412 5024 582 5092 φωνῇ,
602 5026 689 5093 τῇ,
710 5042 728 5074 ι
751 5023 932 5089 Δεῦτε,
955 5025 1292 5079 ἀκολουθεῖτέ
1309 5044 1418 5096 μοι,
1436 5027 1530 5079 καὶ
1547 5030 1753 5100 ποιήσω

184 5114 334 5184 ὑμᾶς
367 5114 534 5179 ἁλιεῖς
563 5115 881 5188 ἀνθρώπων,
931 5136 948 5168 ι
982 5118 1216 5189 φησάσῃ,
1255 5119 1480 5188 όμοῦτε
1518 5120 1752 5190 ἐργάτας

185 5207 281 5260 καὶ
330 5206 680 5272 διδασκάλους
724 5209 918 5273 αὐτοὺς
973 5209 1251 5274 εὐσεϐείας
1293 5212 1746 5282 ἀπειργασμένος,

183 5299 285 5369 ἤδη
334 5299 429 5352 καὶ
465 5301 544 5364 εἰς
593 5301 765 5354 πάντα
809 5301 877 5354 τὰ
926 5299 1050 5372 ἔθνη
1098 5301 1449 5373 διεπέμπετο,
1504 5305 1749 5376 κήρυκας

183 5383 466 5452 ἀναδείξας
491 5389 588 5459 τῆς
615 5389 778 5443 αὐτοῦ
809 5390 1172 5454 διδασκαλίας.
1209 5393 1315 5445 Καὶ
1341 5394 1424 5457 τίς
1451 5394 1550 5447 οὐκ
1574 5393 1637 5447 ἂν
1663 5393 1748 5457 ὲξ-

182 5478 414 5548 επλάγη,
441 5479 532 5532 καὶ
562 5479 860 5551 ἠπίστησεν
886 5480 950 5535 ἂν
985 5482 1206 5544 εἰκότως
1236 5481 1315 5551 τῷ
1345 5483 1625 5554 παραδόξῳ
1653 5485 1744 5538 τοῦ

177 5570 472 5641 θαύματος,
495 5573 582 5624 ὅτε
612 5572 797 5643 μηδεὶς
829 5574 926 5646 μὲν
958 5573 1064 5627 τῶν
1096 5571 1310 5627 πώποτε
1357 5577 1412 5627 ἐν
1442 5575 1744 5659 ἀνθρώποις

256 5703 516 5762 ".Matth.
559 5722 631 5772 tv,
658 5706 741 5760 18.

1863 4485 2105 4542 tuerunt,
2131 4481 2328 4536 nedum
2356 4482 2596 4538 virorum
2615 4494 2916 4543 conventus
2955 4488 2978 4542 ?
3023 4493 3294 4560 quomodo
3324 4508 3424 4547 au-

1862 4578 1966 4623 tem
2021 4571 2420 4627 multitudinem
2483 4575 2683 4644 alloqui
2738 4586 2830 4630 aut
2879 4577 3171 4642 instruere,
3209 4585 3299 4651 qui
3353 4585 3424 4638 ab

1859 4659 2004 4713 omni
2033 4661 2338 4716 eruditione
2358 4663 2722 4720 abhorrebant
2755 4667 2778 4720 ’ί
2807 4667 2876 4720 At
2910 4668 3010 4723 hoc
3037 4670 3253 4738 quidem
3298 4670 3420 4737 fuit,

1859 4749 2005 4818 quod
2031 4760 2084 4805 et
2115 4752 2358 4807 divinum
2390 4756 2702 4820 consilium,
2737 4763 2790 4811 et
2821 4758 2929 4812 vim
2952 4760 3190 4814 divinam
3222 4777 3342 4831 qua:
3363 4761 3416 4815 in

1858 4841 1985 4905 illis,
2017 4849 2070 4898 ct
2095 4859 2217 4898 cum
2239 4845 2345 4899 illis
2363 4845 2535 4916 ipsum
2560 4861 2697 4916 Opus
2724 4849 2926 4910 obibat,
2946 4851 3263 4905 declararet.
3281 4852 3421 4921 Ergo

1856 4949 1977 4987 eum
2003 4935 2126 4991 illos
2155 4946 2424 5006 vocasset,
2464 4948 2578 4992 tum
2635 4943 2866 5010 primum
2903 4943 3043 4998 dixit
3073 4961 3089 4997 :
3150 4963 3167 4995 ‹
3204 4943 3414 5008 Venite,

1855 5025 2145 5095 sequimini
2166 5043 2250 5082 me
2268 5047 2280 5080 :
2295 5037 2348 5084 et
2367 5029 2560 5085 faciam
2577 5048 2674 5087 vos
2695 5033 2997 5103 piscatores
3015 5035 3292 5090 hominum
3308 5037 3374 5090 ".
3391 5057 3410 5089 ι

1852 5117 1986 5170 Cum
2023 5133 2150 5173 vero
2173 5119 2285 5188 jam
2317 5121 2440 5175 illos
2474 5129 2773 5180 sectatores
2814 5137 2960 5181 esset
2992 5127 3240 5196 adeptus,
3273 5128 3412 5181 :livi-

1791 5207 1794 5210 ’
1851 5221 2029 5276 naque
2055 5223 2151 5262 sua
2179 5209 2226 5262 vi
2254 5211 2508 5275 amasset,
2557 5214 2859 5284 roboreque
2899 5225 3063 5286 atque
3092 5216 3261 5270 animi
3284 5231 3416 5272 con-

1851 5299 2067 5354 ﬁdentia
2102 5303 2448 5373 complesset,
2465 5306 2686 5376 jamque
2711 5308 2872 5361 veluti
2893 5307 3162 5378 quoddam
3178 5325 3302 5365 vere
3321 5309 3412 5364 Dei

1849 5394 2094 5456 verbum,
2151 5396 2376 5464 ipseque
2407 5397 2548 5453 Deus
2583 5407 2858 5457 tantorum
2907 5411 3096 5457 auctor
3122 5405 3414 5461 miraculo-

1847 5500 1990 5549 rum,
2041 5486 2456 5558 intclligentium
2494 5491 2961 5562 rationaliumque
3001 5495 3302 5551 animarum
3332 5515 3409 5552 ve-

1845 5584 2064 5633 natores
2095 5577 2218 5634 illos
2234 5581 2621 5644 constituisset
2654 5596 2914 5652 :remque
2947 5585 3124 5654 ipsam
3155 5592 3316 5655 atque
3347 5587 3418 5641 ef-
