3914 6198
422 320 526 378 259

1054 310 1320 368 susse"
1358 254 1835 363 cisssnisusrs
1869 300 2001 359 ora

2111 295 2261 366 ass;
2298 294 2373 370 ιι.
2412 327 2483 339 -
2520 258 3020 353 Αροιοοετιοιι.

3554 291 3670 348 ειιο

423 442 665 499 ticaciam
683 437 1022 510 adjunsisset
1047 434 1165 487 voci
1190 430 1289 496 illi,
1321 444 1427 501 qua
1449 428 1661 484 dixerat
1685 445 1699 482 :
1731 444 1751 477 ι
1780 424 1990 487 Venite,

2111 416 2399 490 γενομένων
2439 414 2732 485 διαφανῶν,
2771 413 2847 486 μὴ
2891 404 3162 484 βασιλεὺς,
3220 411 3294 483 μὴ
3342 407 3669 481 νομοθέτης.

422 532 713 606 sequimini
744 546 851 592 me,
882 536 945 582 et-
963 524 1155 580 faciam
1190 538 1287 579 vos
1317 523 1618 593 piscatores
1648 515 1981 576 hominum”

421 628 693 695 sinndque
717 629 770 674 et
798 621 1080 689 operarios
1103 625 1158 672 et
1192 614 1484 686 magistros
1515 609 1734 682 pietatis
1756 609 1878 663 illos
1913 606 1991 661 fe-

422 726 608 781 cisset,
648 720 759 767 tum
787 712 839 764 in
867 726 1060 766 omnes
1093 716 1281 779 gentes
1340 704 1580 767 dimisit,
1609 716 1829 772 sumque
1876 699 1980 754 do-

432 810 916 877 ctrinmpmconcs
945 802 1263 858 declaravit.
1281 799 1416 866 Quis
1443 803 1624 852 autem
1656 810 1766 849 non
1796 790 1957 848 obstu
1976 817 1992 830 -

426 906 631 971 pescat,
686 897 811 968 quis
844 912 952 950 non
1005 891 1325 948 incredibile
1374 889 1571 943 merito
1616 884 1890 942 exiStimet
1936 879 1990 935 id

421 989 568 1060 quod
622 1004 837 1043 omnem
881 984 1042 1040 (idem
1101 988 1321 1052 superat
1372 975 1749 1033 miraculum?
1800 972 1992 1027 Nullus

418 1092 568 1138 certe
596 1094 805 1141 eorum,
848 1080 943 1148 qui
989 1088 1228 1144 unquam
1280 1070 1514 1139 alicujus
1553 1064 1819 1121 claritatis
1854 1062 1994 1116 inter

424 1177 672 1234 homines
708 1172 949 1234 fuerunt,
970 1184 1078 1224 non
1105 1178 1222 1233 rex,
1254 1178 1363 1218 non
1386 1163 1563 1232 legum
1596 1161 1865 1222 inventor,
1882 1151 1993 1211 non

422 1269 798 1340 philosomms,
824 1280 932 1320 non
962 1261 1205 1321 Graecus,
1226 1272 1334 1312 non
1360 1256 1652 1318 barbarus,
1681 1248 1993 1321 hujusmodi

414 1361 720 1434 quidquam
749 1357 1024 1428 cogitasse
1056 1359 1334 1414 narratur,
1373 1363 1436 1404 ac
1465 1362 1532 1402 ne
1555 1342 1994 1413 somniassequi-

423 1456 547 1514 dem
568 1457 771 1528 aliquid
785 1453 929 1526 quod
944 1451 1011 1506 ad
1030 1452 1132 1505 hoc
1149 1448 1395 1520 proxime
1415 1443 1658 1499 accedat.
1688 1441 1832 1496 Satis
1847 1439 1993 1495 enim

416 1564 701 1623 superque
729 1545 1104 1616 unusquisque
1130 1541 1319 1597 talium
1350 1550 1568 1608 semper
1598 1534 1808 1598 habuit,
1835 1532 1995 1587 dum-

422 1645 587 1698 modo
618 1643 673 1695 in
702 1655 799 1694 sua
828 1637 1048 1709 regione
1086 1633 1394 1690 institutum
1426 1642 1585 1684 suum
1624 1624 1995 1697 propositum-

425 1748 533 1806 que
554 1732 849 1804 cemplcret
892 1748 908 1798 ;
939 1737 993 1784 et
1023 1741 1144 1798 qua:
1170 1725 1327 1781 bonae
1360 1722 1631 1790 utilesque
1661 1719 1791 1772 visae
1812 1725 1997 1771 essent

2099 510 2172 583 μὴ
2203 509 2506 579 φιλόσοφος,
2540 507 2613 580 μὴ
2642 507 2859 579 Ἕλλην,
2895 506 2968 578 μὴ
3004 504 3297 577 βάρϐαρος,
3342 501 3584 557 τοιοῦτόν
3616 516 3674 557 τι

2094 596 2390 674 διανοηθεὶς
2425 603 2739 672 ἱστορεῖται,
2780 599 2893 653 ἀλλ’
2930 598 3038 652 οὐδ’
3062 599 3141 661 εἰς
3172 596 3467 666 φαντασίαν
3499 593 3677 649 ἐλθὼν

2095 694 2188 748 τοῦ
2223 694 2639 766 παραπλησίου;
2670 682 3084 762 ἀγαπητὸνγάρ
3126 689 3340 760 ἑκάστῳ
3364 684 3452 759 ἦν,
3491 689 3538 741 εἰ
3575 686 3676 741 καὶ

2096 788 2188 841 ὲπί
2219 787 2384 858 μόνης
2403 786 2505 854 τῆς
2523 785 2724 848 οἰκείας
2750 784 2851 855 γῆς
2877 782 2937 836 τὸ
2968 783 3165 835 οἰκεῖον
3199 779 3523 850 ἐπάγγελμα
3553 795 3679 831 συν-

2096 878 2378 949 εστήσατο,
2418 877 2513 931 καὶ
2555 878 2682 938 τοὺς
2724 873 2903 937 καλῶς
2946 872 3091 943 ἔχειν
3136 871 3403 943 φανέντας
3450 870 3674 940 νόμους,

2097 968 2198 1024 κᾶν
2237 970 2321 1039 ἐφ’
2350 969 2467 1033 ἑνὸς
2500 968 2591 1022 τοῦ
2619 967 2817 1021 οἰκείου
2844 964 3029 1029 ἔθνους
3051 963 3319 1036 κρατῦναι
3345 956 3457 1026 οἷός
3482 978 3542 1014 τε
3568 952 3671 1032 ἦν’·

2097 1065 2126 1115 ό
2156 1061 2212 1115 δὲ
2259 1060 2422 1133 μηδὲν
2474 1059 2665 1131 θνητὸν
2688 1058 2802 1135 ’καὶ
2855 1055 3195 1128 ἀνθρώπινον
3233 1052 3539 1125 διανοηθεὶς
3569 1053 3678 1124 ὅρα

2098 1154 2147 1207 εἰ
2183 1151 2258 1224 μὴ
2289 1152 2365 1216 ὡς
2389 1150 2603 1222 άληθῶς
2632 1148 2766 1203 Θεοῦ
2790 1148 2949 1203 πάλιν
2973 1150 3248 1220 προήκατο
3274 1145 3479 1217 φωνὴν,
3511 1145 3679 1198 αύτο-

2098 1242 2241 1311 λεξεὶ
2272 1244 2451 1315 φήσας
2475 1245 2587 1306 τοῖς
2614 1234 3014 1303 ἓύτελεστάτοις
3049 1239 3277 1302 ἐκείνοις
3302 1236 3466 1291 αὑτοῦ
3499 1236 3682 1308 μαθη-

2098 1339 2248 1400 ταίςο
2289 1355 2307 1387 ι
2347 1333 2707 1407 Πορευθέντες
2742 1330 3113 1404 μαθητεύσατε
3155 1329 3332 1383 πάντα
3360 1327 3428 1381 τά
3460 1327 3609 1397 ἔθνη.
3652 1345 3674 1378 ι

2098 1426 2209 1480 Καὶ
2243 1425 2382 1490 πῶς,
2415 1421 2568 1478 εἷπον
2595 1424 2661 1477 ἂν
2691 1425 2737 1477 οἰ
2767 1421 3006 1495 μαθηταὶ
3025 1420 3103 1493 τῷ
3124 1418 3438 1489 Διδασκᾶλῳ
3458 1418 3682 1480 πάντως

2100 1536 2204 1573 που
2239 1517 2685 1589 ἀποκρινάμενοι,
2721 1500 2868 1568 τοῦθ’
2904 1507 3035 1584 ημῖν
3087 1512 3240 1566 ἔσται
3270 1509 3519 1574 δυνατόν;
3549 1508 3683 1573 Πῶς

2098 1610 2206 1682 γάρ
2247 1609 2557 1679 Ῥωμαίοις,
2585 1607 2737 1679 φέρε,
2769 1605 3105 1678 κηρύξομενς
3134 1604 3249 1668 πῶς
3269 1603 3326 1657 δὲ
3356 1601 3683 1671 Αἰγυπτίοις

2098 1698 2591 1771 διαλεχθησόμεθα;
2624 1699 2752 1771 ποίᾳ
2783 1697 2839 1752 δὲ
2874 1696 3185 1770 χρησόμεθα
3222 1695 3363 1762 λέξει
3396 1695 3531 1768 πρὸς
3558 1694 3687 1748 Ἔλ-

428 1782 846 1806 ‘1‘"“"“r""'
893 1782 908 1798 1
948 1782 963 1784 -
1034 1782 1056 1798 1
1542 1782 1558 1790 -

424 1831 594 1901 leges,
618 1843 712 1885 eas
734 1827 788 1881 in
820 1839 927 1881 una
960 1822 1153 1880 saltem
1200 1833 1300 1875 sua
1332 1816 1506 1888 ipsius
1558 1820 1736 1884 gente,
1784 1815 1999 1866 sancire

2111 1801 2283 1866 tqvag,
2321 1794 2509 1865 ἄνδρες
2554 1796 2619 1866 τῇ
2669 1794 2857 1866 Σύρων
2898 1790 3251 1863 ἐντραφέντες
3299 1790 3436 1864 μόνῃ
3481 1792 3683 1860 quivi};

423 1940 492 1979 ac
522 1923 665 1978 tueri
698 1925 916 1992 posset:
957 1916 1025 1971 At
1052 1915 1144 1970 hic
1172 1919 1360 1969 noster
1393 1950 1408 1976 ,
1460 1906 1596 1963 nihil
1643 1903 1872 1960 mortale
1904 1909 1998 1955 aut

427 2017 730 2072 humanum
764 2011 1007 2075 molitus,
1065 2004 1225 2079 136
1270 2003 1580 2069 considera,
1609 2011 1818 2070 quaeso,
1867 2009 1999 2050 num

428 2120 625 2164 rursus
647 2113 907 2176 tanquam
936 2115 1061 2156 vere
1092 2098 1237 2153 Deus
1268 2109 1455 2152 vocem
1481 2090 1749 2153 emiserit,
1773 2088 1865 2143 ubi
1883 2085 1999 2142 suis

430 2201 540 2258 illis
574 2200 709 2254 adeo
752 2193 1090 2268 ignobilibus
1123 2190 1194 2247 ad
1222 2190 1447 2246 verbum
1482 2184 1623 2241 dixit
1667 2180 1953 2251 discipulis
1981 2197 1995 2235 :

434 2315 455 2351 ι
486 2294 712 2357 Ειιιιῑοε.
756 2292 947 2347 docete
963 2302 1169 2349 .omnes
1200 2293 1391 2358 gentes
1420 2281 1492 2337 ⁸³.
1530 2302 1549 2334 ι
1586 2276 1780 2346 Quid?
1821 2275 1868 2332 si
1910 2274 1999 2331 di-

432 2387 652 2459 scipuli,
676 2394 734 2440 ut
763 2383 843 2448 lit,
873 2396 975 2438 suo
988 2378 1320 2451 Praeceptori
1351 2374 1790 2447 reSpondissent,
1825 2384 1889 2425 ac
1913 2368 1999 2423 di-

430 2485 641 2540 xissent
667 2498 687 2535 :
722 2478 841 2546 Quo
872 2474 1089 2530 tandem
1113 2471 1276 2528 modo
1325 2467 1471 2526 istud
1500 2482 1531 2522 a
1567 2466 1724 2521 nobis
1758 2462 1871 2519 ﬁeri
1904 2476 2001 2532 po-

432 2575 606 2633 terit?
634 2570 918 2640 Quomodo
948 2568 1245 2631 Romanos,
1299 2562 1529 2632 exempli
1558 2560 1753 2631 gratia,
1787 2555 2001 2628 publice

430 2660 1072 2734 docebimus?quomodo
1096 2642 1276 2712 autem
1309 2654 1594 2727 Egyptios
1625 2646 2002 2720 alloquemur?

432 2777 540 2835 qua
570 2774 699 2816 vero
750 2757 938 2828 lingua
963 2795 979 2820 ,
1021 2751 1266 2808 homines
1296 2764 1460 2804 unam
1502 2746 1782 2819 Syriacam
1811 2755 1998 2798 vocem

434 2833 624 2911 audire
655 2850 826 2915 soliti,
849 2846 992 2920 apud
1023 2844 1241 2901 Graecos
1265 2840 1526 2899 utemur?
1555 2855 1664 2911 qua
1701 2835 1842 2910 apud
1870 2833 2002 2888 Per-

434 2936 547 3012 sas,
566 2938 885 3007 ‘Armenios,
914 2936 1224 3002 Chaldaeos,
1261 2933 1512 3006 Scythas,
1537 2929 1720 2994 ludos,
1757 2942 1821 2982 ac
1842 2923 2001 2981 deni-

434 3052 543 3110 que
599 3050 790 3092 omnes
864 3044 1223 3105 quascunque
1280 3024 1619 3081 offendemus
1687 3017 2002 3075 barbaricas

435 3139 625 3207 gentes
649 3131 672 3184 ?
701 3126 985 3196 Quomodo
1007 3123 1116 3180 illis
1138 3118 1590 3193 persuadebimus
1615 3125 1674 3171 ut
1705 3114 1839 3170 deos
1877 3111 2002 3185 qui-

436 3229 560 3287 dem
616 3224 822 3298 patrios
860 3222 1140 3285 deserant,
1199 3231 1368 3273 unum
1396 3229 1525 3275 vero
1578 3209 1821 3267 omnium
1854 3223 2003 3279 quaa-

439 3337 660 3394 cunque
689 3324 820 3376 sunt
840 3314 1090 3388 opiﬁcem
1119 3310 1289 3367 Deum
1309 3310 1493 3365 colant
1528 3306 1551 3361 ?
1581 3319 1688 3376 qua
1726 3316 1889 3375 porro
1921 3300 2008 3356 di-

439 3391 597 3473 cendi
629 3412 683 3468 vi
716 3407 861 3473 freti,
887 3414 1101 3462 tantum
1149 3401 1366 3458 facinus
1414 3394 1837 3470 aggrediemur?
1877 3391 2009 3460 Qua:

440 3516 622 3565 autem
654 3500 969 3576 perﬁciendi
999 3513 1125 3570 spes
1170 3494 1344 3552 aderit
1373 3491 1688 3548 hominibus
1736 3487 1830 3559 qui
1862 3486 2009 3557 leges

358 3667 381 3683 ο
441 3602 607 3673 ﬁgere
633 3596 891 3660 audeant,
932 3591 1238 3649 contrarias
1265 3588 1477 3660 legibus
1506 3597 1865 3657 quascunque
1890 3594 2009 3637 om-

442 3706 542 3747 nes
572 3696 765 3762 gentes
811 3687 879 3744 de
904 3684 1098 3758 patriis
1143 3682 1251 3739 diis
1303 3695 1335 3734 a
1365 3679 1588 3734 condito
1616 3689 1731 3731 aevo
1758 3687 2012 3729 servave-

442 3783 555 3838 rint
575 3781 599 3836 ἰ
620 3780 830 3847 Quibus
853 3777 1068 3833 tandem
1093 3774 1293 3846 copiis,
1329 3783 1424 3827 aut
1451 3786 1560 3842 qua
1586 3769 1639 3824 vi
1665 3767 1822 3823 nobis
1850 3767 2012 3820 liceat

445 3874 535 3931 isti
559 3872 801 3929 audaciae
828 3870 1161 3942 superesse?
1207 3866 1332 3921 Haec
1367 3881 1436 3920 ne
1460 3858 1724 3927 dicerent,
1748 3858 2012 3930 quemad-

445 3968 669 4025 modum
695 3967 943 4023 dicturos
966 3961 1137 4019 fuisse
1189 3959 1450 4021 credibile
1473 3963 1579 4023 est,
1613 3962 1708 4009 aut
1728 3953 1896 4008 etiam
1925 3966 2014 4007 co-

445 4059 683 4132 gitarent
727 4052 857 4112 Jesu
903 4052 1181 4123 discipuli,
1213 4063 1319 4104 una
1356 4048 1506 4104 verbi
1556 4044 1863 4117 adjectione
1898 4044 2014 4115 ipse

445 4149 755 4221 Praeceptor
781 4148 905 4203 illos
937 4146 1084 4202 omni
1129 4143 1447 4199 dillicultate
1477 4138 1746 4204 liberavit,
1778 4152 1902 4192 cum
1931 4135 2016 4191 di-

446 4242 552 4308 xit,
578 4242 705 4297 illos
733 4240 789 4294 in
825 4238 1045 4294 nomine
1073 4252 1176 4292 suo
1196 4235 1309 4290 voti
1343 4238 1623 4304 compotes
1652 4226 2016 4285 luturos.Non

449 4333 596 4389 enim
630 4331 950 4400 simpliciter
978 4336 1072 4383 aut
1102 4325 1383 4382 indeﬁnite
1411 4332 1471 4380 ut
1520 4323 1779 4380 docerent
1826 4336 2017 4378 omnes

450 4431 643 4495 gentes
673 4421 980 4491 imperavit,
1030 4419 1126 4475 sed
1156 4434 1281 4474 cum
1309 4416 1660 4488 adjunctione
1682 4411 2013 4478 necessaria,

2103 1887 2316 1959 Πέρσας
2340 1886 2398 1940 δὲ
2434 1887 2529 1940 καὶ
2568 1885 2900 1957 Ἀρμενίους,
2928 1885 3023 1939 καὶ
3059 1882 3377 1946 Χαλδαίους,
3402 1882 3498 1936 καί
3538 1880 3683 1935 Σκύο

2104 1979 2223 2043 θας,
2247 1979 2340 2032 καὶ
2370 1976 2585 2042 Ἰνδοὺς,
2608 1977 2703 2030 καί
2733 1976 2786 2029 εί
2812 1992 2934 2029 τινα
2960 1972 3246 2046 βαρϐάρων
3273 1971 3480 2043 γένοιτο
3504 1970 3633 2043 ἔθνη
3664 1987 3682 2037 ;

2104 2071 2222 2134 πῶς
2266 2068 2522 2140 πείσομεν
2555 2066 2662 2122 τῶν
2714 2066 2811 2139 μὲν
2859 2067 3101 2140 πατρίων
3144 2064 3283 2119 θεῶν
3322 2062 3683 2134 ἀφίστασθαι,

2103 2160 2199 2214 ἕνα
2225 2158 2282 2212 δὲ
2313 2159 2402 2213 τὸν
2420 2159 2639 2231 πάντων
2668 2157 2995 2231 δημιουργὸν
3023 2155 3233 2223 σέϐειν;
3266 2156 3398 2228 ποίᾳ
3424 2155 3482 2209 δὲ
3505 2155 3687 2226 λόγων

2106 2252 2378 2323 ἰκανότητι
2409 2249 2757 2322 θαρσοῦντες,
2785 2250 2877 2302 ἐπὶ
2917 2248 3075 2303 τοῦτο
3102 2246 3579 2321 παρελευσόμεθα;
3608 2248 3685 2301 ’Ἡ

2105 2346 2189 2410 τίς
2222 2346 2353 2416 ἡμῖν
2389 2344 2546 2407 ἐλπὶς
2578 2342 2729 2396 ἔσται
2771 2341 2865 2396 τοῦ
2905 2340 3347 2414 κατορθώματος,
3395 2342 3690 2413 ἀντινομο·

2106 2437 2277 2491 θετείν
2309 2434 2545 2506 τολμῶσι
2572 2436 2683 2498 τοῖς
2715 2435 2929 2489 πάντων
2962 2433 3129 2488 ἐθνῶν
3168 2433 3299 2506 περί
3330 2431 3431 2491 τῶν
3456 2434 3686 2488 οἰκείων

2106 2527 2245 2581 θεῶν
2287 2526 2347 2592 ἐξ
2383 2525 2578 2590 αἰῶνος
2617 2526 2886 2597 κειμένοις
2916 2525 3129 2596 νόμοις;
3184 2525 3277 2578 ἐπὶ
3325 2524 3452 2595 ποίᾳ
3483 2524 3541 2578 δὲ
3579 2525 3688 2579 καὶ

2105 2616 2328 2690 δυνάμει
2353 2613 2698 2688 περιέσεσθαί
2739 2617 2856 2668 ἐστι
2887 2612 2981 2667 τοῦ
3019 2612 3400 2684 τολμήματος;
3431 2610 3619 2664 Ταῦτα
3648 2611 3687 2683 ἢ

2106 2712 2394 2782 φησάντων
2447 2708 2514 2762 ἂν
2561 2705 2702 2773 κατά
2747 2706 2807 2760 τὸ
2847 2706 3013 2770 εἰκὸς,
3063 2705 3095 2776 ἢ
3142 2702 3529 2773 διανοηθέντων
3576 2702 3692 2756 τῶν

2105 2801 2199 2856 τοῦ
2236 2797 2410 2872 Ἰησοῦ
2449 2795 2724 2870 μαθητῶν,
2771 2796 2898 2867 μιᾶς
2939 2792 3225 2865 προσθήκῃ
3274 2790 3472 2856 λέξεως
3502 2789 3693 2853 αὐτοῖς

2107 2895 2136 2948 ὁ
2168 2890 2493 2956 Διδάσκαλος
2517 2889 2669 2943 λύσιν
2691 2887 2799 2943 τῶν
2828 2886 3212 2959 ἀπορηθέντων
3235 2883 3483 2947 ὑπέθετο,
3508 2883 3694 2955 φήσας

2107 2983 2462 3052 κατόρθωσιν,
2493 3000 2515 3034 ι
2541 2983 2598 3035 ὲν
2618 2980 2695 3053 τῷ
2715 2978 2933 3052 ὀνόματί
2967 2994 3089 3050 μου.
3113 2997 3132 3031 ι
3161 2977 3235 3032 Ού
3268 2974 3378 3048 γάρ
3406 2974 3471 3045 δὴ
3502 2973 3697 3039 ἁπλῶς

2108 3077 2202 3132 καὶ
2253 3072 2568 3146 ἀδιορίστως
2636 3068 2970 3143 μαθητεῦσαι
3027 3066 3204 3121 πάντα
3234 3064 3305 3119 τά
3339 3064 3470 3135 ἔθνη
3515 3079 3696 3136 προσ-

2028 3162 2071 3220 C
2103 3166 2314 3229 έταττε,
2349 3162 2486 3235 μετὰ
2529 3148 2847 3235 προσθήκης
2871 3158 2928 3212 δὲ
2956 3157 3277 3227 ἀναγκαίας,
3319 3158 3443 3230 τῆς,
3474 3175 3492 3209 ι
3517 3156 3578 3208 ὲν
3609 3155 3698 3227 τῷ

2110 3257 2332 3328 ὀνόματι
2356 3252 2543 3308 αὐτοῦ.
2583 3272 2603 3306 ι
2643 3251 2858 3323 Ἐπειδὴ
2892 3249 3059 3323 γάρὴ
3101 3249 3330 3322 δύναμις
3372 3249 3473 3322 τῆς
3518 3249 3695 3305 αὐτοῦ

2108 3346 2476 3420 προσηγορίας
2506 3342 2742 3413 τοσαύτη
2767 3359 2852 3405 τις
2882 3336 2973 3412 ἦν,
3004 3340 3080 3405 ὡς
3113 3339 3277 3410 φάναι
3306 3338 3397 3395 τὸν
3433 3339 3695 3395 ’Δτοόστο-

2106 3438 2217 3504 λον,
2231 3438 2314 3492 ὅτι
2336 3436 2401 3508 δὴ
2422 3453 2442 3488 ι
2463 3433 2784 3508 Ἐχαρίσατο
2802 3431 2950 3504 αὐτῷ
2964 3432 2993 3485 ό
3015 3430 3147 3496 Θεὸς
3164 3430 3225 3485 τὸ
3243 3431 3433 3502 ὄνομα,
3455 3430 3514 3485 τὸ
3547 3430 3701 3504 ὑπὲρ

2109 3530 2217 3585 πᾶν
2237 3527 2426 3598 ὄνομα,
2450 3524 2539 3579 ῐνα
2560 3526 2617 3579 ὲν
2648 3522 2727 3595 τῷ
2747 3521 2969 3594 ὀνόματι
3000 3519 3175 3592 Ἰησοῦ
3202 3523 3308 3575 πᾶν
3340 3520 3467 3589 γόνυ
3490 3520 3703 3596 κάμψῃ

2109 3619 2442 3693 ἐπουρανίων
2474 3615 2567 3672 καὶ
2604 3614 2861 3686 ἐπιγείων
2902 3614 2997 3690 καὶ
3047 3612 3411 3685 καταχθονίων
3429 3630 3443 3643 ·
3484 3632 3503 3663 ι
3545 3614 3704 3667 εἰκό-

2109 3729 2219 3776 τως
2241 3750 2257 3777 ,
2313 3709 2411 3781 τῆς
2464 3708 2591 3771 τοὺς
2632 3705 2857 3769 πολλοὺς
2912 3703 3274 3776 λανθανούσης
3322 3706 3387 3781 ὲν
3436 3702 3515 3776 τῷ
3566 3704 3704 3758 (lvd-

2116 3817 2244 3873 ματι
2300 3778 2466 3851 αὑτοῦ
2522 3794 2808 3866 δυνάμεως
2854 3792 2950 3866 τὴν
2994 3792 3193 3865 ἀρετὴν
3242 3778 3540 3864 ἐμφαίνων,
3582 3796 3707 3859 τοῖς

2113 3891 2278 3949 αὑτοῦ
2329 3890 2597 3963 μαθηταῖς
2640 3887 2831 3959 ἔφησε
2865 3905 2883 3938 ι
2920 3884 3281 3958 Πορευθέντες
3319 3885 3707 3963 μαθητεύσατε

2117 3987 2298 4042 πάντα
2324 3962 2391 4038 τὰ
2417 3982 2545 4053 έθνη
2566 3982 2625 4034 ὲν
2648 3979 2726 4052 τῷ
2751 3979 2971 4051 ὀνόματί
3008 3995 3130 4050 μου.
3177 3997 3194 4031 ι
3219 3975 3355 4034 Εἶτα
3391 3981 3484 4032 καὶ
3516 3962 3718 4033 θεσπέρ

2115 4078 2195 4146 ζει
2225 4073 2283 4133 εὖ
2327 4075 2470 4148 μάλα
2523 4072 2768 4146 ἀκριϐῶς
2801 4072 2864 4126 τὸ
2912 4071 3120 4144 μέλλον,
3155 4069 3356 4127 εἰπών’
3393 4089 3411 4123 ι
3448 4071 3540 4124 Δεῖ
3583 4071 3709 4145 γὰρ

2114 4168 2452 4242 κηρυχθῆναι
2471 4167 2532 4220 τὸ
2554 4164 2882 4236 Εὐαγγέλιον
2911 4163 3069 4217 τοῦτο
3089 4166 3147 4218 ὲν
3171 4163 3267 4238 ὅλῃ
3304 4166 3370 4235 τῇ
3401 4162 3711 4239 οἰκουμένῃ

2116 4264 2195 4325 εἰς
2228 4259 2528 4333 μαρτύριον
2558 4258 2692 4312 πᾶσι
2725 4258 2837 4320 τοῖς
2866 4255 3091 4309 ἔθνεσιν.
3121 4275 3140 4309 ι
3173 4257 3231 4312 '0
3255 4255 3311 4309 δὲ
3329 4256 3483 4325 λόγος
3510 4257 3714 4327 εἴρητο

2121 4351 2219 4424 μὲν
2243 4353 2300 4406 ὲν
2327 4349 2499 4421 γωνία
2516 4348 2622 4420 γῆς
2643 4348 2786 4413 τότε,
2815 4347 2911 4401 καὶ
2928 4348 2978 4401 οἱ
3003 4346 3267 4420 παρόντες
3290 4348 3484 4418 ἢκουον
3518 4345 3707 4418 μόνοι.

2118 4442 2245 4508 Πῶς
2272 4438 2365 4498 οὖν
2398 4440 2507 4514 ἄρα
2526 4440 2715 4503 πιστὸς
2741 4435 2823 4509 ἦν.
2840 4438 3023 4502 αὐτοῖς
3050 4435 3207 4491 τοῦτο
3235 4436 3426 4506 λέγων,
3448 4438 3497 4490 εἰ
3531 4437 3609 4510 μὴ
3642 4437 3715 4505 ἐξ

457 4530 478 4567 ι
512 4512 571 4569 in
605 4511 846 4577 nomine,
879 4508 1078 4580 inquit,
1115 4523 1236 4566 meo
1261 4509 1328 4564 δι.
1370 4527 1389 4562 ι
1427 4506 1561 4563 Cum
1591 4506 1737 4561 enim
1762 4504 1842 4560 vis
1873 4503 2007 4559 illius

2125 4503 2324 4609 ἑτέρων
2356 4503 2465 4590 τῶν
2501 4534 2594 4588 ὑπ’
2639 4503 2804 4587 αὑτοῦ
2845 4529 3247 4605 πεπραγμένων
3292 4503 3486 4585 ἐνθέων

455 4603 696 4667 nominis
744 4609 892 4656 tanta
928 4602 1021 4665 sit,
1057 4608 1119 4655 ut
1163 4600 1457 4670 Apostolus
1510 4596 1710 4652 dixerit
1744 4615 1759 4651 :
1800 4612 1821 4646 ι
1865 4592 2022 4662 Quod

456 4694 740 4757 donaverit
788 4693 866 4749 illi
912 4691 1058 4749 Deus
1089 4706 1306 4759 nomen,
1353 4690 1497 4762 quod
1546 4699 1632 4747 est
1667 4704 1832 4759 super
1862 4703 2024 4745 omne

458 4803 678 4852 nomen,
724 4792 783 4841 ut
836 4785 891 4840 in
920 4783 1144 4841 nomine
1173 4781 1305 4839 Jesu
1354 4798 1515 4838 omne
1563 4797 1705 4853 genu
1746 4780 2023 4845 ﬂectatur,

458 4881 786 4943 cales-tium,
821 4877 1182 4945 terrestrium,
1213 4887 1268 4933 et
1300 4877 1639 4933 infernorum
1670 4875 1737 4940 ³⁸,
1770 4894 1788 4925 ι
1833 4872 2026 4929 merito

460 4971 838 5032 excellentiam
870 4969 1089 5024 virtutis
1113 4970 1350 5025 nominis
1386 4968 1494 5039 sui,
1528 4983 1649 5040 quae
1668 4966 1871 5023 multos
1900 4965 2031 5021 latet

461 5069 826 5131 indicaturus,
861 5063 929 5119 ad
962 5079 1093 5120 suos
1124 5062 1262 5119 dixit
1287 5062 1623 5132 discipulos:
1662 5079 1681 5115 ι
1716 5059 1817 5125 lte,
1842 5060 2031 5118 docete

460 5177 653 5219 omnes
682 5165 875 5231 gentes
912 5158 966 5213 in
994 5157 1219 5213 nomine
1243 5171 1386 5213 meo.
1422 5176 1442 5209 ι
1479 5154 1681 5212 Deinde
1710 5155 1860 5210 canit
1894 5155 2032 5211 bene

463 5252 755 5310 admodum
787 5258 934 5307 certe
963 5258 1129 5321 atque
1156 5250 1426 5321 exquisite
1449 5253 1593 5322 quod
1648 5249 1891 5305 futurum
1915 5255 2034 5304 erat

464 5343 656 5399 dicens
684 5361 699 5398 :
742 5360 762 5394 ι
790 5342 1013 5414 Oportet
1062 5340 1209 5398 enim
1239 5341 1525 5412 pradicari
1552 5342 1902 5414 Evangelium
1928 5340 2034 5397 hoc

468 5437 523 5490 in
568 5444 682 5490 toto
710 5434 863 5499 orbe,
899 5434 954 5489 in
986 5435 1356 5491 testimonium
1380 5440 1592 5496 cunctis
1626 5437 1877 5511 gentibus
1904 5433 1972 5491 “.
2008 5453 2028 5487 ι

468 5524 639 5583 Porro
658 5543 782 5582 cum
801 5528 963 5583 verba
997 5528 1216 5601 quidem
1241 5533 1377 5599 hate,
1410 5534 1609 5591 tuncin
1641 5533 1841 5605 angulo
1874 5537 2037 5587 terrae

469 5620 615 5675 dicta
666 5621 802 5690 sint,
848 5631 902 5679 et
926 5624 1020 5692 qui
1062 5634 1193 5683 tunc
1223 5627 1452 5685 aderant
1479 5629 1581 5686 soli
1616 5629 1913 5692 audierint,
1944 5628 2036 5699 qui

2125 4626 2226 4697 τῆς
2256 4627 2313 4681 ὲν
2344 4627 2455 4688 τοῖς
2483 4624 2659 4693 λόγοις
2680 4621 2933 4694 ἀληθείας
2954 4620 3118 4675 αὐτοῦ
3140 4619 3238 4692 τὴν
3263 4623 3454 4694 πεῖραν
3486 4620 3714 4695 εἰλήφε-

2130 4737 2231 4775 σαν
2254 4735 2269 4786 ;
2298 4718 2420 4772 Ὅτι
2438 4715 2547 4789 γάρ
2565 4714 2888 4770 ἐπίστευσαν
2911 4713 3141 4784 λέγοντι,
3167 4711 3595 4787 συλλογιζομένῳ
3618 4732 3713 4771 σοι

2127 4810 2407 4883 ὁμολογεῖν
2440 4809 2652 4880 ἀνάγκη
2670 4848 2685 4862 .
2717 4803 3085 4880 Προστάξαντι
3123 4804 3233 4877 γάρ
3261 4804 3435 4869 οὐδεὶς
3452 4804 3711 4875 ηπείθαο

2129 4901 2266 4958 ἀλλά
2313 4900 2779 4973 πειθαρχήσαντες
2823 4896 2987 4952 αὐτοῦ
3029 4894 3109 4967 τῷ
3152 4894 3401 4968 νεύματι,
3435 4895 3579 4950 κατά
3631 4898 3716 4953 τὰ

2130 4991 2555 5067 παρηγγελμένα
2586 4991 2694 5044 πᾶν
2726 4989 2881 5059 γένος
2909 4985 3209 5060 ἀνθρώπων
3241 4987 3600 5060 ὲμαθήτευον,
3640 4991 3714 5043 ἐκ

2130 5086 2231 5157 τῆς
2274 5084 2479 5148 οἰκείας
2509 5083 2612 5154 γῆς
2644 5083 2737 5135 ἐπὶ
2779 5083 2956 5138 πάντα
2990 5082 3326 5154 στειλάμενοι
3356 5080 3422 5135 τὰ
3449 5078 3611 5153 ἔθνη·
3647 5084 3711 5138 ὲκ

2132 5176 2296 5248 ὀλίγῳ
2323 5193 2383 5230 τε
2407 5172 2476 5247 ἧν
2508 5173 2643 5247 ἔργα
2676 5171 2950 5247 θεωρῆσαι
2976 5176 3102 5240 τοὺς
3143 5175 3353 5244 λόγους.
3382 5174 3712 5248 Κεκήρυκπ

2136 5266 2266 5337 γοῦν
2297 5267 2360 5321 τὸ
2386 5263 2715 5335 Εύαγγέλιον
2736 5265 2794 5320 ὲν
2827 5264 3020 5339 βραχεῖ
3035 5267 3210 5339 χρόνῳ
3234 5269 3292 5322 ὲν
3313 5265 3408 5339 ὅλῃ
3430 5268 3497 5338 τῇ
3525 5267 3715 5321 οἰκου-

2141 5358 2277 5431 μένῃ
2323 5361 2402 5422 εἰς
2440 5354 2734 5429 μαρτύριον
2764 5358 2877 5422 τοῖς
2924 5357 3132 5421 Εθνεσι·
3167 5358 3260 5413 καὶ
3299 5357 3561 5432 βάρϐαροι
3610 5361 3723 5415 καὶ

2142 5450 2400 5523 Ἕλληνες
2430 5449 2529 5514 τὰς
2565 5449 2695 5521 περὶ
2737 5448 2831 5504 τοῦ
2876 5449 3051 5522 Ἰησοῦ
3084 5449 3301 5523 γραφάς
3327 5448 3577 5522 πατρίοις
3607 5467 3724 5522 χα-

2146 5540 2410 5613 ρακτῆρσι
2460 5541 2553 5594 καὶ
2596 5540 2810 5614 πατρίῳ
2859 5544 3008 5614 φωνῇ
3062 5536 3481 5613 μετελάμϐανον.
3516 5541 3727 5599 Καίτοι

2143 5630 2227 5697 τίς
2255 5632 2356 5686 οὐκ
2385 5631 2451 5687 ἂν
2499 5632 2825 5706 ἀπορήσειεν
2868 5633 3123 5704 εὐλόγως,
3157 5633 3240 5700 τίς
3280 5628 3349 5703 ἦν
3388 5635 3500 5717 ἄρα
3537 5634 3570 5689 ό
3610 5635 3726 5707 τῆς

545 5774 591 5805 ⁸³
616 5772 810 5828 Ηυιςιιι.
844 5790 1033 5843 3mm,
1070 5777 1186 5853 l9.-
1237 5781 1426 5840 “ibid.
1502 5784 1548 5818 ⁸⁸
1575 5782 1809 5856 Philipp.
1843 5800 1903 5854 ιι,
1936 5784 2002 5841 10

2111 5787 2142 5819 ’⁵
2173 5784 2344 5843 Marc.
2371 5793 2491 5850 xm,
2524 5784 2607 5846 10.
