  <div class='ocr_page' id='page_1' title='image "/cluster/home/n/w/nwhite01/storage/ocr_20150623/22/hvd.32044073501132/126.png"; bbox 0 0 3930 6202; ppageno 0'>
   <div class='ocr_carea' id='block_1_1' title="bbox 209 275 375 332">
    <p class='ocr_par' dir='ltr' id='par_1_1' title="bbox 209 275 375 332">
     <span class='ocr_line' id='line_1_1' title="bbox 209 275 375 332; baseline -0.018 0"><span class='ocrx_word' id='word_1_1' title='bbox 209 275 375 332; x_wconf 68' lang='grc'><strong>’241</strong></span> 
     </span>
    </p>
   </div>
   <div class='ocr_carea' id='block_1_2' title="bbox 1165 281 2602 346">
    <p class='ocr_par' dir='ltr' id='par_1_2' title="bbox 1165 281 2602 346">
     <span class='ocr_line' id='line_1_2' title="bbox 1165 281 2602 346; baseline 0.007 -12"><span class='ocrx_word' id='word_1_2' title='bbox 1165 281 1816 343; x_wconf 70' lang='lat' dir='ltr'><strong>DEMONSTRATIONIS</strong></span> <span class='ocrx_word' id='word_1_3' title='bbox 1851 283 2307 344; x_wconf 64' lang='lat' dir='ltr'><strong>EVANGELICAE</strong></span> <span class='ocrx_word' id='word_1_4' title='bbox 2345 290 2471 346; x_wconf 81' lang='lat' dir='ltr'><strong>LIB.</strong></span> <span class='ocrx_word' id='word_1_5' title='bbox 2515 291 2602 345; x_wconf 88' lang='grc'><strong>111.</strong></span> 
     </span>
    </p>
   </div>
   <div class='ocr_carea' id='block_1_3' title="bbox 3389 303 3500 356">
    <p class='ocr_par' dir='ltr' id='par_1_3' title="bbox 3389 303 3500 356">
     <span class='ocr_line' id='line_1_3' title="bbox 3389 303 3500 356; baseline -0.009 0"><span class='ocrx_word' id='word_1_6' title='bbox 3389 309 3428 356; x_wconf 65' lang='grc' dir='ltr'><strong>ξι.</strong></span> <span class='ocrx_word' id='word_1_7' title='bbox 3440 303 3500 355; x_wconf 64' lang='lat'><strong>£9.</strong></span> 
     </span>
    </p>
   </div>
   <div class='ocr_carea' id='block_1_4' title="bbox 267 393 1821 479">
    <p class='ocr_par' dir='ltr' id='par_1_4' title="bbox 267 393 1821 475">
     <span class='ocr_line' id='line_1_4' title="bbox 267 393 1821 475; baseline 0.008 -30"><span class='ocrx_word' id='word_1_8' title='bbox 267 393 382 446; x_wconf 85' lang='grc' dir='ltr'><strong>τῶν</strong></span> <span class='ocrx_word' id='word_1_9' title='bbox 415 393 672 463; x_wconf 80' lang='grc' dir='ltr'>μαθητῶν</span> <span class='ocrx_word' id='word_1_10' title='bbox 712 397 804 448; x_wconf 80' lang='grc' dir='ltr'>τοῦ</span> <span class='ocrx_word' id='word_1_11' title='bbox 846 396 1014 466; x_wconf 80' lang='grc' dir='ltr'><strong>Ἰησοῦ</strong></span> <span class='ocrx_word' id='word_1_12' title='bbox 1049 399 1394 464; x_wconf 76' lang='grc' dir='ltr'><strong>διδασκαλίας</strong></span> <span class='ocrx_word' id='word_1_13' title='bbox 1436 404 1666 474; x_wconf 89' lang='grc' dir='ltr'>τρόπος;</span> <span class='ocrx_word' id='word_1_14' title='bbox 1694 402 1821 475; x_wconf 74' lang='grc' dir='ltr'><strong>τΑρι</strong></span> 
     </span>
    </p>
   </div>
   <div class='ocr_carea' id='block_1_5' title="bbox 1924 393 3497 479">
    <p class='ocr_par' dir='ltr' id='par_1_5' title="bbox 1943 407 3497 479">
     <span class='ocr_line' id='line_1_5' title="bbox 1943 407 3497 479; baseline 0.008 -21"><span class='ocrx_word' id='word_1_15' title='bbox 1943 407 2056 459; x_wconf 77' lang='lat' dir='ltr'><strong>fieri</strong></span> <span class='ocrx_word' id='word_1_16' title='bbox 2106 415 2284 478; x_wconf 91' lang='lat' dir='ltr'><strong>potest</strong></span> <span class='ocrx_word' id='word_1_17' title='bbox 2334 417 2396 461; x_wconf 91' lang='lat' dir='ltr'><strong>ut</strong></span> <span class='ocrx_word' id='word_1_18' title='bbox 2449 409 2552 464; x_wconf 87' lang='lat' dir='ltr'><strong>hoc</strong></span> <span class='ocrx_word' id='word_1_19' title='bbox 2601 409 2800 464; x_wconf 90' lang='lat' dir='ltr'><strong>dicenti</strong></span> <span class='ocrx_word' id='word_1_20' title='bbox 2867 410 2944 464; x_wconf 84' lang='lat' dir='ltr'><strong>illi</strong></span> <span class='ocrx_word' id='word_1_21' title='bbox 3015 412 3340 479; x_wconf 89' lang='lat' dir='ltr'><strong>crederent,</strong></span> <span class='ocrx_word' id='word_1_22' title='bbox 3393 419 3497 472; x_wconf 75' lang='lat' dir='ltr'><strong>nisi</strong></span> 
     </span>
    </p>
   </div>
   <div class='ocr_carea' id='block_1_6' title="bbox 262 484 1838 570">
    <p class='ocr_par' dir='ltr' id='par_1_6' title="bbox 262 484 1838 570">
     <span class='ocr_line' id='line_1_6' title="bbox 262 484 1838 570; baseline 0.01 -35"><span class='ocrx_word' id='word_1_23' title='bbox 262 485 380 554; x_wconf 73' lang='grc' dir='ltr'><strong>γὰρ</strong></span> <span class='ocrx_word' id='word_1_24' title='bbox 430 487 509 546; x_wconf 89' lang='grc' dir='ltr'><strong>εἰς</strong></span> <span class='ocrx_word' id='word_1_25' title='bbox 559 484 731 555; x_wconf 87' lang='grc' dir='ltr'>μέσην</span> <span class='ocrx_word' id='word_1_26' title='bbox 777 488 1128 558; x_wconf 86' lang='grc' dir='ltr'>παρελθόντες</span> <span class='ocrx_word' id='word_1_27' title='bbox 1172 491 1344 554; x_wconf 86' lang='grc' dir='ltr'>πόλιν,</span> <span class='ocrx_word' id='word_1_28' title='bbox 1374 493 1539 548; x_wconf 80' lang='grc' dir='ltr'>ἔπειτ’</span> <span class='ocrx_word' id='word_1_29' title='bbox 1573 497 1630 548; x_wconf 85' lang='grc' dir='ltr'><strong>ἐν</strong></span> <span class='ocrx_word' id='word_1_30' title='bbox 1664 498 1838 570; x_wconf 75' lang='grc' dir='ltr'>ἀγορᾷ</span> 
     </span>
    </p>
   </div>
   <div class='ocr_carea' id='block_1_7' title="bbox 266 575 1836 655">
    <p class='ocr_par' dir='ltr' id='par_1_7' title="bbox 266 575 1836 655">
     <span class='ocr_line' id='line_1_7' title="bbox 266 575 1836 655; baseline 0.009 -28"><span class='ocrx_word' id='word_1_31' title='bbox 266 575 515 638; x_wconf 84' lang='grc' dir='ltr'><strong>στάντες,</strong></span> <span class='ocrx_word' id='word_1_32' title='bbox 543 577 638 628; x_wconf 78' lang='grc' dir='ltr'>καὶ</span> <span class='ocrx_word' id='word_1_33' title='bbox 662 575 755 647; x_wconf 80' lang='grc' dir='ltr'>βοῇ</span> <span class='ocrx_word' id='word_1_34' title='bbox 783 577 984 647; x_wconf 75' lang='grc' dir='ltr'>μείζονι</span> <span class='ocrx_word' id='word_1_35' title='bbox 1006 583 1336 653; x_wconf 78' lang='grc' dir='ltr'><strong>χρησάμενοι</strong></span> <span class='ocrx_word' id='word_1_36' title='bbox 1367 585 1687 640; x_wconf 84' lang='grc' dir='ltr'><strong>συνεκάλουν</strong></span> <span class='ocrx_word' id='word_1_37' title='bbox 1712 591 1836 655; x_wconf 81' lang='grc' dir='ltr'>τοὺς</span> 
     </span>
    </p>
   </div>
   <div class='ocr_carea' id='block_1_8' title="bbox 267 665 1836 752">
    <p class='ocr_par' dir='ltr' id='par_1_8' title="bbox 267 665 1836 752">
     <span class='ocr_line' id='line_1_8' title="bbox 267 665 1836 752; baseline 0.01 -34"><span class='ocrx_word' id='word_1_38' title='bbox 267 665 591 735; x_wconf 81' lang='grc' dir='ltr'><strong>παριόντας,</strong></span> <span class='ocrx_word' id='word_1_39' title='bbox 631 667 864 722; x_wconf 79' lang='grc' dir='ltr'>κᾶπειτα</span> <span class='ocrx_word' id='word_1_40' title='bbox 911 671 1318 745; x_wconf 72' lang='grc' dir='ltr'>ἐδημηγόρουνς</span> <span class='ocrx_word' id='word_1_41' title='bbox 1355 678 1462 730; x_wconf 73' lang='grc' dir='ltr'><strong>Καὶ</strong></span> <span class='ocrx_word' id='word_1_42' title='bbox 1493 678 1575 741; x_wconf 91' lang='grc' dir='ltr'><strong>τίς</strong></span> <span class='ocrx_word' id='word_1_43' title='bbox 1621 674 1687 748; x_wconf 84' lang='grc' dir='ltr'>ἦν</span> <span class='ocrx_word' id='word_1_44' title='bbox 1719 681 1836 752; x_wconf 74' lang='grc' dir='ltr'>ἄρα</span> 
     </span>
    </p>
   </div>
   <div class='ocr_carea' id='block_1_9' title="bbox 263 758 1837 836">
    <p class='ocr_par' dir='ltr' id='par_1_9' title="bbox 263 758 1837 836">
     <span class='ocr_line' id='line_1_9' title="bbox 263 758 1837 836; baseline 0.011 -27"><span class='ocrx_word' id='word_1_45' title='bbox 263 758 453 822; x_wconf 75' lang='grc' dir='ltr'>αὐτοῖς</span> <span class='ocrx_word' id='word_1_46' title='bbox 499 759 598 828; x_wconf 78' lang='grc' dir='ltr'>τῆς</span> <span class='ocrx_word' id='word_1_47' title='bbox 642 759 976 834; x_wconf 77' lang='grc' dir='ltr'><strong>δημηγορίας</strong></span> <span class='ocrx_word' id='word_1_48' title='bbox 1011 766 1038 817; x_wconf 88' lang='grc' dir='ltr'>ὁ</span> <span class='ocrx_word' id='word_1_49' title='bbox 1089 765 1262 835; x_wconf 83' lang='grc' dir='ltr'>λόγος,</span> <span class='ocrx_word' id='word_1_50' title='bbox 1291 762 1334 836; x_wconf 80' lang='grc' dir='ltr'>ᾧ</span> <span class='ocrx_word' id='word_1_51' title='bbox 1368 771 1652 824; x_wconf 85' lang='grc' dir='ltr'>πεπεῖσθαι</span> <span class='ocrx_word' id='word_1_52' title='bbox 1691 773 1837 836; x_wconf 82' lang='grc' dir='ltr'>εἰκὸς</span> 
     </span>
    </p>
   </div>
   <div class='ocr_carea' id='block_1_10' title="bbox 258 844 1835 938">
    <p class='ocr_par' dir='ltr' id='par_1_10' title="bbox 258 844 1835 938">
     <span class='ocr_line' id='line_1_10' title="bbox 258 844 1835 938; baseline 0.01 -37"><span class='ocrx_word' id='word_1_53' title='bbox 258 844 332 920; x_wconf 79' lang='grc' dir='ltr'><strong>ἦν</strong></span> <span class='ocrx_word' id='word_1_54' title='bbox 361 851 491 914; x_wconf 79' lang='grc' dir='ltr'>τοὺς</span> <span class='ocrx_word' id='word_1_55' title='bbox 507 853 904 923; x_wconf 57' lang='grc' dir='ltr'>ἀκροωμένους</span> <span class='ocrx_word' id='word_1_56' title='bbox 935 855 1057 938; x_wconf 74' lang='grc' dir='ltr'>ῌῶς</span> <span class='ocrx_word' id='word_1_57' title='bbox 1079 857 1135 911; x_wconf 79' lang='grc' dir='ltr'>δὲ</span> <span class='ocrx_word' id='word_1_58' title='bbox 1153 861 1244 912; x_wconf 73' lang='grc' dir='ltr'>καὶ</span> <span class='ocrx_word' id='word_1_59' title='bbox 1261 861 1628 933; x_wconf 78' lang='grc' dir='ltr'>ἐδημηγόρουν</span> <span class='ocrx_word' id='word_1_60' title='bbox 1647 864 1835 936; x_wconf 83' lang='grc' dir='ltr'>ἄνδρες</span> 
     </span>
    </p>
   </div>
   <div class='ocr_carea' id='block_1_11' title="bbox 263 942 1835 1022">
    <p class='ocr_par' dir='ltr' id='par_1_11' title="bbox 263 942 1835 1022">
     <span class='ocr_line' id='line_1_11' title="bbox 263 942 1835 1022; baseline 0.011 -29"><span class='ocrx_word' id='word_1_61' title='bbox 263 942 440 1010; x_wconf 79' lang='grc' dir='ltr'>λόγων</span> <span class='ocrx_word' id='word_1_62' title='bbox 471 945 703 1016; x_wconf 79' lang='grc' dir='ltr'>ἄπειροι,</span> <span class='ocrx_word' id='word_1_63' title='bbox 739 949 832 1000; x_wconf 73' lang='grc' dir='ltr'><strong>καί</strong></span> <span class='ocrx_word' id='word_1_64' title='bbox 865 949 1039 1019; x_wconf 80' lang='grc' dir='ltr'>πάσης</span> <span class='ocrx_word' id='word_1_65' title='bbox 1068 952 1320 1022; x_wconf 86' lang='grc' dir='ltr'>ἁμέτοχοι</span> <span class='ocrx_word' id='word_1_66' title='bbox 1352 956 1631 1020; x_wconf 83' lang='grc' dir='ltr'>παιδείας;</span> <span class='ocrx_word' id='word_1_67' title='bbox 1675 957 1835 1011; x_wconf 83' lang='grc' dir='ltr'>Ἀλλὰ</span> 
     </span>
    </p>
   </div>
   <div class='ocr_carea' id='block_1_12' title="bbox 265 1034 1832 1119">
    <p class='ocr_par' dir='ltr' id='par_1_12' title="bbox 265 1034 1832 1119">
     <span class='ocr_line' id='line_1_12' title="bbox 265 1034 1832 1119; baseline 0.01 -33"><span class='ocrx_word' id='word_1_68' title='bbox 265 1034 376 1105; x_wconf 77' lang='grc' dir='ltr'>μὴν</span> <span class='ocrx_word' id='word_1_69' title='bbox 403 1037 464 1088; x_wconf 85' lang='grc' dir='ltr'>οὐ</span> <span class='ocrx_word' id='word_1_70' title='bbox 495 1037 634 1090; x_wconf 77' lang='grc' dir='ltr'>κατὰ</span> <span class='ocrx_word' id='word_1_71' title='bbox 662 1039 880 1109; x_wconf 73' lang='grc' dir='ltr'>πλῆθος.</span> <span class='ocrx_word' id='word_1_72' title='bbox 905 1043 1042 1095; x_wconf 81' lang='grc' dir='ltr'>κατᾶ</span> <span class='ocrx_word' id='word_1_73' title='bbox 1070 1044 1231 1115; x_wconf 80' lang='grc' dir='ltr'>μέρος</span> <span class='ocrx_word' id='word_1_74' title='bbox 1254 1046 1308 1097; x_wconf 78' lang='grc' dir='ltr'>δὲ</span> <span class='ocrx_word' id='word_1_75' title='bbox 1339 1049 1449 1108; x_wconf 88' lang='grc' dir='ltr'>τοῖς</span> <span class='ocrx_word' id='word_1_76' title='bbox 1475 1050 1832 1119; x_wconf 74' lang='grc' dir='ltr'><strong>προστυχοῦσι</strong></span> 
     </span>
    </p>
   </div>
   <div class='ocr_carea' id='block_1_13' title="bbox 259 1125 1832 1208">
    <p class='ocr_par' dir='ltr' id='par_1_13' title="bbox 259 1125 1832 1208">
     <span class='ocr_line' id='line_1_13' title="bbox 259 1125 1832 1208; baseline 0.008 -25"><span class='ocrx_word' id='word_1_77' title='bbox 259 1125 584 1196; x_wconf 73' lang='grc' dir='ltr'>διελέγοντο.</span> <span class='ocrx_word' id='word_1_78' title='bbox 621 1131 772 1184; x_wconf 87' lang='grc' dir='ltr'>Τίσιν</span> <span class='ocrx_word' id='word_1_79' title='bbox 800 1129 891 1186; x_wconf 81' lang='grc' dir='ltr'><strong>οὖν</strong></span> <span class='ocrx_word' id='word_1_80' title='bbox 924 1135 1016 1188; x_wconf 74' lang='grc' dir='ltr'>καὶ</span> <span class='ocrx_word' id='word_1_81' title='bbox 1039 1136 1238 1199; x_wconf 79' lang='grc' dir='ltr'>ὁποίοις</span> <span class='ocrx_word' id='word_1_82' title='bbox 1272 1137 1506 1207; x_wconf 73' lang='grc' dir='ltr'>ἐχρῶντο</span> <span class='ocrx_word' id='word_1_83' title='bbox 1535 1139 1712 1208; x_wconf 73' lang='grc' dir='ltr'>λόγοις</span> <span class='ocrx_word' id='word_1_84' title='bbox 1741 1145 1832 1195; x_wconf 77' lang='grc' dir='ltr'>ἐπὶ</span> 
     </span>
    </p>
   </div>
   <div class='ocr_carea' id='block_1_14' title="bbox 261 1217 1829 1301">
    <p class='ocr_par' dir='ltr' id='par_1_14' title="bbox 261 1217 1829 1301">
     <span class='ocr_line' id='line_1_14' title="bbox 261 1217 1829 1301; baseline 0.01 -31"><span class='ocrx_word' id='word_1_85' title='bbox 261 1217 438 1270; x_wconf 85' lang='grc' dir='ltr'>πειθὼ</span> <span class='ocrx_word' id='word_1_86' title='bbox 483 1219 590 1272; x_wconf 82' lang='grc' dir='ltr'><strong>τῶν</strong></span> <span class='ocrx_word' id='word_1_87' title='bbox 618 1224 952 1289; x_wconf 81' lang='grc' dir='ltr'>ἀκουόντων;</span> <span class='ocrx_word' id='word_1_88' title='bbox 996 1227 1118 1279; x_wconf 78' lang='grc' dir='ltr'>ἐπεὶ</span> <span class='ocrx_word' id='word_1_89' title='bbox 1155 1228 1286 1298; x_wconf 77' lang='grc' dir='ltr'>μηδὲ</span> <span class='ocrx_word' id='word_1_90' title='bbox 1325 1231 1517 1301; x_wconf 82' lang='grc' dir='ltr'>μικρὸς</span> <span class='ocrx_word' id='word_1_91' title='bbox 1552 1227 1618 1301; x_wconf 78' lang='grc' dir='ltr'>ἦν</span> <span class='ocrx_word' id='word_1_92' title='bbox 1649 1234 1829 1298; x_wconf 72' lang='grc' dir='ltr'>αὐτοῖς</span> 
     </span>
    </p>
   </div>
   <div class='ocr_carea' id='block_1_15' title="bbox 256 1309 1830 1385">
    <p class='ocr_par' dir='ltr' id='par_1_15' title="bbox 256 1309 1830 1385">
     <span class='ocr_line' id='line_1_15' title="bbox 256 1309 1830 1385; baseline 0.011 -24"><span class='ocrx_word' id='word_1_93' title='bbox 256 1309 288 1361; x_wconf 85' lang='grc' dir='ltr'><strong>ὁ</strong></span> <span class='ocrx_word' id='word_1_94' title='bbox 325 1309 499 1378; x_wconf 75' lang='grc' dir='ltr'>ἁγὼν,</span> <span class='ocrx_word' id='word_1_95' title='bbox 547 1311 622 1383; x_wconf 84' lang='grc' dir='ltr'>μὴ</span> <span class='ocrx_word' id='word_1_96' title='bbox 667 1313 1015 1385; x_wconf 74' lang='grc' dir='ltr'>ἀρνουμένοις</span> <span class='ocrx_word' id='word_1_97' title='bbox 1059 1317 1149 1370; x_wconf 83' lang='grc' dir='ltr'><strong>τὸν</strong></span> <span class='ocrx_word' id='word_1_98' title='bbox 1200 1320 1558 1376; x_wconf 80' lang='grc' dir='ltr'>ἐπονείδιστον</span> <span class='ocrx_word' id='word_1_99' title='bbox 1605 1323 1830 1378; x_wconf 81' lang='grc' dir='ltr'>θάνατον</span> 
     </span>
    </p>
   </div>
   <div class='ocr_carea' id='block_1_16' title="bbox 256 1401 1830 1487">
    <p class='ocr_par' dir='ltr' id='par_1_16' title="bbox 256 1401 1830 1487">
     <span class='ocr_line' id='line_1_16' title="bbox 256 1401 1830 1487; baseline 0.003 -34"><span class='ocrx_word' id='word_1_100' title='bbox 256 1401 352 1454; x_wconf 74' lang='grc' dir='ltr'>τοῦ</span> <span class='ocrx_word' id='word_1_101' title='bbox 399 1403 918 1476; x_wconf 82' lang='grc' dir='ltr'>καταγγελλομένου.</span> <span class='ocrx_word' id='word_1_102' title='bbox 956 1410 1018 1462; x_wconf 86' lang='grc' dir='ltr'>Εἰ</span> <span class='ocrx_word' id='word_1_103' title='bbox 1055 1411 1150 1480; x_wconf 84' lang='grc' dir='ltr'>μὲν</span> <span class='ocrx_word' id='word_1_104' title='bbox 1181 1411 1287 1482; x_wconf 79' lang='grc' dir='ltr'><strong>γὰρ</strong></span> <span class='ocrx_word' id='word_1_105' title='bbox 1317 1412 1500 1466; x_wconf 84' lang='grc' dir='ltr'>τοῦτον</span> <span class='ocrx_word' id='word_1_106' title='bbox 1528 1416 1830 1487; x_wconf 53' lang='grc' dir='ltr'>ἐπικρυφά-</span> 
     </span>
    </p>
   </div>
   <div class='ocr_carea' id='block_1_17' title="bbox 262 1497 1831 1570">
    <p class='ocr_par' dir='ltr' id='par_1_17' title="bbox 262 1497 1831 1570">
     <span class='ocr_line' id='line_1_17' title="bbox 262 1497 1831 1570; baseline 0.013 -25"><span class='ocrx_word' id='word_1_107' title='bbox 262 1512 438 1564; x_wconf 81' lang='grc' dir='ltr'>μενοι,</span> <span class='ocrx_word' id='word_1_108' title='bbox 467 1497 553 1548; x_wconf 79' lang='grc' dir='ltr'><strong>καί</strong></span> <span class='ocrx_word' id='word_1_109' title='bbox 580 1497 653 1568; x_wconf 83' lang='grc' dir='ltr'>μὴ</span> <span class='ocrx_word' id='word_1_110' title='bbox 685 1499 1068 1569; x_wconf 82' lang='grc' dir='ltr'>ὁμολογοῦντες</span> <span class='ocrx_word' id='word_1_111' title='bbox 1091 1506 1168 1568; x_wconf 83' lang='grc' dir='ltr'>εἰς</span> <span class='ocrx_word' id='word_1_112' title='bbox 1197 1507 1402 1570; x_wconf 79' lang='grc' dir='ltr'>πάντας</span> <span class='ocrx_word' id='word_1_113' title='bbox 1433 1503 1518 1562; x_wconf 77' lang='grc' dir='ltr'>οἷα</span> <span class='ocrx_word' id='word_1_114' title='bbox 1543 1509 1638 1563; x_wconf 74' lang='grc' dir='ltr'><strong>καί⁵</strong></span> <span class='ocrx_word' id='word_1_115' title='bbox 1658 1512 1831 1566; x_wconf 80' lang='grc' dir='ltr'>ὁπόσα</span> 
     </span>
    </p>
   </div>
   <div class='ocr_carea' id='block_1_18' title="bbox 259 1584 1830 1669">
    <p class='ocr_par' dir='ltr' id='par_1_18' title="bbox 259 1584 1830 1669">
     <span class='ocr_line' id='line_1_18' title="bbox 259 1584 1830 1669; baseline 0.011 -33"><span class='ocrx_word' id='word_1_116' title='bbox 259 1584 525 1638; x_wconf 75' lang='grc' dir='ltr'>πέπονθεν</span> <span class='ocrx_word' id='word_1_117' title='bbox 559 1587 663 1640; x_wconf 83' lang='grc' dir='ltr'><strong>ὑπὸ</strong></span> <span class='ocrx_word' id='word_1_118' title='bbox 709 1589 995 1654; x_wconf 81' lang='grc' dir='ltr'>Ἰουδαίων,</span> <span class='ocrx_word' id='word_1_119' title='bbox 1031 1593 1096 1645; x_wconf 69' lang='grc' dir='ltr'><strong>τὰ</strong></span> <span class='ocrx_word' id='word_1_120' title='bbox 1146 1594 1316 1664; x_wconf 80' lang='grc' dir='ltr'>σεμνὰ</span> <span class='ocrx_word' id='word_1_121' title='bbox 1356 1595 1492 1666; x_wconf 83' lang='grc' dir='ltr'>μόνα</span> <span class='ocrx_word' id='word_1_122' title='bbox 1528 1599 1621 1650; x_wconf 68' lang='grc' dir='ltr'>καὶ</span> <span class='ocrx_word' id='word_1_123' title='bbox 1648 1598 1830 1669; x_wconf 77' lang='grc' dir='ltr'>ἔνδοξα</span> 
     </span>
    </p>
   </div>
   <div class='ocr_carea' id='block_1_19' title="bbox 255 1679 1828 1760">
    <p class='ocr_par' dir='ltr' id='par_1_19' title="bbox 255 1679 1828 1760">
     <span class='ocr_line' id='line_1_19' title="bbox 255 1679 1828 1760; baseline 0.01 -32"><span class='ocrx_word' id='word_1_124' title='bbox 255 1679 650 1750; x_wconf 75' lang='grc' dir='ltr'>προσεκόμιζον</span> <span class='ocrx_word' id='word_1_125' title='bbox 672 1699 684 1712; x_wconf 92' lang='grc'>·</span> <span class='ocrx_word' id='word_1_126' title='bbox 719 1681 859 1750; x_wconf 82' lang='grc' dir='ltr'>λέγω</span> <span class='ocrx_word' id='word_1_127' title='bbox 890 1684 944 1736; x_wconf 82' lang='grc' dir='ltr'>δὲ</span> <span class='ocrx_word' id='word_1_128' title='bbox 987 1684 1082 1750; x_wconf 74' lang='grc' dir='ltr'><strong>τὰς</strong></span> <span class='ocrx_word' id='word_1_129' title='bbox 1110 1685 1571 1760; x_wconf 86' lang='grc' dir='ltr'>θαυματουργίας,</span> <span class='ocrx_word' id='word_1_130' title='bbox 1608 1692 1698 1744; x_wconf 75' lang='grc' dir='ltr'>καὶ</span> <span class='ocrx_word' id='word_1_131' title='bbox 1732 1690 1828 1755; x_wconf 78' lang='grc' dir='ltr'><strong>τὰς</strong></span> 
     </span>
    </p>
   </div>
   <div class='ocr_carea' id='block_1_20' title="bbox 1939 499 3496 576">
    <p class='ocr_par' dir='ltr' id='par_1_20' title="bbox 1939 499 3496 576">
     <span class='ocr_line' id='line_1_20' title="bbox 1939 499 3496 576; baseline 0.007 -26"><span class='ocrx_word' id='word_1_132' title='bbox 1939 514 2003 576; x_wconf 80' lang='lat' dir='ltr'><strong>ex</strong></span> <span class='ocrx_word' id='word_1_133' title='bbox 2061 499 2184 554; x_wconf 87' lang='lat' dir='ltr'><strong>aliis</strong></span> <span class='ocrx_word' id='word_1_134' title='bbox 2239 499 2484 570; x_wconf 86' lang='lat' dir='ltr'><strong>ejusdem</strong></span> <span class='ocrx_word' id='word_1_135' title='bbox 2539 501 2740 556; x_wconf 86' lang='lat' dir='ltr'><strong>divinis</strong></span> <span class='ocrx_word' id='word_1_136' title='bbox 2786 504 2977 572; x_wconf 77' lang='lat' dir='ltr'><strong>gestis,</strong></span> <span class='ocrx_word' id='word_1_137' title='bbox 3048 520 3296 561; x_wconf 86' lang='lat' dir='ltr'><strong>veraeem</strong></span> <span class='ocrx_word' id='word_1_138' title='bbox 3345 507 3496 562; x_wconf 88' lang='lat' dir='ltr'><strong>illum</strong></span> 
     </span>
    </p>
   </div>
   <div class='ocr_carea' id='block_1_21' title="bbox 1940 589 3498 665">
    <p class='ocr_par' dir='ltr' id='par_1_21' title="bbox 1940 589 3498 665">
     <span class='ocr_line' id='line_1_21' title="bbox 1940 589 3498 665; baseline 0.008 -23"><span class='ocrx_word' id='word_1_139' title='bbox 1940 589 1995 643; x_wconf 88' lang='lat' dir='ltr'><strong>in</strong></span> <span class='ocrx_word' id='word_1_140' title='bbox 2047 590 2226 646; x_wconf 84' lang='lat' dir='ltr'><strong>verbis</strong></span> <span class='ocrx_word' id='word_1_141' title='bbox 2285 591 2492 662; x_wconf 79' lang='lat' dir='ltr'><strong>experti</strong></span> <span class='ocrx_word' id='word_1_142' title='bbox 2539 594 2774 648; x_wconf 81' lang='lat' dir='ltr'><strong>essent?</strong></span> <span class='ocrx_word' id='word_1_143' title='bbox 2830 595 2976 665; x_wconf 91' lang='lat' dir='ltr'><strong>quod</strong></span> <span class='ocrx_word' id='word_1_144' title='bbox 3009 597 3152 651; x_wconf 91' lang='lat' dir='ltr'><strong>enim</strong></span> <span class='ocrx_word' id='word_1_145' title='bbox 3208 599 3393 654; x_wconf 79' lang='lat' dir='ltr'><strong>verbis</strong></span> <span class='ocrx_word' id='word_1_146' title='bbox 3431 601 3498 654; x_wconf 91' lang='lat' dir='ltr'><strong>i-l-</strong></span> 
     </span>
    </p>
   </div>
   <div class='ocr_carea' id='block_1_22' title="bbox 1938 681 3499 747">
    <p class='ocr_par' dir='ltr' id='par_1_22' title="bbox 1938 681 3499 747">
     <span class='ocr_line' id='line_1_22' title="bbox 1938 681 3499 747; baseline 0.009 -13"><span class='ocrx_word' id='word_1_147' title='bbox 1938 681 2043 737; x_wconf 91' lang='lat' dir='ltr'><strong>lius</strong></span> <span class='ocrx_word' id='word_1_148' title='bbox 2090 682 2394 746; x_wconf 85' lang='lat' dir='ltr'><strong>crederent,</strong></span> <span class='ocrx_word' id='word_1_149' title='bbox 2453 685 2799 739; x_wconf 84' lang='lat' dir='ltr'><strong>ratiocinanti</strong></span> <span class='ocrx_word' id='word_1_150' title='bbox 2863 687 2958 741; x_wconf 86' lang='lat' dir='ltr'><strong>tibi</strong></span> <span class='ocrx_word' id='word_1_151' title='bbox 3016 689 3261 743; x_wconf 79' lang='lat' dir='ltr'><strong>confiteri</strong></span> <span class='ocrx_word' id='word_1_152' title='bbox 3309 705 3499 747; x_wconf 83' lang='lat' dir='ltr'><strong>neces-</strong></span> 
     </span>
    </p>
   </div>
   <div class='ocr_carea' id='block_1_23' title="bbox 1937 775 3492 854">
    <p class='ocr_par' dir='ltr' id='par_1_23' title="bbox 1937 775 3492 854">
     <span class='ocr_line' id='line_1_23' title="bbox 1937 775 3492 854; baseline 0.006 -25"><span class='ocrx_word' id='word_1_153' title='bbox 1937 789 1996 829; x_wconf 87' lang='lat' dir='ltr'><strong>se</strong></span> <span class='ocrx_word' id='word_1_154' title='bbox 2040 783 2144 830; x_wconf 85' lang='lat' dir='ltr'><strong>est.</strong></span> <span class='ocrx_word' id='word_1_155' title='bbox 2193 775 2480 846; x_wconf 80' lang='lat' dir='ltr'><strong>lmperanti</strong></span> <span class='ocrx_word' id='word_1_156' title='bbox 2543 778 2687 832; x_wconf 86' lang='lat' dir='ltr'><strong>enim</strong></span> <span class='ocrx_word' id='word_1_157' title='bbox 2738 779 2812 832; x_wconf 91' lang='lat' dir='ltr'><strong>illi</strong></span> <span class='ocrx_word' id='word_1_158' title='bbox 2858 781 3040 836; x_wconf 89' lang='lat' dir='ltr'><strong>nullus</strong></span> <span class='ocrx_word' id='word_1_159' title='bbox 3096 798 3203 838; x_wconf 89' lang='lat' dir='ltr'><strong>non</strong></span> <span class='ocrx_word' id='word_1_160' title='bbox 3261 784 3492 854; x_wconf 85' lang='lat' dir='ltr'><strong>paruit;</strong></span> 
     </span>
    </p>
   </div>
   <div class='ocr_carea' id='block_1_24' title="bbox 1941 868 3496 947">
    <p class='ocr_par' dir='ltr' id='par_1_24' title="bbox 1941 868 3496 947">
     <span class='ocr_line' id='line_1_24' title="bbox 1941 868 3496 947; baseline 0.004 -23"><span class='ocrx_word' id='word_1_161' title='bbox 1941 868 2098 938; x_wconf 83' lang='lat'><strong>137</strong></span> <span class='ocrx_word' id='word_1_162' title='bbox 2137 869 2228 925; x_wconf 71' lang='lat' dir='ltr'><strong>sed</strong></span> <span class='ocrx_word' id='word_1_163' title='bbox 2258 870 2504 939; x_wconf 89' lang='lat' dir='ltr'><strong>protinus</strong></span> <span class='ocrx_word' id='word_1_164' title='bbox 2532 872 2902 928; x_wconf 86' lang='lat' dir='ltr'><strong>auscultantes</strong></span> <span class='ocrx_word' id='word_1_165' title='bbox 2923 875 3068 930; x_wconf 91' lang='lat' dir='ltr'><strong>illius</strong></span> <span class='ocrx_word' id='word_1_166' title='bbox 3118 876 3272 930; x_wconf 90' lang='lat' dir='ltr'><strong>nntui</strong></span> <span class='ocrx_word' id='word_1_167' title='bbox 3311 892 3496 947; x_wconf 89' lang='lat' dir='ltr'><strong>quem-</strong></span> 
     </span>
    </p>
   </div>
   <div class='ocr_carea' id='block_1_25' title="bbox 1935 959 3496 1037">
    <p class='ocr_par' dir='ltr' id='par_1_25' title="bbox 1935 959 3496 1037">
     <span class='ocr_line' id='line_1_25' title="bbox 1935 959 3496 1037; baseline 0.009 -26"><span class='ocrx_word' id='word_1_168' title='bbox 1935 959 2222 1014; x_wconf 83' lang='lat' dir='ltr'><strong>admouum</strong></span> <span class='ocrx_word' id='word_1_169' title='bbox 2257 962 2388 1030; x_wconf 88' lang='lat' dir='ltr'><strong>ipsis</strong></span> <span class='ocrx_word' id='word_1_170' title='bbox 2425 969 2752 1032; x_wconf 67' lang='lat' dir='ltr'><strong>praeceptum</strong></span> <span class='ocrx_word' id='word_1_171' title='bbox 2785 962 2984 1030; x_wconf 78' lang='lat' dir='ltr'><strong>fuerat,</strong></span> <span class='ocrx_word' id='word_1_172' title='bbox 3009 980 3072 1020; x_wconf 89' lang='lat' dir='ltr'><strong>ac</strong></span> <span class='ocrx_word' id='word_1_173' title='bbox 3095 966 3162 1021; x_wconf 91' lang='lat' dir='ltr'><strong>de</strong></span> <span class='ocrx_word' id='word_1_174' title='bbox 3189 967 3378 1037; x_wconf 84' lang='lat' dir='ltr'><strong>patriis</strong></span> <span class='ocrx_word' id='word_1_175' title='bbox 3406 983 3496 1025; x_wconf 82' lang='lat' dir='ltr'><strong>se-</strong></span> 
     </span>
    </p>
   </div>
   <div class='ocr_carea' id='block_1_26' title="bbox 1929 1051 3492 1126">
    <p class='ocr_par' dir='ltr' id='par_1_26' title="bbox 1929 1051 3492 1126">
     <span class='ocr_line' id='line_1_26' title="bbox 1929 1051 3492 1126; baseline 0.007 -22"><span class='ocrx_word' id='word_1_176' title='bbox 1929 1051 2095 1108; x_wconf 87' lang='lat' dir='ltr'><strong>dibus</strong></span> <span class='ocrx_word' id='word_1_177' title='bbox 2139 1053 2206 1108; x_wconf 88' lang='lat' dir='ltr'><strong>ad</strong></span> <span class='ocrx_word' id='word_1_178' title='bbox 2256 1070 2444 1109; x_wconf 83' lang='lat' dir='ltr'><strong>omnes</strong></span> <span class='ocrx_word' id='word_1_179' title='bbox 2494 1066 2680 1124; x_wconf 79' lang='lat' dir='ltr'><strong>gentes</strong></span> <span class='ocrx_word' id='word_1_180' title='bbox 2726 1059 2972 1126; x_wconf 83' lang='lat' dir='ltr'><strong>pro&#39;ecti,</strong></span> <span class='ocrx_word' id='word_1_181' title='bbox 3007 1074 3166 1114; x_wconf 89' lang='lat' dir='ltr'><strong>omne</strong></span> <span class='ocrx_word' id='word_1_182' title='bbox 3214 1060 3492 1117; x_wconf 85' lang='lat' dir='ltr'><strong>hominum</strong></span> 
     </span>
    </p>
   </div>
   <div class='ocr_carea' id='block_1_27' title="bbox 1931 1144 3490 1220">
    <p class='ocr_par' dir='ltr' id='par_1_27' title="bbox 1931 1144 3490 1220">
     <span class='ocr_line' id='line_1_27' title="bbox 1931 1144 3490 1220; baseline 0.008 -23"><span class='ocrx_word' id='word_1_183' title='bbox 1931 1160 2103 1214; x_wconf 80' lang='lat' dir='ltr'><strong>genus</strong></span> <span class='ocrx_word' id='word_1_184' title='bbox 2148 1144 2471 1210; x_wconf 89' lang='lat' dir='ltr'><strong>docuerunt,</strong></span> <span class='ocrx_word' id='word_1_185' title='bbox 2510 1148 2766 1218; x_wconf 83' lang='lat' dir='ltr'><strong>brevique</strong></span> <span class='ocrx_word' id='word_1_186' title='bbox 2808 1158 3051 1219; x_wconf 89' lang='lat' dir='ltr'><strong>tempore</strong></span> <span class='ocrx_word' id='word_1_187' title='bbox 3095 1151 3296 1207; x_wconf 89' lang='lat' dir='ltr'><strong>intueri</strong></span> <span class='ocrx_word' id='word_1_188' title='bbox 3339 1155 3490 1220; x_wconf 86' lang='lat' dir='ltr'><strong>licuit</strong></span> 
     </span>
    </p>
   </div>
   <div class='ocr_carea' id='block_1_28' title="bbox 1932 1237 3490 1313">
    <p class='ocr_par' dir='ltr' id='par_1_28' title="bbox 1932 1237 3490 1313">
     <span class='ocr_line' id='line_1_28' title="bbox 1932 1237 3490 1313; baseline 0.008 -24"><span class='ocrx_word' id='word_1_189' title='bbox 1932 1237 2316 1307; x_wconf 82' lang='lat' dir='ltr'><strong>respondentia</strong></span> <span class='ocrx_word' id='word_1_190' title='bbox 2349 1239 2529 1294; x_wconf 80' lang='lat' dir='ltr'><strong>verbis</strong></span> <span class='ocrx_word' id='word_1_191' title='bbox 2561 1238 2724 1296; x_wconf 87' lang='lat' dir='ltr'><strong>facta.</strong></span> <span class='ocrx_word' id='word_1_192' title='bbox 2768 1238 3125 1295; x_wconf 71' lang='lat' dir='ltr'><strong>Prmdicatum</strong></span> <span class='ocrx_word' id='word_1_193' title='bbox 3182 1243 3362 1313; x_wconf 80' lang='lat' dir='ltr'><strong>itaque</strong></span> <span class='ocrx_word' id='word_1_194' title='bbox 3408 1255 3490 1301; x_wconf 89' lang='lat' dir='ltr'><strong>est</strong></span> 
     </span>
    </p>
   </div>
   <div class='ocr_carea' id='block_1_29' title="bbox 1931 1328 3489 1405">
    <p class='ocr_par' dir='ltr' id='par_1_29' title="bbox 1931 1328 3489 1405">
     <span class='ocr_line' id='line_1_29' title="bbox 1931 1328 3489 1405; baseline 0.006 -24"><span class='ocrx_word' id='word_1_195' title='bbox 1931 1328 1984 1381; x_wconf 92' lang='lat' dir='ltr'><strong>in</strong></span> <span class='ocrx_word' id='word_1_196' title='bbox 2006 1330 2202 1398; x_wconf 72' lang='lat' dir='ltr'><strong>exiguo</strong></span> <span class='ocrx_word' id='word_1_197' title='bbox 2231 1331 2490 1400; x_wconf 92' lang='lat' dir='ltr'><strong>temporis</strong></span> <span class='ocrx_word' id='word_1_198' title='bbox 2525 1332 2700 1400; x_wconf 89' lang='lat' dir='ltr'><strong>spatio</strong></span> <span class='ocrx_word' id='word_1_199' title='bbox 2732 1331 2784 1385; x_wconf 93' lang='lat' dir='ltr'><strong>in</strong></span> <span class='ocrx_word' id='word_1_200' title='bbox 2818 1341 2931 1387; x_wconf 88' lang='lat' dir='ltr'><strong>toto</strong></span> <span class='ocrx_word' id='word_1_201' title='bbox 2961 1335 3094 1388; x_wconf 80' lang='lat' dir='ltr'><strong>orbe</strong></span> <span class='ocrx_word' id='word_1_202' title='bbox 3121 1332 3489 1405; x_wconf 84' lang='lat' dir='ltr'><strong>Evangelium,</strong></span> 
     </span>
    </p>
   </div>
   <div class='ocr_carea' id='block_1_30' title="bbox 1931 1419 3492 1494">
    <p class='ocr_par' dir='ltr' id='par_1_30' title="bbox 1931 1419 3492 1494">
     <span class='ocr_line' id='line_1_30' title="bbox 1931 1419 3492 1494; baseline 0.006 -22"><span class='ocrx_word' id='word_1_203' title='bbox 1931 1419 1985 1473; x_wconf 91' lang='lat' dir='ltr'><strong>in</strong></span> <span class='ocrx_word' id='word_1_204' title='bbox 2039 1421 2404 1474; x_wconf 84' lang='lat' dir='ltr'><strong>testimonium</strong></span> <span class='ocrx_word' id='word_1_205' title='bbox 2468 1423 2680 1478; x_wconf 82' lang='lat' dir='ltr'><strong>cunctis</strong></span> <span class='ocrx_word' id='word_1_206' title='bbox 2724 1425 3006 1494; x_wconf 77' lang='lat' dir='ltr'><strong>gentibus;</strong></span> <span class='ocrx_word' id='word_1_207' title='bbox 3056 1431 3108 1478; x_wconf 88' lang='lat' dir='ltr'><strong>ct</strong></span> <span class='ocrx_word' id='word_1_208' title='bbox 3164 1426 3381 1480; x_wconf 86' lang='lat' dir='ltr'><strong>barbari</strong></span> <span class='ocrx_word' id='word_1_209' title='bbox 3437 1434 3492 1482; x_wconf 83' lang='lat' dir='ltr'><strong>et</strong></span> 
     </span>
    </p>
   </div>
   <div class='ocr_carea' id='block_1_31' title="bbox 1931 1508 3492 1585">
    <p class='ocr_par' dir='ltr' id='par_1_31' title="bbox 1931 1508 3492 1585">
     <span class='ocr_line' id='line_1_31' title="bbox 1931 1508 3492 1585; baseline 0.008 -22"><span class='ocrx_word' id='word_1_210' title='bbox 1931 1508 2101 1564; x_wconf 65' lang='lat' dir='ltr'><strong>Graeci</strong></span> <span class='ocrx_word' id='word_1_211' title='bbox 2129 1527 2251 1580; x_wconf 73' lang='lat' dir='ltr'><strong>qua:</strong></span> <span class='ocrx_word' id='word_1_212' title='bbox 2283 1512 2348 1566; x_wconf 92' lang='lat' dir='ltr'><strong>de</strong></span> <span class='ocrx_word' id='word_1_213' title='bbox 2383 1510 2514 1567; x_wconf 87' lang='lat' dir='ltr'><strong>Jesu</strong></span> <span class='ocrx_word' id='word_1_214' title='bbox 2571 1514 2774 1583; x_wconf 88' lang='lat' dir='ltr'><strong>scripta</strong></span> <span class='ocrx_word' id='word_1_215' title='bbox 2828 1523 3004 1580; x_wconf 90' lang='lat' dir='ltr'><strong>erant,</strong></span> <span class='ocrx_word' id='word_1_216' title='bbox 3044 1517 3235 1585; x_wconf 85' lang='lat' dir='ltr'><strong>patriis</strong></span> <span class='ocrx_word' id='word_1_217' title='bbox 3295 1517 3492 1575; x_wconf 84' lang='lat' dir='ltr'><strong>litteris</strong></span> 
     </span>
    </p>
   </div>
   <div class='ocr_carea' id='block_1_32' title="bbox 1931 1604 3489 1678">
    <p class='ocr_par' dir='ltr' id='par_1_32' title="bbox 1931 1604 3489 1678">
     <span class='ocr_line' id='line_1_32' title="bbox 1931 1604 3489 1678; baseline 0.006 -22"><span class='ocrx_word' id='word_1_218' title='bbox 1931 1604 2215 1673; x_wconf 87' lang='lat' dir='ltr'><strong>patriaque</strong></span> <span class='ocrx_word' id='word_1_219' title='bbox 2274 1619 2404 1660; x_wconf 90' lang='lat' dir='ltr'><strong>voce</strong></span> <span class='ocrx_word' id='word_1_220' title='bbox 2460 1615 2812 1676; x_wconf 78' lang='lat' dir='ltr'><strong>exceperunt.</strong></span> <span class='ocrx_word' id='word_1_221' title='bbox 2873 1607 3160 1674; x_wconf 70' lang='lat' dir='ltr'><strong>Caeterum,</strong></span> <span class='ocrx_word' id='word_1_222' title='bbox 3209 1611 3331 1678; x_wconf 89' lang='lat' dir='ltr'><strong>quis</strong></span> <span class='ocrx_word' id='word_1_223' title='bbox 3379 1625 3489 1666; x_wconf 88' lang='lat' dir='ltr'><strong>non</strong></span> 
     </span>
    </p>
   </div>
   <div class='ocr_carea' id='block_1_33' title="bbox 1931 1695 3487 1772">
    <p class='ocr_par' dir='ltr' id='par_1_33' title="bbox 1931 1695 3487 1772">
     <span class='ocr_line' id='line_1_33' title="bbox 1931 1695 3487 1772; baseline 0.007 -24"><span class='ocrx_word' id='word_1_224' title='bbox 1931 1695 2124 1749; x_wconf 90' lang='lat' dir='ltr'><strong>merito</strong></span> <span class='ocrx_word' id='word_1_225' title='bbox 2148 1695 2386 1765; x_wconf 82' lang='lat' dir='ltr'><strong>ambigat</strong></span> <span class='ocrx_word' id='word_1_226' title='bbox 2422 1714 2668 1766; x_wconf 70' lang='lat' dir='ltr'><strong>quaenam</strong></span> <span class='ocrx_word' id='word_1_227' title='bbox 2720 1699 2881 1753; x_wconf 86' lang='lat' dir='ltr'><strong>fuerit</strong></span> <span class='ocrx_word' id='word_1_228' title='bbox 2929 1697 3057 1754; x_wconf 86' lang='lat' dir='ltr'><strong>Jesu</strong></span> <span class='ocrx_word' id='word_1_229' title='bbox 3093 1700 3487 1772; x_wconf 81' lang='lat' dir='ltr'><strong>discipulorum</strong></span> 
     </span>
    </p>
   </div>
   <div class='ocr_carea' id='block_1_34' title="bbox 257 1765 1821 1862">
    <p class='ocr_par' dir='ltr' id='par_1_34' title="bbox 257 1773 1821 1851">
     <span class='ocr_line' id='line_1_34' title="bbox 257 1773 1821 1851; baseline 0.01 -30"><span class='ocrx_word' id='word_1_230' title='bbox 257 1773 713 1841; x_wconf 79' lang='grc' dir='ltr'>παραδοξοποιίας</span> <span class='ocrx_word' id='word_1_231' title='bbox 746 1776 932 1839; x_wconf 78' lang='grc' dir='ltr'>αὐτοῦ,</span> <span class='ocrx_word' id='word_1_232' title='bbox 962 1778 1060 1840; x_wconf 84' lang='grc' dir='ltr'><strong>τάς</strong></span> <span class='ocrx_word' id='word_1_233' title='bbox 1101 1797 1159 1832; x_wconf 91' lang='grc' dir='ltr'><strong>τε</strong></span> <span class='ocrx_word' id='word_1_234' title='bbox 1206 1781 1526 1851; x_wconf 82' lang='grc' dir='ltr'>φιλοσόφους</span> <span class='ocrx_word' id='word_1_235' title='bbox 1574 1782 1821 1837; x_wconf 83' lang='grc' dir='ltr'>διδασκα-</span> 
     </span>
    </p>
   </div>
   <div class='ocr_carea' id='block_1_35' title="bbox 1924 1765 3487 1862">
    <p class='ocr_par' dir='ltr' id='par_1_35' title="bbox 1927 1765 3487 1862">
     <span class='ocr_line' id='line_1_35' title="bbox 1927 1765 3487 1862; baseline 0.008 -24"><span class='ocrx_word' id='word_1_236' title='bbox 1927 1785 2158 1840; x_wconf 89' lang='lat' dir='ltr'><strong>docendi</strong></span> <span class='ocrx_word' id='word_1_237' title='bbox 2207 1789 2366 1851; x_wconf 86' lang='lat' dir='ltr'><strong>ratio,</strong></span> <span class='ocrx_word' id='word_1_238' title='bbox 2400 1765 2525 1858; x_wconf 82' lang='lat' dir='ltr'><strong>quis</strong></span> <span class='ocrx_word' id='word_1_239' title='bbox 2566 1791 2798 1845; x_wconf 89' lang='lat' dir='ltr'><strong>modus?</strong></span> <span class='ocrx_word' id='word_1_240' title='bbox 2829 1789 3100 1862; x_wconf 72' lang='lat' dir='ltr'><strong>Nunquid</strong></span> <span class='ocrx_word' id='word_1_241' title='bbox 3157 1794 3209 1847; x_wconf 91' lang='lat' dir='ltr'><strong>in</strong></span> <span class='ocrx_word' id='word_1_242' title='bbox 3235 1765 3487 1850; x_wconf 35' lang='lat' dir='ltr'><strong>Imediam</strong></span> 
     </span>
    </p>
   </div>
   <div class='ocr_carea' id='block_1_36' title="bbox 257 1861 1825 1944">
    <p class='ocr_par' dir='ltr' id='par_1_36' title="bbox 257 1861 1825 1944">
     <span class='ocr_line' id='line_1_36' title="bbox 257 1861 1825 1944; baseline 0.008 -30"><span class='ocrx_word' id='word_1_243' title='bbox 257 1861 380 1924; x_wconf 86' lang='grc' dir='ltr'>λίας</span> <span class='ocrx_word' id='word_1_244' title='bbox 424 1864 588 1917; x_wconf 73' lang='grc' dir='ltr'>αὐτοῦ</span> <span class='ocrx_word' id='word_1_245' title='bbox 613 1881 626 1894; x_wconf 76' lang='grc' dir='ltr'><strong><em>ο</em></strong></span> <span class='ocrx_word' id='word_1_246' title='bbox 663 1867 770 1919; x_wconf 85' lang='grc' dir='ltr'>οὐδ’</span> <span class='ocrx_word' id='word_1_247' title='bbox 811 1865 983 1931; x_wconf 83' lang='grc' dir='ltr'>οὕτως</span> <span class='ocrx_word' id='word_1_248' title='bbox 1025 1864 1093 1939; x_wconf 83' lang='grc' dir='ltr'><strong>ἦν</strong></span> <span class='ocrx_word' id='word_1_249' title='bbox 1125 1871 1308 1933; x_wconf 84' lang='grc' dir='ltr'>αὐτοῖς</span> <span class='ocrx_word' id='word_1_250' title='bbox 1354 1872 1582 1944; x_wconf 76' lang='grc' dir='ltr'>εὐχερὴς</span> <span class='ocrx_word' id='word_1_251' title='bbox 1610 1875 1638 1926; x_wconf 84' lang='grc' dir='ltr'>ὁ</span> <span class='ocrx_word' id='word_1_252' title='bbox 1670 1873 1825 1941; x_wconf 81' lang='grc' dir='ltr'>λόγος</span> 
     </span>
    </p>
   </div>
   <div class='ocr_carea' id='block_1_37' title="bbox 257 1952 1824 2032">
    <p class='ocr_par' dir='ltr' id='par_1_37' title="bbox 257 1952 1824 2032">
     <span class='ocr_line' id='line_1_37' title="bbox 257 1952 1824 2032; baseline 0.015 -35"><span class='ocrx_word' id='word_1_253' title='bbox 257 1952 393 2022; x_wconf 71' lang='grc' dir='ltr'>πρὸς</span> <span class='ocrx_word' id='word_1_254' title='bbox 416 1954 478 2005; x_wconf 82' lang='grc' dir='ltr'>τὸ</span> <span class='ocrx_word' id='word_1_255' title='bbox 503 1954 726 2023; x_wconf 69' lang='grc' dir='ltr'>ποιῆσαι</span> <span class='ocrx_word' id='word_1_256' title='bbox 757 1957 951 2028; x_wconf 71' lang='grc' dir='ltr'>ῥᾳδίως</span> <span class='ocrx_word' id='word_1_257' title='bbox 992 1961 1423 2026; x_wconf 85' lang='grc' dir='ltr'>συγκαταθέσθαι</span> <span class='ocrx_word' id='word_1_258' title='bbox 1449 1965 1572 2027; x_wconf 80' lang='grc' dir='ltr'>τοὺς</span> <span class='ocrx_word' id='word_1_259' title='bbox 1599 1965 1824 2032; x_wconf 81' lang='grc' dir='ltr'>ἀκούον-</span> 
     </span>
    </p>
   </div>
   <div class='ocr_carea' id='block_1_38' title="bbox 253 2047 1825 2125">
    <p class='ocr_par' dir='ltr' id='par_1_38' title="bbox 253 2047 1825 2125">
     <span class='ocr_line' id='line_1_38' title="bbox 253 2047 1825 2125; baseline 0.008 -27"><span class='ocrx_word' id='word_1_260' title='bbox 253 2061 352 2108; x_wconf 85' lang='grc' dir='ltr'><strong>τας</strong></span> <span class='ocrx_word' id='word_1_261' title='bbox 383 2047 898 2118; x_wconf 66' lang='grc' dir='ltr'>ξενοςωνουμένους,</span> <span class='ocrx_word' id='word_1_262' title='bbox 937 2051 1028 2104; x_wconf 69' lang='grc' dir='ltr'><strong>καὶ</strong></span> <span class='ocrx_word' id='word_1_263' title='bbox 1069 2052 1192 2124; x_wconf 83' lang='grc' dir='ltr'>ἄρτι</span> <span class='ocrx_word' id='word_1_264' title='bbox 1219 2053 1432 2125; x_wconf 84' lang='grc' dir='ltr'>πρῶτον</span> <span class='ocrx_word' id='word_1_265' title='bbox 1462 2055 1825 2121; x_wconf 78' lang='grc' dir='ltr'>ἐπακούοντας</span> 
     </span>
    </p>
   </div>
   <div class='ocr_carea' id='block_1_39' title="bbox 253 2137 1824 2218">
    <p class='ocr_par' dir='ltr' id='par_1_39' title="bbox 253 2137 1824 2218">
     <span class='ocr_line' id='line_1_39' title="bbox 253 2137 1824 2218; baseline 0.009 -30"><span class='ocrx_word' id='word_1_266' title='bbox 253 2137 458 2189; x_wconf 83' lang='grc' dir='ltr'>καινῶν</span> <span class='ocrx_word' id='word_1_267' title='bbox 520 2141 778 2208; x_wconf 75' lang='grc' dir='ltr'>ῥημάτων</span> <span class='ocrx_word' id='word_1_268' title='bbox 841 2143 933 2194; x_wconf 80' lang='grc' dir='ltr'><strong>ὑπ’</strong></span> <span class='ocrx_word' id='word_1_269' title='bbox 995 2143 1202 2216; x_wconf 85' lang='grc' dir='ltr'>ἀνδρῶν</span> <span class='ocrx_word' id='word_1_270' title='bbox 1261 2145 1411 2198; x_wconf 78' lang='grc' dir='ltr'>οὐδὲν</span> <span class='ocrx_word' id='word_1_271' title='bbox 1472 2147 1824 2218; x_wconf 81' lang='grc' dir='ltr'>ἐπαγομένων</span> 
     </span>
    </p>
   </div>
   <div class='ocr_carea' id='block_1_40' title="bbox 248 2231 1824 2311">
    <p class='ocr_par' dir='ltr' id='par_1_40' title="bbox 248 2231 1824 2311">
     <span class='ocr_line' id='line_1_40' title="bbox 248 2231 1824 2311; baseline 0.009 -30"><span class='ocrx_word' id='word_1_272' title='bbox 248 2231 565 2296; x_wconf 80' lang='grc' dir='ltr'>ἀξιόπιστον</span> <span class='ocrx_word' id='word_1_273' title='bbox 591 2233 689 2303; x_wconf 75' lang='grc' dir='ltr'>τὴν</span> <span class='ocrx_word' id='word_1_274' title='bbox 710 2233 816 2286; x_wconf 87' lang='grc' dir='ltr'><strong>τῶν</strong></span> <span class='ocrx_word' id='word_1_275' title='bbox 847 2234 1149 2306; x_wconf 83' lang='grc' dir='ltr'>λεγομένων</span> <span class='ocrx_word' id='word_1_276' title='bbox 1185 2238 1507 2309; x_wconf 87' lang='grc' dir='ltr'>μαρτυρίαν.</span> <span class='ocrx_word' id='word_1_277' title='bbox 1543 2240 1686 2311; x_wconf 80' lang='grc' dir='ltr'>Πλὴν</span> <span class='ocrx_word' id='word_1_278' title='bbox 1711 2241 1824 2294; x_wconf 83' lang='grc' dir='ltr'>ἀλλ’</span> 
     </span>
    </p>
   </div>
   <div class='ocr_carea' id='block_1_41' title="bbox 253 2323 1824 2401">
    <p class='ocr_par' dir='ltr' id='par_1_41' title="bbox 253 2323 1824 2401">
     <span class='ocr_line' id='line_1_41' title="bbox 253 2323 1824 2401; baseline 0.008 -27"><span class='ocrx_word' id='word_1_279' title='bbox 253 2323 433 2384; x_wconf 72' lang='grc' dir='ltr'>ἔδοξεν</span> <span class='ocrx_word' id='word_1_280' title='bbox 463 2324 528 2378; x_wconf 80' lang='grc' dir='ltr'>ἂν</span> <span class='ocrx_word' id='word_1_281' title='bbox 562 2325 924 2398; x_wconf 80' lang='grc' dir='ltr'>πιθανώτερον</span> <span class='ocrx_word' id='word_1_282' title='bbox 949 2327 1202 2396; x_wconf 85' lang='grc' dir='ltr'>λέγεσθαι</span> <span class='ocrx_word' id='word_1_283' title='bbox 1225 2329 1292 2382; x_wconf 70' lang='grc' dir='ltr'>τὰ</span> <span class='ocrx_word' id='word_1_284' title='bbox 1325 2332 1605 2401; x_wconf 79' lang='grc' dir='ltr'>εἰρημένα.</span> <span class='ocrx_word' id='word_1_285' title='bbox 1635 2333 1746 2386; x_wconf 79' lang='grc' dir='ltr'><strong>Νῦν</strong></span> <span class='ocrx_word' id='word_1_286' title='bbox 1767 2334 1824 2387; x_wconf 86' lang='grc' dir='ltr'>δὲ</span> 
     </span>
    </p>
   </div>
   <div class='ocr_carea' id='block_1_42' title="bbox 248 2416 1824 2494">
    <p class='ocr_par' dir='ltr' id='par_1_42' title="bbox 248 2416 1824 2494">
     <span class='ocr_line' id='line_1_42' title="bbox 248 2416 1824 2494; baseline 0.008 -27"><span class='ocrx_word' id='word_1_287' title='bbox 248 2417 372 2468; x_wconf 81' lang='grc' dir='ltr'>τοτὲ</span> <span class='ocrx_word' id='word_1_288' title='bbox 400 2417 499 2485; x_wconf 82' lang='grc' dir='ltr'>μὲν</span> <span class='ocrx_word' id='word_1_289' title='bbox 528 2416 615 2468; x_wconf 71' lang='grc' dir='ltr'>τὸν</span> <span class='ocrx_word' id='word_1_290' title='bbox 647 2419 1076 2490; x_wconf 75' lang='grc' dir='ltr'>πρεσϐευόμενον</span> <span class='ocrx_word' id='word_1_291' title='bbox 1105 2421 1236 2474; x_wconf 82' lang='grc' dir='ltr'><strong>Θεὸν</strong></span> <span class='ocrx_word' id='word_1_292' title='bbox 1267 2424 1322 2474; x_wconf 86' lang='grc' dir='ltr'><strong>ἐν</strong></span> <span class='ocrx_word' id='word_1_293' title='bbox 1349 2423 1634 2493; x_wconf 79' lang='grc' dir='ltr'>ἀνθρώπου</span> <span class='ocrx_word' id='word_1_294' title='bbox 1668 2442 1824 2494; x_wconf 84' lang='grc' dir='ltr'>γεγο-</span> 
     </span>
    </p>
   </div>
   <div class='ocr_carea' id='block_1_43' title="bbox 250 2505 1819 2586">
    <p class='ocr_par' dir='ltr' id='par_1_43' title="bbox 250 2505 1819 2586">
     <span class='ocr_line' id='line_1_43' title="bbox 250 2505 1819 2586; baseline 0.007 -28"><span class='ocrx_word' id='word_1_295' title='bbox 250 2505 403 2559; x_wconf 87' lang='grc' dir='ltr'>νέναι</span> <span class='ocrx_word' id='word_1_296' title='bbox 435 2505 664 2576; x_wconf 83' lang='grc' dir='ltr'>σώματι,</span> <span class='ocrx_word' id='word_1_297' title='bbox 702 2507 794 2560; x_wconf 81' lang='grc' dir='ltr'>καὶ</span> <span class='ocrx_word' id='word_1_298' title='bbox 826 2508 972 2562; x_wconf 73' lang='grc' dir='ltr'>οὐδὲν</span> <span class='ocrx_word' id='word_1_299' title='bbox 998 2509 1125 2562; x_wconf 78' lang='grc' dir='ltr'>ἄλλο</span> <span class='ocrx_word' id='word_1_300' title='bbox 1157 2512 1251 2582; x_wconf 82' lang='grc' dir='ltr'>τὴν</span> <span class='ocrx_word' id='word_1_301' title='bbox 1286 2513 1445 2581; x_wconf 81' lang='grc' dir='ltr'>φύσιν</span> <span class='ocrx_word' id='word_1_302' title='bbox 1469 2510 1607 2567; x_wconf 82' lang='grc' dir='ltr'>εἶναι</span> <span class='ocrx_word' id='word_1_303' title='bbox 1635 2515 1819 2586; x_wconf 78' lang='grc' dir='ltr'><strong>ἣΘεοῦ</strong></span> 
     </span>
    </p>
   </div>
   <div class='ocr_carea' id='block_1_44' title="bbox 247 2598 1819 2678">
    <p class='ocr_par' dir='ltr' id='par_1_44' title="bbox 247 2598 1819 2678">
     <span class='ocr_line' id='line_1_44' title="bbox 247 2598 1819 2678; baseline 0.005 -26"><span class='ocrx_word' id='word_1_304' title='bbox 247 2598 446 2666; x_wconf 72' lang='grc' dir='ltr'>Λόγοι,</span> <span class='ocrx_word' id='word_1_305' title='bbox 477 2598 555 2651; x_wconf 78' lang='grc' dir='ltr'>διὸ</span> <span class='ocrx_word' id='word_1_306' title='bbox 589 2600 680 2652; x_wconf 75' lang='grc' dir='ltr'>καὶ</span> <span class='ocrx_word' id='word_1_307' title='bbox 711 2603 962 2666; x_wconf 77' lang='grc' dir='ltr'>τοιαύτας</span> <span class='ocrx_word' id='word_1_308' title='bbox 991 2603 1278 2674; x_wconf 83' lang='grc' dir='ltr'>τεραστίας</span> <span class='ocrx_word' id='word_1_309' title='bbox 1303 2604 1557 2675; x_wconf 78' lang='grc' dir='ltr'>δυνάμεις</span> <span class='ocrx_word' id='word_1_310' title='bbox 1590 2625 1819 2678; x_wconf 86' lang='grc' dir='ltr'>πεποιη-</span> 
     </span>
    </p>
   </div>
   <div class='ocr_carea' id='block_1_45' title="bbox 250 2685 1820 2768">
    <p class='ocr_par' dir='ltr' id='par_1_45' title="bbox 250 2685 1820 2768">
     <span class='ocr_line' id='line_1_45' title="bbox 250 2685 1820 2768; baseline 0.006 -26"><span class='ocrx_word' id='word_1_311' title='bbox 250 2690 407 2744; x_wconf 83' lang='grc' dir='ltr'>κέναι</span> <span class='ocrx_word' id='word_1_312' title='bbox 439 2685 524 2743; x_wconf 81' lang='grc' dir='ltr'>οἷα</span> <span class='ocrx_word' id='word_1_313' title='bbox 551 2693 714 2748; x_wconf 85' lang='grc' dir='ltr'><strong>Θεόν·</strong></span> <span class='ocrx_word' id='word_1_314' title='bbox 742 2694 861 2746; x_wconf 86' lang='grc' dir='ltr'><strong>τοτέ</strong></span> <span class='ocrx_word' id='word_1_315' title='bbox 893 2694 949 2746; x_wconf 79' lang='grc' dir='ltr'>δὲ</span> <span class='ocrx_word' id='word_1_316' title='bbox 981 2695 1188 2757; x_wconf 79' lang='grc' dir='ltr'>τούτοις</span> <span class='ocrx_word' id='word_1_317' title='bbox 1222 2696 1478 2760; x_wconf 81' lang='grc' dir='ltr'>ἐναντίως</span> <span class='ocrx_word' id='word_1_318' title='bbox 1509 2695 1692 2768; x_wconf 76' lang='grc' dir='ltr'>ὕϐρεις</span> <span class='ocrx_word' id='word_1_319' title='bbox 1723 2700 1820 2752; x_wconf 84' lang='grc' dir='ltr'><strong>αὑ·-</strong></span> 
     </span>
    </p>
   </div>
   <div class='ocr_carea' id='block_1_46' title="bbox 247 2784 1819 2862">
    <p class='ocr_par' dir='ltr' id='par_1_46' title="bbox 247 2784 1819 2862">
     <span class='ocr_line' id='line_1_46' title="bbox 247 2784 1819 2862; baseline 0.006 -26"><span class='ocrx_word' id='word_1_320' title='bbox 247 2784 344 2836; x_wconf 76' lang='grc' dir='ltr'><strong>τὸν</strong></span> <span class='ocrx_word' id='word_1_321' title='bbox 372 2786 463 2836; x_wconf 77' lang='grc' dir='ltr'>καὶ</span> <span class='ocrx_word' id='word_1_322' title='bbox 493 2785 714 2855; x_wconf 75' lang='grc' dir='ltr'>ἀτιμίας</span> <span class='ocrx_word' id='word_1_323' title='bbox 739 2787 1044 2858; x_wconf 81' lang='grc' dir='ltr'>ὑπομεῖναι,</span> <span class='ocrx_word' id='word_1_324' title='bbox 1080 2790 1173 2840; x_wconf 76' lang='grc' dir='ltr'>καὶ</span> <span class='ocrx_word' id='word_1_325' title='bbox 1217 2790 1367 2853; x_wconf 84' lang='grc' dir='ltr'>τέλος</span> <span class='ocrx_word' id='word_1_326' title='bbox 1400 2790 1495 2861; x_wconf 78' lang='grc' dir='ltr'><strong>τὴν</strong></span> <span class='ocrx_word' id='word_1_327' title='bbox 1539 2791 1819 2862; x_wconf 72' lang='grc' dir='ltr'>αἰσχίστην</span> 
     </span>
    </p>
   </div>
   <div class='ocr_carea' id='block_1_47' title="bbox 249 2876 1818 2955">
    <p class='ocr_par' dir='ltr' id='par_1_47' title="bbox 249 2876 1818 2955">
     <span class='ocr_line' id='line_1_47' title="bbox 249 2876 1818 2955; baseline 0.004 -26"><span class='ocrx_word' id='word_1_328' title='bbox 249 2876 350 2929; x_wconf 79' lang='grc' dir='ltr'><strong>καὶ</strong></span> <span class='ocrx_word' id='word_1_329' title='bbox 375 2879 485 2940; x_wconf 81' lang='grc' dir='ltr'>τοῖς</span> <span class='ocrx_word' id='word_1_330' title='bbox 522 2877 735 2931; x_wconf 72' lang='grc' dir='ltr'>πάντων</span> <span class='ocrx_word' id='word_1_331' title='bbox 765 2878 862 2931; x_wconf 81' lang='grc' dir='ltr'>ἀνθ</span> <span class='ocrx_word' id='word_1_332' title='bbox 872 2878 1065 2950; x_wconf 86' lang='grc' dir='ltr'>ρώπων</span> <span class='ocrx_word' id='word_1_333' title='bbox 1092 2883 1544 2953; x_wconf 75' lang='grc' dir='ltr'>κακουργοτάτοις</span> <span class='ocrx_word' id='word_1_334' title='bbox 1577 2885 1818 2955; x_wconf 81' lang='grc' dir='ltr'>ἐπηρτη-</span> 
     </span>
    </p>
   </div>
   <div class='ocr_carea' id='block_1_48' title="bbox 247 2969 1819 3044">
    <p class='ocr_par' dir='ltr' id='par_1_48' title="bbox 247 2969 1819 3044">
     <span class='ocr_line' id='line_1_48' title="bbox 247 2969 1819 3044; baseline 0.007 -25"><span class='ocrx_word' id='word_1_335' title='bbox 247 2969 424 3037; x_wconf 82' lang='grc' dir='ltr'>μένην</span> <span class='ocrx_word' id='word_1_336' title='bbox 454 2969 538 3022; x_wconf 80' lang='grc' dir='ltr'>διὰ</span> <span class='ocrx_word' id='word_1_337' title='bbox 567 2971 800 3042; x_wconf 82' lang='grc' dir='ltr'>σταυροῦ</span> <span class='ocrx_word' id='word_1_338' title='bbox 829 2974 1117 3044; x_wconf 83' lang='grc' dir='ltr'>τιμωρίαν,</span> <span class='ocrx_word' id='word_1_339' title='bbox 1153 2975 1235 3038; x_wconf 89' lang='grc' dir='ltr'><strong>τίς</strong></span> <span class='ocrx_word' id='word_1_340' title='bbox 1267 2977 1364 3028; x_wconf 83' lang='grc' dir='ltr'>οὐκ</span> <span class='ocrx_word' id='word_1_341' title='bbox 1397 2976 1461 3030; x_wconf 81' lang='grc' dir='ltr'>ἂν</span> <span class='ocrx_word' id='word_1_342' title='bbox 1492 2977 1567 3042; x_wconf 84' lang='grc' dir='ltr'>ὡς</span> <span class='ocrx_word' id='word_1_343' title='bbox 1605 2978 1819 3031; x_wconf 82' lang='grc' dir='ltr'>ἐναντία</span> 
     </span>
    </p>
   </div>
   <div class='ocr_carea' id='block_1_49' title="bbox 1927 1879 3488 1950">
    <p class='ocr_par' dir='ltr' id='par_1_49' title="bbox 1927 1879 3488 1950">
     <span class='ocr_line' id='line_1_49' title="bbox 1927 1879 3488 1950; baseline 0.009 -21"><span class='ocrx_word' id='word_1_344' title='bbox 1927 1879 2200 1947; x_wconf 84' lang='lat' dir='ltr'><strong>progressi</strong></span> <span class='ocrx_word' id='word_1_345' title='bbox 2225 1880 2521 1944; x_wconf 84' lang='lat' dir='ltr'><strong>civitatem,</strong></span> <span class='ocrx_word' id='word_1_346' title='bbox 2552 1882 2748 1937; x_wconf 88' lang='lat' dir='ltr'><strong>deinde</strong></span> <span class='ocrx_word' id='word_1_347' title='bbox 2775 1893 2985 1938; x_wconf 87' lang='lat' dir='ltr'><strong>stantes</strong></span> <span class='ocrx_word' id='word_1_348' title='bbox 3015 1886 3071 1939; x_wconf 90' lang='lat' dir='ltr'><strong>in</strong></span> <span class='ocrx_word' id='word_1_349' title='bbox 3099 1885 3236 1950; x_wconf 85' lang='lat' dir='ltr'><strong>foro,</strong></span> <span class='ocrx_word' id='word_1_350' title='bbox 3268 1903 3488 1943; x_wconf 85' lang='lat' dir='ltr'><strong>vocem-</strong></span> 
     </span>
    </p>
   </div>
   <div class='ocr_carea' id='block_1_50' title="bbox 1927 1973 3488 2048">
    <p class='ocr_par' dir='ltr' id='par_1_50' title="bbox 1927 1973 3488 2048">
     <span class='ocr_line' id='line_1_50' title="bbox 1927 1973 3488 2048; baseline 0.01 -27"><span class='ocrx_word' id='word_1_351' title='bbox 1927 1985 2031 2039; x_wconf 90' lang='lat' dir='ltr'><strong>que</strong></span> <span class='ocrx_word' id='word_1_352' title='bbox 2054 1973 2380 2042; x_wconf 85' lang='lat' dir='ltr'><strong>attollentes,</strong></span> <span class='ocrx_word' id='word_1_353' title='bbox 2399 1976 2769 2030; x_wconf 80' lang='lat' dir='ltr'><strong>convocabant</strong></span> <span class='ocrx_word' id='word_1_354' title='bbox 2792 1993 2886 2033; x_wconf 91' lang='lat' dir='ltr'><strong>eos</strong></span> <span class='ocrx_word' id='word_1_355' title='bbox 2909 1979 2998 2048; x_wconf 75' lang='lat' dir='ltr'><strong>qui</strong></span> <span class='ocrx_word' id='word_1_356' title='bbox 3033 1979 3402 2038; x_wconf 80' lang='lat' dir='ltr'><strong>accedebant?</strong></span> <span class='ocrx_word' id='word_1_357' title='bbox 3431 1989 3488 2037; x_wconf 84' lang='lat' dir='ltr'><strong>et</strong></span> 
     </span>
    </p>
   </div>
   <div class='ocr_carea' id='block_1_51' title="bbox 1926 2063 3484 2142">
    <p class='ocr_par' dir='ltr' id='par_1_51' title="bbox 1926 2063 3484 2142">
     <span class='ocr_line' id='line_1_51' title="bbox 1926 2063 3484 2142; baseline 0.009 -28"><span class='ocrx_word' id='word_1_358' title='bbox 1926 2077 2046 2131; x_wconf 70' lang='lat' dir='ltr'><strong>qua:</strong></span> <span class='ocrx_word' id='word_1_359' title='bbox 2071 2063 2286 2118; x_wconf 88' lang='lat' dir='ltr'><strong>tandem</strong></span> <span class='ocrx_word' id='word_1_360' title='bbox 2322 2065 2430 2119; x_wconf 84' lang='lat' dir='ltr'><strong>illis</strong></span> <span class='ocrx_word' id='word_1_361' title='bbox 2453 2067 2810 2124; x_wconf 84' lang='lat' dir='ltr'><strong>concionandi</strong></span> <span class='ocrx_word' id='word_1_362' title='bbox 2846 2071 3004 2136; x_wconf 86' lang='lat' dir='ltr'><strong>ratio,</strong></span> <span class='ocrx_word' id='word_1_363' title='bbox 3032 2072 3118 2126; x_wconf 91' lang='lat' dir='ltr'><strong>cui</strong></span> <span class='ocrx_word' id='word_1_364' title='bbox 3143 2073 3360 2142; x_wconf 88' lang='lat' dir='ltr'><strong>quidem</strong></span> <span class='ocrx_word' id='word_1_365' title='bbox 3390 2090 3484 2129; x_wconf 87' lang='lat' dir='ltr'><strong>ve-</strong></span> 
     </span>
    </p>
   </div>
   <div class='ocr_carea' id='block_1_52' title="bbox 1926 2153 3483 2231">
    <p class='ocr_par' dir='ltr' id='par_1_52' title="bbox 1926 2153 3483 2231">
     <span class='ocr_line' id='line_1_52' title="bbox 1926 2153 3483 2231; baseline 0.008 -25"><span class='ocrx_word' id='word_1_366' title='bbox 1926 2153 2152 2208; x_wconf 90' lang='lat' dir='ltr'><strong>risimile</strong></span> <span class='ocrx_word' id='word_1_367' title='bbox 2184 2153 2256 2209; x_wconf 91' lang='lat' dir='ltr'><strong>sit</strong></span> <span class='ocrx_word' id='word_1_368' title='bbox 2288 2157 2629 2214; x_wconf 86' lang='lat' dir='ltr'><strong>auscultasse</strong></span> <span class='ocrx_word' id='word_1_369' title='bbox 2655 2159 2973 2215; x_wconf 83' lang='lat' dir='ltr'><strong>audientes?</strong></span> <span class='ocrx_word' id='word_1_370' title='bbox 3006 2162 3278 2231; x_wconf 91' lang='lat' dir='ltr'><strong>quomodo</strong></span> <span class='ocrx_word' id='word_1_371' title='bbox 3306 2170 3483 2218; x_wconf 89' lang='lat' dir='ltr'><strong>autem</strong></span> 
     </span>
    </p>
   </div>
   <div class='ocr_carea' id='block_1_53' title="bbox 1926 2246 3485 2324">
    <p class='ocr_par' dir='ltr' id='par_1_53' title="bbox 1926 2246 3485 2324">
     <span class='ocr_line' id='line_1_53' title="bbox 1926 2246 3485 2324; baseline 0.006 -24"><span class='ocrx_word' id='word_1_372' title='bbox 1926 2246 2398 2302; x_wconf 90' lang='lat' dir='ltr'><strong>concionabantur</strong></span> <span class='ocrx_word' id='word_1_373' title='bbox 2431 2249 2534 2304; x_wconf 89' lang='lat' dir='ltr'><strong>viri</strong></span> <span class='ocrx_word' id='word_1_374' title='bbox 2583 2251 2854 2307; x_wconf 89' lang='lat' dir='ltr'><strong>sermonis</strong></span> <span class='ocrx_word' id='word_1_375' title='bbox 2902 2254 3161 2324; x_wconf 86' lang='lat' dir='ltr'><strong>imperiti,</strong></span> <span class='ocrx_word' id='word_1_376' title='bbox 3191 2261 3246 2310; x_wconf 90' lang='lat' dir='ltr'><strong>et</strong></span> <span class='ocrx_word' id='word_1_377' title='bbox 3297 2270 3485 2310; x_wconf 91' lang='lat' dir='ltr'><strong>omnes</strong></span> 
     </span>
    </p>
   </div>
   <div class='ocr_carea' id='block_1_54' title="bbox 1923 2339 3484 2412">
    <p class='ocr_par' dir='ltr' id='par_1_54' title="bbox 1923 2339 3484 2412">
     <span class='ocr_line' id='line_1_54' title="bbox 1923 2339 3484 2412; baseline 0.006 -19"><span class='ocrx_word' id='word_1_378' title='bbox 1923 2347 2175 2408; x_wconf 76' lang='lat' dir='ltr'><strong>expertes</strong></span> <span class='ocrx_word' id='word_1_379' title='bbox 2196 2339 2560 2396; x_wconf 78' lang='lat' dir='ltr'><strong>eruditionis?</strong></span> <span class='ocrx_word' id='word_1_380' title='bbox 2591 2345 2738 2412; x_wconf 86' lang='lat' dir='ltr'><strong>atqui</strong></span> <span class='ocrx_word' id='word_1_381' title='bbox 2769 2361 2878 2399; x_wconf 86' lang='lat' dir='ltr'><strong>non</strong></span> <span class='ocrx_word' id='word_1_382' title='bbox 2918 2347 3344 2409; x_wconf 87' lang='lat' dir='ltr'><strong>multitudinem,</strong></span> <span class='ocrx_word' id='word_1_383' title='bbox 3389 2347 3484 2404; x_wconf 89' lang='lat' dir='ltr'><strong>sed</strong></span> 
     </span>
    </p>
   </div>
   <div class='ocr_carea' id='block_1_55' title="bbox 1925 2431 3485 2508">
    <p class='ocr_par' dir='ltr' id='par_1_55' title="bbox 1925 2431 3485 2508">
     <span class='ocr_line' id='line_1_55' title="bbox 1925 2431 3485 2508; baseline 0.006 -26"><span class='ocrx_word' id='word_1_384' title='bbox 1925 2431 2169 2499; x_wconf 81' lang='lat' dir='ltr'><strong>singulos</strong></span> <span class='ocrx_word' id='word_1_385' title='bbox 2193 2431 2457 2488; x_wconf 88' lang='lat' dir='ltr'><strong>adeuntes</strong></span> <span class='ocrx_word' id='word_1_386' title='bbox 2490 2435 2928 2504; x_wconf 88' lang='lat' dir='ltr'><strong>alloquebantur.</strong></span> <span class='ocrx_word' id='word_1_387' title='bbox 2962 2437 3076 2502; x_wconf 84' lang='lat' dir='ltr'><strong>Qua</strong></span> <span class='ocrx_word' id='word_1_388' title='bbox 3107 2438 3270 2508; x_wconf 80' lang='lat' dir='ltr'><strong>igitur</strong></span> <span class='ocrx_word' id='word_1_389' title='bbox 3303 2446 3356 2493; x_wconf 90' lang='lat' dir='ltr'><strong>et</strong></span> <span class='ocrx_word' id='word_1_390' title='bbox 3387 2454 3485 2492; x_wconf 82' lang='lat' dir='ltr'><strong>cu-</strong></span> 
     </span>
    </p>
   </div>
   <div class='ocr_carea' id='block_1_56' title="bbox 1919 2523 3484 2601">
    <p class='ocr_par' dir='ltr' id='par_1_56' title="bbox 1919 2523 3484 2601">
     <span class='ocr_line' id='line_1_56' title="bbox 1919 2523 3484 2601; baseline 0.003 -23"><span class='ocrx_word' id='word_1_391' title='bbox 1919 2523 2161 2595; x_wconf 90' lang='lat' dir='ltr'><strong>jusmodi</strong></span> <span class='ocrx_word' id='word_1_392' title='bbox 2195 2524 2444 2579; x_wconf 88' lang='lat' dir='ltr'><strong>oratione</strong></span> <span class='ocrx_word' id='word_1_393' title='bbox 2472 2527 2786 2592; x_wconf 86' lang='lat' dir='ltr'><strong>utebantur,</strong></span> <span class='ocrx_word' id='word_1_394' title='bbox 2818 2528 3239 2585; x_wconf 88' lang='lat' dir='ltr'><strong>utaudientibus</strong></span> <span class='ocrx_word' id='word_1_395' title='bbox 3263 2546 3484 2601; x_wconf 83' lang='lat' dir='ltr'><strong>persua-</strong></span> 
     </span>
    </p>
   </div>
   <div class='ocr_carea' id='block_1_57' title="bbox 1923 2615 3484 2689">
    <p class='ocr_par' dir='ltr' id='par_1_57' title="bbox 1923 2615 3484 2689">
     <span class='ocr_line' id='line_1_57' title="bbox 1923 2615 3484 2689; baseline 0.003 -20"><span class='ocrx_word' id='word_1_396' title='bbox 1923 2615 2148 2671; x_wconf 83' lang='lat' dir='ltr'><strong>derent?</strong></span> <span class='ocrx_word' id='word_1_397' title='bbox 2195 2631 2306 2668; x_wconf 89' lang='lat' dir='ltr'><strong>non</strong></span> <span class='ocrx_word' id='word_1_398' title='bbox 2364 2615 2508 2669; x_wconf 88' lang='lat' dir='ltr'><strong>enim</strong></span> <span class='ocrx_word' id='word_1_399' title='bbox 2560 2632 2781 2686; x_wconf 89' lang='lat' dir='ltr'><strong>parvum</strong></span> <span class='ocrx_word' id='word_1_400' title='bbox 2831 2619 2938 2672; x_wconf 89' lang='lat' dir='ltr'><strong>illis</strong></span> <span class='ocrx_word' id='word_1_401' title='bbox 2991 2620 3326 2689; x_wconf 85' lang='lat' dir='ltr'><strong>propositum</strong></span> <span class='ocrx_word' id='word_1_402' title='bbox 3367 2626 3484 2675; x_wconf 80' lang='lat' dir='ltr'><strong>erat</strong></span> 
     </span>
    </p>
   </div>
   <div class='ocr_carea' id='block_1_58' title="bbox 1923 2707 3484 2781">
    <p class='ocr_par' dir='ltr' id='par_1_58' title="bbox 1923 2707 3484 2781">
     <span class='ocr_line' id='line_1_58' title="bbox 1923 2707 3484 2781; baseline 0.001 -17"><span class='ocrx_word' id='word_1_403' title='bbox 1923 2720 2243 2773; x_wconf 87' lang='lat' dir='ltr'><strong>certamen,</strong></span> <span class='ocrx_word' id='word_1_404' title='bbox 2298 2721 2405 2760; x_wconf 90' lang='lat' dir='ltr'><strong>non</strong></span> <span class='ocrx_word' id='word_1_405' title='bbox 2463 2707 2942 2764; x_wconf 85' lang='lat' dir='ltr'><strong>dissimulantibus</strong></span> <span class='ocrx_word' id='word_1_406' title='bbox 2999 2712 3314 2780; x_wconf 89' lang='lat' dir='ltr'><strong>probrosam</strong></span> <span class='ocrx_word' id='word_1_407' title='bbox 3363 2712 3484 2781; x_wconf 88' lang='lat' dir='ltr'><strong>ejus</strong></span> 
     </span>
    </p>
   </div>
   <div class='ocr_carea' id='block_1_59' title="bbox 1923 2799 3481 2874">
    <p class='ocr_par' dir='ltr' id='par_1_59' title="bbox 1923 2799 3481 2874">
     <span class='ocr_line' id='line_1_59' title="bbox 1923 2799 3481 2874; baseline 0.001 -18"><span class='ocrx_word' id='word_1_408' title='bbox 1923 2808 2150 2856; x_wconf 85' lang='lat' dir='ltr'><strong>mortem</strong></span> <span class='ocrx_word' id='word_1_409' title='bbox 2197 2816 2358 2874; x_wconf 88' lang='lat' dir='ltr'><strong>quem</strong></span> <span class='ocrx_word' id='word_1_410' title='bbox 2404 2808 2465 2854; x_wconf 87' lang='lat' dir='ltr'><strong>ut</strong></span> <span class='ocrx_word' id='word_1_411' title='bbox 2511 2799 2681 2856; x_wconf 92' lang='lat' dir='ltr'><strong>Deum</strong></span> <span class='ocrx_word' id='word_1_412' title='bbox 2721 2803 3192 2856; x_wconf 84' lang='lat' dir='ltr'><strong>commendabant.</strong></span> <span class='ocrx_word' id='word_1_413' title='bbox 3245 2801 3378 2856; x_wconf 85' lang='lat' dir='ltr'><strong>Nam</strong></span> <span class='ocrx_word' id='word_1_414' title='bbox 3435 2803 3481 2858; x_wconf 87' lang='lat' dir='ltr'><strong>si</strong></span> 
     </span>
    </p>
   </div>
   <div class='ocr_carea' id='block_1_60' title="bbox 1922 2893 3481 2964">
    <p class='ocr_par' dir='ltr' id='par_1_60' title="bbox 1922 2893 3481 2964">
     <span class='ocr_line' id='line_1_60' title="bbox 1922 2893 3481 2964; baseline 0.002 -18"><span class='ocrx_word' id='word_1_415' title='bbox 1922 2893 2062 2948; x_wconf 85' lang='lat' dir='ltr'><strong>hanc</strong></span> <span class='ocrx_word' id='word_1_416' title='bbox 2091 2893 2551 2956; x_wconf 85' lang='lat' dir='ltr'><strong>dissimulassent,</strong></span> <span class='ocrx_word' id='word_1_417' title='bbox 2585 2908 2762 2962; x_wconf 79' lang='lat' dir='ltr'><strong>neque</strong></span> <span class='ocrx_word' id='word_1_418' title='bbox 2795 2893 2977 2962; x_wconf 73' lang='lat' dir='ltr'><strong>quana</strong></span> <span class='ocrx_word' id='word_1_419' title='bbox 3017 2903 3328 2964; x_wconf 78' lang='lat' dir='ltr'><strong>quantaque</strong></span> <span class='ocrx_word' id='word_1_420' title='bbox 3354 2910 3481 2964; x_wconf 89' lang='lat' dir='ltr'><strong>pas—</strong></span> 
     </span>
    </p>
   </div>
   <div class='ocr_carea' id='block_1_61' title="bbox 1921 2980 3481 3051">
    <p class='ocr_par' dir='ltr' id='par_1_61' title="bbox 1921 2980 3481 3051">
     <span class='ocr_line' id='line_1_61' title="bbox 1921 2980 3481 3051; baseline 0.001 -14"><span class='ocrx_word' id='word_1_421' title='bbox 1921 2997 2016 3038; x_wconf 84' lang='lat' dir='ltr'><strong>sus</strong></span> <span class='ocrx_word' id='word_1_422' title='bbox 2066 2983 2137 3038; x_wconf 87' lang='lat' dir='ltr'><strong>sit</strong></span> <span class='ocrx_word' id='word_1_423' title='bbox 2168 2997 2196 3036; x_wconf 89' lang='lat' dir='ltr'><strong>a</strong></span> <span class='ocrx_word' id='word_1_424' title='bbox 2237 2981 2438 3036; x_wconf 69' lang='lat' dir='ltr'><strong>Judzeis</strong></span> <span class='ocrx_word' id='word_1_425' title='bbox 2491 2980 2632 3051; x_wconf 89' lang='lat' dir='ltr'><strong>apud</strong></span> <span class='ocrx_word' id='word_1_426' title='bbox 2666 2997 2858 3037; x_wconf 78' lang='lat' dir='ltr'><strong>omnes</strong></span> <span class='ocrx_word' id='word_1_427' title='bbox 2884 2983 3122 3039; x_wconf 89' lang='lat' dir='ltr'><strong>confessi</strong></span> <span class='ocrx_word' id='word_1_428' title='bbox 3154 2989 3358 3045; x_wconf 85' lang='lat' dir='ltr'><strong>essent.</strong></span> <span class='ocrx_word' id='word_1_429' title='bbox 3386 2985 3481 3040; x_wconf 87' lang='lat' dir='ltr'><strong>sed</strong></span> 
     </span>
    </p>
   </div>
   <div class='ocr_carea' id='block_1_62' title="bbox 247 3062 1821 3154">
    <p class='ocr_par' dir='ltr' id='par_1_62' title="bbox 247 3062 1818 3139">
     <span class='ocr_line' id='line_1_62' title="bbox 247 3062 1818 3139; baseline 0.008 -27"><span class='ocrx_word' id='word_1_430' title='bbox 247 3062 520 3128; x_wconf 83' lang='grc' dir='ltr'>λεγόντων</span> <span class='ocrx_word' id='word_1_431' title='bbox 562 3064 899 3118; x_wconf 80' lang='grc' dir='ltr'>κατέπτυσεν</span> <span class='ocrx_word' id='word_1_432' title='bbox 928 3067 1149 3130; x_wconf 81' lang='grc' dir='ltr'>εἰκότως</span> <span class='ocrx_word' id='word_1_433' title='bbox 1173 3084 1186 3131; x_wconf 90' lang='grc'><strong>;</strong></span> <span class='ocrx_word' id='word_1_434' title='bbox 1214 3068 1308 3133; x_wconf 90' lang='grc' dir='ltr'>Τίς</span> <span class='ocrx_word' id='word_1_435' title='bbox 1338 3069 1380 3120; x_wconf 85' lang='grc' dir='ltr'>δ’</span> <span class='ocrx_word' id='word_1_436' title='bbox 1410 3069 1581 3134; x_wconf 74' lang='grc' dir='ltr'>οὕτως</span> <span class='ocrx_word' id='word_1_437' title='bbox 1615 3069 1818 3139; x_wconf 72' lang='grc' dir='ltr'>ἠλίθιος</span> 
     </span>
    </p>
   </div>
   <div class='ocr_carea' id='block_1_63' title="bbox 1924 3062 3480 3154">
    <p class='ocr_par' dir='ltr' id='par_1_63' title="bbox 1924 3071 3480 3147">
     <span class='ocr_line' id='line_1_63' title="bbox 1924 3071 3480 3147; baseline 0.001 -21"><span class='ocrx_word' id='word_1_438' title='bbox 1924 3088 2040 3147; x_wconf 74' lang='lat' dir='ltr'><strong>quae</strong></span> <span class='ocrx_word' id='word_1_439' title='bbox 2068 3071 2429 3127; x_wconf 82' lang='lat' dir='ltr'><strong>reverentiam</strong></span> <span class='ocrx_word' id='word_1_440' title='bbox 2461 3071 2667 3125; x_wconf 85' lang='lat' dir='ltr'><strong>homini</strong></span> <span class='ocrx_word' id='word_1_441' title='bbox 2709 3071 3047 3142; x_wconf 74' lang='lat' dir='ltr'><strong>gloriamque</strong></span> <span class='ocrx_word' id='word_1_442' title='bbox 3103 3071 3384 3136; x_wconf 87' lang='lat' dir='ltr'><strong>adderent,</strong></span> <span class='ocrx_word' id='word_1_443' title='bbox 3417 3089 3480 3127; x_wconf 86' lang='lat' dir='ltr'><strong>ea</strong></span> 
     </span>
    </p>
   </div>
   <div class='ocr_carea' id='block_1_64' title="bbox 248 3152 1814 3234">
    <p class='ocr_par' dir='ltr' id='par_1_64' title="bbox 248 3152 1814 3234">
     <span class='ocr_line' id='line_1_64' title="bbox 248 3152 1814 3234; baseline 0.008 -31"><span class='ocrx_word' id='word_1_444' title='bbox 248 3152 522 3222; x_wconf 77' lang='grc' dir='ltr'>ὑπῆρχεν,</span> <span class='ocrx_word' id='word_1_445' title='bbox 553 3155 624 3216; x_wconf 78' lang='grc' dir='ltr'>ὡς</span> <span class='ocrx_word' id='word_1_446' title='bbox 650 3157 889 3228; x_wconf 82' lang='grc' dir='ltr'>εὐχερῶς</span> <span class='ocrx_word' id='word_1_447' title='bbox 923 3158 1206 3212; x_wconf 74' lang='grc' dir='ltr'>πιστεύσαι</span> <span class='ocrx_word' id='word_1_448' title='bbox 1235 3159 1481 3229; x_wconf 89' lang='grc' dir='ltr'>λέγουσιν</span> <span class='ocrx_word' id='word_1_449' title='bbox 1515 3161 1814 3234; x_wconf 78' lang='grc' dir='ltr'>ἑωρακέναι</span> 
     </span>
    </p>
   </div>
   <div class='ocr_carea' id='block_1_65' title="bbox 257 3244 1815 3324">
    <p class='ocr_par' dir='ltr' id='par_1_65' title="bbox 257 3244 1815 3324">
     <span class='ocr_line' id='line_1_65' title="bbox 257 3244 1815 3324; baseline 0.008 -30"><span class='ocrx_word' id='word_1_450' title='bbox 257 3244 405 3312; x_wconf 80' lang='grc' dir='ltr'>μετὰ</span> <span class='ocrx_word' id='word_1_451' title='bbox 428 3245 518 3296; x_wconf 76' lang='grc' dir='ltr'><strong>τὸν</strong></span> <span class='ocrx_word' id='word_1_452' title='bbox 541 3245 759 3301; x_wconf 79' lang='grc' dir='ltr'>θάνατον</span> <span class='ocrx_word' id='word_1_453' title='bbox 789 3251 852 3302; x_wconf 89' lang='grc' dir='ltr'><strong>ἐκ</strong></span> <span class='ocrx_word' id='word_1_454' title='bbox 883 3251 1090 3322; x_wconf 84' lang='grc' dir='ltr'>νεκρῶν</span> <span class='ocrx_word' id='word_1_455' title='bbox 1117 3252 1540 3318; x_wconf 77' lang='grc' dir='ltr'>ἀναϐεϐιωκότα,</span> <span class='ocrx_word' id='word_1_456' title='bbox 1565 3254 1654 3306; x_wconf 84' lang='grc' dir='ltr'>τὸν</span> <span class='ocrx_word' id='word_1_457' title='bbox 1683 3255 1815 3324; x_wconf 81' lang='grc' dir='ltr'>μηδὲ</span> 
     </span>
    </p>
   </div>
   <div class='ocr_carea' id='block_1_66' title="bbox 248 3335 1813 3415">
    <p class='ocr_par' dir='ltr' id='par_1_66' title="bbox 248 3335 1813 3415">
     <span class='ocr_line' id='line_1_66' title="bbox 248 3335 1813 3415; baseline 0.006 -27"><span class='ocrx_word' id='word_1_458' title='bbox 248 3337 346 3388; x_wconf 82' lang='grc' dir='ltr'>ὅτε</span> <span class='ocrx_word' id='word_1_459' title='bbox 375 3337 434 3388; x_wconf 86' lang='grc' dir='ltr'><strong>ἐν</strong></span> <span class='ocrx_word' id='word_1_460' title='bbox 466 3336 622 3400; x_wconf 76' lang='grc' dir='ltr'>ζῶσιν</span> <span class='ocrx_word' id='word_1_461' title='bbox 653 3335 716 3409; x_wconf 83' lang='grc' dir='ltr'><strong>ἦν</strong></span> <span class='ocrx_word' id='word_1_462' title='bbox 760 3341 1036 3411; x_wconf 79' lang='grc' dir='ltr'>ἐπαμῦναι</span> <span class='ocrx_word' id='word_1_463' title='bbox 1080 3342 1253 3414; x_wconf 83' lang='grc' dir='ltr'>ἐαυτῷ</span> <span class='ocrx_word' id='word_1_464' title='bbox 1295 3343 1686 3415; x_wconf 82' lang='grc' dir='ltr'>δεδυνημένον;</span> <span class='ocrx_word' id='word_1_465' title='bbox 1722 3346 1813 3410; x_wconf 86' lang='grc' dir='ltr'>Τίς</span> 
     </span>
    </p>
   </div>
   <div class='ocr_carea' id='block_1_67' title="bbox 245 3427 1814 3510">
    <p class='ocr_par' dir='ltr' id='par_1_67' title="bbox 245 3427 1814 3510">
     <span class='ocr_line' id='line_1_67' title="bbox 245 3427 1814 3510; baseline 0.008 -30"><span class='ocrx_word' id='word_1_466' title='bbox 245 3427 308 3481; x_wconf 82' lang='grc' dir='ltr'>δὲ</span> <span class='ocrx_word' id='word_1_467' title='bbox 341 3431 454 3492; x_wconf 89' lang='grc' dir='ltr'>τοῖς</span> <span class='ocrx_word' id='word_1_468' title='bbox 489 3429 715 3494; x_wconf 77' lang='grc' dir='ltr'>ξδιώταις</span> <span class='ocrx_word' id='word_1_469' title='bbox 748 3435 841 3486; x_wconf 81' lang='grc' dir='ltr'><strong>καὶ</strong></span> <span class='ocrx_word' id='word_1_470' title='bbox 867 3433 1135 3488; x_wconf 79' lang='grc' dir='ltr'>εὐτελέσιν</span> <span class='ocrx_word' id='word_1_471' title='bbox 1181 3437 1407 3502; x_wconf 86' lang='grc' dir='ltr'>ἐκείνοις</span> <span class='ocrx_word' id='word_1_472' title='bbox 1441 3438 1663 3510; x_wconf 83' lang='grc' dir='ltr'>ἐπείσθη</span> <span class='ocrx_word' id='word_1_473' title='bbox 1700 3438 1814 3492; x_wconf 84' lang='grc' dir='ltr'>ποτ’</span> 
     </span>
    </p>
   </div>
   <div class='ocr_carea' id='block_1_68' title="bbox 243 3518 1816 3600">
    <p class='ocr_par' dir='ltr' id='par_1_68' title="bbox 243 3518 1816 3600">
     <span class='ocr_line' id='line_1_68' title="bbox 243 3518 1816 3600; baseline 0.006 -26"><span class='ocrx_word' id='word_1_474' title='bbox 243 3518 317 3574; x_wconf 78' lang='grc' dir='ltr'>ἂν</span> <span class='ocrx_word' id='word_1_475' title='bbox 347 3520 583 3588; x_wconf 86' lang='grc' dir='ltr'>λέγουσι,</span> <span class='ocrx_word' id='word_1_476' title='bbox 628 3524 825 3594; x_wconf 77' lang='grc' dir='ltr'>χρῆναι</span> <span class='ocrx_word' id='word_1_477' title='bbox 858 3526 966 3578; x_wconf 88' lang='grc' dir='ltr'><strong>τῶν</strong></span> <span class='ocrx_word' id='word_1_478' title='bbox 1013 3525 1110 3597; x_wconf 84' lang='grc' dir='ltr'><strong>μὲν</strong></span> <span class='ocrx_word' id='word_1_479' title='bbox 1155 3527 1423 3600; x_wconf 83' lang='grc' dir='ltr'>πατρῴων</span> <span class='ocrx_word' id='word_1_480' title='bbox 1471 3527 1608 3582; x_wconf 89' lang='grc' dir='ltr'>θεῶν</span> <span class='ocrx_word' id='word_1_481' title='bbox 1650 3546 1816 3582; x_wconf 85' lang='grc' dir='ltr'>κατα-</span> 
     </span>
    </p>
   </div>
   <div class='ocr_carea' id='block_1_69' title="bbox 247 3615 1816 3689">
    <p class='ocr_par' dir='ltr' id='par_1_69' title="bbox 247 3615 1816 3689">
     <span class='ocr_line' id='line_1_69' title="bbox 247 3615 1816 3689; baseline 0.004 -23"><span class='ocrx_word' id='word_1_482' title='bbox 247 3615 534 3686; x_wconf 80' lang='grc' dir='ltr'>φρονῆσαι,</span> <span class='ocrx_word' id='word_1_483' title='bbox 576 3618 669 3670; x_wconf 74' lang='grc' dir='ltr'>καὶ</span> <span class='ocrx_word' id='word_1_484' title='bbox 701 3617 910 3689; x_wconf 89' lang='grc' dir='ltr'>μωρίαν</span> <span class='ocrx_word' id='word_1_485' title='bbox 947 3619 1042 3689; x_wconf 80' lang='grc' dir='ltr'><strong>μὲν</strong></span> <span class='ocrx_word' id='word_1_486' title='bbox 1065 3619 1173 3673; x_wconf 87' lang='grc' dir='ltr'><strong>τῶν</strong></span> <span class='ocrx_word' id='word_1_487' title='bbox 1210 3619 1270 3684; x_wconf 81' lang='grc' dir='ltr'>ἐξ</span> <span class='ocrx_word' id='word_1_488' title='bbox 1301 3620 1496 3684; x_wconf 83' lang='grc' dir='ltr'>αἰῶνος</span> <span class='ocrx_word' id='word_1_489' title='bbox 1535 3620 1816 3688; x_wconf 80' lang='grc' dir='ltr'>καταγνῶ-</span> 
     </span>
    </p>
   </div>
   <div class='ocr_carea' id='block_1_70' title="bbox 245 3708 1816 3780">
    <p class='ocr_par' dir='ltr' id='par_1_70' title="bbox 245 3708 1816 3780">
     <span class='ocr_line' id='line_1_70' title="bbox 245 3708 1816 3780; baseline 0.003 -20"><span class='ocrx_word' id='word_1_490' title='bbox 245 3723 335 3760; x_wconf 83' lang='grc' dir='ltr'><strong>ναι</strong></span> <span class='ocrx_word' id='word_1_491' title='bbox 368 3708 606 3770; x_wconf 81' lang='grc' dir='ltr'>πάντων,</span> <span class='ocrx_word' id='word_1_492' title='bbox 635 3710 815 3780; x_wconf 85' lang='grc' dir='ltr'>μόνοις</span> <span class='ocrx_word' id='word_1_493' title='bbox 840 3711 896 3764; x_wconf 81' lang='grc' dir='ltr'>δὲ</span> <span class='ocrx_word' id='word_1_494' title='bbox 927 3712 1109 3774; x_wconf 80' lang='grc' dir='ltr'>αὐτοῖς</span> <span class='ocrx_word' id='word_1_495' title='bbox 1144 3711 1420 3765; x_wconf 85' lang='grc' dir='ltr'>πείθεσθαι</span> <span class='ocrx_word' id='word_1_496' title='bbox 1453 3713 1546 3765; x_wconf 80' lang='grc' dir='ltr'><strong>καί</strong></span> <span class='ocrx_word' id='word_1_497' title='bbox 1578 3716 1688 3776; x_wconf 88' lang='grc' dir='ltr'>τοῖς</span> <span class='ocrx_word' id='word_1_498' title='bbox 1713 3713 1816 3765; x_wconf 82' lang='grc' dir='ltr'><strong>ὑπὸ</strong></span> 
     </span>
    </p>
   </div>
   <div class='ocr_carea' id='block_1_71' title="bbox 243 3799 1840 3876">
    <p class='ocr_par' dir='ltr' id='par_1_71' title="bbox 243 3799 1840 3876">
     <span class='ocr_line' id='line_1_71' title="bbox 243 3799 1840 3876; baseline 0.004 -25"><span class='ocrx_word' id='word_1_499' title='bbox 243 3799 339 3852; x_wconf 77' lang='grc' dir='ltr'>τοῦ</span> <span class='ocrx_word' id='word_1_500' title='bbox 377 3800 774 3870; x_wconf 84' lang='grc' dir='ltr'>σταυρωθέντος</span> <span class='ocrx_word' id='word_1_501' title='bbox 804 3802 1302 3874; x_wconf 85' lang='grc' dir='ltr'>παρηγγελμένοις;</span> <span class='ocrx_word' id='word_1_502' title='bbox 1335 3803 1520 3857; x_wconf 79' lang='grc' dir='ltr'>τοῦτον</span> <span class='ocrx_word' id='word_1_503' title='bbox 1542 3807 1650 3876; x_wconf 79' lang='grc' dir='ltr'>γὰρ</span> <span class='ocrx_word' id='word_1_504' title='bbox 1680 3801 1840 3858; x_wconf 77' lang='grc' dir='ltr'>εἶναι’</span> 
     </span>
    </p>
   </div>
   <div class='ocr_carea' id='block_1_72' title="bbox 244 3893 1816 3968">
    <p class='ocr_par' dir='ltr' id='par_1_72' title="bbox 244 3893 1816 3968">
     <span class='ocr_line' id='line_1_72' title="bbox 244 3893 1816 3968; baseline 0.002 -21"><span class='ocrx_word' id='word_1_505' title='bbox 244 3894 344 3947; x_wconf 81' lang='grc' dir='ltr'>τοῦ</span> <span class='ocrx_word' id='word_1_506' title='bbox 382 3893 541 3963; x_wconf 84' lang='grc' dir='ltr'>μόνου</span> <span class='ocrx_word' id='word_1_507' title='bbox 571 3895 664 3946; x_wconf 83' lang='grc' dir='ltr'>καὶ</span> <span class='ocrx_word' id='word_1_508' title='bbox 699 3895 792 3946; x_wconf 74' lang='grc' dir='ltr'>ἐπὶ</span> <span class='ocrx_word' id='word_1_509' title='bbox 825 3895 1038 3948; x_wconf 80' lang='grc' dir='ltr'>πάντων</span> <span class='ocrx_word' id='word_1_510' title='bbox 1065 3895 1198 3948; x_wconf 78' lang='grc' dir='ltr'><strong>Θεοῦ</strong></span> <span class='ocrx_word' id='word_1_511' title='bbox 1226 3896 1382 3966; x_wconf 85' lang='grc' dir='ltr'>μόνον</span> <span class='ocrx_word' id='word_1_512' title='bbox 1417 3897 1696 3968; x_wconf 78' lang='grc' dir='ltr'>ἀγαπητὸν</span> <span class='ocrx_word' id='word_1_513' title='bbox 1723 3898 1816 3951; x_wconf 75' lang='grc' dir='ltr'>καὶ</span> 
     </span>
    </p>
   </div>
   <div class='ocr_carea' id='block_1_73' title="bbox 251 3984 1814 4060">
    <p class='ocr_par' dir='ltr' id='par_1_73' title="bbox 251 3984 1814 4060">
     <span class='ocr_line' id='line_1_73' title="bbox 251 3984 1814 4060; baseline 0.003 -23"><span class='ocrx_word' id='word_1_514' title='bbox 251 3988 517 4056; x_wconf 81' lang='grc' dir='ltr'>μονογενῆ</span> <span class='ocrx_word' id='word_1_515' title='bbox 583 3986 772 4050; x_wconf 81' lang='grc' dir='ltr'>Παῖδα.</span> <span class='ocrx_word' id='word_1_516' title='bbox 847 3985 984 4054; x_wconf 84' lang='grc' dir='ltr'><strong>Ἐγὼ</strong></span> <span class='ocrx_word' id='word_1_517' title='bbox 1045 3987 1143 4057; x_wconf 84' lang='grc' dir='ltr'>μὲν</span> <span class='ocrx_word' id='word_1_518' title='bbox 1207 3984 1299 4041; x_wconf 80' lang='grc' dir='ltr'>οὖν</span> <span class='ocrx_word' id='word_1_519' title='bbox 1363 3987 1627 4054; x_wconf 80' lang='grc' dir='ltr'>ἐξετάζων</span> <span class='ocrx_word' id='word_1_520' title='bbox 1687 3990 1814 4060; x_wconf 82' lang='grc' dir='ltr'>παρ’</span> 
     </span>
    </p>
   </div>
   <div class='ocr_carea' id='block_1_74' title="bbox 247 4066 1816 4148">
    <p class='ocr_par' dir='ltr' id='par_1_74' title="bbox 247 4066 1816 4148">
     <span class='ocr_line' id='line_1_74' title="bbox 247 4066 1816 4148; baseline -0.001 -18"><span class='ocrx_word' id='word_1_521' title='bbox 247 4077 474 4147; x_wconf 72' lang='grc' dir='ltr'>ἐμαυτῷ</span> <span class='ocrx_word' id='word_1_522' title='bbox 520 4066 823 4145; x_wconf 73' lang='grc' dir='ltr'>φιλαλήθως</span> <span class='ocrx_word' id='word_1_523' title='bbox 873 4077 963 4129; x_wconf 79' lang='grc' dir='ltr'><strong>τὸν</strong></span> <span class='ocrx_word' id='word_1_524' title='bbox 1010 4076 1186 4144; x_wconf 82' lang='grc' dir='ltr'>λόγον,</span> <span class='ocrx_word' id='word_1_525' title='bbox 1229 4077 1483 4148; x_wconf 73' lang='grc' dir='ltr'>οὐδεμίαν</span> <span class='ocrx_word' id='word_1_526' title='bbox 1535 4077 1816 4148; x_wconf 84' lang='grc' dir='ltr'>πειστικὴν</span> 
     </span>
    </p>
   </div>
   <div class='ocr_carea' id='block_1_75' title="bbox 247 4168 1812 4239">
    <p class='ocr_par' dir='ltr' id='par_1_75' title="bbox 247 4168 1812 4239">
     <span class='ocr_line' id='line_1_75' title="bbox 247 4168 1812 4239; baseline 0.001 -18"><span class='ocrx_word' id='word_1_527' title='bbox 247 4169 478 4239; x_wconf 79' lang='grc' dir='ltr'>δύναμιν</span> <span class='ocrx_word' id='word_1_528' title='bbox 520 4170 577 4220; x_wconf 84' lang='grc' dir='ltr'><strong>ἐν</strong></span> <span class='ocrx_word' id='word_1_529' title='bbox 623 4168 790 4239; x_wconf 80' lang='grc' dir='ltr'>αὐτῷ,</span> <span class='ocrx_word' id='word_1_530' title='bbox 833 4169 952 4222; x_wconf 75' lang='grc' dir='ltr'>οὐδέ</span> <span class='ocrx_word' id='word_1_531' title='bbox 996 4187 1048 4222; x_wconf 90' lang='grc' dir='ltr'><strong>τι</strong></span> <span class='ocrx_word' id='word_1_532' title='bbox 1095 4170 1309 4239; x_wconf 77' lang='grc' dir='ltr'>σεμνὸν,</span> <span class='ocrx_word' id='word_1_533' title='bbox 1345 4169 1450 4222; x_wconf 79' lang='grc' dir='ltr'>οὐδ’</span> <span class='ocrx_word' id='word_1_534' title='bbox 1484 4169 1812 4234; x_wconf 75' lang='grc' dir='ltr'>ἀξιόπιστον,</span> 
     </span>
    </p>
   </div>
   <div class='ocr_carea' id='block_1_76' title="bbox 247 4261 1816 4329">
    <p class='ocr_par' dir='ltr' id='par_1_76' title="bbox 247 4261 1816 4329">
     <span class='ocr_line' id='line_1_76' title="bbox 247 4261 1816 4329; baseline 0 -15"><span class='ocrx_word' id='word_1_535' title='bbox 247 4263 366 4315; x_wconf 60' lang='grc' dir='ltr'>ἀλλ’</span> <span class='ocrx_word' id='word_1_536' title='bbox 398 4263 519 4315; x_wconf 80' lang='grc' dir='ltr'>οὐδὲ</span> <span class='ocrx_word' id='word_1_537' title='bbox 553 4262 774 4315; x_wconf 78' lang='grc' dir='ltr'>πιθανὸν</span> <span class='ocrx_word' id='word_1_538' title='bbox 813 4263 888 4326; x_wconf 85' lang='grc' dir='ltr'><strong>εἰς</strong></span> <span class='ocrx_word' id='word_1_539' title='bbox 923 4262 982 4315; x_wconf 79' lang='grc' dir='ltr'>τὸ</span> <span class='ocrx_word' id='word_1_540' title='bbox 1026 4262 1128 4316; x_wconf 76' lang='grc' dir='ltr'>κᾶν</span> <span class='ocrx_word' id='word_1_541' title='bbox 1171 4263 1266 4316; x_wconf 71' lang='grc' dir='ltr'>ἕνα</span> <span class='ocrx_word' id='word_1_542' title='bbox 1310 4262 1429 4316; x_wconf 84' lang='grc' dir='ltr'>τινὰ</span> <span class='ocrx_word' id='word_1_543' title='bbox 1457 4263 1564 4314; x_wconf 86' lang='grc' dir='ltr'><strong>τῶν</strong></span> <span class='ocrx_word' id='word_1_544' title='bbox 1597 4261 1816 4329; x_wconf 76' lang='grc' dir='ltr'>ἠλιθίων</span> 
     </span>
    </p>
   </div>
   <div class='ocr_carea' id='block_1_77' title="bbox 245 4355 1815 4427">
    <p class='ocr_par' dir='ltr' id='par_1_77' title="bbox 245 4355 1815 4427">
     <span class='ocr_line' id='line_1_77' title="bbox 245 4355 1815 4427; baseline -0.001 -19"><span class='ocrx_word' id='word_1_545' title='bbox 245 4358 435 4409; x_wconf 76' lang='grc' dir='ltr'>πεῖσαι</span> <span class='ocrx_word' id='word_1_546' title='bbox 467 4355 718 4408; x_wconf 85' lang='grc' dir='ltr'>δύνασθαι</span> <span class='ocrx_word' id='word_1_547' title='bbox 752 4355 1006 4427; x_wconf 81' lang='grc' dir='ltr'>εὑρίσκω.</span> <span class='ocrx_word' id='word_1_548' title='bbox 1051 4356 1210 4409; x_wconf 74' lang='grc' dir='ltr'>Ἀλλὰ</span> <span class='ocrx_word' id='word_1_549' title='bbox 1261 4356 1418 4408; x_wconf 76' lang='grc' dir='ltr'>πάλιν</span> <span class='ocrx_word' id='word_1_550' title='bbox 1467 4355 1684 4426; x_wconf 65' lang='grc' dir='ltr'>ἀφορῶν</span> <span class='ocrx_word' id='word_1_551' title='bbox 1737 4357 1815 4418; x_wconf 89' lang='grc' dir='ltr'><strong>εἰς</strong></span> 
     </span>
    </p>
   </div>
   <div class='ocr_carea' id='block_1_78' title="bbox 1921 3160 3480 3233">
    <p class='ocr_par' dir='ltr' id='par_1_78' title="bbox 1921 3160 3480 3233">
     <span class='ocr_line' id='line_1_78' title="bbox 1921 3160 3480 3233; baseline -0.001 -15"><span class='ocrx_word' id='word_1_552' title='bbox 1921 3163 2034 3218; x_wconf 86' lang='lat' dir='ltr'><strong>sola</strong></span> <span class='ocrx_word' id='word_1_553' title='bbox 2065 3162 2421 3232; x_wconf 85' lang='lat' dir='ltr'><strong>protulisscnt</strong></span> <span class='ocrx_word' id='word_1_554' title='bbox 2449 3179 2461 3214; x_wconf 92' lang='lat'>:</span> <span class='ocrx_word' id='word_1_555' title='bbox 2493 3160 2616 3215; x_wconf 89' lang='lat' dir='ltr'><strong>dico</strong></span> <span class='ocrx_word' id='word_1_556' title='bbox 2653 3171 2828 3216; x_wconf 87' lang='lat' dir='ltr'><strong>autem</strong></span> <span class='ocrx_word' id='word_1_557' title='bbox 2863 3161 3103 3233; x_wconf 77' lang='lat' dir='ltr'><strong>prodigia</strong></span> <span class='ocrx_word' id='word_1_558' title='bbox 3141 3170 3194 3217; x_wconf 87' lang='lat' dir='ltr'><strong>et</strong></span> <span class='ocrx_word' id='word_1_559' title='bbox 3221 3163 3480 3216; x_wconf 88' lang='lat' dir='ltr'><strong>miracula</strong></span> 
     </span>
    </p>
   </div>
   <div class='ocr_carea' id='block_1_79' title="bbox 1922 3255 3480 3327">
    <p class='ocr_par' dir='ltr' id='par_1_79' title="bbox 1922 3255 3480 3327">
     <span class='ocr_line' id='line_1_79' title="bbox 1922 3255 3480 3327; baseline 0.001 -17"><span class='ocrx_word' id='word_1_560' title='bbox 1922 3256 1990 3310; x_wconf 80' lang='lat' dir='ltr'><strong>ab</strong></span> <span class='ocrx_word' id='word_1_561' title='bbox 2021 3257 2115 3310; x_wconf 91' lang='lat' dir='ltr'><strong>illo</strong></span> <span class='ocrx_word' id='word_1_562' title='bbox 2145 3256 2312 3320; x_wconf 87' lang='lat' dir='ltr'><strong>edita,</strong></span> <span class='ocrx_word' id='word_1_563' title='bbox 2346 3271 2558 3310; x_wconf 88' lang='lat' dir='ltr'><strong>necnon</strong></span> <span class='ocrx_word' id='word_1_564' title='bbox 2601 3255 2976 3327; x_wconf 78' lang='lat' dir='ltr'><strong>phil050phiea</strong></span> <span class='ocrx_word' id='word_1_565' title='bbox 3023 3255 3266 3324; x_wconf 83' lang='lat' dir='ltr'><strong>ejusdem</strong></span> <span class='ocrx_word' id='word_1_566' title='bbox 3307 3255 3480 3311; x_wconf 86' lang='lat' dir='ltr'><strong>docu-</strong></span> 
     </span>
    </p>
   </div>
   <div class='ocr_carea' id='block_1_80' title="bbox 1921 3342 3480 3416">
    <p class='ocr_par' dir='ltr' id='par_1_80' title="bbox 1921 3342 3480 3416">
     <span class='ocr_line' id='line_1_80' title="bbox 1921 3342 3480 3416; baseline -0.003 -16"><span class='ocrx_word' id='word_1_567' title='bbox 1921 3355 2100 3400; x_wconf 89' lang='lat' dir='ltr'><strong>menta</strong></span> <span class='ocrx_word' id='word_1_568' title='bbox 2140 3363 2152 3398; x_wconf 91' lang='lat'>:</span> <span class='ocrx_word' id='word_1_569' title='bbox 2188 3360 2253 3398; x_wconf 91' lang='lat' dir='ltr'><strong>ne</strong></span> <span class='ocrx_word' id='word_1_570' title='bbox 2304 3345 2383 3399; x_wconf 90' lang='lat' dir='ltr'><strong>sic</strong></span> <span class='ocrx_word' id='word_1_571' title='bbox 2431 3345 2648 3416; x_wconf 88' lang='lat' dir='ltr'><strong>quidem</strong></span> <span class='ocrx_word' id='word_1_572' title='bbox 2678 3344 2787 3398; x_wconf 91' lang='lat' dir='ltr'><strong>illis</strong></span> <span class='ocrx_word' id='word_1_573' title='bbox 2818 3343 3019 3398; x_wconf 71' lang='lat' dir='ltr'><strong>exitum</strong></span> <span class='ocrx_word' id='word_1_574' title='bbox 3066 3342 3296 3396; x_wconf 91' lang='lat' dir='ltr'><strong>celerem</strong></span> <span class='ocrx_word' id='word_1_575' title='bbox 3328 3343 3480 3396; x_wconf 78' lang='lat' dir='ltr'><strong>inve-</strong></span> 
     </span>
    </p>
   </div>
   <div class='ocr_carea' id='block_1_81' title="bbox 1921 3432 3482 3499">
    <p class='ocr_par' dir='ltr' id='par_1_81' title="bbox 1921 3432 3482 3499">
     <span class='ocr_line' id='line_1_81' title="bbox 1921 3432 3482 3499; baseline -0.004 -7"><span class='ocrx_word' id='word_1_576' title='bbox 1921 3438 2094 3492; x_wconf 89' lang='lat' dir='ltr'><strong>nisset</strong></span> <span class='ocrx_word' id='word_1_577' title='bbox 2125 3436 2320 3499; x_wconf 87' lang='lat' dir='ltr'><strong>oratio,</strong></span> <span class='ocrx_word' id='word_1_578' title='bbox 2359 3445 2417 3490; x_wconf 90' lang='lat' dir='ltr'><strong>ut</strong></span> <span class='ocrx_word' id='word_1_579' title='bbox 2461 3437 2621 3492; x_wconf 81' lang='lat' dir='ltr'><strong>facile</strong></span> <span class='ocrx_word' id='word_1_580' title='bbox 2660 3450 2986 3491; x_wconf 89' lang='lat' dir='ltr'><strong>consensum</strong></span> <span class='ocrx_word' id='word_1_581' title='bbox 3017 3432 3350 3488; x_wconf 85' lang='lat' dir='ltr'><strong>audientium</strong></span> <span class='ocrx_word' id='word_1_582' title='bbox 3385 3433 3482 3487; x_wconf 83' lang='lat' dir='ltr'><strong>eli-</strong></span> 
     </span>
    </p>
   </div>
   <div class='ocr_carea' id='block_1_82' title="bbox 1921 3524 3483 3600">
    <p class='ocr_par' dir='ltr' id='par_1_82' title="bbox 1921 3524 3483 3600">
     <span class='ocr_line' id='line_1_82' title="bbox 1921 3524 3483 3600; baseline -0.003 -19"><span class='ocrx_word' id='word_1_583' title='bbox 1921 3538 2140 3596; x_wconf 81' lang='lat' dir='ltr'><strong>cerent;</strong></span> <span class='ocrx_word' id='word_1_584' title='bbox 2171 3530 2265 3600; x_wconf 92' lang='lat' dir='ltr'><strong>qui</strong></span> <span class='ocrx_word' id='word_1_585' title='bbox 2289 3529 2506 3599; x_wconf 90' lang='lat' dir='ltr'><strong>quidem</strong></span> <span class='ocrx_word' id='word_1_586' title='bbox 2531 3529 2815 3584; x_wconf 87' lang='lat' dir='ltr'><strong>audientes</strong></span> <span class='ocrx_word' id='word_1_587' title='bbox 2852 3527 3026 3581; x_wconf 88' lang='lat' dir='ltr'><strong>aliena</strong></span> <span class='ocrx_word' id='word_1_588' title='bbox 3057 3527 3240 3596; x_wconf 84' lang='lat' dir='ltr'><strong>lingua</strong></span> <span class='ocrx_word' id='word_1_589' title='bbox 3264 3524 3483 3579; x_wconf 85' lang='lat' dir='ltr'><strong>uteban-</strong></span> 
     </span>
    </p>
   </div>
   <div class='ocr_carea' id='block_1_83' title="bbox 1921 3615 3480 3692">
    <p class='ocr_par' dir='ltr' id='par_1_83' title="bbox 1921 3615 3480 3692">
     <span class='ocr_line' id='line_1_83' title="bbox 1921 3615 3480 3692; baseline -0.003 -18"><span class='ocrx_word' id='word_1_590' title='bbox 1921 3630 2028 3684; x_wconf 90' lang='lat' dir='ltr'><strong>tur,</strong></span> <span class='ocrx_word' id='word_1_591' title='bbox 2059 3635 2122 3674; x_wconf 90' lang='lat' dir='ltr'><strong>ae</strong></span> <span class='ocrx_word' id='word_1_592' title='bbox 2168 3627 2299 3674; x_wconf 90' lang='lat' dir='ltr'><strong>tunc</strong></span> <span class='ocrx_word' id='word_1_593' title='bbox 2329 3619 2563 3692; x_wconf 90' lang='lat' dir='ltr'><strong>primum</strong></span> <span class='ocrx_word' id='word_1_594' title='bbox 2617 3621 2684 3673; x_wconf 89' lang='lat' dir='ltr'><strong>ab</strong></span> <span class='ocrx_word' id='word_1_595' title='bbox 2718 3618 3028 3672; x_wconf 90' lang='lat' dir='ltr'><strong>hominibus</strong></span> <span class='ocrx_word' id='word_1_596' title='bbox 3069 3618 3201 3670; x_wconf 88' lang='lat' dir='ltr'><strong>nihil</strong></span> <span class='ocrx_word' id='word_1_597' title='bbox 3246 3616 3348 3671; x_wconf 87' lang='lat' dir='ltr'><strong>[ide</strong></span> <span class='ocrx_word' id='word_1_598' title='bbox 3398 3615 3480 3670; x_wconf 85' lang='lat' dir='ltr'><strong>di-</strong></span> 
     </span>
    </p>
   </div>
   <div class='ocr_carea' id='block_1_84' title="bbox 1921 3709 3466 3783">
    <p class='ocr_par' dir='ltr' id='par_1_84' title="bbox 1921 3709 3466 3783">
     <span class='ocr_line' id='line_1_84' title="bbox 1921 3709 3466 3783; baseline -0.004 -17"><span class='ocrx_word' id='word_1_599' title='bbox 1921 3728 2084 3783; x_wconf 79' lang='lat' dir='ltr'><strong>gnum</strong></span> <span class='ocrx_word' id='word_1_600' title='bbox 2114 3712 2488 3777; x_wconf 83' lang='lat' dir='ltr'><strong>all&#39;erentibus,</strong></span> <span class='ocrx_word' id='word_1_601' title='bbox 2527 3711 2767 3766; x_wconf 86' lang='lat' dir='ltr'><strong>inaudita</strong></span> <span class='ocrx_word' id='word_1_602' title='bbox 2798 3710 2900 3762; x_wconf 92' lang='lat' dir='ltr'><strong>sibi</strong></span> <span class='ocrx_word' id='word_1_603' title='bbox 2933 3711 3081 3778; x_wconf 89' lang='lat' dir='ltr'><strong>prius</strong></span> <span class='ocrx_word' id='word_1_604' title='bbox 3112 3711 3270 3762; x_wconf 81' lang='lat' dir='ltr'><strong>verba</strong></span> <span class='ocrx_word' id='word_1_605' title='bbox 3303 3709 3466 3777; x_wconf 86' lang='lat' dir='ltr'><strong>perci-</strong></span> 
     </span>
    </p>
   </div>
   <div class='ocr_carea' id='block_1_85' title="bbox 1923 3796 3482 3877">
    <p class='ocr_par' dir='ltr' id='par_1_85' title="bbox 1923 3796 3482 3877">
     <span class='ocr_line' id='line_1_85' title="bbox 1923 3796 3482 3877; baseline -0.006 -16"><span class='ocrx_word' id='word_1_606' title='bbox 1923 3807 2166 3877; x_wconf 88' lang='lat' dir='ltr'><strong>piebant,</strong></span> <span class='ocrx_word' id='word_1_607' title='bbox 2200 3805 2268 3859; x_wconf 87' lang='lat' dir='ltr'><strong>ad</strong></span> <span class='ocrx_word' id='word_1_608' title='bbox 2299 3821 2360 3858; x_wconf 90' lang='lat' dir='ltr'><strong>ea</strong></span> <span class='ocrx_word' id='word_1_609' title='bbox 2394 3819 2512 3874; x_wconf 78' lang='lat' dir='ltr'><strong>quae</strong></span> <span class='ocrx_word' id='word_1_610' title='bbox 2543 3802 2619 3856; x_wconf 95' lang='lat' dir='ltr'><strong>illi</strong></span> <span class='ocrx_word' id='word_1_611' title='bbox 2649 3801 2893 3855; x_wconf 76' lang='lat' dir='ltr'><strong>dicerent</strong></span> <span class='ocrx_word' id='word_1_612' title='bbox 2925 3798 3346 3870; x_wconf 86' lang='lat' dir='ltr'><strong>comprobanda.</strong></span> <span class='ocrx_word' id='word_1_613' title='bbox 3382 3796 3482 3851; x_wconf 88' lang='lat' dir='ltr'><strong>Ve-</strong></span> 
     </span>
    </p>
   </div>
   <div class='ocr_carea' id='block_1_86' title="bbox 1923 3890 3483 3961">
    <p class='ocr_par' dir='ltr' id='par_1_86' title="bbox 1923 3890 3483 3961">
     <span class='ocr_line' id='line_1_86' title="bbox 1923 3890 3483 3961; baseline -0.005 -9"><span class='ocrx_word' id='word_1_614' title='bbox 1923 3908 2225 3952; x_wconf 90' lang='lat' dir='ltr'><strong>rumtamen</strong></span> <span class='ocrx_word' id='word_1_615' title='bbox 2259 3898 2304 3952; x_wconf 88' lang='lat' dir='ltr'><strong>si</strong></span> <span class='ocrx_word' id='word_1_616' title='bbox 2349 3898 2478 3950; x_wconf 88' lang='lat' dir='ltr'><strong>talia</strong></span> <span class='ocrx_word' id='word_1_617' title='bbox 2513 3895 2802 3956; x_wconf 86' lang='lat' dir='ltr'><strong>dixissent,</strong></span> <span class='ocrx_word' id='word_1_618' title='bbox 2837 3892 3116 3961; x_wconf 87' lang='lat' dir='ltr'><strong>aliquanto</strong></span> <span class='ocrx_word' id='word_1_619' title='bbox 3149 3890 3483 3960; x_wconf 87' lang='lat' dir='ltr'><strong>probabilius</strong></span> 
     </span>
    </p>
   </div>
   <div class='ocr_carea' id='block_1_87' title="bbox 1921 3981 3482 4045">
    <p class='ocr_par' dir='ltr' id='par_1_87' title="bbox 1921 3981 3482 4045">
     <span class='ocr_line' id='line_1_87' title="bbox 1921 3981 3482 4045; baseline -0.007 -2"><span class='ocrx_word' id='word_1_620' title='bbox 1921 3989 2103 4045; x_wconf 86' lang='lat' dir='ltr'><strong>dicere</strong></span> <span class='ocrx_word' id='word_1_621' title='bbox 2135 3989 2233 4043; x_wconf 87' lang='lat' dir='ltr'><strong>visi</strong></span> <span class='ocrx_word' id='word_1_622' title='bbox 2261 3995 2466 4044; x_wconf 87' lang='lat' dir='ltr'><strong>essent.</strong></span> <span class='ocrx_word' id='word_1_623' title='bbox 2505 3986 2661 4041; x_wconf 82' lang='lat' dir='ltr'><strong>Nunc</strong></span> <span class='ocrx_word' id='word_1_624' title='bbox 2696 3995 2877 4038; x_wconf 87' lang='lat' dir='ltr'><strong>autem</strong></span> <span class='ocrx_word' id='word_1_625' title='bbox 2907 3997 3031 4037; x_wconf 90' lang='lat' dir='ltr'><strong>cum</strong></span> <span class='ocrx_word' id='word_1_626' title='bbox 3064 3981 3306 4036; x_wconf 88' lang='lat' dir='ltr'><strong>dicerent</strong></span> <span class='ocrx_word' id='word_1_627' title='bbox 3331 3981 3482 4034; x_wconf 89' lang='lat' dir='ltr'><strong>illum</strong></span> 
     </span>
    </p>
   </div>
   <div class='ocr_carea' id='block_1_88' title="bbox 1922 4065 3544 4152">
    <p class='ocr_par' dir='ltr' id='par_1_88' title="bbox 1922 4065 3544 4152">
     <span class='ocr_line' id='line_1_88' title="bbox 1922 4065 3544 4152; baseline -0.006 -16"><span class='ocrx_word' id='word_1_628' title='bbox 1922 4097 2080 4152; x_wconf 89' lang='lat' dir='ltr'><strong>quem</strong></span> <span class='ocrx_word' id='word_1_629' title='bbox 2115 4090 2173 4136; x_wconf 90' lang='lat' dir='ltr'><strong>ut</strong></span> <span class='ocrx_word' id='word_1_630' title='bbox 2220 4081 2388 4135; x_wconf 85' lang='lat' dir='ltr'><strong>Deum</strong></span> <span class='ocrx_word' id='word_1_631' title='bbox 2439 4078 2917 4136; x_wconf 83' lang='lat' dir='ltr'><strong>commendabant,</strong></span> <span class='ocrx_word' id='word_1_632' title='bbox 2952 4074 3113 4128; x_wconf 90' lang='lat' dir='ltr'><strong>modo</strong></span> <span class='ocrx_word' id='word_1_633' title='bbox 3167 4074 3221 4128; x_wconf 91' lang='lat' dir='ltr'><strong>in</strong></span> <span class='ocrx_word' id='word_1_634' title='bbox 3254 4088 3482 4143; x_wconf 85' lang='lat' dir='ltr'><strong>corpore</strong></span> <span class='ocrx_word' id='word_1_635' title='bbox 3533 4065 3544 4078; x_wconf 63' lang='grc'><strong>“</strong></span> 
     </span>
    </p>
   </div>
   <div class='ocr_carea' id='block_1_89' title="bbox 1921 4163 3482 4241">
    <p class='ocr_par' dir='ltr' id='par_1_89' title="bbox 1921 4163 3482 4241">
     <span class='ocr_line' id='line_1_89' title="bbox 1921 4163 3482 4241; baseline -0.006 -13"><span class='ocrx_word' id='word_1_636' title='bbox 1921 4178 2160 4228; x_wconf 87' lang='lat' dir='ltr'><strong>luunano</strong></span> <span class='ocrx_word' id='word_1_637' title='bbox 2179 4181 2476 4235; x_wconf 87' lang='lat' dir='ltr'><strong>versatum,</strong></span> <span class='ocrx_word' id='word_1_638' title='bbox 2518 4171 2761 4241; x_wconf 87' lang='lat' dir='ltr'><strong>nihilque</strong></span> <span class='ocrx_word' id='word_1_639' title='bbox 2794 4167 2939 4222; x_wconf 88' lang='lat' dir='ltr'><strong>aliud</strong></span> <span class='ocrx_word' id='word_1_640' title='bbox 2973 4174 3168 4220; x_wconf 85' lang='lat' dir='ltr'><strong>natura</strong></span> <span class='ocrx_word' id='word_1_641' title='bbox 3199 4180 3360 4235; x_wconf 85' lang='lat' dir='ltr'><strong>quam</strong></span> <span class='ocrx_word' id='word_1_642' title='bbox 3389 4163 3482 4218; x_wconf 87' lang='lat' dir='ltr'><strong>Dei</strong></span> 
     </span>
    </p>
   </div>
   <div class='ocr_carea' id='block_1_90' title="bbox 1923 4258 3454 4334">
    <p class='ocr_par' dir='ltr' id='par_1_90' title="bbox 1923 4258 3454 4334">
     <span class='ocr_line' id='line_1_90' title="bbox 1923 4258 3454 4334; baseline -0.006 -16"><span class='ocrx_word' id='word_1_643' title='bbox 1923 4264 2159 4320; x_wconf 75' lang='lat' dir='ltr'><strong>Verbum</strong></span> <span class='ocrx_word' id='word_1_644' title='bbox 2187 4280 2331 4329; x_wconf 87' lang='lat' dir='ltr'><strong>esse,</strong></span> <span class='ocrx_word' id='word_1_645' title='bbox 2356 4264 2614 4334; x_wconf 87' lang='lat' dir='ltr'><strong>quocirca</strong></span> <span class='ocrx_word' id='word_1_646' title='bbox 2667 4261 2828 4316; x_wconf 88' lang='lat' dir='ltr'><strong>etiam</strong></span> <span class='ocrx_word' id='word_1_647' title='bbox 2867 4259 2996 4312; x_wconf 88' lang='lat' dir='ltr'><strong>talia</strong></span> <span class='ocrx_word' id='word_1_648' title='bbox 3049 4258 3313 4311; x_wconf 86' lang='lat' dir='ltr'><strong>miracula</strong></span> <span class='ocrx_word' id='word_1_649' title='bbox 3363 4264 3454 4309; x_wconf 89' lang='lat' dir='ltr'><strong>tan</strong></span> 
     </span>
    </p>
   </div>
   <div class='ocr_carea' id='block_1_91' title="bbox 1921 4349 3480 4430">
    <p class='ocr_par' dir='ltr' id='par_1_91' title="bbox 1921 4349 3480 4430">
     <span class='ocr_line' id='line_1_91' title="bbox 1921 4349 3480 4430; baseline -0.006 -18"><span class='ocrx_word' id='word_1_650' title='bbox 1921 4377 2082 4430; x_wconf 80' lang='lat' dir='ltr'><strong>quam</strong></span> <span class='ocrx_word' id='word_1_651' title='bbox 2117 4359 2283 4415; x_wconf 92' lang='lat' dir='ltr'><strong>Deum</strong></span> <span class='ocrx_word' id='word_1_652' title='bbox 2327 4360 2490 4414; x_wconf 91' lang='lat' dir='ltr'><strong>cdere</strong></span> <span class='ocrx_word' id='word_1_653' title='bbox 2523 4360 2786 4430; x_wconf 85' lang='lat' dir='ltr'><strong>potuisse.</strong></span> <span class='ocrx_word' id='word_1_654' title='bbox 2829 4356 2989 4410; x_wconf 90' lang='lat' dir='ltr'><strong>modo</strong></span> <span class='ocrx_word' id='word_1_655' title='bbox 3044 4353 3130 4408; x_wconf 90' lang='lat' dir='ltr'><strong>his</strong></span> <span class='ocrx_word' id='word_1_656' title='bbox 3187 4349 3480 4412; x_wconf 87' lang='lat' dir='ltr'><strong>contraria,</strong></span> 
     </span>
    </p>
   </div>
   <div class='ocr_carea' id='block_1_92' title="bbox 246 4443 1821 4523">
    <p class='ocr_par' dir='ltr' id='par_1_92' title="bbox 246 4446 1817 4520">
     <span class='ocr_line' id='line_1_92' title="bbox 246 4446 1817 4520; baseline 0 -22"><span class='ocrx_word' id='word_1_657' title='bbox 246 4458 350 4519; x_wconf 80' lang='grc' dir='ltr'><strong>την</strong></span> <span class='ocrx_word' id='word_1_658' title='bbox 378 4447 470 4500; x_wconf 75' lang='grc' dir='ltr'>τοῦ</span> <span class='ocrx_word' id='word_1_659' title='bbox 495 4446 650 4515; x_wconf 83' lang='grc' dir='ltr'>λόγου</span> <span class='ocrx_word' id='word_1_660' title='bbox 679 4447 902 4518; x_wconf 85' lang='grc' dir='ltr'>δύναμιν</span> <span class='ocrx_word' id='word_1_661' title='bbox 933 4448 1006 4512; x_wconf 81' lang='grc' dir='ltr'>ὡς</span> <span class='ocrx_word' id='word_1_662' title='bbox 1041 4448 1210 4520; x_wconf 85' lang='grc' dir='ltr'>μυρία</span> <span class='ocrx_word' id='word_1_663' title='bbox 1240 4446 1416 4518; x_wconf 77' lang='grc' dir='ltr'>πλήθη</span> <span class='ocrx_word' id='word_1_664' title='bbox 1445 4448 1697 4510; x_wconf 80' lang='grc' dir='ltr'>πέπεικε,</span> <span class='ocrx_word' id='word_1_665' title='bbox 1725 4448 1817 4500; x_wconf 73' lang='grc' dir='ltr'>καὶ</span> 
     </span>
    </p>
   </div>
   <div class='ocr_carea' id='block_1_93' title="bbox 1924 4443 3486 4523">
    <p class='ocr_par' dir='ltr' id='par_1_93' title="bbox 1924 4443 3486 4523">
     <span class='ocr_line' id='line_1_93' title="bbox 1924 4443 3486 4523; baseline -0.008 -16"><span class='ocrx_word' id='word_1_666' title='bbox 1924 4453 2150 4523; x_wconf 85' lang='lat' dir='ltr'><strong>injurias</strong></span> <span class='ocrx_word' id='word_1_667' title='bbox 2184 4453 2336 4505; x_wconf 90' lang='lat' dir='ltr'><strong>illum</strong></span> <span class='ocrx_word' id='word_1_668' title='bbox 2396 4449 2863 4518; x_wconf 89' lang='lat' dir='ltr'><strong>contumeliasque</strong></span> <span class='ocrx_word' id='word_1_669' title='bbox 2902 4445 3126 4510; x_wconf 88' lang='lat' dir='ltr'><strong>tulisse,</strong></span> <span class='ocrx_word' id='word_1_670' title='bbox 3159 4452 3212 4500; x_wconf 83' lang='lat' dir='ltr'><strong>et</strong></span> <span class='ocrx_word' id='word_1_671' title='bbox 3250 4443 3486 4513; x_wconf 86' lang='lat' dir='ltr'><strong>denique</strong></span> 
     </span>
    </p>
   </div>
   <div class='ocr_carea' id='block_1_94' title="bbox 245 4540 1818 4612">
    <p class='ocr_par' dir='ltr' id='par_1_94' title="bbox 245 4540 1818 4612">
     <span class='ocr_line' id='line_1_94' title="bbox 245 4540 1818 4612; baseline 0.001 -22"><span class='ocrx_word' id='word_1_672' title='bbox 245 4541 328 4603; x_wconf 81' lang='grc' dir='ltr'>ὡς</span> <span class='ocrx_word' id='word_1_673' title='bbox 373 4540 703 4611; x_wconf 85' lang='grc' dir='ltr'>συνέστησαν</span> <span class='ocrx_word' id='word_1_674' title='bbox 759 4541 1074 4612; x_wconf 84' lang='grc' dir='ltr'>μυρίανδροι</span> <span class='ocrx_word' id='word_1_675' title='bbox 1120 4540 1435 4609; x_wconf 85' lang='grc' dir='ltr'>Ἑκκλησίαι</span> <span class='ocrx_word' id='word_1_676' title='bbox 1471 4542 1605 4612; x_wconf 83' lang='grc' dir='ltr'>πρὸς</span> <span class='ocrx_word' id='word_1_677' title='bbox 1642 4540 1818 4592; x_wconf 84' lang='grc' dir='ltr'>αὐτῶν</span> 
     </span>
    </p>
   </div>
   <div class='ocr_carea' id='block_1_95' title="bbox 245 4627 1818 4701">
    <p class='ocr_par' dir='ltr' id='par_1_95' title="bbox 245 4627 1818 4701">
     <span class='ocr_line' id='line_1_95' title="bbox 245 4627 1818 4701; baseline -0.002 -18"><span class='ocrx_word' id='word_1_678' title='bbox 245 4629 471 4684; x_wconf 63' lang='grc' dir='ltr'>ἐκείνων</span> <span class='ocrx_word' id='word_1_679' title='bbox 514 4629 618 4682; x_wconf 86' lang='grc' dir='ltr'><strong>τῶν</strong></span> <span class='ocrx_word' id='word_1_680' title='bbox 663 4630 1054 4682; x_wconf 72' lang='grc' dir='ltr'>εὐτελεστάτων</span> <span class='ocrx_word' id='word_1_681' title='bbox 1086 4631 1178 4683; x_wconf 72' lang='grc' dir='ltr'>καὶ</span> <span class='ocrx_word' id='word_1_682' title='bbox 1210 4631 1483 4701; x_wconf 88' lang='grc' dir='ltr'>ἀγροίκων</span> <span class='ocrx_word' id='word_1_683' title='bbox 1510 4630 1600 4683; x_wconf 76' lang='grc' dir='ltr'><strong>τοῦ</strong></span> <span class='ocrx_word' id='word_1_684' title='bbox 1646 4627 1818 4699; x_wconf 86' lang='grc' dir='ltr'><strong>Ἰησοῦ</strong></span> 
     </span>
    </p>
   </div>
   <div class='ocr_carea' id='block_1_96' title="bbox 250 4722 1815 4794">
    <p class='ocr_par' dir='ltr' id='par_1_96' title="bbox 250 4722 1815 4794">
     <span class='ocr_line' id='line_1_96' title="bbox 250 4722 1815 4794; baseline -0.002 -17"><span class='ocrx_word' id='word_1_685' title='bbox 250 4722 530 4794; x_wconf 70' lang='grc' dir='ltr'>μαθητῶν,</span> <span class='ocrx_word' id='word_1_686' title='bbox 576 4725 674 4776; x_wconf 81' lang='grc' dir='ltr'><strong>ούκ</strong></span> <span class='ocrx_word' id='word_1_687' title='bbox 722 4724 777 4774; x_wconf 89' lang='grc' dir='ltr'><strong>ἐν</strong></span> <span class='ocrx_word' id='word_1_688' title='bbox 824 4722 1036 4793; x_wconf 74' lang='grc' dir='ltr'>ἀδήλοις</span> <span class='ocrx_word' id='word_1_689' title='bbox 1070 4741 1168 4775; x_wconf 85' lang='grc' dir='ltr'><strong>που</strong></span> <span class='ocrx_word' id='word_1_690' title='bbox 1218 4722 1312 4776; x_wconf 76' lang='grc' dir='ltr'>καὶ</span> <span class='ocrx_word' id='word_1_691' title='bbox 1352 4723 1580 4792; x_wconf 63' lang='grc' dir='ltr'>ἀφανέσι</span> <span class='ocrx_word' id='word_1_692' title='bbox 1611 4724 1815 4789; x_wconf 80' lang='grc' dir='ltr'>τόποις,</span> 
     </span>
    </p>
   </div>
   <div class='ocr_carea' id='block_1_97' title="bbox 245 4813 1817 4886">
    <p class='ocr_par' dir='ltr' id='par_1_97' title="bbox 245 4813 1817 4886">
     <span class='ocr_line' id='line_1_97' title="bbox 245 4813 1817 4886; baseline -0.001 -18"><span class='ocrx_word' id='word_1_693' title='bbox 245 4815 365 4868; x_wconf 81' lang='grc' dir='ltr'>ἀλλ’</span> <span class='ocrx_word' id='word_1_694' title='bbox 390 4815 449 4867; x_wconf 86' lang='grc' dir='ltr'><strong>ἐν</strong></span> <span class='ocrx_word' id='word_1_695' title='bbox 492 4818 610 4878; x_wconf 85' lang='grc' dir='ltr'>ταῖς</span> <span class='ocrx_word' id='word_1_696' title='bbox 643 4815 872 4884; x_wconf 80' lang='grc' dir='ltr'>μάλιστα</span> <span class='ocrx_word' id='word_1_697' title='bbox 903 4815 1392 4886; x_wconf 79' lang='grc' dir='ltr'>διαπρεπεστάταις</span> <span class='ocrx_word' id='word_1_698' title='bbox 1423 4814 1637 4867; x_wconf 82' lang='grc' dir='ltr'>πόλεσιν</span> <span class='ocrx_word' id='word_1_699' title='bbox 1671 4813 1817 4886; x_wconf 83' lang='grc' dir='ltr'>ίδρυ-</span> 
     </span>
    </p>
   </div>
   <div class='ocr_carea' id='block_1_98' title="bbox 245 4905 1814 4977">
    <p class='ocr_par' dir='ltr' id='par_1_98' title="bbox 245 4905 1814 4977">
     <span class='ocr_line' id='line_1_98' title="bbox 245 4905 1814 4977; baseline -0.001 -17"><span class='ocrx_word' id='word_1_700' title='bbox 245 4905 449 4969; x_wconf 75' lang='grc' dir='ltr'>θεῖσαι,</span> <span class='ocrx_word' id='word_1_701' title='bbox 478 4907 562 4959; x_wconf 80' lang='grc' dir='ltr'><strong>ἐπ’</strong></span> <span class='ocrx_word' id='word_1_702' title='bbox 591 4908 757 4977; x_wconf 80' lang='grc' dir='ltr'>αὐτῆς</span> <span class='ocrx_word' id='word_1_703' title='bbox 788 4907 932 4975; x_wconf 82' lang='grc' dir='ltr'>λέγω</span> <span class='ocrx_word' id='word_1_704' title='bbox 959 4908 1052 4976; x_wconf 76' lang='grc' dir='ltr'>τῆς</span> <span class='ocrx_word' id='word_1_705' title='bbox 1097 4906 1382 4977; x_wconf 86' lang='grc' dir='ltr'>Ῥωμαίων</span> <span class='ocrx_word' id='word_1_706' title='bbox 1413 4906 1814 4976; x_wconf 79' lang='grc' dir='ltr'>βασιλευούσης,</span> 
     </span>
    </p>
   </div>
   <div class='ocr_carea' id='block_1_99' title="bbox 243 4996 1814 5068">
    <p class='ocr_par' dir='ltr' id='par_1_99' title="bbox 243 4996 1814 5068">
     <span class='ocr_line' id='line_1_99' title="bbox 243 4996 1814 5068; baseline -0.002 -17"><span class='ocrx_word' id='word_1_707' title='bbox 243 4997 343 5051; x_wconf 82' lang='grc' dir='ltr'><strong>ἐπί</strong></span> <span class='ocrx_word' id='word_1_708' title='bbox 375 5014 433 5048; x_wconf 86' lang='grc' dir='ltr'><strong>τε</strong></span> <span class='ocrx_word' id='word_1_709' title='bbox 457 4997 552 5067; x_wconf 80' lang='grc' dir='ltr'>τῆς</span> <span class='ocrx_word' id='word_1_710' title='bbox 597 4997 987 5068; x_wconf 80' lang='grc' dir='ltr'>Ἀλεξανδρέων</span> <span class='ocrx_word' id='word_1_711' title='bbox 1035 4998 1127 5051; x_wconf 68' lang='grc' dir='ltr'>καὶ</span> <span class='ocrx_word' id='word_1_712' title='bbox 1173 4997 1506 5067; x_wconf 81' lang='grc' dir='ltr'>Ἀντιοχέων,</span> <span class='ocrx_word' id='word_1_713' title='bbox 1539 4996 1658 5049; x_wconf 86' lang='grc' dir='ltr'>καθ’</span> <span class='ocrx_word' id='word_1_714' title='bbox 1690 4997 1814 5066; x_wconf 86' lang='grc' dir='ltr'>ὅλης</span> 
     </span>
    </p>
   </div>
   <div class='ocr_carea' id='block_1_100' title="bbox 237 5088 1811 5160">
    <p class='ocr_par' dir='ltr' id='par_1_100' title="bbox 237 5088 1811 5160">
     <span class='ocr_line' id='line_1_100' title="bbox 237 5088 1811 5160; baseline -0.001 -18"><span class='ocrx_word' id='word_1_715' title='bbox 237 5105 308 5142; x_wconf 75' lang='grc' dir='ltr'><strong>τε</strong></span> <span class='ocrx_word' id='word_1_716' title='bbox 341 5088 442 5158; x_wconf 85' lang='grc' dir='ltr'>τῆς</span> <span class='ocrx_word' id='word_1_717' title='bbox 463 5089 731 5156; x_wconf 78' lang='grc' dir='ltr'>Αἰγύπτου</span> <span class='ocrx_word' id='word_1_718' title='bbox 757 5090 850 5142; x_wconf 73' lang='grc' dir='ltr'>καὶ</span> <span class='ocrx_word' id='word_1_719' title='bbox 871 5088 1093 5154; x_wconf 73' lang='grc' dir='ltr'>Λιϐύης,</span> <span class='ocrx_word' id='word_1_720' title='bbox 1117 5088 1385 5160; x_wconf 79' lang='grc' dir='ltr'>Εὐρώπης</span> <span class='ocrx_word' id='word_1_721' title='bbox 1402 5105 1459 5140; x_wconf 87' lang='grc' dir='ltr'><strong>τε</strong></span> <span class='ocrx_word' id='word_1_722' title='bbox 1481 5090 1574 5141; x_wconf 73' lang='grc' dir='ltr'>καὶ</span> <span class='ocrx_word' id='word_1_723' title='bbox 1609 5088 1811 5152; x_wconf 79' lang='grc' dir='ltr'>Ἄσίας,</span> 
     </span>
    </p>
   </div>
   <div class='ocr_carea' id='block_1_101' title="bbox 244 5165 1812 5252">
    <p class='ocr_par' dir='ltr' id='par_1_101' title="bbox 244 5179 1812 5252">
     <span class='ocr_line' id='line_1_101' title="bbox 244 5179 1812 5252; baseline -0.002 -17"><span class='ocrx_word' id='word_1_724' title='bbox 244 5181 308 5235; x_wconf 70' lang='grc' dir='ltr'><strong>ἐν</strong></span> <span class='ocrx_word' id='word_1_725' title='bbox 351 5197 410 5233; x_wconf 89' lang='grc' dir='ltr'><strong>τε</strong></span> <span class='ocrx_word' id='word_1_726' title='bbox 444 5181 655 5252; x_wconf 84' lang='grc' dir='ltr'>κώμαις</span> <span class='ocrx_word' id='word_1_727' title='bbox 691 5198 750 5234; x_wconf 87' lang='grc' dir='ltr'><strong>τε</strong></span> <span class='ocrx_word' id='word_1_728' title='bbox 799 5183 889 5234; x_wconf 77' lang='grc' dir='ltr'>καὶ</span> <span class='ocrx_word' id='word_1_729' title='bbox 932 5180 1136 5251; x_wconf 81' lang='grc' dir='ltr'>χώραις</span> <span class='ocrx_word' id='word_1_730' title='bbox 1180 5183 1272 5234; x_wconf 71' lang='grc' dir='ltr'>καὶ</span> <span class='ocrx_word' id='word_1_731' title='bbox 1314 5181 1586 5244; x_wconf 87' lang='grc' dir='ltr'>παντοίοις</span> <span class='ocrx_word' id='word_1_732' title='bbox 1617 5179 1812 5242; x_wconf 78' lang='grc' dir='ltr'>ἔθνεσι,</span> 
     </span>
    </p>
   </div>
   <div class='ocr_carea' id='block_1_102' title="bbox 245 5270 1814 5343">
    <p class='ocr_par' dir='ltr' id='par_1_102' title="bbox 245 5270 1814 5343">
     <span class='ocr_line' id='line_1_102' title="bbox 245 5270 1814 5343; baseline -0.001 -17"><span class='ocrx_word' id='word_1_733' title='bbox 245 5272 412 5327; x_wconf 75' lang='grc' dir='ltr'>πάλιν</span> <span class='ocrx_word' id='word_1_734' title='bbox 457 5272 518 5336; x_wconf 80' lang='grc' dir='ltr'>ἐξ</span> <span class='ocrx_word' id='word_1_735' title='bbox 564 5274 805 5343; x_wconf 78' lang='grc' dir='ltr'>ἀνάγκης</span> <span class='ocrx_word' id='word_1_736' title='bbox 857 5273 1174 5343; x_wconf 84' lang='grc' dir='ltr'>ἀνατρέχειν</span> <span class='ocrx_word' id='word_1_737' title='bbox 1221 5270 1542 5341; x_wconf 74' lang='grc' dir='ltr'>ἐκΰιὰζομαι</span> <span class='ocrx_word' id='word_1_738' title='bbox 1586 5272 1680 5324; x_wconf 77' lang='grc' dir='ltr'>ἐπὶ</span> <span class='ocrx_word' id='word_1_739' title='bbox 1719 5272 1814 5342; x_wconf 79' lang='grc' dir='ltr'><strong>τὴν</strong></span> 
     </span>
    </p>
   </div>
   <div class='ocr_carea' id='block_1_103' title="bbox 244 5362 1813 5436">
    <p class='ocr_par' dir='ltr' id='par_1_103' title="bbox 244 5362 1813 5436">
     <span class='ocr_line' id='line_1_103' title="bbox 244 5362 1813 5436; baseline -0.001 -18"><span class='ocrx_word' id='word_1_740' title='bbox 244 5363 342 5418; x_wconf 79' lang='grc' dir='ltr'>τοῦ</span> <span class='ocrx_word' id='word_1_741' title='bbox 366 5364 538 5417; x_wconf 64' lang='grc' dir='ltr'>αἰτίου</span> <span class='ocrx_word' id='word_1_742' title='bbox 580 5365 823 5436; x_wconf 77' lang='grc' dir='ltr'>ζήτησιν,</span> <span class='ocrx_word' id='word_1_743' title='bbox 860 5365 952 5418; x_wconf 83' lang='grc' dir='ltr'>καὶ</span> <span class='ocrx_word' id='word_1_744' title='bbox 997 5363 1369 5434; x_wconf 85' lang='grc' dir='ltr'>συνομολογεῖν</span> <span class='ocrx_word' id='word_1_745' title='bbox 1408 5363 1481 5434; x_wconf 86' lang='grc' dir='ltr'>μὴ</span> <span class='ocrx_word' id='word_1_746' title='bbox 1513 5362 1686 5427; x_wconf 81' lang='grc' dir='ltr'>ἄλλως</span> <span class='ocrx_word' id='word_1_747' title='bbox 1719 5365 1813 5416; x_wconf 83' lang='grc' dir='ltr'>αύ-</span> 
     </span>
    </p>
   </div>
   <div class='ocr_carea' id='block_1_104' title="bbox 243 5455 1815 5529">
    <p class='ocr_par' dir='ltr' id='par_1_104' title="bbox 243 5455 1815 5529">
     <span class='ocr_line' id='line_1_104' title="bbox 243 5455 1815 5529; baseline -0.001 -19"><span class='ocrx_word' id='word_1_748' title='bbox 243 5459 372 5520; x_wconf 82' lang='grc' dir='ltr'>τοὺς</span> <span class='ocrx_word' id='word_1_749' title='bbox 419 5459 811 5529; x_wconf 82' lang='grc' dir='ltr'>κεκρατηκέναι</span> <span class='ocrx_word' id='word_1_750' title='bbox 842 5456 935 5510; x_wconf 80' lang='grc' dir='ltr'>τοῦ</span> <span class='ocrx_word' id='word_1_751' title='bbox 973 5456 1315 5526; x_wconf 80' lang='grc' dir='ltr'>τολμήματος</span> <span class='ocrx_word' id='word_1_752' title='bbox 1359 5455 1392 5526; x_wconf 78' lang='grc' dir='ltr'>ἦ</span> <span class='ocrx_word' id='word_1_753' title='bbox 1425 5455 1672 5526; x_wconf 76' lang='grc' dir='ltr'>θειοτέρα</span> <span class='ocrx_word' id='word_1_754' title='bbox 1722 5457 1815 5509; x_wconf 73' lang='grc' dir='ltr'><strong>καὶ</strong></span> 
     </span>
    </p>
   </div>
   <div class='ocr_carea' id='block_1_105' title="bbox 244 5546 1814 5618">
    <p class='ocr_par' dir='ltr' id='par_1_105' title="bbox 244 5546 1814 5618">
     <span class='ocr_line' id='line_1_105' title="bbox 244 5546 1814 5618; baseline -0.002 -17"><span class='ocrx_word' id='word_1_755' title='bbox 244 5548 388 5618; x_wconf 80' lang='grc' dir='ltr'>ὑπὲρ</span> <span class='ocrx_word' id='word_1_756' title='bbox 433 5546 715 5618; x_wconf 82' lang='grc' dir='ltr'>ἄνθρωπον</span> <span class='ocrx_word' id='word_1_757' title='bbox 742 5547 964 5618; x_wconf 72' lang='grc' dir='ltr'>δυνάμει</span> <span class='ocrx_word' id='word_1_758' title='bbox 999 5547 1090 5598; x_wconf 75' lang='grc' dir='ltr'>καὶ</span> <span class='ocrx_word' id='word_1_759' title='bbox 1126 5546 1385 5618; x_wconf 78' lang='grc' dir='ltr'>συνεργίᾳ</span> <span class='ocrx_word' id='word_1_760' title='bbox 1417 5546 1510 5600; x_wconf 81' lang='grc' dir='ltr'>τοῦ</span> <span class='ocrx_word' id='word_1_761' title='bbox 1545 5547 1814 5616; x_wconf 68' lang='grc' dir='ltr'>φήσαντος</span> 
     </span>
    </p>
   </div>
   <div class='ocr_carea' id='block_1_106' title="bbox 247 5639 1813 5710">
    <p class='ocr_par' dir='ltr' id='par_1_106' title="bbox 247 5639 1813 5710">
     <span class='ocr_line' id='line_1_106' title="bbox 247 5639 1813 5710; baseline -0.001 -18"><span class='ocrx_word' id='word_1_762' title='bbox 247 5641 458 5703; x_wconf 74' lang='grc' dir='ltr'>αὐτοῖς’</span> <span class='ocrx_word' id='word_1_763' title='bbox 500 5659 516 5691; x_wconf 83' lang='grc' dir='ltr'><strong>ι</strong></span> <span class='ocrx_word' id='word_1_764' title='bbox 549 5639 937 5710; x_wconf 85' lang='grc' dir='ltr'>Μαθητεύσατε</span> <span class='ocrx_word' id='word_1_765' title='bbox 965 5642 1138 5692; x_wconf 77' lang='grc' dir='ltr'>πάντα</span> <span class='ocrx_word' id='word_1_766' title='bbox 1164 5639 1232 5692; x_wconf 72' lang='grc' dir='ltr'>τὰ</span> <span class='ocrx_word' id='word_1_767' title='bbox 1266 5640 1389 5710; x_wconf 77' lang='grc' dir='ltr'>ἔθνη</span> <span class='ocrx_word' id='word_1_768' title='bbox 1415 5641 1471 5692; x_wconf 81' lang='grc' dir='ltr'><strong>ἐν</strong></span> <span class='ocrx_word' id='word_1_769' title='bbox 1496 5639 1571 5709; x_wconf 80' lang='grc' dir='ltr'>τῷ</span> <span class='ocrx_word' id='word_1_770' title='bbox 1592 5639 1813 5709; x_wconf 75' lang='grc' dir='ltr'>ὀνόματί</span> 
     </span>
    </p>
   </div>
   <div class='ocr_carea' id='block_1_107' title="bbox 253 5729 1810 5805">
    <p class='ocr_par' dir='ltr' id='par_1_107' title="bbox 253 5729 1810 5805">
     <span class='ocr_line' id='line_1_107' title="bbox 253 5729 1810 5805; baseline -0.001 -19"><span class='ocrx_word' id='word_1_771' title='bbox 253 5754 370 5805; x_wconf 74' lang='grc' dir='ltr'>μου.</span> <span class='ocrx_word' id='word_1_772' title='bbox 420 5755 437 5786; x_wconf 83' lang='grc' dir='ltr'><strong>ι</strong></span> <span class='ocrx_word' id='word_1_773' title='bbox 482 5735 650 5787; x_wconf 64' lang='grc' dir='ltr'>Τοῦτο</span> <span class='ocrx_word' id='word_1_774' title='bbox 681 5733 724 5786; x_wconf 82' lang='grc' dir='ltr'>δ’</span> <span class='ocrx_word' id='word_1_775' title='bbox 765 5729 856 5788; x_wconf 78' lang='grc' dir='ltr'>οὖν</span> <span class='ocrx_word' id='word_1_776' title='bbox 888 5732 1054 5788; x_wconf 82' lang='grc' dir='ltr'>εἰπὼν</span> <span class='ocrx_word' id='word_1_777' title='bbox 1095 5732 1422 5803; x_wconf 81' lang='grc' dir='ltr'>ὲπισυνῆψεν</span> <span class='ocrx_word' id='word_1_778' title='bbox 1460 5732 1810 5802; x_wconf 79' lang='grc' dir='ltr'>ἐπαγγελίαν,</span> 
     </span>
    </p>
   </div>
   <div class='ocr_carea' id='block_1_108' title="bbox 1927 4538 3487 4616">
    <p class='ocr_par' dir='ltr' id='par_1_108' title="bbox 1927 4538 3487 4616">
     <span class='ocr_line' id='line_1_108' title="bbox 1927 4538 3487 4616; baseline -0.006 -17"><span class='ocrx_word' id='word_1_779' title='bbox 1927 4545 2440 4616; x_wconf 87' lang='lat' dir='ltr'><strong>probrosissimum,</strong></span> <span class='ocrx_word' id='word_1_780' title='bbox 2504 4551 2556 4598; x_wconf 90' lang='lat' dir='ltr'><strong>ct</strong></span> <span class='ocrx_word' id='word_1_781' title='bbox 2610 4542 2851 4595; x_wconf 89' lang='lat' dir='ltr'><strong>omnium</strong></span> <span class='ocrx_word' id='word_1_782' title='bbox 2912 4539 3192 4594; x_wconf 90' lang='lat' dir='ltr'><strong>hominum</strong></span> <span class='ocrx_word' id='word_1_783' title='bbox 3254 4538 3487 4592; x_wconf 84' lang='lat' dir='ltr'><strong>scelera-</strong></span> 
     </span>
    </p>
   </div>
   <div class='ocr_carea' id='block_1_109' title="bbox 1923 4627 3484 4706">
    <p class='ocr_par' dir='ltr' id='par_1_109' title="bbox 1923 4627 3484 4706">
     <span class='ocr_line' id='line_1_109' title="bbox 1923 4627 3484 4706; baseline -0.006 -16"><span class='ocrx_word' id='word_1_784' title='bbox 1923 4638 2153 4692; x_wconf 86' lang='lat' dir='ltr'><strong>tissimis</strong></span> <span class='ocrx_word' id='word_1_785' title='bbox 2187 4636 2400 4706; x_wconf 82' lang='lat' dir='ltr'><strong>injuugi</strong></span> <span class='ocrx_word' id='word_1_786' title='bbox 2435 4635 2655 4689; x_wconf 91' lang='lat' dir='ltr'><strong>solitum</strong></span> <span class='ocrx_word' id='word_1_787' title='bbox 2711 4633 2897 4687; x_wconf 87' lang='lat' dir='ltr'><strong>crucis</strong></span> <span class='ocrx_word' id='word_1_788' title='bbox 2943 4631 3268 4702; x_wconf 84' lang='lat' dir='ltr'><strong>supplicium</strong></span> <span class='ocrx_word' id='word_1_789' title='bbox 3305 4647 3316 4681; x_wconf 93' lang='lat'><strong>:</strong></span> <span class='ocrx_word' id='word_1_790' title='bbox 3360 4627 3484 4696; x_wconf 90' lang='lat' dir='ltr'><strong>quis</strong></span> 
     </span>
    </p>
   </div>
   <div class='ocr_carea' id='block_1_110' title="bbox 1921 4720 3486 4791">
    <p class='ocr_par' dir='ltr' id='par_1_110' title="bbox 1921 4720 3486 4791">
     <span class='ocr_line' id='line_1_110' title="bbox 1921 4720 3486 4791; baseline -0.008 -8"><span class='ocrx_word' id='word_1_791' title='bbox 1921 4746 2030 4784; x_wconf 92' lang='lat' dir='ltr'><strong>non</strong></span> <span class='ocrx_word' id='word_1_792' title='bbox 2081 4730 2274 4784; x_wconf 90' lang='lat' dir='ltr'><strong>merito</strong></span> <span class='ocrx_word' id='word_1_793' title='bbox 2306 4729 2428 4782; x_wconf 92' lang='lat' dir='ltr'><strong>illos</strong></span> <span class='ocrx_word' id='word_1_794' title='bbox 2463 4734 2520 4780; x_wconf 90' lang='lat' dir='ltr'><strong>ut</strong></span> <span class='ocrx_word' id='word_1_795' title='bbox 2574 4724 2851 4780; x_wconf 88' lang='lat' dir='ltr'><strong>contraria</strong></span> <span class='ocrx_word' id='word_1_796' title='bbox 2901 4723 3004 4778; x_wconf 92' lang='lat' dir='ltr'><strong>sibi</strong></span> <span class='ocrx_word' id='word_1_797' title='bbox 3051 4723 3185 4791; x_wconf 89' lang='lat' dir='ltr'><strong>ipsis</strong></span> <span class='ocrx_word' id='word_1_798' title='bbox 3241 4720 3486 4774; x_wconf 80' lang='lat' dir='ltr'><strong>dicentes</strong></span> 
     </span>
    </p>
   </div>
   <div class='ocr_carea' id='block_1_111' title="bbox 1921 4810 3482 4886">
    <p class='ocr_par' dir='ltr' id='par_1_111' title="bbox 1921 4810 3482 4886">
     <span class='ocr_line' id='line_1_111' title="bbox 1921 4810 3482 4886; baseline -0.008 -12"><span class='ocrx_word' id='word_1_799' title='bbox 1921 4817 2401 4886; x_wconf 84' lang='lat' dir='ltr'><strong>delusisset?Quis</strong></span> <span class='ocrx_word' id='word_1_800' title='bbox 2447 4825 2625 4872; x_wconf 86' lang='lat' dir='ltr'><strong>autem</strong></span> <span class='ocrx_word' id='word_1_801' title='bbox 2673 4831 2845 4884; x_wconf 87' lang='lat' dir='ltr'><strong>usque</strong></span> <span class='ocrx_word' id='word_1_802' title='bbox 2879 4815 3013 4868; x_wconf 87' lang='lat' dir='ltr'><strong>adeo</strong></span> <span class='ocrx_word' id='word_1_803' title='bbox 3053 4813 3237 4867; x_wconf 87' lang='lat' dir='ltr'><strong>fatuus</strong></span> <span class='ocrx_word' id='word_1_804' title='bbox 3271 4810 3482 4873; x_wconf 84' lang='lat' dir='ltr'><strong>fuisset,</strong></span> 
     </span>
    </p>
   </div>
   <div class='ocr_carea' id='block_1_112' title="bbox 1923 4900 3483 4975">
    <p class='ocr_par' dir='ltr' id='par_1_112' title="bbox 1923 4900 3483 4975">
     <span class='ocr_line' id='line_1_112' title="bbox 1923 4900 3483 4975; baseline -0.008 -11"><span class='ocrx_word' id='word_1_805' title='bbox 1923 4919 1981 4964; x_wconf 90' lang='lat' dir='ltr'><strong>ut</strong></span> <span class='ocrx_word' id='word_1_806' title='bbox 2015 4909 2174 4964; x_wconf 85' lang='lat' dir='ltr'><strong>facile</strong></span> <span class='ocrx_word' id='word_1_807' title='bbox 2224 4909 2472 4964; x_wconf 84' lang='lat' dir='ltr'><strong>crederet</strong></span> <span class='ocrx_word' id='word_1_808' title='bbox 2513 4909 2824 4962; x_wconf 86' lang='lat' dir='ltr'><strong>dicentibus</strong></span> <span class='ocrx_word' id='word_1_809' title='bbox 2858 4913 3019 4975; x_wconf 88' lang='lat' dir='ltr'><strong>atque</strong></span> <span class='ocrx_word' id='word_1_810' title='bbox 3068 4900 3483 4962; x_wconf 82' lang='lat' dir='ltr'><strong>aﬂirmantibus,</strong></span> 
     </span>
    </p>
   </div>
   <div class='ocr_carea' id='block_1_113' title="bbox 1919 4991 3488 5070">
    <p class='ocr_par' dir='ltr' id='par_1_113' title="bbox 1919 4991 3488 5070">
     <span class='ocr_line' id='line_1_113' title="bbox 1919 4991 3488 5070; baseline -0.004 -19"><span class='ocrx_word' id='word_1_811' title='bbox 1919 5001 2120 5055; x_wconf 84' lang='lat' dir='ltr'><strong>vidisse</strong></span> <span class='ocrx_word' id='word_1_812' title='bbox 2151 5016 2209 5054; x_wconf 90' lang='lat' dir='ltr'><strong>se</strong></span> <span class='ocrx_word' id='word_1_813' title='bbox 2234 5007 2358 5070; x_wconf 89' lang='lat' dir='ltr'><strong>post</strong></span> <span class='ocrx_word' id='word_1_814' title='bbox 2389 5006 2618 5053; x_wconf 87' lang='lat' dir='ltr'><strong>mortem</strong></span> <span class='ocrx_word' id='word_1_815' title='bbox 2657 4999 2808 5052; x_wconf 91' lang='lat' dir='ltr'><strong>illum</strong></span> <span class='ocrx_word' id='word_1_816' title='bbox 2835 5013 2862 5051; x_wconf 88' lang='lat' dir='ltr'><strong>a</strong></span> <span class='ocrx_word' id='word_1_817' title='bbox 2897 4995 3130 5051; x_wconf 88' lang='lat' dir='ltr'><strong>mortuis</strong></span> <span class='ocrx_word' id='word_1_818' title='bbox 3172 4991 3402 5046; x_wconf 87' lang='lat' dir='ltr'><strong>rediisse</strong></span> <span class='ocrx_word' id='word_1_819' title='bbox 3423 5007 3488 5044; x_wconf 87' lang='lat' dir='ltr'><strong>ae</strong></span> 
     </span>
    </p>
   </div>
   <div class='ocr_carea' id='block_1_114' title="bbox 1920 5083 3488 5168">
    <p class='ocr_par' dir='ltr' id='par_1_114' title="bbox 1920 5083 3488 5168">
     <span class='ocr_line' id='line_1_114' title="bbox 1920 5083 3488 5168; baseline -0.008 -23"><span class='ocrx_word' id='word_1_820' title='bbox 1920 5092 2203 5157; x_wconf 82' lang='lat' dir='ltr'><strong>revixisse,</strong></span> <span class='ocrx_word' id='word_1_821' title='bbox 2231 5091 2324 5160; x_wconf 88' lang='lat' dir='ltr'><strong>qui</strong></span> <span class='ocrx_word' id='word_1_822' title='bbox 2355 5105 2423 5143; x_wconf 89' lang='lat' dir='ltr'><strong>ne</strong></span> <span class='ocrx_word' id='word_1_823' title='bbox 2459 5099 2588 5142; x_wconf 90' lang='lat' dir='ltr'><strong>tunc</strong></span> <span class='ocrx_word' id='word_1_824' title='bbox 2609 5088 2827 5158; x_wconf 91' lang='lat' dir='ltr'><strong>quidem</strong></span> <span class='ocrx_word' id='word_1_825' title='bbox 2853 5083 3140 5168; x_wconf 87' lang='lat' dir='ltr'><strong>cum-apud</strong></span> <span class='ocrx_word' id='word_1_826' title='bbox 3165 5083 3315 5137; x_wconf 90' lang='lat' dir='ltr'><strong>vivos</strong></span> <span class='ocrx_word' id='word_1_827' title='bbox 3343 5088 3488 5134; x_wconf 91' lang='lat' dir='ltr'><strong>esset</strong></span> 
     </span>
    </p>
   </div>
   <div class='ocr_carea' id='block_1_115' title="bbox 1919 5172 3489 5253">
    <p class='ocr_par' dir='ltr' id='par_1_115' title="bbox 1919 5172 3489 5253">
     <span class='ocr_line' id='line_1_115' title="bbox 1919 5172 3489 5253; baseline -0.009 -14"><span class='ocrx_word' id='word_1_828' title='bbox 1919 5185 2155 5253; x_wconf 87' lang='lat' dir='ltr'><strong>seipsum</strong></span> <span class='ocrx_word' id='word_1_829' title='bbox 2187 5182 2352 5235; x_wconf 89' lang='lat' dir='ltr'><strong>tutari</strong></span> <span class='ocrx_word' id='word_1_830' title='bbox 2385 5180 2690 5251; x_wconf 85' lang='lat' dir='ltr'><strong>potuisset?</strong></span> <span class='ocrx_word' id='word_1_831' title='bbox 2716 5179 2877 5249; x_wconf 76' lang='lat'><strong>138</strong></span> <span class='ocrx_word' id='word_1_832' title='bbox 2901 5177 3035 5243; x_wconf 83' lang='lat' dir='ltr'><strong>Quis</strong></span> <span class='ocrx_word' id='word_1_833' title='bbox 3057 5191 3185 5230; x_wconf 92' lang='lat' dir='ltr'><strong>vero</strong></span> <span class='ocrx_word' id='word_1_834' title='bbox 3221 5172 3489 5242; x_wconf 87' lang='lat' dir='ltr'><strong>imperitis</strong></span> 
     </span>
    </p>
   </div>
   <div class='ocr_carea' id='block_1_116' title="bbox 1920 5263 3492 5344">
    <p class='ocr_par' dir='ltr' id='par_1_116' title="bbox 1920 5263 3492 5344">
     <span class='ocr_line' id='line_1_116' title="bbox 1920 5263 3492 5344; baseline -0.009 -16"><span class='ocrx_word' id='word_1_835' title='bbox 1920 5275 2048 5339; x_wconf 89' lang='lat' dir='ltr'><strong>illis,</strong></span> <span class='ocrx_word' id='word_1_836' title='bbox 2081 5282 2242 5344; x_wconf 89' lang='lat' dir='ltr'><strong>atque</strong></span> <span class='ocrx_word' id='word_1_837' title='bbox 2276 5272 2604 5344; x_wconf 86' lang='lat' dir='ltr'><strong>ignobilibus</strong></span> <span class='ocrx_word' id='word_1_838' title='bbox 2657 5285 2897 5340; x_wconf 89' lang='lat' dir='ltr'><strong>unquam</strong></span> <span class='ocrx_word' id='word_1_839' title='bbox 2953 5267 3227 5338; x_wconf 87' lang='lat' dir='ltr'><strong>paruisset</strong></span> <span class='ocrx_word' id='word_1_840' title='bbox 3257 5263 3492 5319; x_wconf 82' lang='lat' dir='ltr'><strong>dicenti-</strong></span> 
     </span>
    </p>
   </div>
   <div class='ocr_carea' id='block_1_117' title="bbox 1917 5360 3486 5436">
    <p class='ocr_par' dir='ltr' id='par_1_117' title="bbox 1917 5360 3486 5436">
     <span class='ocr_line' id='line_1_117' title="bbox 1917 5360 3486 5436; baseline -0.01 -15"><span class='ocrx_word' id='word_1_841' title='bbox 1917 5367 2039 5430; x_wconf 89' lang='lat' dir='ltr'><strong>bus,</strong></span> <span class='ocrx_word' id='word_1_842' title='bbox 2091 5373 2341 5436; x_wconf 87' lang='lat' dir='ltr'><strong>oportere</strong></span> <span class='ocrx_word' id='word_1_843' title='bbox 2394 5364 2525 5418; x_wconf 91' lang='lat' dir='ltr'><strong>deos</strong></span> <span class='ocrx_word' id='word_1_844' title='bbox 2583 5363 2801 5432; x_wconf 91' lang='lat' dir='ltr'><strong>quidem</strong></span> <span class='ocrx_word' id='word_1_845' title='bbox 2853 5360 3061 5431; x_wconf 88' lang='lat' dir='ltr'><strong>patrios</strong></span> <span class='ocrx_word' id='word_1_846' title='bbox 3115 5365 3486 5419; x_wconf 87' lang='lat' dir='ltr'><strong>contemnere,</strong></span> 
     </span>
    </p>
   </div>
   <div class='ocr_carea' id='block_1_118' title="bbox 1915 5449 3486 5526">
    <p class='ocr_par' dir='ltr' id='par_1_118' title="bbox 1915 5449 3486 5526">
     <span class='ocr_line' id='line_1_118' title="bbox 1915 5449 3486 5526; baseline -0.01 -12"><span class='ocrx_word' id='word_1_847' title='bbox 1915 5468 1969 5514; x_wconf 86' lang='lat' dir='ltr'><strong>et</strong></span> <span class='ocrx_word' id='word_1_848' title='bbox 2000 5458 2288 5514; x_wconf 83' lang='lat' dir='ltr'><strong>stultitiam</strong></span> <span class='ocrx_word' id='word_1_849' title='bbox 2313 5457 2581 5519; x_wconf 89' lang='lat' dir='ltr'><strong>omnium,</strong></span> <span class='ocrx_word' id='word_1_850' title='bbox 2609 5456 2702 5526; x_wconf 91' lang='lat' dir='ltr'><strong>qui</strong></span> <span class='ocrx_word' id='word_1_851' title='bbox 2731 5468 2969 5522; x_wconf 83' lang='lat' dir='ltr'><strong>unquam</strong></span> <span class='ocrx_word' id='word_1_852' title='bbox 3003 5451 3070 5504; x_wconf 89' lang='lat' dir='ltr'><strong>ab</strong></span> <span class='ocrx_word' id='word_1_853' title='bbox 3103 5450 3260 5504; x_wconf 88' lang='lat' dir='ltr'><strong>initio</strong></span> <span class='ocrx_word' id='word_1_854' title='bbox 3292 5449 3486 5500; x_wconf 82' lang='lat' dir='ltr'><strong>huma-</strong></span> 
     </span>
    </p>
   </div>
   <div class='ocr_carea' id='block_1_119' title="bbox 1919 5542 3488 5621">
    <p class='ocr_par' dir='ltr' id='par_1_119' title="bbox 1919 5542 3488 5621">
     <span class='ocr_line' id='line_1_119' title="bbox 1919 5542 3488 5621; baseline -0.009 -16"><span class='ocrx_word' id='word_1_855' title='bbox 1919 5553 1970 5605; x_wconf 88' lang='lat' dir='ltr'><strong>ni</strong></span> <span class='ocrx_word' id='word_1_856' title='bbox 2005 5551 2220 5621; x_wconf 81' lang='lat' dir='ltr'><strong>gem-ris</strong></span> <span class='ocrx_word' id='word_1_857' title='bbox 2264 5549 2514 5609; x_wconf 87' lang='lat' dir='ltr'><strong>fuissent.</strong></span> <span class='ocrx_word' id='word_1_858' title='bbox 2549 5549 2810 5601; x_wconf 82' lang='lat' dir='ltr'><strong>damnare</strong></span> <span class='ocrx_word' id='word_1_859' title='bbox 2849 5564 2861 5598; x_wconf 90' lang='lat'>:</span> <span class='ocrx_word' id='word_1_860' title='bbox 2894 5545 3025 5599; x_wconf 85' lang='lat' dir='ltr'><strong>solis</strong></span> <span class='ocrx_word' id='word_1_861' title='bbox 3057 5560 3188 5597; x_wconf 76' lang='lat' dir='ltr'><strong>vero</strong></span> <span class='ocrx_word' id='word_1_862' title='bbox 3231 5542 3334 5596; x_wconf 82' lang='lat' dir='ltr'><strong>sibi</strong></span> <span class='ocrx_word' id='word_1_863' title='bbox 3393 5555 3488 5610; x_wconf 79' lang='lat' dir='ltr'><strong>pa—</strong></span> 
     </span>
    </p>
   </div>
   <div class='ocr_carea' id='block_1_120' title="bbox 1917 5630 3489 5708">
    <p class='ocr_par' dir='ltr' id='par_1_120' title="bbox 1917 5630 3489 5708">
     <span class='ocr_line' id='line_1_120' title="bbox 1917 5630 3489 5708; baseline -0.011 -12"><span class='ocrx_word' id='word_1_864' title='bbox 1917 5656 2058 5705; x_wconf 85' lang='lat' dir='ltr'><strong>rere,</strong></span> <span class='ocrx_word' id='word_1_865' title='bbox 2089 5647 2136 5693; x_wconf 89' lang='lat' dir='ltr'><strong>et</strong></span> <span class='ocrx_word' id='word_1_866' title='bbox 2178 5641 2243 5694; x_wconf 93' lang='lat' dir='ltr'><strong>iis</strong></span> <span class='ocrx_word' id='word_1_867' title='bbox 2279 5657 2399 5708; x_wconf 73' lang='lat' dir='ltr'><strong>qua:</strong></span> <span class='ocrx_word' id='word_1_868' title='bbox 2435 5637 2730 5691; x_wconf 79' lang='lat' dir='ltr'><strong>crueilixus</strong></span> <span class='ocrx_word' id='word_1_869' title='bbox 2769 5634 3152 5704; x_wconf 69' lang='lat' dir='ltr'><strong>prrecepisset?</strong></span> <span class='ocrx_word' id='word_1_870' title='bbox 3177 5633 3323 5685; x_wconf 89' lang='lat' dir='ltr'><strong>hunc</strong></span> <span class='ocrx_word' id='word_1_871' title='bbox 3343 5630 3489 5682; x_wconf 88' lang='lat' dir='ltr'><strong>enim</strong></span> 
     </span>
    </p>
   </div>
   <div class='ocr_carea' id='block_1_121' title="bbox 1918 5724 3514 5799">
    <p class='ocr_par' dir='ltr' id='par_1_121' title="bbox 1918 5724 3514 5799">
     <span class='ocr_line' id='line_1_121' title="bbox 1918 5724 3514 5799; baseline -0.012 -12"><span class='ocrx_word' id='word_1_872' title='bbox 1918 5747 2038 5787; x_wconf 88' lang='lat' dir='ltr'><strong>esse</strong></span> <span class='ocrx_word' id='word_1_873' title='bbox 2104 5729 2274 5785; x_wconf 86' lang='lat' dir='ltr'><strong>solius</strong></span> <span class='ocrx_word' id='word_1_874' title='bbox 2336 5728 2579 5799; x_wconf 87' lang='lat' dir='ltr'><strong>supremi</strong></span> <span class='ocrx_word' id='word_1_875' title='bbox 2638 5727 2729 5782; x_wconf 86' lang='lat' dir='ltr'><strong>Dei</strong></span> <span class='ocrx_word' id='word_1_876' title='bbox 2781 5726 2958 5781; x_wconf 89' lang='lat' dir='ltr'><strong>solum</strong></span> <span class='ocrx_word' id='word_1_877' title='bbox 3015 5724 3275 5780; x_wconf 88' lang='lat' dir='ltr'><strong>dilectum</strong></span> <span class='ocrx_word' id='word_1_878' title='bbox 3333 5731 3514 5789; x_wconf 83' lang='lat' dir='ltr'><strong>atque.</strong></span> 
     </span>
    </p>
   </div>
  </div>
