3914 6198
515 264 621 322 253

1175 267 1443 325 EUSEBll
1473 266 1951 324 CASSARIENSIS
1988 268 2135 326 Ol‘P.
2177 270 2358 326 PARS
2391 269 2459 326 11.
2497 302 2569 314 -
2605 270 3102 329 APOLOGETICA.
3608 281 3696 338 2M

516 394 737 440 unicum
772 383 990 438 Filium.
1027 381 1169 439 Sane
1190 386 1319 440 dum
1341 400 1443 457 ego
1476 400 1689 441 mecum
1715 386 1900 442 studio
1933 388 2046 443 veri

2152 388 2247 453 ,δι’
2315 386 2383 464 ἧς
2431 390 2655 463 ἔμελλον
2711 391 3025 462 ὲπιθαρρεῖν
3091 388 3180 442 καὶ
3235 389 3500 460 προθύμως
3554 397 3693 452 ὲπιδι.

514 480 645 533 tatis
686 477 916 548 hujusce
961 475 1039 532 rei
1088 476 1357 533 rationem
1403 476 1647 549 exploro,
1677 479 1881 533 nullam
1918 479 2078 551 plane

511 568 573 625 in
604 583 670 626 ea
716 568 823 623 vim
871 567 943 622 ad
1000 567 1342 638 probandum
1390 569 1662 634 idoneam,
1690 586 1865 642 neque
1912 586 2077 643 grave

510 660 808 732 quidquam
841 665 936 714 aut
967 658 1073 716 lide
1122 658 1344 731 dignum
1397 659 1634 724 invenio,
1670 675 1735 717 ac
1782 676 1851 718 ne
1880 662 2080 734 proba-

512 754 619 811 bile
652 753 874 825 quidem
917 769 1092 826 usque
1120 754 1278 821 adeo,
1318 763 1379 810 ut
1416 755 1626 811 fatuum
1659 756 1849 812 saltem
1879 770 2074 826 quem-

509 846 653 918 piam
701 846 780 901 illi
811 847 868 902 in
906 861 1061 904 suam
1101 847 1425 904 sententiam
1459 847 1676 904 trahere
1708 853 1971 919 possent9
2005 845 2074 900 At

509 952 725 1002 rursus,
757 937 885 993 dum
915 937 984 993 ad
1016 938 1191 1010 ipsius
1220 940 1368 995 verbi
1402 940 1697 1011 potentiam
1727 938 1983 1011 respicio,
2014 946 2073 993 ut

510 1028 1001 1085 innumerabilibus
1032 1029 1309 1085 hominum
1332 1031 1693 1086 conventibus
1714 1026 2069 1101 persuaserit.

506 1127 671 1192 atque
714 1129 773 1175 ut
816 1120 885 1176 ab
912 1121 1048 1192 ipsis
1094 1122 1202 1178 illis
1238 1122 1649 1193 ignobilissimis
1685 1130 1740 1176 et
1763 1122 2070 1193 agrestibus

502 1212 630 1270 Iesu
652 1214 958 1285 discipulis,
986 1216 1451 1272 numerosissima:
1482 1215 1737 1271 Ecclesiae
1760 1216 2069 1271 constituta:

2187 480 2338 535 δόναι
2393 485 2531 549 σφᾶς
2565 484 2761 547 αὐτοὺς
2790 485 2902 545 τοῖς
2932 478 3406 550 παρηγγελμένοις.
3435 484 3557 555 Φησὶ
3582 488 3690 557 γοῦν

2160 573 2365 638 ἀὐτοῖς
2387 591 2401 604 ο
2442 593 2459 627 ι
2492 576 2603 628 Καὶ
2635 575 2741 629 ἰδοῦ
2768 575 2880 643 ἐγὼ
2913 574 3031 645 μεθ’
3080 573 3230 645 ὑμῶν
3260 575 3368 646 εἰμι
3411 578 3572 642 πάσας
3608 581 3691 646 τὰς

2181 665 2394 738 ἡμέρας
2429 664 2539 730 ἓως
2560 666 2661 736 τῆς
2688 665 2996 730 συντελείας
3023 664 3116 719 τοῦ
3158 665 3365 731 αἰῶνος.
3399 687 3417 719 ι
3453 668 3592 724 Ἀλλά
3611 675 3690 727 καὶ

2180 753 2495 825 Πνεῦματος
2540 750 2725 819 αὐτοῖς
2776 754 3078 826 ἐμπνεῦσαι
3129 754 3341 823 λέγεται
3387 755 3538 822 θείου,
3578 759 3692 815 ἀλλὰ

2177 853 2274 906 καὶ
2317 850 2547 923 δύναμιν
2590 852 2771 916 αὐτοῖς
2816 850 2995 905 ἔνθεον
3041 850 3135 905 καὶ
3188 850 3584 923 παραδοξοποιδν
3609 871 3691 909 πε-

2177 942 2482 1013 ποιηκέναι,
2500 943 2622 996 τοτὲ
2648 942 2744 1014 μὲν
2769 941 2965 1011 φήσαςο
2994 960 3013 993 ι
3045 940 3250 995 Λάϐετε
3276 942 3489 1015 Πνεῦμα
3506 944 3686 1013 ἆγιονί

2175 1035 2296 1088 τοτὲ
2323 1033 2380 1087 δὲ
2412 1033 2579 1088 εἰπών
2599 1050 2614 1064 ο
2655 1052 2675 1085 ι
2723 1031 3106 1097 Ἀσθενοῦντας
3129 1032 3469 1103 θεραπεύετε,
3497 1035 3693 1108 λεπροὺς

2176 1123 2528 1196 καθαρίζετε,
2575 1122 2834 1195 δαίμονας
2882 1122 3190 1177 ἐκϐάλλετεο
3238 1123 3437 1195 δωρεάν
3483 1124 3691 1191 ἐλάϐετε,

2175 1213 2384 1284 δωρεὰν
2411 1213 2550 1268 δότε.
2588 1232 2608 1265 ›

504 1305 635 1372 sint,
668 1322 775 1362 non
801 1307 854 1362 in
879 1307 1201 1376 quibusdam
1230 1307 1430 1380 ignotis
1457 1316 1619 1377 atque
1667 1307 1917 1363 obscuris
1943 1306 2102 1374 locis,
2141 1306 2237 1362 sed
2299 1306 2352 1360 in
2407 1305 2727 1361 clarissimis
2769 1304 3079 1363 civitatibus
3121 1313 3335 1370 erectas.
3377 1309 3431 1363 in
3470 1308 3595 1379 ipsa,
3620 1308 3693 1363 in-

502 1412 690 1469 quam,
738 1399 967 1454 aliarum
1019 1398 1234 1454 urbium
1288 1397 1498 1469 regina,
1537 1398 1783 1456 Romana
1824 1399 1979 1463 urbe,
2017 1399 2073 1453 in
2112 1397 2497 1461 Alexandrina,
2566 1397 2621 1452 in
2670 1398 3043 1463 Antiochensi,
3094 1413 3192 1470 per
3237 1405 3400 1454 totam
3436 1398 3693 1472 Egyptum

501 1504 567 1546 ac
600 1487 843 1561 Lyciam,
877 1508 976 1563 per
1013 1490 1284 1563 Europam
1341 1500 1506 1563 atque
1547 1493 1751 1557 Asiam,
1812 1493 1868 1547 in
1931 1492 2068 1549 vicis
2096 1499 2150 1547 et
2187 1491 2520 1562 regionibus,
2553 1489 2811 1560 omnique
2854 1490 3016 1547 modo
3072 1490 3238 1549 variis
3262 1491 3544 1564 gentibus:
3572 1500 3696 1549 retro

501 1600 672 1657 cogor
714 1592 1041 1644 necessitate
1072 1588 1326 1658 quadam,
1368 1587 1436 1642 ad
1474 1589 1648 1660 ipsius
1698 1589 1775 1643 rei
1834 1602 2057 1643 causam
2097 1586 2478 1658 inquirendam
2511 1599 2817 1649 recurrere,
2888 1584 3156 1657 faterique
3230 1602 3339 1643 non
3382 1586 3532 1643 aliter
3569 1587 3696 1659 ipsos

501 1679 717 1739 facinus
747 1691 854 1738 tam
888 1682 1065 1738 audax
1103 1684 1449 1751 «obtinuisse,
1487 1699 1649 1754 quam
1683 1684 1936 1739 diviniori
2002 1681 2236 1754 quadam
2289 1683 2555 1754 longeque
2611 1679 2903 1735 humanam
2927 1695 3221 1752 superante
3247 1680 3496 1751 potentia,
3515 1695 3695 1752 opeque

501 1785 665 1848 atque
721 1777 924 1833 auxilio
980 1776 1151 1841 illius,
1212 1777 1306 1847 qui
1341 1776 1551 1834 dixerat
1578 1796 1609 1834 ε.
1631 1799 1649 1830 ι
1687 1776 1885 1834 Docete
1915 1792 2106 1833 omnes
2142 1784 2330 1847 gentes
2386 1776 2442 1831 in
2472 1776 2692 1832 nomine
2723 1789 2864 1830 meo.
2899 1793 2919 1825 ι
2952 1771 3232 1844 Siquidem
3267 1787 3390 1828 cum
3422 1773 3519 1829 hoc
3550 1773 3696 1832 dixis-

499 1877 604 1936 set,
656 1870 906 1943 adjunxit
961 1871 1310 1941 promissum,
1364 1886 1473 1940 quo
1540 1877 1725 1927 essent
1782 1869 2056 1942 accepturi
2094 1869 2504 1934 contidentiam,
2539 1876 2594 1922 et
2631 1873 2878 1939 prompte
2941 1865 3197 1921 tradituri
3241 1867 3448 1937 seipsos
3499 1867 3561 1923 iis
3593 1882 3694 1939 qua

497 1962 816 2019 denuntiata
866 1962 1001 2035 ipsis
1052 1963 1305 2031 fuerant;
1349 1962 1487 2018 dixit
1544 1962 1713 2032 igitur
1763 1962 1831 2017 ad
1886 1962 2053 2017 illos:
2099 1981 2118 2013 ι
2160 1960 2227 2015 Et
2253 1976 2382 2017 ecce
2440 1974 2541 2030 ego
2606 1959 2887 2015 vobiscum
2921 1972 3041 2013 sum
3073 1972 3270 2014 omnes
3293 1957 3429 2023 dies,
3455 1961 3688 2031 usquead

496 2056 1022 2114 consummationem
1058 2057 1328 2113 saeculi”.
1396 2077 1415 2108 ι
1466 2055 1609 2122 Quin
1645 2056 1809 2110 etiam
1847 2053 2058 2110 υωοεεο
2095 2054 2218 2109 illos
2276 2052 2462 2108 divino
2491 2051 2699 2122 Spiritu
2729 2050 2951 2115 dicitur,
3020 2066 3235 2107 necnon
3273 2052 3506 2107 divinam
3532 2067 3694 2124 quam-

495 2145 643 2212 dam,
673 2154 728 2202 et
777 2161 884 2217 qua
915 2161 1004 2203 res
1024 2146 1374 2203 admirabiles
1431 2145 1724 2210 edicerent,
1761 2145 2054 2216 potentiam
2090 2145 2198 2200 illis
2229 2146 2598 2215 ingenerasse,
2636 2158 2781 2198 nunc
2810 2144 3027 2214 quidem
3060 2145 3192 2199 illud
3251 2146 3480 2202 dicens:
3515 2164 3532 2197 ι
3562 2144 3694 2200 Acci-

495 2242 608 2312 pite
652 2238 914 2313 Spiritum
983 2251 1231 2297 sanctum
1284 2241 1333 2275 ⁸⁸
1363 2280 1379 2306 ,

494 2334 696 2406 ejicite,
727 2335 897 2406 gratis
918 2334 1229 2406 accepistis,
1255 2335 1426 2406 gratis
1444 2333 1569 2391 date
1582 2334 1651 2386 “.
1684 2353 1703 2387 ι

1456 2261 1476 2292 ι
1540 2255 1686 2295 nunc
1742 2255 1873 2295 vero
1912 2241 2044 2296 illud
2108 2258 2122 2294 :

2171 2258 2189 2288 ι
2230 2238 2478 2295 lnlirmos
2529 2246 2737 2303 curate,
2806 2239 3048 2309 leprosos
3115 2239 3408 2306 mundate,
3452 2240 3691 2296 daemonas

563 2426 730 2484 Vides
763 2427 931 2496 igitur
957 2428 1070 2496 jam
1121 2433 1180 2482 tu
1223 2416 1460 2497 quoque,
1498 2418 1735 2498 quonam
1774 2427 1934 2482 modo
1966 2442 2050 2482 su-

2236 2422 2471 2493 Συνορᾷς
2508 2418 2792 2492 τοιγαροῦν
2842 2420 2936 2476 καὶ
2965 2422 3125 2486 αὐτὸς
3152 2422 3306 2488 ὅπως
3335 2422 3646 2496 κεκράτηκεν
3668 2425 3695 2477 ὁ

492 2519 763 2589 peraverit
797 2517 1010 2571 illorum
1030 2517 1169 2570 ratio
1191 2517 1440 2586 :quando
1472 2518 1637 2570 etiam
1666 2516 1824 2580 liber,
1850 2515 2062 2586 quiAc—

493 2621 548 2664 ta
562 2609 779 2664 illorum
808 2607 1067 2671 continet,
1086 2608 1415 2665 conveniens
1438 2607 1524 2663 his
1556 2615 1609 2662 et
1633 2615 2059 2662 consentaneum

492 2696 701 2769 profert
724 2695 1138 2751 testimonium:
1182 2696 1270 2751 ubi
1312 2698 1415 2767 ipsi
1439 2711 1656 2767 quoque
1691 2703 2061 2751 memorantur

492 2792 610 2861 ipsa
646 2806 829 2850 rerum
873 2787 1274 2845 admirabilium
1315 2788 1599 2844 etlicientia
1627 2830 1642 2855 ,
1682 2803 1847 2860 quam
1896 2789 2061 2845 bene-

491 2882 613 2937 ﬁcio
691 2881 931 2939 nominis
960 2880 1123 2940 Jesu‘
1157 2881 1512 2944 obtinebant,
1578 2896 1675 2937 eos
1731 2880 1824 2951 qui
1888 2883 2058 2936 inter-

489 2981 646 3029 erant
733 2984 896 3043 atque
973 2972 1295 3043 spectabant
1375 2972 1639 3028 attonitos
1729 2971 2053 3029 reddidisse.

494 3064 654 3137 139
680 3063 923 3121 Primum
950 3065 1094 3121 enim
1136 3065 1431 3121 verisimile
1454 3073 1560 3131 est,
1606 3080 1701 3121 eos
1727 3065 1819 3136 qui
1864 3080 2055 3121 cerne-

487 3158 640 3224 bant,
677 3157 841 3213 rebus
874 3157 1006 3230 ipsis
1040 3167 1095 3215 et
1125 3156 1283 3213 factis
1317 3159 1372 3212 in
1402 3167 1677 3229 stuporem
1706 3157 1774 3211 ab
1801 3157 1911 3215 illis
1933 3172 2054 3214 esse

486 3259 805 3312 conversos,
854 3246 933 3300 ita
978 3246 1173 3302 deinde
1217 3248 1436 3303 eosdem
1467 3248 1675 3304 alacres
1708 3255 2053 3320 comparatos

485 3339 553 3394 ad
580 3337 1046 3411 interrogandum,
1068 3339 1320 3409 quisnam
1351 3339 1441 3394 ille
1469 3347 1638 3405 esset,
1668 3339 1827 3410 cujus
1853 3339 2053 3395 virtute

483 3440 539 3487 et
572 3432 790 3488 nomine
834 3430 1159 3488 miraculum
1188 3432 1439 3489 ell'ectum
1482 3440 1645 3490 esset.
1702 3431 1907 3490 Deinde
1954 3428 2051 3488 do-

484 3525 658 3582 cendo
701 3526 863 3582 iidem
915 3526 983 3581 ab
1057 3526 1248 3583 iisdem
1302 3526 1843 3598 deprehendebantur
1910 3526 2046 3592 ﬁde,

482 3619 727 3687 ipsorum
777 3618 1081 3675 doctrinam
1128 3620 1487 3675 antevenisse.
1530 3616 1650 3673 Non
1691 3618 1836 3674 enim
1868 3617 2049 3674 verbis

483 3710 753 3781 persuasi,
787 3711 884 3768 sed
919 3711 1082 3769 rebus
1110 3719 1165 3768 et
1195 3711 1355 3767 factis
1401 3712 1679 3782 prarventi,
1712 3709 1779 3764 ad
1810 3708 1867 3764 id
1900 3710 2048 3781 quod

2163 2517 2229 2569 δι’
2255 2515 2432 2568 αὐτῶν
2455 2514 2611 2583 λόγος
2630 2531 2642 2542 ο
2675 2515 2796 2569 ἐπεὶ
2824 2515 2919 2568 καὶ
2955 2514 3132 2569 αὐτῶν
3160 2517 3194 2587 ἡ
3233 2516 3413 2587 βίϐλος
3440 2517 3541 2572 τῶν
3573 2518 3697 2590 Πρά-

2161 2605 2295 2673 ξεων
2324 2605 2529 2677 συνῳδὰ
2570 2605 2777 2671 τούτοις
2820 2606 2915 2660 xal
2955 2605 3223 2679 σύμφωνα
3267 2612 3560 2681 μαρτυρεῖ*
3590 2608 3696 2663 ἔνθα

2163 2695 2499 2766 ἱστοροῦνται
2540 2696 2634 2749 καὶ
2665 2696 2818 2749 αὐτοὶ
2859 2700 2925 2768 τῇ
2955 2696 3064 2752 τῶν
3107 2697 3429 2771 παραδόξων
3478 2699 3698 2772 ἐνεργείᾳ

2157 2784 2225 2838 δι’
2273 2785 2533 2856 ὀνόματος
2562 2787 2656 2840 τοῦ
2716 2787 2889 2858 Ἰησοῦ
2934 2788 3070 2861 πρὸς
3114 2789 3298 2842 αὐτῶν
3338 2789 3697 2863 ἐπιτελουμένη

2157 2878 2282 2940 τοὺς
2361 2876 2638 2947 παρόντας
2710 2879 2804 2931 καὶ
2877 2879 3002 2943 τοὺς
3072 2877 3383 2951 θεωμένους
3438 2878 3694 2950 ἐκπλῆξαι.

2170 2966 2518 3038 Ἐξέπληττον
2573 2969 2701 3040 γὰρ,
2763 2970 2838 3033 ὡς
2884 2971 3051 3034 εἰκὸς,
3103 2971 3192 3027 διὰ
3231 2971 3344 3026 τῶν
3383 2972 3554 3044 ἔργων
3591 2971 3698 3034 τοὺς

2156 3057 2460 3131 θεωμένους
2520 3061 2781 3133 πρότερον
2803 3080 2816 3093 ο
2864 3057 2963 3117 εἷθ’
2991 3062 3164 3128 οὕτως
3223 3065 3535 3138 προθύμους
3573 3058 3697 3133 εϊχον

2155 3152 2351 3215 αὐτοὺς
2401 3154 2492 3205 ἐπὶ
2523 3153 2583 3206 τὸ
2608 3154 3002 3224 φιλοπευστεῖν,
3029 3155 3115 3220 τίς
3151 3159 3272 3211 ποτ’
3291 3154 3361 3229 ἦν
3397 3152 3546 3220 οὗτος
3560 3149 3615 3211 οῦ
3638 3155 3693 3225 τῇ

2151 3243 2375 3315 δυνάμει
2414 3246 2508 3298 καί
2538 3245 2879 3318 προσηγορίᾳ
2907 3246 2971 3300 τὸ
3002 3245 3187 3319 θαῦμα
3214 3248 3462 3317 γέγονεν.
3490 3243 3614 3301 Εἶτα
3630 3245 3698 3300 δι-

2149 3337 2436 3401 δάσκοντες
2486 3337 2745 3410 ηὕρισκον
2796 3342 2861 3411 τῇ
2908 3340 3088 3394 πίστει
3123 3339 3430 3412 φθάνοντας
3458 3341 3555 3413 τὴν
3584 3338 3696 3411 παρ’

2149 3429 2328 3483 αὐτῶν
2366 3429 2732 3484 διδασκαλίαν.
2774 3431 2848 3483 οὐ
2892 3429 3002 3503 γὰρ
3026 3434 3138 3493 τοῖς
3165 3430 3350 3502 λόγοις
3386 3430 3696 3495 πεισθέντες,

2147 3520 2282 3575 ἀλλὰ
2296 3523 2408 3586 τοῖς
2429 3520 2609 3595 ἔργοις
2644 3522 3241 3594 προσκαταληφθέντες,
3276 3524 3458 3597 ρᾁιον
3475 3521 3698 3578 ἐποιοῦν-

2145 3631 2207 3667 το
2267 3613 2367 3685 τὴν
2401 3616 2458 3667 ὲν
2489 3617 2603 3678 τοῖς
2650 3614 2827 3684 λόγοις
2856 3613 3112 3670 διάθεσιν.
3146 3616 3416 3686 Λέγονται
3456 3615 3580 3686 γοῦν
3608 3613 3699 3687 ήδη

2146 3706 2286 3771 τινὲς
2336 3702 2624 3778 βουθυσίας
2675 3709 2769 3761 καὶ
2816 3708 3044 3773 σπονδὰς
3085 3710 3161 3775 ὡς
3192 3710 3261 3765 ἂν
3295 3710 3396 3782 ἤδη
3434 3711 3573 3775 θεοῖς
3594 3703 3699 3762 οὖσι

480 3799 661 3856 verbis
695 3800 830 3872 ipsis
862 3802 1219 3858 obtinendum
1249 3810 1386 3867 erat,
1433 3800 1619 3857 faciles
1652 3801 2045 3873 comparaban-

2152 3803 2255 3864 τοῖς
2274 3800 2369 3854 τοῦ
2407 3801 2580 3874 Ἰησοῦ
2609 3803 3043 3877 προσαγηοχέναι
3061 3822 3076 3836 ’
3112 3806 3206 3859 καὶ
3241 3806 3367 3859 τινὰ
3410 3804 3509 3877 μὲν
3538 3797 3699 3858 αὐτῶν

480 3899 589 3947 tur.
606 3889 726 3967 Jam
744 3892 948 3949 idcirco
966 3894 1226 3949 dicuntur
1256 3893 1535 3949 nonnullis
1564 3893 1697 3962 ipsis
1729 3890 1858 3949 Jesu
1883 3892 2044 3950 disci-

478 3983 621 4055 pulis
653 3995 910 4057 tanquam
938 3985 1006 4043 iis
1028 3987 1122 4056 qui
1156 3986 1231 4042 dii
1259 3992 1445 4042 essent
1468 3986 1719 4041 victimas
1749 3993 1804 4042 et
1827 3985 2044 4042 lihatio-

477 4093 575 4134 nes
604 4078 890 4145 obtulisse,
927 4085 982 4133 et
1010 4080 1176 4133 alium
1206 4078 1424 4149 quidem
1455 4093 1520 4132 ex
1550 4078 1660 4134 illis
1692 4076 2039 4141 Mercurium,

476 4171 643 4226 alium
675 4185 803 4226 vero
829 4169 1016 4226 Jovem
1050 4170 1417 4233 existimasse,
1451 4186 1625 4241 usque
1667 4170 1803 4228 adeo
1825 4172 2041 4227 illorum

475 4269 687 4319 mentes
716 4269 938 4331 stupore
968 4263 1224 4318 all'ecerat
1260 4263 1377 4333 ipsa
1409 4262 1795 4318 miraculorum
1822 4263 2044 4320 eviden-

476 4355 588 4419 tia;
623 4368 687 4408 ac
702 4354 954 4423 protinus
983 4354 1058 4407 ita
1075 4353 1283 4410 aﬂectis
1314 4355 1677 4422 auditoribus,
1705 4371 2041 4428 quacunque

470 4447 550 4502 illi
596 4445 663 4501 de
694 4444 823 4502 Jesu
856 4446 1180 4501 nuntiabant
1226 4447 1420 4503 merito
1457 4464 1585 4504 vera
1645 4465 1768 4506 esse
1812 4451 2039 4520 posthac

469 4536 872 4604 censebantur;
900 4537 1153 4608 illiusque
1187 4545 1311 4609 post
1338 4547 1565 4593 mortem
1599 4540 1833 4595 reditum
1867 4541 1921 4594 in
1958 4542 2038 4596 vi-

468 4637 621 4695 tam,
685 4645 795 4684 non
846 4629 1185 4700 simplicibus
1230 4638 1392 4701 atque
1456 4631 2035 4689 indemonstrabilibus

470 4721 653 4778 verbis
685 4720 1140 4788 testiﬁcabantur,
1174 4724 1269 4779 sed
1303 4726 1418 4794 ipsa
1448 4723 1717 4780 factorum
1763 4726 2036 4782 evidentia

469 4814 925 4885 comprobabant;
951 4814 1152 4886 quippe
1178 4831 1302 4870 cum
1331 4817 1563 4872 viventis
1592 4817 1740 4873 illius
1775 4817 1917 4873 facta
1942 4819 2038 4875 de;

467 4914 853 4963 monstrarent.
879 4906 1036 4975 Quod
1067 4908 1113 4963 si
1144 4915 1199 4963 et
1236 4905 1403 4962 Deum
1436 4908 1609 4972 illum,
1640 4917 1694 4965 et
1719 4907 1810 4964 Dei
1839 4907 2034 4965 Filium

466 5006 593 5054 ante
641 5013 928 5054 ascensum
958 4999 1011 5054 in
1045 4999 1245 5053 coelum
1292 4996 1579 5068 degentem
1624 5000 1768 5071 apud
1819 4999 2032 5056 Patrem

462 5092 831 5156 nuntiassent,
858 5106 957 5146 cur
989 5106 1098 5146 non
1140 5092 1266 5148 huic
1310 5094 1542 5148 orationi
1576 5093 1789 5151 facilius
1821 5095 2033 5150 assensi

462 5191 668 5248 essent,
704 5183 798 5254 qui
838 5185 959 5255 ejus
1000 5185 1079 5240 rei
1119 5186 1456 5241 contrarium
1480 5226 1495 5250 ,
1534 5195 1647 5241 tum
1693 5186 2032 5253 incredibile,

463 5280 576 5328 tum
606 5285 802 5345 praeter
845 5286 1099 5332 naturam
1131 5279 1324 5333 merito
1352 5279 1771 5343 arbitrarentur,
1807 5281 2033 5350 ipsaque

462 5366 672 5421 ratione
705 5369 1039 5441 colligerent,
1068 5386 1176 5424 non
1201 5386 1362 5442 posse
1395 5370 1571 5440 putari
1599 5372 1845 5427 mortalis
1868 5380 2031 5427 natu-

462 5471 535 5511 ra!
567 5457 657 5510 illa
693 5475 855 5530 opera
904 5477 1027 5518 esse
1054 5478 1175 5533 quae
1227 5462 1444 5527 fiebant,
1500 5461 1595 5517 sed
1642 5461 1736 5517 Dei
1777 5463 2029 5535 alicujus,

460 5549 624 5604 etiam
655 5550 701 5604 si
730 5567 888 5607 nemo
910 5553 1151 5609 diceret?
1179 5553 1291 5611 Hoc
1314 5555 1479 5626 igitur
1499 5563 1636 5619 erat,
1669 5570 1845 5627 neque
1875 5556 2034 5627 quid-

529 5706 575 5737 ”
605 5702 738 5759 Ibid.
764 5704 853 5761 20.
932 5708 974 5739 "
1007 5707 1166 5764 Joan.
1195 5726 1286 5775 xx,
1320 5710 1411 5765 ‘22.
1486 5711 1531 5744 ⁸⁸
1567 5710 1752 5768 Matth.
1792 5728 1846 5779 κ,
1880 5712 1934 5766 8.

2147 3890 2237 3944 τὸν
2278 3891 2483 3964 Ἑρμῆν
2515 3889 2675 3960 εἶναι,
2718 3896 2838 3949 τινὰ
2872 3894 2928 3948 δὲ
2958 3895 3049 3949 τὸν
3080 3896 3179 3949 Δία
3211 3895 3580 3968 νενομικέναι·
3625 3906 3702 3943 το·

2148 3980 2336 4036 σοῦτον
2355 3982 2531 4037 αὐτῶν
2558 3984 2657 4051 τὰς
2681 3985 2918 4050 διανοίας
2942 3984 3265 4059 ἐξέπληττεν
3290 3986 3456 4059 ἡτῶν
3484 3979 3703 4055 παραδό-

2147 4075 2251 4141 ξων
2280 4076 2455 4149 ἔργων
2480 4079 2754 4145 ἐπίδειξις.
2786 4081 2894 4134 Καὶ
2919 4079 2983 4152 δὴ
3002 4078 3145 4134 οὕτω
3167 4077 3537 4151 διακειμένοις
3558 4069 3702 4128 πάνθ’

2142 4169 2243 4223 ὅσα
2277 4171 2405 4243 περὶ
2437 4171 2529 4226 τοῦ
2567 4172 2740 4245 Ἰησοῦ
2774 4172 3165 4246 κατήγγελλον,
3205 4173 3307 4245 ἤδη
3360 4170 3544 4226 λοιπὸν
3581 4166 3703 4237 ἀληο

2143 4260 2320 4316 θεύειν
2352 4263 2585 4332 εὐλόγως
2612 4261 2953 4337 ἐνομίζοντοο
2989 4265 3084 4319 καὶ
3113 4266 3179 4336 τῇ
3209 4264 3357 4318 κατὰ
3383 4264 3476 4318 τὸν
3493 4262 3702 4316 θάνατον

2143 4351 2434 4408 ἀναϐιώσει
2460 4353 2625 4409 αὑτοῦ
2657 4356 2755 4427 οὐχ
2775 4355 2963 4419 ἁπλοῖς
2981 4356 3089 4409 οὐδ’
3113 4354 3523 4418 ἀναποδείκτοις
3544 4353 3703 4423 ἐμαρ-

2140 4447 2335 4520 τύρουν
2362 4447 2559 4517 λόγοις,
2594 4448 2660 4502 δι’
2677 4448 2847 4519 αὐτῆς
2869 4448 2913 4501 δ’
2944 4448 3222 4521 ἐνεργείας
3246 4447 3489 4511 ἔπειθον,
3519 4443 3705 4511 ζῶντος

2141 4540 2277 4611 ἔργα
2310 4540 2700 4612 παριστῶντες.
2737 4541 2798 4594 Ei
2839 4540 2897 4593 δὲ
2932 4541 3029 4594 καὶ
3066 4540 3198 4594 Θεὸν
3237 4540 3406 4594 αὑτὸν
3443 4539 3537 4593 καὶ⁸
3578 4531 3701 4588 Θεοῦ

2140 4632 2308 4686 Παῖδα
2342 4632 2447 4705 πρὸ
2472 4633 2569 4704 τῆς
2598 4635 2677 4698 εἰς
2709 4632 3024 4707 ἀνθρώπους
3052 4632 3284 4703 ἐφίξεως
3313 4632 3474 4705 παρὰ
3499 4629 3577 4702 τῷ
3603 4628 3703 4682 [Ια-

2136 4725 2227 4797 τρὶ
2270 4724 2600 4795 τυγχάνοντα
2628 4725 3011 4798 κατήγγελλον,
3046 4725 3139 4780 καὶ
3176 4725 3355 4797 τούτῳ
3378 4726 3499 4790 πῶς
3522 4725 3617 4778 οὐκ
3643 4721 3701 4775 ἂν

2139 4816 2466 4888 προσέθεντο
2514 4817 2732 4889 μᾶλλον,
2781 4818 2844 4871 τὸ
2887 4818 3127 4872 ἐναντίον
3172 4817 3407 4873 ἄπιστον
3453 4814 3591 4872 εἶναι
3615 4811 3701 4870 καὶ

2139 4909 2395 4965 ἀδύνατον
2445 4910 2734 4982 ἡγούμενοι
2773 4910 3013 4975 εἰκότως,
3058 4910 3410 4982 λογισάμενοι
3460 4909 3534 4983 μὴ
3556 4907 3703 4963 δύνα-

2141 5001 2265 5056 σθαι
2296 5001 2493 5074 θνητῆς
2516 5002 2652 5074 ἔργα
2679 5001 2893 5070 φύσεως
2916 4998 3055 5057 εἷναι
3076 5002 3319 5074 νομίζειν
3351 5003 3422 5058 τὰ
3441 5001 3702 5074 δρώμενα,

2138 5094 2274 5148 ἀλλὰ
2304 5093 2461 5157 Θεοῦ,
2489 5094 2592 5147 κᾶν
2628 5093 2700 5166 μὴ
2733 5092 2866 5165 λέγῃ
2895 5109 3013 5158 τις;
3061 5091 3214 5147 Τοῦτ’
3246 5088 3323 5163 ἦν
3349 5094 3463 5166 ἄρα
3498 5091 3592 5146 καὶ
3618 5089 3703 5142 οὐ·

2137 5186 2224 5240 δὲν
2248 5186 2374 5244 ἄλλο
2396 5186 2455 5239 τὸ
2489 5185 2718 5258 ζητηθὲν
2739 5185 2871 5240 αὐτὸ
2888 5187 3085 5249 ἐκεῖνο,
3112 5186 3274 5257 ὁποίᾳ
3306 5186 3537 5257 δυνάμει
3557 5200 3703 5255 περι-

2136 5278 2390 5349 γεγόνασι
2429 5279 2535 5331 τῶν
2575 5277 2632 5329 ἐν
2664 5278 2859 5348 ἀρχαῖς
2889 5278 3254 5349 ἀκροωμένων
3298 5279 3352 5330 οἱ
3399 5276 3495 5331 τοῦ
3540 5271 3704 5345 Ἰησοῦ

2138 5372 2395 5444 μαθηταὶ,
2443 5373 2537 5426 καὶ
2579 5372 2726 5435 ὅπως
2756 5370 3022 5441 Ἕλληνας
3062 5370 3199 5441 ὁμοῦ
3246 5370 3347 5423 καὶ
3402 5366 3704 5441 βαρϐάρους

2134 5464 2208 5527 ὼς
2229 5457 2352 5529 περὶ
2375 5458 2546 5527 Λόγου
2567 5461 2699 5515 Θεοῦ
2717 5479 2845 5534 περι
2869 5460 3034 5515 αὐτοῦ
3061 5464 3274 5533 φρονεῖν
3302 5459 3552 5521 ἔπεισαν,
3569 5458 3707 5515 ὅπως

2134 5573 2193 5609 τε
2236 5556 2292 5608 ἐν
2330 5554 2518 5626 μέσαις
2549 5557 2665 5617 ταῖς
2698 5553 2880 5607 πόλεσι
2932 5554 3026 5606 καὶ
3059 5552 3160 5609 ἀνὰ
3198 5552 3300 5614 τὰς
3332 5550 3522 5623 χώρας
3562 5545 3710 5602 εὗσε-
