3930 6202
245 181 364 236 245

1137 143 1810 236 ὀειιοκδτιιιτιοδιε
1847 173 2306 232 evasurum:
2345 175 2452 230 LIB
2491 175 2552 228 ιιι

3393 175 3524 262 «ιιθ⁸

247 293 404 356 ϐείας
437 293 554 358 ἑνὸς
585 293 682 346 τοῦ
716 293 808 346 ἐπὶ
835 293 1042 348 πάντων
1069 291 1202 344 Θεοῦ
1261 293 1650 362 συνεστήσαντο
1677 291 1811 344 διδα-

1925 309 2086 362 quam
2129 291 2298 356 aliud,
2337 291 2512 362 ipsum
2555 291 2738 360 utique
2767 289 2898 344 illud
2942 287 3088 360 quod
3129 293 3498 362 quaerebatur,

247 385 498 439 σκαλεῖα.

1925 399 2160 456 quanam
2205 385 2256 440 vi
2301 383 2554 452 discipuli
2597 381 2750 448 Jesu,
2783 397 2970 438 eorum
3001 383 3094 452 qui
3122 383 3190 437 ab
3213 383 3370 438 initio
3400 401 3500 440 au-

243 481 472 534 diebant
507 479 742 534 victores
783 477 1000 544 fuerint,
1033 489 1088 534 et
1119 477 1392 550 quomodo
1441 485 1549 532 tam
1587 457 1808 532 Grzecos
1847 491 2008 550 quam
2039 477 2320 542 barbaros,
2355 483 2414 529 ut
2465 477 2532 530 de
2561 475 2654 530 illo
2683 485 2940 545 tanquam
2991 473 3058 530 de
3079 473 3198 530 Deo.
3233 475 3502 532 sentirent

237 575 610 642 adduxerim,
653 585 706 632 et
739 577 1010 648 quomodo
1041 577 1096 632 in
1143 577 1336 632 mediis
1375 571 1602 630 urbibus
1633 585 1694 626 ac
1725 585 1820 640 per
1857 585 2048 626 omnes
2079 571 2350 640 regiones,
2375 571 2652 642 religionis
2677 587 2783 642 qua
2839 587 2982 628 unus
3023 559 3326 644 supremus.
3352 571 3498 626 Deus

241 667 466 732 colitur,
503 667 718 724 scholas
767 675 928 738 atque
961 667 1230 724 auditoria
1273 665 1678 722 constituerint.

313 759 516 814 Καίτοι
543 759 626 824 τίς
653 759 752 812 οὐκ
779 757 844 812 ἂν
869 759 1182 830 θαυμάσειε,
1217 759 1356 830 πρὸς
1383 756 1560 828 ἐαυτῷ
1581 757 1820 824 ἐπιλογι-

243 855 486 924 σάμενος
537 851 632 906 καὶ
666 851 1004 924 ἐνθυμηθεὶς,
1047 853 1124 918 ὡς
1169 855 1266 906 οὐκ
1295 851 1632 924 ἀνθρώπινον
1663 845 1730 921 ἦν
1759 847 1822 900 τὸ

245 945 372 1018 μηδ’
405 945 594 999 ἄλλοτε
641 943 744 998 ὑπὸ
797 943 926 1014 μίαν
969 943 1066 1014 τὴν
1129 943 1414 1014 Ῥωμαίων
1461 939 1711 1010 γενέσθαι
1751 937 1822 990 τὰ

247 1037 476 1090 πλεῖστα
501 1037 600 1106 τῆς
627 1035 946 1108 οἰκουμένης
971 1035 1118 1106 ἔθνη,
1163 1035 1278 1090 ἀλλ’
1307 1035 1414 1090 ἀπὸ
1447 1034 1556 1087 τῶν
1587 1033 1680 1086 τοῦ
1719 1033 1822 1104 Ἰη-

243 1129 338 1182 σοῦ
379 1127 624 1200 χρόνωνς
657 1126 806 1198 Ἅμα
839 1125 948 1198 γὰρ
973 1129 1040 1198 τῇ
1071 1129 1150 1190 εἰς
1173 1125 1490 1198 ἀνθρώπους
1515 1123 1680 1177 αὐτοῦ
1719 1139 1824 1176 πα-

243 1219 454 1292 ραδόξῳ
483 1217 742 1290 ἐπιδημίᾳ
777 1217 962 1272 καὶτὰ
995 1217 1280 1290 Ῥωμαίων
1313 1217 1558 1288 ἀκμάσαι
1593 1215 1818 1286 συνηνέ-

241 1309 372 1382 χθη,
411 1311 530 1364 τότε
585 1309 798 1384 πρῶτον
837 1309 1144 1380 Αὐγούστου
1187 1309 1296 1364 τῶν
1343 1309 1606 1362 πλείστων
1647 1307 1814 1362 ἐθνῶν

241 1403 710 1474 μοναρχήσαντος,
767 1402 890 1456 καθ’
929 1403 1010 1466 δν,
1063 1403 1416 1475 Κλεοπατρας
1475 1401 1728 1474 ἁλούσης,
1780 1403 1814 1472 ἡ

237 1493 368 1546 κατ’
403 1493 668 1562 Αἴγυπτον
707 1493 816 1547 τῶν
847 1493 1196 1566 Πτολεμαίων
1235 1493 1452 1566 διαδοχὴ
1485 1495 1672 1548 λέλυτο
1691 1511 1705 1524 ·
1755 1493 1814 1558 ἐξ

239 1587 454 1642 ἐκείνου
499 1603 554 1638 τε
601 1587 694 1640 καὶ
721 1588 800 1650 εἰς
829 1585 990 1658 δεῦρο
1021 1587 1080 1640 τὸ
1103 1589 1196 1640 ἀπ’
1223 1587 1438 1652 αἰῶνος,
1471 1589 1560 1641 καὶ
1593 1589 1684 1642 ἀπ’
1713 1589 1812 1640 αὐ-

247 1673 364 1744 τῆς,
389 1673 466 1736 ὡς
491 1675 682 1736 εἰπεῖν,
703 1675 802 1746 τῆς
825 1673 1046 1748 πρώτης
1071 1675 1410 1750 ἀνθρωπείας
1433 1677 1630 1732 συστὰν
1651 1677 1816 1746 Λξγύ-
1849 1661 1888 1716 Β

239 1785 376 1820 πτου
407 1767 674 1836 βασίλειον
715 1767 992 1840 καθῄρητο
1014 1785 1027 1798 ·
1066 1767 1126 1832 ἐξ
1153 1769 1358 1822 ἐκείνου
1387 1785 1446 1820 τε
1480 1769 1572 1822 καὶ
1597 1769 1658 1822 τὸ
1693 1771 1816 1822 ’1ου-

235 1859 402 1914 δαίων
453 1859 604 1924 ἔθνος
644 1859 928 1930 Ῥωμαίων
957 1859 1140 1914 δοῦλον
1169 1861 1378 1928 γέγονε,
1413 1861 1504 1914 καὶ¹
1539 1861 1598 1914 τὸ
1631 1861 1816 1934 Σύρων

237 1953 522 2016 ὡσαύτως,
545 1953 924 2006 Καππαδόκων
943 1969 1002 2004 τε
1033 1955 1126 2006 καὶ
1157 1953 1500 2016 Μακεδόνων,
1531 1953 1624 2006 καὶ
1657 1953 1814 2006 Βιθυ-

241 2045 368 2108 νῶν,
397 2045 496 2098 καὶ
543 2043 826 2116 Ἑλλήνων,
859 2045 952 2098 καὶ
975 2045 1246 2098 συνελόντι
1279 2046 1442 2114 φάναι
1473 2045 1582 2098 τῶν
1613 2045 1814 2100 λοιπῶν

235 2137 346 2192 τῶν
371 2137 480 2190 ὑπὸ
507 2139 606 2209 τὴν
641 2137 922 2208 Ῥωμαίων
953 2139 1124 2210 ἀρχὴν
1157 2139 1428 2191 ἁπάντων.
1465 2137 1636 2191 Τοῦτο
1658 2137 1712 2192 δὲ
1733 2141 1814 2192 ὅτι

351 2231 502 2284 ἀθεεὶ
527 2235 592 2302 τῇ
625 2233 750 2302 περὶ
781 2229 874 2284 τοῦ
905 2231 1156 2304 Σωτῆρος
1183 2231 1336 2302 ἡμῶν
1359 2229 1672 2302 διδασκαλίᾳ
1702 2247 1826 2284 συν-

239 2319 510 2390 ειήλθεν,
545 2321 630 2384 τίς
663 2321 762 2372 οὐκ
793 2317 858 2372 ἂν
883 2319 1258 2391 ὁμολογήσειε,
1295 2319 1614 2390 διανοηθεὶς,
1643 2321 1718 2384 ὡς
1751 2337 1810 2372 ου

237 2417 420 2486 rga-.0»
449 2411 516 2486 ἦν
539 2417 650 2478 τοῖς
681 2411 946 2484 μαθηταῖς
975 2411 1136 2464 αὐτοῦ
1173 2411 1394 2484 πορείαν
1427 2413 1520 2466 ἐπὶ
1545 2413 1644 2482 τῆς
1669 2411 1814 2464 ἀλλο-

233 2507 412 2578 δαπῆς
479 2505 784 2560 στείλασθαι
807 2545 822 2568 ,
887 2503 1186 2558 διεστώτων
1251 2505 1386 2575 πρὸς
1447 2503 1650 2574 ἄλληλα
1705 2505 1812 2558 τῶν

235 2599 426 2664 ἐθνῶν,
473 2599 564 2652 καὶ
599 2598 864 2670 μηδεμιᾶς
911 2597 1074 2668 οὔσης
1115 2599 1170 2650 ἐν
1203 2597 1382 2658 αὐτοῖς
1417 2595 1692 2666 ἐπιμιξίας
1725 2595 1810 2648 διὰ

231 2693 336 2754 τὰς
381 2689 584 2754 πολλὰς
625 2689 946 2760 ἐθναρχίας·
983 2683 1058 2742 ὧν
1103 2689 1544 2762 περιῃρημὲνων,
1597 2687 1812 2756 ἀφόϐως

235 2785 338 2856 ήδη
363 2785 458 2838 καὶ
477 2787 566 2838 ἐπ’
595 2783 778 2846 ἀδείας
807 2783 870 2836 τὸ
895 2783 1248 2854 προκείμενον
1267 2783 1444 2854 ἤνυον,
1469 2785 1568 2854 τὴν
1589 2783 1810 2854 πορείαν

237 2879 422 2940 αὐτοῖς
455 2875 1010 2948 προεξευμαρίσαντος
1041 2873 1134 2927 τοῦ
1161 2875 1254 2928 ἐπὶ
1287 2875 1502 2928 πάντων
1531 2875 1686 2940 Θεοῦ,
1717 2877 1810 2930 καὶ

231 2971 364 3034 τοδε
419 2967 622 3038 θυμοὺς
677 2969 788 3022 τῶν
835 2965 978 3022 κάτά
1011 2967 1192 3030 πόλεις
1225 2969 1630 3040 δεισιδαιμόνων
1659 2971 1810 3042 φόϐῳ

229 3061 336 3130 τῆς
401 3061 638 3130 μείζονος
693 3063 866 3132 αρχῆς
896 3057 1378 3126 καταστείλαντος;
1413 3061 1636 3130 Λόγισαι
1679 3063 1808 3136 γὰρ,

227 3153 338 3214 ὡς,
375 3155 426 3204 εἰ
479 3153 636 3224 μηδὲν
673 3155 732 3206 τὸ
761 3153 968 3210 κωλῦον
1005 3151 1074 3226 ἦν
1113 3157 1240 3220 τοὺς
1279 3155 1406 3228 περὶ
1429 3155 1526 3226 τὴν
1557 3155 1810 3210 πολύθεον

231 3245 454 3314 πλάνην
501 3245 856 3316 ἐπτοημένους
903 3249 968 3316 τῇ
1025 3245 1118 3300 τοῦ
1163 3247 1398 3318 Χριστοῦ
1445 3246 1698 3318 πολεμεῖν
1733 3245 1812 3300 δι-

227 3337 524 3410 δασκαλίᾳ,
581 3339 742 3392 πάλαι
785 3339 850 3392 ἂν
895 3341 1069 3412 ἑώρας
1121 3341 1262 3396 κατὰ
1315 3343 1498 3406 πόλεις
1547 3343 1810 3398 καὶκατὰ

233 3431 442 3502 ἀγροὺς
461 3431 754 3502 ἐμφυλίους
777 3431 1012 3496 στάσεις,
1043 3433 1312 3504 διωγμοῦς
1333 3451 1390 3486 τε
1425 3435 1518 3488 καὶ
1544 3435 1810 3506 πολέμους

227 3525 290 3576 0'3
319 3523 450 3586 τοὺς
471 3524 850 3592 τυγχάνοντας,
885 3527 932 3578 εί
961 3525 1024 3596 δὴ
1051 3527 1134 3594 ἐφ’
1157 3527 1380 3590 ἑαυτοὺς
1407 3523 1552 3596 εἶχον
1571 3528 1618 3580 οἱ
1649 3527 1810 3580 δεισι-

227 3617 486 3684 δαίμονες
519 3617 616 3686 τὴν
647 3617 734 3670 ἐπ’
769 3617 948 3670 αὐτῶν
989 3617 1254 3684 ἐξουσίαν.
1301 3619 1414 3672 Νῦν
1437 3619 1492 3672 δὲ
1525 3621 1618 3672 καὶ
1651 3619 1810 3672 τοῦτο

229 3707 368 3760 Θεοῦ
397 3707 492 3760 τοῦ
526 3707 616 3762 ἐπὶ
651 3709 866 3762 πάντων
893 3707 1050 3780 ἔργον
1075 3705 1164 3780 ἦν,
1193 3709 1254 3762 τὸ
1287 3711 1488 3782 μείζονι
1533 3711 1684 3782 φόϐῳ
1711 3713 1808 3782 τῆς

229 3797 492 3850 ἀνωτάτω
517 3797 710 3868 ἀρχῆς,
731 3797 858 3860 τοὺς
881 3797 972 3868 ὲχθ
983 3799 1106 3868 ρους
1125 3797 1218 3850 τοῦ
1245 3799 1444 3850 οἰκείου
1465 3797 1624 3866 λόγου
1651 3815 1810 3850 κατα-

229 3887 512 3941 δουλῶσαι.
561 3889 892 3960 Προκόπτειν
931 3889 1040 3962 γὰρ
1085 3889 1244 3942 αὐτὸν
1271 3891 1558 3962 ὁσημέραι,
1601 3891 1694 3944 καὶ
1729 3891 1808 3956 εἰς

235 3979 446 4042 πάντας
481 3979 796 4050 ἀνθρώπους
825 3979 1010 4044 αὔξειν
1047 3979 1308 4049 βούλεται.
1345 3979 1510 4032 Πάλιν
1545 3997 1604 4032 τε
1633 3975 1700 4032 αὖ
1733 3979 1806 4044 ὡς

237 4071 308 4140 μὴ
333 4069 612 4142 νομισθείη
635 4071 776 4124 κατὰ
805 4071 1146 4142 συγχώρησιν
1173 4071 1278 4126 τῶν
1299 4073 1640 4144 κρατούντων
1659 4071 1808 4142 διαρ-

233 4163 438 4224 κέσειν,
491 4161 668 4216 εἵποτὲ
721 4180 804 4228 τις
849 4163 1050 4216 τούτων
1095 4165 1326 4236 πονηρίᾳ
1361 4165 1582 4233 ληφθεὶς
1611 4165 1686 4236 τῷ
1711 4165 1806 4218 τοῦ

233 4255 472 4326 Χριστοῦ
499 4255 640 4326 λόγῳ
665 4255 918 4326 πολεμεῖν
941 4255 1224 4328 προῦθετο,
1245 4257 1336 4310 καὶ
1363 4257 1520 4310 τοῦτο
1547 4257 1806 4328 πράττειν

1993 748 2284 814 Caeterum,
2317 749 2442 822 quis
2481 765 2590 806 non
2621 751 2994 822 Obstupescat,
3021 767 3208 810 secum
3249 755 3498 826 COgitans

1924 851 2088 916 atque
2133 845 2316 898 animo
2356 859 2600 906 versans,
2651 859 2760 898 non
2814 845 3110 900 humanum
3163 845 3268 902 hoc
3327 847 3498 906 fuisse

1923 951 2081 1008 opus,
2113 937 2196 992 vel
2221 951 2288 992 ex
2313 951 2378 990 eo
2405 935 2550 1006 quod
2569 951 2844 1006 inaliquam
2869 937 3004 992 alias
3033 937 3136 994 sub
3159 953 3268 992 uno
3301 937 3498 996 Roma-

1923 1043 2118 1082 norum
2169 1027 2400 1098 imperio
2437 1027 2684 1098 plurima:
2725 1027 2876 1084 orbis
2925 1037 3112 1100 gentes
3145 1045 3266 1087 esse
3299 1039 3492 1102 potue-

1925 1127 2072 1186 runt,
2107 1121 2212 1174 nisi
2247 1119 2546 1174 secundum
2589 1119 2718 1176 Jesu
2751 1121 3038 1190 tempora?
3067 1121 3204 1178 Nam
3237 1123 3400 1179 simul
3427 1139 3492 1180 ac

1917 1213 2008 1268 ille
2035 1213 2432 1268 admirabiliter
2458 1215 2524 1268 ad
2563 1211 2812 1268 homines
2845 1215 3014 1280 venit,
3039 1225 3202 1286 atque
3227 1215 3370 1272 inter
3393 1217 3492 1274 lto-

1917 1308 2092 1364 mines
2121 1317 2368 1386 versatus
2391 1317 2496 1374 est,
2522 1309 2686 1362 etiam
2719 1325 2806 1364 res
2831 1309 3104 1366 Romanas
3125 1309 3194 1364 ad
3215 1325 3490 1368 summum

1917 1399 2234 1470 pervenisse
2281 1401 2532 1470 contigit,
2569 1415 2678 1470 quo
2709 1401 2940 1472 primum
2971 1411 3212 1472 tempore
3243 1401 3494 1458 videlicet

1915 1493 2216 1564 Augustus,
2245 1493 2606 1563 plurimarum
2639 1497 2880 1562 gentium
2909 1493 3166 1550 dominus
3197 1495 3390 1550 evasit.
3431 1493 3490 1550 ld

1913 1601 2044 1640 vero
2065 1583 2162 1640 fuit
2207 1599 2334 1638 eum
2365 1593 2420 1640 et
2447 1583 2734 1654 Cle0patra
2763 1595 2918 1656 capta
2949 1593 3054 1650 est,
3081 1595 3136 1640 et
3163 1583 3490 1642 Ptolemmo-

1919 1695 2036 1732 rum
2059 1679 2406 1734 succcssioin
2439 1677 2676 1750 [Egypto
2705 1679 2994 1742 dissoluta,
3029 1689 3194 1750 atque
3212 1693 3280 1734 ex
3317 1679 3408 1734 illo
3433 1679 3488 1734 in

1917 1771 2062 1827 hunc
2103 1787 2274 1842 usque
2299 1773 2464 1838 diem,
2501 1771 2644 1842 quod
2669 1773 2735 1826 ab
2769 1773 2926 1826 initio
2947 1773 3118 1836 orbis,
3161 1771 3324 1844 140
3339 1781 3392 1828 et
3419 1773 3491 1830 ab

1919 1867 2058 1936 ipsa,
2093 1875 2150 1920 ut
2171 1866 2246 1920 ita
2273 1863 2474 1930 dicam,
2511 1865 2792 1920 hominum
2813 1863 3044 1934 origine,
3071 1871 3298 1920 steterat
3321 1863 3490 1936 Aigy-

1917 1957 1990 2026 pti
2021 1971 2270 2028 regnum,
2301 1971 2550 2010 eversum
2575 1963 2680 2012 est.
2711 1955 2790 2010 Ex
2815 1955 2908 2010 illo
2935 1953 3246 2010 ludatorum
3271 1969 3492 2024 quoque

1917 2051 2064 2104 natio
2097 2065 2126 2102 a
2171 2047 2430 2104 Romanis
2479 2049 2532 2102 in
2572 2049 2890 2103 servitutem
2933 2047 3176 2112 redacta,
3223 2043 3488 2116 Syrorum

1915 2141 2066 2206 item,
2101 2147 2154 2196 et
2193 2137 2595 2210 Cappadocum,
2633 2147 2688 2194 et
2729 2137 3105 2202 Macedonum,
3137 2145 3192 2192 et
3225 2135 3488 2210 Bithyno-

1917 2247 2060 2296 rum,
2089 2239 2142 2286 et
2171 2231 2503 2298 Graicorum,
2532 2245 2596 2284 ac
2625 2231 2860 2300 denique
2883 2229 3219 2300 reliquorum
3243 2229 3486 2284 omnium

1913 2325 2010 2395 qui
2041 2323 2286 2379 Romano
2321 2325 2548 2394 imperio
2577 2331 2880 2380 cesserunt.
2915 2321 3028 2378 lloc
3055 2329 3236 2376 autem
3263 2337 3372 2376 non
3405 2322 3486 2378 si-

1915 2433 1982 2472 ne
2013 2416 2144 2480 Deo,
2177 2433 2280 2470 una
2311 2433 2434 2472 cum
2467 2417 2716 2470 doctrina
2749 2433 2870 2486 qua:
2893 2415 2962 2470 de
2993 2415 3272 2470 Salvatore
3297 2423 3488 2472 nostra

1915 2509 2168 2574 ferretur,
2201 2509 2480 2564 iutroiisse
2503 2509 2558 2562 in
2591 2509 2800 2572 orbem,
2833 2509 2958 2578 quis
2981 2523 3090 2562 non
3123 2505 3374 2570 fateatur,
3407 2521 3490 2564 ro-

1914 2608 2112 2670 putans
2141 2617 2250 2654 non
2291 2599 2502 2654 facilem
2533 2599 2660 2656 Jesu
2701 2599 2984 2670 discipulis
3028 2605 3376 2654 externarum
3407 2615 3488 2654 re-

1913 2693 2132 2764 gionum
2169 2695 2604 2763 peragrationcm
2637 2693 2871 2748 futuram
2901 2691 3090 2756 fuisse,
3119 2691 3166 2746 si
3187 2697 3378 2762 gentes
3403 2691 3488 2746 in-

1913 2795 1995 2840 ter
2033 2801 2092 2840 se
2131 2786 2318 2842 divisa:
2351 2785 2742 2868 discordesque
2789 2785 3040 2844 fuissent.
3091 2777 3266 2854 neque
3317 2783 3486 2838 ullum

1911 2893 2160 2950 prorsus,
2187 2879 2258 2934 ob
2289 2879 2618 2948 multiplices
2643 2879 3002 2950 principatus,
3033 2877 3174 2932 inter
3195 2877 3318 2932 illas
3343 2891 3488 2932 coru-

1913 2969 2206 3036 mercium;
2255 2969 2454 3040 quibus
2507 2985 2638 3024 sane
2665 2969 2896 3024 sublatis
2931 2967 3348 3040 principalibus,
3401 2967 3486 3022 in-

1915 3061 2120 3131 trepide
2171 3061 2284 3132 jam
2334 3069 2496 3132 atque
2543 3063 2762 3132 impune
2813 3061 3088 3132 negotium
3145 3059 3482 3132 propositum

1913 3153 2342 3222 compleverunt,
2377 3169 2500 3208 cum
2535 3169 2826 3224 supremus
2861 3153 3004 3210 Deus
3035 3163 3090 3210 et
3121 3155 3224 3208 iter
3253 3153 3359 3208 illis
3391 3169 3486 3208 ex-

1913 3243 2152 3312 peditum
2185 3261 2248 3298 ac
2283 3245 2438 3300 facile
2485 3253 2844 3316 compararet,
2889 3255 2942 3300 et
2977 3246 3484 3316 superstitiosorum

1913 3337 1968 3390 in
1999 3336 2314 3392 civitatibus
2353 3337 2568 3392 animos
2591 3345 2798 3394 terrore
2833 3337 3058 3408 majoris
3085 3335 3300 3408 imperii
3331 3335 3488 3392 COlli'.

1911 3427 2104 3484 berct?
2137 3427 2346 3499 Reputa
2381 3429 2526 3484 enim
2567 3439 2746 3486 tecum
2770 3447 3062 3502 parumper
3095 3449 3108 3486 :
3137 3429 3184 3486 si
3221 3429 3368 3486 nulla
3397 3443 3486 3486 res

1911 3519 2300 3590 impedimento
2343 3521 2537 3576 fuisset
2573 3523 2640 3578 iis
2669 3523 2762 3592 qui
2791 3539 2978 3580 errore
3027 3523 3240 3580 colendi
3282 3523 3487 3580 multos

1911 3611 2042 3666 deos
2089 3613 2436 3680 tenebantur,
2495 3629 2560 3668 ne
2613 3615 2918 3669 doctrinam
2949 3615 3154 3672 Christi
3205 3629 3488 3686 oppugna-

1911 3713 2052 3770 rent,
2077 3725 2240 3778 quam
2273 3709 2472 3764 multas
2499 3711 2732 3764 antehac
2767 3709 2956 3764 civiles
3011 3709 3326 3776 seditiones,
3351 3711 3484 3766 etin

1911 3799 2138 3856 urbibus
2171 3802 2300 3856 etin
2323 3805 2468 3874 agris
2503 3803 2738 3860 vidisses
2771 3823 2784 3858 :
2817 3813 2950 3872 quot
2977 3805 3312 3870 vexationes,
3346 3811 3480 3874 quot

1911 3893 2050 3947 bella
2089 3909 2198 3948 non
2235 3895 2532 3950 mediocria
2561 3897 2652 3950 illa
2687 3895 2932 3968 quidem,
2999 3897 3044 3954 si
3111 3897 3480 3968 superstitiosi

1909 3983 1986 4038 illi
2037 4001 2150 4038 sua:
2205 3985 2444 4054 ipsorum
2497 3989 2782 4058 potestatis
2833 3987 3088 4054 fuissent,
3120 4005 3184 4044 ac
3231 4005 3398 4060 penes
3425 4003 3486 4046 se

1903 4075 1996 4146 jus
2029 4077 2242 4148 imperii
2273 4078 2610 4136 habuissent.
2631 4079 2788 4136 Nunc
2817 4089 2996 4138 autem
3029 4083 3130 4138 hoc
3151 4097 3368 4154 quoque
3391 4099 3486 4138 su-

1909 4169 2082 4240 premi
2113 4169 2210 4224 Dei
2257 4169 2360 4226 fuit
2389 4186 2548 4243 opus,
2581 4173 2776 4243 majori
2805 4173 3040 4244 quodam
3071 4183 3278 4230 terrore
3305 4189 3488 4244 supre-
3531 4197 3536 4202 '

1909 4279 2012 4317 mae
2031 4263 2266 4334 alicujus
2295 4267 2566 4336 potentiae,
2593 4269 2798 4338 preprii
2823 4269 2972 4324 verbi
3003 4267 3254 4324 inimicos
3283 4269 3488 4324 habere

229 4347 464 4400 ἐνεδίδου
497 4347 556 4400 τὸ
587 4347 917 4418 καταθύμιον
943 4365 954 4376 ·
987 4347 1125 4420 ὁμοῦ
1184 4350 1280 4420 μὲν
1325 4351 1404 4412 είς
1437 4349 1658 4416 ἔνδειξιν
1699 4350 1806 4404 τῶν

1914 4355 2018 4426 iam
2063 4357 2300 4414 domitos
2333 4379 2346 4413 :
2379 4359 2432 4413 id
2468 4361 2610 4415 enim
2665 4361 2926 4432 prolicere
2981 4361 3034 4416 in
3083 4361 3220 4426 dies,
3251 4369 3306 4418 et
3340 4361 3484 4434 apud

227 4443 332 4508 τῆς
365 4439 640 4502 εὐσεϐείας
665 4439 932 4510 ἀθλητῶν,
963 4439 1098 4512 ὁμοῦ
1125 4441 1182 4494 δὲ
1207 4441 1300 4494 καὶ
1329 4443 1410 4504 εἰς
1443 4441 1502 4494 τὸ
1532 4445 1644 4506 τοῖς
1673 4443 1806 4496 πᾶσι

227 4533 466 4602 φανερὸν
517 4533 874 4604 καταστῆναι,
907 4533 988 4586 ὅτι
1037 4533 1112 4604 μὴ
1155 4533 1212 4600 ἐξ
1245 4533 1546 4606 ἀνθρώπων
1579 4529 1646 4606 ἦν
1683 4535 1806 4604 βου-

227 4625 354 4694 λῆς,
409 4623 522 4676 ἀλλ’
561 4625 626 4678 ἐκ
669 4625 768 4696 τῆς
825 4625 918 4678 τοῦ
973 4626 1106 4678 Θεοῦ
1153 4625 1432 4698 δυνάμεως
1487 4629 1518 4698 ἡ
1574 4627 1668 4680 τοῦ
1725 4629 1808 4682 λό-

227 4733 330 4786 γου
381 4715 656 4782 σύστασις.
721 4719 928 4772 Λύτίκα
979 4719 1062 4784 τίς
1117 4719 1218 4772 οῦκ
1263 4719 1328 4772 ἂν
1379 4719 1676 4792 θαυμάσειε
1741 4721 1808 4774 τὰ

229 4809 550 4882 συμϐαίνειν
591 4811 732 4864 κατὰ
763 4811 890 4875 τοὺς
927 4811 1164 4866 τοιούσδε
1197 4815 1420 4884 καιροὺς
1447 4812 1706 4878 εἰωθότα;
1743 4817 1806 4866 Οἱ

231 4903 338 4972 μὲν
377 4901 486 4974 γὰρ
521 4905 618 4974 τῆς
645 4905 926 4968 εὐσεϐείας
949 4903 1178 4974 ἀθληταὶ
1205 4905 1264 4958 τὺ
1293 4905 1422 4976 πρὶν
1451 4905 1806 4976 ἀνθρωπίνοις

227 5013 294 5064 τε
331 4999 442 5060 τοῖς
483 4999 614 5052 πᾶσι
651 4997 886 5070 διάδηλοι
925 4999 1020 5052 καὶ
1061 4997 1378 5070 διαπρεπεῖς
1405 4999 1664 5066 ἐγίνοντο,
1699 4999 1806 5054 τῶν

227 5091 382 5161 παρὰ
435 5091 514 5160 τῷ
555 5091 674 5161 Θεῴ
715 5091 1108 5162 κατηξιωμένοι
1153 5093 1468 5162 βασιλείων·
1519 5095 1566 5146 οἰ
1613 5093 1670 5146 δὲ
1707 5097 1806 5166 τῆς

225 5181 512 5246 εὐσεϐείας
559 5183 806 5254 πολέμιοι
865 5183 964 5248 τὰς
1015 5185 1398 5256 προσηκούσας
1450 5183 1682 5250 ἐξέτινον
1730 5187 1806 5238 δί-

225 5291 352 5334 κας,
401 5273 680 5344 θεηλάτοις
737 5275 986 5346 μάστιξιν
1041 5275 1430 5346 οίστρούμενοι,
1473 5277 1566 5328 καὶ
1603 5277 1710 5330 πᾶν
1745 5279 1806 5332 τὸ

229 5365 390 5436 σῶμα
439 5367 632 5430 δεινοῖς
673 5369 766 5418 καὶ
817 5367 1058 5438 ἀνιαροῖς
1107 5367 1298 5420 πάθεσι
1347 5367 1802 5438 διαφθειρόμενον

229 5457 370 5512 ὥστε
403 5461 504 5530 ἤδη
549 5461 642 5512 καὶ
675 5461 752 5522 εἰς
779 5459 1066 5530 ὁμολογίαν
1095 5457 1190 5528 τῆς
1235 5459 1374 5512 κατὰ
1407 5460 1642 5532 Χριστοῦ
1675 5461 1802 5514 δυσ-

235 5551 446 5614 σεϐείας
485 5553 640 5620 ἥκειν
681 5549 1086 5620 περιελαθῆναι.
1124 5551 1186 5602 Οἱ
1221 5549 1276 5602 δέ
1307 5567 1368 5618 γε
1399 5549 1574 5604 λοιποὶ
1609 5551 1804 5616 πάντες

381 5641 564 5696 ἐνθέου
603 5641 968 5712 προσηγορίας
1021 5639 1332 5712 ἠξιωμένοι,
1381 5641 1520 5696 κατὰ
1569 5643 1801 5714 Χριστοῦ

267 5641 292 5652 ο

233 5659 328 5712 της

1909 4459 2136 4508 cunctos
2195 4451 2442 4508 homines
2489 4469 2738 4510 crescere
2787 4455 2998 4510 volebat
3039 4473 3052 4508 :
3087 4471 3280 4510 rursus
3305 4467 3484 4512 autem

1909 4557 1978 4597 ne
2005 4549 2290 4613 putaretur
2323 4559 2386 4598 ex
2415 4543 2776 4600 concessione
2805 4559 2870 4598 ac
2901 4545 3058 4598 venia
3087 4545 3484 4602 dominantium

1909 4649 2278 4704 perseverare,
2323 4635 2368 4690 si
2415 4635 2638 4706 quando
2687 4635 2884 4690 horum
2937 4641 3176 4706 ipsorum
3211 4637 3484 4708 quispiam

1909 4727 2247 4798 malignitate
2295 4731 2528 4798 quadam
2583 4741 2902 4804 correptus,
2959 4733 3222 4786 adversus
3279 4729 3482 4786 Christi

1909 4819 2136 4874 verbum
2193 4835 2434 4891 pugnare
2491 4821 2848 4880 deliberatum
2901 4825 2956 4878 in
3003 4825 3186 4878 animo
3229 4823 3480 4890 habebat,

1909 4909 2070 4964 etiam
2105 4913 2208 4966 hoc
2233 4929 2336 4968 suo
2367 4915 2539 4984 ipsius
2565 4917 2832 4972 arbitratu
2865 4919 3016 4973 illum
3051 4917 3230 4972 facere
3259 4917 3476 4988 permit-

1909 5003 2076 5070 tebat,
2115 5005 2276 5060 simul
2311 5015 2370 5060 ut
2401 5023 2590 5063 eorum
2625 5009 2880 5066 virtutem
2917 5009 3232 5066 ostenderet
3255 5009 3348 5080 qui
3383 5025 3482 5080 pro

1909 5093 2108 5162 pietate
2151 5099 2480 5168 pugnabant,
2519 5101 2680 5156 simul
2711 5103 2872 5158 etiam
2911 5115 2968 5158 ut
2995 5103 3208 5159 cunctis
3241 5103 3482 5158 hornini-

1907 5183 2010 5240 bus
2065 5187 2284 5256 planum
2345 5187 2566 5256 faceret,
2600 5193 2744 5262 quod
2795 5207 2902 5248 non
2953 5193 3192 5248 humano
3223 5193 3478 5258 consilio,

1909 5278 2006 5333 sed
2057 5279 2152 5336 Dei
2203 5281 2402 5339 virtute
2447 5285 2712 5348 niteretur
2747 5287 2862 5358 ipsa
2893 5285 3046 5342 verbi
3095 5289 3478 5360 propugnatio.

1909 5371 2120 5426 Etenim
2147 5375 2270 5444 quis
2303 5391 2412 5432 non
2441 5377 2702 5434 continuo
2727 5379 3076 5450 Obstupescat
3097 5395 3182 5442 ea,
3219 5395 3342 5450 quin
3373 5381 3482 5438 illis

1909 5453 2247 5532 temporibus
2297 5467 2544 5522 accidere
2613 5471 2820 5542 passim
2883 5471 3294 5526 cernebantur?
3345 5472 3484 5528 Nam

1909 5553 2010 5622 ipsi
2065 5555 2280 5624 pietatis
2338 5559 2662 5622 defensores
2693 5615 2708 5642 ,
2777 5561 3008 5634 primum
3067 5564 3210 5634 apud
3261 5577 3492 5624 cunctos

1909 5645 2156 5704 homines
2221 5649 2354 5706 clari
2413 5655 2792 5750 illuslresque
2852 5653 3088 5724 fiebant,
3145 5663 3200 5722 et
3241 5657 3502 5716 certami-
