3930 6202
460 230 563 287 251

1138 220 1405 289 Ευδεοη
1446 234 1926 293 οτῑδΑιιιΕΝειδ
1961 239 2020 295 οι

2154 240 2333 295 PARS
2372 241 2439 296 ll.
2472 266 2545 284 -λ
2581 238 3077 295 APOLOGETICA.

3592 240 3699 297 252

457 355 641 403 autem
672 354 743 402 ah
774 346 963 403 eodem
1021 348 1211 418 procul
1266 348 1524 403 labuntur
1546 388 1561 413 ,
1618 352 1820 423 quippe
1854 354 1947 424 qui
1976 363 2020 411 et

2131 356 2228 429 τὴν
2265 357 2494 426 θεότητα
2540 357 2870 429 συνορῶντες
2911 354 3094 422 αἰτοῦ,
3145 357 3280 427 μήτε
3322 366 3389 410 τα
3424 358 3573 412 αἰτια
3598 357 3700 430 τῆς

454 441 696 498 divinam
726 440 873 496 illius
898 447 1152 496 naturam
1196 441 1469 512 ignorent,
1516 460 1694 516 neque
1715 461 1911 503 causas
1938 448 2034 504 ad—

454 542 650 589 ventus
679 531 1031 602 perspiciunt,
1078 547 1255 604 neque
1290 534 1418 589 item
1449 536 1648 606 quibus
1696 539 2033 610 temporibus

452 633 742 680 venturum
775 623 926 677 illum
960 624 1243 695 prophetae
1262 627 1632 696 pmdixerint,
1678 631 2034 701 comprehen-

451 713 606 769 dant.
632 711 769 768 Nam
801 712 879 768 illi
907 716 1130 787 quidem
1162 717 1313 772 illum
1347 720 1511 774 etiam
1567 737 1713 777 nunc
1741 730 2030 778 venturum

447 810 802 874 exspectant:
834 821 938 862 nos
962 814 1144 863 autem
1189 809 1302 879 jam
1334 812 1500 867 semel
1524 812 1788 868 duntaxat
1815 815 2033 871 venisse

450 895 849 965 contendimus,
866 913 1079 953 necnon
1100 900 1327 956 alterum
1351 903 1595 973 ejusdem
1608 921 1730 959 cum
1749 906 2032 977 majestate

447 990 768 1053 adventum.
798 998 852 1046 et
892 994 1134 1049 oraculis
1184 1002 1238 1050 et
1282 996 1568 1066 pmceptis
1618 990 2061 1079 prophetprumf

449 1080 544 1151 qui
579 1080 845 1138 divinitus
899 1082 1063 1139 amati
1115 1084 1360 1152 fuerunt,
1410 1089 1783 1146 auscultantes
1829 1092 2031 1148 intueri

448 1180 794 1244 exoptamus.
830 1174 967 1230 Cum
1001 1185 1182 1232 autem
1226 1176 1295 1234 de
1318 1179 1413 1235 illo
1434 1180 1633 1252 duplex
1665 1183 1738 1238 sit
1766 1183 1927 1250 ratio,
1951 1185 2031 1238 al-

449 1272 569 1320 tera
627 1266 846 1335 quidem
879 1268 1152 1323 recentior
1185 1268 1388 1335 fuerit,
1423 1275 1625 1344 quippe
1658 1289 1781 1346 quae
1811 1275 1927 1331 heri
1963 1291 2028 1332 ac

449 1370 624 1427 nuper
640 1355 707 1411 ad
735 1357 983 1415 homines
1020 1361 1331 1417 introducta
1361 1363 1434 1418 sit
1471 1383 1484 1418 :
1521 1365 1694 1421 altera
1727 1382 1859 1422 vero
1879 1370 2028 1423 omni

447 1453 712 1517 tempore,
737 1451 1101 1522 omnibusque
1152 1454 1368 1510 saeculis
1407 1456 1706 1528 antiquior.
1736 1456 1870 1514 Nam
1902 1475 2028 1515 cum

450 1535 596 1594 Deus
619 1540 800 1606 vellet,
841 1551 1026 1612 utpote
1055 1545 1148 1616 qui
1179 1545 1331 1603 solus
1385 1546 1458 1603 sit
1504 1548 1701 1614 bonus,
1741 1550 2029 1623 omnisque

449 1629 579 1685 boni
611 1640 665 1688 et
688 1635 1018 1706 principium
1049 1649 1103 1693 et
1134 1637 1277 1707 fons,
1311 1638 1627 1696 divitiarum
1652 1657 1874 1699 suarum
1905 1644 2024 1699 the-

2135 448 2439 520 παρουσίας
2479 447 2699 513 εἰδότες,
2740 454 2876 521 μήτε
2922 447 3027 521 μὴν
3056 449 3182 511 τοὺς
3208 446 3430 519 χρόνους
3455 447 3574 502 καθ’
3602 448 3699 513 οὓς

2131 538 2280 611 ἥξειν
2317 540 2597 613 ἀνείρηται
2628 544 2708 605 εἰς
2737 540 3054 614 ἀνθρώπους
3087 540 3584 613 περιδρασσόμενοι.
3630 543 3700 597 Ol

2134 631 2232 701 μὲν
2279 632 2390 703 γὰρ
2433 632 2513 686 ἔτι
2559 633 2653 687 καὶ
2681 631 2776 687 νῦν
2806 633 2957 704 ἥξειν
3002 632 3262 704 μέλλοντα
3308 632 3696 707 προσδοκῶσιν,

2130 721 2288 791 ἡμεῖς
2310 720 2356 774 δ’
2391 720 2490 792 ἤδη
2522 721 2621 793 μὲν
2658 721 2889 787 εἰσάπαξ
2917 722 3308 794 ἁποδείκνυμεν
3328 723 3563 787 ὲλβόντα⁹
3598 723 3699 778 καὶ

2127 810 2388 883 δευτέραν
2427 813 2474 866 δ’
2508 813 2673 868 αὑτοῦ
2706 814 2843 885 μετά
2871 815 2971 886 τῆς
2997 814 3179 869 ἐνθέου
3206 813 3365 884 δόξης
3396 812 3698 888 παρουσίαν

2127 904 2248 966 ταῖς
2279 903 2388 956 τῶν
2419 903 2689 978 θεοφόρων
2723 906 3015 978 προφητῶν
3048 906 3381 979 προρρήσεσι
3411 923 3471 960 τε
3502 906 3595 960 καὶ
3615 905 3699 961 δι-

2131 993 2452 1061 δασκαλίαις
2476 996 2784 1068 πειθόμενοι
2811 998 2938 1051 ἰδεῖν
2965 996 3254 1070 εὐχόμεθα.
3274 996 3460 1052 Διττοῦ
3479 997 3523 1050 δ’
3540 996 3699 1062 ὄντος

2128 1083 2222 1137 τοῦ
2255 1085 2374 1139 κατ’
2407 1086 2567 1140 αὑτὸν
2604 1085 2782 1155 λόγου,
2827 1087 2856 1139 ό
2890 1087 2986 1158 μὲν
3016 1084 3280 1158 νεώτερος
3312 1084 3377 1138 ἂν
3417 1085 3521 1155 εἰη,
3569 1082 3700 1156 χθὲς

2128 1176 2223 1229 καὶ
2250 1176 2438 1247 πρώην
2471 1181 2550 1242 εἰς
2596 1177 2910 1252 ἀνθρώπους
2950 1177 3293 1249 εἰσηγμένος,
3328 1178 3356 1230 ὁ
3395 1176 3452 1230 δὲ
3493 1175 3700 1240 παντὸς

2129 1269 2320 1341 χρόνου
2360 1271 2455 1324 καὶ
2496 1271 2714 1326 πάντων
2747 1270 2954 1325 αἰώνων
2984 1270 3369 1342 πρεσϐύτερος.
3404 1267 3699 1340 Βουληθεὶς

2127 1361 2236 1433 γάρ
2265 1364 2293 1416 ὁ
2325 1362 2476 1430 Θεὸς,
2512 1364 2607 1418 ἆτε
2638 1364 2794 1436 μόνος
2825 1364 2900 1429 ὡς
2930 1362 3130 1433 ἀγαθὸς
3164 1362 3367 1432 ἀγαθοῦ
3398 1378 3457 1415 τε
3491 1362 3700 1428 παντὸς

2126 1451 2267 1523 ἀρχὴ
2302 1453 2396 1505 καὶ
2430 1454 2600 1525 πηγὴ,
2645 1452 2751 1509 τῶν
2790 1453 2954 1508 αύτοῦ
2982 1453 3271 1527 θησαυρῶν
3308 1451 3521 1516 πλείους
3554 1453 3699 1506 ἀπο-

2127 1541 2289 1610 φῦναι
2315 1542 2620 1607 κοινωνούς·
2649 1544 2771 1616 ἄρτι
2809 1561 2868 1597 τε
2910 1543 3118 1616 μέλλων
3140 1544 3238 1616 τὴν
3264 1543 3485 1616 λογικὴν
3510 1544 3701 1597 πᾶσαν

2129 1631 2523 1704 προϐάλλεσθαι
2568 1635 2763 1700 κτίσιν,
2812 1636 3133 1708 ἀσωμάτους
3171 1638 3323 1701 τινάς
3366 1636 3557 1709 νοερὰς
3597 1637 3699 1690 καὶ

446 1737 644 1780 sauros
674 1724 924 1795 pluribus
958 1729 1254 1799 impertiri,
1292 1740 1546 1802 essetque
1600 1733 1712 1803 jam
1739 1734 1853 1805 jam
1903 1751 2020 1791 om-

2124 1723 2274 1788 θείας
2303 1724 2579 1796 δυνάμεις,
2616 1725 2877 1795 ἀγγέλους
2913 1745 2973 1780 τε
3004 1728 3097 1781 καὶ
3127 1708 3517 1799 ἀρχαγγέλους,
3552 1726 3699 1783 άῦλά

448 1832 571 1872 nem
598 1819 920 1876 rationalem
954 1830 1261 1879 creaturam
1315 1826 1369 1880 in
1407 1827 1582 1882 lucem
1632 1829 2022 1898 producturus,

450 1908 802 1980 incorporeas
836 1911 1088 1989 videlicet
1137 1915 1400 1985 quasdam
1435 1925 1601 1988 atque
1661 1918 2023 1988 intelligentes

445 2007 502 2054 et
530 2000 744 2057 divinas
776 2010 1090 2074 potestates,
1120 2008 1452 2081 angelusque
1467 2017 1628 2080 atque
1646 2011 2020 2082 archangelos,

447 2093 795 2164 niaterizeque
827 2105 1101 2168 expertes,
1143 2105 1197 2153 et
1228 2100 1298 2154 ah
1321 2100 1469 2157 omni
1529 2112 1682 2171 parte
1707 2119 1872 2173 puros
1911 2106 2023 2176 spi-

445 2184 617 2265 ritus.
679 2186 892 2244 animas
949 2200 1207 2259 praeterea
1248 2192 1527 2247 hominum
1555 2234 1570 2259 ,
1611 2210 1733 2265 qua:
1786 2197 2021 2252 solutam

444 2258 531 2332 π’
561 2276 788 2333 liberam
817 2258 1114 2336 voluntatis
1170 2291 1331 2352 atque
1354 2258 1586 2351 arbitrii,
1627 2258 1748 2338 tam
1810 2285 1878 2341 ad
1925 2287 2039 2367 ho:

443 2386 574 2426 num
614 2386 778 2442 quam
839 2371 907 2427 ad
963 2374 1094 2428 boni
1153 2376 1523 2440 contrarium,
1569 2385 1830 2431 naturam
1877 2378 2023 2433 acci-

443 2473 633 2534 perent
668 2471 762 2518 :et
811 2479 1148 2535 quaecunque
1178 2465 1262 2521 liis
1322 2466 1456 2536 ipsis
1485 2468 1862 2523 convenientia
1899 2485 2020 2524 cor-

442 2567 635 2624 porum
672 2554 1055 2619 instrumenta,
1092 2556 1269 2612 varias
1302 2556 1515 2611 vivendi
1573 2556 1778 2615 formas
1822 2558 2022 2615 educe-

441 2651 587 2710 rent,
616 2642 772 2716 145
800 2644 1066 2716 sedesque
1089 2646 1175 2701 liis
1205 2648 1482 2712 onmihus,
1516 2649 1775 2721 locosque
1809 2652 2019 2708 tribue-

442 2749 503 2789 re
530 2736 782 2806 proprios
816 2738 965 2805 (nam
994 2736 1062 2791 iis
1092 2736 1186 2807 qui
1219 2738 1348 2792 boni
1400 2742 1802 2809 permanserint
1832 2783 1848 2807 ,
1906 2758 2019 2798 me-

443 2827 646 2883 liores:
679 2835 872 2883 contra
907 2836 1113 2894 autem,
1146 2830 1350 2901 alioqui
1372 2834 1787 2902 convenientes,
1815 2836 2017 2907 inqui-

443 2918 547 2975 bus
577 2919 828 2976 videlicet
874 2922 1241 2992 proclivitatis
1268 2922 1337 2978 ad
1365 2925 1643 2979 contraria
1680 2940 1873 2995 pinnas
1922 2927 2018 2982 da-

443 3013 586 3087 rent)
612 3033 627 3083 ;
660 3030 897 3087 cumque
930 3016 983 3072 id
1000 3015 1147 3088 quod
1170 3017 1410 3073 futurum
1427 3026 1569 3083 erat,
1601 3027 1858 3092 tanquam
1874 3020 2017 3077 Deus
2043 3050 2085 3109 α

441 3107 753 3180 cognitione
811 3109 1164 3180 praeciperet,
1212 3110 1549 3182 sentiretque
1604 3113 1720 3169 haec
1762 3115 2016 3170 universa

442 3208 735 3272 antequam
770 3201 1002 3266 ﬁerent,
1040 3209 1301 3273 tanquam
1329 3202 1384 3257 in
1412 3219 1609 3275 magno
1662 3220 1892 3275 corpore
1916 3205 2018 3261 ali¢

441 3291 588 3363 quod
609 3300 773 3363 caput
796 3293 1158 3363 postulatum,
1185 3309 1351 3347 unum
1374 3294 1552 3349 omnis
1582 3295 2018 3367 opiﬁciidispen-

442 3393 700 3450 sutorem,
728 3385 1088 3456 eumdemque
1119 3394 1172 3441 et
1204 3386 1399 3442 ducem
1448 3397 1503 3442 et
1548 3404 1731 3458 regem
1776 3390 2017 3446 universi

444 3474 848 3545 praeﬁciendum
864 3478 1100 3549 putavit:
1118 3478 1423 3547 cuiusmodi
1439 3481 1786 3536 oraculorum
1801 3498 2018 3554 quoque

443 3568 776 3633 divinorum,
803 3585 925 3640 qua:
947 3569 1014 3624 ab
1042 3572 1283 3641 antiquis
1311 3573 1454 3642 apud
1475 3571 1756 3638 Hebraeos,
1785 3583 1840 3630 et
1862 3560 2025 3631 then?

444 3661 585 3731 logia
618 3667 674 3716 et
736 3662 1019 3733 prophetis
1071 3663 1283 3718 reddita
1328 3673 1478 3732 sunt,
1512 3664 1789 3721 institutio
1825 3677 1909 3722 est
1944 3689 1954 3722 :
1984 3682 2015 3721 a

440 3751 640 3822 quibus
667 3752 885 3823 quidem
929 3751 1145 3808 discere
1172 3762 1353 3824 potest
1378 3755 1471 3825 qui
1503 3755 1647 3819 vult,
1689 3772 1856 3810 unum
1891 3771 2015 3812 esse

440 3847 684 3901 omnium
710 3861 891 3902 rerum
922 3848 1272 3918 principium,
1297 3863 1361 3901 ac
1392 3848 1577 3918 potius
1615 3848 1887 3920 principio
1920 3865 2017 3904 su-

441 3937 625 4007 perius
653 3943 708 3991 et
739 3938 912 4006 prius,
946 3939 1233 4008 primoque
1283 3939 1585 4009 antiquius,
1621 3947 1674 3994 et
1725 3939 2014 4010 gignendis

440 4028 608 4085 rebus
637 4029 753 4099 ipsa
782 4028 993 4123 unita'te
1024 4031 1319 4095 vetustius,
1357 4031 1621 4103 omnique
1650 4032 2015 4102 appellatione

439 4121 810 4191 praestantius,
838 4121 982 4192 quod
1006 4138 1184 4193 neque
1215 4122 1346 4187 dici,
1374 4138 1552 4193 neque
1580 4124 1879 4191 enuntiari,
1913 4139 2011 4179 ne-

438 4228 546 4282 que
582 4213 882 4283 excogitari
913 4222 1091 4285 potest
1121 4233 1134 4268 :
1180 4214 1381 4269 bonum
1405 4215 1552 4286 quod
1579 4231 1747 4271 causa
1778 4223 1863 4271 est
1897 4231 2013 4270 om-

439 4304 590 4358 nium
642 4318 845 4370 rerum,
899 4307 1045 4376 quod
1078 4307 1189 4361 vim
1221 4307 1509 4372 eiliciendi,
1540 4307 1791 4378 juvaudi,
1829 4307 2013 4377 provi-

2122 1833 2182 1870 τε
2223 1819 2316 1872 καὶ
2360 1819 2535 1891 πάντη
2582 1822 2797 1894 καθαρὰ
2839 1821 3145 1891 πνεύματα,
3175 1820 3396 1892 προσέτι
3428 1819 3485 1874 δὲ
3514 1819 3697 1891 ψυχὰς

2122 1909 2422 1982 ἀνθρώπων
2475 1912 2670 1980 ἄφετον
2719 1912 2813 1966 καὶ
2860 1911 3142 1983 ἐλεύθερον
3194 1912 3293 1982 τῆς
3339 1911 3695 1965 αύθεκουσίου

2124 2002 2252 2073 περὶ
2282 2003 2343 2055 τὸ
2373 2002 2533 2057 καλὸν
2565 2005 2598 2074 ἦ
2627 2004 2929 2058 τούναντίον
2957 2004 3218 2077 αἱρέσεως
3242 2003 3341 2076 τὴν
3366 2003 3525 2072 φύσιν
3553 2005 3698 2059 ἐπα-

2121 2097 2380 2168 γομένας,
2435 2099 2537 2152 ὅσα
2584 2116 2644 2152 τε
2692 2099 2901 2163 τούτοις
2949 2100 3155 2172 ὄργανα
3212 2099 3478 2169 σωμάτων
3527 2096 3693 2169 ἔμελ-

2121 2190 2207 2243 λεν
2263 2189 2482 2244 ἔσεσθαι
2505 2230 2520 2253 ,
2590 2189 2843 2244 ποικίλων
2908 2191 3096 2262 ἀγωγῇ
3163 2188 3471 2259 κατάλληλα
3525 2188 3691 2261 βίων,

2120 2280 2303 2353 χώρας
2338 2299 2398 2335 τε
2430 2283 2637 2346 τούτοις
2686 2282 2857 2336 ἅπασι
2907 2283 3000 2336 καὶ
3040 2281 3238 2347 τόπους
3281 2281 3555 2353 διανέμειν
3607 2285 3694 2336 οἰ-

2122 2372 2320 2436 κείουςο
2374 2373 2611 2443 (μείνασι
2663 2374 2759 2444 μὲν
2805 2373 2912 2446 γὰρ
2939 2373 3159 2443 ἀγαθοῖς
3195 2375 3320 2437 τοὺς
3351 2373 3685 2446 κρείττονας,

2120 2463 2348 2536 ἔμπαλιν
2378 2465 2435 2519 δὲ
2465 2466 2591 2530 τοὺς
2630 2470 3022 2537 προσήκοντας,
3056 2466 3157 2535 τῆς
3188 2466 3281 2519 επὶ
3304 2463 3556 2520 τάναντία
3590 2466 3691 2537 ρο-

2121 2555 2229 2625 πῆς
2268 2554 2336 2609 τά
2383 2558 2862 2629 σωφρονιστήρια·)
2903 2555 3189 2628 προλαϐὼν
3228 2556 3292 2610 τὺ
3345 2555 3554 2627 μέλλον,
3594 2551 3693 2611 οἷα

2118 2648 2269 2713 Θεὸς,
2301 2651 2369 2720 τῇ
2425 2646 2745 2721 προγνώσει,
2782 2649 3009 2703 συνιδών
3049 2667 3107 2703 τε
3132 2689 3147 2713 ,
3194 2648 3394 2704 τούτων
3433 2649 3692 2703 ἁπάντων

2120 2742 2247 2813 περὶ
2293 2742 2556 2810 γενέσεως
2601 2743 2659 2795 ἐν
2704 2741 2925 2812 μεγάλῳ
2968 2740 3177 2811 σώματι
3216 2740 3460 2811 κεφαλῆς
3496 2740 3692 2812 δεησο-

2120 2836 2315 2903 μένων,
2356 2833 2451 2886 ’ἐνα
2488 2831 2578 2883 τὸν
2619 2831 2717 2901 τῆς
2761 2829 3118 2901 δημιουργίας
3147 2831 3365 2901 ἀπάσης
3406 2830 3693 2901 οἰκονόμον

2118 2922 2360 2993 ἡγεμόνα
2376 2938 2436 2974 τε
2463 2920 2556 2975 καὶ
2585 2918 2809 2990 βασιλέα
2839 2919 2947 2973 τῶν
2972 2920 3108 2974 ὅλων
3151 2920 3523 2993 προτάξασθαι
3552 2921 3693 2994 ᾤετο

2117 3013 2247 3078 δεῖν,
2335 3014 2430 3067 καὶ
2454 3012 2522 3066 τά
2551 3011 2669 3067 θεῖα
2703 3015 3052 3084 μυσταγωγεῖ
3078 3013 3231 3082 λόγια
3264 3014 3400 3086 πρὸς
3417 3014 3527 3067 τῶν
3548 3014 3691 3069 ἀνω-

2118 3107 2209 3162 θεν
2237 3109 2364 3179 παρ⁸
2395 3107 2661 3179 Ἑϐραίοις
2685 3106 2946 3175 θεολόγων
2968 3123 3025 3159 τε
3049 3107 3142 3161 καὶ
3166 3107 3456 3180 προφητῶν
3479 3108 3690 3183 ἀνδρῶν

2114 3198 2532 3270 τεθεσπισμένα·
2579 3199 2709 3268 παρ’
2756 3191 2830 3251 ὧν
2876 3196 2940 3270 δὴ
2985 3199 3174 3269 μαθεῖν
3216 3197 3442 3265 ἔνεστιν,
3474 3198 3553 3263 ὡς
3578 3200 3691 3272 ἄρα

2118 3289 2219 3361 μία
2254 3289 2353 3360 μὲν
2384 3289 2467 3361 εἴη
2502 3287 2609 3343 τῶν
2637 3289 2772 3342 ὅλων
2798 3289 2958 3360 ἀρχὴ,
2992 3289 3192 3360 μᾶλλον
3218 3289 3277 3343 δὲ
3309 3290 3371 3344 τὸ
3399 3292 3493 3345 καὶ
3511 3292 3688 3364 ἀρχῆς

2115 3380 2404 3452 ἀνώτερον,
2437 3382 2530 3434 καὶ
2572 3381 2789 3454 πρώτου
2834 3383 3278 3455 προγενέστερον,
3329 3384 3423 3437 καὶ
3460 3385 3688 3455 μονάδος

2115 3471 2571 3546 ἀρχεγονώτερον,
2629 3475 2724 3527 καὶ
2770 3474 2949 3546 πίσης
2998 3478 3243 3547 κρεῖττον
3293 3475 3685 3548 προσηγορίας,

2115 3566 2369 3638 ἄρρητον,
2394 3566 2783 3637 ἀνέκφραστον,
2813 3567 3187 3639 ἁπερινόητον,
3215 3568 3436 3637 ἀγαθὸν,
3470 3568 3532 3622 τὸ
3554 3569 3691 3623 πάνε

2114 3674 2221 3710 των
2253 3657 2443 3723 αἴτιον,
2478 3658 2537 3711 τὸ
2569 3657 2867 3728 ποιητικὸν,
2894 3659 2956 3712 τὸ
2980 3660 3344 3730 εὐεργετικὸν,
3374 3661 3436 3714 τὸ
3462 3677 3689 3734 προνοη-

2114 3749 2284 3813 τικὸν,
2331 3750 2393 3803 τὸ
2439 3751 2724 3823 σωτήριον,
2761 3751 2922 3816 αὐτὸς
2948 3752 3024 3806 ὢν
3051 3754 3080 3806 ό
3112 3748 3192 3815 εἷς
3218 3754 3310 3805 καὶ
3342 3753 3501 3818 μόνος
3529 3752 3684 3818 Θεὸς,

2115 3843 2175 3907 ἐξ
2219 3834 2281 3896 οὗ
2319 3843 2386 3896 τὰ
2425 3845 2619 3907 πάντα,
2661 3843 2727 3897 δι’
2773 3845 2832 3898 ὃν
2879 3845 2946 3899 τὲ
3000 3844 3177 3899 πάντα
3220 3845 3398 3899 ἐστίν·
3441 3847 3499 3901 ὲν
3536 3845 3687 3918 αύτῷ

2114 3936 2222 4007 γὰρ
2248 3935 2428 4007 ζῶμεν
2455 3938 2547 3990 καὶ
2570 3937 2868 4008 κινούμεθα
2890 3939 2983 3992 καὶ
3010 3939 3196 4009 ἐσμέν.
3237 3939 3306 3992 ὐ
3328 3955 3380 3992 τι
3405 3938 3471 4010 δὴ
3516 3939 3683 4004 θέλει,

2113 4026 2265 4082 τοῦτο
2292 4028 2421 4097 γοῦν
2447 4028 2643 4100 καζεὶἠ
2669 4030 2734 4084 ἂν
2747 4029 2808 4082 τὸ
2835 4030 2993 4101 μόνον
3014 4031 3110 4101 τῆς
3120 4029 3227 4083 τῶν
3246 4030 3489 4103 γενητῶν
3506 4032 3688 4086 ἁπάν-

2112 4137 2221 4174 των
2271 4119 2579 4185 οὑσιώσεώς
2615 4139 2675 4175 τε
2737 4124 2831 4177 καὶ
2869 4123 3155 4195 ὑπάρξεως
3197 4123 3387 4178 αῖτιονο
3437 4124 3685 4189 θέλοντος

2115 4210 2221 4282 γάρ
2251 4213 2386 4265 ἐστι.
2415 4212 2569 4265 θέλει
2599 4213 2674 4277 δὲ,
2710 4214 2791 4266 ὅτι
2820 4213 2917 4285 τὴν
2944 4214 3104 4283 φύσιν
3131 4214 3333 4283 ἀγαθὸς
3372 4215 3447 4269 ὢν
3480 4216 3686 4286 τυγχά-

2112 4319 2212 4354 νει.
2255 4303 2467 4374 ’Ᾱγαθῷ
2505 4304 2561 4357 δὲ
2599 4303 2771 4371 οὐδὲν,
2811 4305 2894 4358 ὅτι
2945 4305 3019 4376 μὴ
3064 4304 3125 4358 τὸ
3163 4304 3335 4360 θέλειν
3383 4306 3451 4360 τά
3502 4306 3685 4374 ἀγαθά

439 4393 625 4457 dendi,
654 4395 933 4462 servandi,
955 4397 1009 4451 in
1026 4414 1085 4454 se
1104 4399 1265 4453 habet
1293 4400 1417 4469 :qui
1444 4415 1587 4455 unus
1615 4400 1731 4470 ipse
1758 4415 1824 4455 ac
1858 4399 2009 4456 solus

2118 4395 2407 4466 προσφυὲς.
2444 4395 2622 4448 Θέλων
2652 4395 2709 4447 δὲ
2739 4394 2931 4458 ταῦτα,
2962 4396 3053 4449 καὶ
3084 4395 3326 4450 δύναται·
3358 4394 3438 4449 διὸ
3461 4395 3557 4450 καὶ
3596 4395 3687 4451 θέ-

439 4494 522 4539 est
543 4483 710 4550 Deus,
745 4503 811 4542 ex
845 4505 956 4559 quo
975 4490 1184 4555 omnia,
1218 4507 1496 4563 perquem
1515 4494 1698 4548 omnia
1729 4504 1859 4550 sunt
1892 4513 1905 4549 :
1955 4495 2011 4549 in

443 4577 534 4632 illo
571 4577 718 4632 enim
767 4579 1001 4638 vivimus
1050 4590 1106 4639 et
1156 4599 1438 4641 movemur
1466 4595 1521 4640 et
1553 4601 1764 4643 sumus.
1826 4586 2011 4658 Itaque

438 4669 802 4742 quodcunque
829 4675 966 4739 vult,
1002 4675 1056 4730 id
1078 4675 1243 4731 etiam
1274 4687 1359 4733 est
1381 4680 1670 4744 continuo,
1700 4693 1766 4734 ex
1785 4695 1893 4750 qua
1918 4694 2011 4735 sev

442 4766 489 4820 la
513 4780 702 4830 causa,
735 4768 919 4823 omnia
951 4785 1072 4840 qum
1116 4770 1298 4842 genita
1326 4779 1473 4837 sunt,
1507 4771 1559 4826 id
1597 4783 1928 4841 acceperunt
1953 4781 2011 4827 ut

437 4866 643 4921 essent,
673 4866 840 4928 utque
871 4859 1222 4921 exsisterent.
1254 4876 1319 4916 ac
1345 4863 1629 4928 durarent,
1689 4869 1821 4918 sunt
1862 4864 2007 4919 enim

439 4949 530 5003 illo
553 4950 785 5007 volente.
812 4950 945 5007 'Vult
969 4962 1150 5008 autem
1176 4954 1382 5009 idcirco
1404 4955 1553 5026 quod
1584 4964 1781 5028 suapte
1812 4967 2010 5011 natura

441 5040 614 5099 bonus
641 5052 744 5100 est.
785 5042 934 5101 Bono
964 5061 1092 5101 vero
1130 5047 1265 5100 nihil
1304 5056 1500 5103 natura
1523 5049 1883 5120 conjunctum
1913 5032 2027 5104 ad?

439 5150 745 5205 uexumque
773 5145 878 5201 est,
914 5138 1020 5193 nisi
1066 5147 1125 5192 ut
1166 5154 1230 5193 ea
1269 5154 1391 5208 qua:
1420 5139 1561 5194 bona
1595 5151 1725 5195 sunt
1750 5141 1901 5197 velit.
1938 5143 2008 5197 At

435 5227 580 5281 enim
603 5242 727 5282 cum
750 5229 864 5285 haec
886 5230 1046 5295 velit,
1075 5230 1216 5285 idem
1243 5231 1407 5287 etiam
1436 5240 1650 5303 potest:
1682 5248 1853 5303 quare
1882 5250 2008 5289 cum

438 5317 568 5371 velit
599 5320 764 5376 simul
795 5321 940 5378 idem
973 5329 1028 5377 et
1074 5324 1270 5392 possit,
1306 5325 1456 5379 nulla
1494 5340 1554 5380 re
1585 5341 1763 5396 neque
1821 5328 2009 5397 prohi-

437 5408 620 5475 bente,
646 5427 819 5484 neque
841 5414 1187 5486 impediente,
1212 5417 1475 5489 quidquid
1498 5420 1785 5491 pulchrum
1803 5428 1858 5477 et
1881 5423 2009 5479 utile

434 5508 542 5569 est,
567 5512 676 5558 tam
704 5506 760 5561 in
788 5507 858 5564 iis
887 5524 1010 5579 quae
1041 5510 1146 5566 sub
1194 5519 1475 5581 aspectum
1510 5513 1734 5577 cadunt,
1763 5528 1925 5583 quam
1952 5515 2005 5568 in

436 5591 641 5665 iisquae
669 5613 778 5654 non
811 5600 1036 5666 cadunt,
1060 5603 1177 5672 ipse
1205 5604 1311 5660 sibi
1343 5605 1447 5676 ipsi
1474 5605 1711 5662 confecit
1745 5625 1759 5660 :
1806 5606 2007 5676 quippe

425 5689 523 5757 qui
557 5690 719 5761 quasi
738 5693 1022 5748 materiam
1055 5696 1343 5764 quamdam
1376 5708 1538 5771 atque
1578 5698 1873 5756 essentiam
1914 5715 2007 5770 ge-

2109 4487 2214 4541 λων
2246 4486 2380 4558 ὀμοῦ
2411 4488 2504 4540 καὶ
2538 4486 2853 4558 δυνάμενος,
2896 4486 3189 4551 ἀκωλύτως
3226 4487 3319 4542 καὶ
3341 4488 3684 4559 ἀπαραποδί-

2111 4597 2251 4643 στως
2280 4581 2390 4632 πᾶν
2424 4568 2454 4632 ὅ
2492 4597 2545 4631 τι
2586 4579 2747 4634 καλὸν
2780 4580 2871 4633 καὶ
2911 4578 3187 4651 συμφέρον
3213 4577 3269 4633 ἐν
3292 4595 3352 4632 τε
3386 4579 3685 4663 ὁρωμένοις

2109 4672 2204 4726 καὶ⁵
2239 4672 2504 4740 ἀφανέσιν
2527 4672 2687 4734 αὐτὸς
2710 4670 2888 4741 ἐαυτῷ
2909 4672 3297 4744 συνεστήσατο,
3332 4670 3463 4742 ὓλην
3492 4671 3685 4744 ὥσπερ

2107 4764 2228 4819 τινὰ
2254 4767 2347 4819 καὶ
2371 4764 2555 4818 οὐσίαν
2581 4764 2678 4834 τῆς
2706 4762 2815 4818 τῶν
2835 4763 2971 4817 ὅλων
2993 4762 3259 4831 γενέσεώς
3278 4780 3336 4817 τε
3365 4764 3461 4817 καὶ
3494 4764 3687 4817 συστά-

2109 4876 2247 4923 σεως
2269 4858 2364 4931 τὴν
2393 4857 2586 4912 ἑαυτοῦ
2615 4856 2807 4926 βουλὴν
2840 4857 2935 4910 καὶ
2964 4855 3193 4927 δύναμιν
3220 4848 3683 4929 προϐεϐλημένος,

2106 4952 2182 5017 ώς
2218 4952 2417 5025 μηκέτι
2448 4950 2684 5020 εὐλόγως
2711 4952 2875 5019 φάναι
2903 4951 3012 5004 δεῖν
3041 4948 3101 5015 ἐξ
3133 4951 3235 5002 οὐκ
3264 4949 3433 5003 όντων
3459 4944 3601 5002 εἶναι
3627 4965 3685 5002 τι

2108 5059 2214 5114 τῶν
2241 5059 2426 5114 ὄντων.
2453 5058 2588 5112 Οὐδὲ
2612 5058 2720 5130 γὰρ
2747 5057 2814 5111 ἂν
2840 5056 2924 5126 εἴη
2949 5074 3001 5110 τι
3036 5056 3098 5110 τὸ
3128 5057 3194 5110 ἐκ
3238 5056 3313 5127 μὴ
3354 5056 3526 5121 όντος.
3554 5055 3683 5120 Πῶς

2107 5156 2305 5235 γὰρτὸ
2336 5164 2409 5235 μὴ
2441 5163 2500 5217 ὃν
2533 5163 2702 5234 ἑτέρῳ
2722 5162 2814 5215 τοῦ
2847 5160 2983 5217 εἶναι
3013 5162 3209 5231 γένοιτ’
3232 5161 3298 5216 ἂν
3334 5162 3538 5228 σῖτιον;
3572 5162 3682 5215 πᾶν

2106 5267 2165 5319 δὲ
2195 5268 2295 5321 ὅτι
2330 5268 2458 5321 ποτὲ
2488 5266 2579 5319 καὶ
2620 5267 2786 5329 ἐστιν,
2829 5267 2888 5331 ἐξ
2922 5267 3039 5331 ἑνὸς
3080 5266 3172 5320 τοῦ
3213 5265 3375 5338 μόνου
3405 5265 3558 5325 ὄντος
3586 5266 3683 5320 καὶ

2108 5367 2213 5439 πρὸ
2244 5367 2417 5431 ὄντος,
2450 5366 2542 5420 τοῦ
2572 5367 2636 5438 δὴ
2666 5367 2757 5421 καὶ
2784 5369 3075 5439 φήσαντος,
3113 5386 3131 5418 ι
3156 5364 3296 5435 Ἐγὼ
3321 5365 3437 5436 εἰμὶ
3462 5366 3492 5418 ό
3512 5363 3613 5429 ὦν,
3657 5384 3677 5416 ι

2106 5471 2167 5523 τὸ
2194 5467 2332 5524 εἶναι
2360 5470 2520 5525 λαϐὸν
2544 5470 2674 5542 ἔχει·
2707 5471 2788 5524 ὅτι
2813 5471 2878 5542 δη
2909 5471 3067 5542 μόνος
3093 5469 3191 5533 ῶν,
3216 5470 3425 5523 καῖἁεὶ
3462 5466 3560 5534 ῶν,
3583 5469 3685 5522 αύ-

2107 5574 2196 5638 τος
2234 5575 2365 5627 πᾶσι
2398 5577 2506 5638 τοῖς
2544 5572 2602 5639 ἐξ
2644 5573 2809 5628 αὐτοῦ
2846 5575 2907 5628 τὸ
2949 5569 3087 5627 εἶναι
3122 5571 3484 5643 κτησαμένοις
3508 5571 3685 5637 αἴτιος

2107 5676 2198 5730 τοῦ
2227 5672 2361 5733 εἶναι
2403 5675 2659 5749 κατέστη,
2707 5675 2783 5747 τῷ
2820 5675 2990 5731 θέλειν
3024 5676 3118 5731 καὶ
3157 5674 3231 5747 τῷ
3269 5674 3547 5730 δύνασθαιο
3590 5675 3687 5729 καὶ
