3930 6202
227 207 350 268 255
1159 213 1816 270 DEMONSTRATIONIS
1849 213 2310 272 EVANGELICE
2343 215 2471 274 LIB.
2507 215 2596 272 IV.
3367 219 3474 276 254

227 325 334 396 τὴν
361 323 548 378 οὐσίαν
575 327 690 388 τοῖς
727 327 880 392 πᾶσι,
913 327 1006 380 καὶ
1033 327 1130 391 τὰς
1166 327 1442 402 δυνάμεις,
1479 329 1572 382 καὶ
1595 327 1664 382 τὰ
1691 327 1803 400 εἴδη

1909 329 2208 386 nerationis
2237 329 2754 402 constitutionisque
2801 331 3062 397 universi,
3099 347 3258 394 suum
3293 337 3478 392 consi-'

229 417 506 482 πλουσίως
529 419 624 472 καὶ
649 419 1014 490 ἀνεπιφθόνως
1041 419 1100 486 ἐξ
1125 419 1288 474 αὐτοῦ
1321 421 1734 494 κεχαρισμένος.

1911 421 2046 477 lium
2087 437 2352 492 suamque
2379 423 2674 494 potentiam
2729 423 3030 494 praetulerit
3053 463 3068 488 ,
3099 431 3160 478 ut
3189 427 3340 482 nulla
3359 427 3474 498 jam

231 509 448 564 ratione
469 507 576 562 dici
606 511 798 578 possit,
829 511 894 564 de
915 509 1086 564 nihilo
1117 525 1239 566 esse
1267 511 1564 582 quidquam
1605 527 1794 568 eorum
1829 527 1950 582 qua:
1997 521 2150 578 sunt,
2197 529 2376 583 neque
2439 515 2584 570 enim
2639 530 2764 570 esse
2801 515 3078 586 quidpiam
3113 525 3292 588 potest
3319 535 3385 576 ex
3409 535 3478 578 eo

227 601 382 674 quod
435 601 614 670 ipsum
647 615 754 655 non
787 602 876 656 sit.
907 601 1194 668 Quomodo
1225 605 1370 658 enim
1405 604 1460 658 id
1489 604 1632 675 quod
1693 619 1798 658 non
1837 615 1940 670 est,
1973 603 2128 658 alteri
2163 609 2222 658 ut
2275 605 2348 660 sit
2369 619 2536 660 causa
2565 605 2720 660 erit?
2781 605 2953 661 Omne
2987 615 3170 662 autem
3189 611 3476 680 quodcun-

229 713 338 768 que
371 705 480 760 est,
509 711 574 752 ex
601 711 710 750 uno
740 697 834 766 qui
881 697 1030 752 solus
1073 709 1178 762 est,
1245 705 1299 752 et
1351 707 1482 754 ante
1523 699 1710 754 omnia
1757 707 1864 764 est,
1905 699 2108 768 quique
2139 697 2268 752 olim
2317 699 2481 752 etiam
2511 699 2644 752 illud
2683 701 2986 770 respondit,
3021 719 3040 754 ι
3075 701 3189 774 Ego
3225 719 3346 760 sum
3381 705 3476 778 qui

229 807 380 858 sum,
407 811 426 844 ι
457 799 518 846 ιιι
539 800 686 846 esset
717 799 772 846 et
803 793 1012 864 accepit
1033 801 1086 848 et
1117 793 1310 850 habet;
1359 793 1560 866 quippe
1577 809 1702 850 cum
1723 795 1816 866 qui
1855 796 2004 852 solus
2039 801 2144 860 est,
2199 803 2254 850 et
2307 809 2524 865 semper
2547 801 2665 860 est,
2697 795 2744 851 is
2767 797 3022 854 omnibus
3049 815 3388 872 quacunque
3409 817 3478 858 ex

229 889 352 960 ipso
375 887 426 940 iul
455 887 602 958 quod
633 897 760 943 sunt
797 897 1146 958 acceperunt,
1181 897 1240 943 ut
1289 899 1474 946 essent
1503 897 1694 946 auctor
1747 891 2024 948 exstiterit

2083 911 2096 946 :
2159 899 2324 962 atque
2355 905 2420 944 ex
2469 905 2536 946 eo
2595 891 2736 960 quod
2767 899 2822 946 et
2851 891 2978 946 velit
3005 901 3060 948 et
3087 895 3284 964 possit,
3313 899 3478 954 rebus

231 977 508 1032 universis
535 983 590 1030 et
621 977 938 1040 essentiam,
991 983 1046 1030 et
1105 985 1404 1047 potestates
1427 1019 1442 1044 ,
1477 985 1532 1032 et
1577 980 1804 1046 formas,
1839 979 2112 1037 luculente
2139 987 2196 1036 et
2229 979 2450 1049 copiose
2473 979 2542 1036 de
2571 981 2754 1050 seipso
2785 981 3016 1054 largitus
3041 985 3134 1040 sit.

979 1071 1054 1124 B’.

279 1163 476 1228 Ὅπως
513 1159 702 1220 αὐτὸν
745 1159 860 1228 πρὸ
907 1161 1110 1248 etiam
1141 1165 1392 1248 κτίσεως
1427 1163 1564 1218 Υίὸν
1589 1165 1738 1218 θεοῦ

743 1233 1048 1302 γεγονέναι
1073 1233 1288 1302 φαμέν.

299 1325 414 1378 Καὶ
435 1323 502 1396 δὴ
533 1323 640 1376 τῶν
672 1323 838 1378 ὄντων
873 1325 1130 1394 ἁπάντων
1153 1327 1378 1400 πρῶτον
1395 1327 1680 1400 ὑφίστησιν
1713 1329 1806 1382 αὐ-

223 1417 324 1472 τοῦ
349 1418 592 1488 γέννημα
613 1417 712 1488 τὴν
733 1419 1072 1489 πρωτότοκον
1095 1421 1304 1490 σοφίαν,
1319 1421 1446 1492 ὃλην
1469 1421 1534 1474 δι’
1547 1421 1669 1474 ὅλου
1691 1437 1806 1474 νοε-

229 1513 358 1584 pay,
391 1511 484 1564 καὶ
507 1509 746 1584 λογικὴν,
773 1511 866 1564 καὶ
901 1513 1192 1582 πάνσοφον,
1225 1513 1422 1586 μᾶλλον
1447 1513 1503 1566 δὲ
1525 1513 1800 1578 amnem,

2573 1073 2732 1146 11,3
2759 1073 2824 1128 ιι.

1907 1164 2364 1232 Quemadmodum
2393 1165 2546 1219 illum
2603 1174 2724 1220 ante
2771 1183 2976 1220 omnem
3025 1179 3326 1224 creaturam
3373 1169 3474 1228 Ρίο

2327 1237 2458 1290 lium
2491 1236 2589 1290 Dei
2623 1237 2786 1302 fuisse
2815 1237 3066 1292 dicimus.

1975 1329 2166 1400 Itaque
2223 1329 2466 1384 omnium
2513 1345 2852 1402 quacunque
2899 1338 3050 1400 sunt,
3099 1331 3266 1388 fetum
3315 1347 3475 1388 suum

1911 1423 2142 1494 primum
2167 1423 2550 1480 subministrat
2575 1463 2591 1490 ,
2623 1423 2800 1495 primo
2829 1425 3068 1496 genitam
3095 1425 3352 1482 videlicet
3387 1443 3478 1482 sa-

1909 1515 2190 1584 pientiam,
2225 1525 2396 1570 totam
2427 1529 2818 1586 usquequaque
2845 1515 3262 1594 intglligentem,
3303 1523 3358 1572 et
3387 1533 3478 1572 ra-

229 1605 324 1658 καὶ
359 1603 668 1672 αὐτολόγον,
705 1605 798 1658 καὶ¹
835 1605 1178 1676 αὑτοσοφίαν·
1206 1607 1298 1660 καὶ
1329 1605 1382 1660 εἴ
1407 1625 1458 1660 τι
1483 1607 1540 1660 δὲ
1569 1607 1802 1662 αὑτόκα-

1909 1607 2164 1662 tionalem
2219 1615 2274 1662 et
2323 1609 2540 1678 penitus
2587 1607 2920 1678 sapientem,
2949 1622 3016 1664 ac
3069 1609 3253 1678 potius
3299 1609 3474 1680 ipsam

227 1693 318 1748 λον
347 1695 440 1748 καὶ
463 1691 796 1764 αὑτοάγαϐον
819 1697 1050 1750 ἐπινοεῖν
1073 1699 1130 1750 ἐν
1149 1699 1422 1770 γεννητοῖς
1439 1699 1616 1768 θέμις.
1645 1696 1804 1750 τοῦτο

231 1787 628 1860 πρίῦτμζαὺτὸς
651 1787 708 1855 ἐξ
737 1787 902 1842 αὐτοῦ
937 1789 1184 1860 θεμέλιον
1205 1791 1310 1844 τῶν
1347 1791 1486 1862 μετὰ
1509 1791 1682 1844 ταῦτα
1709 1807 1796 1858 γε-

227 1881 544 1952 νησομένων
577 1881 956 1958 προϐάλλεεαι,
997 1882 1058 1935 τὸ
1083 1883 1284 1936 τέλειον
1305 1882 1508 1936 τελείου
1541 1881 1803 1954 δημιούρ-

139 1971 170 1982 ’ί
225 1989 404 2042 γημα,
433 1973 532 2025 καὶ
559 1973 720 2040 σοφοῦ
757 1971 916 2040 σοφὸν
949 1973 1407 2044 ἀρχιτεκτὸνημα,
1451 1971 1656 2040 ἀγαθοῦ
1699 1988 1802 2026 πα-

227 2065 352 2134 τρὸς
381 2065 590 2134 ἀγαθὸν
613 2065 876 2138 γέννημα.
909 2067 1018 2120 Καὶ
1041 2065 1093 2118 τί
1119 2065 1228 2138 γὰρ
1255 2066 1402 2132 ἄλλο,
1437 2065 1470 2136 ἦ
1501 2049 1608 2118 τῶν
1647 2065 1804 2136 μετέ-

227 2173 386 2210 πειτα
411 2157 476 2210 τὸ
495 2153 630 2212 εἶναι
657 2157 722 2210 δι’
755 2157 920 2211 αὑτοῦ
941 2159 1232 2224 λαϐόντων,
1262 2161 1570 2230 προστάτην
1595 2161 1688 2214 xui.
1713 2177 1804 2230 κη-

223 2249 446 2320 δεμόνα,
481 2253 700 2322 σωτῆρα
739 2267 794 2303 τε
835 2251 930 2304 καὶ
966 2253 1168 2324 ἰατρὸν,
1199 2253 1292 2306 καὶ
1331 2251 1672 2324 κυϐερνήτην
1702 2253 1802 2322 τῆς

227 2343 334 2396 τῶν
361 2343 502 2397 ὅλων
529 2343 884 2416 δημιουργίας
913 2346 1039 2408 τοὺς
1061 2345 1252 2410 οἴακας
1278 2363 1342 2398 πε
1351 2345 1800 2418 ριδεδραγμένονς

229 2435 392 2488 Ὅθεν
427 2435 654 2500 εἰκότως
683 2437 732 2488 οἱ
760 2437 996 2507 χρησμοὶ
1023 2437 1398 2506 θεολογοῧντες
1435 2437 1566 2490 Θεὸν
1615 2455 1805 2510 γεννη-

227 2525 318 2580 τὸν
347 2526 512 2580 αὐτὸν
536 2527 944 2596 ἀποφαίνουσιν,
979 2527 1054 2590 ὡς
1083 2527 1148 2582 ἂν
1185 2527 1286 2598 τῆς
1311 2529 1686 2600 ἀνεκφρὰστου
1711 2529 1805 2582 καὶ

225 2619 590 2690 ἀπερινοήτου
623 2617 876 2691 θεότητος
919 2617 1076 2690 μόνον
1117 2621 1174 2670 ὲν
1219 2617 1368 2690 αὑτῷ
1419 2619 1652 2690 φέροντα
1705 2619 1804 2691 τὴν

225 2709 432 2770 εἰκόνα,
467 2709 536 2762 δι’
561 2711 628 2778 ἣν
661 2709 756 2762 καὶ
780 2708 910 2761 Θεὸν
953 2703 1092 2762 εἷναί
1133 2727 1190 2762 τε
1225 2710 1384 2764 αὐτὸν
1415 2711 1510 2764 καὶ
1551 2709 1804 2780 λέγεσθαι

223 2799 324 2870 τῆς
356 2799 496 2872 πρὸς
543 2801 602 2854 τὸ
641 2801 854 2872 πρῶτον
891 2799 1262 2870 ἐξομοιώσεως
1299 2802 1482 2874 χάριν,
1527 2803 1702 2876 ταύτῃ
1745 2821 1804 2856 τε

223 2895 388 2948 αὐτὸν
415 2895 614 2962 ἀγαθόν
635 2913 794 2964 φασιν
819 2896 1096 2968 ὑπηρέτην
1126 2897 1262 2968 πρὸς
1283 2897 1376 2950 τοῦ
1407 2899 1656 2971 Σωτῆρος
1675 2901 1806 2952 ὑπο-

1907 1697 2346 1768 intelligentiam,
2379 1697 2550 1768 ipsam
2579 1699 2871 1762 rationem,
2899 1699 3074 1768 ipsam
3097 1700 3420 1770 sapientiam
3457 1719 3474 1757 ι

1903 1804 2122 1844 necnon
2147 1789 2194 1844 si
2223 1787 2356 1860 quid
2381 1789 2560 1860 ipsum
2585 1791 2898 1862 pulchrum,
2931 1791 3220 1862 ipsumque
3271 1792 3474 1848 bonum

1905 1883 2218 1953 excogitare
2249 1883 2304 1936 in
2323 1883 2390 1938 iis
2423 1899 2546 1954 quac
2571 1885 2752 1954 genita
2771 1885 2996 1940 suntfas
3017 1893 3124 1946 est.
3155 1887 3210 1942 id
3237 1887 3472 1956 primum

1905 1975 2020 2045 ipse
2057 1989 2122 2029 ex
2153 1989 2214 2030 se
2247 1974 2366 2044 ipso
2395 1989 2590 2030 eorum
2633 1991 2752 2046 qua:
2803 1975 3034 2046 posthac
3085 1977 3267 2032 futura
3319 1989 3476 2034 erant

1905 2067 2318 2122 fundamentum
2335 2067 2572 2138 praefert,
2592 2067 2894 2138 perfectura
2917 2067 3144 2138 perfecti
3171 2069 3472 2140 opificium,

1905 2160 2166 2230 sapientis
2223 2159 2522 2229 sapientem
2573 2159 3010 2224 fabricationem,
3043 2161 3172 2216 boni
3229 2163 3474 2232 parentis

1905 2257 2100 2312 bonam
2119 2257 2384 2322 sobolem,
2401 2265 2454 2312 et
2471 2257 2728 2328 quidnam
2757 2254 2904 2308 aliud
2935 2255 3100 2310 fuerit
3125 2255 3472 2324 praelaturus,

1903 2365 2068 2420 quam
2091 2349 2242 2404 illum
2275 2347 2450 2420 ipsuin
2473 2363 2662 2404 eorum
2685 2363 2806 2419 qua:
2839 2347 3065 2418 posthac
3089 2361 3184 2416 per
3209 2345 3388 2415 ipsum
3417 2344 3474 2401 id

1901 2439 2046 2510 quod
2079 2447 2208 2494 sunt
2235 2439 2572 2508 acceperint,
2611 2437 2938 2510 perfectum,
2972 2443 3308 2502 curatorem,
3339 2449 3474 2490 con-

1905 2537 2262 2594 servatorem,
2293 2531 2586 2596 medicum,
2637 2529 3062 2600 gubernatorem
3097 2529 3119 2582 ?
3169 2543 3294 2584 eum
3321 2528 3476 2585 vide-

1905 2617 2030 2676 licet
2079 2621 2174 2692 qui
2211 2623 2508 2678 creationis
2535 2621 2776 2676 universi
2825 2619 3194 2692 gubernacula
3235 2633 3480 2690 compre-

1903 2709 2072 2766 hensa
2126 2713 2378 2768 teneret?
2411 2714 2594 2783 itaque
2631 2727 2742 2766 non
2769 2711 3046 2768 immerito
3067 2709 3290 2766 oracula
3321 2711 3476 2765 theo-

1903 2804 2078 2874 logice
2119 2805 2434 2878 loquentia,
2485 2805 2652 2862 Deum
2689 2804 2928 2876 genitum
2973 2804 3124 2860 illum
3165 2803 3472 2869 enuntiarit,

1903 2905 2160 2968 tanquam
2185 2915 2308 2954 eum
2339 2899 2432 2970 qui
2461 2899 2824 2954 elocutionem
2849 2913 3068 2954 omnem
3095 2937 3110 2962 ,
3145 2911 3478 2968 omnemque

179 3043 186 3048 _
223 2989 546 3060 ϐεσλῆσθαι,
571 2989 676 3052 ἶνα,
704 2987 892 3062 ὥσπερ
929 2991 994 3044 δι’
1027 2991 1142 3054 ἐνὸς
1174 2989 1446 3059 πανσόφου
1475 2994 1570 3045 καὶ
1605 2989 1803 3058 ζῶντος

1909 2991 2286 3062 cogitationem
2338 2991 2646 3062 eﬂ'ugientis
2697 2993 2894 3048 divinae
2950 3001 3160 3046 natura:
3213 2993 3367 3048 solus
3419 2993 3474 3046 in

217 3081 490 3152 ὀργάνου,
515 3083 754 3150 τεχνικοῦ
789 3099 848 3135 τε
883 3083 978 3136 καὶ
1005 3083 1426 3154 ἐπιστημονικοῢ
1457 3085 1698 3150 κανόνος,
1736 3083 1806 3138 τά

219 3171 414 3224 πάντα
443 3170 586 3242 αυτῷ
605 3172 970 3236 ἀπευθύνοιτο,
998 3172 1224 3242 σώματα
1249 3174 1384 3245 ὁμοῦ
1403 3175 1494 3228 καὶ
1517 3173 1802 3248 ἀσώματα,

219 3261 456 3334 ἔμψυχά
487 3279 542 3314 τε
601 3265 690 3316 καὶ
733 3265 932 3334 ἄψυχα,
979 3264 1170 3332 λογικά
1215 3265 1310 3318 σὺν
1347 3266 1580 3334 ἀλόγοις,
1637 3267 1804 3338 Ονητά

221 3357 326 3408 σὺν
353 3354 655 3419 ἀῦανάτοις,
691 3355 798 3410 καῖ’
819 3357 872 3410 εἴ
893 3375 944 3409 τι
985 3357 1192 3420 τούτοις
1220 3357 1803 3430 ἓτερον-συνυφὲστηκέ

217 3463 280 3500 τε
313 3449 410 3500 καὶ
455 3449 802 3518 συνόςσανται,
839 3451 934 3504 καὶ
982 3453 1056 3514 ὡς
1089 3451 1190 3522 μιᾷ
1217 3449 1324 3503 τῶν
1363 3451 1500 3504 ὅλων
1552 3451 1800 3521 δυνάμει,

219 3543 304 3596 ἑνί
329 3559 390 3594 τε
416 3541 574 3605 ζῶντι
599 3543 692 3596 καὶ
721 3543 946 3616 ἐμψύχῳ
979 3543 1126 3614 νόμῳ
1161 3561 1220 3596 τε
1255 3545 1348 3597 καὶ
1373 3543 1514 3614 λόγῳ
1547 3545 1605 3596 ἐν
1635 3545 1802 3598 πᾶσιν

221 3633 338 3686 ὗντι
361 3635 458 3686 καὶ
487 3633 572 3688 διὰ
605 3635 820 3690 πάντων
859 3637 1046 3706 ἥκοντι
1093 3633 1160 3688 τὰ
1199 3635 1374 3688 πάντα
1421 3635 1806 3708 συναρμόζοιτο

223 3723 312 3794 ὑφ’
349 3725 432 3776 ἑνί
461 3723 718 3794 πανσόφῳ
743 3723 946 3796 δεσμῷ,
973 3724 1122 3796 αὐτῷ
1161 3723 1226 3796 δὴ
1252 3723 1330 3794 τῷ
1361 3723 1454 3777 τοῦ
1493 3723 1626 3778 Θεοῦ
1660 3725 1802 3796 λόγῳ

221 3831 282 3870 τε
305 3819 404 3870 καὶ
431 3817 598 3888 νόμῳ,
637 3817 974 3890 συναγόμενά
997 3835 1056 3870 τε
1085 3819 1178 3870 καὶ
1205 3817 1557 3888 συνδούμενα.

1907 3082 2088 3150 seipso
2114 3081 2292 3138 fuerat
2323 3083 2638 3154 imaginem,
2669 3091 2892 3156 propter
2921 3099 3086 3154 quam
3137 3083 3306 3140 Deum
3337 3099 3478 3156 quo-

1905 3187 2010 3242 que
2035 3183 2088 3228 et
2115 3189 2236 3230 esse
2265 3175 2416 3229 illum
2447 3187 2500 3230 et
2529 3175 2662 3242 dici,
2703 3176 2824 3246 ejus
2865 3177 3136 3244 videlicet,
3165 3193 3286 3248 quat
3327 3179 3476 3248 quod

1905 3265 2140 3334 primum
2181 3276 2268 3324 est
2301 3267 2488 3334 refert,
2521 3253 2798 3340 expressae
2857 3269 3234 3326 similitudinis
3277 3271 3474 3342 gratia.

1909 3357 2178 3422 Quocirca
2209 3359 2362 3413 illum
2393 3360 2594 3434 bonum
2629 3361 2786 3416 aiunt
2833 3361 3218 3416 administrum
3255 3377 3284 3414 a
3317 3359 3478 3420 Patre

1907 3449 2350 3514 sulfectumesse,
2381 3461 2441 3506 ut
2471 3452 2630 3522 quasi
2657 3469 2752 3524 per
2779 3469 2950 3508 unum
2983 3453 3202 3524 penitus
3231 3453 3474 3524 sapiens,

1909 3543 2208 3613 vivensque
2239 3545 2696 3612 instrumentum,
2729 3545 3176 3616 artificialemque
3199 3561 3264 3601 ac
3297 3545 3477 3602 omnis
3535 3561 3538 3564 '

1869 3699 1874 3706 _
1909 3633 2152 3688 scientia:
2177 3634 2286 3690 vim
2317 3635 2372 3690 in
2389 3651 2450 3690 se
2477 3635 2764 3692 habentem
2793 3635 3059 3706 regulam,
3112 3637 3376 3694 universa
3407 3637 3477 3692 ab

1907 3726 2028 3796 ipso
2059 3737 2400 3802 regerentur,
2433 3735 2544 3782 tam
2575 3741 2808 3798 corpora
2839 3727 2980 3798 ipsa,
3003 3745 3166 3800 quam
3201 3743 3323 3798 quae
3359 3743 3480 3784 cor-

1911 3821 2062 3890 poris
2099 3823 2344 3890 expertia
2373 3829 2524 3888 sunt,
2553 3829 2664 3876 tam
2689 3821 2988 3876 animantia
3015 3837 3178 3892 quam
3211 3821 3474 3886 inanima,

225 3913 338 3960 tam
371 3905 838 3976 rationaliaquam
867 3907 1048 3970 bruta,
1083 3895 1192 3962 tam
1221 3906 1472 3961 mortalia
1514 3921 1676 3976 quam
1711 3905 2060 3972 immortalia,
2133 3923 2198 3962 ac
2237 3909 2284 3964 si
2337 3909 2470 3980 quid
2511 3911 2654 3966 aliud
2689 3927 2796 3966 una
2827 3926 2952 3966 cum
2979 3911 3066 3968 his
3093 3911 3228 3968 exiit
3267 3911 3326 3966 in
3379 3925 3476 3964 na-

225 4009 428 4062 turam,
457 4013 672 4068 unaque
691 3999 1180 4070 quasicontextum
1206 4009 1290 4054 est
1316 4017 1328 4052 :
1357 4013 1568 4052 necnon
1600 4005 1660 4052 ut
1694 3999 1786 4052 uni
1825 4013 2004 4053 rerum
2057 4001 2304 4054 omnium
2333 4003 2612 4072 potestati,
2651 4003 2852 4072 unique
2871 4003 3076 4059 viventi
3139 4009 3304 4073 atque
3357 4001 3478 4056 ani-

231 4101 392 4148 mata:
457 4095 580 4166 legi,
623 4109 686 4148 ac
759 4095 958 4150 rationi
1009 4111 1128 4166 quae
1179 4096 1234 4150 in
1299 4095 1552 4150 omnibus
1611 4102 1778 4160 esset,
1815 4111 2020 4166 perque
2065 4097 2250 4152 omnia
2312 4107 2646 4168 penetraret,
2715 4101 2898 4156 omnia
2953 4097 3328 4162 convenirent,
3375 4093 3478 4152 sub

229 4201 400 4242 unum
431 4185 618 4256 utique
651 4187 886 4256 perfecte
915 4189 1132 4256 sapiens
1163 4187 1462 4250 vinculum,
1497 4186 1674 4256 ipsum
1713 4188 1924 4243 scilicet
1961 4187 2058 4242 Dei
2101 4189 2324 4244 verbum
2357 4189 2642 4262 ipsamque
2665 4191 2856 4260 legem,
2899 4201 3084 4248 coacta
3109 4199 3162 4246 et
3199 4189 3476 4260 colligata.

983 4301 1056 4354 1".

229 4417 356 4470 Ὅτι
401 4413 490 4482 μὴ
538 4415 786 4482 πλείους
835 4413 952 4468 υἱοὶ
1013 4415 1120 4470 τοῦ
1163 4415 1260 4468 ἐπὶ
1315 4413 1556 4468 πάντων
1609 4415 1756 4468 Θεοῦ
1787 4459 1800 4480 ,

293 4487 482 4626 ᾐόνος
501 4485 568 4538 δὲ
597 4481 686 4552 εἷς
719 4486 788 4540 ἐκ
817 4485 962 4540 Θεοῦ
997 4485 1140 4552 Θεὸς
1181 4487 1444 4556 εὐλόγως
1475 4485 1618 4556 ἡμῖν
1657 4487 1804 4556 ἀνη-

369 4573 598 4624 ρειετιιι.

311 4574 598 4626 repserat.

311 4647 464 4710 Ἐνὸς
483 4647 540 4699 δὲ
561 4645 714 4710 ὄντος
751 4645 846 4698 τοῦ
869 4641 1100 4718 Πατρὸς,
1135 4645 1232 4700 ἕνα
1262 4647 1368 4719 χρὴ
1409 4649 1504 4701 καὶ
1533 4647 1624 4702 τὸν
1653 4649 1804 4717 Υίὸν,

227 4739 368 4794 ἁ).λά
397 4739 458 4792 οὐ
489 4739 714 4802 πολλοὺς
739 4735 898 4800 εἶναι,
929 4741 1024 4792 καὶ
1059 4739 1154 4792 ’ἐνα
1195 4735 1396 4792 τέλειον
1431 4739 1588 4810 μόνον
1625 4757 1809 4814 γεννη-

227 4831 322 4884 τὸν
355 4831 488 4884 Θεὸν
525 4833 588 4883 ἐκ
613 4829 766 4894 Θεοῦ,
801 4831 912 4884 ἀλλ’
938 4833 998 4884 οὑ
1031 4831 1266 4896 πλείους.
1307 4833 1394 4886 Ἐν
1428 4831 1536 4904 γὰρ
1567 4833 1806 4890 πλείοσιν

225 4923 484 4996 ἑτερότης
523 4923 672 4976 ἔσται
701 4925 794 4976 καὶ
843 4923 1076 4996 διαφορά
1123 4927 1216 4978 καὶ
1261 4925 1356 4978 τοῦ
1391 4925 1628 4996 χείρονος
1661 4929 1806 4982 εἰσα-

227 5017 405 5086 γωγή.
443 5017 532 5068 Διὸ
553 5015 616 5087 δὴ
651 5011 732 5080 εἷς
769 5015 922 5082 Θεὸς,
953 5016 1073 5081 ἑνὸς
1111 5017 1242 5070 Υίοῦ
1269 5017 1471 5070 τελείου
1510 5019 1604 5072 καὶ
1645 5035 1804 5088 μονο-

225 5107 454 5176 γενοῦς,
489 5107 602 5162 ἀλλ’
635 5109 696 5162 οὐ
745 5109 1002 5162 πλειόνων
1066 5109 1202 5162 Θεῶν
1253 5109 1362 5163 οὐδ’
1415 5109 1548 5162 υἱῶν
1591 5111 1802 5182 πατήρ·

225 5199 358 5252 ἐπεὶ
385 5199 478 5250 καὶ
514 5199 642 5269 μιᾶς
669 5197 836 5268 οὔσης
875 5193 1052 5266 φωτὸς
1077 5195 1284 5261 οὐσίας,
1329 5197 1458 5266 μίαν
1491 5197 1584 5251 καὶ
1615 5195 1714 5268 τὴν
1747 5197 1806 5264 ἐξ

227 5289 396 5344 αὐτοῦ
427 5291 770 5362 γεννωμένην
795 5289 1004 5344 τελείαν
1037 5287 1202 5360 αὐτὴν
1237 5291 1388 5342 πᾶσα
1419 5289 1630 5360 ἀνάγκη
1661 5288 1806 5342 τίθε-

233 5382 378 5438 σθαι.
411 5383 476 5435 Τί
509 5383 618 5454 γὰρ
671 5383 734 5436 ἂν
777 5383 870 5450 καὶ
913 5381 1040 5436 ἀλλο
1073 5381 1317 5452 γέννημα
1353 5381 1526 5450 φωτὸς
1573 5383 1806 5434 ἐπινοεῖν

227 5471 472 5538 δυνατὸν,
513 5471 586 5544 μὴ
612 5473 729 5542 οὐχὶ
762 5473 930 5544 μόνην
957 5473 1056 5544 τὴν
1089 5471 1145 5538 ἐξ
1179 5469 1342 5524 αὐτοῦ
1369 5471 1436 5524 τὰ
1471 5471 1646 5528 πάντα
1673 5471 1808 5543 πλη-

235 5563 428 5634 ροῦσαν
477 5565 568 5616 καὶ
619 5563 1076 5634 καταλάμπουσαν
1125 5562 1370 5628 ἁκτῐνα;
1425 5564 1532 5616 πᾶν
1587 5563 1696 5636 γὰρ
1745 5563 1804 5617 τὸ

233 5655 434 5726 ταύτης
467 5655 742 5728 ἀλλότριον
781 5655 970 5718 σκότος
1005 5655 1068 5709 ἂν
1107 5655 1189 5727 εἰή
1225 5654 1320 5708 καὶ
1359 5655 1418 5708 οὐ
1449 5655 1582 5724 φῶς.
1619 5655 1804 5730 Ταύτῃ

2562 4305 2720 4379 147
2751 4305 2836 4362 ιιι.

1913 4415 2070 4488 Quod
2100 4433 2202 4488 non
2247 4416 2423 4486 plures
2473 4419 2702 4486 supremi
2731 4419 2828 4472 Dei
2859 4419 2980 4488 ﬁlii,
3017 4417 3106 4473 sed
3155 4435 3290 4472 unus
3335 4419 3482 4478 solus

2035 4485 2100 4541 de
2129 4485 2430 4554 DeoDeus,
2464 4485 2588 4558 jure
2613 4507 2644 4542 a
2680 4489 2826 4544 nobis
2849 4485 3126 4560 prazdicari
3159 4493 3346 4546 soleat.

1977 4641 2266 4708 Caeterum,
2299 4659 2425 4698 cum
2479 4661 2622 4702 unus
2671 4647 2744 4700 sit
2803 4645 2986 4712 Pater,
3025 4643 3220 4700 Filium
3263 4659 3480 4714 quoque

1911 4749 2104 4800 unum,
2137 4751 2244 4790 non
2265 4737 2446 4806 plures
2463 4753 2584 4794 esse
2609 4745 2842 4808 oportet,
2875 4753 3150 4808 unumque
3181 4735 3478 4806 perfectum

1909 4829 2086 4884 solum
2117 4829 2360 4900 genitum
2387 4829 2556 4884 Deum
2585 4830 2652 4886 de
2673 4829 2804 4897 Deo,
2835 4844 2946 4884 non
2975 4837 3154 4884 autem
3181 4829 3382 4898 plures.
3417 4825 3478 4882 In

1909 4923 2156 4994 pluribus
2189 4925 2334 4978 enim
2361 4921 2648 4978 diversitas
2681 4921 2784 4976 erit
2809 4937 2874 4976 ac
2895 4921 3218 4984 differentia,
3243 4918 3482 4975 deterio-

1909 5019 2092 5086 risque
2119 5015 2471 5070 introductio.
2523 5013 2702 5081 Quare
2757 5029 2902 5070 unus
2947 5015 3106 5079 Deus,
3158 5011 3322 5068 unius
3351 5009 3480 5066 Filii

1909 5107 2136 5178 perfecti
2169 5115 2332 5178 atque
2365 5107 2534 5172 unici,
2571 5121 2680 5162 non
2723 5107 2976 5178 plurium
3035 5105 3266 5160 deorum
3303 5117 3482 5174 neque

1911 5199 2144 5252 ﬁliorum
2181 5205 2364 5266 pater;
2395 5197 2654 5268 quoniam
2687 5211 2812 5254 eum
2847 5195 3070 5252 luminis
3107 5209 3326 5266 quoque
3373 5185 3492 5248 una

1907 5291 1980 5346 sit
2007 5290 2260 5354 essentia,
2305 5287 2476 5358 ipsam
2507 5289 2634 5344 item
2671 5303 2794 5360 qua!
2823 5301 2888 5342 ex
2917 5303 2984 5342 eo
3013 5293 3324 5357 generetur,
3359 5299 3484 5356 per-

1911 5381 2102 5436 fectam
2133 5395 2294 5434 unam
2327 5397 2548 5450 ponere,
2575 5385 2760 5440 omnis
2791 5379 2934 5450 cogit
2961 5379 3282 5434 necessitas.
3309 5375 3484 5444 Quam

1907 5473 2052 5526 enim
2081 5472 2240 5526 aliam
2267 5479 2524 5540 praeterea
2551 5471 2808 5534 sobolem
2839 5469 3064 5524 luminis
3089 5469 3326 5538 cogitare
3359 5483 3490 5538 pos-

1909 5579 2120 5632 sumus,
2159 5563 2262 5618 nisi
2289 5579 2458 5616 unum
2503 5561 2728 5650 ipsum,
2749 5561 2852 5638 qui
2879 5575 2946 5613 ex
2975 5559 3096 5626 ipso
3116 5555 3498 5626 proficiscitur,

1911 5657 2200 5728 omniaque
2251 5657 2482 5727 complet
2535 5647 2738 5742 atqu,‘3
2791 5655 3046 5722 mnstret,
3069 5647 3312 5702 radium?
3343 5647 3508 5716 Quid-
