3930 6202
448 236 558 299 256

1122 231 1392 293 EU'SEBH
1422 233 1910 295 CHARIENSIS
1942 233 2097 290 OPP.
2142 232 2324 291 PARS
2361 233 2425 289 ll.
2467 262 2539 274 --
2572 227 3070 287 APOlIlGETlCA.

3587 225 3699 281 255

446 355 577 426 quid
615 356 763 413 enim
798 355 872 413 ab
902 354 1007 411 hoc
1041 353 1279 413 alienum
1330 354 1513 421 fuerit,
1543 357 1779 413 tenebra
1824 362 2011 423 erum,

2137 373 2195 410 τοι
2229 357 2323 411 καὶ.
2345 355 2437 409 τοῦ
2469 355 2684 409 πάντων
2718 353 2991 407 ἀνωτάτου
3028 349 3261 421 Πατρὸς,
3300 348 3536 420 ἀρρήτου

448 464 557 507 non
586 448 789 507 lumen.
819 446 1027 507 Idcirco
1051 449 1215 509 etiam
1272 451 1517 522 supremi
1543 451 1785 507 animum
1818 449 2023 506 Paren-

448 539 521 599 tis
548 553 679 593 eum
722 537 907 595 lumen
935 539 1027 603 sit,
1050 540 1195 610 quod
1226 541 1390 597 nullis
1420 538 1599 599 verbis
1636 542 2024 613 comprehendi

448 635 647 699 potest.
680 643 756 685 ne
787 628 967 687 simile
996 630 1217 701 quidem
1244 633 1414 689 ullum
1449 633 1798 704 propriumve
1839 646 2023 688 exem-

449 723 566 791 plar
600 719 790 781 fuerit.
821 730 1019 792 printer
1048 723 1228 793 ipsum
1260 724 1365 781 hoc
1400 726 1603 790 solum,
1632 726 1774 795 quod
1803 724 2023 796 quidem

447 811 626 883 ipsum
668 811 877 879 dicere,
904 816 1038 873 item
1061 817 1129 873 de
1150 816 1310 879 Filio.
1340 816 1423 875 l‘as
1450 820 1569 885 est;
1596 815 1855 888 Splendor
1875 816 2023 872 enim

447 912 531 959 est
556 904 780 962 luminis
813 909 1158 978 sempiterni,
1181 910 1572 980 speculumque
1614 908 2023 967 immaculatum

448 995 646 1051 divinae
682 998 990 1063 evidentiae,
1023 1008 1078 1055 et
1107 1002 1284 1072 imago
1326 1001 1586 1059 bonitatis
1633 1000 1778 1071 ejus.
1803 999 1882 1055 Ex
1916 1014 2027 1070 quo

450 1084 582 1178 illud
610 1086 814 1142 dictum
846 1099 930 1145 est
964 1109 976 1143 :
1016 1109 1036 1142 ι
1075 1091 1177 1157 Qui
1206 1106 1332 1148 cum
1361 1092 1433 1146 sit
1458 1090 1717 1178 splendor
1743 1090 1949 1161 gloriae,
1974 1097 2028 1145 et

449 1177 621 1251 ﬁgura
674 1181 993 1239 substantia:
1034 1182 1239 1252 ejus“.
1294 1202 1314 1237 ο
1360 1183 1628 1239 Caeterum
1692 1196 1723 1237 a
1779 1180 2028 1237 sensibili

444 1271 668 1342 quidem
711 1271 915 1328 lumine
941 1274 1200 1342 splendor
1229 1273 1474 1344 separari
1522 1289 1633 1328 non
1670 1280 1852 1344 potest
1887 1291 1901 1327 :
1932 1270 2028 1327 Fi-

447 1363 556 1419 lius
594 1369 779 1418 auem
818 1380 1071 1421 seorsum
1104 1382 1135 1421 a
1168 1364 1333 1421 Patre
1378 1380 1476 1436 per
1506 1368 1747 1436 seipsum
1772 1364 2031 1420 subsistit

447 1460 504 1510 et
532 1454 755 1509 luminis
780 1455 1003 1525 quidem
1045 1456 1303 1526 splendor
1336 1457 1522 1511 locum
1551 1454 1853 1512 ellicienliae
1887 1452 2030 1509 obti-

448 1554 572 1616 net;
607 1554 664 1601 at
688 1545 861 1604 Filius
891 1549 1037 1604 aliud
1080 1546 1335 1619 quiddam
1366 1563 1535 1620 quam
1583 1546 1886 1605 secundum
1916 1543 2029 1602 ell-

449 1638 704 1694 cientiam
755 1649 859 1707 est,
890 1655 999 1695 non
1060 1657 1156 1713 per
1205 1641 1446 1713 seipsnm
1494 1641 1681 1713 utique
1732 1640 2027 1697 essentiam

2122 449 2213 514 τὸ(
2233 449 2404 513 ὄντος,
2438 447 2590 502 οὐδὲν
2632 448 2730 519 μὲν
2757 445 3063 519 προσφερὲς
3094 440 3244 512 αὐτῷ
3274 440 3381 494 οὐδ’
3408 442 3605 498 οΞμῖον
3630 438 3705 495 ἂν

2121 542 2330 612 γένοιτο
2358 541 2727 613 παράδειγμα,
2759 538 2899 610 πλὴν
2929 539 3054 592 ὅσον
3082 537 3214 592 αὐτὸ
3254 534 3409 589 τοῦτο
3454 536 3638 606 μόνον,
3671 534 3703 588 ό

2121 633 2186 706 δὴ
2216 634 2309 688 καὶ
2340 630 2506 703 φάναι
2558 633 2690 701 περὶ
2742 632 2871 686 Υίοῦ
2910 626 3023 687 οἷόν
3065 645 3154 684 τεο
3206 626 3544 698 ἀπαύγασμα
3584 628 3703 698 γάρ

2121 726 2238 778 ἐστι
2263 723 2438 794 φωτὸς
2465 723 2659 789 ἀϊδίου,
2696 725 2788 778 καὶ
2820 723 3079 794 ἔσοπτρον
3113 719 3441 792 ἀκηλίδωτον
3468 718 3567 789 τῆς
3599 716 3701 773 τοῦ

2122 816 2257 871 Θεοῦ
2309 815 2609 888 ἐνεργείας,
2652 815 2747 870 καὶ
2782 813 2945 868 εἰκὼν
2980 814 3081 884 τῆς
3134 811 3470 881 ἀγαθότητος
3506 809 3696 865 αὐτοῦ.

2122 911 2215 965 Διὸ
2246 908 2491 981 εἴρηταν
2527 927 2545 959 ι
2578 908 2674 968 Ὃς
2703 905 2778 960 ὢν
2802 904 3141 976 ἀπαύγασμα
3163 904 3264 973 τῆς
3291 901 3449 973 δόξης
3480 904 3575 958 καὶ
3600 920 3701 973 χα-

2126 1003 2338 1076 ρακτὴρ
2366 1002 2464 1072 τῆς
2496 1000 2843 1066 ὑποστάσεως
2875 999 3058 1055 αὐτοῦ.
3085 1019 3104 1052 ι
3142 998 3301 1052 Ἀλλά
3329 997 3426 1054 τοῦ
3461 999 3561 1071 μὲν
3614 1001 3703 1053 αἰ-

2127 1093 2324 1166 σθητοῦ
2349 1090 2525 1163 φωτὸς
2576 1092 2941 1166 ἀχώριστοςή
2985 1093 3167 1163 αὐγὴ,
3202 1094 3231 1146 ό
3278 1091 3323 1145 δ’
3372 1091 3500 1157 Υἱὸς
3556 1091 3702 1157 ίδίως

2127 1186 2278 1258 παρά
2299 1186 2392 1239 τὸν
2422 1185 2641 1258 Πατέρα
2672 1184 2794 1239 καθ’
2821 1184 3009 1239 ἑαυτὸν
3052 1185 3339 1256 ἐφέστηκε.
3375 1185 3483 1238 Καὶ
3524 1183 3705 1252 φωτὸς

2132 1279 2229 1350 μὲν
2252 1280 2285 1349 ἠ
2320 1276 2462 1348 αὐγὴ
2496 1276 2680 1348 χώραν
2704 1276 2989 1349 ἐνεργείας
3010 1272 3216 1347 ἐπέχει,
3239 1279 3267 1330 ὁ
3286 1276 3343 1329 δὲ
3366 1275 3493 1340 Υἱὸς
3516 1273 3709 1349 ἔτερόν

2125 1385 2180 1424 τι
2219 1366 2422 1441 ἧκατά
2460 1367 2739 1441 ἐνέργειαν
2776 1367 3064 1439 τυγχάνει,
3098 1366 3220 1421 καθ’
3271 1365 3463 1421 ἑαυτὸν
3509 1366 3709 1420 οὐσιω-

2130 1460 2308 1534 μένος.
2344 1460 2454 1514 Kal.
2484 1459 2703 1531 πάλινή
2739 1460 2837 1531 μὲν
2873 1459 3016 1530 αὐγὴ
3052 1459 3384 1529 συνυπάρχει
3418 1458 3497 1530 τῷ
3541 1458 3707 1527 φωτὶ,

2128 1551 2558 1624 συμπληρωτική
2586 1567 2671 1615 τις
2699 1546 2834 1605 οῦσα
2867 1549 3031 1604 αὐτοῦ
3051 1566 3067 1581 ⁸
3094 1549 3222 1605 ἄνευ
3259 1550 3369 1621 γάρ
3400 1550 3574 1621 αὐγῆς
3605 1550 3710 1603 οὐκ

2129 1639 2196 1695 ἂν
2228 1642 2497 1711 ὑποσταίη
2523 1641 2656 1711 φῶς,
2678 1639 2814 1713 ὁμοῦ
2845 1657 2905 1694 τε
2940 1642 3036 1695 καὶ
3064 1639 3184 1695 καθ’
3212 1641 3344 1694 αὐτύ
3372 1641 3713 1712 συνυφέστη-

449 1737 666 1796 nactus,
696 1727 795 1785 sed
826 1745 855 1784 a
894 1729 1075 1785 Patre.
1116 1729 1330 1787 Rursus
1378 1731 1638 1801 splendor
1680 1730 1845 1787 simul
1881 1729 2028 1785 etsi-

2137 1751 2244 1788 κεν.
2279 1734 2338 1787 '0
2366 1733 2427 1788 δὲ
2456 1733 2646 1806 Πατὴρ
2681 1733 3021 1806 προῦπάρχει
3051 1731 3146 1786 τοῦ
3179 1731 3328 1787 Υίοῦ.
3364 1734 3458 1786 καὶ
3486 1732 3583 1804 τῆς
3614 1748 3711 1800 γε-

449 1819 545 1876 stit
583 1835 709 1876 cum
766 1821 1000 1884 lumine.
1054 1821 1298 1894 illudque
1347 1821 1749 1894 quodammodo
1793 1820 2027 1890 complet

447 1915 599 1987 (nam
634 1915 753 1971 sine
786 1914 1075 1985 splendore
1121 1930 1232 1971 non
1281 1916 1537 1975 consistit
1577 1914 1803 1983 lumen),
1833 1914 2030 1971 simul-

450 2023 561 2079 que
615 2023 739 2063 cum
802 2009 917 2073 illo,
970 2020 1026 2064 et
1073 2010 1371 2066 secundum
1405 2011 1537 2066 illud
1579 2009 1833 2067 subsistit
1866 2027 1880 2063 :
1912 2016 1968 2063 at
1998 2021 2031 2061 a

454 2095 616 2156 Patre
643 2099 814 2156 Filius
845 2100 1111 2173 procedit,
1142 2111 1198 2157 et
1232 2101 1384 2158 illum
1409 2109 1653 2173 generat,
1687 2108 1743 2155 at
1774 2100 1891 2171 ipse
1920 2114 2031 2153 non

452 2193 669 2260 genitus
699 2200 785 2248 est
815 2210 830 2248 :
870 2203 924 2249 et
955 2194 1047 2250 ille
1067 2193 1286 2264 quidem
1318 2209 1416 2266 per
1446 2208 1507 2250 se
1536 2192 1719 2265 ipsum
1755 2190 2031 2264 perfectus

450 2290 530 2339 ac‘
562 2284 771 2354 primus
821 2294 1078 2357 tanquam
1110 2285 1292 2353 Pater,
1323 2297 1377 2343 et
1405 2287 1500 2357 qui
1536 2294 1731 2340 auctor
1757 2285 1830 2341 sit
1855 2292 1915 2339 ut
1944 2281 2032 2338 Fi-

453 2373 560 2429 lius
600 2375 896 2443 consistat,
929 2377 1065 2432 nihil
1118 2391 1149 2431 a
1198 2376 1335 2432 Filio
1386 2377 1683 2446 accipiens,
1712 2391 1820 2446 quo
1875 2390 2031 2433 suam

452 2474 703 2523 naturam
754 2484 862 2538 qua
908 2467 1052 2525 Deus
1100 2476 1184 2524 est
1226 2469 1494 2539 compleat
1531 2488 1546 2525 :
1577 2470 1668 2524 hic
1696 2478 1875 2524 autem
1909 2476 2034 2523 tan-

449 2574 616 2630 quam
651 2576 717 2615 οι
750 2576 917 2616 causa
947 2560 1225 2631 profectus
1253 2560 1445 2626 Filius,
1480 2561 1622 2617 alius
1655 2562 1725 2617 ab
1758 2562 1852 2616 illo
1872 2561 2033 2631 cujus

451 2659 540 2707 est
575 2651 747 2707 Filius
782 2655 1019 2719 exsistit,
1041 2637 1259 2725 quippe
1286 2649 1381 2724 qui
1415 2669 1446 2708 ι
1476 2651 1637 2709 Patre
1676 2661 1737 2709 ut
1777 2662 1831 2710 et
1874 2654 1946 2709 sit
1978 2663 2034 2710 et

453 2743 581 2799 talis
614 2745 684 2800 sit
716 2745 1007 2816 acceperit.
1042 2745 1203 2819 ιω
1230 2744 1444 2801 Rursus
1496 2746 1755 2817 splendor
1808 2746 2030 2818 quidem

454 2848 567 2889 non
598 2850 666 2890 ex
700 2836 981 2908 praposito
1016 2847 1071 2891 et
1095 2836 1373 2891 voluntate
1405 2836 1630 2893 luminis
1654 2835 2035 2909 splendet,sed

455 2928 756 2983 secundum
800 2928 1056 2998 quiddam
1095 2928 1241 2998 quod
1270 2927 1337 2982 ad
1369 2928 1667 2984 essentiam
1711 2928 1860 2984 illius
1890 2927 2036 2984 inse-

458 3018 776 3091 parabilitcr
804 3018 1005 3073 accidit
1036 3037 1051 3073 :
1076 3017 1249 3075 Filius
1280 3035 1412 3076 vero
1434 3035 1503 3077 ex
1532 3020 1802 3075 sententia
1827 3027 1883 3076 et
1914 3034 2038 3091 pro-

459 3112 639 3184 posito
664 3111 842 3182 imago
863 3110 1038 3167 Patris
1067 3112 1303 3169 exsistit.
1328 3111 1529 3168 Volens
1554 3112 1701 3167 enim
1736 3111 1880 3169 Deus
1911 3111 2033 3167 Filii

456 3201 621 3262 Pater
669 3201 905 3264 exsistit.
947 3208 1003 3256 et
1048 3203 1283 3257 alterum
1320 3201 1503 3257 lumen
1542 3201 1597 3256 in
1640 3202 1897 3259 omnibus
1930 3202 2035 3263 sibi

458 3296 565 3369 ipsi
592 3294 772 3353 simile
792 3293 1082 3351 substituit
1111 3314 1125 3348 :
1162 3309 1288 3349 cum
1317 3308 1448 3364 ergo
1476 3310 1589 3349 non
1622 3295 1867 3365 genitum
1893 3311 2038 3352 scm-

456 3390 845 3460 piternumque
864 3386 1046 3442 lumen
1072 3402 1247 3441 unum
1277 3386 1368 3448 sit,
1391 3386 1485 3456 qui
1508 3385 1623 3442 ﬁeri
1648 3393 1829 3457 potest
1853 3397 1909 3442 ut
1935 3387 2040 3443 hoc

460 3481 739 3541 diversum
778 3481 851 3536 sit
879 3480 950 3535 ab
980 3480 1077 3535 illo
1108 3479 1279 3535 veluti
1308 3479 1488 3551 imago
1519 3480 1805 3551 quaedam?
1833 3497 1898 3537 ac
1927 3497 2037 3537 non

456 3573 648 3646 pilius
686 3571 951 3642 splendor
990 3586 1230 3643 quoque,
1270 3570 1420 3642 quod
1460 3587 1614 3643 aeque
1642 3573 1827 3628 lumen
1860 3573 1952 3640 sit,
1983 3574 2040 3628 in

460 3665 719 3721 omnilms
761 3665 1173 3721 similitudinem
1223 3665 1382 3736 primi
1432 3665 1764 3735 exemplaris
1813 3679 2037 3720 conser-

456 3757 637 3815 sans?
664 3757 959 3827 :Quomodo
1018 3776 1146 3817 vero
1203 3760 1351 3816 illius
1398 3759 1527 3816 item
1563 3757 1710 3829 quod
1757 3773 1928 3813 uniuni
1958 3766 2042 3815 est

458 3844 644 3918 imago
688 3848 967 3913 ineritpsi
1004 3866 1115 3905 non
1148 3866 1255 3905 una
1292 3852 1408 3920 ipsa
1438 3864 1660 3920 quoque
1684 3848 1782 3911 sit,
1809 3855 1867 3901 ut
1892 3848 2044 3902 vide-

458 3942 592 3998 licet
610 3959 729 3998 non
758 3944 938 4001 solum
962 3948 1219 4002 essentne
1232 3946 1362 4015 ejus
1380 3945 1525 4016 quod
1553 3945 1787 4015 primum
1814 3952 1918 4010 est,
1946 3943 2041 3999 sed

466 4031 633 4091 etiam
684 4034 805 4104 ejus
857 4036 953 4107 qui
998 4035 1067 4090 ad
1119 4037 1481 4106 quantitatem
1533 4035 1788 4106 pertinet,
1828 4033 2042 4088 numeri

464 4125 878 4183 similitudinem
902 4126 1166 4183 inducat?
1197 4128 1271 4181 ita
1297 4125 1517 4196 quidem
1552 4132 1612 4179 ut
1645 4123 1811 4179 unius
1836 4122 2043 4194 sempi-

460 4219 607 4274 terni
630 4218 855 4276 luminis
876 4237 1044 4276 unum
1078 4221 1151 4277 sit
1180 4220 1480 4292 perfectum
1511 4220 1713 4283 lumen,
1732 4235 1841 4275 non
1863 4227 2045 4274 autem

467 4311 685 4367 diversa
718 4319 773 4367 et
802 4313 978 4383 plura,
1007 4315 1062 4370 id
1106 4313 1253 4385 quod
1290 4312 1527 4384 primum
1551 4320 1606 4367 et
1637 4313 1859 4367 unicum
1888 4310 2044 4384 geni-

2128 1825 2329 1889 νέσεως
2366 1825 2531 1878 αὐτοῦ
2561 1825 2973 1897 προῦφέστηκεν
2995 1865 3010 1889 ,
3117 1825 3276 1895 μόνος
3320 1825 3586 1897 ἀγένητος
3613 1819 3705 1895 ἦν.

2130 1918 2242 1972 Καὶ
2262 1919 2292 1970 ὁ
2321 1918 2419 1988 μὲν
2441 1915 2561 1971 καθ’
2579 1918 2770 1971 ἑαυτὸν
2790 1917 2994 1981 τέλειος
3016 1918 3110 1971 καὶ
3133 1916 3370 1989 πρῶτος,
3394 1915 3471 1980 ὡς
3492 1915 3707 1987 Πατὴρ,

2130 2008 2225 2061 καὶ
2255 2007 2353 2078 τῆς
2405 2006 2498 2061 τοῦ
2534 2005 2662 2060 Υίοῦ
2685 2007 2994 2071 συστάσεως
3035 2006 3235 2070 αἴτιος,
3271 2006 3423 2059 οὐδὲν
3455 2007 3536 2068 εἰς
3568 2021 3711 2075 συμ-

2131 2100 2413 2172 πλήρωσιν
2442 2099 2541 2170 τῆς
2566 2097 2760 2153 ἑαυτοῦ
2793 2097 3042 2170 θεότητος
3074 2098 3222 2170 παρά
3255 2097 3349 2152 τοῦ
3398 2096 3531 2151 Υῑοῦ
3561 2095 3710 2168 λαμ-

2130 2193 2343 2249 ϐάνων
2377 2195 2407 2247 ό
2426 2191 2483 2246 δὲ
2512 2191 2588 2255 ὡς
2619 2188 2681 2256 ἐξ
2713 2190 2885 2244 αἰτίου
2916 2188 3156 2259 γεγονὼς
3190 2189 3336 2254 Υἱὸς,
3364 2188 3620 2260 δεύτερος
3644 2180 3709 2244 οὗ

2130 2290 2279 2342 ἐστιν
2308 2286 2434 2351 Υἱὸς
2456 2284 2781 2355 καθέστηκε,
2805 2283 2954 2356 παρά
2984 2281 3079 2336 τοῦ
3112 2283 3321 2355 Πατρός
3344 2282 3438 2336 καὶ
3469 2282 3534 2335 τὸ
3568 2278 3710 2337 εἶναι

2132 2382 2227 2435 καὶ
2257 2377 2461 2433 τοιόσδε
2489 2373 2625 2431 εἶναι
2659 2376 2914 2447 εἰληφώς.
2949 2375 3058 2429 Καὶ
3085 2374 3246 2428 πάλιν
3273 2376 3305 2446 ἠ
3330 2374 3429 2446 μὲν
3457 2374 3601 2447 αὐγὴ
3643 2374 3711 2429 οὐ

2132 2472 2276 2525 κατά
2302 2468 2619 2543 προαίρεσιν
2648 2465 2743 2521 τοῦ
2760 2467 2935 2536 φωτὸς
2965 2464 3256 2536 ἐκλάμπει,
3276 2464 3420 2519 κατά
3448 2481 3502 2518 τι
3521 2464 3579 2518 δὲ
3610 2465 3712 2537 τῆς

2132 2563 2321 2628 οὐσίας
2356 2560 2700 2633 συμϐεϐηκὸς
2719 2558 3021 2633 ἀχώριστον
3040 2576 3054 2590 σ
3086 2560 3116 2611 ό
3145 2558 3203 2613 δὲ
3240 2559 3363 2623 Υἱὸς
3396 2556 3538 2612 κατά
3565 2556 3711 2626 γνὼ-

2138 2674 2244 2728 μην
2282 2656 2376 2709 καὶ
2409 2653 2728 2727 προαίρεσιν
2761 2651 2924 2706 εἰκὼν
2952 2651 3158 2723 ὐπέστη
3198 2649 3290 2705 τοῦ
3319 2650 3551 2722 Πατρός.
3582 2650 3716 2704 Βου-

2134 2750 2317 2823 mea;
2346 2750 2456 2822 γὰρ
2477 2749 2506 2801 ό
2525 2746 2659 2810 Θεὸς
2686 2745 2908 2815 γέγονεν
2933 2742 3063 2798 Υίοῦ
3086 2746 3294 2817 Πατὴρ,
3316 2745 3411 2798 καὶ
3444 2744 3562 2813 φῶς
3592 2744 3716 2798 δεύ-

2132 2863 2288 2917 τερον
2320 2842 2463 2898 κατά
2483 2843 2657 2896 πάντα
2679 2839 2856 2911 ἑαυτῷ
2887 2838 3314 2910 ἀφωμοιωμένον
3346 2839 3714 2909 ὑπεστήσατο.

2147 2939 2435 3009 ’Λγενὴτου
2480 2932 2766 3006 τοιγαροῦν
2806 2932 2894 2986 καὶ
2936 2931 3109 2981 dmino
3154 2930 3331 3001 φωτὸς
3369 2930 3524 2993 ὄντος
3567 2931 3717 2999 ἑνὸς,

2137 3018 2269 3096 πῶς’
2287 3030 2352 3085 ἂν
2377 3029 2584 3099 γένοιτο
2608 3027 2735 3082 ἄλλο
2759 3021 2953 3089 οῖάτις
2985 3027 3166 3089 εἰκὼν,
3194 3025 3315 3095 οὐχὶ
3333 3022 3389 3077 δὲ
3416 3022 3559 3094 αὐγὴ
3578 3018 3717 3079 οὖσα

2139 3124 2257 3196 φῶς
2279 3123 2420 3178 κατά
2439 3122 2617 3176 πάντα
2635 3120 2696 3173 τὸ
2716 3120 2953 3192 ἐμφερὲς
2976 3118 3048 3190 τῷ
3070 3116 3408 3190 πρωτοτύπῳ
3432 3116 3679 3182 σώζουσα
3698 3133 3718 3183 ;

2136 3216 2258 3281 πῶς
2287 3216 2332 3270 δ’
2368 3215 2433 3270 ἂν
2477 3217 2573 3269 καὶ
2616 3212 2782 3268 αὐτοῦ
2811 3212 2905 3266 τοῦ
2938 3212 3055 3275 ἑνὸς
3083 3211 3167 3282 εἴη
3197 3208 3382 3275 εἰκὼν,
3423 3210 3471 3263 εί
3509 3209 3583 3279 μὴ
3620 3208 3719 3279 μία

2138 3310 2231 3364 καλ⁸
2281 3310 2314 3380 ἡ
2371 3307 2508 3378 αὐτῆ
2552 3301 2715 3371 οῦσας
2748 3305 2895 3368 ὅπως
2933 3302 3007 3375 μὴ
3042 3303 3202 3374 μόνον
3260 3301 3361 3371 τῆς
3403 3300 3593 3363 οὐσίας
3624 3298 3716 3352 τοῦ

2139 3403 2377 3477 πρώτου,
2421 3402 2556 3457 άλλά
2590 3401 2685 3455 καὶ
2725 3400 2817 3455 τοῦ
2863 3399 3001 3453 κατὰ
3043 3398 3105 3451 τὸ
3138 3396 3303 3451 ποσὸν
3350 3394 3584 3468 ἀριθμοῦ
3618 3393 3719 3466 τὴν

2138 3498 2396 3570 ὁμοίωσιν
2425 3495 2702 3564 ἐπάγοιτο,
2738 3493 2869 3547 ὥσθ’
2900 3493 3018 3557 ἑνὸς
3036 3489 3172 3546 εἶναι
3201 3489 3293 3544 τοῦ
3336 3489 3508 3544 ἀϊδίου
3540 3488 3722 3560 cst-ito;

2140 3590 2199 3645 ἓν
2226 3591 2285 3644 τὸ
2313 3589 2539 3654 τέλειον,
2568 3587 2684 3642 ἀλλ’
2715 3586 2776 3640 οὐ
2821 3585 3052 3657 διάφορα
3082 3583 3177 3637 καὶ
3206 3581 3374 3635 πολλά
3401 3582 3462 3634 τὸ
3499 3580 3722 3652 πρῶτον

2141 3686 2235 3740 καὶ
2265 3682 2549 3756 μονογενὲς
2592 3681 2842 3750 ἔκγονον,
2887 3678 3016 3733 αὐτὸ
3055 3677 3118 3750 δὴ
3160 3678 3337 3730 έκεῖνο
3366 3675 3428 3728 τὸ
3457 3674 3552 3727 καὶ
3584 3676 3725 3744 ἡμῖν

2143 3776 2355 3848 πρῶτον
2385 3773 2524 3847 μετά
2553 3774 2653 3847 τὴν
2686 3772 2922 3843 ἄναρχον
2951 3770 3045 3824 xal
3090 3768 3352 3838 ἀγένητον
3379 3765 3565 3820 οὐσίαν
3600 3764 3725 3819 θεοο

2141 3869 2465 3941 λογούμενον
2492 3867 2693 3922 τέλειον
2721 3865 2946 3936 ἀγαθόν.
2988 3863 3125 3917 Ἕνα
3150 3860 3282 3931 γοῦν
3318 3860 3421 3931 χρὴ
3461 3858 3582 3922 ἑνὸς
3612 3858 3725 3912 lla-

2143 3962 2267 4036 τρός
2298 3963 2394 4015 καὶ
2420 3960 2513 4014 τὸν
2555 3959 2683 4013 Υίδν
2715 3955 2869 4012 εἶναι.
2917 3957 3027 4010 Καὶ
3071 3953 3180 4026 γάρ
3224 3955 3352 4026 μιᾶς
3387 3951 3622 4017 εὐωδίας
3664 3951 3723 4020 ἐξ

2145 4056 2510 4128 ὑποκειμένης
2551 4054 2693 4117 τινὸς
2742 4050 3035 4123 προϊούσης
3065 4046 3253 4111 οὐσίας
3303 4045 3431 4119 μίαν
3481 4046 3575 4099 καὶ
3625 4046 3725 4115 τὴν

2146 4148 2317 4217 αὐτὴν
2344 4146 2716 4219 προχεομένην
2741 4144 2924 4216 ἡδεῖαν
2946 4143 3024 4206 είς
3058 4139 3264 4203 πάντας
3292 4137 3484 4210 ὀδμὴν,
3518 4136 3638 4191 ἀλλ’
3662 4138 3723 4191 οὐ

2147 4240 2434 4313 διαφόρους
2473 4240 2566 4293 καὶ
2607 4236 2808 4301 πολλὰς
2861 4236 3126 4309 προσήκοι
3167 4234 3234 4288 ἂν
3273 4232 3577 4304 ὁμολογεῖν.
3616 4230 3725 4285 Τοῦ

2147 4333 2284 4404 δῆτα
2306 4330 2524 4404 πρώτου
2558 4332 2653 4385 καὶ
2679 4331 2838 4403 μόνου
2876 4326 3106 4398 ἀγαθοῦ,
3139 4327 3168 4382 ὃ
3201 4328 3347 4381 ἐστιν
3385 4327 3413 4380 ὁ
3446 4322 3727 4396 παμϐασι-

470 4410 607 4467 tum,
633 4400 946 4472 editumque
985 4415 1090 4470 est,
1128 4404 1305 4474 ipsum
1349 4403 1537 4475 utique
1581 4401 1715 4457 illud
1747 4401 2036 4474 perfectum

2147 4400 2270 4490 λε’ὐς
2288 4400 2442 4490 Θεὸς,
2470 4423 2545 4495 νῷ
2573 4425 2666 4478 καὶ
2682 4400 2890 4495 διανοίᾳ
2910 4420 3122 4493 ληπτὴν
3156 4419 3338 4474 ἔνθεον
3363 4419 3456 4474 irai.
3488 4416 3725 4489 ζωτικὴν

468 4492 695 4557 bonum,
729 4492 796 4549 de
843 4510 954 4565 quo
994 4510 1107 4551 uno
1150 4510 1252 4550 nos
1281 4509 1522 4565 quoque,
1554 4501 1676 4565 post
1697 4509 1817 4550 eam
1840 4510 1963 4564 quae
1993 4504 2048 4548 et

468 4584 757 4658 principio,
780 4592 834 4641 et
861 4594 984 4641 ortu
1014 4595 1164 4643 caret
1184 4586 1507 4650 essentiam,
1544 4594 1605 4640 ut
1634 4584 1703 4641 de
1732 4584 1841 4640 Deo
1871 4585 2049 4655 loqui-

468 4696 612 4737 mur.
655 4679 827 4737 Unius
873 4696 1003 4752 ergo
1034 4681 1210 4737 Patris
1240 4696 1409 4739 unum
1443 4696 1566 4737 esse
1588 4678 1784 4735 Filium
1806 4687 2042 4752 oportet.

471 4775 606 4832 Nam
648 4775 698 4831 si
754 4773 1064 4846 fragrantia:
1092 4788 1264 4845 genus
1292 4789 1460 4828 unum
1487 4790 1555 4829 ex
1584 4773 1766 4845 aliqua
1794 4774 2046 4845 subjecta

471 4887 532 4928 re
554 4867 964 4942 proﬁciscatur,
996 4880 1165 4922 unum
1208 4881 1426 4937 quoque
1457 4874 1513 4922 et
1547 4866 1821 4931 eumdem,
1846 4866 1938 4935 qui
1991 4866 2045 4920 in

468 4978 660 5020 omnes
688 4960 1028 5017 diffundatur
1056 4973 1277 5015 suavem
1309 4959 1556 5021 odorem,
1586 4973 1695 5013 non
1723 4958 1971 5013 diversos
1992 4964 2047 5013 et

470 5054 658 5124 plures
690 5050 854 5107 lateri
887 5065 991 5123 par
1019 5057 1124 5106 est.
1151 5047 1290 5104 Cum
1330 5048 1498 5119 igitur
1526 5048 1761 5119 primum
1792 5046 1924 5102 illud
1955 5061 2048 5102 so-

460 5145 695 5216 ’lumque
733 5143 958 5207 bonum,
983 5141 1076 5213 qui
1104 5150 1189 5197 est
1210 5141 1457 5195 omnium
1484 5151 1744 5211 regnator
1772 5139 1934 5203 Deus,
1966 5140 2049 5195 di-

476 5237 653 5292 vinam
679 5237 1012 5308 vitalemque
1040 5234 1418 5306 fragrantiam,
1456 5249 1579 5306 qua:
1596 5234 1782 5288 animo
1811 5239 1868 5288 et
1896 5230 2050 5302 cegi-

472 5329 677 5385 tntione
722 5328 988 5387 duntaxat
1036 5327 1424 5400 comprehendi
1475 5334 1672 5400 potest,
1708 5324 2046 5396 produxerit,

480 5435 640 5476 unam
662 5423 805 5479 hanc
856 5423 943 5481 fas
987 5433 1072 5480 est
1106 5422 1428 5495 intelligere,
1470 5423 1655 5495 plures
1686 5420 1875 5477 *nel’as.
1906 5419 2048 5488 Quid

473 5515 620 5571 enim
642 5533 768 5573 esse
799 5527 997 5590 potest,
1025 5519 1170 5592 quod
1196 5518 1414 5593 quidem
1437 5518 1505 5575 ab
1524 5517 1629 5573 hac
1656 5515 1932 5574 diversum
1955 5514 2048 5584 sit,

535 5724 587 5761 ⁸ο
616 5717 781 5780 llcbr.
818 5736 854 5787 l,
876 5721 929 5775 3.

2148 4518 2376 4573 εὐωδίαν
2390 4515 2858 4586 ύποστησαμένου,
2879 4513 3006 4586 μίαν
3025 4512 3248 4584 ταύτην,
3272 4510 3386 4565 ἀλλ’
3414 4510 3475 4564 οὐ
3505 4510 3728 4574 πλείους

2148 4611 2384 4665 ἐπινοεῖν
2412 4609 2586 4682 θέμις.
2623 4608 2687 4662 Τί
2711 4609 2823 4679 γὰρ
2849 4608 2914 4661 ἂν
2951 4607 3046 4660 καὶ
3080 4607 3289 4676 γένοιτο
3316 4603 3520 4673 ταύτης
3538 4603 3727 4674 ἕτερον

2150 4701 2292 4757 κατά
2332 4702 2510 4756 πάντα
2538 4700 2616 4772 τῷ
2648 4700 2823 4772 Πατρὶ
2850 4698 3307 4769 ἀφωμοιωμένης,
3343 4698 3389 4749 εί
3426 4697 3500 4768 μή
3528 4711 3581 4748 τι
3619 4695 3730 4767 ἀρα

2150 4792 2491 4863 ὐποδεϐηκδς
2522 4792 2618 4845 καὶ
2665 4794 2877 4862 χεῖρον;
2911 4789 2940 4842 ὃ
2978 4787 3229 4860 οὐδαμῶς
3269 4791 3402 4860 ἡμῖν
3434 4788 3493 4840 ὲν
3536 4788 3602 4858 τῇ
3631 4785 3729 4840 τοῦ

2152 4884 2282 4940 Υἱοῦ
2316 4884 2564 4957 θεολογίᾳ
2606 4882 3022 4956 παρεισάκτέον.
3085 4882 3275 4953 Ἀτμὶς
3312 4882 3420 4955 γάρ
3463 4884 3580 4936 ἐστι
3625 4881 3733 4954 τῆς

2149 4978 2244 5034 τοῦ
2266 4978 2404 5032 θεοῦ
2426 4979 2725 5050 δυνάμεως,
2756 4979 2850 5031 καὶ
2881 4977 3149 5049 ἀπόρροια
3174 4977 3271 5047 τῆς
3296 4975 3389 5030 τοῦ
3419 4974 3732 5047 παντοκρά-

2150 5089 2307 5145 τορος
2333 5070 2489 5143 δόξης
2522 5071 2837 5144 εἰλικρινής.
2870 5069 2958 5137 Ἐξ
3003 5068 3233 5133 εὐώδους
3269 5070 3366 5140 μὲν
3394 5067 3503 5139 γὰρ
3537 5064 3731 5138 σώμα-

2150 5183 2263 5230 τος,
2291 5164 2463 5237 μύρου
2491 5163 2633 5227 τινος
2665 5163 2820 5234 φέρε,
2851 5161 2885 5233 ἢ
2919 5162 3012 5215 καὶ
3039 5160 3146 5214 τῶν
3180 5160 3290 5216 ἀπὸ
3326 5161 3430 5233 γῆς
3454 5157 3732 5230 ἀκμαζόν-

2151 5274 2281 5323 των,
2310 5254 2515 5327 εὐὼδης
2545 5272 2626 5320 τις
2661 5253 2836 5308 ἀνθῶν
2867 5271 2927 5307 τε
2955 5255 3051 5308 καὶ
3072 5254 3380 5326 ἀρωμάτων
3410 5252 3546 5323 πνοὴ
3576 5252 3731 5323 παρά

2154 5349 2215 5403 τὺ
2248 5348 2463 5421 πρῶτον
2504 5347 2858 5419 ὑποκείμενον
2889 5349 2968 5412 είς
3006 5347 3151 5402 ἅπαν
3189 5346 3251 5400 τὸ
3277 5345 3435 5410 ὲκτὺς
3473 5344 3735 5416 περιέχον

2157 5443 2461 5511 προχεῖται,
2493 5442 2586 5494 καὶ
2635 5439 2832 5512 πληροῖ
2864 5456 2928 5509 γε
2959 5439 3053 5494 καὶ
3098 5438 3190 5493 τὸν
3236 5439 3377 5512 ἀέρα
3418 5440 3498 5502 εἰς
3529 5437 3736 5505 πλάτος

2156 5533 2523 5605 ἀναχεομένη,
2573 5532 2810 5605 οὐτηπω
2848 5533 2988 5588 κατά
3032 5531 3350 5606 στέρησινῆ
3386 5531 3644 5603 μείωτινν
3698 5531 3737 5603 ἦ
