3930 6202
225 262 339 317 257

1104 245 1754 315 nmroxSrnmoms
1790 257 2250 316 annosum
2293 260 2422 315 LIB.
2467 259 2560 316 Iv.

3347 256 3453 317 258

220 381 422 451 τομὴν,
453 380 486 451 ἢ
518 379 779 452 διαίρεσιν
806 381 896 434 τοῦ
937 379 1417 452 προϋποκειμένου.
1446 379 1646 432 Τούτου
1678 379 1783 450 γὰρ

1888 393 2007 448 quae
2030 378 2084 432 in
2117 379 2371 433 omnibus
2399 378 2545 433 Patri
2570 379 2763 435 similis
2785 386 2889 443 est,
2919 379 3062 450 quod
3094 395 3202 434 non
3219 373 3458 434 submis—

220 475 282 526 ὲν
331 472 513 543 οἰκείᾳ
549 471 700 543 χώρᾳ
739 473 1001 542 μένοντος,
1053 473 1146 524 καὶ
1198 473 1295 542 τὴν
1324 471 1620 541 ταυτότητα
1653 471 1787 542 πρὸς

219 562 385 618 Moto
411 561 688 627 σώζοντος,
721 565 817 633 τήν
840 580 894 615 τε
916 562 1083 633 εὐώδη
1107 562 1331 633 δύναμιν
1365 563 1786 630 ἀπογεννῶντος,

220 654 379 708 οὐδὲν
401 653 494 706 τοῦ
527 653 786 724 προτέρου
817 656 1013 724 χεῖρον,
1035 655 1126 706 καὶ
1147 655 1207 706 το
1229 653 1563 725 γεννώμενον
1594 653 1790 717 εὑῶδες

220 744 431 799 οἰκείαν
447 744 566 814 ἕχον
591 745 904 806 ὑπόστασιν,
927 745 1001 808 ὼς
1023 745 1104 798 ὅτι
1126 745 1354 816 μάλιστα
1377 745 1435 797 τὸ
1481 744 1788 814 ὁμοιότατον

217 840 288 909 τῇ
308 836 407 890 τοῦ
441 837 793 906 γεννήσαντος
823 835 1000 904 φύσει,
1033 837 1119 890 διὰ
1153 837 1252 906 τῆς
1287 837 1492 899 οἰκείας
1515 837 1788 906 ἀπομεμι-

226 947 414 1000 μηται.
435 929 578 998 Πλὴν
605 929 716 981 ἀλλ’
735 929 812 980 ἔτι
833 929 998 981 ταῦτα
1017 926 1190 999 γεώδη
1217 929 1308 982 καὶ
1339 928 1504 998 θνητὰ
1526 930 1618 981 καὶ
1650 929 1787 999 μέρη

222 1021 322 1090 τῆς
343 1022 493 1073 κάτω
521 1018 836 1090 φθοροποιοῦ
869 1021 962 1072 καὶ
989 1019 1218 1088 γεώδους
1243 1020 1471 1089 φύσεως.
1490 1020 1568 1072 Τά
1596 1036 1656 1087 γε
1683 1021 1786 1090 μὴν

221 1114 321 1183 τῆς
371 1112 732 1183 προκειμένης
791 1114 922 1183 ἡμῖν
974 1112 1247 1181 θεολογίας
1289 1113 1541 1165 ἐπέκεινα
1589 1114 1786 1177 παντὸς

221 1203 353 1256 ὄντα
388 1201 820 1272 παραδείγματος
861 1201 1013 1254 οὐδὲν
1051 1201 1146 1272 μὲν
1175 1197 1284 1255 οἷον
1316 1203 1382 1254 τὰ
1424 1205 1486 1254 ὲκ
1522 1203 1784 1272 σωμάτων

224 1297 510 1364 ἐπάγεται,
529 1294 756 1368 ὀξυτάτῃ
777 1295 831 1347 δὲ
859 1294 1064 1365 διανοίᾳ
1099 1295 1424 1364 φαντάζεται
1445 1296 1569 1349 Υίὸν
1592 1313 1784 1366 γεννηα

223 1387 316 1439 τὸν
337 1426 352 1448 ,
379 1388 437 1438 οὐ
471 1386 679 1457 χρόνοις
717 1387 813 1456 μέν
843 1403 981 1440 τισιν
1009 1388 1108 1440 οὐκ
1140 1387 1264 1440 ὂντα
1283 1427 1297 1448 ,
1326 1387 1547 1460 ὕστερον
1571 1385 1626 1442 δέ
1656 1405 1784 1442 ποτε

222 1478 506 1546 γεγονότα,
538 1476 670 1530 ἀλλὰ
704 1478 808 1548 πρὸ
843 1477 1046 1550 χρόνων
1076 1478 1306 1532 αἰωνίων
1334 1479 1480 1543 ὅντα,
1514 1480 1608 1533 καὶ
1649 1498 1782 1552 προ-

222 1572 378 1632 όντα,
403 1570 492 1622 καὶ.
515 1568 590 1639 τῷ
620 1570 792 1640 Ha.th
820 1569 894 1632 ὡς
920 1569 1046 1622 Υἱὸν
1069 1569 1153 1622 διὰ
1183 1570 1380 1634 παντὸς
1411 1573 1651 1637 συνόντα,
1690 1575 1784 1627 καὶ

223 1661 325 1716 οὒκ
356 1661 641 1731 ἀγέννητον
667 1662 812 1723 ὄντα,
841 1661 1172 1732 γεννώμενον
1200 1663 1243 1715 δ’
1275 1663 1332 1726 ἐξ
1354 1664 1646 1735 ἀγεννήτου
1673 1666 1782 1718 Πα-

1894 468 2010 522 sius
2045 468 2116 521 sit
2145 482 2209 522 ac
2234 467 2510 523 deterius?
2533 469 2676 539 quod
2705 472 3022 542 neutiquam
3059 471 3217 524 nobis
3247 472 3300 523 in
3335 469 3456 526 Filii

1891 557 2161 628 theologia
2189 557 2672 626 introducendum;
2703 577 2872 632 vapor
2923 563 3067 617 enim
3111 570 3195 616 est
3238 563 3458 617 virtutis

1891 647 2008 711 Dei,
2036 635 2109 700 .ac
2151 646 2442 701 deﬂuentia
2483 664 2628 703 mera
2656 650 2842 720 gloriae
2871 649 3290 719 Omnipotentis.
3321 651 3455 706 Nam

1889 755 1952 793 ex
2004 739 2140 793 bene
2189 739 2352 792 olenti
2397 754 2646 808 corpore,
2681 743 2830 795 verbi
2854 744 3049 812 gratia,
3082 758 3145 797 ex
3181 753 3456 812 unguento

1889 832 2090 900 aliquo,
2124 839 2217 884 aut
2271 831 2432 884 etiam
2482 847 2550 886 ex
2593 831 2818 888 ﬂoribus
2867 843 3029 903 atque
3055 836 3451 902 odoramentis,

1889 936 2008 990 qua:
2035 921 2103 975 de
2131 928 2276 974 terra
2305 932 2627 986 nascuntur,
2659 925 2795 979 bene
2828 925 2981 979 olens
3009 927 3231 995 quidam
3272 924 3452 992 ﬂatus,

1886 1019 2082 1080 praeter
2130 1013 2260 1065 illud
2309 1014 2542 1082 primum
2602 1015 2908 1083 subjectum
2960 1033 3178 1088 corpus.
3210 1019 3264 1072 in
3296 1035 3455 1074 omne

1887 1105 2030 1173 quod
2049 1103 2390 1160 extrinsecus
2421 1107 2610 1170 ambit,
2641 1107 3017 1176 profunditur;
3048 1123 3110 1163 ac
3139 1112 3264 1164 dum
3293 1112 3454 1166 latius

1885 1199 2212 1263 refunditur,
2247 1201 2422 1270 ipsum
2459 1217 2674 1273 quoque
2697 1215 2874 1257 aerem
2905 1207 3158 1276 complet,
3185 1223 3288 1260 non
3324 1223 3454 1262 sane

1886 1293 2188 1360 privatione
2240 1293 2442 1361 aliqua,
2493 1302 2586 1347 aut
2622 1294 2999 1358 diminutione,
3049 1306 3144 1350 aut
3194 1299 3452 1362 sectione,

1886 1386 1980 1434 aut
2019 1380 2288 1433 divisione
2331 1382 2474 1449 ejus,
2533 1381 2676 1451 quod
2733 1382 2965 1451 primum
3021 1383 3327 1449 subjectum
3373 1391 3459 1438 est

1885 1472 2152 1542 corporis.
2195 1469 2298 1526 Sed
2351 1473 2442 1526 illo
2488 1481 2742 1528 manente
2811 1475 2864 1527 in
2929 1475 3149 1544 propria
3205 1477 3354 1540 sede,
3403 1485 3458 1529 et

1884 1563 2128 1618 eamdem
2177 1577 2343 1630 penes
2395 1580 2454 1619 se
2495 1571 2858 1620 conservante
2902 1573 3175 1628 naturam,
3210 1566 3457 1636 fragran-

1885 1653 2126 1722 tiamque
2182 1655 2326 1708 illam
2385 1667 2704 1724 procreante
2747 1673 2758 1708 :
2802 1655 2971 1709 nihilo
3029 1655 3268 1710 deterius
3309 1656 3457 1725 prio-

223 1742 384 1825 «πρὸς,
427 1755 683 1824 μονογενῆ
715 1753 872 1815 ὄντα,
908 1755 1078 1822 Λόγον
1121 1755 1214 1807 καὶ
1253 1754 1384 1808 Θεὸν
1417 1757 1481 1808 ἐκ
1511 1755 1644 1809 Θεοῦ
1665 1774 1677 1786 ·
1717 1759 1776 1810 οὐ

1888 1769 1958 1816 re,
2000 1754 2178 1823 ipsum
2235 1770 2452 1826 quoque
2516 1755 2659 1823 quod
2727 1763 3045 1822 procreatur
3111 1754 3248 1808 bene
3305 1755 3460 1809 olens

223 1845 366 1899 κατὰ
390 1845 666 1898 διάστασιν
694 1845 726 1916 ἢ
753 1845 923 1914 τομὴν
953 1845 986 1916 ἢ
1016 1844 1274 1916 διαίρεσιν
1311 1847 1374 1898 ὲκ
1408 1846 1508 1916 τῆς
1540 1847 1630 1899 τοῦ
1666 1848 1779 1900 Πα-

222 1937 350 2010 τρὸς
382 1937 569 1999 οὐσίας
594 1935 1054 2006 προὸεϐλημένον,
1095 1938 1347 2009 ἀρρήτως
1377 1937 1432 1989 δὲ
1466 1938 1558 1990 καὶ
1593 1939 1778 1991 ἀνεπι-

221 2027 486 2096 λογίστως
505 2030 637 2098 ἡμῖν
657 2027 715 2091 ἐξ
740 2026 952 2089 αἰῶνος,
981 2026 1174 2097 μᾶλλον
1197 2028 1252 2080 δὲ
1276 2027 1380 2099 πρὸ
1413 2028 1626 2080 πάντων
1653 2027 1782 2081 αἰὼ-

222 2136 363 2181 νων,
413 2121 478 2170 ὲκ
525 2119 620 2188 τῆς
663 2117 754 2170 τοῦ
805 2117 1016 2186 Πατρὸς
1051 2117 1424 2187 ἀνεκφράστου
1463 2119 1556 2170 καὶ
1587 2119 1782 2190 ἀπερι-

221 2212 414 2280 νοήτου
473 2208 666 2280 βουλῆς
716 2225 774 2260 τε
832 2211 926 2261 καὶ
984 2209 1262 2278 δυνάμεως
1311 2207 1657 2278 οὑσιοῦμενον
1705 2209 1781 2260 δι-

223 2299 507 2354 δάσκοντα.
563 2301 712 2371 «Τὴν
755 2300 944 2368 γενεὰν
985 2280 1092 2369 γάρ
1135 2299 1330 2363 αὐτοῦ,
1363 2319 1381 2350 ι
1437 2302 1599 2369 φησὶ,
1653 2319 1671 2350 ι
1698 2300 1782 2364 τίς

223 2395 570 2464 διηγήσεταις
603 2413 622 2444 ι
657 2393 770 2454 καὶ,
808 2412 825 2444 ι
858 2393 1066 2462 Ὥσπερ
1089 2392 1262 2455 οὐδεὶς
1291 2391 1431 2460 ἔγνω
1450 2391 1540 2444 τὸν
1563 2392 1781 2462 Πατέρα

223 2491 270 2543 ei
306 2488 382 2561 μὴ
425 2491 453 2541 ὁ
483 2489 642 2552 Υἱὸς,
669 2487 810 2540 οὕτω
842 2489 934 2540 καὶ
961 2487 1048 2541 τὸν
1093 2487 1218 2539 Υἱὸν
1258 2486 1430 2549 οὐδεὶς
1459 2485 1597 2555 ἔγνω
1629 2487 1676 2539 εί
1707 2486 1782 2557 μὴ

225 2580 384 2649 μόνος
413 2581 441 2631 ό
467 2581 731 2651 γεννήσας
755 2579 915 2633 αὑτὸν
944 2579 1150 2650 Πατήρ.
1185 2595 1204 2628 ι
1244 2619 1250 2626 .

1883 1853 1936 1900 οι
1989 1846 2234 1916 fragrans
2273 1861 2476 1916 genus,
2515 1861 2637 1899 cum
2677 1848 2949 1917 propriam
3015 1846 3212 1901 habeat
3273 1847 3457 1902 sedem

1885 1947 2047 2008 atque
2078 1947 2348 2000 naturam,
2372 1939 2474 1992 hac
2504 1939 2642 2008 ipsa,
2663 1954 2824 2008 quam
2858 1940 3092 1992 maxime
3119 1938 3230 1993 ﬁeri
3256 1947 3456 2008 potest,

1891 2032 1944 2086 id
1965 2032 2106 2099 quod
2135 2031 2468 2085 simillimum
2501 2031 2569 2085 sit
2598 2038 2802 2082 natura:
2819 2030 3174 2097 procreantis,
3193 2031 3456 2085 imitatur.

1892 2125 2054 2197 1&9
2083 2121 2277 2178 Verum
2315 2125 2425 2178 haec
2459 2122 2674 2192 quidem
2706 2129 2919 2175 terrena
2970 2130 3026 2174 et
3081 2123 3329 2174 mortalia
3351 2163 3366 2186 ,
3399 2130 3454 2176 et

1885 2216 2161 2270 inferioris
2192 2223 2396 2268 natura:
2425 2229 2546 2282 qua:
2577 2210 2963 2281 corrumpendi
3005 2210 3111 2262 vim
3159 2209 3354 2276 habet,
3395 2225 3459 2264 ac

1885 2313 2098 2360 terrena
2129 2317 2232 2366 est,
2264 2307 2540 2374 particula:
2562 2305 2828 2373 quzedam.
2868 2301 2999 2367 Quae
3020 2310 3199 2355 autem
3232 2302 3299 2355 ad
3332 2318 3460 2371 pro-

1884 2398 2116 2468 positam
2141 2412 2170 2450 a
2201 2397 2360 2450 nobis
2393 2396 2710 2464 theologiam
2745 2395 3036 2463 pertinent,
3075 2403 3197 2446 cum
3242 2406 3458 2444 omnem

1887 2489 2118 2558 exempli
2181 2489 2640 2558 comparationem
2693 2495 3054 2553 exsuperent,
3124 2484 3258 2537 nihil
3315 2485 3456 2546 tale,

1889 2579 2048 2648 quale
2074 2595 2138 2632 ex
2175 2579 2496 2648 corporibus
2532 2583 2736 2640 manat,
2767 2593 2876 2646 pra:
2909 2591 2966 2630 se
2995 2576 3208 2642 ferunt;
3241 2573 3336 2629 sed
3364 2589 3455 2628 eoo

223 2673 469 2742 gitationi
527 2673 894 2728 solertissima:
939 2672 1278 2736 intuendum,
1344 2671 1500 2741 quasi
1537 2671 1590 2725 in
1631 2673 1850 2741 speculo
1882 2676 2142 2742 praebent,
2184 2672 2487 2742 docentque
2519 2685 2639 2725 esse
2687 2669 2924 2733 Filium,
2966 2671 3056 2739 qui
3105 2670 3320 2738 genitus
3353 2669 3456 2731 sit.

224 2782 332 2821 non
368 2767 521 2820 illum
569 2765 822 2835 quidem,
858 2765 949 2835 qui
992 2765 1156 2818 certis
1213 2763 1546 2833 temporibus
1605 2777 1712 2816 non
1745 2762 1926 2828 fuerit,
1956 2763 2227 2833 posterius
2259 2757 2448 2816 autem
2488 2763 2559 2817 sit
2591 2771 2768 2826 natus,
2791 2762 2883 2816 sed
2930 2762 3023 2831 qui
3070 2762 3142 2815 sit
3171 2769 3297 2815 ante
3325 2770 3460 2817 tem-

223 2875 355 2929 pora
381 2866 603 2920 aeterna,
660 2864 821 2926 atque
863 2863 1109 2920 anteeat,
1139 2863 1192 2909 et
1229 2864 1482 2924 tanquam
1522 2852 1689 2908 Filius
1716 2869 1821 2908 una
1859 2870 1981 2908 cum
2030 2850 2188 2909 Patre
2230 2869 2444 2923 semper
2491 2854 2686 2923 degat;
2735 2867 2910 2925 neque
2939 2869 3067 2907 vero
3125 2853 3214 2921 qui
3242 2852 3459 2914 nonpsit

223 2951 462 3024 genitus,
494 2950 586 3004 sed
609 2965 674 3004 ex
712 2948 870 3004 Patre
907 2965 1015 3002 non
1065 2948 1263 3018 genito,
1299 2948 1513 3018 genitus
1539 2968 1552 3002 :
1579 2949 1669 3017 qui
1721 2948 1914 3003 unicus
1964 2949 2055 3010 sit,
2099 2949 2190 3018 qui
2227 2946 2486 3010 Verbum,
2539 2949 2630 3016 qui
2675 2945 2818 3001 Deus
2861 2943 2926 3000 de
2971 2945 3100 3011 Deo,
3127 2961 3233 3000 non
3261 2946 3461 3001 direm-

223 3047 414 3116 ptione
473 3045 684 3112 aliqua,
726 3051 820 3097 aut
867 3043 1126 3105 sectione,
1175 3050 1268 3095 aut
1318 3042 1583 3097 divisione
1624 3044 1691 3098 de
1745 3045 2049 3098 substantia
2080 3043 2257 3116 Patris
2309 3043 2624 3113 productus,
2660 3043 2752 3096 sed
2804 3043 2896 3111 qni
2927 3043 2993 3097 de
3028 3041 3206 3097 Patris
3233 3043 3468 3097 consilio

223 3151 292 3190 ac
323 3136 545 3197 virtute,
569 3149 775 3189 omnem
806 3135 1184 3198 elocutionem,
1234 3149 1556 3205 omnemque
1604 3137 1984 3208 cogitationem
2018 3146 2310 3206 superante
2356 3135 2424 3189 ab
2451 3152 2586 3197 aevo,
2642 3150 2705 3189 ac
2731 3137 2911 3206 potius
2941 3143 3065 3189 alite
3093 3151 3254 3190 omne
3285 3149 3457 3188 aevum

225 3227 528 3283 essentiam
573 3228 638 3280 sit
673 3237 894 3290 nactus,
930 3227 1087 3282 modo
1137 3227 1409 3297 quodam,
1465 3230 1556 3298 qui
1603 3245 1777 3300 neque
1816 3231 1996 3286 verbis
2051 3229 2457 3300 comprehendi,
2518 3245 2695 3300 neque
2737 3231 2949 3285 ratione
3005 3230 3185 3300 colligi
3233 3245 3262 3283 a
3302 3231 3459 3284 nobis

225 3321 429 3391 possit.
496 3319 548 3374 Si
580 3322 787 3390 quidem
821 3340 840 3372 ι
878 3323 1277 3392 generationem
1326 3322 1464 3390 ejus,
1501 3325 1694 3395 inquit,
1734 3329 1856 3398 quis
1894 3325 2274 3382 enarrabit"?
2311 3347 2329 3378 ι
2367 3333 2420 3379 et
2455 3325 2906 3396 quemadmodum
2931 3343 2950 3375 ι
2981 3335 3140 3380 nemo
3168 3325 3321 3379 novit
3352 3322 3451 3377 Pa-

221 3421 369 3468 trem
402 3413 509 3468 nisi
539 3411 723 3481 Filius,
754 3415 833 3468 sic
867 3414 1058 3469 Filium
1087 3431 1300 3486 quoque
1323 3434 1479 3473 nemo
1503 3420 1651 3472 novit
1676 3420 1782 3474 nisi
1818 3435 1980 3484 unus,
2017 3419 2108 3490 qui
2133 3419 2320 3490 genuit
2354 3418 2527 3486 illum,
2558 3417 2719 3472 Pater
2743 3419 2807 3470 ".
2853 3433 2872 3468 ι

975 3556 1047 3610 Δ’.
1817 3569 1859 3626 c
2591 3525 2680 3613 IV,

238 3670 339 3736 Ὠς
361 3670 653 3751 ρναχξιαέα
677 3668 750 3750 τῇ
761 3668 879 3751 τῷν
889 3672 1045 3751 (ἔλων
1058 3672 1355 3751 quaedam
1365 3676 1415 3751 ﬂ
1433 3674 1789 3751 tot-gratiore-

290 3743 440 3806 νοῦς
477 3743 609 3794 Υιοῦ
637 3743 742 3793 τοῦ
776 3743 921 3794 Θεοῦ
955 3744 1319 3811 προῦπαρξις
1345 3743 1710 3802 ἀποδίδοται.

297 3877 446 3949 Πλὴν
470 3876 583 3930 ἀλλ’
609 3877 704 3930 ἕνα
733 3877 1009 3948 Μονογενῆ
1047 3880 1139 3932 καὶ
1165 3880 1442 3951 ἀγαπητὸν
1468 3883 1590 3937 Υἰὸν
1616 3883 1786 3938 ἐδόκει

229 3971 306 4044 τῷ
340 3969 636 4040 Μναγάθῳ
665 3969 839 4040 Πατρὶ
874 3971 976 4040 τῆς
1002 3971 1109 4023 τῶν
1142 3972 1381 4043 γενητῶν
1415 3975 1665 4028 ἁπάντων
1695 3976 1788 4047 δη-

234 4061 522 4134 μιουργίας
550 4061 980 4131 προϋφίστασθαι
1005 4061 1114 4115 δεῖν
1133 4079 1147 4092 ·
1179 4063 1297 4116 ἐπεὶ
1329 4064 1422 4117 καὶ
1445 4065 1644 4136 κόσμον
1668 4068 1782 4133 ἕνα,

230 4153 418 4224 ὥσπερ
452 4152 509 4207 ἓν
541 4153 632 4205 καὶ
664 4151 803 4222 μέγα
830 4151 988 4222 σῶμα
1017 4154 1079 4205 ἐκ
1112 4153 1369 4207 πλειόνων
1397 4156 1490 4207 καὶ⁵
1519 4155 1784 4228 διαφόρων

229 4245 410 4319 μελῶν
458 4262 514 4297 τε
557 4246 648 4297 καὶ
694 4243 907 4315 μερῶν,
941 4243 1169 4314 ἤμελλεν
1201 4246 1320 4298 ὅσον
1366 4246 1482 4299 οὑδὲ
1527 4266 1611 4301 πω
1655 4266 1786 4320 προ-

226 4333 538 4398 ϐάλλεσθαι,
561 4335 659 4387 οὐκ
691 4335 996 4386 ἐπιστατεῖν
1028 4335 1126 4404 μὲν
1154 4335 1320 4405 αὐτὴν
1348 4335 1570 4402 ἄνωθεν,
1597 4337 1784 4408 ὥσπερ

229 4426 476 4497 μείζονος
509 4425 747 4495 κεφαλῆς
771 4426 868 4495 τῆς
900 4425 993 4479 τοῦ
1021 4427 1232 4497 Πατρὸς
1263 4426 1512 4499 θεότητος
1543 4429 1783 4500 ἐξημμέ-

224 4536 329 4590 ν-ην
357 4517 582 4588 (κεφαλὴ
631 4520 740 4590 γὰρ
785 4517 874 4571 τοῦ
901 4519 1134 4590 Χριστοῦ
1163 4523 1190 4573 ό
1218 4520 1446 4591 Πατήρ),
1481 4521 1785 4592 ἡγουμένην

223 4613 282 4665 δὲ
332 4612 426 4664 καὶ
466 4610 920 4682 προϋπάρχουσαν
961 4611 1068 4663 τῶν
1102 4610 1238 4681 μετὰ
1263 4612 1464 4681 ταύτην
1494 4611 1745 4664 ἁπάντων
1767 4651 1782 4676 ,

223 4703 288 4756 οὐ
326 4702 430 4772 μὴν
471 4701 604 4755 ἀλλὰ
637 4704 730 4754 καὶ
759 4701 1082 4773 διαρκοῦσαν
1121 4703 1196 4764 εἷς
1229 4719 1287 4755 τε
1316 4702 1414 4771 τὴν
1448 4703 1538 4755 τοῦ
1573 4704 1786 4774 Πατρδς.

225 4797 567 4850 ὲπικέλευσιν
590 4797 683 4849 καὶ
707 4798 785 4860 εἰς
810 4795 906 4866 τὴν
927 4797 1034 4848 τῶν
1063 4797 1197 4866 μετὰ
1219 4797 1386 4850 ταῦτα
1406 4799 1778 4870 δημιουργίαν.

1889 3675 2042 3743 Quod
2093 3675 2160 3728 ad
2208 3674 2632 3729 constitutionem
2665 3670 3260 3743 ιιιιίυεττδὶιηεεεεδατία
3315 3670 3457 3726 unici

2185 3745 2282 3800 Dei
2312 3743 2441 3798 Filii
2476 3743 2795 3804 antecessio,
2830 3740 3143 3808 assignetur.

1964 3877 2341 3934 Verumtamen
2379 3877 2616 3944 optimus
2644 3873 2805 3928 Pater
2840 3889 3006 3926 unum
3033 3871 3298 3942 judicavit
3321 3869 3454 3925 Uni-

1886 3974 2122 4044 genit'um
2169 3987 2232 4025 ac
2273 3971 2526 4025 dilectum
2563 3968 2788 4034 Filium,
2835 3966 3075 4022 ornnium
3121 3980 3302 4020 rerum
3335 3977 3457 4034 quae

1887 4063 2132 4118 creandas
2156 4072 2356 4124 essent,
2375 4061 2590 4131 opilicio
2613 4059 2811 4130 praefici
2839 4066 3108 4127 oportere,
3140 4057 3340 4127 quippe
3360 4056 3452 4123 qui

1888 4171 2054 4209 unum
2087 4169 2303 4225 quoque
2327 4155 2608 4214 mundum,
2644 4153 2798 4223 quasi
2831 4167 2998 4205 unum
3038 4151 3310 4220 quoddam
3343 4159 3454 4216 at-

1886 4265 1992 4319 que
2021 4255 2213 4318 ingens
2243 4263 2462 4317 corpus,
2491 4262 2554 4301 ex
2587 4247 2833 4316 pluribus
2887 4245 3232 4315 diversisque
3282 4259 3457 4298 meiu-

1885 4345 2000 4399 bris
2031 4359 2094 4397 ac
2123 4343 2388 4413 partibus,
2410 4340 2632 4411 jamjam
2664 4348 2808 4394 esset
2847 4339 3232 4409 producturus,
3264 4343 3456 4406 caput-

1886 4452 1990 4508 que
2019 4437 2122 4490 hoc
2147 4451 2254 4488 non
2292 4449 2526 4504 praeesse
2575 4434 2753 4504 ipsum
2796 4432 3036 4504 quidem,
3062 4431 3130 4486 de
3184 4429 3451 4499 superiori

1885 4533 2088 4601 aliquo,
2119 4539 2372 4599 tanquam
2409 4528 2474 4583 de
2497 4531 2666 4583 altero
2695 4528 2887 4597 majori
2929 4529 3132 4597 capite,
3169 4525 3451 4579 divinitate

1884 4624 2001 4694 ipsa
2023 4623 2200 4677 Patris
2239 4637 2562 4693 suspensum
2605 4620 2788 4690 (caput
2816 4621 2956 4674 enim
2999 4619 3200 4674 Christi
3245 4616 3446 4681 Pater),

1885 4715 1979 4770 sed
2005 4714 2146 4784 quod
2174 4714 2422 4776 anteiret,
2444 4723 2674 4782 anteque
2707 4713 2886 4765 omnia
2913 4719 3036 4780 post
3071 4711 3245 4780 ipsum
3271 4707 3448 4778 genita

1884 4811 2029 4858 esset
2056 4820 2068 4855 :
2102 4811 2336 4856 attamen
2364 4803 2504 4856 idem
2533 4809 2730 4871 praesto
2759 4810 2903 4856 esset
2935 4809 3048 4854 tum
3073 4801 3140 4852 ad
3165 4797 3448 4867 imperium

222 4889 320 4941 Διὸ
348 4888 412 4958 δὴ
447 4889 538 4942 καὶ
583 4887 788 4959 ἔφαμεν
837 4888 996 4941 αὑτὸν
1049 4889 1260 4959 πρῶτον
1295 4891 1507 4943 πάντων
1541 4891 1644 4943 ὑπὸ
1688 4891 1778 4943 τοῦ

1888 4893 2084 4956 Patris,
2118 4903 2231 4946 tum
2273 4893 2338 4946 ad
2397 4893 2672 4963 opiﬁcium
2707 4891 2896 4946 earum
2933 4905 3112 4944 rerum
3142 4904 3260 4960 qua:
3299 4894 3450 4958 post-

225 4979 441 5049 Πατρδς
471 4973 582 5032 οἷόν
626 4996 677 5030 τι
715 4979 978 5048 μονοειδὲς
1019 4978 1196 5048 πάσης
1239 4978 1423 5040 οὖσὲας
1449 4977 1541 5030 καὶ
1570 4979 1780 5046 φύσεως

223 5069 624 5144 προϐεϐλῆσθαι
645 5069 871 5140 ὄργανον
897 5067 1133 5138 ἔμψυχον
1160 5071 1251 5121 καὶ
1276 5069 1400 5132 ζῶν,
1423 5067 1618 5139 μᾶλλον
1640 5068 1685 5120 δ’
1707 5068 1784 5121 ἕν-

225 5165 346 5219 θεον
374 5164 466 5218 καὶ
493 5164 746 5227 ζωοποιὸν
774 5163 866 5216 καὶ
895 5163 1182 5232 πάνσοφον,
1207 5160 1424 5229 ἀγαθῶν
1446 5159 1778 5230 γεννητικὸν,

224 5256 401 5326 φωτὸς
429 5255 680 5327 χορηγὸν,
711 5252 938 5326 οὐρανοῦ
960 5252 1364 5324 δημιουργικὸν,
1390 5253 1593 5323 κόσμου
1618 5269 1782 5305 κατα·

225 5347 598 5409 σκευαστικδν,
627 5346 872 5415 ἀγγέλων
902 5345 1200 5416 ποιητικὸν,
1233 5347 1554 5415 πνευμάτων
1585 5346 1780 5416 ἀρχονο

223 5443 390 5507 τικὸν,
414 5443 642 5513 ὄργανον
665 5440 848 5510 ψυχῶν
875 5443 1154 5510 σωτήριον,
1185 5439 1448 5508 σωμάτων
1469 5437 1776 5508 αὐξητικὸν,

225 5535 438 5587 πάντων
481 5531 857 5602 προνοητικὸν,
902 5528 1323 5599 κυϐερνητικὸν,
1353 5528 1781 5600 θεραπευτικδνε

297 5693 335 5724 ⁹¹
370 5690 486 5747 lsa.
546 5705 662 5754 Lm,
707 5690 756 5742 8.
834 5690 879 5718 ⁹²
917 5685 1104 5739 Matth.
1140 5701 1217 5745 xu,
1244 5683 1335 5739 27.

1885 4986 1988 5038 hac
2011 4983 2270 5038 faciendae
2297 4990 2469 5038 erant.
2499 4982 2676 5048 Quare
2719 4983 2830 5051 jam
2861 4981 3116 5046 diximus,
3148 4983 3299 5034 illum
3329 4993 3449 5032 om-

1886 5077 2038 5131 nium
2075 5076 2309 5145 primum
2355 5091 2383 5129 a
2431 5074 2619 5137 Patre,
2667 5073 2822 5144 quasi
2853 5074 3122 5143 quoddam
3175 5071 3448 5141 singulare

1888 5167 2306 5223 instrumentum
2335 5167 2512 5222 omnis
2537 5165 2790 5220 essentia:
2818 5173 2871 5218 et
2895 5173 3101 5216 natura?
3123 5162 3446 5232 productum

1887 5275 2009 5314 esse
2038 5278 2049 5311 :
2082 5259 2526 5320 iustrmnentum,
2561 5258 2802 5326 inquam,
2827 5255 3123 5306 animatum
3157 5265 3210 5309 et
3235 5253 3445 5318 vivens,

1887 5366 1948 5404 ac
1971 5350 2151 5421 potius
2170 5350 2434 5412 divinum,
2467 5349 2795 5416 vitalemque
2818 5347 2922 5399 vim
2954 5346 3006 5399 in
3038 5361 3096 5401 se
3135 5345 3362 5408 habens,
3391 5348 3450 5398 et

1886 5437 2384 5507 sapientissimum;
2418 5437 2574 5507 150
2600 5437 2746 5508 quod
2779 5437 2919 5490 bona
2946 5435 3126 5490 omnia
3161 5435 3452 5506 gigneret,

1882 5529 2026 5600 quod
2058 5529 2237 5584 lumen
2271 5531 2549 5598 praeberet,
2579 5529 2726 5600 quod
2757 5527 2955 5584 ctelum
2982 5527 3284 5593 moliretur,
3299 5523 3452 5599 quod
