3930 6202
511 168 618 226 259

1169 172 1437 230 EUSEBII
1475 170 1953 230 CAESARIENSIS
1977 171 2127 229 OPP.
2166 172 2347 229 PARS
2378 175 2443 230 ll.
2481 206 2554 217 -—
2589 174 3085 233 APOLOGETICA.

3644 177 3743 234 280

508 289 774 348 mundum
796 298 1162 359 construeret,
1191 292 1336 362 quod
1377 293 1600 364 angelos
1640 291 1904 360 efﬁceret,
1936 308 2040 363 quo

2143 321 2154 363 γ
2187 292 2481 364 βασιλικὸν,
2504 296 2769 367 κριτικὸν,
2786 297 2999 370 Πατρδς
3028 295 3307 360 εὐσεϐείας
3326 296 3739 365 ἀπαγγελτικόν.

509 383 795 454 Spiritibus
840 383 1174 453 imperaret:
1208 382 1634 439 instrumentum
1681 381 1829 453 quod
1876 383 2088 437 animas

506 484 888 542 conservaret,
944 477 1092 548 quod
1123 492 1355 548 corpora
1401 485 1659 549 augeret,
1714 476 1860 548 quod
1925 477 2109 532 omnia
2146 478 2490 548 provideret,
2524 479 2873 549 gubernaret,
2939 489 3177 542 curaret,
3209 478 3355 549 quod
3383 477 3491 533 vim
3521 476 3744 538 haberet

504 569 786 642 regnandi,
814 570 961 640 quod
1009 570 1328 661 iudicandi,
1358 572 1504 642 quod
1551 570 1733 628 Patris
1768 571 1977 627 cultum
2024 576 2079 626 et
2117 573 2474 627 reverentiam
2509 572 2886 629 denuntiandi.

1256 685 1323 740 V.

500 795 656 869 Quod
679 797 1089 853 innumerabiles
1117 798 1324 869 quidem
1350 800 1581 869 fatemur
1607 817 1720 856 esse
1759 812 1965 858 creatas
1988 802 2073 857 di-

567 868 715 922 vinas
743 878 1047 941 potestates,
1065 868 1234 941 unam
1267 868 1384 924 vero
1408 871 1673 926 duntaxat
1706 873 1872 941 ipsius
1898 871 2066 936 Filii,

563 948 955 1011 propterquam
983 938 1275 999 inducitur.
1302 942 1585 1011 imaginem
1610 943 1706 997 Dei
1726 938 1919 999 ‘Patris
1933 960 2069 1010 esse,

568 1008 848 1080 theologice
875 1010 1318 1065 demonstremus.

565 1118 747 1187 Quare
766 1121 821 1177 in
844 1122 1160 1177 universum
1191 1137 1356 1192 supra
1388 1137 1549 1178 omne
1578 1123 1876 1195 Opificium,
1902 1141 2067 1181 unam

495 1228 635 1284 opus
662 1220 749 1269 est
780 1212 1018 1269 divinam
1059 1221 1383 1284 potestatem
1413 1214 1712 1283 admirari,
1744 1234 1852 1272 non
1881 1219 2067 1289 plures

491 1306 844 1363 existimare:
882 1321 990 1361 una
1034 1307 1179 1361 enim
1209 1307 1431 1363 omnino
1459 1308 1647 1362 mundi
1685 1309 1927 1365 effectrix
1958 1326 2064 1381 po-

490 1406 685 1463 testas,
747 1407 803 1455 et
856 1413 1029 1454 unum
1078 1399 1455 1456 universitatis
1511 1399 1693 1471 opifex
1720 1400 1957 1458 Verbum
2010 1406 2066 1458 in

487 1488 759 1560 principio
808 1489 951 1561 apud
985 1489 1180 1546 Deum.
1240 1489 1564 1561 Siquidem:
1613 1510 1634 1543 ι
1682 1491 1742 1546 1η
1792 1492 2064 1564 principio

485 1590 604 1636 erat
629 1580 900 1647 Verbum,
945 1590 1000 1637 et
1031 1581 1269 1639 Verbum
1302 1592 1420 1640 erat
1446 1585 1588 1655 apud
1615 1583 1807 1650 Deum,
1831 1596 1886 1643 et
1920 1586 2063 1643 Deus

483 1681 603 1728 erat
636 1672 877 1730 Verbum
919 1675 1000 1742 “;
1039 1695 1056 1728 ι
1096 1677 1241 1746 quod
1285 1676 1506 1747 quidem
1560 1686 1776 1749 oportet
1822 1695 1882 1734 re
1924 1695 2059 1735 vera

484 1780 595 1819 non
630 1764 881 1836 ignorare
902 1808 918 1832 ,
950 1767 1133 1823 colere
1159 1774 1341 1824 autem
1371 1776 1427 1823 et
1448 1768 1654 1825 honore
1685 1771 1940 1842 prosequi
1958 1786 2067 1842 pro

482 1857 799 1929 dignitate:
851 1859 1293 1931 quandoquidem
1345 1861 1531 1916 omnia
1590 1878 1687 1932 per
1732 1863 1865 1918 illud
1891 1903 1906 1928 ,
1945 1878 2058 1919 non

480 1947 644 2005 modo
694 1950 764 2006 ab
813 1950 970 2006 initio
997 1967 1179 2008 rerum
1214 1953 1457 2010 omnium
1507 1955 1807 2019 exstitere,
1866 1972 2053 2011 verum

477 2041 642 2097 etiam
665 2043 720 2097 in
745 2051 1064 2115 perpetuum
1096 2059 1315 2116 semper
1364 2056 1419 2101 et
1449 2045 1591 2102 facta
1621 2054 1773 2115 sunt,
1798 2054 1851 2103 et
1882 2047 2053 2104 fiunt:

484 2150 506 2185 ι
539 2142 595 2188 et
630 2134 750 2191 sine
776 2136 867 2191 illo
910 2135 1111 2191 factum
1141 2144 1225 2194 est
1268 2138 1404 2193 nihil
1437 2138 1504 2193 9‘.
1546 2158 1566 2192 ι
1599 2137 1725 2196 Sive
1756 2141 1902 2196 enim
1943 2143 2055 2198 vita

477 2223 723 2294 quaedam
757 2233 844 2282 est
893 2228 951 2281 in
988 2226 1057 2284 iis
1080 2243 1202 2298 quae
1230 2236 1401 2285 sunt:
1434 2231 1583 2301 quod
1632 2230 1834 2287 factum
1864 2241 1968 2297 est,
1998 2235 2051 2291 in

476 2315 571 2372 illo
598 2318 709 2372 vita
738 2325 876 2373 erat.
929 2317 1005 2372 Ex
1044 2318 1138 2373 illo
1165 2320 1312 2375 enim
1344 2336 1409 2376 ac
1439 2336 1538 2391 per
1569 2321 1703 2377 illud
1724 2363 1740 2389 ,
1797 2324 2051 2381 universa

472 2415 530 2464 et
563 2408 728 2464 vitam
749 2421 803 2464 et
830 2411 1067 2465 animam
1107 2413 1401 2483 accipiunt.
1453 2413 1579 2471 Sive
1612 2431 1892 2483 numerus,
1936 2416 2052 2475 sive

475 2496 844 2568 pulchritudo,
870 2500 986 2556 sive
1007 2504 1407 2569 convenientia,
1430 2504 1546 2559 sive
1574 2507 1730 2571 ordo,
1764 2507 1878 2563 sive
1912 2514 2052 2564 tem-

471 2600 749 2659 peratura.
783 2592 899 2648 sive
919 2594 1192 2659 essentia,
1225 2596 1342 2652 sive
1371 2597 1639 2667 qualitas,
1678 2598 1793 2654 sive
1842 2601 2051 2672 magni-

471 2681 603 2736 tudo
632 2698 648 2736 :
678 2693 878 2738 cuncta
921 2701 1088 2740 unum
1126 2701 1309 2742 rerum
1370 2691 1614 2744 omnium
1659 2691 1928 2758 continet,
1983 2707 2047 2748 ac

469 2772 714 2843 disponit
747 2773 1008 2840 Verbum,
1041 2784 1096 2832 et
1117 2792 1223 2832 una
1250 2776 1347 2834 Dei
1372 2781 1562 2836 mundi
1591 2781 1832 2838 effectrix
1850 2784 2044 2852 virtus,

468 2863 724 2921 omnibus
746 2874 961 2936 praeest.
1013 2865 1168 2922 Sicut
1194 2868 1340 2925 enim
1366 2869 1421 2924 in
1448 2877 1639 2927 nostro
1663 2887 1892 2944 corpore
1924 2874 2047 2944 plu-

2932 691 3009 745 E'.

2304 801 2397 888 '96
2431 803 2650 888 ιιυρζας
2684 804 2803 873 μὲν
2848 805 3257 888 ςδμολςϊοῦμεν
3305 805 3459 888 ειτηερ
3491 805 3736 888 male

2241 872 2404 944 θείας
2432 872 2714 943 δυνάμεις
2737 916 2753 939 ,
2779 872 2977 944 μόνην
2999 872 3068 928 δὲ
3096 872 3211 943 τὴν
3239 876 3348 931 τοῦ
3387 872 3540 938 Υἱοῦ,
3560 872 3632 930 δι’
3656 876 3734 944 ἣν

2243 942 2521 1012 ἐπάγεται
2537 942 2741 999 εἰκόνα
2763 942 2868 999 τοῦ
2884 942 3029 1000 Θεοῦ
3048 942 3296 1014 Πατρός,
3317 942 3730 1018 θεολογοῦμε-ἰδ.

2242 1119 2334 1173 Διὸ
2368 1120 2462 1174 καὶ
2486 1121 2579 1176 ἐπὶ
2609 1120 2824 1175 πάντων
2848 1122 3074 1177 καθόλου
3112 1125 3220 1179 τῶν
3242 1125 3730 1198 δημιουργημάτων

2174 1212 2304 1283 μίαν
2343 1211 2517 1284 χρεὼν
2560 1213 2708 1267 θείαν
2750 1216 2977 1288 δύναμιν
3024 1217 3463 1288 ἀποθαυμάζειν,
3510 1218 3624 1271 ἀλλ’
3671 1219 3729 1272 ού

2171 1302 2368 1367 πολλὰς
2390 1305 2635 1375 ἡγεῖσθαι
2656 1322 2670 1336 ο
2706 1306 2806 1377 μία
2836 1308 2943 1380 γὰρ
2971 1310 3006 1381 ὴ
3034 1308 3260 1363 καθόλου
3287 1310 3613 1381 κοσμοποιὸς
3638 1309 3727 1363 δύ-

2169 1414 2349 1467 ναμις,
2375 1397 2467 1450 καὶ
2492 1392 2572 1461 εἷς
2597 1400 2625 1452 6
2649 1398 2757 1452 τῶν
2778 1399 2913 1454 ὅλων
2939 1400 3266 1473 δημιουργὸς
3295 1401 3467 1471 Λόγος
3500 1404 3559 1456 ὲν
3587 1403 3725 1474 ἀρχῇ⁸

2169 1485 2305 1557 πρὸς
2340 1487 2430 1540 τὸν
2474 1486 2625 1541 Θεόν.
2672 1506 2690 1539 ι
2724 1491 2845 1543 Ὅτι
2894 1491 2950 1543 ὲν
2988 1492 3129 1563 ἀρχῇ
3177 1486 3245 1562 ἦν
3276 1493 3305 1545 6
3345 1492 3515 1560 Λόγος
3536 1532 3551 1557 ,
3584 1494 3675 1546 καὶ
3701 1496 3728 1546 6

2169 1573 2339 1643 Λόγος
2374 1572 2441 1646 ἦν
2477 1577 2611 1649 πρὸς
2639 1579 2728 1633 τὸν
2756 1579 2888 1644 Θεὸν
2906 1619 2922 1645 ,
2949 1583 3042 1635 καὶ
3067 1582 3200 1647 Θεὸς
3235 1579 3302 1655 ἦν
3328 1585 3357 1637 6
3380 1583 3549 1653 Λόγος
3568 1600 3583 1614 '
3617 1603 3635 1635 ι
3668 1582 3725 1637 ὃν

2093 1637 2133 1691 Β
2161 1666 2239 1720 δεῖ
2257 1637 2485 1741 ’ἀληθῶς
2508 1637 2838 1742 μὴνάγνοεῖν,
2872 1637 3048 1728 σέϐειν
3076 1676 3133 1730 δὲ
3161 1637 3445 1749 ἑαίτιμᾷν
3467 1637 3722 1741 ergata»:

2158 1757 2239 1810 ὅτι
2268 1758 2330 1831 δὴ
2364 1760 2541 1814 πάντα
2573 1761 2639 1816 δι’
2671 1764 2836 1818 αὑτοῦ
2865 1765 2925 1819 ού
2955 1766 3114 1837 μόνον
3142 1769 3199 1821 ὲν
3227 1767 3423 1839 ἀρχαῖς
3448 1766 3556 1820 τῶν
3585 1766 3723 1821 ὅλων

2160 1848 2409 1921 συνέστη,
2439 1851 2574 1905 ἀλλὰ
2602 1854 2695 1907 καὶ
2722 1854 2895 1909 είσαεὶ
2925 1855 3114 1925 γέγονέ
3130 1875 3189 1911 τε
3209 1859 3300 1912 καὶ
3330 1858 3559 1927 γίνεται,
3587 1877 3606 1910 ι
3628 1858 3720 1913 καὶ

2155 1940 2322 2014 χωρὶς
2346 1942 2509 1996 αὐτοῦ
2537 1944 2751 2013 ἐγένετο
2773 1947 2895 2001 οὐδὲ
2920 1948 2995 2001 ἓν.
3022 1967 3040 1999 ι
3074 1949 3198 2002 Εἴτε
3212 1949 3319 2022 γὰρ
3339 1949 3449 2023 ζωή
3465 1968 3548 2015 τις
3576 1950 3719 2005 ἐστιν

2155 2035 2213 2087 ὲν
2236 2037 2348 2098 τοῖς
2374 2031 2558 2100 οὖσιν,
2591 2038 2620 2092 ὃ
2651 2039 2872 2108 γέγονεν
2904 2043 2960 2095 ὲν
2987 2042 3136 2113 αὐτῷ
3167 2042 3279 2115 ζωὴ
3314 2039 3381 2116 ἦν
3403 2061 3418 2075 ⁸
3463 2045 3523 2109 ἐξ
3552 2044 3715 2099 αὐτοῦ

2154 2126 2263 2198 γὰρ
2289 2129 2380 2182 καὶ
2407 2128 2473 2182 δι’
2503 2129 2667 2184 αὐτοῦ
2708 2133 2741 2203 ἡ
2775 2132 2883 2185 τῶν
2914 2133 3049 2189 ὅλων
3081 2133 3290 2200 gemat;
3314 2153 3374 2188 τε
3409 2136 3501 2190 καὶ
3532 2136 3716 2207 ψύχω-

2154 2236 2237 2283 σις
2255 2236 2270 2250 ο
2299 2221 2407 2274 εἴτε
2438 2220 2662 2292 ῥυθμὸς,
2690 2223 2798 2295 εἴτε
2844 2224 3056 2291 κάλλος,
3083 2227 3192 2280 εἴτε
3220 2227 3472 2299 ἁρμονία,
3498 2228 3606 2281 είτε
3627 2229 3716 2283 τά-

2151 2308 2235 2377 ξις
2255 2352 2270 2372 ,
2299 2311 2408 2365 εἴτε
2441 2311 2778 2386 σύγκρασις,
2827 2317 2937 2370 εἴτε
2961 2317 3119 2373 οὐσία
3142 2358 3156 2383 ,
3187 2318 3296 2372 εἴτε
3326 2319 3542 2390 ποιότης
3562 2361 3575 2385 ,
3607 2322 3713 2375 εἴτε

2154 2399 2398 2471 μέγεθος,
2426 2402 2601 2456 πάντα
2632 2401 2711 2469 εἷς
2738 2406 2767 2458 6
2794 2406 2902 2459 τῶν
2921 2407 3055 2461 ὅλων
3081 2409 3290 2480 συνέχει
3314 2409 3406 2463 καὶ
3434 2409 3717 2482 διακοσμεῖ

2147 2493 2340 2561 Λόγος,
2367 2495 2461 2549 καὶ
2496 2495 2594 2568 μία
2621 2497 2757 2553 Θεοῦ
2791 2499 3018 2572 δύναμις
3045 2501 3372 2574 κοσμοποιὸς
3410 2503 3626 2574 ἡγεῖται
3652 2505 3715 2557 ἀ-

2148 2589 2383 2646 πάντων.
2424 2592 2512 2657 Ὠς
2537 2594 2646 2667 γὰρ
2678 2596 2771 2650 ἐπὶ
2821 2596 2916 2651 τοῦ
2945 2598 3064 2652 καθ’
3091 2600 3239 2670 ἡμᾶς
3268 2596 3517 2670 σώματος
3544 2599 3713 2672 πολλὴ

2148 2682 2248 2753 μὲν
2276 2683 2530 2755 τυγχάνει
2559 2687 2653 2740 καὶ
2683 2688 2896 2761 ποικίλη
2930 2689 3036 2745 τῶν
3072 2691 3250 2764 μερῶν
3274 2693 3307 2764 ἡ
3336 2690 3590 2763 διαφορὰ,
3616 2691 3715 2764 μία

2144 2772 2200 2828 δὲ
2224 2776 2257 2845 ἡ
2284 2774 2376 2829 τοῦ
2407 2777 2606 2843 παντὸς
2644 2778 2872 2852 δύναμις
2914 2781 3242 2855 δημιουργὸς
3286 2783 3380 2855 (ού
3421 2783 3531 2855 γὰρ
3576 2782 3713 2857 ἄλλῃ

2147 2864 2248 2934 μὲν
2285 2865 2420 2920 Θεοῦ
2464 2868 2691 2941 δυνάμει
2736 2871 2973 2944 κεφαλῆς
3010 2873 3216 2947 ὑπέστη
3251 2874 3448 2944 φύσις,
3477 2873 3612 2946 ἄλλῃ
3653 2873 3712 2928 δὲ

466 2970 558 3013 res
586 2966 715 3014 sunt
741 2967 796 3014 et
821 2961 985 3016 varias
1017 2962 1250 3032 partium
1284 2962 1635 3030 differentia),
1699 2980 1806 3020 una
1859 2974 2039 3022 autem

2143 2956 2435 3030 ὀφθαλμῶν
2455 3002 2468 3027 ,
2496 2961 2657 3035 ἑτέρᾳ
2689 2962 2744 3016 δὲ
2783 2962 2957 3032 ὢτων,
3003 2965 3165 3039 ἑτέρᾳ
3203 2966 3257 3020 δὲ
3295 2967 3539 3038 ποδῶν),
3565 2967 3710 3022 οὕτω

466 3049 711 3106 universi
747 3051 927 3123 opifex
959 3054 1041 3110 vis
1070 3054 1200 3124 (non
1245 3057 1391 3111 enim
1424 3056 1531 3111 alia
1576 3057 1795 3127 quidem
1845 3056 1940 3112 Dei
1985 3056 2038 3112 vi

2143 3050 2234 3104 καὶ
2289 3051 2382 3105 τοῦ
2443 3052 2754 3124 σύμπαντος
2801 3055 3006 3126 κόσμου
3050 3056 3147 3128 μία
3194 3055 3417 3112 καθόλου
3459 3058 3578 3113 θεία
3615 3059 3708 3113 δύ-

464 3143 661 3213 capitis
690 3146 900 3201 exstitit
928 3154 1146 3213 natura,
1181 3149 1288 3204 alia
1318 3164 1448 3205 vero
1475 3150 1762 3205 oculorum
1782 3190 1798 3215 ,
1827 3157 1883 3207 et
1932 3150 2038 3207 alia

463 3237 702 3298 aurium.
726 3237 924 3309 pedum
951 3239 1079 3295 item
1108 3242 1259 3313 alia),
1281 3242 1356 3296 ita
1382 3257 1598 3313 quoque
1626 3257 1750 3297 cum
1782 3242 2038 3300 universo

461 3332 689 3396 mundo,
712 3346 821 3386 una
846 3332 1067 3389 omnino
1093 3333 1275 3390 divina
1291 3336 1466 3392 virtus
1492 3337 1695 3407 pmsit,
1718 3335 1906 3391 eadem
1932 3337 2037 3393 erit

459 3428 515 3477 et
537 3422 682 3489 caeli,
710 3432 765 3479 et
791 3432 1090 3492 astrorum,
1111 3433 1166 3481 et
1204 3427 1521 3483 animalium
1545 3444 1908 3503 quacunque,
1940 3441 2035 3486 aut

460 3517 517 3572 in
545 3532 692 3581 aere,
725 3526 819 3572 aut
841 3518 897 3573 in
918 3524 1087 3586 terra,
1108 3526 1202 3575 aut
1226 3520 1283 3575 in
1309 3522 1447 3576 mari
1474 3521 1699 3593 degunt,
1727 3531 1782 3578 et
1803 3523 2035 3579 elemen-

456 3602 637 3658 to'rum
655 3612 765 3661 tam
781 3606 1024 3661 omnium
1035 3607 1386 3681 simul,quam
1402 3610 1741 3682 singulorum
1758 3628 2029 3670 seorsum:

459 3695 613 3767 15]
636 3704 894 3768 praeterea
928 3709 1243 3756 naturarum
1275 3701 1589 3759 omnimodo
1619 3705 1891 3759 variarum
1918 3712 2028 3759 tam

454 3804 577 3861 quae
619 3805 818 3862 genere
860 3791 1047 3863 aliquo
1087 3793 1456 3860 continentur,
1491 3809 1655 3865 quam
1695 3811 1816 3867 qua:
1847 3798 2028 3869 specie

451 3882 884 3956 distinguuntur,
913 3885 1118 3956 epifex.
1149 3884 1337 3957 Neque
1363 3901 1493 3942 vero
1531 3887 1637 3942 alia
1666 3896 1751 3944 est
1780 3890 1940 3961 ignis,
1973 3899 2027 3948 et

449 3977 557 4035 alia
605 3994 780 4052 aquae,
818 3988 1085 4050 terraique
1117 3994 1313 4035 rursus
1351 3979 1479 4044 alia,
1522 3987 1687 4052 atque
1718 3983 1862 4037 aeris
1897 3982 2024 4039 item

2139 3159 2300 3214 ναμις
2337 3145 2698 3200 ὲπιστατοῦσα
2719 3189 2735 3213 ,
2769 3150 2802 3220 ἡ
2832 3148 2969 3221 αὐτὴ
2998 3148 3063 3202 ἂν
3091 3150 3173 3220 εἴη
3217 3152 3310 3205 καὶ
3341 3152 3570 3223 ούρανοῦ
3610 3154 3709 3207 καὶ

2137 3234 2380 3307 ἀστέρων
2399 3276 2414 3303 ,
2449 3236 2556 3291 τῶν
2582 3256 2641 3291 τε
2668 3239 2725 3292 ἐν
2749 3239 2894 3312 ἀέρι,
2922 3239 3017 3294 καὶ
3039 3242 3128 3311 γῇ,
3154 3241 3248 3294 καὶ
3268 3241 3505 3316 θαλάττῃ
3527 3242 3707 3309 ζώων,

2138 3328 2411 3399 στοιχείων
2458 3347 2519 3383 τε
2567 3330 2675 3385 τῶν
2723 3330 2948 3386 καθόλου
2994 3335 3091 3387 καὶ⁹
3129 3333 3239 3387 τῶν
3288 3333 3429 3388 κατά
3492 3333 3662 3406 μέρος
3685 3375 3707 3404 ,

2134 3420 2229 3474 καὶ
2258 3419 2338 3473 ἔτι
2368 3420 2581 3491 φύσεων
2628 3423 2891 3491 παντοίων
2927 3424 3156 3495 γενικῶν
3190 3442 3247 3479 τε
3295 3426 3388 3480 καί¹
3432 3425 3543 3480 τῶν
3577 3429 3702 3481 κατ’

2133 3505 2270 3575 εἶδος
2296 3511 2624 3583 δημιουργός
2648 3530 2661 3543 ·
2698 3513 2792 3567 καὶ
2821 3515 2922 3569 οὐκ
2944 3514 3075 3586 ἄλλη
3110 3514 3208 3586 μὲν
3238 3514 3426 3587 πυρὸς,
3456 3516 3621 3587 ἑτέρα
3644 3516 3703 3570 δὲ

2133 3601 2323 3677 ύδατος
2346 3620 2360 3633 ·
2403 3603 2497 3656 καὶ
2535 3604 2638 3676 γῆς
2684 3605 2844 3660 πάλιν
2886 3605 3019 3677 άλλη
3044 3647 3058 3670 ,
3102 3607 3195 3660 καὶ
3231 3607 3391 3678 ἀέρος
3437 3607 3702 3679 ποιητικὴ

2129 3693 2390 3765 δύναμις’
2439 3694 2575 3749 ἀλλὰ
2625 3696 2722 3768 μία
2762 3697 2856 3750 καὶ
2902 3699 2934 3768 η
2971 3696 3109 3769 αὑτὴ
3139 3696 3245 3751 τῶν
3289 3698 3425 3751 ὅλων
3464 3701 3703 3769 τεχνῖτις

2131 3788 2312 3856 σοφία,
2343 3788 2439 3842 καὶ
2469 3789 2795 3861 κοσμοποιὺς
2823 3789 2985 3853 αὐτὸς
3010 3782 3165 3853 οὗτος
3195 3790 3325 3862 ἡμῖν
3352 3791 3380 3843 6
3413 3788 3702 3859 θεολογοῦ-

2129 3894 2287 3948 μενος
2316 3878 2425 3932 τῶν
2455 3879 2591 3933 ὅλων
2618 3881 2647 3933 6
2675 3879 3000 3952 δημιουργὸς
3024 3879 3117 3933 τοῦ
3150 3879 3284 3934 Θεοῦ
3322 3880 3510 3950 Λόγος.
3539 3881 3704 3949 Μαρ-

2124 3976 2278 4042 τυρεῖ
2302 3972 2358 4026 δὲ
2387 3971 2596 4035 τούτοις
2624 3974 2656 4044 ὴ
2693 3972 2829 4044 πρὸς
2852 3970 3055 4045 ἄλληλα
3085 3971 3191 4023 τῶν
3219 3971 3495 4041 στοιχείων
3517 3969 3696 4038 φιλία,

449 4070 556 4126 alia
591 4071 831 4129 eﬂ'ectrix
878 4075 1077 4137 virtus,
1115 4071 1211 4128 sed
1259 4087 1365 4127 una
1414 4080 1577 4142 atque
1619 4072 1808 4129 eadem
1842 4089 2022 4130 rerum

2143 4068 2189 4138 τῇ
2240 4064 2348 4120 τῶν
2380 4064 2734 4137 συγκράσεων
2767 4063 3014 4136 ἐπιμιξίᾳ
3056 4063 3286 4134 συγγενῆ
3331 4062 3425 4116 καὶ
3454 4060 3698 4134 ἀδελφὴν

448 4160 829 4216 universarum
878 4160 1073 4216 artifex
1110 4159 1398 4230 sapientia,
1459 4160 1712 4230 quodque
1758 4160 2019 4216 mundum

2143 4159 2216 4212 :al
2259 4157 2446 4230 ὥσπερ
2485 4157 2603 4221 ἑνὸς
2646 4156 3020 4229 ἀρχιτέκτονος
3058 4155 3217 4228 ἔργον
3252 4155 3350 4227 τὴν
3398 4153 3513 4207 τῶν
3553 4153 3697 4208 ὅλων

446 4248 646 4314 eﬂecit,
686 4250 792 4306 hoc
818 4252 1015 4321 ipsum,
1046 4251 1114 4306 de
1139 4266 1249 4322 quo
1279 4265 1379 4306 nos
1404 4259 1463 4305 nt
1492 4251 1561 4307 de
1591 4249 1700 4307 Deo
1724 4252 2016 4322 loquimur,

2143 4250 2280 4318 ρύσιν
2300 4250 2695 4322 ἀπελέγχουσα.
2724 4248 2803 4319 Γῆ
2829 4265 2888 4301 τε
2920 4247 3028 4321 γὰρ
3058 4247 3120 4301 τὸ
3149 4247 3284 4319 βαρὺ
3318 4248 3579 4317 στοιχεῖον
3603 4248 3697 4316 ἐφ’

447 4339 691 4397 universi
731 4341 913 4412 opifex
953 4341 1049 4398 Dei
1094 4341 1356 4399 Verbum.
1391 4341 1577 4398 Fidem
1615 4343 1700 4400 his
1743 4342 1873 4399 facit
1907 4344 2017 4400 elc-

2143 4342 2331 4396 t65ttwv
2376 4341 2644 4414 ὀχουμένη
2672 4380 2687 4403 ,
2714 4340 2809 4395 καὶ
2854 4339 2928 4413 μὴ
2986 4339 3285 4412 στερεμνίῳ
3326 4337 3425 4410 τῆς
3468 4336 3694 4407 φύσεως

448 4438 751 4487 mentorum
795 4431 936 4508 inter
967 4449 1028 4489 se
1053 4433 1317 4498 amicitia,
1348 4448 1470 4505 qua:
1496 4448 1561 4488 ex
1588 4447 1654 4488 eo
1676 4434 1819 4503 quod
1850 4433 2015 4488 certis

2143 4434 2259 4489 εατὰ
2299 4434 2494 4505 βάθους
2531 4434 2817 4506 ἑλκομένη,
2862 4431 3131 4505 μετέωρος
3173 4431 3218 4485 δ’
3255 4432 3343 4485 ἀεὶ
3384 4431 3687 4502 φερομένη,

444 4524 883 4593 temperamentis
926 4525 1215 4580 commista
1247 4534 1394 4589 sunt,
1444 4531 1738 4595 cognatum
1779 4539 1843 4579 ac
1893 4540 2017 4596 ger-

444 4628 686 4678 manum,
717 4622 772 4672 et
800 4623 1058 4686 tanquam
1101 4617 1266 4673 unius
1306 4616 1593 4671 architecti
1636 4631 1796 4687 opus,
1828 4631 2012 4673 rerum

443 4715 693 4763 naturam
722 4708 981 4764 ostendit.
1004 4707 1139 4764 Nam
1167 4717 1223 4764 et
1251 4717 1420 4776 terra,
1453 4724 1574 4779 quae
1604 4723 1768 4780 grave
1795 4717 1878 4765 est
1903 4710 2012 4766 ele-

441 4805 846 4861 mentum,cum
862 4799 1021 4869 aquis
1053 4799 1280 4862 innatet,
1309 4814 1484 4870 neque
1511 4798 1784 4855 soliditate
1806 4810 2011 4855 natura:

440 4889 496 4945 in
520 4889 843 4961 profondum
866 4892 1137 4957 trahatur,
1158 4892 1253 4947 sed
1277 4891 1481 4947 feratur
1501 4907 1716 4963 semper
1735 4891 2005 4957 sublimis,

437 4997 614 5054 neque
642 4983 1044 5055 submergatur,
1075 4983 1172 5040 Dei
1217 4982 1395 5040 Verbo
1438 4982 1644 5054 Deique
1678 4984 1909 5040 consilio
1938 4985 2004 5038 ti-

435 5071 558 5129 dem
586 5074 733 5131 facit.
757 5074 1004 5131 Humidae
1030 5077 1156 5132 item
1188 5083 1397 5132 natura:
1427 5090 1553 5131 cum
1583 5076 1736 5131 arida
1756 5090 2005 5132 commu-

433 5166 656 5235 nicatio,
686 5186 807 5240 qua:
832 5170 968 5227 nihil
1006 5170 1371 5240 corruptionis
1396 5185 1508 5240 prae
1554 5185 1614 5225 se
1654 5168 1778 5234 fert,
1826 5183 2003 5239 neque

434 5262 722 5319 confertim
762 5265 1018 5325 universa
1048 5269 1347 5335 restagnat,
1378 5261 1474 5317 sed
1508 5259 1603 5317 Dei
1643 5269 1780 5316 nutu
1815 5261 2001 5315 occul-

435 5352 644 5412 tissimo
673 5357 924 5428 colligata
966 5363 1200 5421 tenetur,
1232 5369 1400 5409 unum
1426 5368 1622 5409 rursus
1659 5359 1822 5423 atque
1855 5350 1997 5426 idem

432 5439 527 5500 Dei
551 5443 783 5503 Verbum
809 5462 934 5505 esse
956 5448 1316 5504 demonstrat.
1340 5444 1481 5515 Quid
1503 5458 1668 5517 porro
1696 5443 1876 5516 ignis?
1902 5442 1996 5513 qui

492 5607 547 5644 ³³
573 5601 727 5663 Joan.
760 5622 798 5672 ι,
830 5606 880 5661 l.
957 5608 1003 5641 ”
1028 5606 1161 5663 ibid.
1193 5609 1246 5664 5.

2115 4528 2209 4582 καὶ
2235 4526 2308 4599 μὴ
2338 4525 2731 4597 καταδυομένη,
2765 4523 2899 4578 Θεοῦ
2932 4524 3088 4596 Λόγῳ
3115 4523 3209 4578 καὶ
3238 4521 3369 4576 Θεοῦ
3394 4522 3558 4595 βουλῇ
3589 4524 3687 4577 καὶ

2112 4620 2337 4691 δυνάμει
2394 4620 2678 4691 μαρτυρεῖ.
2732 4617 2933 4691 Ὑγρᾶς
2978 4633 3037 4669 τε
3084 4612 3152 4670 αὖ
3197 4614 3356 4668 πάλιν
3405 4614 3598 4678 οὐσίας
3646 4616 3683 4685 ἡ

2113 4711 2248 4783 πρὸς
2282 4710 2344 4763 τὸ
2392 4710 2552 4782 ξηρὸν
2594 4708 2844 4764 κοινωνία
2895 4707 3057 4779 μηδὲν
3107 4705 3331 4777 στερρὸν
3371 4703 3685 4758 ἐπιδεικνυ-

2113 4802 2270 4874 μένη,
2306 4800 2438 4873 μηδὲ
2482 4800 2690 4872 ἁθρόως
2719 4799 2780 4853 τὸ
2824 4800 2932 4852 πᾶν
2973 4796 3413 4868 ἐπιλιμνάζουσα,
3446 4796 3685 4867 νεύματι

2106 4894 2151 4948 δ’
2177 4895 2399 4966 ἀρρήτῳ
2430 4892 2564 4946 Θεοῦ
2588 4892 2955 4964 πεπεδημένη,
2974 4890 3068 4944 ἕνα
3092 4887 3248 4943 πάλιν
3263 4889 3357 4942 καὶ
3385 4887 3478 4941 τὸν
3511 4888 3684 4942 αὐτὸν

2105 4988 2274 5057 Λόγον
2283 4986 2377 5040 τοῦ
2388 4985 2521 5040 Θεοῦ
2535 4983 2769 5057 παρίστη
2778 4984 2919 5037 σι.Τί
2932 4982 3060 5036 δὲτὸ
3073 4981 3203 5053 πῦρ,
3216 4981 3390 5035 καίτοι
3405 4982 3682 5052 καυτικῆς

2106 5079 2200 5135 καὶ
2245 5078 2511 5150 φθατικῆς
2541 5076 2771 5147 φύσεως,
2805 5076 2991 5130 ἔπειτα
3023 5075 3195 5141 ξύλοις
3232 5073 3548 5146 ὲμφωλεῦον
3578 5075 3681 5129 καὶ

2104 5174 2376 5236 παντοίοις
2409 5169 2563 5236 ζώων
2603 5169 2845 5241 σώμασιν
2870 5167 3331 5241 ἀνακεκραμένον,
3360 5170 3429 5240 γῇ
3463 5185 3524 5221 τε
3577 5168 3678 5221 καὶ

2103 5265 2254 5319 ὕδατι
2281 5264 2373 5318 καὶ
2395 5263 2517 5337 ἀέρι
2551 5261 3106 5333 συνέστοιχειωμενον,
3140 5259 3374 5315 κᾶπειτα
3399 5261 3543 5331 λόγῳ
3574 5259 3675 5312 καὶ

2104 5358 2286 5431 μέτρῳ
2330 5360 2440 5421 τοῖς
2485 5360 2617 5411 πᾶσι
2661 5355 2722 5409 τὺ
2763 5355 2901 5419 δέον,
2939 5355 3062 5408 ὅσον
3098 5353 3165 5408 ἂν
3213 5353 3426 5425 ἑκάστῳ
3456 5353 3676 5423 γένοιτο

2098 5450 2234 5522 πρὸς
2282 5449 2566 5520 ὠφελείας,
2611 5445 2991 5519 ἐπιχορηγοῦν,
3036 5446 3137 5517 τῆς
3178 5445 3223 5499 δ’
3265 5444 3468 5508 οἰκείας
3508 5444 3675 5499 δυνά-
