3930 6202
302 201 404 259 26!

1185 199 1836 258 DEMONSTRATIONIS
1871 199 2324 262 EVANGELICAE
2368 204 2495 261 LIB.
2538 205 2629 260 ιν.

3445 215 3552 270 28⁸1⁵.

302 337 450 392 μεως
493 317 929 390 ἐπιλελησμένον,
967 319 1027 372 ού
1071 319 1152 372 σοὶ
1180 320 1326 373 δοκεῖ
1358 320 1516 373 πάλιν
1544 319 1679 373 Θεοῦ
1726 320 1849 387 Λόγι

1952 371 1954 377 .
1987 319 2110 375 licet
2138 305 2509 379 comburentis
2551 323 3064 396 corrumpentisque
3106 336 3310 384 natura:
3335 329 3427 393 sit,
3464 339 3548 386 ta—

294 413 394 465 καὶ
420 413 646 482 δυνάμει
687 412 981 477 δουλεύειν,
1023 413 1262 484 Ἡμέρας
1287 413 1341 466 δὲ
1374 415 1465 466 καὶ
1496 414 1685 478 νυκτὸς
1711 417 1872 485 ἀμοι-

292 502 454 564 ϐαίας
482 501 680 573 ὁρῶντι
717 505 974 573 κινήσεις,
1001 503 1158 575 ὡρῶν
1184 522 1242 556 τε
1275 506 1366 557 καὶ
1393 505 1596 576 καιρῶν
1621 505 1741 558 τοτὲ
1777 508 1874 576 μὲν

291 593 576 662 αὐξήσεις,
611 593 729 645 τοτὲ
758 593 814 645 δὲ
850 593 1120 664 μειώσεις,
1157 595 1386 659 κύκλους
1413 614 1472 648 τε
1501 597 1759 650 ἐνιαυτῶν
1782 600 1874 651 καὶ

294 684 578 754 πριόδους
624 684 846 756 χρόνων,
877 685 1090 758 ἄστρων
1129 705 1187 740 τε
1215 688 1598 759 περιδινήσεις,
1632 688 1779 760 ἡλίου
1815 707 1872 742 τε

290 779 550 850 δρόμους,
597 779 691 832 καὶ
735 779 959 850 σελήνης
999 779 1240 851 τροπάς,
1281 779 1623 851 συμπαθείας
1667 797 1726 833 τε
1779 779 1873 834 καὶ

289 869 649 934 ἀντιπαθείας
705 871 977 934 ἁπάντων,
1028 874 1123 925 καὶ
1178 873 1379 942 κόσμον
1433 872 1529 926 ’ἐνα
1583 872 1760 925 αὐτῶν
1814 873 1871 939 ἐξ

288 965 573 1027 ἁπάντων,
605 961 714 1036 ἆρά
756 982 839 1018 σοι
877 966 976 1037 τὴν
1015 965 1238 1034 ἀλογίαν
1279 966 1373 1018 καὶ
1413 967 1470 1019 τὸ
1508 966 1630 1038 είκῆ
1676 966 1768 1019 καὶ
1795 965 1871 1030 ὡς

287 1056 481 1128 ἔτυχεν
511 1057 689 1110 αἰτίαν
725 1054 863 1111 εἶναι
896 1058 1004 1110 τῶν
1029 1058 1166 1111 ὅλων
1202 1056 1420 1128 θεμιτὸν
1454 1057 1866 1126 ἀποφαίνεσθαι,

287 1150 320 1220 ἢ
347 1151 520 1219 Λόγον
560 1149 634 1213 ὠς
657 1149 870 1220 άληθῶς
894 1149 1048 1212 Θεοῦ,
1076 1150 1170 1204 καὶ
1192 1149 1326 1203 Θεοῦ
1362 1151 1572 1225 σοφίαν,
1609 1153 1702 1205 καὶ
1733 1153 1867 1206 Θεοῦ

286 1243 540 1314 δύναμιν,
578 1244 670 1296 καὶ
697 1243 900 1315 ταύτην
936 1243 1087 1314 μίαν,
1113 1244 1227 1297 ἀλλ’
1249 1247 1310 1298 ού
1345 1244 1542 1308 πολλὰς
1573 1246 1826 1316 άνυμνεῖν
1851 1263 1864 1310 ;

287 1337 415 1389 ἐπεὶ
444 1337 536 1389 καὶ
569 1337 625 1388 ὲν
661 1335 930 1408 ἀνθρώπῳ
967 1336 1062 1406 μία
1091 1337 1259 1409 ψυχὴ.
1303 1338 1396 1390 καὶ
1427 1338 1523 1408 μία
1555 1337 1747 1409 λογικὴ
1777 1339 1867 1391 δύ-

286 1447 456 1498 ναμις
507 1429 769 1481 πλείστων
817 1429 952 1499 ὁμοῦ
981 1429 1177 1498 γένοιτ’
1209 1430 1273 1484 ἂν
1323 1431 1672 1503 δημιουργὸς,
1703 1432 1735 1502 ἢ
1772 1431 1866 1484 καὶ

283 1522 592 1591 γεωργείνή
610 1520 766 1591 αὑτὴ,
786 1522 877 1573 καὶ
890 1525 1185 1593 ναυπηγεῖν
1204 1523 1296 1576 καὶ
1314 1524 1438 1576 κυϐε
1447 1526 1597 1595 ρνᾷν,
1614 1524 1707 1577 καὶ¹
1723 1525 1866 1578 οἰκο-

279 1610 470 1680 δομεῖν
506 1612 671 1665 mni
719 1613 964 1684 μαθοῦσα
1007 1615 1348 1668 ἐπιϐάλλοιτο
1372 1632 1384 1645 ·
1421 1616 1513 1669 καὶ
1542 1610 1621 1678 εἷς
1653 1616 1776 1678 νοῦς
1805 1617 1861 1668 ὲν

281 1702 556 1774 ἀνθρώπῳ
589 1705 681 1756 καὶ
709 1705 966 1775 λογισμὸς
1001 1705 1196 1770 δέξαιτ’
1231 1707 1296 1760 άν
1330 1725 1458 1760 ποτε
1492 1708 1698 1778 μυρίων
1741 1711 1860 1761 ἐπις

279 1795 516 1865 στῆμας.
567 1800 941 1870 γεωμετρήσει
975 1816 1032 1851 τε
1073 1801 1100 1852 ὁ
1128 1799 1290 1862 αὐτὸς
1319 1800 1412 1852 καὶ
1442 1801 1856 1871 άστρονομήσει,

277 1890 374 1940 καὶ
416 1889 608 1957 λόγους
638 1892 1028 1963 γραμματικῆς
1076 1891 1384 1964 παραδώσει
1439 1895 1531 1946 καὶ
1591 1895 1854 1966 ίατρικῆς,

275 1979 336 2034 ἐν
377 1997 438 2034 τε
484 1982 765 2053 μαθήμασι
803 1985 901 2036 καὶ
923 1986 1036 2047 τοῖς
1069 1985 1208 2039 κατὰ
1236 1989 1421 2057 χεῖρας
1458 1989 1852 2057 προστήσεταιο

276 2074 371 2128 καὶ
420 2074 574 2128 οῦπω
602 2093 664 2145 γε
706 2077 879 2139 οὐδεὶς
930 2075 1146 2129 πώποτε
1174 2077 1392 2140 πλείους
1439 2079 1495 2131 ὲν
1534 2078 1612 2130 ἐν).
1645 2077 1854 2148 σώματι

274 2167 456 2237 ψυχάς
483 2171 726 2239 ἡγήσατο
753 2162 913 2228 εἶναι,
944 2169 1061 2222 οὐδὲ
1087 2162 1288 2232 πολλάς
1317 2169 1622 2240 ἐθαύμασεν
1654 2168 1856 2241 ἀνθρώ-

275 2276 378 2312 που
412 2259 672 2329 δυνάμεις
701 2259 786 2313 διά
834 2260 931 2330 τὴν
961 2260 1068 2313 τῶν
1099 2260 1308 2314 πολλῶν
1353 2261 1690 2332 μαθημάτων
1721 2263 1853 2315 ὑπο-

273 2354 456 2425 δοχήν.
494 2355 555 2406 Εἰ
604 2354 660 2406 δὲ
704 2355 796 2407 καὶ
846 2354 1090 2424 ἄμορφον
1140 2353 1270 2423 ῦλην
1318 2352 1488 2424 πηλοῦ
1543 2371 1623 2417 τις
1655 2353 1849 2425 εὑρὼν,

271 2449 512 2503 κᾶπειτα
559 2450 746 2520 χερσὶν
787 2447 1093 2510 άπολεάνας
1139 2447 1391 2515 ἐπιθήσει
1431 2447 1570 2512 ζώου
1615 2449 1848 2520 μορφὴν,

270 2542 417 2612 ἄλλῳ
464 2543 562 2612 μὲν
602 2543 839 2612 σχήματι
883 2541 1160 2612 κεφαλὴν,
1206 2545 1396 2612 χεῖρας
1445 2541 1502 2594 δὲ
1553 2542 1647 2594 καὶ
1689 2541 1852 2604 πόδας

271 2636 494 2707 ἑτέρως,
544 2638 639 2688 καὶ
675 2635 985 2706 ὀφθαλμοὺς
1031 2636 1190 2690 πάλιν
1235 2635 1430 2699 ἄλλως,
1480 2636 1572 2689 καὶ
1620 2637 1852 2708 παρειὰς

269 2727 554 2791 ὡσαύτως,
594 2721 710 2780 ῶτά
747 2744 805 2781 τε
849 2728 941 2780 καὶ
985 2727 1176 2798 στόμα,
1213 2727 1304 2780 καὶ
1352 2729 1524 2798 ῥῖνας,
1569 2727 1763 2800 στέρνα
1790 2745 1848 2780 τε

267 2819 364 2871 καὶ
390 2817 573 2888 ὤμους
597 2818 1093 2890 ύποτυπωσάμενος
1115 2819 1276 2890 τέχνῃ
1301 2822 1366 2890 τῇ
1395 2819 1660 2890 πλαστικῇ
1679 2837 1690 2848 ’
1719 2817 1844 2891 ἆρα,

267 2911 394 2963 ἐπεὶ
429 2910 600 2963 πολλὰ
632 2913 886 2983 σχήματα
936 2914 1029 2966 καὶ
1075 2912 1211 2983 μέλη
1248 2913 1342 2966 καλ⁸
1375 2911 1512 2984 μέρη
1542 2914 1592 2965 ὑ⁹
1635 2914 1713 2965 ἑνὶ
1742 2912 1848 2965 σώ-

1978 427 2100 465 men
2132 428 2254 466 cum
2303 415 2356 468 in
2409 416 2570 486 lignis
2603 419 2786 483 lateat,
2818 429 2870 474 et
2901 422 3078 477 omnis
3100 423 3314 492 generis
3339 424 3546 492 anima-

1977 502 2105 555 lium
2155 507 2476 575 corporibus
2543 518 2688 563 certa
2736 519 3102 581 temperatura
3152 529 3433 570 connexus
3478 515 3549 572 sit

1977 601 2260 665 terraeque,
2321 607 2483 667 atque
2540 615 2726 670 aqum,
2766 612 2954 672 -atque
2998 604 3107 656 aeri
3162 604 3547 670 consociatus,

1976 688 2168 742 deinde
2193 690 2404 745 ratione
2428 707 2491 744 ac
2531 708 2786 748 mensura
2815 704 3077 764 quantum
3101 697 3394 766 unicuique
3410 715 3549 768 opus

1975 780 2064 840 sit.
2081 789 2449 852 quantumque
2468 784 2673 838 utilitas
2695 787 2948 855 postulet,
2971 789 3228 843 omnibus
3251 790 3547 859 sulliciens,

1973 878 2315 944 pmpriarum
2352 875 2545 930 virium
2577 877 2934 932 obliviscatur
2967 898 2980 933 :
3015 896 3196 936 nonne
3229 883 3324 936 tibi
3353 899 3550 940 rursus

1975 963 2064 1018 Dei
2099 964 2294 1029 Verbo,
2321 981 2384 1018 ac
2419 969 2676 1036 potestati
2705 970 2968 1024 inservire
2987 973 3240 1026 videtur?
3262 973 3374 1029 Diei
3407 990 3547 1044 pra!-

1973 1072 2117 1114 terea
2148 1061 2432 1131 noctisque
2467 1062 2901 1128 vicissitudines,
2935 1080 3054 1134 qua:
3089 1066 3396 1123 terminatis
3429 1083 3546 1123 mo-

1971 1152 2114 1205 tibus
2143 1161 2415 1215 constant,
2453 1152 2823 1224 borarumque
2855 1171 2917 1208 ac
2944 1164 3345 1227 tempestatum,
3401 1174 3546 1212 nunc

1969 1244 2186 1313 quidem
2215 1253 2530 1315 augmenta,
2564 1262 2711 1300 nunc
2737 1257 2914 1303 autem
2951 1250 3358 1316 diminutiones,
3385 1252 3547 1308 orbes

1967 1335 2093 1389 item
2113 1351 2344 1404 annuos,
2372 1353 2433 1392 ac
2450 1339 2715 1394 circuitus
2743 1351 3067 1410 temporum,
3085 1353 3464 1412 astrorumque
3488 1344 3545 1399 in

1967 1430 2153 1484 orbem
2180 1441 2378 1496 motus,
2406 1440 2520 1485 tum
2547 1434 2679 1488 solis
2711 1450 2929 1500 cursus,
2954 1437 3201 1505 lunazquc
3232 1438 3545 1492 conversio-

1968 1535 2086 1584 nes,
2107 1529 2216 1574 tum
2232 1537 2537 1578 consensus
2554 1525 2691 1578 inter
2707 1541 2764 1578 se
2781 1527 3021 1579 omnium
3047 1542 3111 1580 ac
3133 1529 3541 1596 repugnantias,

1969 1627 2244 1682 unumque
2263 1629 2326 1666 cx
2351 1614 2417 1668 iis
2431 1615 2684 1670 omnibus
2701 1617 2980 1680 mundmn,
2996 1633 3119 1671 cum
3139 1618 3388 1682 intueris,
3410 1636 3547 1674 nun-

1969 1704 2101 1773 quid
2135 1706 2230 1760 tibi
2256 1721 2376 1761 esse
2406 1706 2488 1760 fas
2509 1716 2690 1776 putas,
2715 1709 3152 1779 imprudentiam,
3179 1711 3295 1766 sive
3321 1713 3542 1767 temeri-

1965 1804 2152 1863 tatem,
2175 1798 2290 1852 sive
2313 1798 2590 1852 fortuitam
2610 1800 2846 1869 aliquam
2865 1816 3111 1864 causam,
3131 1810 3407 1856 auctorem
3428 1804 3544 1857 uni-

1969 1890 2110 1945 versi
2155 1891 2474 1958 enuntiare;
2500 1905 2569 1946 an
2601 1891 2691 1947 Dei
2729 1892 2966 1947 Verbum
3014 1910 3220 1960 revera,
3257 1903 3312 1950 et
3343 1895 3435 1951 Dei
3461 1913 3542 1952 sa-

1962 1983 2243 2054 pientiam,
2264 1992 2317 2038 et
2346 1983 2438 2038 Dei
2463 1985 2739 2050 virtutem,
2768 1994 2821 2041 et
2849 1985 2988 2039 hanc
3017 1988 3188 2057 ipsam
3212 2003 3399 2053 unam,
3432 2005 3539 2043 non

1960 2074 2163 2144 plures.
2183 2074 2374 2130 efferre
2389 2076 2641 2132 laudibus
2658 2077 2680 2130 ?
2696 2076 2898 2150 Nempe
2914 2079 3074 2133 etiam
3091 2080 3148 2133 in
3169 2079 3406 2145 homine,
3433 2078 3546 2136 aui-

1961 2181 2046 2220 ma
2072 2179 2438 2236 una,unaque
2479 2168 2559 2222 vis
2593 2168 2895 2232 rationalis,
2933 2170 3287 2239 plurimarum
3335 2173 3542 2242 pariter

1958 2275 2139 2313 rerum
2159 2266 2336 2329 potest
2357 2273 2479 2315 esse
2501 2261 2701 2331 Opifex.
2720 2259 2853 2314 Nam
2869 2271 3119 2332 etagrum
3138 2264 3537 2332 colereeadem,

1956 2359 2008 2404 ct
2031 2365 2160 2406 aves
2177 2362 2575 2418 construcre,et
2593 2353 2916 2423 gubernare,
2934 2362 2987 2408 et
3010 2354 3277 2409 aediﬁcare
3296 2356 3534 2421 audebit,

1956 2450 2244 2513 postquam
2277 2443 2405 2497 talia
2439 2445 2609 2497 multa
2639 2444 2850 2499 didicit.
2883 2446 2973 2500 Sic
3007 2463 3114 2500 una
3151 2464 3304 2502 mens
3344 2448 3397 2500 in
3439 2448 3537 2501 bo-

1919 2577 1924 2582 .
1955 2533 2120 2595 mine,
2156 2549 2370 2604 unaque
2404 2535 2637 2590 rationis
2671 2537 2909 2590 versatio
2940 2539 3415 2619 innumerabilium
3446 2555 3535 2594 re-

1952 2640 2073 2679 rum
2106 2627 2363 2682 scientias
2395 2628 2682 2698 percipiet,
2736 2633 2898 2698 atque
2943 2629 3083 2704 idem
3119 2629 3284 2684 homo
3322 2640 3376 2685 ct
3405 2647 3538 2702 geo-

1953 2718 2220 2783 metriam,
2255 2728 2308 2774 ct
2348 2721 2742 2774 astronomiam
2773 2722 3068 2791 exercebit,
3105 2723 3533 2793 disputationes-

1951 2826 2056 2880 que
2087 2819 2140 2866 et
2187 2811 2253 2866 de
2297 2813 2653 2882 grammatica
2705 2821 2760 2868 et
2809 2814 2877 2867 de
2932 2813 3203 2868 medicina
3273 2815 3532 2886 proferet,

1955 2902 2110 2972 152
2145 2919 2244 2957 nec
2273 2921 2381 2958 non
2417 2905 2469 2958 in
2507 2905 2811 2975 disciplinis
2843 2913 2897 2961 et
2926 2908 2980 2960 in
3009 2907 3077 2963 iis
3107 2923 3228 2977 qua:
3275 2923 3534 2962 manuum

272 3021 407 3072 ματι
441 3003 911 3076 δεδημιούργηται,
956 3005 1239 3069 τοσούτους
1271 3005 1374 3077 χρῆ
1405 3006 1497 3058 κα¹ι
1539 3005 1665 3068 τοὺς
1693 3023 1847 3076 ποιη-

1954 2993 2258 3048 ministerio
2305 2994 2690 3060 conﬁciuntur,
2723 2995 2948 3050 excellet
2983 3015 2995 3050 :
3028 3012 3129 3051 nec
3168 3012 3408 3069 unquam
3455 3007 3534 3052 ta-

268 3094 373 3156 τὲις
394 3095 638 3164 ἡγεῖσθαι
661 3114 674 3158 ;
697 3098 728 3168 ἢ
752 3097 844 3151 τὸν
863 3096 955 3151 τοῦ
979 3098 1178 3162 παντὸς
1197 3097 1408 3169 ἁθρόως
1427 3098 1673 3170 τεχνίτην
1694 3100 1848 3153 ἐπαι-

272 3187 394 3236 νεῖν
437 3187 516 3237 ἑνὶ
547 3187 781 3260 λογισμῷ
812 3190 906 3242 καὶ
942 3191 1038 3261 μιᾷ
1071 3190 1298 3261 δυνάμει
1344 3190 1405 3242 τὸ
1447 3192 1553 3243 πᾶν
1591 3192 1852 3262 τεκτηνά-

273 3294 476 3347 μενον;
509 3279 569 3331 Τί
600 3281 727 3350 δῆτα
772 3282 1058 3354 τοιγαροῦν
1092 3284 1184 3336 ἐπὶ
1218 3281 1311 3335 τοῦ
1342 3283 1563 3346 παντὸς,
1605 3284 1723 3346 ἐνὸς
1751 3284 1848 3354 μὲν

265 3369 443 3434 ῦντος,
471 3373 533 3424 ἐκ
557 3374 734 3444 μερῶν
757 3375 813 3428 δὲ
843 3375 1108 3429 πλείστων
1134 3375 1462 3445 ὑφεστῶτος,
1485 3375 1684 3439 πολλὰς
1709 3377 1846 3448 χρῆν

265 3464 618 3518 ὑποτίθεσθαι
640 3467 1036 3539 δημιουργικὰς
1060 3468 1338 3538 δυνάμεις,
1369 3468 1462 3522 καὶ
1487 3467 1713 3530 πολλοὺς
1738 3467 1847 3520 ὀνο-

266 3556 464 3627 μάζειν
495 3557 669 3622 θεοὺς,
703 3559 824 3629 οὐχὶ
849 3560 905 3613 δὲ
947 3559 1072 3630 μίαν
1099 3560 1378 3631 ὁμολογεῖν
1408 3560 1505 3630 τὴν
1526 3560 1601 3623 ὡς
1629 3558 1844 3629 άληθῶς

261 3649 400 3702 Θεοῦ
453 3651 680 3721 δύναμιν
730 3653 823 3704 καὶ
879 3653 1014 3705 Θεοῦ
1070 3653 1278 3722 σοφίαν,
1319 3655 1416 3724 μιᾷ
1467 3652 1693 3723 δυνάμει
1749 3654 1841 3706 καὶ

260 3741 431 3813 ἀρετῇ
471 3745 568 3814 μιᾷ
603 3745 737 3814 ὁμοῦ
769 3744 836 3798 τὰ
863 3745 1035 3798 πάντα
1061 3745 1433 3815 ὑφισταμένην
1457 3761 1515 3797 τε
1543 3745 1637 3798 καὶ
1673 3741 1840 3807 ζωοῦ-

263 3850 386 3900 σαν,
419 3838 513 3888 καὶ
553 3841 664 3901 τοῖς
703 3839 834 3890 πᾶσι
874 3837 1121 3908 ποικίλην
1150 3837 1247 3909 τὴν
1293 3837 1351 3902 ἐξ
1378 3839 1546 3908 αὐτῆς
1576 3838 1837 3906 ὲπιχορη-
1873 3903 1876 3906 ι

258 3925 388 3994 γίαν
429 3927 792 3998 ποιουμένην;
820 3926 974 3980 Οῦτω
1018 3929 1111 3980 καὶ
1164 3927 1338 3998 φωτὸς
1371 3927 1518 3998 ἡλίου
1555 3928 1653 3998 μία
1682 3927 1834 3997 καὶὴ

257 4017 398 4090 αὕτη
447 4019 716 4090 προσϐολὴ
762 4018 897 4090 ὁμοῦ
937 4020 1030 4072 καὶ
1072 4019 1212 4074 κατά
1242 4021 1302 4074 τὸ
1330 4021 1460 4074 αὐτὸ
1504 4018 1833 4088 καταυγάςει

261 4109 364 4180 μὲν
386 4109 550 4181 άέρα,
580 4110 798 4178 φωτίζει
829 4110 883 4164 δὲ
911 4111 1237 4182 ὀφθαλμοὺς,
1267 4111 1408 4182 ἁφὴν
1435 4111 1490 4164 δὲ
1533 4110 1829 4182 θερμαίνει,

255 4197 468 4251 πιαίνει
493 4198 549 4251 δὲ
573 4199 694 4270 γῆν,
713 4199 864 4266 αῦξει
894 4202 1056 4270 φυτά,
1076 4201 1264 4273 χρόνον
1291 4202 1596 4272 ύφίστησιν,
1620 4201 1830 4272 ἄστρων

255 4290 498 4361 ἡγεῖται,
527 4291 752 4362 οὐρανὸν
797 4293 1096 4364 περιπολεῖ,
1132 4293 1334 4362 κόσμον
1370 4291 1665 4364 φαιδρύνει,
1694 4292 1828 4345 Θεοῦ

1955 3099 2078 3138 men
2125 3088 2414 3156 quisquam
2461 3088 2640 3142 adhuc
2692 3089 2876 3158 plures
2915 3091 2967 3143 in
3005 3106 3116 3146 uno
3147 3107 3376 3162 corpore
3405 3107 3532 3148 esse

1954 3177 2162 3232 animas
2191 3179 2422 3240 censuit,
2456 3195 2632 3250 neque
2683 3196 2812 3236 vero
2868 3183 3054 3251 plures
3103 3185 3406 3241 admiratus
3435 3196 3524 3244 est

1950 3269 2022 3324 ob
2048 3270 2340 3324 multarum
2375 3271 2790 3340 disciplinarum
2829 3275 3253 3345 perceptionem,
3286 3277 3525 3334 hominis

1950 3360 2257 3418 facultates.
2275 3363 2429 3429 Quod
2457 3365 2501 3420 si
2523 3365 2649 3435 quis
2671 3365 2761 3421 ubi
2781 3366 3072 3422 informem
3107 3368 3217 3422 limi
3236 3370 3522 3425 materiam

1946 3464 2142 3510 nactus
2172 3466 2352 3521 est,ac
2385 3458 2580 3514 deinde
2617 3460 2872 3515 manibus
2891 3461 3136 3526 mollivit,
3169 3469 3282 3515 tum
3314 3463 3523 3518 anima-

1947 3549 2014 3604 lis
2049 3549 2276 3604 formam
2310 3550 2589 3621 adjungat,
2627 3563 2685 3607 ut
2723 3555 2828 3608 alio
2857 3552 3076 3624 quidem
3113 3555 3298 3610 habitu
3337 3565 3524 3626 caput,

1945 3659 2248 3714 manusque
2281 3653 2334 3699 et
2357 3645 2521 3714 pedes
2549 3645 2675 3709 alio,
2711 3653 2765 3700 et
2801 3646 2908 3700 alio
2947 3662 3143 3701 rursus
3171 3649 3382 3712 oculos,
3413 3656 3525 3702 tum

1942 3752 2109 3806 genas
2157 3735 2362 3804 itidem,
2392 3753 2662 3807 auresque
2714 3746 2768 3791 ct
2797 3753 2880 3800 os,
2916 3746 2970 3792 et
3017 3753 3200 3804 nares,
3223 3749 3528 3808 pectusque

1940 3839 2103 3899 atque
2133 3829 2389 3884 humeros
2419 3828 2676 3884 informet
2709 3844 2809 3884 suo
2849 3830 2940 3882 illo
2975 3829 3207 3898 ﬁngendi
3242 3829 3476 3884 artiﬁcio
3515 3846 3527 3880 :

1937 3939 2067 3978 num
2116 3935 2397 3994 pr0pterea
2439 3923 2586 3994 quod
2633 3925 2832 3977 multos
2866 3922 3106 3984 habitus,
3141 3930 3196 3976 et
3249 3924 3524 3986 membra,

1935 4023 1990 4069 et
2015 4025 2198 4085 partes
2230 4016 2332 4070 sub
2356 4031 2464 4069 uno
2495 4029 2724 4086 corpore
2757 4013 3062 4074 fabricavit.
3099 4012 3322 4068 totidem
3348 4029 3512 4084 opor-

1938 4112 2014 4161 tet
2060 4107 2417 4162 fabricatores
2451 4105 2753 4160 arbitrari?
2783 4121 2850 4159 an
2892 4107 3072 4175 potius
3101 4106 3345 4161 universi
3378 4106 3516 4161 arti-

1935 4200 2088 4255 licem
2136 4200 2283 4254 illico
2315 4208 2369 4254 et
2397 4198 2710 4261 confertim,
2743 4199 2837 4267 qui
2884 4213 2992 4253 uno
3032 4198 3268 4253 consilio
3299 4215 3518 4268 unaque

1934 4290 2190 4346 facultate
2240 4299 2413 4344 totum
2465 4298 2549 4344 est
2594 4289 3022 4350 architectatus,
3073 4289 3372 4345 extollere?
3402 4291 3519 4345 Cur

256 4383 489 4454 δύναμιν
530 4384 730 4456 ἐναργῆ
763 4385 861 4456 τὴν
907 4386 962 4437 ὲν
1000 4385 1075 4456 τῷ
1109 4386 1269 4438 παντὶ
1310 4385 1585 4455 συνίστησι
1609 4403 1621 4415 ο
1657 4385 1830 4438 πάντα

1959 4385 2104 4454 gitur
2144 4385 2195 4437 in
2243 4384 2346 4438 hoc
2396 4383 2652 4438 universo
2689 4381 2834 4451 quod
2879 4396 3045 4435 unum
3091 4390 3206 4445 est,
3253 4385 3504 4452 quamvis

253 4494 320 4529 τε
367 4475 540 4530 ταῦτα
594 4480 692 4549 μιᾷ
744 4481 882 4549 ῥοπῇ
937 4479 1148 4548 φύσεως
1201 4478 1458 4531 συντελεῖ.
1513 4478 1621 4531 Καὶ
1665 4478 1835 4549 πυρὸς

256 4569 424 4641 φύσις
455 4569 653 4640 χρυσὸν
701 4570 798 4639 μὲν
828 4569 1101 4640 καθαίρει,
1141 4569 1396 4640 μόλυϐδον
1428 4568 1483 4620 δὲ
1523 4569 1678 4638 τήκει
1702 4586 1714 4598 ·
1745 4569 1836 4621 καὶ

258 4662 437 4732 κηρὸν
483 4663 580 4734 μὲν
612 4661 749 4724 λύει,
788 4661 957 4731 πηλὸν
983 4661 1040 4714 δὲ
1075 4660 1340 4732 ξηραίνει,
1372 4659 1502 4731 ῦλην
1529 4659 1584 4713 δὲ
1617 4659 1834 4731 φρύγει,

257 4755 364 4826 μιᾷ
403 4756 469 4824 τῇ
517 4756 780 4824 καυστικῇ
833 4753 1059 4824 δυνάμει
1107 4751 1174 4804 τά
1221 4751 1458 4804 τοσαῦτα
1506 4751 1836 4823 κατεργαζο-

256 4846 422 4918 μένη.
451 4845 634 4918 Ταύτῃ
666 4864 746 4899 τοι
781 4845 874 4899 καλ⁵
905 4844 1150 4917 οὐράνιος
1179 4843 1271 4897 τοῦ
1304 4844 1438 4897 Θεοῦ
1464 4843 1652 4910 Λόγος,
1683 4844 1709 4894 ὁ
1744 4841 1837 4894 καὶ

250 4937 435 5010 ἡλίου,
461 4938 555 4990 καὶ
582 4937 836 5009 ούρανοῦ,
869 4938 962 4990 καὶ
995 4938 1087 4990 τοῦ
1123 4938 1436 5008 σύμπαντος
1485 4934 1690 5003 κόσμου
1740 4931 1834 5001 δη-

253 5030 595 5104 μιουργικδς,
624 5031 883 5102 δραστικῇ
923 5030 1147 5100 δυνάμει
1189 5032 1300 5092 τοῖς
1342 5029 1507 5080 πᾶσιν
1551 5023 1835 5096 ὲπιπαρὼν

210 5127 349 5186 ,καὶ
387 5125 476 5179 διὰ
515 5127 731 5180 πάντων
777 5127 950 5191 ἥκων,
998 5125 1130 5196 ἡλίῳ
1177 5125 1296 5194 μὲν,
1345 5121 1436 5174 καὶ
1481 5120 1698 5191 σελήνῃ,
1743 5116 1835 5170 καὶ

247 5219 475 5291 ἄστροις
500 5219 558 5285 ἐξ
584 5220 791 5282 οἰκείας
826 5217 926 5288 τῆς
955 5216 1181 5270 άεννάου
1215 5213 1496 5283 δυνάμεως
1519 5210 1634 5280 φῶς
1664 5210 1838 5278 ἐπομ-

247 5312 396 5386 ϐρεῖ,
440 5311 669 5384 οὐρανὸν
716 5312 772 5363 δὲ
828 5309 1026 5364 οἰκείου
1082 5307 1344 5380 μεγέθους
1381 5301 1834 5374 προσφυεστάτην

247 5405 436 5458 εἰκόνα
472 5405 570 5474 τὴν
609 5403 781 5476 ἀρχὴν
815 5401 1281 5471 ὑποστησάμενος,
1310 5401 1388 5461 είς
1417 5397 1585 5450 αἰῶνα
1610 5394 1835 5464 διακρα-

245 5502 360 5552 τείο
413 5498 509 5561 τὰς
558 5497 615 5550 δὲ
677 5497 930 5549 ἐπέκεινα
985 5493 1215 5566 ούρανοῦ
1271 5492 1365 5544 καὶ
1424 5490 1627 5560 κόσμου
1677 5486 1835 5539 δυνά-

250 5611 375 5663 μεις
418 5592 664 5661 ἀγγέλων
713 5592 804 5644 καὶ
847 5588 1189 5658 πνευμάτων,
1228 5583 1429 5656 νοερῶν
1469 5601 1526 5635 τε
1562 5582 1654 5634 καὶ
1684 5579 1833 5648 λογι-

251 5688 362 5739 tu}:
418 5686 636 5752 ουσιῶν,
679 5686 822 5755 ζωῆς
876 5683 1032 5755 ὁμοῦ,
1081 5684 1171 5735 καὶ
1230 5678 1424 5748 φωτὸς,
1476 5677 1568 5730 καὶ
1620 5673 1827 5743 σοφίας,

1939 4475 2125 4528 multis
2160 4475 2403 4543 partibus
2436 4479 2681 4534 constet,
2719 4471 2920 4525 multos
2968 4480 3182 4539 oportet
3211 4474 3522 4544 conﬁngere

1937 4563 2180 4633 opiﬁces,
2228 4571 2282 4618 et
2335 4563 2536 4617 multos
2573 4561 2706 4617 deos
2751 4562 3056 4626 nominare,
3101 4577 3165 4617 ac
3195 4579 3306 4617 non
3338 4566 3520 4634 potius

1939 4671 2099 4710 unam
2126 4657 2282 4710 fateri
2307 4671 2494 4710 revera
2525 4655 2620 4710 Dei
2653 4655 2929 4718 virtutem,
2961 4663 3014 4710 et
3039 4654 3132 4710 Dei
3163 4655 3514 4725 sapientiam,

1938 4764 2057 4818 qua:
2090 4763 2194 4801 una
2223 4746 2476 4800 facultate
2514 4761 2729 4815 unaque
2761 4745 2984 4801 solertia
3018 4745 3233 4798 cunctis
3281 4745 3508 4802 rebuth

1938 4848 2188 4893 naturam
2223 4853 2326 4908 qua
2357 4845 2485 4893 sunt
2526 4847 2578 4892 et
2619 4837 2780 4891 vitam
2814 4836 3066 4905 largitur,
3095 4850 3305 4890 necnon
3335 4840 3516 4891 omni-

1939 4932 2041 4986 bus
2084 4932 2292 4986 varium
2329 4929 2395 4986 de
2443 4929 2622 4999 seipsa
2673 4928 2939 4984 ubertatis
2983 4927 3186 4982 fontem
3245 4926 3514 4981 submini-

1939 5025 2114 5080 strat?
2148 5023 2237 5078 Sic
2267 5024 2428 5079 etiam
2466 5022 2663 5078 solaris
2711 5022 2934 5076 luminis
2975 5035 3080 5074 una
3112 5027 3166 5074 et
3197 5019 3387 5074 eadem
3421 5033 3515 5074 ac-

1937 5116 2139 5180 cessio,
2178 5115 2340 5170 simul
2373 5113 2674 5182 eodemque
2705 5120 2946 5183 tempore
2978 5127 3154 5166 aerem
3189 5110 3407 5180 quidem
3437 5109 3515 5163 ir-

1937 5211 2136 5272 radiat,
2185 5209 2457 5264 illuminat
2490 5223 2620 5261 vero
2663 5207 2874 5268 oculos,
2913 5212 3076 5274 atque
3115 5201 3276 5256 atiicit
3306 5209 3509 5256 tactum

1936 5302 2138 5366 calore,
2179 5310 2492 5369 terramque
2541 5297 2772 5352 fertilem
2819 5295 3018 5357 reddit,
3070 5295 3287 5366 plantas
3328 5301 3509 5362 auget,

1938 5401 2154 5462 tempus
2182 5391 2458 5461 producit,
2506 5395 2703 5458 praeest
2757 5385 3055 5448 sideribus,
3087 5385 3286 5438 cmlum
3315 5383 3506 5444 ambit,

1937 5485 2198 5540 mundum
2253 5484 2540 5544 exhilarat,
2583 5480 2676 5535 Dei
2729 5479 2834 5533 vim
2887 5478 3230 5536 manifestam
3283 5491 3406 5550 qua:
3453 5475 3507 5530 in

1937 5575 2193 5628 universo
2244 5571 2407 5633 inest,
2461 5567 2853 5622 commend-at:
2903 5575 2953 5620 et
3002 5565 3184 5619 omnia
3234 5563 3349 5619 haec
3399 5577 3508 5617 uno

1936 5671 2210 5723 momento
2240 5671 2447 5718 naturae
2476 5658 2824 5715 administrat
2859 5673 2920 5713 ac.
2951 5658 3180 5728 perﬁcit.
3213 5655 3359 5728 ignis
3379 5669 3507 5728 quo-
