3914 6198
416 223 523 281 265

1041 227 1309 282 EUSEBII
1345 217 1822 288 CESARIENSIS
1855 231 2004 289 OPP.
2048 234 2231 292 PARS
2265 239 2331 292 11.
2367 271 2435 282 --
2473 239 2966 300 APOLOGETICA.

3523 255 3633 310 261

412 353 518 409 que
538 345 732 392 natura
761 347 815 393 et
844 353 1034 393 aurum
1063 350 1256 410 purgat
1284 349 1338 396 et
1363 343 1639 426 plumbum
1667 346 1949 414 liquefacit

2065 352 2158 404 καὶ
2190 370 2366 424 πάσης
2385 355 2600 428 ἀρετῆς,
2626 359 2722 412 καὶ
2743 361 2906 414 καλοῦ
2934 360 3173 431 κάγαθοῦ
3187 362 3384 430 παντὸς
3419 369 3483 422 ἐκ
3508 371 3621 425 τῶν

409 439 617 492 et..'cum
650 443 830 484 ceram
857 430 1138 496 dissolvat,
1181 432 1366 486 limum
1397 441 1577 488 tamen
1611 435 1882 498 exsiccat,
1912 445 1966 492 et

409 521 693 597 materiam
730 520 910 575 adurit
945 540 958 574 ε
993 531 1045 576 et
1080 522 1193 576 bare
1222 530 1331 577 tam
1361 525 1551 588 multa,
1577 541 1682 579 una
1708 527 1967 580 duntaxat

411 615 463 668 vi
509 614 858 669 comburendi
891 614 1072 670 efﬁcit.
1109 615 1304 672 Eadem
1354 619 1565 673 ratione
1609 621 1829 676 cmleste
1870 621 1964 676 Dei

411 703 664 767 Verbum,
695 706 838 774 quod
873 715 927 761 et
953 709 1121 763 solem
1152 712 1350 778 ipsum,
1382 718 1433 764 et
1466 712 1688 775 ccelum,
1731 721 1781 766 et
1810 729 1967 765 mun-

411 799 536 853 dum
564 799 876 854 universum
910 799 1206 865 fabricavit,
1237 817 1358 855 cum
1384 799 1583 856 elIicaci
1622 803 1671 856 vi
1697 803 1811 857 suis
1832 818 1966 856 cun-

411 893 511 947 ctis
537 893 699 948 rebus
729 892 964 956 intersit,
995 903 1047 947 et
1081 909 1178 962 per
1208 895 1389 948 omnia
1423 904 1688 964 penetret,
1722 897 1820 950 soli
1845 898 1965 966 qui-

404 983 524 1037 dem
570 999 634 1038 ac
679 984 820 1039 lunae
857 993 1018 1055 atque
1061 986 1247 1048 astris,
1280 986 1347 1039 de
1377 987 1593 1056 propria
1635 1003 1846 1057 Semper
1880 989 1964 1043 af-

401 1074 585 1129 ﬂuenti
611 1075 886 1136 facultate,
921 1077 1094 1131 instar
1123 1077 1316 1146 pluvia:
1347 1077 1526 1132 lumen
1552 1078 1818 1146 infundit;
1853 1096 1964 1135 cm-

403 1165 512 1218 lum
544 1175 743 1231 autem,
780 1184 900 1222 cum
949 1183 1061 1223 sua:
1101 1169 1488 1239 magnitudinis
1515 1170 1581 1223 ab
1615 1171 1768 1225 initio
1797 1187 1964 1242 appo-

403 1257 720 1312 sitissimam
770 1259 1057 1329 imaginem
1116 1259 1439 1328 protulerit,
1480 1258 1534 1312 in
1585 1274 1744 1314 omne
1789 1275 1960 1316 atvum

401 1346 594 1402 sufﬁcit
643 1349 996 1419 continetque
1045 1368 1058 1417 ;
1110 1366 1232 1420 quae
1282 1358 1460 1404 autem
1523 1365 1689 1421 supra
1737 1352 1958 1417 cmlum,

401 1456 674 1511 supraque
704 1443 964 1497 mundum
1000 1445 1198 1514 degunt
1260 1451 1556 1514 potestates
1587 1483 1602 1507 ,
1649 1445 1959 1514 angelorum

397 1533 590 1602 utique
622 1549 684 1586 ac
733 1535 1018 1603 spirituum
1054 1535 1412 1605 intelligentes
1441 1536 1837 1620 ratignalesque
1866 1550 1964 1588 na-

399 1632 566 1686 turae.
605 1640 699 1679 eas
745 1634 798 1680 et
867 1627 974 1680 vita
1022 1627 1184 1682 simul
1221 1637 1274 1682 et
1314 1628 1533 1690 lumine,
1567 1635 1621 1680 et
1651 1627 1915 1696 sapientia
1943 1665 1958 1690 ,

2070 446 2197 534 παρ’
2227 447 2391 499 αὐτοῦ
2419 447 2706 521 θησαυρῶν
2739 453 3108 525 ἐμπίμπλησι,
3148 459 3247 527 μιᾷ
3275 459 3369 511 καὶ
3399 462 3464 531 τῇ
3491 461 3632 534 αὐτῇ

2067 533 2378 606 δημιουργῷ
2409 539 2572 613 τέχνῃ
2595 557 2608 570 ’
2642 543 2735 594 καὶ
2767 545 3043 615 στοιχείων
3073 546 3260 612 οὐσίας
3289 548 3482 604 οὔποτε
3514 533 3634 606 διαιέ

2066 622 2340 694 λιμπάνει,
2384 629 2639 700 παρέχων
2658 633 2750 685 καὶ
2773 633 2946 703 μίξεις
2977 637 3067 688 καὶ
3093 637 3336 707 κράσεις.
3372 640 3463 694 καὶ
3489 641 3630 712 εἴδη,

2066 713 2161 801 καῖ
2195 716 2424 801 μορφάς,
2455 719 2546 770 καὶ
2579 722 2850 791 σχήματα,
2905 724 3194 794 ποιότητάς
3230 744 3289 779 τε
3327 731 3542 801 μυρίας,
3569 732 3632 786 ἐν

2065 817 2123 852 τε
2146 799 2302 866 ζώοις
2330 804 2424 857 καὶ
2453 811 2656 873 φυτοῖς,
2686 810 2778 864 καὶ
2820 810 3037 881 ψυχαῖς,
3073 817 3168 868 καὶ
3204 799 3440 887 σώμασι,
3473 819 3627 890 λογι-

2067 895 2179 956 κοῖς
2205 911 2266 946 τε
2311 897 2406 948 καὶ
2454 897 2686 966 ἀλόγοις,
2727 900 2913 954 ἄλλοτε
2953 903 3123 968 ἄλλως
3176 911 3627 976 καταποικῦλων,

2065 989 2157 1040 καὶ
2193 991 2354 1042 πᾶσιν
2383 990 2516 1062 ὁμοῦ
2548 993 2722 1046 πάντα
2755 995 2853 1065 μιᾷ
2874 994 3096 1066 δυνάμει
3141 1001 3506 1071 ἐπιχορηγῶν,
3533 1005 3630 1059 καὶ

2063 1080 2186 1132 νοῦν
2213 1081 2304 1132 ἐπὶ
2329 1083 2489 1135 πᾶσιν
2540 1083 2841 1155 ἀνθρώποις
2869 1087 3214 1159 ὲπιγνώμονα
3247 1093 3339 1144 καὶ
3363 1093 3629 1167 θεωρητι-

2064 1172 2158 1224 κὸν
2185 1173 2283 1242 τῆς
2310 1173 2470 1226 αὑτοῦ
2496 1175 2686 1244 σοφίας
2705 1176 3060 1248 δωρούμενος,
3093 1181 3354 1254 ἄντικρύς
3382 1202 3440 1238 τε
3483 1204 3630 1258 παρ-

2067 1261 2217 1325 ιστὰς
2254 1266 2364 1326 τοῖς
2423 1265 2555 1316 πᾶσι
2612 1265 2704 1317 καὶ
2737 1265 3064 1338 διαρρήδην,
3104 1269 3204 1320 ἕνα
3248 1270 3450 1340 κόσμον
3502 1275 3630 1326 ἐπι-

2061 1350 2324 1405 δείκνυσιν
2355 1353 2472 1417 ἐνὸς
2500 1354 2671 1422 Λόγου
2698 1357 3022 1426 κοσμοποιοῦ
3061 1358 3240 1429 ἔργον.
3289 1361 3539 1415 Τοιοῦτον
3559 1364 3628 1435 δὴ

2063 1445 2411 1516 καλλιτέχναν
2461 1448 2586 1501 Υἰὸν
2621 1451 2879 1522 μονογενῆ
2932 1451 3032 1522 τῆς
3079 1453 3242 1506 αὑτοῦ
3297 1455 3488 1526 βουλῆς
3530 1457 3632 1510 καὶ

2059 1535 2381 1609 δημιουργὸν
2416 1541 2444 1593 ὁ
2493 1541 2708 1594 πάντων
2737 1542 2996 1596 ἀνωτάτω
3034 1546 3126 1596 καὶ
3168 1546 3330 1598 αὑτοῦ
3360 1546 3630 1621 δημιουρ-

2061 1629 2155 1698 γοῦ
2181 1630 2310 1694 Θεὸς
2331 1631 2422 1684 καὶ
2449 1631 2636 1705 Πατὴρ
2654 1632 2866 1706 πρῶτον
2905 1635 3154 1689 ἁπάντων
3181 1637 3390 1704 ἐγέννα,
3417 1638 3484 1690 δι’
3517 1640 3626 1692 a6—
3649 1623 3666 1686 Ι

399 1715 553 1786 153
599 1727 652 1771 et
697 1718 962 1772 universa:
991 1719 1280 1788 probitatis
1318 1727 1478 1788 atque
1513 1719 1814 1774 honestatis
1837 1719 1949 1770 uni-

2059 1723 2153 1776 τοῦ
2187 1725 2280 1776 καὶ
2316 1726 2372 1776 ὲν
2404 1723 2560 1794 αὐτῷ
2593 1725 2719 1788 τοὺς
2774 1726 2879 1779 τῶν
2933 1726 3229 1797 μελλόντων
3277 1729 3492 1783 ἔσεσθαι
3524 1731 3630 1800 δη-

393 1824 548 1862 versa
579 1809 799 1876 virtute,
835 1811 902 1865 de
945 1811 1060 1865 suis
1111 1811 1296 1880 implet
1331 1811 1620 1874 thesauris,
1657 1810 1818 1880 idque
1849 1824 1957 1864 uno

391 1898 688 1968 eodemque
751 1902 884 1954 artis
930 1901 1168 1970 Opificio,
1224 1901 1508 1956 elementis
1556 1917 1686 1956 vero
1732 1907 1956 1955 naturas

389 1991 588 2059 quibus
635 1992 760 2052 sint,
793 1991 1029 2060 pratbere
1071 2008 1346 2062 nunquam
1403 1992 1644 2056 desistit;
1693 1993 1954 2046 misturas

391 2092 568 2136 autem
618 2089 671 2137 et
707 2091 1154 2153 temperamenta,
1184 2092 1238 2138 et
1271 2084 1504 2154 species,
1555 2090 1608 2137 et
1648 2081 1870 2146 formas,
1900 2089 1954 2138 et

2064 1815 2412 1885 μιουργικοὺς
2455 1815 2642 1880 λόγους
2689 1817 3071 1887 ὑφιστάμενος,
3102 1820 3194 1872 καὶ
3228 1821 3295 1873 τὰ
3331 1822 3631 1892 σπέρματά

2059 1922 2122 1974 γε
2155 1907 2252 1976 τῆς
2290 1905 2397 1959 τῶν
2449 1906 2584 1958 ὅλων
2647 1906 2956 1970 συστάσεως
2986 1924 3044 1960 τε
3093 1901 3185 1961 καὶ
3217 1909 3534 1980 διοικήσεως
3565 1915 3628 1968 ὲν

2059 1995 2204 2065 αὐτῷ
2226 1994 2711 2065 καταϐαλλόμενος.
2744 1997 2854 2066 Οὐχ
2886 1999 3014 2068 ὁρᾷς
3043 1997 3332 2070 ὀφθαλμοῖς
3358 2002 3447 2054 τὸν
3479 2006 3629 2072 σύμ-

2059 2103 2235 2138 παντα
2280 2086 2500 2156 κόσμον,
2528 2085 2584 2137 ὃν
2625 2086 2848 2157 οὐρανὸς
2878 2082 2956 2148 εἷς
2982 2104 3047 2138 πε
3058 2087 3392 2159 ριλαμϐάνει,
3425 2091 3632 2162 μυρίας

389 2175 629 2237 habitus,
674 2175 1068 2244 qualitatesque
1117 2176 1559 2238 innumerabiles,
1590 2183 1698 2227 tam
1757 2174 1810 2227 in
1841 2174 1949 2228 ani-

2056 2195 2114 2232 τε
2159 2178 2302 2249 ἀμφὶ
2338 2176 2526 2231 τοῦτον
2555 2178 2772 2248 χορείας
2809 2179 2900 2232 καὶ
2927 2179 3140 2250 ἄστρων
3166 2173 3581 2252 περιπολεύσεις
3607 2201 3626 2248 ς

388 2269 621 2322 malibus
649 2285 809 2338 quam
845 2268 898 2321 in
929 2269 1151 2338 plantis,
1187 2277 1302 2322 tam
1352 2268 1406 2324 in
1458 2269 1658 2321 animis
1691 2282 1856 2336 quam
1900 2267 1956 2320 in

387 2360 850 2429 corporibus,tam
879 2360 932 2414 in
965 2360 1319 2415 rationalibus
1339 2375 1498 2430 quam
1523 2361 1573 2413 in
1608 2360 1801 2424 brutis,
1819 2359 1955 2414 alias

387 2452 544 2504 aliter
587 2454 822 2516 varians,
855 2460 908 2507 et
932 2453 1144 2506 cunctis
1174 2453 1336 2507 simul
1367 2452 1550 2506 omnia
1585 2466 1691 2505 una
1723 2452 1774 2504 vi
1824 2450 1956 2506 sub-

386 2543 728 2604 ministrans,
777 2552 831 2597 et
877 2559 1040 2613 super
1089 2544 1269 2596 omnia
1330 2551 1562 2596 mentem
1618 2541 1950 2604 hominibus,

386 2652 497 2690 suae
515 2637 684 2706 ipsius
714 2635 1064 2704 cognitricem
1096 2633 1706 2703 contemplatricemque
1738 2632 1955 2702 sapien-

385 2728 473 2783 tize
500 2728 730 2789 donans,
782 2727 1173 2796 perspicueque
1219 2732 1380 2794 atque
1409 2724 1688 2778 evidenter
1739 2725 1953 2780 cunctis

384 2819 667 2882 assistens,
700 2833 865 2871 unum
917 2817 1176 2872 mundum
1231 2817 1468 2872 ostendit
1520 2817 1683 2870 unius
1728 2815 1954 2874 artificis

384 2906 544 2964 Verbi
573 2924 728 2979 opus.
759 2907 940 2963 Talem
984 2909 1147 2979 igitur
1189 2909 1408 2962 unicum
1441 2906 1657 2973 Filium,
1691 2909 1775 2963 sui
1814 2924 1950 2964 cnn-

2059 2269 2225 2323 Πάλιν
2241 2263 2319 2333 εἷς
2330 2269 2494 2340 ἥλιος,
2515 2270 2625 2324 ἀλλ’
2643 2271 2701 2323 ού
2721 2271 2955 2338 πλείους,
2973 2273 3068 2336 τὰς
3081 2274 3330 2327 ἁπάντων
3347 2275 3447 2328 ύπε
3455 2275 3628 2348 ρϐολῇ

2060 2363 2234 2432 φωτὸς
2267 2362 2530 2416 καλύπτει
2553 2364 2935 2434 μαρμαρυγὰς.
2974 2364 3128 2418 υῦτω
3177 2365 3310 2436 δῆτα
3333 2368 3448 2431 ἑνὸς
3466 2369 3628 2432 ὄντος

2059 2454 2288 2525 Πατρὸς,
2345 2455 2438 2506 ἕνα
2474 2455 2611 2524 χρῆν
2637 2456 2729 2507 καὶ
2758 2455 2846 2508 τὸν
2873 2456 2996 2509 Υἱὸν
3026 2451 3187 2526 εἶναι.
3219 2459 3282 2510 Et
3314 2459 3381 2522 δ’,
3420 2461 3500 2512 ὅτι
3545 2461 3627 2532 μὴ

2057 2543 2148 2595 καὶ
2177 2542 2408 2606 πλείους,
2438 2543 2806 2614 ὲπιμέμψαιτό
2838 2562 2940 2609 τις,
2978 2545 3096 2617 ὥρα
3126 2546 3217 2600 τὸν
3258 2548 3514 2612 τοιοῦτον,
3537 2551 3630 2602 ὅτι

2061 2633 2135 2704 μὴ
2169 2635 2262 2687 καὶ
2315 2634 2497 2703 ἡλίους
2543 2635 2762 2706 συνίστη
2823 2635 3057 2701 πλείους,
3105 2640 3199 2692 καὶ
3241 2639 3486 2711 σελήνας,
3527 2642 3633 2695 καὶ

2056 2727 2308 2796 κόσμους,
2335 2727 2428 2780 καὶ¹
2449 2727 2616 2799 μυρία
2641 2728 2795 2792 ἄττα,
2823 2729 3115 2793 αἰτιᾶσθαι,
3154 2733 3474 2802 μαινομένου
3494 2734 3631 2803 τρό-

2057 2836 2155 2872 πον
2186 2817 2253 2870 «ea:
2290 2818 2425 2890 ὀρθά
2453 2821 2545 2872 καὶ
2583 2815 2642 2873 εὖ
2671 2819 2858 2891 ἔχοντα
2901 2821 2999 2891 τῆς
3032 2821 3244 2890 φύσεως
3276 2821 3636 2894 διαστρέφειν

2055 2911 2475 2982 ἐπιχειροῦντος.

383 3004 490 3060 silii
523 3003 830 3060 ellectorem
860 3019 923 3058 ac
951 3005 1292 3074 magistrum,
1353 3012 1407 3060 et
1465 3011 1784 3058 cunctarum
1833 3020 2014 3060 rerum
2053 3007 2319 3076 Opiﬁcem,
2378 3021 2666 3076 supremus
2716 3014 2880 3078 atque
2929 3007 3100 3079 ipsius
3136 3009 3343 3078 opificis
3380 3008 3522 3066 Deus
3565 3020 3632 3065 et.

382 3113 578 3169 parens
615 3100 845 3169 primum
875 3100 1114 3154 omnium
1145 3101 1349 3169 genuit,
1379 3115 1472 3170 per
1527 3101 1678 3154 illum
1705 3107 1758 3154 et
1787 3101 1840 3154 in
1871 3101 1964 3156 illo
2000 3117 2186 3156 eorum
2239 3119 2359 3173 qua:
2394 3102 2574 3156 futura
2605 3111 2759 3157 erant
2812 3103 3034 3174 opifices
3057 3104 3295 3159 rationes
3320 3103 3625 3169 sufﬁciens,

381 3191 698 3261 seminaque
761 3193 1166 3248 constitutionis
1239 3193 1758 3264 gubernationisque
1822 3194 2064 3249 universi
2121 3196 2176 3250 in
2225 3197 2316 3250 illo
2372 3196 2617 3266 conjecta
2681 3196 2906 3252 habens.
2977 3195 3168 3251 Nonne
3231 3198 3405 3252 oculis
3439 3198 3632 3252 intue-

381 3285 459 3342 ris
508 3287 768 3343 mundum
831 3289 1166 3353 universum,
1214 3305 1374 3358 quem
1436 3289 1639 3343 caelum
1691 3305 1860 3342 unum
1901 3291 2296 3360 complectitur,
2355 3291 2875 3361 innumerabiliaque
2929 3291 3131 3345 circum
3182 3291 3326 3345 hunc
3375 3293 3629 3361 tripudia

378 3387 434 3433 et
457 3388 726 3437 astrorum
755 3382 1172 3438 conversiones?
1205 3382 1297 3439 Sol
1316 3384 1443 3440 item
1473 3400 1614 3438 unus
1677 3383 1959 3450 duntaxat,
2024 3402 2130 3441 non
2169 3388 2374 3457 plures,
2429 3387 2758 3442 abundantia
2801 3387 3022 3442 luminis
3081 3388 3322 3440 omnium
3375 3389 3632 3443 occultat

381 3473 712 3543 splendores.
751 3473 841 3528 Sic
900 3489 1030 3529 sane
1083 3489 1207 3528 cum
1264 3489 1407 3530 unus
1443 3476 1514 3530 sit
1559 3475 1740 3539 Pater,
1777 3494 1944 3532 unum
1981 3479 2146 3533 etiam
2201 3476 2394 3532 Filium
2446 3493 2567 3532 esse
2610 3485 2842 3547 Oportet.
2900 3477 3052 3542 Quod
3109 3479 3152 3533 si
3188 3479 3311 3547 quis
3352 3477 3402 3531 id
3433 3495 3634 3548 νερτε-

381 3568 581 3623 heudat
622 3570 766 3640 quod
813 3569 995 3640 plures
1043 3585 1150 3624 non
1197 3571 1464 3641 genuerit,
1519 3569 1610 3625 hic
1654 3573 1765 3641 jam
1820 3572 1952 3627 illud
1990 3589 2204 3642 quoque
2245 3587 2503 3628 accusare
2555 3573 2770 3642 poterit,
2836 3571 2980 3641 quod
3055 3586 3163 3626 non
3216 3572 3395 3640 plures
3443 3572 3622 3633 soles,

378 3674 430 3719 et
461 3665 661 3727 .lunas,
709 3673 762 3719 et
813 3665 1067 3730 mundos,
1145 3673 1197 3720 et
1241 3665 1346 3718 alia
1396 3667 1774 3721 inumerabilia
1837 3667 2160 3730 condiderit,
2209 3674 2263 3722 et
2316 3682 2468 3722 more
2515 3667 2838 3722 insanientis
2915 3665 3239 3735 cujuspiam,
3286 3682 3404 3737 qua:
3460 3674 3628 3720 recta

379 3766 527 3820 sum.
581 3759 824 3828 beneque
882 3761 936 3814 in
999 3768 1196 3814 natura
1253 3775 1314 3815 se
1373 3761 1603 3828 habent,
1640 3761 2180 3831 pervertere_moliri.

1115 3881 1205 3938 VI.

377 3969 528 4038 Quod
559 3989 590 4024 a
618 3972 789 4042 prima
823 3973 1192 4026 constitutione
1221 3973 1471 4034 universi,
1492 3970 1694 4024 occulla
1711 3971 1940 4041 quadam

443 4047 718 4113 ignotaque
767 4045 989 4104 ratione,
1036 4042 1277 4097 Christus
1313 4045 1403 4096 Dei
1434 4042 1695 4112 religiosis
1731 4042 1937 4112 Deoque

441 4114 608 4180 gratis
637 4112 829 4166 animis
867 4112 1136 4181 prwsidet.

444 4201 555 4257 Hac
590 4204 756 4272 igitur
788 4204 1020 4266 ratione,
1052 4202 1507 4273 quemadmodum
1539 4204 1590 4257 in
1621 4203 1781 4258 rebus
1821 4217 1940 4272 qua:

371 4293 478 4348 sub
518 4302 794 4362 aspectum
829 4294 1051 4359 cadunt,
1083 4294 1165 4349 sol
1197 4309 1340 4348 unus
1366 4295 1679 4349 universum
1709 4295 1943 4347 illustrat

2779 3885 2869 3950 ς’.

2056 3972 2148 4039 Ὠς
2171 3971 2288 4026 ἀπὸ
2327 3969 2562 4040 πρώτης
2607 3971 2960 4037 συστάσεως
3010 3969 3129 4024 τῶν
3169 3970 3327 4023 ὅλων
3366 3967 3629 4040 ἀφανῶς

2114 4049 2146 4097 d
2171 4043 2424 4123 Xpiqtdq
2454 4043 2559 4097 τοῦ
2605 4041 2752 4096 Θεοῦ
2783 4042 2900 4096 τῶν
2931 4040 3222 4110 θεοφιλῶν
3243 4039 3457 4108 ψυχῶν
3482 4040 3625 4091 ἐπι-

2113 4131 2334 4168 aram.

2114 4205 2297 4278 Ταύτῃ
2316 4205 2357 4256 δ’
2389 4201 2480 4258 οὖν
2506 4204 2581 4267 ὡς
2606 4206 2660 4256 ὲν
2691 4205 2903 4272 ὁρατοῖς
2941 4203 3090 4274 ἥλιος
3122 4196 3200 4265 εἷς
3237 4201 3327 4254 τὸν
3357 4199 3624 4269 αἰσθητὸν

2045 4298 2256 4352 ἅπαντα
2285 4295 2628 4364 καταλάμπει
2670 4294 2891 4364 κόσμον,
2928 4291 3068 4346 οὕτω
3100 4293 3233 4363 δῆτα
3273 4292 3365 4344 καὶ
3389 4293 3445 4343 ὲν
3477 4306 3616 4359 νοη-

371 4385 521 4440 hunc
561 4385 871 4439 sensibilem
897 4388 1183 4449 mundum,
1209 4388 1280 4440 ita
1315 4387 1368 4440 in
1393 4387 1460 4442 iis
1487 4403 1606 4457 qua:
1645 4388 1945 4458 intelligen-

2056 4392 2154 4452 τοῖς
2186 4387 2282 4450 τὰς
2301 4387 2598 4448 ἀθανάτους
2628 4385 2723 4438 καὶ
2755 4385 3074 4454 ἀσωμάτους
3103 4383 3376 4452 δυνάμεις.
3419 4381 3624 4450 νοερᾶς

369 4479 449 4533 tia
492 4477 608 4532 sola
637 4478 950 4546 capiuntur,
983 4478 1318 4533 immortales
1349 4488 1403 4533 et
1435 4479 1786 4549 incorporeas
1839 4495 1940 4551 po-

365 4575 618 4633 testates,
649 4577 703 4624 et
727 4570 1086 4640 intelligentes
1109 4587 1172 4624 ac
1195 4572 1488 4627 rationales
1514 4582 1760 4636 naturas,
1785 4574 1940 4642 quasi

367 4662 791 4718 innumerabiles
847 4663 1031 4717 stellas
1087 4664 1334 4734 lucisque
1384 4663 1578 4730 fontes,
1616 4681 1783 4719 unum
1847 4665 1938 4721 Dei

365 4753 667 4826 perfectum
701 4753 971 4808 illuminat
1003 4752 1260 4808 Verbum.
1295 4755 1452 4827 155
1476 4753 1752 4825 Siquidem
1781 4771 1942 4826 opor-

367 4849 472 4901 tuit
499 4861 662 4900 unam
697 4862 914 4916 quoque
943 4863 1106 4917 super
1135 4850 1316 4902 omnia
1347 4864 1469 4904 csse
1499 4848 1722 4902 omnino
1743 4848 1936 4917 legem,

364 4945 527 5008 atque
567 4939 618 4991 in
651 4938 904 4993 omnibus
933 4949 986 4993 et
1018 4953 1112 5008 per
1149 4940 1329 4992 omnia
1359 4948 1649 5008 penetrans
1691 4937 1781 4993 Dei
1818 4953 1938 4992 ver-

363 5027 516 5092 bum,
541 5035 599 5082 ut
621 5030 783 5082 etiam
814 5029 869 5082 in
891 5029 992 5083 hoc
1027 5029 1280 5100 imaginis
1303 5029 1604 5086 similitudo
1631 5046 1752 5083 cum
1778 5027 1938 5083 Patre

363 5133 750 5190 usquequaque
783 5132 1044 5184 servetur,
1086 5129 1194 5174 tam
1221 5120 1278 5174 in
1300 5135 1365 5174 eo
1399 5120 1540 5190 quod
1569 5121 1636 5174 ad
1661 5121 1934 5185 virtutem,

360 5211 614 5281 quodque
663 5211 729 5265 ad
774 5219 1092 5280 potestatem
1150 5219 1312 5281 atque
1340 5213 1634 5267 essentiam
1677 5211 1933 5280 pertinet,

357 5316 520 5368 quam
555 5301 609 5356 in
645 5317 708 5356 eo
749 5302 892 5372 quod
936 5304 1001 5356 ad
1036 5303 1262 5357 unitatis
1295 5303 1800 5373 singularitatisque
1836 5318 1936 5354 nu-

360 5407 589 5447 merum.
625 5392 761 5446 Cum
813 5401 988 5448 autem
1033 5394 1234 5464 alioqui
1267 5393 1614 5447 multiformis
1646 5408 1708 5445 ac
1748 5393 1926 5445 multi-

361 5481 518 5538 moda
545 5484 934 5554 gignendarum
960 5501 1140 5541 rerum
1172 5495 1386 5550 natura,
1413 5483 1934 5539 innumerabilibus-

358 5589 466 5646 que
513 5589 576 5629 ac
624 5576 792 5630 variis
836 5578 972 5632 alias
1021 5580 1144 5633 aliis
1201 5579 1614 5639 mutationibus,
1655 5578 1727 5632 ob
1779 5592 1929 5632 suam

360 5667 533 5740 ipsius
562 5666 984 5725 imbecillitatem
1005 5671 1236 5726 obnoxia
1269 5673 1446 5728 futura
1483 5680 1648 5739 esset,
1685 5687 1784 5727 nec
1818 5686 1924 5723 non

2041 4495 2100 4531 τε
2127 4480 2218 4531 καὶ
2243 4477 2465 4547 λογικὰς
2503 4476 2686 4540 οὐσίας
2726 4478 2969 4547 μυρίους,
3010 4475 3193 4546 ὥσπερ
3238 4473 3470 4545 ἀστέρας
3516 4473 3628 4526 καὶ

2043 4575 2348 4644 φωστῆρας,
2406 4566 2484 4634 εἷς
2515 4573 2542 4622 ὁ
2570 4570 2663 4623 τοῦ
2698 4568 2829 4624 Θεοῦ
2873 4569 3203 4637 καταυγάςει
3244 4567 3412 4633 Λόγος
3437 4581 3449 4594 ·
3484 4565 3626 4618 ἐπεὶΙ

2041 4666 2133 4718 καὶ
2164 4666 2298 4736 χρῆν
2318 4665 2412 4722 ἕνα
2438 4664 2526 4717 τὸν
2555 4664 2644 4715 ἐπὶ
2674 4663 2806 4714 πᾶσι
2836 4661 2958 4714 καθ’
2983 4662 3138 4724 ὅλων,
3170 4660 3262 4714 καὶ
3283 4661 3370 4712 τὸν
3387 4661 3442 4711 ὲν
3471 4661 3622 4712 πᾶσι

2041 4759 2133 4813 καὶ
2155 4759 2242 4813 διὰ
2269 4758 2482 4811 πάντων
2527 4752 2732 4826 ’ἥκοντα
2759 4754 2853 4808 τοῦ
2891 4753 3024 4807 Θεοῦ
3060 4755 3251 4822 Λόγον,
3295 4752 3369 4816 ὡς
3407 4753 3472 4806 ἂν
3508 4753 3622 4805 κάν

2038 4853 2208 4921 τούτῳ
2260 4851 2321 4902 τὸ
2367 4850 2463 4919 τῆς
2519 4847 2722 4909 εἰκόνος
2756 4847 2992 4916 ἐμφερὲς
3021 4843 3097 4914 τῷ
3139 4843 3314 4916 Πατρὶ
3343 4843 3434 4896 καὶ
3466 4844 3623 4895 κατὰ

2039 4943 2215 4996 πάντα
2239 4937 2591 5003 ἀποσώζοιτο,
2625 4940 2764 4990 κατά
2797 4955 2854 4989 τε
2876 4937 2974 5008 τὴν
3005 4935 3222 5008 ἀρετὴν,
3257 4935 3398 4989 κατά
3417 4951 3474 4987 τε
3512 4937 3622 5006 τὴν

2037 5034 2282 5104 δύναμιν,
2309 5034 2400 5086 καὶ
2419 5033 2516 5103 τὴν
2551 5032 2758 5096 οὐσίαν,
2787 5031 2925 5085 κατά
2941 5047 2999 5082 τε
3032 5029 3122 5084 τὸν
3146 5028 3243 5097 τῆς
3271 5027 3494 5099 μονάδος
3515 5029 3620 5080 καὶ

2037 5123 2220 5186 ἐνάδος
2245 5122 2495 5194 ἀριθμὸν,
2531 5121 2839 5185 πολυειδοῦς
2865 5122 2918 5174 δὲ
2949 5121 3121 5184 ἄλλως
3147 5122 3240 5173 καὶ
3267 5119 3618 5192 πολυτρόπου

2037 5214 2240 5283 καὶτῆς
2260 5213 2364 5265 τῶν
2383 5211 2652 5282 γεννητῶν
2674 5212 2969 5282 μελλούσης
2984 5211 3380 5282 ὑποστήσεσθαι
3395 5210 3617 5274 οὐσίας,

2039 5303 2257 5374 μυρίαις
2281 5320 2339 5354 τε
2374 5303 2468 5354 καὶ
2516 5301 2783 5362 ποικίλαις
2815 5299 2999 5353 ἄλλοτε
3050 5299 3235 5362 ἄλλαις
3287 5295 3616 5368 μεταϐολαῖς

2033 5395 2099 5449 δι’
2133 5395 2333 5448 οἰκείαν
2357 5393 2634 5446 ἀσθένειαν
2659 5393 3102 5463 ύποκεισομένης,
3129 5393 3229 5461 τῆς
3254 5408 3311 5442 τε
3344 5390 3619 5444 ἀνωτάτω

2033 5485 2126 5538 τοῦ
2157 5484 2363 5556 Ιῐατρὸς
2385 5484 2662 5554 δυνάμεως
2684 5483 2749 5536 δι’
2773 5483 3072 5554 ὑπερϐολὴν
3102 5483 3198 5554 τῆς
3227 5478 3617 5549 ἀνεκφράστου

2035 5576 2128 5628 καὶ
2163 5575 2262 5644 τῆς
2316 5577 2477 5628 πᾶσιν
2543 5576 3002 5648 άπειρομεγέθους
3058 5574 3271 5642 φύσεως
3321 5571 3618 5641 ἀπολειφθ-

2041 5667 2222 5738 μένης,
2261 5667 2532 5730 ἀδυνάτως
2563 5685 2619 5721 τε
2639 5667 2863 5740 ἑξούσης
2895 5657 2992 5738 τῆς
3021 5667 3312 5737 ἀγεννήτου
3335 5666 3427 5718 καὶ
3451 5666 3613 5736 ἀχω-
