3930 6202
277 265 385 323 265

1132 270 1797 329 'DEMONSTRATiONIS
1837 271 2289 331 EVANGELlCIE
2323 279 2447 334 LIB.
2493 279 2580 334 IV.

3379 287 3485 342 266

275 387 438 455 ρὴτου
476 385 742 459 θεότητος,
764 389 894 461 αὐτὴ
928 409 987 459 γε
1021 392 1246 463 γεννητὴ
1267 389 1401 447 οὐσα
1432 396 1673 465 μετέχειν
1709 396 1803 448 ἀντ

1907 445 1908 449 η
1936 407 1966 445 a
1994 396 2232 463 supremi
2271 397 2450 453 Patris
2498 398 2696 452 virtute
2728 396 3084 466 declinatum,
3115 400 3184 453 ob
3215 399 3361 456 illius
3393 418 3489 457 na-

268 480 441 533 ωπεῖν
477 497 535 532 τε
574 482 705 543 ἀνω,
736 484 827 535 καὶ
873 484 1208 539 ἀντιϐλέπειν
1239 490 1357 551 ταῖς
1387 489 1831 553 ἀποστιλϐούσαις

268 571 365 623 τοῦ
400 572 572 626 ἀῖδίου
602 576 774 642 φωτὸς
798 576 1050 648 ἀρρήτοις
1071 583 1472 651 μαρμαρυγαῖς,
1501 582 1634 652 χρῆν
1661 582 1829 653 δήπου

269 662 499 727 εἰκότως
544 666 633 718 τὸν
694 668 999 736 πανάγαθον
1039 672 1255 742 Πατέρα
1306 673 1398 749 καὶ
1452 674 1674 745 Σωτῆρα
1722 675 1830 729 τῶν

267 753 426 817 ὅλων,
469 756 545 819 ὡς
572 757 637 810 ἂν
678 758 750 829 μὴ
788 760 1062 824 παντελῶς
1094 764 1125 833 ἡ
1165 763 1270 816 τῶν
1300 764 1420 833 ἄρτι
1457 766 1829 837 γενησομένων

270 845 452 913 φύσις,
497 847 698 919 ἔρημος
738 845 869 904 οὖσα
896 852 993 921 τῆς
1018 852 1180 906 αὐτοῦ
1214 855 1511 918 κοινωνίας,
1537 856 1642 909 τῶν
1676 858 1830 927 μεγί-

269 952 411 989 στων
439 938 655 1004 ἀγαθῶν
688 944 945 1011 περοίτο,
968 942 1135 1014 μέσην
1167 943 1286 997 τινὰ
1310 945 1704 1016 παρεμϐάλλειν
1730 948 1827 1019 τὴν

265 1027 362 1080 τοῦ
411 1030 744 1098 Μονογενοῦς
793 1033 955 1086 αὐτοῦ
1018 1036 1111 1087 καὶ
1161 1036 1497 1107 πρωτοτόκου
1539 1037 1686 1093 θείαν
1732 1041 1825 1093 καὶ

265 1119 515 1189 παναλκῆ
552 1121 644 1172 καὶ
682 1123 979 1194 πανάρετον
1028 1125 1271 1196 δύναμιν,
1324 1114 1685 1197 ἀκριϐέστατα
1727 1130 1825 1199 μὲν

265 1211 363 1261 καὶ
394 1211 475 1261 ὅτι
503 1211 735 1280 μάλιστα
766 1214 1045 1282 ἐγγυτάτω
1077 1216 1153 1287 τῷ
1193 1219 1364 1289 Πατρὶ
1392 1220 1823 1291 προσομιλοῦσιν

266 1298 397 1362 ἴσως
427 1316 485 1349 τε
516 1300 679 1352 αὐτοῦ
724 1302 829 1355 τῶν
872 1304 1190 1376 ἀπορρήτων
1220 1308 1621 1363 ἀπολαύουσαν’
1654 1312 1821 1381 πραό-

261 1402 398 1440 τατα
431 1390 484 1443 δὲ
519 1394 925 1460 ουγκατιοῦσαν,
944 1398 1035 1450 καὶ
1066 1398 1407 1468 ἀμωσγέπως
1432 1404 1824 1473 συσχηματιζο-

263 1480 436 1550 μένην
466 1488 572 1547 τοῖς
591 1485 688 1554 τῆς
714 1486 886 1558 ἄκρας
933 1488 1478 1563 ἀπολιμπανομένοις.
1510 1494 1597 1548 διά
1629 1513 1685 1548 τε
1726 1495 1821 1566 τὴν

265 1570 421 1638 σφῶν
451 1573 722 1628 ἀσθένειαν
770 1577 869 1647 τῆς
900 1578 963 1631 ἐκ
996 1580 1087 1632 τοῦ
1132 1581 1379 1653 δευτέρου
1404 1583 1731 1653 βελτιώσεὼς
1759 1604 1818 1640 τε

258 1664 357 1715 καὶ
382 1664 641 1733 ὠφελείας
663 1668 997 1741 ὲνχρῄζουσι,
1021 1673 1117 1737 τὰς
1140 1675 1285 1745 ἡλίου
1305 1662 1818 1751 μαρμαρυγάςθεᾷν

260 1754 446 1825 ἠρέμα
473 1758 567 1810 καὶ
589 1759 773 1829 πράως
806 1763 1195 1831 συγκατιούσας
1219 1767 1366 1836 ἡμῖν,
1384 1747 1689 1833 οὐκ-ἄλλως
1722 1747 1817 1841 τῆς
1851 1747 1891 1800 Β

255 1843 353 1896 τοῦ
384 1847 559 1913 φωτὸς
595 1850 828 1922 ἀκράτου
864 1853 1142 1927 δυνάμεως
1170 1858 1299 1921 οἴοις
1336 1877 1394 1912 τε
1426 1859 1711 1915 ἀπολαύειν
1729 1862 1815 1916 διὰ

254 1937 354 2009 τὴν
388 1939 637 2011 σώματος
686 1943 981 2001 ἀσθένειαν.
1032 1946 1093 2002 Et
1139 1949 1289 2017 γοῦν,
1344 1951 1418 2013 ὡς
1462 1954 1535 2004 ὲνη
1565 1953 1813 2007 ὑποθέσει

253 2030 439 2099 λόγου,
484 2034 669 2099 καθεὶς
712 2037 995 2108 οὐρανόθεν
1042 2042 1201 2105 αὐτὸς
1256 2043 1446 2096 ἑαυτὸν
1476 2046 1504 2096 6
1550 2046 1814 2118 παμφαὴς

249 2121 404 2190 ἥλιος
466 2126 562 2179 σὺν
608 2127 911 2199 ἀνθρώποις
949 2131 1041 2183 ἐπὶ
1080 2133 1183 2203 γῆς
1235 2133 1577 2199 πολιτεύοιτο,
1629 2136 1813 2190 οὐδένα

251 2217 362 2268 τῶν
388 2217 483 2271 ἐπὶ
535 2220 635 2290 γῆς
695 2224 869 2291 μεῖναι
909 2223 975 2276 ἂν
1028 2224 1314 2297 ἀδιάφορον
1339 2264 1354 2289 ,
1420 2226 1635 2280 πάντων
1694 2229 1813 2281 συλ-

252 2306 456 2378 λήϐδην
518 2310 771 2381 ἐμψύχων
824 2313 958 2383 ὁμοῦ
1004 2315 1096 2367 καὶ
1136 2315 1355 2387 ἀψύχων
1396 2318 1568 2391 ἀθρόᾳ
1617 2323 1682 2392 τῇ
1718 2321 1810 2375 τοῦ

251 2399 431 2466 φωτὸς
486 2402 752 2474 προσϐολῇ
815 2404 1360 2478 διαφθαρησομένων’
1424 2410 1615 2466 θᾶττον
1681 2413 1811 2481 γοῦν

250 2490 347 2543 καὶ
402 2492 632 2559 τυφλοὺς
703 2497 1058 2567 ἀπεργάσαιτ’
1105 2498 1169 2552 ἂν
1220 2501 1346 2565 τοὺς
1393 2502 1501 2555 τῶν
1561 2504 1809 2576 ὁρώντων

246 2581 797 2660 όφθαλμοὺς,βλ.άϐης
830 2590 924 2642 καὶ
947 2589 1147 2660 φθορᾶς
1194 2591 1325 2645 πολὺ
1374 2594 1572 2664 μᾶλλον
1604 2596 1637 2666 ἢ
1676 2595 1811 2664 ὠφε-

250 2672 402 2735 λείας
429 2676 664 2743 γεγονὼς
685 2682 794 2742 τοῖς
823 2682 983 2733 πᾶσιν
1015 2682 1203 2746 αἴτιος,
1242 2684 1300 2735 οὐ
1327 2682 1423 2754 τὴν
1454 2684 1611 2753 φύσιν
1649 2687 1807 2751 αὐτὸς

251 2762 328 2815 ῶν
381 2767 637 2832 τοιοῦτος,
674 2773 785 2833 τοῖς
830 2772 886 2824 δὲ
938 2773 1222 2845 ἀφορήτως
1271 2774 1449 2845 ἔχουσι
1502 2776 1567 2828 δι’
1603 2777 1807 2831 οἰκείαν

245 2852 532 2909 ἀσθένειαν
597 2858 696 2926 τῆς
758 2860 1193 2933 ὑπερϐαλλούσης
1256 2866 1428 2937 αὐγῆς
1496 2868 1803 2935 ἀπολαύειν,

246 2946 450 2998 τοιόσδε
479 2965 562 3011 τις
592 2950 1036 3024 ἀποτελούμενος.
1065 2956 1128 3008 Τί
1160 2956 1334 3010 τοίνυν
1362 2958 1430 3011 τὰ
1466 2960 1626 3032 ὅμοια
1668 2980 1804 3032 μαν-

246 3034 426 3089 θάνων
452 3040 581 3109 περὶ
610 3040 742 3095 Θεοῦ
771 3043 1097 3115 θαυμάζεις;
1128 3040 1189 3100 οὗ
1216 3048 1280 3119 δὴ
1310 3050 1406 3120 τῆς
1438 3052 1674 3123 ἀρρήτου
1709 3055 1803 3108 καὶ

244 3127 624 3198 ἀνεκτράστου
654 3133 929 3204 δυνάμεώς
956 3153 1016 3189 τε
1050 3138 1143 3190 καὶ
1168 3139 1354 3203 οὐσίας
1380 3140 1553 3194 οὐδενὶ
1584 3145 1802 3213 μέτεστι

245 3218 363 3271 τῶν
399 3219 582 3284 όντων,
628 3224 759 3295 πλὴν
803 3226 884 3279 ἑνὶ
931 3229 1094 3299 μόνῳ,
1127 3232 1429 3296 κοινωνίας,
1478 3233 1535 3287 ὃν
1572 3236 1729 3298 αὐτὸς
1775 3238 1804 3290 6

246 3309 445 3381 Πατὴρ
493 3316 705 3387 προνοίᾳ
745 3318 854 3372 τῶν
886 3320 1019 3375 ὅλων
1058 3323 1164 3394 πρὸ
1192 3323 1300 3376 τῶν
1340 3325 1513 3378 ἄλλων
1546 3328 1802 3382 ἁπάντων

241 3406 628 3474 συνεστήσατο,
668 3409 742 3474 ὡς
785 3412 851 3466 ἂν
893 3413 965 3484 μὴ
1003 3414 1279 3478 παντελῶς
1321 3418 1353 3488 ή
1392 3419 1499 3471 τῶν
1532 3421 1802 3490 γεννητῶν

241 3492 511 3548 ἀποπέσοι
553 3497 707 3565 φύσις
750 3500 815 3553 δι’
853 3502 1057 3555 οἰκείαν
1096 3504 1311 3558 ἀτονίαν
1355 3506 1448 3559 καὶ
1481 3508 1799 3579 ἀδυναμίαν,

239 3585 342 3653 τῆς
382 3587 671 3658 ἀγεννήτου
705 3593 796 3645 καὶ
833 3594 1113 3666 ἀχωρήτου
1149 3598 1428 3670 Πατρικῆς
1463 3602 1646 3667 οὐσίας
1690 3603 1799 3657 διε·

244 3675 454 3729 στῶσα·
496 3679 642 3749 μένοι
670 3681 723 3735 δὲ
753 3686 845 3737 καὶ
887 3686 1037 3753 αὐξοι
1068 3688 1159 3742 καὶ
1203 3692 1455 3761 τρέφοιτο
1489 3694 1590 3762 τῆς
1629 3696 1799 3767 μέσης

238 3767 581 3823 ἀπολαύουσα
604 3776 884 3844 χορηγίας,
910 3779 975 3848 ἣν
993 3781 1020 3833 6
1045 3781 1335 3853 μονογενὴς
1357 3782 1448 3835 τοῦ
1474 3785 1610 3838 Θεοῦ
1630 3788 1800 3855 Λόγος

239 3857 439 3913 οὔποτε
482 3865 591 3926 τοῖς
623 3867 784 3917 πᾶσιν
829 3869 1083 3940 ἐπαρκῶν
1124 3871 1487 3943 διαλιμπάνει,
1522 3878 1693 3950 πάντη
1741 3880 1797 3932 δὲ

240 3948 456 4017 χωρῶν,
484 3952 576 4004 καὶ
601 3952 688 4007 διὰ
708 3954 924 4009 πάντων
959 3962 1465 4033 περιπορευόμενος,
1496 3968 1709 4022 πάντων
1738 3970 1797 4036 ἐξ

242 4037 362 4130 ίσης
381 4040 482 4109 τῆς
504 4045 769 4114 σωτηρίας
790 4052 1022 4118 προνοεῖ,
1049 4050 1277 4119 λογικῶν
1299 4056 1433 4126 ὁμοῦ
1456 4061 1546 4112 καί
1566 4061 1790 4130 ἀλόγων,

237 4126 450 4220 θνητῶν
482 4149 538 4185 τε
568 4134 659 4187 καὶ
682 4136 980 4205 ἀθανάτων,
1012 4144 1270 4213 οὐρανίων
1299 4165 1359 4200 τε
1396 4150 1487 4204 καὶ
1511 4126 1785 4220 ἐπιγείων,

235 4216 394 4273 θείων
419 4238 479 4273 τε
515 4224 606 4277 καὶ
650 4226 893 4299 ἀοράτων
921 4231 1217 4302 δυνάμεων,
1264 4239 1354 4292 καὶ
1384 4241 1677 4313 συλλήϐδην
1714 4246 1791 4297 εί-

235 4311 379 4371 πείν,
412 4310 662 4367 ἁπάντων
696 4317 794 4370 ὅσα
823 4318 887 4389 δὴ
915 4319 1009 4372 τοῦ
1035 4318 1171 4376 εἶναι
1193 4325 1259 4378 δι’
1289 4327 1450 4379 αὐτοῦ
1476 4332 1754 4402 μετείληχε
1773 4351 1786 4363 ·

1937 490 2072 537 turae
2099 486 2538 555 superlationem,
2565 503 2684 556 quae
2712 503 2810 543 nec
2839 488 2944 543 dici
2980 498 3175 559 potest.
3196 500 3248 545 et
3269 494 3488 548 omnino

1937 574 2157 630 infinita:
2202 578 2589 647 magnitudinis
2640 587 2743 641 est,
2792 594 2967 650 neque
3016 596 3255 649 unquam
3304 583 3378 637 ad
3429 584 3485 638 id

1935 665 2208 721 facultatis
2248 676 2590 737 perventura,
2632 675 2690 721 ut
2740 668 2854 737 ipsa
2903 676 3080 723 ortum
3127 669 3352 734 habens,
3396 682 3490 726 aut

1934 755 2079 813 illius
2116 758 2413 813 divinitatis
2462 760 2732 829 particeps
2784 760 2952 824 fieret,
2996 776 3115 830 quae
3161 776 3261 815 nec
3307 772 3487 817 ortum

1934 846 2112 911 habet,
2140 864 2239 903 nec
2267 851 2384 919 capi
2417 850 2864 920 comprehendive
2898 859 3095 921 potest,
3130 863 3222 907 aut
3252 854 3488 910 intuere-

1934 945 2022 992 tur
2068 956 2306 1004 sursum,
2343 942 2749 1012 intenderetque
2772 944 2939 997 aciem
2968 946 3293 1001 contraillos
3330 946 3487 1001 lumi-

1931 1030 2018 1085 nis
2080 1034 2389 1102 sempiterni
2440 1034 2643 1099 radios,
2691 1035 2782 1104 qui
2827 1036 2993 1091 nullis
3044 1037 3222 1091 verbis
3255 1038 3484 1107 exprimi

1931 1133 2178 1193 possunt,
2197 1126 2452 1180 nimirum
2481 1142 2703 1183 necesse
2734 1126 2856 1194 fuit,
2884 1144 2985 1183 nec
3016 1129 3237 1199 injuria,
3260 1138 3317 1183 ut
3344 1130 3486 1199 opti-

1930 1230 2050 1270 mus
2102 1232 2294 1286 parens
2341 1226 2394 1273 et
2447 1220 2683 1275 universi
2730 1231 3102 1284 conservator,
3147 1237 3213 1275 ne
3262 1222 3483 1277 omnino

1930 1321 2106 1360 rerum
2149 1309 2396 1377 protinus
2442 1311 2829 1381 gignendarum
2860 1321 3086 1376 natura,
3128 1313 3173 1368 si
3203 1329 3324 1367 cum
3365 1314 3482 1384 ipso

1929 1397 2061 1451 nihil
2094 1414 2319 1468 prorsus
2347 1403 2791 1465 communicaret,
2825 1405 3075 1459 maximis
3115 1406 3271 1459 bonis
3302 1406 3482 1474 priva-

1926 1498 2092 1557 retur,
2128 1492 2355 1547 mediam
2386 1496 2671 1564 quamdam
2708 1497 2866 1551 unice
2899 1498 2981 1551 sui
3010 1499 3288 1567 primoque
3317 1500 3478 1568 geniti

1926 1579 2043 1635 Filii
2074 1582 2332 1648 divinam,
2365 1593 2417 1640 et
2446 1586 2893 1656 omnipotentem.
2924 1595 2975 1643 et
3020 1589 3272 1643 omnibus
3310 1590 3480 1644 virtu-

1925 1674 2068 1729 tibus
2094 1676 2474 1733 exuberantem
2502 1678 2611 1732 vim
2637 1679 3000 1748 interponere,
3027 1694 3144 1749 quae
3176 1681 3480 1736 certissime

1920 1775 1971 1819 et
2009 1781 2171 1836 quam
2201 1770 2444 1839 proxime
2478 1778 2532 1825 et
2565 1787 2726 1841 quam
2758 1772 3177 1828 familiarissime
3206 1788 3328 1826 cum
3361 1774 3479 1844 ipso

1920 1854 2078 1911 Patre
2106 1869 2418 1916 versaretur
2445 1870 2499 1917 et
2520 1864 2938 1933 colloqueretur,
2954 1865 3333 1934 aequaliterque
3354 1881 3477 1921 cum

1919 1951 2106 2004 eodem
2136 1953 2352 2008 arcanis
2382 1952 2671 2018 frueretur,
2700 1955 3085 2026 benignissime
3116 1974 3245 2012 vero
3276 1959 3475 2014 demit—

1920 2049 2053 2096 teret
2081 2057 2168 2109 se,
2198 2049 2251 2096 et
2277 2045 2658 2114 quoquomodo
2704 2045 2818 2100 fieri
2855 2057 3071 2116 posset,
3106 2049 3476 2106 conformaret

1918 2131 1983 2185 ad
2008 2146 2103 2187 eos
2128 2134 2220 2203 qui
2250 2147 2279 2186 a
2308 2149 2518 2189 summo
2543 2134 2823 2199 deficiunt,
2843 2138 3043 2207 quique
3075 2149 3290 2208 propter
3319 2156 3474 2195 suam

1918 2222 2285 2291 impotentiam
2333 2226 2489 2295 quasi
2529 2226 2751 2281 alteram
2797 2244 3014 2281 manum
3058 2230 3385 2295 desiderant,
3419 2239 3474 2285 et

1918 2314 2159 2383 profectu
2190 2322 2352 2386 atque
2375 2317 2688 2385 adjumento
2715 2319 2976 2389 indigent,
3004 2336 3112 2389 quo
3143 2322 3273 2376 solis
3297 2323 3473 2391 splen-

1915 2405 2099 2461 dorem
2153 2409 2357 2463 sensim
2391 2425 2454 2464 ac
2495 2410 2723 2480 benigne
2752 2427 2810 2466 se
2845 2410 2911 2465 ad
2947 2428 3046 2467 nos
3102 2413 3469 2468 demittentem

1916 2496 2113 2551 intueri
2159 2506 2358 2567 queant
2403 2519 2416 2555 :
2455 2501 2656 2571 alioqui
2706 2519 2852 2572 porte
2902 2520 3169 2575 meraeque
3221 2506 3356 2560 lucis
3391 2507 3464 2569 vi,

1914 2598 2129 2660 propter
2155 2592 2517 2648 infirmitatem
2550 2600 2792 2664 corporis
2824 2596 2927 2649 frui
2957 2614 3064 2651 non
3091 2598 3318 2667 possint.
3341 2596 3466 2652 Fin-

1913 2696 2102 2751 gamus
2139 2684 2303 2749 enim,
2363 2684 2696 2740 invenienda:
2748 2688 2992 2743 veritatis
3030 2689 3221 2758 gratia,
3250 2689 3466 2743 nitidis-

1913 2773 2107 2827 simum
2142 2773 2291 2827 illum
2331 2776 2500 2829 solem
2540 2776 2715 2845 ipsum
2748 2779 2986 2848 scipsum
3016 2779 3082 2834 de
3110 2780 3251 2841 cmlo
3273 2779 3467 2834 demit-

1912 2873 2042 2928 tere,
2070 2873 2124 2919 et
2154 2880 2276 2920 cum
2306 2866 2613 2924 hominibus
2639 2870 2689 2923 in
2722 2878 2865 2925 terra
2899 2873 3101 2926 versari
3136 2890 3150 2924 :
3181 2888 3307 2927 num
3341 2872 3468 2927 libe-

1911 2970 2030 3009 rum
2080 2956 2151 3011 sit
2196 2965 2357 3026 atque
2412 2959 2724 3017 indiﬂerens
2769 2978 2953 3018 earum
3007 2979 3214 3026 rerum,
3247 2980 3366 3034 qua:
3398 2964 3465 3018 ad

1911 3056 2107 3102 terram
2156 3052 2447 3119 pertinent,
2481 3052 2716 3123 cuipiam
2766 3055 3116 3123 permanere?
3156 3055 3372 3111 Minime
3412 3057 3465 3111 id

1904 3137 2119 3206 quidem
2152 3157 2163 3191 :
2200 3153 2324 3192 nam
2380 3154 2627 3212 correpta
2671 3143 2850 3197 omnia
2884 3146 3118 3200 animata
3150 3146 3310 3200 simul
3339 3161 3462 3201 cum

1904 3227 2198 3293 inanimis,
2248 3230 2465 3285 assidua
2511 3233 2783 3304 nimiaque
2836 3236 2973 3292 lueis
3029 3237 3291 3293 immissio
3342 3253 3465 3292 cor-

1902 3327 2194 3389 rumperet,
2236 3318 2507 3393 citiusque
2575 3326 2764 3381 oculos
2812 3327 3133 3382 intuentium
3196 3338 3457 3394 caicaret,

1903 3412 2164 3483 longeque
2242 3415 2413 3485 magis
2480 3433 2636 3473 noxa:
2706 3428 2761 3474 et
2825 3424 3188 3493 corruptionis
3268 3432 3459 3480 auctor

1900 3504 2153 3559 omnibus
2177 3504 2357 3570 fieret,
2384 3522 2545 3575 quam
2568 3509 2781 3577 juvaret
2827 3518 3157 3588 quempiam,
3203 3519 3296 3589 qui
3343 3520 3458 3591 ipse

1898 3596 2115 3665 quidem
2140 3606 2332 3653 natura
2404 3601 2528 3655 talis
2581 3617 2688 3656 non
2744 3613 2846 3667 est,
2916 3616 3289 3664 verumtamen
3328 3627 3456 3682 erga

1898 3688 2095 3756 eosqui
2117 3698 2334 3759 propter
2384 3691 2801 3748 imbecillitatem
2852 3696 3094 3764 ipsorum
3143 3702 3452 3771 prepriam,

1901 3777 2056 3848 155
2085 3780 2262 3837 minus
2294 3781 2472 3837 idonei
2505 3793 2688 3839 essent
2720 3784 2785 3837 ad
2822 3784 3103 3842 ferendum
3135 3832 3150 3855 ,
3189 3800 3355 3861 atque
3383 3792 3453 3846 ob

1899 3871 1950 3924 id
1984 3872 2134 3925 nimii
2160 3877 2574 3947 superantisque
2603 3878 2908 3947 splendoris
2935 3880 3156 3936 minime
3185 3898 3415 3953 capaces
3434 3924 3450 3947 ,

1897 3959 2021 4015 talis
2063 3963 2334 4019 evaderet.
2386 3965 2496 4019 Cur
2539 3982 2668 4036 ergo
2708 3968 2907 4022 similia
2957 3968 3023 4023 de
3073 3969 3183 4025 Deo
3224 3973 3451 4031 audiens

1896 4051 2215 4115 admiraris.
2248 4054 2404 4123 cujus
2435 4057 2665 4133 quidem
2680 4066 2731 4112 et
2761 4059 2842 4111 sol
2870 4068 2952 4114 est
2982 4076 3141 4131 Opus,
3171 4071 3223 4117 et
3252 4065 3449 4119 cmlum

1896 4140 2242 4205 universum,
2285 4152 2339 4197 et
2380 4146 2667 4201 mundus?
2711 4146 2985 4218 Siquidem
3038 4152 3183 4207 illius
3231 4153 3447 4210 virtutis

1894 4237 2054 4298 atque
2096 4234 2376 4297 essentiai,
2413 4249 2534 4303 quae
2562 4237 2726 4292 nullis
2757 4239 2935 4293 verbis
2980 4242 3234 4312 nullaque
3264 4244 3448 4299 elocu-

1892 4324 2039 4377 tione
2074 4325 2301 4394 exprimi
2350 4335 2563 4397 potest,
2615 4330 2749 4383 nihil
2796 4346 2986 4385 eorum
3025 4346 3145 4403 quae
3182 4344 3342 4399 sunt,
3390 4337 3445 4391 in

234 4399 369 4453 πολὺ
394 4417 460 4466 γε
492 4402 598 4473 μὴν
628 4406 805 4460 πλεῖον
838 4410 1194 4482 διαφερόντως
1218 4415 1316 4485 τῆς
1353 4420 1540 4488 νοερᾶς
1586 4399 1789 4475 καὶ-λο-

1907 4425 2104 4485 partem
2137 4425 2231 4471 aut
2262 4421 2809 4478 communicationem
2841 4428 3018 4489 venit,
3052 4436 3243 4498 praeter
3278 4445 3442 4484 unum

230 4490 395 4559 γικῆς
424 4492 655 4559 φύσεως,
700 4496 765 4548 δι’
796 4498 861 4568 ἦν
895 4500 1012 4553 οὐδὲ
1037 4502 1096 4553 τὸ
1122 4502 1453 4573 ἀνθρώπινον
1486 4508 1786 4579 ὑπερεφρό-

230 4597 313 4631 νει
363 4582 538 4648 γένος·
588 4585 748 4655 ἐτίμα
794 4588 848 4640 δὲ
896 4584 954 4642 εὖ
988 4591 1132 4660 μάλα
1181 4593 1272 4644 καὶ
1300 4595 1520 4666 ὲκήδετο
1563 4598 1660 4667 τῆς
1693 4600 1787 4652 τοῦ

229 4673 389 4740 λόγου
412 4678 568 4746 χάριν
586 4682 719 4763 πρὸς
740 4683 926 4737 ἑαυτὸν
947 4685 1267 4750 οίκειὼσεὼς
1291 4705 1348 4741 τε
1373 4692 1464 4744 καὶ
1490 4694 1783 4763 συνεχείας,

229 4759 264 4837 ᾖ
301 4768 395 4818 καὶ
429 4769 547 4821 κατ’
574 4762 753 4825 εἲκόνα
782 4774 945 4827 αὐτοῦ
980 4777 1364 4848 μεμορφῶσθαι
1396 4783 1452 4832 ὲν
1484 4786 1595 4847 τοῖς
1625 4786 1786 4856 ἱεροῖς

228 4853 431 4922 λογίοις
461 4859 759 4931 ἀνείρηται.
807 4865 942 4917 Ἀλλ’
974 4869 1002 4919 6
1033 4867 1130 4936 μὲν
1165 4870 1263 4941 τὴν
1291 4872 1472 4925 εἰκόνα
1496 4873 1593 4943 τὴν
1621 4853 1782 4930 αὐτοῦ

228 4945 306 5008 ὡς
343 4946 410 4999 ἂν
443 4948 575 5002 Θεοῦ
619 4951 788 5020 Λόγος
827 4954 921 5025 τὴν
951 4955 1142 5031 νοεράν
1182 4958 1397 5011 ἅπασαν
1439 4963 1530 5014 καὶ
1564 4962 1782 5035 λογικὴν

228 5038 486 5106 ὐφίστησι
540 5044 814 5115 καταρχὰς
864 5046 961 5117 τῆς
1013 5048 1105 5101 τοῦ
1163 5050 1361 5113 παντὸς
1407 5050 1779 5126 δημιουργίας,

224 5129 452 5199 ἀρχικόν
492 5148 550 5183 τε
593 5132 680 5186 διὰ
730 5136 900 5189 ταῦτα
940 5139 1031 5191 καὶ
1066 5137 1338 5208 βασιλικὸν
1381 5141 1488 5196 τῶν
1537 5144 1628 5197 ἐπὶ
1678 5147 1782 5216 γῆς

224 5221 480 5274 ἁπάντων
512 5222 647 5286 ζῶον
683 5226 911 5298 καθίστη
946 5227 1036 5280 τὸν
1078 5230 1377 5301 ἄνθρωπον,
1411 5232 1690 5307 ἐλεύθερόν
1720 5252 1780 5289 τε

223 5313 319 5364 καὶ
363 5312 703 5377 αὐτεξούσιον
744 5318 841 5386 τῆς
875 5320 955 5383 είς
994 5320 1054 5373 τὸ
1095 5322 1255 5374 καλὸν
1289 5322 1321 5392 ἢ
1364 5325 1443 5387 είς
1475 5325 1779 5379 τούναντίον

222 5402 375 5469 ἠφίει
398 5406 559 5459 αὐτὸν
585 5408 774 5478 ῥοπῆς·
807 5411 836 5462 6
858 5410 934 5472 δὲ,
960 5411 1020 5463 οὐ
1053 5412 1228 5477 καλῶς
1252 5417 1317 5485 τῇ
1350 5414 1778 5487 αὐτεξουσιότητι

222 5497 583 5566 χρησάμενος,
606 5498 704 5568 τῆς
725 5501 889 5571 ὀρθῆς
916 5502 1253 5573 διεκτραπεὶς
1272 5506 1413 5571 ὀδοῦ,
1429 5506 1524 5577 τὴν
1538 5510 1778 5562 ἐναντίαν

222 5584 467 5655 ὡρμᾶτο,
498 5591 631 5659 μήτε
654 5590 783 5645 θεὸν
811 5594 947 5664 μήτε
976 5597 1197 5667 Κύριον,
1229 5599 1351 5669 μήτ’
1378 5598 1457 5651 ἔτι
1481 5600 1588 5653 τῶν
1617 5602 1777 5655 ὁσίων

223 5676 316 5726 καὶ
352 5678 590 5733 εὐσεϐῶν
615 5681 1064 5753 ἐπιλογιζόμενος,
1107 5686 1288 5760 θηρῶν
1324 5689 1377 5743 δὲ
1413 5691 1609 5762 τρόπον
1654 5692 1777 5746 ἀλό-

502 5774 764 5839 Ριτιιοι.
799 5777 914 5841 Gn.
944 5780 1137 5841 XXII.

1888 4507 2186 4573 duntaxat,
2215 4526 2376 4579 quem
2409 4513 2525 4583 ipse
2565 4513 2748 4580 Pater,
2799 4521 3014 4573 cunctis
3051 4520 3214 4575 rebus
3260 4522 3445 4590 provio

1888 4599 2021 4654 dens
2045 4639 2059 4662 ,
2084 4608 2207 4655 ante
2241 4602 2345 4656 alia
2367 4616 2562 4660 cuncta
2589 4608 2875 4662 constituit
2898 4652 2911 4676 ,
2935 4626 3002 4665 ne
3026 4612 3267 4665 omnium
3297 4628 3443 4682 quae-

1887 4705 2100 4760 cunque
2126 4690 2267 4746 facta
2298 4704 2483 4751 essent
2512 4698 2727 4766 penitus
2761 4709 2954 4755 natura
2984 4711 3286 4768 corrueret,
3321 4710 3440 4773 qua}

1886 4791 2106 4852 propter
2135 4784 2504 4842 infirmitatem
2533 4796 2694 4859 atque
2724 4792 3094 4862 impotentiam
3127 4795 3397 4865 propriam
3420 4836 3436 4860 ,

1888 4873 2044 4944 longe
2082 4877 2288 4931 recedit
2328 4878 2396 4932 ab
2431 4879 2521 4933 illa
2561 4880 2738 4938 Patris
2779 4887 3014 4940 essentia
3038 4926 3053 4949 ,
3096 4903 3216 4956 qua:
3264 4904 3439 4957 neque

1885 4966 2066 5034 genita
2125 4975 2250 5031 est,
2310 4984 2486 5039 neque
2535 4974 2655 5042 capi
2707 4976 3156 5044 comprehendive
3210 4985 3434 5046 potest,

1887 5056 1981 5111 sed
2013 5066 2071 5111 ut
2108 5068 2387 5124 maneret,
2428 5073 2740 5129 cresceret,
2780 5068 3081 5122 nutriretur
3122 5069 3296 5123 media
3342 5070 3434 5124 illa

1884 5146 2071 5204 fruens
2106 5150 2425 5221 largitione,
2461 5171 2622 5224 quam
2660 5158 2880 5212 unicum
2914 5159 3150 5229 genitum
3182 5159 3275 5215 Dei
3306 5158 3439 5215 Ver-4

1883 5241 2007 5294 bum
2028 5282 2043 5305 ,
2077 5258 2351 5312 nunquam
2382 5247 2652 5303 universis
2684 5248 2927 5303 sufficere
2959 5249 3195 5313 desinit,
3226 5250 3292 5305 ad
3318 5267 3436 5304 om-

1881 5332 1973 5385 nia
2014 5347 2142 5387 vero
2181 5341 2474 5403 penetrans
2518 5343 2571 5391 et
2611 5337 2848 5408 undique
2885 5340 3066 5394 omnia
3100 5355 3431 5410 peragrans,

1881 5424 2108 5479 salutem
2144 5427 2387 5481 omnium
2407 5428 2687 5498 aequaliter
2717 5428 2983 5499 providet,
3001 5441 3055 5485 et
3081 5433 3429 5487 rationalium

1878 5523 1933 5570 et
1982 5516 2305 5580 brutorum.
2355 5527 2409 5573 et
2457 5522 2764 5577 mortalium
2809 5531 2863 5576 et
2910 5523 3333 5584 immortalium.
3378 5529 3433 5580 et

1879 5604 2185 5657 caelestium
2218 5615 2270 5659 et
2296 5607 2679 5675 terrestrium,
2723 5609 3030 5666 divinarum
3075 5626 3289 5685 quoque
3330 5631 3432 5687 po.

1879 5701 2134 5750 testatum
2158 5734 2171 5760 ,
2206 5703 2367 5768 atque
2395 5714 2581 5755 earum
2609 5719 2728 5774 quae
2752 5712 3004 5773 aspectus
3046 5715 3264 5760 nostros
3296 5707 3433 5761 επη-

3126 5802 3163 5858 9
