3930 6202
475 205 578 259 967

1135 202 1400 257 ElJSEBll
1435 200 1911 256 CESARIENSIS
1949 201 2096 257 OPP.
2138 201 2315 256 PARS
2345 201 2384 254 1,
2421 233 2487 242 -—
2528 202 3018 259 APOLOGETICA.

3583 208 3693 264 268

476 329 662 396 giunt,
710 322 940 392 denique
988 323 1228 374 omnium
1273 335 1614 390 quacunque
1649 335 1745 389 per
1788 320 1934 373 illum
1975 320 1998 374 i<

2128 337 2241 388 γων
2293 321 2492 385 πάσαις
2545 322 2844 393 ἀνημέροις
2912 324 3004 375 καὶ
3055 322 3372 387 ἀκολάστοις
3425 326 3692 396 πράξεσιν

472 418 614 489 quod
662 423 788 472 sunt
832 428 1118 482 accepere,
1165 414 1322 483 longe
1364 421 1542 468 tamen
1588 415 1821 483 amplius
1863 423 2025 484 atque

467 508 823 566 excellentius
851 505 1198 574 intelligentis
1223 506 1614 574 rationalisque
1645 516 1870 569 naturae,
1897 523 2024 577 pro-

469 613 584 670 pter
607 615 766 670 quam
797 613 862 651 nc
891 597 1186 650 humanum
1220 595 1434 664 quidem
1465 603 1786 664 aspernatus
1817 604 1900 650 est
1933 612 2025 665 ge-

467 710 599 755 nus,
639 691 730 746 sed
766 693 970 744 honore
1001 687 1181 758 potius
1207 697 1259 741 et
1288 702 1418 741 cura
1448 687 1648 756 ingenti
1676 695 2018 758 prosecutus,

465 790 535 843 ob
568 786 868 856 appositam
916 782 1261 852 peculiariter
1311 780 1378 833 ad
1419 781 1656 848 seipsum
1699 781 1929 836 rationis
1964 790 2020 835 et

463 877 612 934 verbi
668 873 1122 930 necessitudinem
1172 879 1225 925 et
1273 871 1751 939 conjunctionem,
1801 872 1856 924 in
1909 887 2016 940 qua

457 971 620 1026 etiam
670 967 735 1021 ad
785 965 956 1036 ipsius
999 963 1322 1034 imaginem.
1371 961 1596 1015 formam
1642 962 1918 1030 accepisse
1959 962 2013 1015 in

459 1061 632 1117 sacris
663 1058 900 1113 oraculis
937 1056 1142 1109 dictum
1172 1061 1274 1110 est.
1313 1052 1419 1108 Sed
1462 1053 1551 1107 ille
1599 1052 1816 1122 quidem
1861 1069 2014 1108 suam

459 1154 632 1224 ipsius
678 1151 1000 1220 imaginem,
1049 1156 1303 1216 tanquam
1348 1145 1439 1199 Dei
1490 1143 1720 1199 Verbum
1763 1154 2014 1198 cunctam

459 1243 828 1313 intelligentia:
860 1251 912 1295 et
942 1238 1170 1293 rationis
1201 1251 1454 1306 capacem
1487 1244 1736 1289 naturam
1759 1274 1773 1300 ,
1806 1235 1874 1288 ab
1909 1234 2013 1288 ini-

458 1340 532 1390 tio
565 1333 938 1388 fabricationis
971 1329 1210 1384 universi
1242 1329 1558 1390 substituit,
1604 1335 1767 1395 atque
1806 1325 2014 1380 idcirco

458 1429 752 1498 principem
783 1439 1071 1494 regemque
1103 1419 1346 1474 omnium
1394 1434 1731 1490 qnzecunque
1775 1420 1828 1472 in
1871 1426 2012 1472 terra

455 1530 581 1576 sunt
614 1519 927 1574 animalium
951 1558 963 1578 ,
995 1515 1275 1570 constituit
1319 1513 1592 1568 hominem
1615 1553 1630 1577 ,
1672 1528 1906 1582 eumque
1947 1513 2013 1566 li-

2133 414 2415 486 ἐγχειρῶν.
2471 415 2670 468 Εἰκότα
2714 415 2842 482 γοῦν
2886 415 3062 486 ἐαυτῷ
3112 417 3278 468 ποιῶν
3308 419 3336 468 ὁ
3381 421 3692 488 πανάγαθος

2132 508 2225 560 καὶ
2265 507 2637 578 παμϐασιλεὺς
2689 508 2846 571 αὐτὸς
2896 511 2924 561 ὁ
2973 508 3231 578 ’Υψιστος
3275 511 3367 562 καὶ
3405 511 3532 575 Θεὸς
3579 511 3691 566 τῶν

2129 600 2284 664 ὅλων,
2318 600 2392 663 ὼς
2426 599 2489 653 ἂν
2527 600 2600 671 μὴ
2629 600 2852 670 ἄναρχοι
2878 602 2970 654 καὶ
3000 602 3417 672 ἁνεπιστάτητοι
3443 602 3691 675 θρεμμά-

2128 708 2233 743 των
2267 691 2422 760 δίκην
2460 691 2668 758 ἀλόγων
2697 687 2806 744 εἶεν
2853 693 2900 744 οἱ
2931 693 3022 745 ὲπί
3059 694 3161 763 γῆς
3211 691 3501 761 ἄνθρωποι,
3547 709 3686 763 προ-

2127 784 2323 847 στάτας
2357 783 2530 837 αὐτῶν
2564 785 2656 836 καλ⁸
2690 783 3019 855 ἐπιμελητὰς
3051 784 3237 856 ὥσπερ
3279 785 3429 848 τινὰς
3455 784 3690 855 άγελάρο

2123 895 2220 947 χας
2279 877 2370 930 καὶ
2418 877 2703 947 ποιμένας,
2755 877 2932 940 θείους
2981 878 3241 946 ἀγγέλους
3291 879 3686 948 κατεστήσατο,

2121 965 2392 1036 προτάξας
2425 967 2675 1020 ἁπάντων
2711 967 2802 1020 καὶ
2824 970 2934 1029 τοῖς
2957 969 3120 1020 πᾶσιν
3146 969 3444 1038 ἐπιστήσας
3468 968 3558 1020 τὸν
3591 986 3690 1038 μο-

2119 1057 2310 1127 νογενῆ
2340 1057 2432 1110 καὶ
2459 1058 2798 1129 πρωτότοκον
2839 1058 3000 1112 αὑτοῦ
3034 1060 3220 1126 Λόγον.
3259 1059 3444 1129 Τούτῳ
3468 1059 3522 1112 δὲ
3556 1059 3690 1130 xli-,-

2120 1165 2211 1218 ρον
2233 1147 2529 1217 ἐξαίρετον,
2552 1149 2746 1211 αὐτοὺς
2776 1148 3039 1216 ἀγγέλους
3061 1150 3152 1201 καὶ
3173 1150 3563 1220 άρχαγγέλους,
3588 1154 3687 1214 καὶ

2117 1238 2264 1301 θείας
2294 1239 2569 1308 δυνάμεις,
2603 1239 2740 1293 ἄῦλά
2769 1256 2826 1291 τε
2865 1241 2958 1292 καὶ
2985 1241 3346 1311 ὑπερουράνια
3370 1241 3682 1311 πνεύματα,

2117 1331 2207 1382 καὶ
2243 1329 2346 1400 μὴν
2377 1329 2595 1383 καὶτῶν
2629 1330 2722 1382 ἐπὶ
2750 1329 2852 1398 γῆς
2874 1330 2970 1394 τὰς
3001 1333 3058 1384 ἐν
3089 1330 3388 1403 ἀνθρώποις
3418 1332 3685 1402 θεοφιλεῖς

2115 1421 2292 1491 ψυχάς
2353 1421 2685 1491 άιρωρίσατο,
2745 1421 2935 1475 Ἰακὼὸ
2983 1423 3075 1476 καὶ
3139 1423 3351 1494 Ἰσραὴλ
3415 1423 3685 1495 Ἑϐραίων

2121 1514 2456 1585 προσηγορίᾳ
2481 1514 2933 1584 ὲπικαλουμένας.

454 1617 639 1670 herum
675 1622 727 1666 et
759 1627 870 1667 sua:
904 1611 1076 1681 ipsius
1108 1608 1391 1679 potestatis
1423 1607 1657 1672 dimisit,
1693 1624 1800 1679 qua
1841 1616 1895 1662 et
1933 1607 1998 1664 ad
2035 1608 2233 1662 bonum
2257 1649 2270 1671 ,
2314 1619 2366 1662 et
2393 1608 2459 1662 ad
2497 1609 2622 1663 boni
2653 1612 2984 1664 contrarium
3021 1609 3147 1665 ferri
3179 1619 3381 1680 posset.
3423 1588 3522 1666 Hic
3549 1626 3684 1667 vero

451 1725 558 1764 non
591 1710 726 1762 bene
759 1723 855 1762 sua
897 1705 1070 1776 ipsius
1112 1711 1374 1774 potestate
1417 1719 1582 1771 usus,
1623 1711 1676 1758 et
1710 1717 1739 1756 a
1770 1711 1918 1758 recto
1949 1704 2142 1758 itinere
2171 1703 2359 1759 abiens
2388 1704 2672 1767 diversus,
2704 1705 2758 1758 in
2799 1683 3137 1760 contrarium
3163 1706 3376 1761 delatus
3413 1715 3528 1773 est,
3570 1723 3681 1762 non
3745 1697 3754 1702 ’

451 1809 711 1872 reputans
745 1798 871 1868 quid
907 1797 1048 1852 Deus
1078 1807 1129 1850 et
1163 1795 1448 1859 Dominus,
1483 1810 1590 1849 non
1619 1795 1746 1864 quid
1776 1795 1867 1863 jus
1895 1802 1948 1849 et
1983 1794 2096 1858 fas,
2137 1811 2243 1848 non
2277 1794 2404 1865 quid
2437 1797 2608 1864 pietas
2636 1797 2969 1866 postularet,
3009 1799 3102 1853 sed
3133 1801 3306 1852 instar
3339 1799 3642 1855 belluarum
3665 1843 3681 1866 ,

449 1909 570 1963 quae
601 1893 828 1947 rationis
873 1897 1124 1958 expertes
1163 1896 1322 1951 sunt,
1356 1902 1544 1942 omnes
1594 1887 1921 1942 inhumanas
1966 1895 2128 1957 atque
2177 1887 2528 1942 immodestus
2569 1895 2809 1944 actiones
2851 1891 3193 1962 aggrediens.
3225 1890 3476 1964 Optimus
3518 1895 3685 1963 igitur

448 1999 608 2060 atque
648 1988 888 2042 omnium
932 1994 1205 2056 regnator,
1257 1985 1372 2054 ipse
1414 1983 1765 2048 Altissimus,
1817 1981 1958 2037 Deus
1982 1984 2256 2048 universi,
2309 1984 2401 2054 qui
2447 2000 2661 2054 semper
2699 2000 2762 2040 ea
2802 2000 2922 2055 qua:
2965 1987 3204 2056 seipsum
3243 1987 3469 2042 deceant
3509 1987 3642 2041 facit
3666 2029 3682 2051 ,

448 2100 516 2139 ne
567 2084 767 2153 absque
822 2081 988 2136 certis
1041 2080 1378 2150 principibus
1432 2094 1495 2133 ac
1535 2079 1824 2148 przel'ectis,
1861 2079 2428 2149 instarjumentorum
2462 2082 2859 2136 irrationalium
2893 2092 3099 2148 essent,
3141 2085 3236 2154 qui
3275 2085 3328 2138 in
3371 2092 3515 2140 terra
3559 2099 3683 2140 ver-

446 2177 707 2233 sabantur
745 2176 994 2230 homines
1015 2215 1030 2240 ,
1064 2182 1269 2230 tutores
1298 2174 1406 2229 illis
1439 2185 1492 2228 et
1531 2181 1812 2229 curatores
1843 2175 2000 2245 quasi
2031 2175 2294 2245 quosdam
2329 2185 2700 2232 armentorum
2734 2177 2901 2233 duces
2941 2185 3104 2248 atque
3142 2187 3421 2249 pastores,
3463 2181 3682 2235 divinos

444 2274 664 2344 angelos
696 2272 878 2336 dedit,
912 2272 1155 2342 principe
1195 2274 1438 2326 omnium
1479 2270 1787 2335 declarato,
1829 2271 1988 2344 156
2013 2273 2374 2344 omnibusque
2416 2273 2671 2344 prmiecto
2699 2276 2894 2341 unico,
2925 2276 3207 2346 primoque
3239 2278 3422 2348 genito
3460 2294 3563 2332 suo
3597 2279 3681 2348 ip-

443 2367 559 2422 sius
589 2365 787 2422 Verbo.
822 2363 1070 2435 Huicque
1098 2365 1200 2434 ipsi
1249 2372 1450 2419 sortem
1500 2365 1826 2434 przecipuam
1849 2405 1864 2429 ,
1896 2365 2115 2434 angelos
2146 2367 2294 2436 ipsos
2323 2375 2486 2438 atque
2525 2369 2910 2440 archangelos,
2953 2369 3275 2440 divinasque
3334 2381 3630 2441 potestates
3657 2413 3675 2438 ,

445 2463 794 2532 materiaeque
833 2461 1012 2515 omnis
1037 2470 1308 2529 expertes,
1350 2474 1414 2514 ac
1457 2460 1577 2528 ipso
1618 2461 1758 2514 coalo
1803 2461 2115 2529 superiores
2156 2464 2418 2531 spiritus,
2466 2473 2677 2520 necnon
2724 2481 2791 2520 ex
2839 2467 2906 2520 iis
2948 2481 3069 2536 quae
3107 2467 3162 2520 in
3189 2477 3329 2522 terra
3358 2479 3675 2536 versantur,

442 2555 724 2625 religiosas
771 2556 1049 2608 hominum
1093 2554 1300 2608 animas
1341 2569 1587 2610 seorsum
1640 2555 1920 2621 attribuit,
1974 2571 2092 2626 qua:
2141 2559 2304 2613 etiam
2349 2561 2808 2630 appellationibus
2851 2560 3240 2627 Hebraeorum,
3291 2561 3459 2618 Jacob
3511 2571 3676 2634 atque

443 2647 606 2703 lsrael
641 2648 1010 2702 nominantur.

1161 2762 1269 2816 Vll.

441 2858 594 2927 Quod
623 2858 749 2913 solis
793 2858 1028 2914 Hebrwis
1061 2858 1351 2927 antiquitus
1383 2858 1610 2927 cognitio
1647 2855 1739 2911 Dei
1771 2860 1996 2914 universi

507 2929 718 2999 prodita
753 2930 824 2983 sit
847 2969 861 2993 ,
894 2946 1009 2999 qua:
1047 2925 1256 2982 Chriﬂo
1313 2925 1537 2996 seipsum
1579 2928 1850 2983 exhibeute
1881 2947 2000 3000 per-

507 3003 782 3070 ciperetur.

501 3113 623 3169 Hoc
653 3128 784 3169 sane
810 3110 1192 3183 mysteriorum
1219 3109 1461 3165 omnium
1498 3109 1763 3176 maximo,
1792 3114 2000 3181 primus

437 3206 815 3277 theologorum
849 3204 1062 3275 Moyses
1091 3205 1143 3256 in
1191 3203 1441 3266 arcanis,
1491 3201 1746 3269 Ilebrgeos
1789 3213 1997 3262 veteres

440 3299 707 3358 initiavit.
746 3297 826 3353 sic
859 3296 1050 3351 dicens
1083 3315 1097 3350 :
1129 3314 1146 3346 ‹
1181 3293 1460 3366 Interroga
1499 3304 1709 3365 patrem
1751 3303 1904 3351 tuum
1946 3306 1999 3354 et

438 3390 780 3444 annuntiabit
801 3387 920 3450 tibi,
951 3387 1184 3455 majores
1213 3395 1334 3442 tuos
1359 3395 1412 3441 et
1439 3387 1621 3442 dicent
1646 3389 1740 3444 tibi
1768 3409 1782 3445 :
1812 3389 1998 3456 Quan-

437 3482 507 3536 do
557 3479 830 3536 dividebat
877 3479 1190 3534 Altissimus
1238 3486 1461 3548 gentes,
1517 3491 1575 3534 ut
1623 3481 1998 3538 disseminavit

439 3573 580 3627 ﬁlios
610 3571 779 3626 Adam
803 3611 817 3635 ,
845 3569 1129 3626 constituit
1158 3572 1418 3625 terminos
1446 3572 1685 3641 gentium
1716 3574 1868 3643 juxta
1897 3591 1996 3628 nuo

436 3679 644 3719 merum
675 3665 986 3734 angelorum
1021 3661 1153 3726 Dei,
1197 3674 1250 3717 et
1281 3663 1420 3716 facta
1457 3674 1539 3718 est
1572 3665 1747 3735 portio
1783 3665 1993 3720 Domini

435 3757 668 3828 populus
699 3756 817 3826 ejus
844 3753 1012 3809 Jacob
1032 3795 1047 3817 ,
1083 3755 1356 3810 funiculus
1384 3755 1716 3810 haereditatis
1757 3756 1878 3826 ejus
1919 3759 1996 3814 ls-

433 3850 546 3905 rael
570 3850 636 3904 ".
669 3870 688 3902 ›
717 3848 812 3904 His
833 3848 1047 3918 quidem
1073 3849 1251 3903 verbis
1276 3867 1291 3900 :
1317 3847 1654 3904 Altissimum
1680 3862 1824 3912 eum,
1851 3851 1994 3920 quod

431 3941 594 3998 Pater
642 3949 758 4006 est,
811 3941 1011 4012 quique
1051 3955 1215 4009 supra
1268 3939 1490 4001 omnia,
1541 3937 1708 3992 Deum
1756 3938 1990 3993 universi

431 4035 679 4092 nominat
709 4052 721 4088 :
752 4032 1041 4087 Dominum
1077 4046 1206 4086 vero
1229 4027 1464 4101 hujusee
1489 4029 1753 4094 Verbum,
1781 4030 1834 4084 id
1863 4045 1994 4085 sane

2841 2767 2920 2820 Z'.

2113 2856 2206 2924 Ὧς
2236 2859 2444 2926 μόνοις
2514 2857 2792 2924 Ἑϐραίοις
2856 2857 2921 2910 τὸ
2985 2858 3242 2911 παλαιὸν
3300 2859 3338 2925 ή
3399 2859 3507 2913 τοῦ
3554 2861 3674 2916 τῶν

2171 2927 2327 2982 ὅλων
2358 2929 2504 2983 Θεοῦ
2527 2929 2744 2993 γνῶσις
2776 2929 3255 2984 ἀποκεκὰλυπτο.
3285 2929 3381 2982 διὰ
3404 2928 3513 2996 τῆς
3540 2933 3672 2987 ἐπι-

2169 3000 2420 3068 φανείας
2449 2998 2553 3058 τοῦ
2587 2999 2844 3068 Χριστοῦ
2887 2999 3358 3068 τιγνωσκομένη.

2170 3112 2338 3166 Τοῦτο
2380 3113 2692 3184 μυστηρίων
2736 3111 2796 3164 τὸ
2842 3111 3114 3182 μέγιστον,
3157 3112 3370 3182 πρῶτος
3405 3113 3670 3184 θεολόγων

2099 3205 2334 3276 Μωῦσῆς
2359 3207 2414 3258 ἐν
2437 3207 2764 3278 ἀπορρήτοις
2794 3205 3075 3275 Ἐϐραίους
3095 3204 3218 3267 τοὺς
3238 3204 3402 3258 πάλαι
3427 3209 3452 3259 ὲ
3462 3224 3672 3276 μυσταο

2098 3297 2264 3366 γὼγει
2319 3297 2507 3367 λέγων·
2562 3318 2580 3348 ‹
2643 3297 3016 3368 Ἐπερὼτησον
3055 3297 3145 3348 τὸν
3188 3301 3400 3369 πατέρα
3441 3315 3535 3351 σου
3574 3301 3670 3353 καὶ

2097 3389 2386 3458 ἀναγγελεῖ
2409 3407 2509 3453 σοι,
2532 3391 2654 3452 τοὺς
2679 3388 3080 3461 πρεσϐυτέρους
3112 3405 3202 3441 σου
3228 3391 3319 3442 καὶ
3342 3391 3524 3462 ἐροῦσι
3547 3408 3629 3444 σοι
3647 3409 3664 3422 ⁸

2095 3481 2183 3533 ὅτε
2210 3480 2509 3551 διεμέριζεν
2534 3480 2564 3531 ὁ
2597 3479 2855 3549 ’Υψιστος
2886 3478 3032 3549 ἔθνη,
3069 3478 3144 3542 ὡς
3178 3479 3482 3552 διέσπειρεν
3516 3484 3668 3546 υἱοὺς

2109 3571 2296 3641 Ἀδὰμ,
2341 3571 2565 3641 ἔστησεν
2609 3571 2731 3640 ὅρια
2771 3569 2938 3623 ἐθνῶν
2977 3569 3097 3622 κατ’
3152 3570 3381 3642 ἀριθμὸν
3418 3573 3666 3640 ἀγγέλων

2095 3659 2250 3722 Θεοῦ,
2276 3661 2369 3714 καὶ
2393 3660 2622 3730 ἐγενήθη
2664 3658 2821 3730 μερὶς
2860 3659 3064 3730 Κυρίου
3087 3657 3211 3722 λαὸς
3247 3661 3407 3714 αὑτοῦ
3448 3661 3665 3726 Ἰακὼϐ,

2097 3754 2377 3826 σχοίνισμα
2410 3753 2770 3824 κληρονομίας
2792 3752 2954 3805 αὐτοῦ
3003 3753 3236 3824 Ἰσραήλ.
3280 3773 3298 3804 ›
3336 3752 3433 3806 Διὰ
3458 3754 3665 3807 τούτων

2094 3849 2221 3917 γοῦν
2250 3848 2505 3918 ’Ὕψιστον
2548 3849 2646 3918 μὲν
2673 3846 2762 3900 τὸν
2792 3847 3070 3910 ἀνωτάτω,
3101 3847 3194 3900 καὶ
3221 3848 3312 3899 ἐπὶ
3345 3848 3498 3910 πᾶσι,
3528 3847 3666 3900 Θεὸν

2093 3939 2198 3992 τῶν
2231 3940 2365 3993 ὅλων
2395 3935 2667 4007 ὀνομάζειο
2703 3935 2903 4004 Κύριον
2930 3936 2987 3988 δὲ
3014 3937 3105 3988 τὸν
3137 3934 3323 3988 τούτου
3351 3935 3542 4003 Λόγον,
3569 3935 3664 3988 τὸν

2091 4032 2156 4104 δὴ
2183 4033 2275 4086 καὶ
2306 4031 2570 4104 δευτέρως
2618 4031 2747 4100 ἡμῖν
2786 4028 2922 4099 μετὰ
2952 4029 3042 4082 τὸν
3083 4027 3192 4080 τῶν
3233 4028 3368 4082 ὅλων
3396 4029 3526 4081 Θεὸν
3566 4047 3666 4082 κυ-

430 4127 575 4198 quod
623 4142 724 4180 nos
772 4140 802 4178 a
856 4123 1015 4180 Patre
1057 4123 1328 4194 genitum,
1375 4123 1732 4192 appellatione
1778 4121 1988 4176 Domini

2105 4124 2520 4196 ριολογούμενον.
2566 4122 2721 4176 Ἀλλά
2755 4122 2864 4192 γὰρ
2894 4126 3005 4186 τοῖς
3041 4123 3136 4193 μὲν
3165 4106 3466 4174 τῶνὲθνῶν
3495 4121 3666 4193 ἀορά-

431 4233 776 4273 vcneramur.
801 4216 1067 4272 Cmterum
1095 4213 1364 4284 praefectis
1389 4213 1605 4284 quidem
1632 4229 1694 4268 ac
1720 4214 1989 4270 tutoribus

429 4311 670 4381 gentium
691 4348 705 4374 ,
731 4308 906 4362 visum
929 4315 1176 4361 nostrum
1204 4305 1584 4376 eﬂ'ugientibus
1605 4345 1620 4368 ,
1648 4306 1782 4376 ipsis
1806 4305 1991 4375 utique

428 4401 639 4470 angelis
661 4439 676 4461 ,
709 4406 938 4454 cunctas
972 4406 1162 4470 gentes
1191 4405 1245 4452 et
1276 4397 1416 4451 ﬁlios
1445 4397 1725 4451 hominum
1759 4413 1897 4466 quos
1928 4396 1990 4450 tio

426 4496 529 4550 lios
576 4492 750 4547 Adam
795 4501 988 4555 vocat,
1023 4491 1195 4561 ipsius
1235 4488 1490 4544 altissimi
1528 4486 1621 4543 Dei
1661 4487 1903 4557 judicio,
1935 4497 1988 4542 et

425 4586 586 4644 nobis
617 4583 1011 4639 occultissimis
1040 4581 1366 4643 rationibus,
1393 4580 1468 4634 ait
1497 4580 1830 4635 distributos
1860 4579 1991 4634 fuis-

423 4696 482 4736 se
511 4677 812 4735 :-omnium
855 4692 986 4731 vero
1029 4674 1464 4730 eminentissimo
1504 4674 1720 4744 praesidi
1763 4689 1828 4728 ac
1873 4675 1985 4743 regi

422 4773 704 4838 universi,
753 4771 853 4842 ipsi
895 4771 1084 4840 utique
1124 4769 1364 4832 Christo,
1411 4777 1671 4840 tanquam
1703 4769 1867 4822 unico
1895 4767 1986 4822 Fi-

420 4867 524 4929 lio,
558 4882 624 4922 ex
657 4864 792 4934 ipsis
821 4863 1132 4917 hominibus
1158 4859 1330 4915 Jacob
1355 4868 1516 4930 atque
1547 4859 1709 4915 lsrael
1728 4899 1742 4923 ,
1773 4859 1874 4914 hoc
1901 4867 1985 4914 est

420 4973 582 5014 omne
639 4956 1004 5027 quodcunque
1041 4961 1095 5010 et
1133 4955 1252 5009 visu
1292 4953 1497 5022 percipi
1533 4959 1743 5022 potest,
1787 4959 1839 5005 et
1869 4951 1985 5004 cul-

421 5061 534 5106 tum
577 5050 669 5106 Dei
709 5050 1017 5120 amplexum
1064 5056 1178 5112 est,
1236 5046 1497 5100 traditum
1547 5044 1718 5100 fuisse
1765 5057 1978 5113 genus:

418 5160 544 5200 nam
581 5143 675 5214 qui
712 5143 781 5197 ad
817 5143 1073 5196 virtutem
1109 5139 1390 5209 proposito
1425 5136 1726 5192 certamine
1761 5149 1981 5190 exerce-

417 5241 526 5298 tur,
568 5245 729 5303 atqne
765 5233 943 5288 adhuc
978 5237 1187 5302 pugnat
1225 5237 1280 5284 et
1309 5229 1548 5282 luctatur
1587 5229 1642 5281 in
1681 5226 1981 5298 gymnasiis

418 5325 672 5391 pietatis,
718 5325 804 5380 hic
839 5322 1192 5379 Hebraeorum
1230 5319 1496 5375 vocabulo
1533 5317 1735 5372 dicitur
1765 5317 1974 5372 Jacob:

414 5415 508 5484 qui
539 5433 667 5471 vero
691 5417 804 5487 jam
833 5415 1079 5472 victoria:
1111 5429 1174 5469 ac
1204 5413 1549 5484 przemiorum
1612 5409 1754 5480 apud
1811 5407 1980 5465 Deum

410 5521 636 5578 compos
663 5520 748 5566 est
785 5510 996 5574 factus,
1040 5508 1205 5566 Israel
1243 5506 1573 5580 appellatur,
1613 5503 1794 5576 qualis
1831 5501 1980 5558 vide-

468 5674 525 5708 "
555 5677 718 5741 Dent.
755 5695 926 5748 mm,
959 5679 1080 5736 7-9.

2089 4231 2201 4278 τοις
2249 4215 2595 4285 προστάταις,
2637 4213 2818 4274 αὐτοῖς
2861 4211 2916 4264 δὲ
2950 4214 3063 4274 τοῖς
3109 4210 3378 4279 ἀγγέλοις,
3417 4209 3486 4264 τὰ
3530 4210 3662 4282 ἔθνη

2092 4309 2266 4363 πάντα
2307 4311 2401 4362 καὶ
2443 4309 2565 4372 τοὺς
2605 4308 2751 4369 υἱοὺς
2793 4305 2899 4358 τῶν
2946 4303 3246 4376 ἀνθρώπων
3289 4304 3436 4367 υἱοὺς
3487 4304 3663 4373 Ἀδὰμ

2089 4399 2562 4470 ἐπικαλουμένους,
2604 4398 2779 4470 κρίσει
2817 4397 2910 4450 τοῦ
2955 4397 3176 4466 ὑψίστου
3201 4395 3334 4448 Θεοῦ
3363 4396 3456 4448 καὶ
3480 4394 3661 4463 λόγοις

2089 4495 2346 4566 ἀρρήτοις
2397 4493 2526 4562 ἡμῖν
2579 4508 2708 4562 φησι
2748 4489 3156 4560 διανεμηθῆναν
3207 4488 3285 4558 τῷ
3316 4487 3382 4572 ⁴δὲ
3438 4489 3658 4541 πάντων

2090 4582 2426 4653 ὲξοχωτάτῳ,
2466 4581 2692 4653 ἡγεμόνι
2735 4597 2792 4633 τε
2823 4580 2916 4633 καλ⁸
2956 4579 3163 4649 βασιλεῖ
3185 4578 3292 4632 τῶν
3317 4576 3472 4642 ὅλων,
3504 4577 3659 4646 αὐτῷ

2085 4675 2148 4746 δὴ
2181 4673 2257 4745 τῷ
2283 4673 2521 4745 Χριστῷ,
2549 4674 2624 4736 ὼς
2657 4673 2723 4726 ἂν
2755 4674 3030 4744 μονογενεῖ
3060 4671 3193 4742 mp,
3216 4670 3324 4748 τῷν
3353 4671 3409 4722 ὲν
3443 4669 3658 4740 ἀνθρὼ-

2086 4784 2228 4830 ποις,
2261 4766 2350 4819 τὸν
2393 4765 2584 4819 Ἰακὼὸ
2616 4765 2708 4818 καὶ
2765 4764 3000 4836 Ἰσραὴλ,
3031 4763 3274 4816 τουτέστι
3315 4764 3421 4814 πᾶν
3455 4761 3515 4814 τὸ
3540 4760 3656 4814 διο-

2091 4859 2304 4930 ρατικὸν
2355 4857 2447 4912 καὶ
2489 4858 2735 4921 θεοσεϐὲς
2766 4856 3132 4928 παραδοθῆναι
3171 4855 3344 4923 γένος.
3383 4853 3566 4906 Εἱσὲτι
3597 4869 3654 4906 τι

2085 4951 2261 5005 ἀθλῶν
2303 4953 2394 5005 καὶ
2435 4951 2676 5005 παλαίων
2714 4952 2770 5002 ὲν
2810 4952 2920 5014 τοῖς
2963 4951 3082 5002 κατ’
3125 4947 3401 5000 εὐσέϐειαν
3436 4963 3651 5017 γυμναο

2087 5045 2238 5108 σίοις,
2286 5043 2550 5115 Ἐϐραίων
2589 5041 2927 5112 προσηγορίᾳ
2959 5040 3216 5110 κέκληται
3269 5037 3496 5092 Ἰακώϐ·
3527 5040 3556 5091 ό
3593 5038 3654 5091 δὲ

2083 5134 2182 5205 ήδη
2215 5135 2367 5203 νίκης
2412 5134 2505 5188 καὶ
2544 5132 2650 5186 τῶν
2689 5132 2838 5203 παρὰ
2876 5131 2995 5202 Θεῷ
3039 5130 3304 5201 βραδείων
3348 5127 3653 5199 ἠξιωμένος

2095 5227 2310 5300 Ἰσραὴλ
2339 5224 2742 5297 ἀναγορεύεται’
2776 5218 2885 5288 οἷος
2916 5224 3074 5288 αὐτὸς
3104 5219 3171 5293 ἦν
3210 5223 3414 5284 ἐκεῖνος
3450 5220 3479 5271 ὁ
3511 5218 3649 5290 βοῶ-

2087 5335 2241 5389 μενος
2270 5316 2364 5370 τοῦ
2399 5315 2594 5377 παντὸς
2643 5312 2906 5386 Ἐϐραίων
2938 5311 3120 5374 ἔθνους
3159 5309 3477 5382 προπάτωρ,
3508 5305 3563 5359 οῖ
3589 5320 3651 5358 τι

2081 5408 2269 5462 τούτου
2297 5410 2504 5479 γνήσιοι
2535 5406 2721 5470 παῖδες
2747 5405 2998 5473 ἀπόγονοί
3030 5421 3086 5456 τε
3119 5403 3342 5465 τούτων,
3385 5401 3481 5455 καὶ
3515 5415 3654 5469 προ-

2089 5500 2338 5572 πάτορες,
2369 5499 2639 5572 προφῆται
2672 5499 2872 5562 πάντες
2897 5498 2991 5550 καὶ
3019 5495 3283 5565 θεοφιλεῖς
3316 5494 3529 5566 ἄνδρες.
3557 5490 3654 5563 Μὴ
