3930 6202
305 195 414 250 269

1179 192 1824 250 DEMONSTRATIONIS
1864 193 2322 252 EVANGELICA‘I
2357 196 2481 251 LIB.
2517 196 2604 252 iV.

3409 195 3514 249 ‘27!)

300 314 415 384 γάρ
459 331 548 383 μοι
592 312 653 367 τὸ
711 313 971 367 Ἰουδαίων
1005 313 1201 384 πλῆθος
1234 312 1405 384 ταύτῃ
1446 311 1631 383 νόμιζε
1673 310 1860 383 δηλού-

1966 313 2091 369 licet
2126 313 2225 367 fuit
2254 314 2343 368 ille
2374 314 2489 383 ipse
2522 310 2840 366 notissimus
2876 310 3041 364 totius
3081 308 3357 365 Hebraicm
3387 326 3518 379 gen-

301 406 450 470 σθαι,
481 406 672 477 μόνους
707 424 767 459 τε
800 408 919 469 τοὺς
958 405 1120 459 πάλαι
1150 406 1408 477 πρότερον
1448 406 1613 476 ἀρετῇ
1642 406 1736 458 καὶ
1768 404 1859 456 εύ-

302 497 493 568 σεϐείᾳ
530 499 991 568 τετελειωμένους.
1041 497 1271 561 Τούτους
1301 498 1366 568 δὴ
1399 495 1490 552 οὖν
1530 495 1860 568 παραλαϐὼν

299 590 330 641 ὁ
358 590 688 661 καθηγεμὼν
730 593 823 644 καὶ
854 592 1158 662 προστάτης
1190 593 1441 645 ἀπάντων
1468 590 1559 644 τοῦ
1583 588 1717 642 Θεοῦ
1757 589 1859 642 Λό-

299 697 418 748 γος,
446 682 540 733 ἐπὶ
580 680 677 751 τὴν
705 681 863 751 μόνου
892 680 983 734 τοῦ
1014 683 1246 752 Πατρὸς,
1276 681 1435 735 αὑτοῦ
1474 681 1538 753 δὴ
1573 680 1664 735 τοῦ
1708 681 1860 751 ’Υψίκ

299 789 453 835 στου,
486 773 777 844 θρησκείαν
812 774 1120 827 ἀνεκαλεῖτο
1154 774 1258 826 τῶν
1286 774 1575 845 ὁρωμένων
1608 773 1860 827 ἁπάντων

300 865 584 929 ἀνωτάτω,
628 866 878 919 ὲπέκεινά
916 883 975 919 τε
1012 866 1237 938 ούρανοῦ
1279 868 1372 919 καὶ
1413 867 1591 937 πάσης
1631 866 1861 936 γενητῆς

299 955 510 1020 οὐσίας,
543 957 668 1020 τοὺς
706 958 972 1027 ὑπηκόους
1000 958 1181 1029 ἠρέμα
1214 958 1305 1011 καὶ
1341 958 1528 1028 πράως
1563 955 1859 1010 ἀνακαλού-

303 1063 488 1116 μενος,
517 1047 677 1117 μόνον
708 1064 766 1100 τε
792 1050 972 1111 αὐτοῖς
1004 1050 1095 1103 τὸν
1124 1050 1435 1121 ἀγέννητον,
1473 1051 1565 1103 καὶ
1590 1049 1696 1101 τῶν
1724 1048 1858 1102 ὅλων

301 1142 533 1213 ποιητὴν
560 1141 691 1195 Θεὸν
716 1142 804 1194 τὸν
836 1142 1054 1212 ὕψιστον
1089 1144 1411 1215 παραδιδοὺς
1441 1143 1701 1197 εὐσεϐεῖν.

1965 407 2035 460 tis
2069 415 2277 465 auctor,
2314 406 2539 475 ejusque
2570 406 2680 459 veri
2714 420 2777 458 ac
2804 402 3025 474 legitimi
3060 402 3150 456 ﬁlii
3172 444 3188 471 ,
3236 411 3397 472 atque
3428 403 3520 457 ho-

1965 511 2083 549 rum
2111 504 2333 566 nepotes
2361 515 2375 550 :
2407 502 2616 549 veteres
2641 496 2762 549 item
2795 494 3065 564 prophetae
3094 507 3309 555 omnes,
3345 500 3398 547 et
3426 494 3519 562 qui

1965 587 2075 643 Deo
2098 589 2235 658 grati
2266 588 2484 643 fuerunt
2511 587 2612 641 viri
2646 609 2655 642 :
2697 586 2849 656 157
2876 586 2984 639 noli.
3008 586 3159 647 mihi,
3187 600 3389 653 quaaso,
3418 602 3513 654 pu-

1966 690 2083 735 tare
2120 680 2427 735 Judaeorum
2467 690 2789 734 conventum
2827 679 2926 732 hac
2956 679 3313 749 appellatione
3346 678 3517 747 signi-

1970 770 2151 830 ticari,
2194 778 2245 827 et
2286 784 2378 824 eos
2420 769 2564 823 solos
2600 769 2691 838 qui
2730 768 2869 838 apud
2911 770 3120 838 priores
3158 768 3286 822 olim
3322 768 3521 822 virtute

1967 877 2029 916 ac
2084 864 2278 932 pietate
2334 861 2556 932 perfecti
2596 861 2956 915 exstiterunt:
2993 861 3094 917 hos
3134 861 3314 929 itaque
3365 875 3521 913 assu-

1964 971 2117 1008 mens
2169 956 2364 1008 dnctnr
2424 956 2665 1009 omnium
2702 970 2763 1008 ac
2802 955 3053 1024 princeps
3110 952 3203 1007 Dei
3241 952 3475 1007 Verbum
3504 991 3519 1017 ,

1969 1048 2034 1101 ad
2081 1048 2243 1101 unius
2283 1046 2496 1111 Patris,
2528 1048 2717 1118 -ipsius
2754 1046 3015 1102 Altissimi
3065 1047 3271 1102 scilicet
3315 1047 3519 1100 cultum

1964 1140 2250 1194 revocabat
2273 1139 2652 1208 supra,omnia
2688 1154 2808 1208 qua:
2841 1139 2943 1191 sub
2974 1139 3147 1191 visum
3180 1138 3406 1199 eadunt,
3439 1144 3520 1188 at-

298 1244 409 1299 que
446 1231 586 1284 ultra
612 1227 805 1284 coelum
827 1270 841 1295 ,
872 1231 1120 1300 ultraque
1152 1247 1364 1287 omnem
1397 1248 1731 1304 quaecunque
1767 1229 1905 1284 facta
1940 1230 2011 1284 sit
2056 1237 2337 1293 naturam,
2368 1244 2461 1283 eos
2509 1228 2599 1299 qui
2642 1230 2743 1284 sibi
2789 1229 2996 1297 jubenti
3044 1230 3349 1300 paruissent
3398 1244 3519 1282 seno

300 1325 408 1381 sim
454 1326 787 1396 benigneque
833 1324 1103 1391 invitans,
1151 1324 1435 1396 solumque
1488 1325 1594 1380 illis
1623 1341 1745 1380 eum
1768 1364 1782 1389 ,
1816 1323 1907 1394 qui
1940 1323 2153 1393 genitus
2195 1337 2300 1375 non
2332 1328 2446 1386 est,
2478 1322 2715 1377 universi
2746 1323 3077 1377 conditorem
3114 1321 3279 1376 Deum
3320 1322 3522 1379 altissi-

300 1434 456 1472 mutn
486 1415 765 1472 colendum
795 1415 1033 1471 tradens.

1044 1534 1122 1586 Ην.

2680 1526 2810 1580 Vlll.

308 1624 408 1691 Ὧς
422 1629 646 1691 μόνους
673 1625 812 1691 τοὺς
832 1624 957 1678 κατ’
976 1625 1230 1689 οἰφανὸν
1249 1624 1561 1694 φωστῆρας
1587 1624 1659 1678 τὰ
1680 1625 1860 1679 λοιπὰ

1966 1622 2116 1694 Quod
2163 1622 2277 1675 sola
2319 1620 2430 1674 caeli
2489 1622 2663 1675 sidera
2714 1632 2763 1675 et
2828 1622 3027 1694 lumina
3084 1622 3294 1694 reliqum
3352 1633 3522 1694 gentes

373 1687 492 1749 τῶν
531 1687 719 1750 ὲθιέῶν
769 1687 981 1751 ἔσεϐον
1025 1687 1298 1765 ἆγγέλοὶς
1357 1687 1859 1765 τιάῖνέγκεχωρι-
1891 1687 1930 1741 Β

374 1768 593 1834 σμένα.

370 1864 434 1915 Oi
466 1861 523 1914 δέ
555 1878 618 1929 γε
651 1859 756 1913 τῶν
784 1861 957 1915 ἄλλων
988 1859 1157 1913 ἐθνῶν
1206 1860 1488 1913 ἐπιστάται
1517 1857 1733 1929 ἄγγελοι
1766 1858 1859 1911 καὶ

302 1953 559 2023 ποιμένες
574 1954 696 2016 τοὺς
717 1951 790 2023 μὴ
805 1954 947 2015 οἴους
968 1970 1027 2005 τε
1049 1951 1123 2022 νῷ
1147 1952 1235 2004 τὸν
1257 1952 1484 2024 ἀόρατον
1510 1950 1823 2004 ἐποπτεύειν
1842 1990 1857 2012 ,

300 2048 435 2119 μηδὲ
463 2047 770 2101 ἀναϐαίνειν
797 2046 1046 2100 τοσοῦτον
1071 2047 1135 2099 δι’
1170 2047 1372 2100 οίκείαν
1407 2045 1684 2098 ἀσθένειαν
1710 2086 1725 2109 ,
1750 2046 1860 2107 τοῖς

296 2138 592 2210 ὁρωμένοις
629 2140 745 2193 κατ’
774 2138 996 2210 οὐρανὸν
1031 2137 1316 2210 προσέχειν
1348 2137 1562 2206 ἠξίουν,
1597 2136 1728 2207 ἡλίῳ
1768 2136 1860 2189 καὶ

302 2229 498 2300 σελήνῃ
540 2229 634 2281 καὶ
669 2229 903 2299 ἄστροις·
938 2229 974 2282 ἃ
1016 2228 1078 2300 δὴ
1120 2229 1211 2281 καὶ
1243 2230 1299 2280 ὲν
1331 2231 1394 2299 τῇ
1431 2227 1725 2297 φαινομένῃ
1755 2226 1860 2279 τῶν

295 2321 437 2373 ὅλων
462 2321 619 2389 φύσει
644 2321 1004 2393 διαπρέποντα
1023 2362 1038 2384 ,
1073 2320 1182 2373 ἄνω
1214 2321 1305 2373 καὶ
1331 2320 1410 2372 ὅτι
1440 2319 1670 2391 μάλιστα
1702 2321 1861 2386 ἐγγυ-

299 2411 446 2463 τάτω
478 2409 555 2473 ὼς
586 2409 650 2462 ἂν
675 2412 733 2462 ὲν
774 2409 1062 2481 προθύροις
1091 2410 1183 2463 τοῦ
1216 2408 1597 2479 παμϐασιλέως
1627 2408 1724 2471 τὰς
1754 2407 1860 2459 τῶν

297 2500 551 2570 ὁρώντων
591 2500 739 2568 ὄψεις
782 2500 1121 2563 ἀνεκαλεῖτο,
1163 2503 1226 2553 ὲκ
1279 2498 1537 2569 μεγέθους
1584 2499 1676 2551 καὶ
1728 2496 1859 2549 καλ-

296 2590 457 2661 λονῆς
480 2591 586 2645 τῶν
606 2594 893 2663 ὁρωμένων
917 2593 1224 2663 κτισμάτων
1243 2591 1516 2659 ἀναλόγως
1536 2590 1627 2643 τοῦ
1646 2590 1859 2643 πάντων

298 2681 677 2752 γενεσιουργοῦ
722 2682 818 2750 τὴν
868 2681 1096 2750 θεωρίαν
1142 2679 1519 2750 ἐμφανίζοντα.
1563 2698 1581 2729 ι
1625 2679 1706 2732 Τά
1753 2678 1861 2749 γὰρ

299 2770 508 2841 ἀόρατα
551 2769 749 2834 αὑτοῦ,
794 2790 811 2821 ι
916 2788 1076 2840 φησιν
1100 2772 1128 2822 ὁ
1156 2769 1293 2832 θεῖος
1335 2769 1667 2833 Ἀπόστολος,
1703 2789 1721 2821 ι
1757 2770 1862 2823 ἀπὸ

299 2864 530 2926 κτίσεως
561 2864 763 2933 κόσμου
796 2866 907 2927 τοῖς
940 2864 1202 2934 ποιήμασι
1232 2861 1491 2933 νοούμενα
1530 2863 1858 2935 καθορᾶται,

295 2954 330 3021 ἦ
357 2971 417 3005 τε
444 2954 612 3015 ἀΐδιος
643 2953 804 3007 αύτοῦ
822 2953 1043 3023 δύναμις
1073 2953 1163 3005 καὶ
1196 2951 1422 3023 θειότης.
1456 2972 1473 3003 ι
1501 2954 1609 3006 Καὶ
1632 2953 1788 3008 τοῦτο
1808 2954 1864 3008 δὲ

2028 1693 2284 1774 colerent,
2330 1709 2445 1761 qua:
2483 1709 2715 1746 seorsum
2774 1691 3084 1762 quibusdam
3138 1691 3524 1763 angelisassi-

2030 1775 2200 1833 gnam:
2231 1773 2355 1816 sint.

2028 1854 2269 1907 Aliarum
2304 1869 2431 1908 vero
2465 1852 2703 1924 gentium
2747 1851 2984 1923 praefecti
3019 1853 3191 1923 angeli
3239 1861 3399 1923 atque
3430 1869 3520 1923 pa.

1960 1953 2135 2001 stores
2156 1988 2171 2013 ,
2202 1961 2295 2001 eos
2318 1946 2409 2016 qui
2440 1952 2637 2008 mente,
2670 1945 2816 1998 illum
2851 1946 2940 2014 qui
2971 1944 3090 2000 visu
3132 1945 3343 1998 mortali
3374 1945 3522 2001 cerni

1958 2038 2164 2107 nequit,
2190 2037 2387 2091 intueri
2411 2052 2521 2090 non
2552 2043 2819 2105 poterant,
2848 2050 3022 2105 neque
3048 2043 3157 2089 tam
3210 2035 3313 2090 alte
3337 2035 3409 2091 ob
3427 2037 3525 2089 do-

1960 2132 2241 2184 mesticam
2270 2129 2692 2184 imbecillitatem
2719 2129 3032 2191 ascendere,
3061 2143 3124 2183 ea
3155 2144 3274 2195 quae
3309 2129 3361 2182 in
3385 2129 3524 2183 caelo

1960 2230 2273 2291 spectantur
2298 2221 2652 2292 contemplari
2679 2221 2997 2285 suadebant,
3022 2222 3213 2284 solem,
3241 2228 3294 2275 et
3318 2222 3521 2284 lunam,

1959 2320 2011 2366 et
2038 2314 2240 2367 stellas.
2274 2311 2405 2379 Quae
2437 2312 2653 2382 quidem
2701 2327 2824 2365 cum
2861 2313 2943 2367 vel
2977 2316 3029 2367 in
3065 2313 3289 2368 cadente
3320 2313 3420 2368 sub
3446 2314 3525 2367 vi~

1960 2418 2078 2457 sum
2115 2411 2359 2457 nostrum
2391 2403 2627 2458 universi
2671 2410 2865 2456 natura
2896 2404 3250 2473 prmuiteant,
3305 2420 3524 2460 sursum

1960 2503 2120 2564 atque
2153 2494 2351 2565 oppido
2381 2511 2541 2565 quam
2583 2503 2803 2565 prOpter
2849 2504 3103 2565 tanquam
3147 2498 3200 2551 in
3237 2498 3371 2567 ipsis
3402 2514 3522 2552 oni-

1959 2585 2108 2639 nimn
2134 2588 2275 2656 regis
2306 2586 2607 2649 vestibulis,
2635 2586 2781 2656 ipsos
2814 2586 3137 2640 intuentium
3176 2596 3428 2656 aspectus
3449 2588 3527 2640 al-

1961 2678 2170 2741 liciunt,
2195 2687 2355 2748 atque
2389 2694 2452 2732 ex
2483 2693 2667 2732 earum
2692 2694 2871 2731 rerum
2903 2678 3272 2748 magnitudine
3300 2693 3361 2732 ac
3404 2695 3529 2749 spe-

1960 2770 2062 2832 cie,
2100 2785 2219 2839 quae
2245 2785 2367 2823 cum
2399 2768 2553 2824 facta:
2592 2770 2701 2824 sint
2730 2779 3029 2825 cernuntur
3062 2771 3269 2838 oculis,
3301 2787 3527 2843 propor-

1962 2862 2107 2915 tione
2144 2862 2397 2932 quadam,
2431 2862 2667 2916 auctoris
2697 2864 3044 2933 parentisque
3070 2865 3309 2918 omnium
3346 2868 3527 2936 cogni-

1963 2953 2188 3017 tionem,
2215 2954 2832 3024 contemplationemque
2868 2970 2978 3024 prae
3015 2970 3073 3010 se
3118 2956 3295 3010 ferunt
3325 2976 3337 3012 :
3378 2976 3398 3009 ι
3435 2957 3525 3012 ln-

295 3046 465 3100 πάλιν
487 3049 515 3099 ὁ
556 3047 718 3117 μέγας
746 3045 977 3115 Μωῦσῆς
1002 3048 1363 3117 μυσταγωγεῖ.
1396 3046 1496 3099 Τὸν
1526 3048 1631 3118 γάρ
1657 3065 1735 3101 τοι
1768 3048 1858 3101 τοῦ

1966 3045 2191 3099 visibilia
2215 3046 2358 3101 enim
2388 3046 2556 3115 ipsius
2576 3086 2589 3109 ,
2636 3053 2693 3099 ut
2718 3048 2791 3099 ait
2822 3046 3038 3101 divinus
3068 3047 3362 3118 Apostolus
3384 3050 3449 3113 “,
3496 3065 3528 3103 a

298 3137 514 3207 Κυρίου
537 3138 724 3208 κλῆρον
743 3139 819 3209 νῷ
844 3139 1052 3203 διαυγεῖ
1072 3142 1164 3195 καὶ
1186 3142 1327 3213 ψυχῇ
1352 3140 1732 3212 κεκαθαρμένη
1756 3140 1860 3193 τῶν

301 3228 515 3298 νοητῶν
543 3231 629 3281 καὶ
658 3232 952 3301 ἀσωμάτων
986 3232 1293 3303 ἰριγνᾶσθαι
1318 3233 1657 3302 προτρέπων,
1691 3231 1860 3302 εἴργει

298 3318 405 3387 τῆς
457 3319 563 3371 τῶν
613 3322 893 3391 ὁρωμένων
945 3323 1063 3375 κατ’
1116 3324 1339 3394 οὐρανὸν
1368 3321 1699 3394 ἐκπλήξεως,
1745 3324 1863 3375 ἐπι-

295 3409 504 3476 λέγων,
535 3410 613 3461 ὅτι
645 3410 705 3480 δὴ
741 3431 758 3462 ι
807 3412 987 3464 Ταῦτα
1022 3412 1511 3483 ἀπένειμεΚύριος
1546 3413 1574 3463 ὁ
1606 3412 1735 3474 Θεὸς
1769 3428 1859 3464 σου

296 3503 433 3554 πᾶσι
470 3504 577 3565 τοῖς
617 3503 842 3557 ἔθνεσιν.
872 3522 890 3555 ›
919 3503 1017 3557 Διὰ
1048 3504 1099 3557 τί
1125 3504 1169 3557 δ’
1201 3503 1631 3574 ἀπονενεμῆσθαι
1655 3505 1819 3574 ἔφησε
1843 3544 1858 3565 ,

297 3592 527 3645 συνιδεῖν
568 3594 877 3661 ἀναγκαῖον.
914 3594 1286 3659 Πολυπλανοῦς
1325 3595 1671 3667 ὑπαρχούσης
1698 3595 1861 3665 ἀορά-

294 3702 404 3747 τως
435 3686 563 3754 ἡμῖν
586 3685 727 3755 ἀμφὶ
752 3686 840 3738 τὸν
863 3688 986 3757 περὶ
1008 3688 1109 3758 γῆν
1134 3687 1267 3758 ἀέρα
1298 3687 1627 3758 πωτωμένης
1651 3687 1857 3758 χθονίου

294 3778 393 3830 καὶ
424 3777 741 3847 δαιμονικῆς
772 3779 986 3842 οὐσίας,
1021 3777 1295 3847 ἀγνώστου
1330 3797 1388 3831 τε
1426 3781 1517 3832 καὶ
1548 3779 1858 3849 ἀδιακρίτου

293 3868 632 3938 ἀνθρώποις,
667 3870 767 3939 τῆς
801 3870 907 3923 τῶν
944 3870 1159 3939 ἀγαθῶν
1204 3872 1521 3941 πνευμάτων
1567 3873 1657 3925 καὶ
1701 3872 1857 3924 δυνά-

298 3977 481 4031 μεων,
524 3962 612 4013 καὶ
649 3961 821 4015 αὐτῶν
865 3962 926 4033 δὴ
974 3963 1081 4015 τῶν
1120 3962 1277 4015 θείων
1325 3963 1564 4031 ἀγγέλων
1611 3963 1746 4034 πρὸς
1793 3963 1860 4016 τὰ

294 4052 466 4122 χείρω
497 4050 747 4123 διαφόρου
780 4052 1127 4125 καθεστώσης
1150 4092 1165 4116 ,
1200 4054 1297 4106 οὐκ
1327 4053 1497 4117 ἄλλως
1525 4050 1582 4107 εὖ
1617 4052 1725 4125 εἶχε
1749 4058 1859 4117 τοῖς

293 4143 394 4212 τῆς
424 4143 681 4196 ἀνωτάτω
703 4143 795 4196 τοῦ
818 4146 1202 4215 παμϐασιλέως
1222 4147 1499 4211 εὐσεϐείας
1522 4149 1857 4201 ἀποπίπτου-

294 4252 383 4289 σιν
426 4235 459 4306 ἦ
495 4236 600 4288 τῶν
635 4237 923 4308 ὁρωμένων
959 4238 1076 4290 κατ’
1110 4239 1332 4308 οὐρανὸν
1372 4239 1439 4292 τά
1478 4241 1734 4309 κράτιστα
1778 4242 1860 4293 αἱ-

299 4329 531 4400 ρεῖσθαι.
563 4329 689 4390 Δέος
719 4329 823 4400 γὰρ
855 4331 915 4382 ού
941 4329 1000 4381 τὸ
1034 4330 1189 4400 τυχὸν
1218 4326 1304 4400 ἦν,
1340 4332 1543 4402 μήποτε
1564 4372 1577 4394 ,
1605 4332 1735 4385 Θεὸν
1765 4332 1858 4403 ζη-

293 4422 515 4485 τοῦντες
550 4424 643 4475 καὶ
685 4422 753 4475 τὰ
783 4423 983 4493 ἀόρατα
1019 4424 1622 4495 πολυπραγμονοῦντες,
1656 4427 1857 4497 ἀπορίᾳ

295 4512 405 4566 τῶν
449 4514 667 4581 ἀφανῶν
708 4515 799 4566 καὶ
836 4515 1041 4585 ἀδήλων
1082 4517 1159 4579 εἰς
1197 4515 1437 4579 ἐναντίας
1469 4516 1719 4588 δυνάμεις
1766 4517 1857 4571 καὶ

292 4604 610 4674 δαιμονικάς
631 4623 695 4657 πε
705 4610 1028 4676 ριτραπεῖεν.
1047 4606 1163 4658 Τῶν
1183 4608 1469 4677 ὁρωμένων
1492 4604 1582 4661 οὖν
1599 4609 1663 4661 τά
1684 4609 1857 4678 πάντη

292 4697 570 4769 διαπρεπῆ
596 4697 688 4751 τού
707 4698 838 4752 Θεοῦ
860 4699 1309 4770 δημιουργήματα
1333 4703 1441 4762 τοῖς
1474 4701 1547 4771 μὴ
1570 4701 1659 4754 τοῦ
1686 4701 1860 4773 κρείτ-

290 4806 444 4852 τονος
482 4790 785 4865 ἐφιεμένοις
820 4790 1239 4860 παραδεδόσθαι,
1274 4791 1618 4860 ἀμωσγέπως
1652 4792 1856 4846 ἐνθένδε

292 4881 393 4951 τῆς
422 4881 515 4935 τοῦ
546 4882 776 4954 ἀοράτου
803 4881 1032 4952 θεωρίας
1053 4918 1066 4942 .
1092 4884 1165 4947 ὡς
1194 4882 1259 4936 ἂν
1291 4883 1379 4937 διά
1402 4902 1540 4947 τινος
1573 4884 1855 4958 ἐσόπτρου,

291 4990 433 5044 παρε
442 4975 833 5045 μφαινομένης.

1967 3145 2215 3190 creatura
2240 3137 2445 3202 mundi,
2483 3154 2577 3208 per
2604 3154 2666 3193 ea
2698 3154 2815 3208 qua:
2851 3138 2991 3192 facta
3027 3149 3153 3194 sunt
3217 3142 3485 3196 intellecta
3508 3180 3527 3207 ,

1966 3230 2394 3298 conspiciuntur,
2429 3229 2863 3299 sempiternaque
2886 3230 3003 3300 ejus
3032 3232 3225 3295 virtus,
3252 3240 3305 3286 et
3331 3233 3529 3287 divini-

1966 3329 2067 3375 tas.
2115 3340 2132 3372 ι
2169 3319 2280 3374 lloc
2320 3336 2535 3390 quoque
2564 3335 2789 3390 magnus
2823 3321 3035 3394 Moyses
3068 3339 3260 3378 rursus
3293 3332 3350 3378 ut
3374 3339 3532 3378 arca-

1966 3425 2095 3464 num
2128 3420 2181 3464 et
2212 3425 2427 3466 sacrum
2456 3410 2684 3475 inducit,
2716 3427 2838 3465 nam
2872 3412 3081 3467 Domini
3116 3422 3313 3469 sortem
3338 3414 3531 3469 adhor-

1966 3512 2107 3566 tans,
2140 3510 2199 3555 ut
2243 3510 2424 3556 mente
2468 3502 2643 3555 lucida
2671 3503 2959 3573 animoque
3014 3514 3243 3575 purgato
3292 3521 3355 3561 ea
3409 3523 3529 3577 qua;

1967 3595 2082 3649 sola
2121 3594 2473 3660 intelligentia
2506 3594 2827 3663 capiuntur,
2886 3603 2939 3649 et
2998 3598 3244 3667 corporis
3287 3600 3528 3668 expertia

1967 3692 2113 3748 sunt,
2142 3685 2530 3755 concupiscat:
2572 3686 2819 3756 prohibet
2869 3702 2931 3741 ea
2966 3704 3085 3757 quae
3125 3688 3179 3743 in
3232 3692 3370 3744 coelo
3415 3706 3535 3759 spe-

1964 3786 2181 3831 ctantur
2209 3779 2668 3848 admirari,supra
2701 3794 2729 3831 a
2764 3794 2821 3833 se
2836 3778 2996 3833 dictis
3032 3780 3354 3849 adjungens,
3386 3782 3529 3852 quod

1966 3860 2079 3924 lirec
2120 3870 2392 3925 distribuit
2443 3868 2703 3924 Dominus
2732 3868 2873 3924 Deus
2902 3878 3027 3924 tuus
3062 3889 3081 3919 ι
3111 3872 3322 3926 cunctis
3356 3872 3531 3943 genti-

1967 3962 2067 4016 bus
2096 3963 2162 3993 ’σθ
2190 3981 2202 4015 :
2248 3981 2264 4012 ι
2298 3977 2396 4016 cur
2422 3970 2599 4017 autem
2630 3962 2920 4018 distributa
2955 3960 3123 4017 fuisse
3160 3962 3385 4026 dixerit,
3437 3979 3532 4019 co-

1964 4073 2222 4127 gnoscere
2252 4073 2427 4128 operae
2454 4059 2683 4127 pretium
2713 4066 2814 4112 est.
2860 4057 2993 4113 Cum
3026 4057 3304 4127 multiplici
3347 4074 3529 4113 errore.

1964 4155 2220 4218 vagetur,
2255 4156 2308 4203 et
2345 4150 2502 4204 nobis
2534 4150 2676 4203 haud
2732 4149 3082 4204 cernentibus
3128 4150 3335 4204 circum
3386 4149 3531 4202 hunc

1964 4256 2137 4296 acrem
2164 4244 2254 4311 qui
2286 4250 2483 4296 terram
2515 4242 2701 4304 ambit,
2734 4242 3011 4295 terrestris
3065 4239 3310 4310 quaedam
3341 4241 3531 4295 volitet

1965 4350 2028 4390 ac
2076 4335 2370 4389 daemonica
2427 4314 2641 4398 natura,
2693 4333 2852 4404 158
2883 4349 3042 4403 quam
3074 4334 3322 4388 homines
3355 4350 3529 4404 neque

1963 4442 2309 4498 cognoscere,
2348 4444 2521 4498 neque
2553 4427 2866 4482 discernere
2906 4420 3086 4480 idonei
3119 4435 3267 4488 sunt,
3294 4442 3529 4496 cumque

1966 4519 2229 4572 bonorum
2252 4520 2376 4573 item
2410 4520 2700 4589 spirituum
2734 4534 2797 4572 ac
2828 4527 3176 4588 potestatum,
3208 4528 3260 4572 ct
3289 4519 3531 4588 ipsorum

1965 4612 2197 4681 denique
2228 4612 2534 4665 divinorum
2566 4612 2878 4682 angelorum
2907 4622 3124 4675 natura,
3148 4613 3215 4665 ab
3241 4626 3303 4665 ea
3336 4627 3456 4681 quae
3475 4612 3528 4664 in

1965 4703 2203 4757 deterius
2239 4704 2388 4773 lapsa
2419 4711 2523 4768 est,
2547 4704 2890 4758 continenter
2914 4704 3177 4758 dissideat
3203 4720 3216 4754 :
3243 4718 3348 4756 non
3372 4704 3531 4756 aliter

1964 4795 2031 4850 iis
2064 4795 2153 4865 qui
2184 4810 2211 4848 a
2243 4795 2480 4864 supremi
2507 4795 2744 4849 omnium
2777 4794 2939 4867 Regis
2965 4796 3111 4850 cultu
3144 4795 3526 4857 declinassent,

1964 4901 2050 4940 res
2079 4887 2214 4941 bene
2245 4894 2456 4956 poterat
2496 4887 2688 4942 cedere
2715 4927 2729 4950 ,
2777 4902 2938 4956 quam
2977 4888 3023 4941 si
3071 4901 3257 4941 eorum
3305 4901 3424 4955 qua:
3472 4885 3527 4939 in

1964 4979 2103 5033 caelo
2153 4987 2485 5048 spectantur,
2521 4996 2641 5049 quze
2676 4980 3121 5049 praestantissima
3155 4985 3302 5043 sunt,
3331 4978 3526 5048 elegis—

293 5074 457 5119 sent:
493 5066 790 5136 periculum
827 5067 970 5123 enim
1016 5084 1123 5122 non
1172 5069 1442 5125 mediocre
1480 5077 1596 5124 erat
1621 5113 1635 5136 ,
1684 5071 1881 5126 necubi
1922 5072 2089 5128 Deum
2131 5083 2433 5143 quaerentes
2457 5112 2472 5137 ,
2512 5081 2566 5128 et
2596 5073 2868 5129 curiOsins
2891 5087 3010 5142 quae
3032 5072 3099 5126 ad
3120 5079 3395 5142 aspectum
3418 5089 3528 5128 non

290 5162 519 5214 veniunt
584 5161 933 5232 indagantes,
974 5163 1287 5220 dillicultate
1316 5180 1501 5220 earum
1560 5182 1737 5221 rerum
1768 5183 1887 5235 quae
1929 5170 2094 5223 latent
2121 5169 2477 5239 obscuraaque
2541 5177 2689 5234 sunt,
2738 5168 2805 5222 ad
2837 5167 3137 5223 contrarias
3175 5167 3531 5223 daemonicas-

289 5271 398 5323 que
428 5264 725 5325 potestates
755 5268 1129 5317 verterentur:
1162 5275 1228 5315 ex
1277 5260 1344 5315 iis
1398 5262 1561 5331 igitur
1591 5279 1709 5332 qua:
1768 5272 2065 5319 cernuntur
2117 5265 2290 5319 oculis
2357 5265 2537 5319 omnia
2567 5263 2660 5318 Dei
2711 5279 2913 5335 opera,
2956 5263 3110 5316 valde
3175 5263 3529 5317 conveniebat

289 5349 381 5411 iis,
444 5351 536 5421 qui
591 5352 724 5406 nihil
772 5355 1119 5421 praestantius
1158 5357 1640 5426 concupiscerent,
1697 5361 1891 5430 quavis
1930 5360 2140 5415 ratione
2175 5362 2549 5416 commendata
2594 5374 2738 5423 esse,
2804 5361 2999 5429 quEppe
3033 5374 3154 5413 cum
3203 5374 3263 5412 ex
3299 5359 3365 5412 iis
3399 5360 3485 5414 ille
3511 5401 3526 5422 ,

287 5445 380 5514 qui
409 5446 586 5500 oculis
620 5448 767 5531 cerni
795 5464 901 5503 non
933 5457 1133 5518 potest,
1158 5451 1315 5519 quasi
1350 5452 1404 5505 in
1446 5453 1677 5523 quodam
1730 5456 1950 5525 speculo
1982 5456 2428 5527 contemplandas
2458 5470 2734 5527 appareat.

430 5625 474 5657 "
509 5623 662 5677 Rom.
696 5641 731 5689 t,
765 5626 853 5680 ΞΟ.
927 5627 993 5659 ’θ’
1029 5626 1181 5682 Deut.
1205 5643 1274 5696 tv,
1306 5628 1388 5683 l9.
