3930 6202
463 217 560 272 971

1157 323 1245 378 IX.

466 439 540 496 De
584 438 793 492 inimica
852 453 913 489 ac
973 437 1071 503 ipsi
1113 435 1220 488 Deo
1276 435 1582 489 adversante
1630 444 1912 502 potestate,
1965 445 2012 488 et

531 526 588 564 eo
618 509 706 578 qui
752 507 802 558 in
831 506 926 578 hac
974 505 1306 578 dominatur,
1349 514 1398 559 et
1449 505 1878 575 quemadmodum
1925 520 2016 572 per

531 574 663 632 hanc
699 592 846 630 omne
873 575 1136 629 hominum
1167 574 1434 629 seductum
1463 574 1540 630 est
1566 591 1747 645 genus.

529 713 592 767 Et
622 711 732 767 hate
762 711 977 782 quidem
1005 709 1084 765 sic
1111 725 1169 764 se
1192 709 1460 764 habebant
1487 728 1498 762 :
1536 708 1870 763 adversantis
1888 721 2015 762 vero

461 820 522 858 ac
549 803 762 859 rebellis
793 801 1076 873 potestatis
1116 799 1296 866 factio,
1328 800 1441 855 sive
1483 797 1784 854 daemonum
1816 815 1880 854 ea
1910 799 2012 866 sit,

461 894 572 949 sive
598 893 827 947 aliorum
857 894 1017 948 etiam
1043 891 1474 962 depravatiorum
1503 893 1812 962 spirituum,
1834 893 1925 963 qui
1959 899 2014 946 et

461 985 580 1050 plus
606 994 658 1038 et
698 985 874 1038 minus
897 983 962 1037 de
992 983 1193 1036 malitia
1222 990 1519 1052 reportant,
1551 983 1728 1054 gravis
1757 993 2012 1054 praeterea

459 1074 738 1142 cujusdam
769 1075 1054 1144 magnique
1102 1073 1383 1137 daemonis,
1419 1056 1512 1144 qui
1540 1075 1780 1130 omnium
1807 1075 2011 1145 princi-

457 1175 646 1236 patum
679 1165 817 1220 inter
848 1181 942 1219 eos
987 1165 1212 1228 obtinet,
1243 1165 1334 1234 qui
1362 1165 1519 1234 pr’mi
1561 1165 1616 1220 in
1645 1165 1828 1221 divino
1862 1167 2011 1220 cultu

457 1261 805 1316 nutaverunt.
835 1264 994 1324 atque
1024 1254 1093 1308 ob
1119 1252 1167 1307 id
1203 1255 1479 1324 proprium
1511 1255 1830 1309 vocabulum
1873 1256 2012 1310 ami-

456 1362 595 1412 sere,
639 1346 798 1400 saluti
830 1344 1108 1400 hominum
1152 1345 1419 1409 invidens,
1451 1345 1502 1399 in
1529 1345 1855 1401 contrariam
1889 1361 2014 1416 par-

455 1447 562 1492 tem
605 1436 874 1501 trahebat,
904 1437 1186 1506 omnisque
1213 1438 1427 1506 generis
1457 1437 1675 1491 malitiae
1707 1438 1970 1492 machinis
1994 1476 2008 1501 ,

454 1531 666 1584 cunctis
693 1531 964 1600 gentibus,
993 1529 1202 1600 ipsique
1241 1531 1400 1583 etiam
1457 1529 1593 1584 sorti
1645 1527 1893 1596 Domini,
1945 1546 2012 1586 ex

456 1619 655 1674 invidia
699 1619 996 1684 bonorum,
1054 1617 1437 1686 insidiabatur;
1482 1617 1706 1688 proinde
1755 1617 1864 1674 Deo
1915 1619 2010 1674 ad-

455 1725 664 1766 versam
703 1709 1030 1779 impiamque
1055 1709 1231 1780 magni
1267 1710 1410 1765 illius
1437 1709 1697 1766 daemonis
1727 1712 2009 1782 cogitatio-

451 1815 599 1863 nem,
626 1799 973 1869 propheticus
1017 1800 1238 1869 spiritus
1271 1800 1325 1854 in
1353 1800 1490 1854 Isaia
1519 1800 1597 1855 sic
1623 1801 2006 1870 propemodum

451 1891 817 1962 reprehendit,
857 1891 1044 1945 dicens
1079 1910 1092 1945 :
1131 1908 1150 1941 ‹
1195 1889 1337 1944 Dixit
1365 1891 1542 1956 enim,
1598 1891 1653 1944 in
1693 1890 2008 1948 fortitudine

452 1983 668 2047 faciam,
693 1991 746 2036 et
776 1983 829 2035 in
864 1981 1127 2051 sapientia
1152 1981 1457 2037 intellectus
1487 1981 1728 2037 auferam
1747 1984 2007 2040 terminos

448 2075 708 2146 gentium,
731 2079 782 2126 et
794 2073 958 2127 robur
972 2087 1156 2127 earum
1173 2072 1536 2143 depraedabor,
1555 2081 1608 2128 et
1620 2076 1855 2145 quatiam
1871 2076 2006 2130 civi-

449 2174 588 2220 tates
615 2180 733 2234 qua’.
755 2163 1086 2227 habitantur,
1103 2172 1156 2218 et
1173 2165 1356 2219 orbem
1376 2173 1641 2220 terrarum
1677 2174 1846 2221 totum
1866 2182 2008 2221 com-

449 2250 778 2321 prehendam
806 2266 969 2304 manu
993 2252 1146 2321 quasi
1170 2251 1375 2316 nidum,
1391 2260 1444 2308 et
1459 2255 1611 2323 quasi
1632 2270 1734 2309 ova
1749 2255 2006 2311 derelicta

449 2343 654 2408 tollam,
673 2350 725 2397 et
745 2357 850 2396 non
864 2343 964 2397 erit
981 2343 1073 2413 qui
1093 2341 1310 2414 effugiat
1328 2352 1532 2407 me,aut
1548 2346 1883 2400 contradicat
1905 2347 2006 2400 mi-

449 2433 794 2504 hi".)159
821 2434 909 2490 Ha:
935 2449 1064 2490 sane
1087 2435 1229 2491 illius
1255 2436 1404 2506 impii
1429 2443 1481 2491 et
1505 2446 1692 2492 contra
1717 2436 1883 2491 Deum
1907 2454 2001 2508 pu-

449 2529 664 2599 gnantis
693 2541 875 2590 voces,
907 2527 996 2597 qui
1024 2527 1076 2580 in
1111 2527 1304 2582 robore
1339 2527 1558 2582 malitia:
1605 2529 1864 2598 gloriatur
1887 2569 1902 2593 ,
1951 2537 2006 2586 et

449 2619 654 2688 angelis
697 2621 765 2674 ab
811 2619 1092 2674 Altissimo
1140 2620 1368 2676 traditos
1419 2621 1660 2690 gentium
1720 2622 2000 2687 terminos,

449 2715 784 2786 direpturum
812 2732 870 2772 se
895 2723 947 2770 et
978 2715 1330 2770 confusurum
1365 2719 1606 2770 minatur
1629 2757 1646 2782 ,
1709 2717 2004 2788 orbemque

447 2803 906 2876 depraedaturum.
933 2812 987 2859 et
1009 2819 1168 2860 omne
1203 2819 1373 2875 genus
1407 2804 1687 2858 hominum
1735 2821 2002 2860 excussu-

449 2912 592 2962 rum,
629 2897 856 2966 ejusque
886 2897 1120 2966 priorem
1153 2897 1398 2951 ordinem
1449 2904 1782 2951 mutaturum
1809 2898 2000 2967 jactat.

452 2989 508 3043 Si
533 3004 658 3045 vero
686 3005 794 3059 quo
823 2989 1005 3042 animo
1037 2989 1164 3041 talia
1197 2987 1262 3043 de
1284 2988 1467 3057 seipso
1488 2989 1830 3054 mentiretur,
1861 2990 2001 3044 scire
2028 3029 2072 3089 ε

447 3081 554 3143 vis,
591 3080 716 3135 audi
751 3078 993 3134 eamdem
1028 3078 1366 3148 prOphetiam
1419 3078 1499 3133 sic
1551 3093 1743 3134 rursus
1789 3077 1856 3135 de
1909 3080 2002 3134 illo

449 3171 714 3227 dicentem
745 3190 757 3226 :
797 3189 816 3222 ι
853 3170 1136 3237 Quomodo
1165 3168 1360 3224 cecidit
1395 3170 1462 3225 de
1491 3170 1628 3224 caelo
1653 3169 1886 3236 Lucifer,
1910 3171 2002 3242 qui

449 3275 607 3314 mane
639 3259 913 3314 oriebatur
939 3259 962 3312 ?
1001 3260 1265 3313 contritus
1295 3268 1380 3313 est
1419 3258 1476 3312 iu
1505 3266 1728 3325 terram,
1756 3261 1850 3330 qui
1879 3261 2004 3313 mit-

449 3351 596 3405 tebat
630 3349 697 3404 ad
741 3365 928 3404 omnes
958 3358 1164 3420 gentes.
1216 3349 1298 3404 Tu
1345 3365 1474 3405 vero
1505 3350 1690 3407 dixisti
1724 3351 1779 3406 in
1827 3360 2004 3408 mente

451 3449 580 3495 tua:
619 3440 679 3494 lu
713 3442 909 3496 coelum
949 3442 1259 3506 ascendam,
1285 3457 1449 3512 super
1479 3451 1625 3497 astra
1655 3443 1778 3498 caeli
1807 3459 2002 3514 ponam

451 3531 634 3586 sedem
668 3547 862 3586 meam.
904 3531 1204 3588 Ascendam
1249 3548 1413 3603 snpra
1443 3533 1646 3603 nubes,
1671 3549 1766 3588 cro
1812 3535 2004 3591 similis

451 3623 753 3679 Altissimo.
789 3623 943 3679 Nunc
973 3633 1152 3679 autem
1182 3625 1249 3678 ad
1293 3623 1563 3679 infernum
1607 3625 1923 3689 descendes,
1951 3632 2005 3681 et

450 3715 517 3769 ad
549 3715 901 3772 fundamenta
936 3705 1096 3772 terra:
1123 3716 1188 3769 ⁸⁸.
1231 3735 1250 3767 ι
1285 3715 1428 3772 Sane
1457 3717 1688 3788 plurima
1723 3719 1884 3772 simul
1921 3720 2004 3775 his

449 3807 630 3861 verbis
650 3807 889 3862 declarat
917 3808 1234 3874 oraculum;
1279 3823 1405 3862 nam
1429 3817 1482 3863 et
1514 3809 1660 3864 illius
1691 3809 1758 3865 de
1789 3825 1896 3880 quo
1925 3811 2007 3865 lo-

450 3901 635 3972 quitur
661 3900 972 3964 amentiam,
998 3908 1051 3954 et
1079 3899 1322 3969 ejusdem
1358 3916 1387 3954 a
1414 3901 1623 3955 meliori
1653 3909 1797 3957 statu
1821 3902 1886 3956 ad
1911 3903 2006 3958 de.

449 3991 620 4046 terius
651 3991 882 4055 ruinam,
914 3999 968 4046 et
995 3991 1166 4061 ipsius
1196 3992 1366 4046 ruina
1392 3992 1616 4048 exitum.
1656 3991 1760 4058 Qui
1786 3991 2006 4058 quidem

450 4099 572 4137 cum
604 4084 785 4154 gravia
824 4091 984 4152 atque
1021 4083 1208 4138 odiosa
1241 4086 1454 4139 cunctis
1484 4086 1734 4154 gentibus
1763 4087 2004 4143 minatus

451 4182 617 4237 esset,
669 4175 774 4228 alia
825 4177 1036 4230 ratione
1081 4176 1199 4246 capi
1250 4190 1410 4246 posse
1457 4177 1724 4242 homines,
1771 4178 1824 4232 in
1873 4179 2008 4250 ipsis

452 4263 794 4318 machinandi
825 4266 1062 4322 exordiis
1093 4267 1445 4336 deprehendit
1473 4285 1486 4320 :
1523 4269 1722 4338 quippe
1747 4271 1839 4340 qui
1873 4270 2009 4324 faci-

1138 207 1402 264 EUSEBII
1437 205 1908 264 CESANENSIS
1948 207 2008 263 Ol

2136 206 2314 262 PARS
2349 204 2391 262 Ι.
2427 237 2494 248 --
2533 204 3029 263 Αροιοοετιελ.

2038 325 2085 382 Α

3567 199 3680 255 272

2849 319 2926 375 0'.

2115 436 2250 504 Περὶ
2285 433 2390 502 τῆς
2413 432 2628 518 ἐχθρᾶς
2663 433 2761 518 καί
2798 431 3206 518 ἀντικειμένης
3233 429 3313 496 τῷ
3349 428 3466 518 Θεῷ
3487 428 3678 518 third!-

2176 499 2485 575 λιεως,καί
2515 499 2622 575 τοῦ
2655 506 2877 575 ταύτης
2919 499 3310 575 ἐξάρχοντος,
3345 503 3439 553 καὶ
3576 499 3676 554 διὰ

2183 569 2400 642 ταύτης
2423 573 2488 628 τὸ
2519 574 2758 628 πάντων
2783 569 3104 642 dracti:qu
3127 570 3386 640 ὑπήγετο
3413 569 3600 640 γένος.

2181 689 2290 742 Καὶ
2311 688 2378 740 τά
2411 689 2507 759 μὲν
2530 681 2631 741 ὧδε
2662 687 2890 742 διέκειτο
2908 705 2921 718 ο
2946 687 3100 741 τὰ·δέ
3128 687 3226 756 τῆς
3255 685 3545 740 ἀντιπάλου
3575 686 3675 738 καὶ

2111 781 2478 851 ἀποπατικῆς
2511 780 2816 852 δυνάμεως,
2851 778 2959 833 εἴτε
2992 778 3258 849 δαιμόνων
3289 777 3397 829 εἴτε
3434 778 3525 830 καὶ
3555 795 3674 846 χει-

2117 874 2280 944 ρόνων
2309 873 2480 926 ἄλλων
2514 873 2831 943 πνευμάτων
2850 873 2906 924 ἐν
2935 871 3101 943 κακία
3128 871 3187 923 τὸ
3212 870 3372 922 πλέον
3393 869 3486 922 καὶ
3509 864 3676 938 ἦττον

2111 962 2548 1035 ἀποφερομένων,
2579 962 2657 1015 ἔτι
2689 979 2748 1016 τε
2780 961 2988 1015 καὶτοῦ
3021 959 3234 1015 πάντων
3263 961 3319 1012 ἐν
3339 959 3547 1022 τούτοις
3573 958 3676 1030 ἀρ-

2111 1071 2293 1124 χοντος
2323 1053 2496 1108 δεινοῦ
2535 1071 2678 1118 τινος
2712 1053 3158 1124 μεγαλοδαίμονος
3177 1093 3192 1116 ,
3227 1052 3276 1106 οἳ
3295 1094 3311 1120 ,
3341 1052 3545 1123 πρῶτοι
3575 1051 3676 1120 τῆς

2111 1153 2190 1213 είς
2240 1150 2300 1203 τὸ
2340 1149 2492 1202 Θεῖον
2547 1147 2824 1211 εὐσεϐείας
2877 1146 3265 1208 σαλεύσαντες,
3321 1145 3419 1215 τῆς
3467 1141 3676 1205 οἰκείας

2111 1239 2311 1312 λήξεως
2347 1239 2772 1294 ἀποπεπτὼκασι
2796 1279 2811 1304 ,
2842 1238 3018 1310 φθόνῳ
3050 1240 3146 1310 τῆς
3177 1237 3474 1308 ἀνθρώπων
3499 1252 3676 1305 σωτη-

2113 1333 2232 1406 ρίας
2267 1333 2364 1404 τὴν
2409 1333 2655 1386 ἐναντίαν
2694 1327 2842 1385 εἷλκε
2875 1330 3149 1394 παντοίαις
3181 1329 3373 1393 κακίας
3409 1329 3676 1400 μηχαναῖς

2111 1425 2244 1476 πᾶσι
2283 1426 2396 1487 τοῖς
2431 1422 2638 1487 ἔθνεσι,
2673 1422 2766 1474 καί
2807 1421 2958 1492 αὐτῷ
2995 1421 3072 1492 τῷ
3111 1420 3202 1474 τοῦ
3242 1419 3445 1491 Κυρίου
3485 1419 3676 1490 κλήρῳ

2115 1512 2378 1585 βασκανίᾳ
2403 1513 2509 1568 τῶν
2540 1514 2758 1583 ἀγαθῶν
2783 1513 3210 1568 ἐπιϐουλεύοντα.
3242 1513 3345 1565 Τὸν
3371 1511 3435 1583 δὴ
3459 1509 3553 1566 οὖν
3581 1509 3676 1566 τοῦ

2116 1605 2562 1677 μεγαλοδαίμονος
2587 1605 2742 1664 ἄθεον
2772 1606 2863 1659 καὶ
2888 1604 3054 1675 ἀσεϐῆ
3083 1604 3336 1674 λογισμὸν
3372 1603 3435 1656 τὺ
3459 1601 3676 1673 πνεῦμα

2045 1671 2082 1726 Β
2107 1671 2167 1750 τὸ
2197 1671 2529 1769 προφητικὸν
2556 1698 2614 1749 ἐν
2647 1695 2842 1769 Ἡσαΐᾳ
2875 1691 2976 1750 ὧδέ
3003 1671 3118 1760 πως
3148 1671 3436 1765 ἀπελέγχει
3455 1671 3634 1762 λέγων
3657 1710 3672 1725 ο

2113 1807 2131 1840 ι
2153 1783 2284 1840 Εἴπε
2304 1786 2428 1858 γάρ·
2456 1788 2544 1840 Ἑν
2561 1791 2624 1859 τῇ
2643 1787 2784 1858 ἰσχύϊ
2802 1789 3030 1859 ποιήσω,
3049 1789 3139 1841 καὶ
3152 1790 3215 1858 τῇ
3235 1787 3394 1857 σοφίᾳ
3408 1787 3504 1858 τῆς
3525 1787 3678 1840 συνέ-

2108 1897 2243 1944 σεως
2270 1880 2451 1950 ἀφελῶ
2473 1881 2593 1952 ὅρια
2625 1879 2819 1943 ἐθνῶν,
2845 1881 2936 1934 καὶ
2969 1879 3067 1952 τὴν
3100 1881 3251 1951 ἰσχὺν
3277 1879 3454 1932 αὐτῶν
3482 1895 3678 1950 προνο-

2109 1971 2307 2044 μεύσω,
2334 1972 2428 2026 καὶ
2451 1973 2611 2026 σείσω
2644 1972 2822 2036 πόλεις
2861 1971 3280 2042 κατοικουμένας
3303 1987 3318 2001 ·
3353 1971 3446 2024 καὶ
3470 1972 3569 2040 τὴν
3601 1972 3678 2023 οε-

2104 2064 2368 2134 κουμένην
2385 2064 2511 2134 ὃλην
2528 2064 2908 2136 καταλήψομαι
2926 2067 2991 2134 τῇ
3018 2064 3160 2134 χειρὶ
3196 2063 3271 2125 ὼς
3310 2062 3549 2124 νοσσιὰν,
3581 2061 3678 2115 καὶ

2101 2155 2177 2219 ὡς
2197 2155 2661 2226 καταλελειμμένα
2681 2155 2762 2209 ea
2791 2155 2927 2228 ἀρῶ,
2954 2155 3046 2208 καὶ
3077 2155 3176 2207 οὐκ
3204 2153 3356 2206 ἔσται
3377 2154 3437 2217 ὃς
3455 2152 3676 2222 διαφεύ-

2105 2245 2250 2311 ξεταί
2274 2263 2360 2317 με,
2388 2247 2420 2318 ἢ
2453 2247 2678 2318 ἀντείπῃ
2705 2265 2812 2318 μοι.
2838 2266 2856 2297 ι
2890 2241 3059 2299 Αὗται
3085 2247 3138 2299 αί
3163 2243 3255 2298 τοῦ
3271 2245 3536 2316 θεομάχου
3565 2262 3676 2313 φω-

2103 2339 2209 2402 ναὶ,
2241 2339 2330 2391 ἐπί
2350 2337 2546 2401 κακίας
2567 2337 2709 2407 ἰσχύϊ
2733 2336 3260 2406 μεγαλαυχουμένου,
3290 2336 3384 2390 καί⁸
3409 2336 3508 2398 τὰς
3538 2335 3674 2406 πρὸς

2101 2427 2192 2480 τοῦ
2224 2427 2475 2496 Ὑψίστου
2517 2430 2628 2490 τοῖς
2671 2426 2921 2495 ἀγγέλοις
2953 2426 3343 2496 παραδοθείσας
3369 2425 3476 2478 τῶν
3507 2426 3673 2479 ἐθνῶν

2101 2520 2376 2590 ὁροθεσίας
2390 2519 2704 2590 διαρπάσαι,
2727 2519 2820 2572 καὶ
2848 2521 3065 2589 συγχεῖν
3087 2517 3454 2582 ἀπειλοῦντος,
3479 2535 3674 2590 προνο⁶

2105 2612 2322 2683 μεύσειν
2346 2629 2406 2664 τε
2431 2611 2528 2682 τὴν
2548 2611 2890 2682 οἰκουμένην,
2915 2613 3007 2664 καὶ
3033 2613 3139 2664 πᾶν
3160 2611 3220 2664 τὸ
3243 2610 3348 2663 τῶν
3373 2609 3468 2664 ἀνθ
3479 2610 3675 2682 ρώπων

2101 2702 2253 2770 γένος
2272 2701 2532 2755 διεκσείσε
2543 2719 2608 2765 ιν,
2627 2702 2718 2756 καὶ
2744 2703 3094 2773 μεταστήσειν
3115 2703 3211 2773 τῆς
3232 2701 3500 2773 προτέρας
3521 2702 3676 2754 εὐτα-

2102 2793 2219 2861 ξίας
2237 2795 2786 2865 ἀπαυθαδιαζομένου.
2815 2795 3001 2847 Ὀποῖα
3015 2795 3071 2846 δὲ
3089 2793 3298 2865 φρονῶν
3335 2795 3458 2865 περὶ
3480 2793 3673 2848 ἑαυτοῦ

2099 2884 2168 2938 τά
2193 2885 2412 2939 τοιαῦτα
2428 2887 2796 2956 ὴλαζονεύετο,
2827 2886 2992 2940 ἄκουε
3022 2886 3122 2956 τῆς
3148 2885 3316 2954 αὐτῆς
3341 2886 3676 2957 προφητείας

2101 2971 2200 3031 ὦδε
2230 2978 2389 3031 πάλιν
2429 2979 2556 3050 περὶ
2606 2977 2768 3031 αὑτοῦ
2817 2977 3157 3049 φραζούσης-ο
3198 2996 3216 3028 ι
3260 2977 3384 3040 Πῶς
3419 2977 3676 3042 ἐξέπεσεν

2103 3071 2166 3122 ἐκ
2212 3069 2305 3122 τοῦ
2337 3069 2566 3141 οὐρανοῦ
2600 3072 2629 3122 ό
2675 3071 3017 3142 Ἑωσφόρος,
3063 3073 3092 3124 ό
3138 3069 3282 3142 πρωῒ
3330 3071 3671 3138 ἀνατέλλων;

2104 3161 2386 3232 συνετρίϐη
2421 3163 2502 3224 εἰς
2529 3162 2628 3232 τὴν
2656 3163 2759 3233 γῆν
2789 3165 2817 3215 ὁ
2848 3162 3191 3216 ἀποστέλλων
3226 3163 3361 3234 πρὸς
3395 3165 3574 3218 πάντα
3605 3165 3676 3219 τά

2101 3253 2246 3324 ἔθνη.
2284 3255 2354 3308 Σὺ
2381 3253 2436 3306 δὲ
2459 3251 2614 3318 εἶπας
2639 3257 2695 3307 ἐν
2713 3257 2780 3326 τῇ
2812 3255 3017 3326 διανοίᾳ
3042 3272 3134 3308 σου
3159 3271 3171 3284 ο
3216 3256 3310 3320 Είς
3334 3257 3424 3309 τὸν
3449 3257 3674 3329 οὐρανὸν

2101 3349 2458 3422 ἀναϐήσομαι,
2493 3349 2677 3402 ἐπάνω
2695 3348 2802 3401 τῶν
2826 3349 3038 3420 ἄστρων
3060 3347 3153 3402 τοῦ
3175 3349 3402 3420 οὐρανοῦ
3436 3350 3674 3422 θήσομαι

2101 3441 2192 3494 τὸν
2235 3441 2422 3513 θρόνον
2469 3458 2590 3512 μου.
2637 3439 3002 3510 Ἀναϐήσομαι
3045 3440 3228 3493 ἐπάνω
3263 3441 3370 3494 τῶν
3400 3441 3671 3511 νεφελῶν,

2103 3533 2293 3604 ἔσομαι
2339 3534 2519 3604 ὅμοιος
2549 3532 2626 3604 τῷ
2664 3532 2920 3603 TMe-up.
2956 3532 3070 3585 Νῦν
3119 3533 3175 3585 δὲ
3207 3534 3285 3596 εἰς
3315 3533 3445 3605 ᾅδην
3499 3552 3674 3588 κατα-

2104 3625 2264 3698 ϐήσῃ,
2288 3625 2381 3678 καὶ
2413 3625 2492 3686 εἰς
2512 3623 2580 3677 τά
2608 3622 2830 3694 θεμέλια
2851 3623 2950 3692 τῆς
2969 3625 3088 3695 γῆς.
3113 3644 3132 3676 ι
3165 3625 3328 3696 Ὁμοῦ
3353 3627 3416 3696 δὴ
3450 3627 3674 3682 πλεῖστα

2103 3715 2188 3770 διὰ
2222 3717 2422 3771 τούτων
2463 3719 2492 3770 ό
2539 3716 2694 3785 λόγος
2724 3716 3011 3787 ἐμφαίνει,
3059 3718 3159 3789 τὴν
3205 3717 3299 3770 τοῦ
3342 3718 3672 3791 δηλουμένου

2106 3808 2546 3878 φρενοϐλάϐειαν,
2567 3809 2664 3885 τῂν
2694 3807 2800 3862 ἀπὸ
2826 3809 2934 3863 τῶν
2961 3809 3287 3881 κρειττόνων
3307 3811 3400 3862 ἐπὶ
3420 3811 3488 3864 τά
3507 3814 3675 3883 χείρω

2106 3901 2468 3965 κατάπτωσιν,
2497 3901 2557 3954 τὸ
2585 3902 2682 3972 τῆς
2709 3901 3032 3965 ἐκπτώσεως
3055 3901 3224 3966 τέλος.
3256 3902 3411 3955 Δεινά
3441 3903 3496 3956 δέ
3530 3903 3675 3957 κατὰ

2105 3995 2210 4048 τῶν
2243 3993 2410 4048 ἐθνῶν
2440 3993 2693 4047 ἀπάντων
2721 3992 3039 4065 ἀπειλήσας,
3067 3992 3268 4064 θάτερα
3295 3992 3528 4064 ληπτοὺς
3560 3997 3677 4058 τοῖς

2107 4086 2442 4159 προϐουλίοις
2495 4085 2811 4157 ἀνθρώπους
2841 4084 3056 4156 εὕρατο,
3106 4084 3392 4156 πρόχειρον
3453 4085 3547 4138 καὶ
3611 4085 3674 4152 ἐξ

2106 4179 2312 4242 οἰκείας
2339 4177 2560 4248 γνώμης
2579 4177 2676 4246 τὴν
2705 4177 2797 4230 ἐπὶ
2813 4177 2872 4229 τὸ
2901 4177 3068 4230 κακὸν
3085 4176 3361 4247 ἔμπτωσιν
3394 4177 3459 4230 δι’
3481 4179 3675 4245 αὐτεξ-

2107 4270 2287 4323 ούσιον
2336 4269 2652 4341 προαίρεσιν
2703 4269 3090 4340 κεκτημένους.
3141 4271 3319 4322 Ἔσειε
3380 4269 3512 4340 δῆτα
3571 4270 3676 4339 τῆς

451 4359 554 4411 lem
579 4366 740 4424 atque
770 4372 833 4410 ex
858 4374 953 4412 sua
982 4359 1222 4428 ipsorum
1255 4359 1523 4414 sententia
1553 4359 1764 4430 lapsqu
1794 4361 1860 4415 ad
1884 4377 2002 4415 ma-

2109 4361 2216 4415 ἀπο
2240 4361 2345 4414 τῶν
2376 4361 2696 4433 κρειττόνων
2730 4361 2970 4424 στάσεως
2989 4360 3087 4424 τὰς
3107 4360 3306 4424 πόλεις,
3327 4363 3418 4414 καὶ
3439 4363 3549 4424 τοῖς
3574 4361 3678 4430 τῆς

451 4449 586 4509 lum,
619 4455 839 4517 pr0pter
869 4449 1171 4505 libertatem
1198 4451 1429 4514 arbitrii,
1462 4451 1820 4521 possiderent.
1858 4452 2004 4519 Qua-

452 4549 569 4595 tcre
600 4539 767 4609 igitur
795 4555 824 4594 a
865 4543 1075 4597 meliori
1110 4550 1252 4596 statu
1285 4543 1557 4609 civitates,
1605 4544 2006 4618 voluptatisque

453 4633 736 4689 blanditiis
759 4635 1052 4689 multorum
1085 4637 1296 4692 animas
1324 4637 1540 4693 trahere
1568 4621 1623 4692 in
1655 4654 1814 4694 omne
1833 4656 2006 4710 genus

454 4725 730 4796 nequitiae,
757 4741 1054 4796 omnesque
1082 4727 1338 4783 adhibere
1369 4729 1672 4794 machinas,
1715 4738 2010 4802 turpesque

455 4817 521 4872 de
548 4817 653 4873 diis
688 4817 898 4874 fabulas
933 4831 1093 4890 atque
1115 4819 1381 4876 obscenas
1415 4820 1755 4876 narrationes
1785 4823 2010 4876 commi-

455 4909 616 4974 nisci,
649 4917 702 4966 et
723 4910 961 4980 jucunda
994 4915 1176 4965 omnia
1207 4927 1270 4965 ac
1300 4912 1624 4980 voluptatem
1650 4911 1925 4967 aﬂ‘ereutia
1945 4914 2012 4968 iis

457 5017 594 5071 quos
615 5011 852 5073 caperet,
877 5003 1085 5057 artibus
1124 5017 1187 5057 ac
1225 5002 1453 5058 fallaciis
1480 5004 1784 5058 daemonum
1820 5005 2008 5075 injice-

458 5109 517 5148 re
547 5113 560 5148 :
597 5103 758 5164 atque
785 5094 870 5148 his
895 5095 1218 5160 rationibus,
1245 5097 1429 5152 orbem
1455 5097 1767 5151 universum
1794 5105 2011 5168 captum

459 5201 522 5240 ac
552 5187 836 5241 subactum
868 5186 1167 5250 continere,
1201 5195 1362 5258 atque
1391 5189 1466 5242 ita
1495 5189 1674 5244 delere
1703 5200 1758 5244 et
1783 5188 2013 5243 confun-

459 5279 586 5334 dere
618 5280 879 5335 terminos
909 5279 1168 5351 gentium,
1219 5281 1363 5350 quod
1414 5282 1577 5336 etiam
1632 5296 1691 5337 se
1743 5281 2012 5337 facturum

459 5372 696 5429 minatus
755 5372 928 5428 fuerat
985 5373 1164 5428 verbis
1209 5373 1362 5429 illis:
1415 5393 1433 5426 ι
1469 5374 1722 5429 Auferam
1750 5377 2014 5430 terminos

459 5467 719 5535 gentium,
750 5474 802 5521 et
849 5467 1016 5522 robur
1048 5483 1235 5523 earum
1274 5467 1640 5538 deprtedabor,
1675 5475 1730 5524 et
1770 5467 2011 5539 quatiam

520 5645 570 5675 "
599 5637 700 5706 ιω,
733 5660 790 5710 x,
827 5646 912 5712 l5,
936 5647 1021 5703 14.
1095 5647 1511 5716 "lsa.xtv,12.
1539 5646 1605 5700 15

2113 4453 2305 4524 ἡδονῆς
2337 4453 2576 4506 δελέασιν
2604 4453 2696 4508 ἐπὶ
2746 4454 2852 4506 πᾶν
2888 4449 3027 4516 εἶδος
3061 4453 3390 4524 φαυλότητος
3438 4456 3536 4517 τάς
3563 4454 3675 4506 τῶν

2113 4544 2320 4598 πολλῶν
2347 4544 2592 4598 κατέσπα
2621 4545 2828 4615 ψυχὰς,
2867 4545 3054 4598 οὐδένα
3096 4562 3155 4598 τε
3208 4545 3453 4616 μηχανῆς
3502 4562 3674 4598 κατα-

2113 4635 2282 4690 λιπὼν
2313 4636 2532 4706 τρόπον,
2572 4637 2759 4708 μύθοις
2783 4637 2909 4709 περὶ
2926 4636 3062 4690 θεῶν
3084 4639 3327 4708 αἰσχροῖς
3360 4638 3454 4689 καὶ
3485 4636 3676 4708 διηγή-

2115 4745 2277 4800 μασιν
2304 4728 2620 4792 ἀκολάστοις
2647 4730 2714 4782 τά
2749 4729 2876 4800 φίλα
2908 4731 3002 4782 καὶ
3027 4731 3162 4798 πρὸς
3197 4729 3388 4801 ἡδονὴν
3419 4727 3527 4780 τῶν
3561 4728 3678 4780 άλιο

2114 4820 2390 4890 σκομένων
2411 4821 2476 4874 δι’
2501 4822 2744 4892 ἐντέχνου
2767 4821 3030 4892 δαιμόνων
3051 4823 3264 4892 ἀπάτης
3285 4819 3673 4891 προύϐάλλετο·

2117 4911 2294 4985 ταύτῃ
2326 4929 2385 4965 τε
2426 4913 2524 4983 τὴν
2562 4913 2884 4983 οἰκουμένην
2928 4913 3140 4968 ἃπασαν
3187 4913 3322 4966 ἐλὼν
3367 4913 3674 4983 ὑποχείριον

2118 5008 2348 5074 συνεῖχε,
2385 5003 2478 5056 καὶ
2503 5004 2729 5074 ἠφάνιζε
2771 5005 2838 5058 τά
2871 5005 2976 5058 τῶν
3018 5005 3183 5059 ἐθνῶν
3217 5006 3376 5077 ὅρια,
3408 5006 3544 5075 ὅπερ
3581 5006 3674 5057 καὶ

2119 5099 2361 5169 ποιήσειν
2392 5097 2604 5168 ἠπείλει
2643 5096 2812 5150 εἰπών
2835 5113 2849 5128 ο
2887 5117 2905 5150 ι
2941 5097 3145 5168 ’Λφελῶ
3177 5099 3300 5170 ὅρια
3345 5098 3546 5162 ἐθνῶν,
3581 5099 3675 5152 καὶ

2115 5188 2213 5258 τὴν
2245 5190 2395 5259 ἰσχὺν
2422 5189 2599 5242 αὐτῶν
2633 5190 3002 5262 προνομεύσω,
3033 5193 3125 5246 καλ⁸
3144 5193 3307 5246 σείσω
3331 5191 3512 5255 πόλεις
3545 5208 3681 5244 κατ-

2118 5282 2472 5352 οικουμένας,
2521 5283 2614 5336 καὶ
2653 5283 2748 5354 τὴν
2776 5285 3096 5356 οἰκουμένην
3127 5285 3254 5355 ὃλην
3296 5283 3682 5354 καταλήψομαι

2115 5377 2180 5445 τῇ
2209 5373 2349 5445 χειρί
2381 5375 2454 5438 ὡς
2490 5377 2755 5430 νοσσιάν.»
2780 5378 2968 5431 Ἔνθεν
2997 5377 3098 5449 ήδη
3131 5377 3312 5431 λοιπὸν
3343 5375 3560 5429 πάντων
3588 5375 3685 5426 ἀν-

2115 5466 2346 5540 θρώπων
2369 5469 2690 5541 κατεκράτει
2719 5469 2914 5543 πλάνῃ,
2932 5469 3183 5541 δαίμονές
3207 5486 3265 5524 τε
3293 5467 3515 5538 πονηροὶ
3536 5465 3685 5520 κατά
