3930 6202
237 258 348 316 973

1144 260 1798 320 DEMONSTBATIONIS
1828 261 2289 318 EVANGELICE
2328 262 2456 324 LIB.
2490 261 2581 319 ιν.

3345 265 3452 319 2η

232 379 416 430 πάντα
444 375 636 440 τόπον,
670 380 762 432 καὶ
796 378 963 443 πόλιν,
1002 379 1094 433 καὶ
1135 380 1316 452 χώραν
1363 382 1467 436 ὑπὸ
1505 382 1582 453 τῷ
1612 382 1778 453 οἰκείιε

1901 382 2146 438 civitates
2173 395 2292 452 qua!
2321 382 2657 446 habitantur,
2697 386 2751 435 et
2778 376 2962 437 orbem
2999 387 3172 437 totum
3204 396 3452 450 compre-

228 469 452 540 ἄρχοντι
484 471 868 525 κατετάττοντο
891 489 903 501 ·
949 474 1044 526 καὶ
1091 474 1225 544 δῆτα
1268 476 1525 546 δυνάμεσι
1558 474 1791 545 χθονίαις

227 564 324 616 καὶ
350 566 605 635 πονηροῖς
633 564 931 635 πνεύμασιν
955 568 1073 621 ἀντὶ
1106 567 1213 621 τῶν
1236 570 1512 641 προτέρων
1544 569 1637 622 τοῦ
1657 567 1790 621 Θεοῦ

228 656 557 727 λειτουργῶν
575 659 602 710 ό
624 659 730 720 πᾶς
750 658 856 711 τῶν
879 659 1177 731 ἀνθρώπων
1199 662 1311 732 βίος
1344 661 1787 725 καταδεδούλωτο,

228 749 450 802 πάντων
477 748 685 819 ἀθρόως
716 752 807 803 καὶ
839 752 1153 824 ἐπιρῤεπῶς
1189 758 1300 818 τοῖς
1329 755 1429 825 τῆς
1459 755 1651 826 ήδονῆς
1680 753 1789 806 ὀλί-

228 841 378 904 σθοις
404 841 802 896 ἐπιδεδωκότων
822 860 834 874 ’
863 843 1000 897 ὥστε
1031 846 1128 917 ήδη
1155 848 1364 918 καὶτῆς
1387 848 1599 917 φύσεως
1620 848 1789 919 ὑπερ-

226 932 436 986 ϐαίνειν
463 934 655 1004 ὄρους,
691 935 781 987 καὶ
808 936 926 988 τοτὲ
961 938 1058 1007 μὲν
1103 938 1516 1011 ἀλληλοφθορεῖν
1535 981 1550 1006 ,
1583 940 1702 994 τοτὲ
1734 940 1790 994 δὲ

225 1025 641 1096 ἁρρητοποιεῖν,
673 1028 767 1081 καὶ
801 1026 837 1080 ἀ
890 1029 1022 1099 μηδέ
1063 1029 1304 1101 λογισμῷ
1352 1032 1506 1101 θέμις
1559 1034 1787 1097 ἐννοεῖν,

224 1116 397 1169 ταῦτα
428 1117 488 1169 ού
533 1118 691 1187 μόνον
726 1119 982 1189 πράττειν
1004 1161 1019 1184 ,
1064 1122 1197 1176 ἀλλά
1232 1126 1323 1178 καὶ
1353 1129 1472 1189 ταῖς
1510 1128 1636 1197 περὶ
1679 1126 1789 1179 τῶν

224 1207 442 1260 οἰκείων
474 1207 609 1261 θεῶν
654 1210 829 1276 δόξαις
863 1212 1202 1278 ἀνατιθέναι,
1233 1217 1327 1270 καὶ
1372 1218 1450 1271 ἔτι
1485 1219 1680 1290 μᾶλλον
1713 1218 1789 1283 ὼς

227 1295 293 1348 ἀν
327 1296 468 1360 θεοῖς
495 1298 624 1368 φίλα
655 1300 724 1353 τά
753 1301 1026 1357 ἀκόλαστα
1056 1307 1153 1358 σὺν
1174 1307 1419 1380 ῥᾳστώνῃ
1450 1309 1652 1364 πλείονι
1675 1310 1791 1364 δια-

226 1390 579 1457 πράττεσθαι.
617 1391 893 1446 Ἐντεῦθεν
920 1394 1041 1467 ἤδη,
1072 1397 1208 1451 κατά
1228 1399 1318 1453 τὸν
1351 1401 1494 1472 ἱερὸν
1543 1401 1791 1455 Ἀπόστο-

224 1480 316 1534 λον
336 1521 351 1545 ,
394 1483 499 1535 οὐδ’
531 1485 623 1537 ἐπὶ
674 1489 785 1551 τοῖς
826 1490 946 1541 κατ’
992 1491 1216 1561 οὐρανὸν
1268 1491 1345 1545 ἔτι
1378 1492 1646 1564 λαμπροῖς
1693 1493 1785 1547 τοῦ

222 1572 364 1625 Θεοῦ
392 1574 858 1648 δημιουργήμασιν
887 1582 1181 1653 ἱστάμενοι,
1204 1603 1222 1634 ‹
1260 1585 1703 1657 Ἐματαιώθησαν
1732 1589 1787 1640 ἐν

220 1668 336 1725 τοῖς
365 1666 730 1739 διαλογισμοῖς
767 1672 971 1739 αὐτῶν,
1008 1676 1100 1727 καὶ
1140 1676 1420 1747 ἐσκοτίσθη
1466 1679 1497 1748 ή
1532 1678 1788 1743 ἀσύνετος

221 1756 401 1810 αὐτῶν
434 1760 649 1830 καρδία.
675 1764 978 1826 Φάσκοντες
1007 1760 1144 1818 εἶναι
1174 1765 1344 1834 σοφοὶ,
1375 1767 1783 1840 ἐμωράνθησαν,

221 1850 314 1901 καὶ
376 1849 677 1919 ἠλλάξαντο
722 1856 820 1926 τὴν
871 1857 1027 1923 δόξαν
1072 1857 1165 1911 τοῦ
1221 1858 1496 1928 ἀφθάρτου
1545 1859 1678 1914 Θεοῦ
1728 1863 1786 1914 ἐν

218 1942 527 2013 ὁμοιώματι
558 1946 764 2010 είκόνος
800 1947 1040 2019 φθαρτοῦ
1069 1948 1375 2021 ἀνθρώπου,
1401 1952 1494 2004 καὶ
1526 1950 1785 2006 πετεινῶν

217 2034 309 2086 καὶ
339 2036 686 2106 τετραπόδων
716 2039 809 2092 καὶ
840 2038 1103 2110 ἑρπετῶν.
1136 2060 1154 2091 ι
1179 2042 1297 2094 ’Ὀτι
1330 2042 1386 2095 δὲ
1419 2042 1560 2096 κατὰ
1590 2043 1650 2096 τὸ
1680 2059 1784 2097 πα-

215 2125 496 2180 λαιότατον
522 2131 635 2192 τοῖς
659 2130 927 2202 οὐρανίοις
958 2134 1240 2207 φωστῆρσι
1274 2134 1452 2207 μόνοις
1483 2136 1533 2189 οί
1566 2136 1657 2189 ἐπὶ
1681 2136 1785 2207 γῆς

216 2222 574 2288 προσανεῖχον
623 2221 773 2275 οὐδὲν
822 2223 1035 2277 εἴδωλον
1084 2224 1466 2295 ἐπιστάμενοι,
1502 2224 1625 2279 οὔτε
1659 2227 1786 2297 περὶ

212 2309 312 2379 τήν
337 2310 447 2362 τῶν
477 2309 745 2381 δαιμόνων
780 2313 984 2385 πλάνην
1015 2316 1426 2388 καταγινόμενοι
1449 2358 1464 2382 ,
1496 2317 1651 2389 ἱκανὴ
1694 2318 1785 2387 γέ-

215 2419 356 2455 νοιτο
393 2403 460 2456 ἂν
501 2404 774 2472 ἀπόδειξις
814 2409 846 2478 ή
882 2407 988 2461 τῶν
1034 2408 1327 2481 ἀλλοτρίων
1353 2409 1446 2463 τοῦ
1490 2410 1608 2465 καθ’
1640 2412 1784 2483 ἡμᾶς

213 2490 369 2558 λόγου
409 2494 716 2565 μαρτυρία,
746 2498 811 2568 ήν
843 2498 984 2552 κατά
1025 2499 1086 2554 τὸ
1140 2500 1349 2569 πρῶτον
1399 2501 1499 2571 τῆς
1545 2505 1782 2570 Προπα-

205 2582 521 2652 ρασκευῆς
563 2586 668 2656 πρὸ
710 2588 807 2658 τῆς
851 2590 1127 2663 παρούσης
1181 2592 1559 2663 πραγματείας
1605 2591 1783 2659 ἐξεθε-

216 2692 352 2746 μην,
391 2676 575 2745 σαφῶς
601 2679 911 2747 ἀποδείξας,
947 2684 1028 2738 ὃτι
1065 2685 1137 2754 μὴ
1166 2686 1543 2757 χειροκμήτοις
1576 2685 1781 2752 ξοάνοις

211 2767 270 2834 ἐξ
303 2767 437 2840 ὕλης
472 2769 680 2841 ἀψύχου
709 2774 1256 2849 δεδημιουργημένας
1276 2818 1290 2842 ,
1330 2778 1443 2832 ἀλλ’
1474 2778 1582 2832 οὐδ’
1614 2781 1779 2853 ἀορά-

211 2876 323 2923 τοις
342 2860 591 2932 δαίμοσιν
610 2868 659 2921 οί
683 2867 998 2922 παλαίτατοι
1024 2869 1131 2923 τῶν
1156 2870 1453 2941 ἀνθρώπων
1477 2872 1774 2926 ἐδούλευον·

215 2950 397 3018 μόνοις
426 2953 485 3006 δὲ
510 2956 735 3022 τούτοις,
761 2959 808 3012 οἳ
838 2960 930 3013 καὶ
959 2960 1094 3031 πρὸς
1120 2962 1217 3033 τῆς
1245 2961 1392 3026 θείας
1423 2963 1642 3035 Γραφῇ
1667 2968 1779 3029 τοῖς

1894 472 2125 528 hendam
2176 488 2340 527 manu
2363 474 2517 544 quasi
2562 471 2771 526 nidum.
2814 492 2832 525 ι
2871 471 2999 529 Inde
3026 474 3136 544 jam
3170 473 3258 529 ille
3299 480 3450 543 post-

1892 566 1994 622 hac
2052 584 2147 637 per
2203 581 2483 629 errorem,
2542 565 2595 620 in
2649 580 2837 621 omnes
2872 565 3118 619 homines
3163 565 3449 635 imperium

1892 660 2162 726 obtinuit;
2194 674 2257 713 ac
2304 658 2433 712 mali
2480 657 2754 713 daemones
2787 658 2841 712 in
2880 659 3025 712 omni
3063 658 3203 721 loco,
3236 657 3448 711 et'civi-

1892 760 2021 815 tate,
2077 759 2131 807 et
2181 750 2421 822 regione.
2467 749 2570 804 sub
2598 758 2745 804 certo
2798 750 3044 820 principe
3082 751 3328 821 dispositi
3364 750 3449 804 in-

1892 844 2198 914 structique
2229 849 2357 898 sunt
2402 860 2416 896 :
2466 842 2650 913 itaque
2684 842 3037 898 terrestribus
3093 842 3448 912 potestatibus

1891 952 1955 992 ac
2013 935 2296 1005 spiritibus
2345 934 2524 998 malis,
2567 950 2663 1004 pro
2715 934 2990 1004 prioribus
3040 932 3133 989 Dei
3184 934 3449 992 ministris

1890 1027 2068 1082 omnis
2103 1027 2210 1080 vita
2234 1025 2513 1080 hominum
2546 1027 2758 1082 addicta
2783 1033 2885 1089 est,
2917 1026 3171 1080 omnibus
3197 1026 3449 1081 certatim

1891 1131 1955 1172 ac
2006 1119 2232 1188 proclivi
2280 1119 2561 1174 alacritate
2597 1119 2652 1173 in
2689 1119 2898 1173 lubrico
2947 1118 3241 1188 voluptatis
3283 1118 3450 1187 proﬁ-

1889 1207 2177 1271 cientibus,
2207 1209 2341 1263 adeo
2391 1208 2630 1279 quidem,
2682 1218 2740 1263 ut
2764 1208 2872 1277 jam
2913 1216 3121 1262 natura:
3154 1208 3310 1278 160
3338 1215 3448 1261 ter-

1889 1299 2065 1354 minos
2097 1300 2450 1363 transilirent,
2488 1308 2541 1356 et
2582 1301 2743 1355 modo
2774 1316 2831 1356 se
2860 1307 3049 1355 mutuo
3098 1299 3295 1354 ardore
3336 1314 3450 1352 cor-

1888 1401 2223 1462 rumperent,
2252 1392 2412 1446 modo
2437 1408 2555 1463 quae
2576 1391 2803 1448 dicenda
2831 1407 2938 1446 non
2969 1398 3116 1456 sunt,
3147 1398 3446 1461 patrarent,

1887 1489 1942 1537 et
1991 1498 2112 1554 quae
2160 1499 2230 1538 ne
2270 1484 2596 1555 cogitatione
2634 1483 2853 1555 quidem
2897 1484 3183 1553 concipere
3230 1481 3311 1536 fas
3343 1490 3448 1547 est,

1888 1588 1952 1629 ea
1998 1590 2106 1629 non
2136 1576 2312 1631 solum
2343 1575 2605 1643 facerent,
2659 1592 2843 1631 verum
2878 1576 3043 1631 etiam
3098 1574 3447 1645 opinionibus

1889 1683 2025 1737 quas
2072 1668 2140 1723 de
2180 1669 2284 1724 diis
2328 1669 2443 1725 suis
2473 1669 2766 1737 habebant,
2793 1676 3203 1732 consecrarent,
3239 1667 3449 1737 hocque

1886 1761 2051 1815 etiam
2087 1762 2320 1831 amplius
2358 1771 2614 1833 tanquam
2649 1763 2753 1817 diis
2803 1770 2953 1834 grata
2987 1772 3039 1817 et
3082 1761 3343 1831 jucunda,
3373 1761 3451 1814 la-

1888 1851 2038 1906 sciva
2067 1852 2249 1905 omnia
2271 1866 2394 1906 cum
2428 1853 2639 1909 deliciis
2664 1852 2915 1924 plurimis
2944 1853 3285 1923 perficerent.
3318 1849 3449 1906 Inde

1881 1942 2014 2013 jam,
2055 1942 2506 2013 quemadmodum
2556 1945 2747 2000 scribit
2794 1960 2948 2000 sacer
2994 1943 3303 2013 Apostolus,
3338 1958 3449 1996 non

1884 2034 2122 2086 contenti
2180 2032 2248 2088 iis
2290 2032 2385 2089 Dei
2438 2034 2695 2105 operibus
2745 2050 2865 2105 qua:
2914 2035 2969 2088 in
3020 2035 3162 2089 coelo
3213 2034 3448 2088 illustria

1886 2134 2032 2189 sunt,
2070 2143 2087 2177 ι
2123 2124 2475 2182 Evanuerunt
2526 2128 2580 2182 in
2613 2127 3038 2199 cogitationibus
3077 2127 3213 2192 suis,
3258 2134 3311 2180 et
3348 2125 3446 2181 ob-

1882 2223 2160 2270 scuratum
2190 2226 2273 2272 est
2302 2218 2567 2288 insipiens
2591 2233 2687 2273 cor
2716 2233 2929 2284 eorum,
2972 2216 3216 2271 dicentes
3240 2231 3298 2270 se
3322 2229 3445 2270 esse

1884 2310 2179 2378 sapientes,
2214 2312 2365 2368 stulti
2405 2311 2535 2368 facti
2565 2320 2713 2379 sunt,
2755 2322 2808 2369 et
2837 2319 3183 2367 mutaverunt
3216 2309 3443 2381 gloriam

1882 2400 2313 2472 incorruptibilis
2343 2403 2461 2470 Dei,
2508 2404 2565 2460 in
2617 2403 2971 2460 similitudine
3016 2403 3268 2474 imaginis
3319 2416 3443 2455 cor-

1882 2494 2155 2564 ruptibilis
2186 2495 2443 2561 hominis,
2482 2502 2536 2551 et
2584 2496 2890 2560 volucrum,
2922 2502 2976 2550 et
3006 2492 3441 2565 quadrupedum,

1880 2592 1935 2641 et
1965 2587 2295 2657 serpentium
2325 2590 2392 2644 θ’.
2439 2607 2458 2640 ι
2499 2587 2654 2655 Quod
2678 2596 2857 2643 autem
2883 2586 3281 2658 antiquissimis
3306 2594 3443 2638 tem-

1879 2680 2124 2749 poribus,
2151 2682 2265 2737 sola
2289 2682 2532 2738 crelestia
2561 2682 2766 2737 lumina
2792 2681 3051 2736 mortales
3080 2675 3443 2740 attenderem,

1880 2785 2057 2842 neque
2084 2773 2194 2827 ulla
2225 2775 2519 2831 simulacra
2568 2776 2785 2847 cognita
2830 2774 3115 2839 haberent,
3165 2786 3341 2842 neque
3383 2768 3444 2825 in

1878 2877 2067 2921 errore
2110 2880 2173 2920 ac
2225 2864 2440 2921 fallacia
2485 2866 2792 2922 dmmonum
2819 2872 3190 2929 versarentur,
3227 2862 3444 2917 abundo

1880 2957 2016 3013 satis
2045 2957 2499 3015 demoustraverit
2527 2959 2897 3015 testimonium
2927 2972 3113 3012 eorum
3139 2957 3230 3026 qui
3255 2955 3321 3009 ab
3340 2954 3442 3008 hac

210 3041 424 3097 ἐθνεσιν
472 3046 904 3121 ἀπονενεμῆσθαι
940 3054 1399 3126 μεμαρτύρηνται.
1437 3058 1575 3130 Ὦρα
1601 3057 1665 3130 δὴ
1687 3054 1778 3112 οὖν

1882 3048 2090 3104 ratione
2119 3057 2307 3104 nostra
2340 3050 2499 3105 alieni
2530 3059 2659 3105 sunt
2690 3068 2702 3104 :
2740 3048 2883 3119 quod
2918 3050 2972 3101 in
3014 3047 3191 3118 primo
3221 3044 3443 3112 Praepa-

208 3134 307 3187 καὶ
336 3137 522 3201 αὐτοῖς
545 3140 811 3211 Ἕλλησιν,
840 3137 915 3197 ὧν
935 3146 1033 3209 τὰς
1058 3146 1237 3215 φωνάς
1263 3150 1320 3201 ἐν
1353 3149 1577 3214 ἐκείνοις
1604 3166 1776 3221 παρα-

204 3224 493 3294 τέθειμαι,
517 3232 900 3302 συνομολογεῖν,
926 3237 1192 3308 νεωτέραν
1214 3239 1307 3291 καὶ
1340 3237 1494 3309 ξένην
1521 3241 1647 3313 περὶ
1674 3241 1775 3313 τὴν

204 3316 326 3369 τῶν
351 3319 591 3373 παλαιῶν
615 3322 861 3395 λατρείαν
886 3328 1132 3398 είσῆχθαι
1163 3330 1343 3394 αὐτοῖς
1368 3331 1464 3403 τὴν
1491 3332 1598 3386 τῶν
1623 3331 1776 3386 είδώ-

204 3409 320 3462 λων
354 3409 769 3485 δεισιδαιμονίαν
810 3420 903 3472 καὶ
933 3420 1031 3491 τὴν
1062 3422 1169 3475 ¹τῶν
1199 3423 1416 3491 ἀφανῶν
1454 3425 1775 3495 πνευμάτων

206 3505 552 3575 περιεργίαν.
591 3509 757 3564 Τοῦτο
789 3511 846 3564 δέ
877 3514 984 3565 πᾶν
1016 3514 1376 3569 ἐπιϐουλεύων
1408 3520 1518 3581 τοῖς
1549 3517 1640 3569 ἐπὶ
1676 3520 1776 3590 γῆς

207 3596 376 3648 πᾶσιν
415 3596 720 3668 όδηλωθεὶς
758 3600 1021 3673 θεομάχος
1062 3605 1361 3676 εἰργάζετο.
1405 3607 1669 3679 Συνήργει
1719 3609 1775 3663 δὲ

207 3686 355 3757 αὐτῷ
387 3687 482 3740 καὶ
518 3692 626 3743 πᾶν
659 3692 720 3743 τὸ
764 3691 872 3746 τῶν
917 3694 1240 3767 ἀκαθάρτων
1278 3697 1543 3767 δαιμόνων
1591 3698 1771 3769 φῦλον.

209 3778 378 3842 Δύτός
410 3796 475 3847 γε
520 3780 625 3850 μὴν
654 3782 683 3834 ό
708 3784 810 3854 τῆς
839 3787 1033 3851 κακίας
1073 3789 1313 3861 ἐξάρχων
1362 3790 1511 3843 ταῦτ’
1541 3790 1773 3863 ἔπραττε

212 3869 378 3940 μανία
408 3873 753 3944 φρονήματος
800 3878 1062 3943 ἐκτόπου,
1096 3880 1198 3944 τὰς
1244 3882 1382 3936 κατά
1422 3882 1638 3938 πάντων
1677 3884 1773 3937 ἀν-

209 3960 441 4033 θρώπων
475 3964 620 4036 ἔργῳ
659 3968 878 4040 πληρῶν
918 3971 1171 4037 ἀπειλὰς,
1216 3974 1309 4028 καὶ
1340 3976 1467 4046 τήν·
1497 3996 1515 4027 ‹
1543 3977 1773 4047 Ἔσομαι

208 4054 390 4123 ὅμοιος
430 4055 509 4126 τῷ
543 4058 798 4130 ’Υψίστῳ,
832 4079 849 4111 ι
893 4061 1049 4116 ἄθεον
1096 4064 1377 4119 ἐπιτείνων
1408 4066 1621 4138 φωνὴν,
1655 4070 1771 4132 ταῖς

1877 3140 2122 3205 rationis,
2161 3150 2286 3198 ante
2316 3142 2419 3197 hoc
2466 3142 2646 3214 ipsum
2692 3156 2830 3213 opus
2878 3139 3125 3210 exposui,
3160 3137 3250 3191 ubi
3281 3137 3469 3207 plane.

1874 3232 2240 3288 demonstravi
2276 3249 2385 3288 non
2432 3248 2597 3288 manu
2648 3233 2939 3289 elaboratis
2970 3231 3162 3301 signis,
3200 3243 3322 3299 quae
3372 3242 3440 3281 ex

1878 3323 2121 3379 inanima
2168 3325 2349 3396 aliqua
2384 3326 2609 3380 materia
2662 3324 2764 3396 ipsi
2815 3323 3199 3388 fabricassent,
3257 3334 3319 3373 ac
3369 3333 3440 3373 ne

1876 3411 2211 3469 dtemonibus
2248 3412 2465 3483 quidem
2524 3414 2702 3469 visum
2755 3422 3003 3469 nostrum
3056 3408 3439 3481 etfugientibus

1876 3506 2290 3579 antiquissimos
2319 3505 2566 3563 homines
2597 3506 2801 3562 servire
2836 3506 3049 3570 solitos,
3083 3505 3179 3561 sed
3215 3506 3323 3561 illis
3348 3520 3438 3560 so-

1875 3599 1943 3655 lis
1977 3614 2115 3669 quos
2148 3596 2399 3669 gentibus
2431 3596 2754 3652 distributos
2784 3596 2953 3652 fuisse
3000 3596 3196 3651 divina:
3245 3597 3438 3651 litterae

1872 3687 2161 3744 affirmant.
2192 3687 2371 3756 Quare
2393 3687 2506 3759 jam
2536 3694 2753 3758 tempus
2794 3695 2900 3754 est,
2928 3696 2984 3741 ut
3015 3686 3185 3742 Graeci
3219 3701 3436 3758 quoque

1874 3781 2000 3852 ipsi,
2037 3796 2272 3853 quorum
2300 3796 2465 3836 voces
2495 3780 2604 3834 illic
2639 3779 2887 3849 exposui,
2941 3777 3214 3833 fateantur
3245 3793 3435 3833 recen—

1871 3874 2065 3928 tiorem
2102 3888 2166 3928 ac
2202 3872 2571 3943 peregrinam,
2602 3872 2943 3941 alienamque
2971 3885 3002 3924 a
3030 3870 3291 3941 religione
3334 3884 3434 3922 an-

1870 3966 2170 4038 tiquorum,
2203 3964 2569 4021 introductam
2607 3980 2728 4019 esse
2754 3963 2821 4018 ab
2850 3962 2984 4034 ipsis
3012 3962 3431 4017 simulacrorum

1870 4058 2333 4130 superstitionem,
2369 4066 2422 4113 et
2443 4056 2620 4113 visum
2654 4064 2901 4111 nostrum
2925 4054 3296 4127 effugientium
3321 4055 3432 4124 spi-

1869 4152 2073 4207 rituum
2102 4148 2430 4220 superfluam
2470 4148 2889 4204 observantiam.
2950 4145 3008 4202 ld
3061 4156 3241 4201 autem
3270 4161 3432 4201 omne

1870 4244 1983 4309 ille,
2014 4243 2081 4298 de
2102 4257 2212 4312 quo
2261 4242 2465 4299 dictum
2511 4251 2615 4305 est,
2664 4239 2756 4294 Dei
2792 4239 3066 4304 inimicus,
3094 4240 3223 4293 dum
3256 4240 3434 4293 omni—

207 4157 263 4193 τε
290 4140 403 4195 τῶν
447 4144 768 4217 ἀκαθάρτων
814 4149 906 4201 καὶ
954 4151 1201 4222 πονηρῶν
1247 4152 1514 4224 δαιμόνων
1564 4157 1770 4227 ὑπηρε-

210 4231 370 4295 σίαις,
404 4238 685 4305 χρησμοὺς
722 4238 815 4290 καὶ
845 4237 1156 4308 θεραπείας,
1185 4243 1277 4295 καὶ
1313 4241 1382 4295 τά
1403 4243 1623 4298 τοιαῦτα
1653 4249 1771 4309 ταῖς

207 4322 313 4374 τῶν
334 4323 636 4395 ἀνθρώπων
664 4329 937 4400 γοητείαις
975 4332 1381 4404 προϊσχόμενος.

1882 4340 1995 4405 bus,
2028 4336 2121 4407 qui
2153 4335 2208 4389 in
2240 4344 2384 4389 terra
2422 4341 2570 4397 sunt,
2605 4333 2835 4389 insidias
2879 4332 3027 4397 facit,
3077 4332 3297 4387 molitus
3324 4340 3428 4388 est.

207 4410 511 4481 Adjuvabat
540 4423 720 4472 autem
756 4419 906 4473 illum
956 4435 1117 4476 omne
1164 4422 1501 4493 impurorum
1554 4424 1856 4482 dtemonum
1883 4442 2074 4499 genus.
2117 4427 2187 4479 At
2237 4440 2365 4480 vero
2409 4425 2526 4495 ipse
2566 4423 2784 4477 malitia:
2848 4424 3101 4496 princeps
3170 4424 3284 4477 haec
3340 4421 3425 4476 fa-

206 4505 403 4567 ciebat,
455 4510 688 4565 amentia
726 4512 976 4569 immensi
1011 4514 1185 4573 fastus
1214 4517 1502 4586 adductus,
1545 4528 1601 4574 ut
1629 4538 1748 4593 quae
1786 4523 2001 4579 cunctis
2033 4520 2345 4576 hominibus
2414 4520 2652 4573 minatus
2712 4517 2889 4574 fuerat
2921 4534 2980 4574 re
3026 4519 3141 4589 ipsa
3195 4518 3467 4587 comple-.

204 4609 304 4662 ret,
372 4613 439 4654 ac
502 4600 765 4655 nefariam
818 4604 963 4658 illam
994 4621 1202 4672 vocem,
1248 4627 1267 4661 ι
1308 4608 1417 4665 Ero
1443 4611 1635 4667 similis
1676 4612 1978 4679 Altissimo,
2016 4632 2034 4665 ι
2073 4612 2447 4668 vehementius
2495 4610 2819 4674 intenderet,
2864 4621 3023 4682 atque
3064 4611 3425 4680 impurorum,

204 4689 578 4759 malorumque
598 4695 900 4749 demonum
928 4696 1265 4764 ministeriis,
1297 4702 1518 4757 oracula
1576 4709 1629 4757 et
1671 4704 1850 4761 cultus
1903 4713 1957 4761 et
2025 4705 2129 4759 alia
2193 4703 2484 4773 ejusmodi,
2526 4702 2814 4773 praestigiis
2862 4717 2926 4756 ac
2973 4701 3203 4758 fallaciis
3253 4702 3430 4755 homi-

202 4798 330 4837 num
357 4784 638 4852 objiceret.

952 4910 1005 4960 Γ.

210 4988 300 5056 Ὠς
332 4992 665 5079 ἀναγκαίως
692 4999 747 5079 ’ό
778 5000 1109 5079 μονογενὴς
1144 5003 1272 5070 Υἱὸς
1309 5006 1437 5079 τι)ῦᾷ
1466 5007 1611 5062 Θεοῦ
1651 5009 1763 5079 τὴν

402 5064 493 5127 εἰς
524 5063 868 5132 ἀνθρώπους
903 5063 1223 5137 ἐποιήσατο
1248 5063 1535 5144 πάροδον.

279 5152 367 5205 Ἐν
398 5154 635 5227 τοσαύτῃ
665 5157 801 5227 δῆτα
842 5162 1037 5226 κακίας
1074 5167 1214 5236 φορᾷ
1257 5167 1422 5238 μηδὲν
1462 5170 1759 5241 ἐπαμύνειν

197 5242 301 5295 τῶν
320 5244 453 5316 πρὶν
476 5247 792 5316 ἐφεστώτων
816 5252 1057 5321 ἀγγέλων
1087 5258 1200 5321 τοῖς
1232 5258 1558 5331 ὑποχειρίοις
1579 5261 1754 5316 ἔθνεσι

196 5333 582 5407 δεδυνημένων,
622 5339 758 5395 ἀλλά
788 5343 884 5413 τῆς
917 5344 1014 5414 μὲν
1038 5343 1226 5417 λοιπῆς
1256 5348 1480 5415 κτίσεως
1507 5352 1756 5423 ἐπιμελο-

200 5425 391 5491 μένων,
438 5433 551 5493 τοῖς
587 5448 646 5484 τε
682 5432 775 5486 τοῦ
822 5434 1023 5507 κόσμου
1057 5438 1275 5511 μέρεσιν
1305 5442 1751 5510 ἐπιστατούντων,

197 5515 283 5566 καὶ
306 5516 381 5588 τῷ
402 5518 498 5571 τοῦ
522 5521 736 5575 πάντων
758 5524 1086 5598 δημιουργοῦ
1111 5529 1243 5584 Θεοῦ
1268 5531 1492 5604 νεύματι
1516 5535 1755 5608 συνήθως

265 5672 309 5702 ’³
334 5670 493 5729 Rom.
534 5693 570 5741 ι,
606 5677 789 5735 21-35.

2513 4911 2664 4982 161
2709 4909 2779 4964 Χ·

1910 5005 2357 5077 Quemadmodum
2398 5004 2699 5077 necessario
2745 5003 2929 5077 unicus
2971 5001 3073 5056 Dei
3112 5000 3287 5055 Filius
3319 5000 3388 5055 ad

2387 5075 2617 5128 homines
2664 5075 2894 5128 transiit.

1933 5171 2069 5226 Cum
2101 5168 2266 5239 igitur
2294 5167 2348 5221 in
2379 5175 2531 5222 tanto
2561 5167 2780 5222 malitia:
2813 5173 3110 5237 proventu,
3147 5165 3239 5234 qui
3270 5166 3423 5236 prius

1862 5261 2039 5334 angeli
2068 5259 2304 5332 praefecti
2332 5260 2585 5330 gentibus
2616 5258 2851 5321 fuerant,
2879 5257 3013 5313 nihil
3044 5259 3159 5312 suis
3192 5258 3424 5327 quisque

1862 5354 2051 5409 auxilii
2076 5353 2217 5410 ferre
2239 5364 2482 5425 possent,
2507 5366 2570 5407 ac
2588 5352 2855 5421 reliquum
2880 5350 3098 5421 quidem
3124 5364 3262 5421 opus
3289 5365 3421 5406 con-

1861 5446 2054 5501 ditoris
2105 5444 2200 5501 Dei
2261 5453 2546 5508 curarent,
2602 5444 2874 5514 certisque
2932 5444 3120 5499 mundi
3178 5445 3423 5515 partibus

1862 5545 2177 5608 praeessent,
2224 5546 2386 5609 atque
2417 5538 2657 5594 omnium
2692 5535 2870 5609 Opitici
2902 5536 3033 5604 Deo,
3069 5536 3134 5592 de
3170 5553 3320 5593 more
3356 5539 3422 5591 ad
