3930 6202
507 253 612 308 275

1174 255 1444 312 EUSEBlI
1481 255 1956 315 CAESARIENSlS
1995 259 2142 316 OPP.
2182 260 2380 317 PARS.
2414 262 2436 316 ῐ
2476 293 2544 302 ——
2579 254 3082 320 APOLOGETICA.

3625 263 3726 322 ετ

511 378 704 425 nutum
733 375 932 440 praesto
960 377 1164 436 essent,
1193 374 1503 428 mortalium
1533 391 1662 430 vero
1689 375 1913 430 ruinam
1933 392 2034 431 neu

2142 424 2143 428 η
2171 375 2622 449 διακονουμένων.
2655 380 2754 451 τῆς
2782 379 2838 433 δὲ
2865 381 2974 434 τῶν
3005 381 3214 454 θνητῶν
3249 381 3504 449 πτώσεως
3541 385 3600 438 οὐ
3631 401 3725 440 πεέ

510 466 716 535 tiquam
750 464 1236 534 apprehehderent,
1270 475 1492 537 propter
1524 466 1766 537 ipsorum
1789 466 2069 522 hominum

513 557 566 610 in
609 556 767 612 malis
799 556 1060 627 eligendis
1105 558 1330 612 liberam
1379 566 1724 629 potestatem,
1779 559 2070 614 diuturnus

511 648 729 718 quidam
766 657 928 717 at-;ue
963 650 1378 706 immedicabilis
1410 667 1622 717 omnes,
1647 653 1738 722 qui
1768 659 1967 707 terram
1995 653 2071 706 in-

507 742 748 797 colerent
797 731 1111 812 possidebat
1169 745 1412 806 morbus,
1483 754 1776 816 gentesque
1833 747 2067 802 stimulis

506 834 638 888 alias
671 835 814 900 aliis,
861 836 984 890 mali
1031 837 1256 906 spiritus
1298 839 1352 892 in
1384 837 1552 892 furias
1587 839 1837 908 agebant,
1869 840 2067 908 quibus

506 925 611 980 illae
644 927 856 1000 agitatae
895 927 950 982 in
975 928 1304 998 profundum
1334 930 1653 985 insanabilis
1697 931 1916 984 malitia:
1949 932 2066 985 vol-

505 1019 785 1074 vehantur.
811 1019 928 1076 Jam
950 1023 1092 1077 enim
1114 1023 1333 1092 quidam
1363 1040 1510 1079 more
1531 1025 1854 1088 belluarum,
1879 1039 1998 1094 quae
2013 1033 2066 1078 et

500 1111 701 1166 crudus
738 1121 790 1168 et
827 1113 1094 1170 humanas
1126 1131 1318 1172 carnes
1352 1118 1612 1173 devorare
1643 1127 2062 1180 consueverunt,

498 1205 644 1260 vesci
675 1205 1124 1263 charissimorum
1161 1211 1264 1264 sibi
1289 1212 1544 1266 carnibus
1569 1211 1853 1281 pulchrum
1879 1213 2067 1268 existi-

499 1298 740 1362 mabant,
784 1303 1042 1370 omnique
1081 1303 1288 1372 pudore
1330 1304 1560 1373 abjecto,
1600 1312 1655 1360 et
1689 1306 1976 1369 matribus,
2011 1313 2064 1361 et

499 1391 795 1456 sororibus,
839 1402 893 1448 et
937 1395 1148 1451 filiabus
1193 1397 1564 1462 commisceri,
1613 1404 1774 1468 atque
1821 1413 1914 1455 eos
1970 1401 2061 1470 qui

496 1485 912 1540 consenuissent
973 1489 1346 1558 strangulare,
1411 1497 1464 1544 et
1533 1497 1777 1545 mortuos
1837 1491 2062 1547 canibus

493 1573 913 1648 volucribusque
962 1578 1246 1649 projicere.
1299 1579 1418 1635 1am
1454 1597 1580 1637 vero
1611 1581 1741 1653 quid
1787 1582 1884 1638 tibi
1915 1599 2063 1638 com-

493 1685 814 1734 memorem,
877 1683 931 1727 et
987 1673 1222 1729 maxime
1282 1673 1539 1742 deorum,
1581 1675 1822 1744 ipsorum
1880 1678 2062 1745 utique

2173 470 2612 542 ριδρασσομένων
2634 472 2720 526 διὰ
2745 473 2862 545 τὴνθ
2877 474 2983 528 τῶν
3015 474 3198 528 κακῶν
3243 475 3585 531 αὑθεκούσιον
3621 480 3725 533 τῶν

2171 561 2467 633 ἀνθρώπων
2494 563 2722 636 αἵρεσιν,
2753 565 2938 638 μακρά
2960 583 3043 630 τις
3063 568 3156 620 καὶ
3178 567 3599 639 δυσθεράπευτος
3619 572 3724 625 τῶν

2169 653 2261 704 ἐπὶ
2283 655 2384 724 γῆς
2403 655 2656 708 ἁπάντων
2681 659 3004 730 κατεκράτει
3031 660 3204 724 νόσος,
3232 660 3404 715 ἄλλων
3429 650 3594 725 ἄλλως
3615 663 3716 715 τῶν

2170 745 2336 798 ἐθνῶν
2369 747 2472 800 ὑπὸ
2494 747 2600 801 τῶν
2625 750 2875 821 πονηρῶν
2903 752 3220 822 πνευμάτων
3249 751 3714 822 ὲξοιστρουμένων,

2168 839 2260 891 καὶ
2286 841 2364 902 εἰς
2397 841 2688 911 ἀνήκεστον
2717 841 2874 912 βυθὸν
2897 845 3091 908 κακίας
3125 845 3555 898 ἀποπιπτὸντων.
3582 845 3710 915 Ἤδη

2167 929 2294 998 γοῦν
2335 931 2642 1001 ώμοφάγων
2684 933 2777 986 καὶ
2818 934 3243 1008 ἀνθρωποὸόρων
3286 935 3490 1007 θηρίων
3527 935 3754 1006 τρόπον·

2168 1023 2374 1093 σάρκας
2399 1024 2542 1086 τινὲς
2563 1025 2670 1078 τῶν
2694 1025 2961 1095 φιλτάτων
2985 1027 3258 1082 θοινᾶσθαι
3280 1029 3443 1082 καλὸν
3470 1028 3712 1100 ἡγοῦντο,

2165 1113 2256 1164 καὶ
2293 1115 2556 1187 μητράσιν
2594 1117 2835 1190 ἀναίδην,
2877 1118 2970 1172 καὶ
2998 1119 3268 1189 ἀδελφαῖς,
3301 1119 3392 1173 καί
3424 1120 3715 1193 θυγατράσι

2168 1207 2476 1278 μίγνυσθαι,
2506 1209 2705 1280 ἀγχόνῃ
2740 1228 2798 1264 τε
2824 1211 3161 1284 περιϐάλλειν
3179 1213 3305 1275 τοὺς
3325 1215 3710 1286 γεγηρακότας,

2164 1299 2255 1352 καὶ
2279 1299 2403 1352 κυσὶ
2434 1301 2527 1354 καὶ
2556 1303 2762 1366 οἰωνοῖς
2785 1304 2909 1367 τοὺς
2933 1303 3174 1376 νεκρούς.
3209 1305 3273 1356 Τί
3304 1305 3366 1376 δή
3399 1321 3478 1358 σοι
3514 1324 3716 1378 μνημο-

2163 1390 2456 1464 νευσαίμην
2492 1392 2600 1446 τῶν
2631 1393 2789 1464 δῆθεν
2824 1394 2980 1459 θεῶν,
3027 1395 3205 1449 αὐτῶν
3245 1396 3309 1468 δὴ
3352 1397 3463 1450 τῶν
3501 1400 3711 1468 φαύλων

2160 1482 2442 1553 δαιμόνων,
2464 1483 2562 1547 τὰς
2584 1484 2740 1555 ὠμὰς
2755 1486 2845 1538 καὶ
2868 1486 3129 1552 ἐκτύπους
3145 1487 3608 1560 ἀνθρωποθυσίας,
3635 1494 3709 1556 εἰς

2160 1574 2226 1638 ἃς
2251 1575 2312 1629 τὸ
2343 1576 2674 1649 ἀνθρώπειον
2714 1577 2867 1647 γένος
2907 1578 3200 1652 ἐξέμηναν;
3237 1583 3344 1635 Καὶ
3375 1582 3544 1636 ταῦτα
3585 1585 3710 1653 γοῦν

2161 1670 2219 1722 ἐν
2264 1673 2374 1734 τοῖς
2409 1669 2837 1742 προηγουμένοις
2873 1672 2974 1743 τῆς
3015 1674 3151 1744 μετά
3189 1677 3373 1745 χεῖρας
3411 1675 3709 1740 ὑποθέσεως

492 1763 755 1817 malorum
791 1764 1116 1828 dmmonum,
1157 1766 1303 1844 omni
1333 1766 1649 1822 crudelitate
1681 1773 1841 1837 atque
1873 1767 2042 1820 iznma‘

2161 1763 2782 1834 προπαρεσκευασάμην.
2813 1763 2970 1817 Ἀλλὰ
2988 1763 3094 1836 γὰρ
3119 1763 3381 1818 τοσούτων
3402 1766 3585 1818 κακῶν
3609 1767 3709 1820 ὑπὸ

492 1853 662 1910 nitate
703 1855 930 1912 refertas
969 1857 1231 1913 humanas
1266 1859 1547 1923 victimas,
1594 1859 1649 1912 in
1683 1874 1819 1928 quas
1857 1859 2050 1912 huma-

490 1961 620 1999 num
641 1963 812 2017 genus
850 1949 1092 2004 insanire
1125 1953 1442 2021 coegerant?
1493 1950 1618 2007 Haec
1671 1952 1834 2024 igitur
1876 1953 1930 2008 in
1963 1953 2048 2013 iis.

491 2052 612 2106 qua:
641 2055 778 2110 opus
812 2041 911 2096 hoc
934 2051 1344 2099 antecesserunt
1370 2045 1512 2115 quod
1541 2061 1688 2100 nunc
1714 2047 1768 2100 in
1799 2046 2050 2102 manibus

487 2136 590 2192 est,
634 2130 748 2201 ipse
780 2135 1096 2204 praeparavi.
1129 2134 1341 2190 Etenim
1374 2152 1496 2190 cum
1525 2146 1601 2192 tot
1633 2139 1772 2192 mala
1801 2153 1831 2192 a
1866 2139 2050 2209 perni-

485 2223 652 2279 ciosis
679 2234 732 2279 ct
762 2227 944 2295 pravis
977 2228 1280 2298 spiritibus,
1317 2245 1533 2286 necnon
1567 2232 1636 2286 ab
1661 2247 1747 2296 eo,
1779 2233 1872 2304 qui
1899 2233 1952 2287 in
1982 2233 2048 2288 iis

482 2317 651 2372 totius
677 2319 825 2374 orbis
842 2320 1185 2392 tyrannidem
1210 2332 1526 2392 occuparat,
1548 2322 1826 2393 proposita
1841 2334 2044 2391 essent,

483 2409 772 2478 nullusque
812 2426 1000 2465 eorum
1047 2412 1363 2482 angelorum
1397 2412 1490 2482 qui
1525 2412 1764 2482 prmfecti
1805 2413 2042 2480 fuerant,

480 2503 637 2556 malis
685 2502 970 2558 subvenire
1025 2491 1478 2568 esset'idoneus,
1528 2506 1723 2561 merito
1766 2507 1897 2561 illud
1950 2506 2044 2562 Dei

482 2593 740 2660 Verbum,
775 2595 864 2649 ille
894 2593 1143 2649 Salvator
1165 2597 1426 2661 universi,
1450 2598 1675 2653 salutari
1705 2606 1839 2654 nutu
1857 2597 2042 2658 Patris

425 2753 430 2762 ι
482 2687 573 2756 qui
597 2687 818 2741 humani
841 2687 1056 2758 generis
1083 2699 1164 2744 est
1183 2689 1612 2754 amantissimus,
1641 2706 1709 2746 ne
1736 2691 1839 2746 hoc
1865 2693 2040 2763 ipsum

482 2781 560 2834 illi
586 2788 693 2834 tam
722 2780 947 2834 charum
980 2796 1174 2851 genus,
1206 2782 1260 2836 in
1292 2782 1589 2852 impietatis
1621 2783 1890 2854 profundo
1921 2801 2042 2841 ver-

479 2884 715 2936 saretur,
742 2881 897 2927 antea
935 2873 1151 2942 quidem
1185 2875 1412 2945 exiguos
1437 2874 1722 2944 quosdam,
1756 2883 1918 2946 atque
1945 2878 2041 2932 ob-

475 2981 668 3023 scuros
685 2967 914 3036 prepria:
934 2967 1071 3022 lucis
1091 2965 1293 3032 radios,
1319 2983 1414 3038 per
1439 2967 1753 3040 prophetam
1779 2967 2036 3039 Moysem,

476 3075 680 3131 perque
712 3073 806 3114 eos
835 3058 930 3114 Dci
957 3059 1163 3114 amicos
1191 3060 1360 3124 viros,
1393 3061 1486 3130 qui
1516 3068 1570 3115 et
1609 3068 1734 3116 ante
1773 3061 1947 3125 illum,
1982 3070 2035 3116 et
2081 3091 2085 3096 -

473 3162 598 3223 post
639 3153 788 3208 illum
824 3152 1146 3215 floruerunt,
1191 3151 1392 3215 emisit,
1425 3152 1505 3207 sic
1535 3157 1722 3223 utique
1751 3151 2031 3207 hominum
2061 3180 2102 3237 ρ

471 3247 632 3302 malis
661 3244 983 3311 remedium,
1020 3245 1075 3298 in
1112 3244 1474 3300 sacrosanctis
1517 3244 1728 3315 legibus
1777 3244 2030 3300 afferens.

470 3337 708 3394 Proinde
737 3339 818 3394 sic
848 3339 1006 3409 plane
1041 3337 1218 3406 ipsum
1266 3334 1358 3390 Dei
1397 3335 1652 3401 Verbum,
1695 3337 1764 3392 ad
1807 3336 2035 3392 Hebrai-

469 3447 588 3488 cam
616 3439 830 3503 gentem
865 3429 1017 3496 dicit,
1065 3429 1156 3484 ubi
1209 3445 1303 3498 per
1348 3427 1762 3501 Moysem-leges
1801 3430 1877 3484 illi
1915 3429 2029 3494 dat,

473 3519 633 3589 162
680 3536 698 3568 ι
729 3518 1023 3574 secundum
1077 3517 1326 3572 instituta
1363 3525 1520 3572 teme
1552 3516 1770 3589 Egypti
1821 3519 1876 3572 in
1924 3533 2030 3588 qua

469 3597 781 3673 habitastis,
838 3624 946 3662 non
998 3607 1206 3662 facietis
1259 3627 1272 3662 :
1319 3615 1373 3662 et
1431 3609 1729 3662 secundum
1779 3609 2030 3663 instituta

466 3709 627 3754 terra:
653 3698 908 3754 Chanaan
933 3739 948 3763 ,
982 3698 1050 3753 ad
1079 3713 1239 3769 quam
1273 3713 1372 3768 ego
1407 3698 1744 3752 introducam
1776 3715 1890 3761 vos,
1921 3715 2029 3754 non

467 3790 683 3846 facietis
725 3809 737 3844 :
783 3801 837 3845 et
886 3789 939 3842 in
975 3789 1182 3860 legibus
1230 3788 1445 3842 illorum
1501 3803 1609 3843 non
1657 3788 2023 3845 ambulabitis.

464 3881 677 3936 Judicia
709 3896 828 3936 mea
862 3880 1094 3946 facietis,
1134 3889 1188 3935 et
1227 3888 1495 3950 praecepta
1533 3895 1651 3934 mea
1690 3882 1978 3938 servabitis
2009 3901 2024 3937 :

462 3989 565 4045 ego
600 3989 720 4029 sum
752 3973 1014 4028 Dominus
1048 3971 1192 4028 Deus
1218 3979 1398 4027 vester
1421 3973 1461 4028 τ.
1501 3990 1519 4022 ι
1559 3971 1761 4028 Deinde
1799 3974 1888 4028 ubi
1910 3990 2028 4028 om-

469 4065 561 4119 nia
588 4063 888 4126 interdixit,
921 4071 974 4118 et
1005 4061 1258 4116 infandas
1297 4062 1538 4132 nuptias,
1582 4072 1634 4118 et
1661 4079 1820 4119 omne
1850 4065 2027 4136 impu-

464 4158 648 4211 dicum
692 4155 925 4218 facinus,
958 4170 1026 4207 ne
1062 4153 1274 4208 femina:
1333 4168 1459 4207 cum
1502 4153 1739 4220 fe'minis,
1782 4171 2026 4214 maresve

461 4263 586 4302 cum
623 4245 866 4300 maribus
904 4227 1282 4310 miscerentur,
1321 4245 1563 4316 adjungit
1599 4265 1611 4300 :
1649 4265 1667 4296 ι
1702 4245 1779 4302 Ne
1811 4248 2023 4318 pollua-

460 4341 595 4396 mini
632 4341 685 4394 in
716 4333 968 4396 omnibus
1000 4340 1104 4396 his.
1137 4340 1270 4394 Nam
1310 4341 1363 4393 in
1397 4339 1654 4395 omnibus
1685 4340 1772 4396 bis
1806 4342 2022 4411 pollutae

2156 1853 2262 1907 τῶν
2283 1853 2498 1924 φαύλων
2523 1854 2615 1907 καὶ
2644 1853 2752 1908 τῶν
2782 1854 3068 1927 μοχθηρῶν
3095 1856 3435 1928 πνευμάτων,
3467 1855 3558 1910 τοῦ
3585 1859 3632 1908 τ’
3653 1860 3708 1911 ὲν

2152 1945 2360 2010 τούτοις
2391 1947 2675 2018 τυράννου,
2713 1947 2834 2000 καθ’
2867 1947 2994 2019 ὅλης
3029 1949 3128 2018 τῆς
3159 1949 3478 2020 οἰκουμένης
3514 1949 3706 2020 προδε-

2152 2036 2250 2107 6λη
2260 2037 2454 2107 μένων,
2490 2039 2581 2091 καὶ
2612 2037 2837 2110 μηδενὸς
2857 2037 2963 2092 τῶν
2987 2039 3303 2108 ἐφεστώτων
3329 2039 3569 2108 ἀγγέλων
3599 2040 3706 2094 οἴου

2149 2147 2206 2183 τε
2237 2130 2388 2194 ὄντος
2425 2133 2537 2192 τοῖς
2584 2133 2770 2193 κακοῖς
2802 2131 3119 2202 ἐπαμύνειν,
3165 2133 3386 2197 εἰκότως
3434 2135 3635 2197 ἐκεῖνος
3677 2136 3706 2188 6

2149 2221 2280 2286 Θεὸς
2309 2224 2498 2292 Λόγος.
2532 2224 2560 2276 6
2594 2223 2709 2277 τῶν
2726 2223 2860 2277 ὅλων
2889 2225 3099 2296 Σωτὴρ,
3139 2225 3327 2297 ἀγαθῷ
3358 2229 3584 2298 νεύματι
3610 2227 3704 2298 τῆς

2145 2314 2240 2368 τοῦ
2281 2316 2492 2387 Πατρὸς
2529 2315 2950 2386 φιλανθρωπίας,
2981 2317 3056 2380 ώς
3083 2317 3149 2371 ἂν
3187 2319 3260 2389 μὴ
3295 2318 3356 2371 τὸ
3385 2320 3535 2388 φίλον
3564 2319 3702 2390 αὐτῷ

2146 2406 2299 2474 γένος
2321 2409 2377 2460 ἐν
2399 2405 2650 2470 ἀσεϐείας
2674 2405 2818 2476 βυθῷ
2838 2406 3152 2472 καλινδοῖτο,
3176 2408 3309 2473 τέως
3337 2409 3702 2482 μὲνξβραχείας

2143 2499 2296 2562 τινὰς
2325 2500 2418 2552 καὶ
2456 2499 2700 2572 ἀμυδράς
2723 2499 2816 2554 τοῦ
2844 2499 2974 2553 ἰδίου
3004 2502 3178 2570 φωτὸς
3200 2503 3440 2567 ἀκτῖνας,
3462 2502 3552 2556 διὰ
3579 2521 3704 2576 προ-

2144 2593 2311 2662 φήτου
2327 2593 2623 2657 Μωῦσέως,
2641 2592 2748 2646 τῶν
2770 2609 2826 2644 τε
2853 2593 2956 2665 πρὸ
2977 2592 3140 2646 αὐτοῦ
3166 2595 3256 2647 καὶ
3279 2593 3382 2646 τῶν
3408 2597 3525 2665 μετ’
3547 2595 3714 2650 αὑτὸν·

2144 2682 2404 2753 θεοφιλῶν
2426 2683 2633 2755 ἀνδρῶν
2660 2683 2949 2754 ἐξέλαμπε,
2977 2685 3082 2737 τῶν
3110 2686 3166 2738 ἐν
3193 2684 3500 2756 ἀνθρώποις
3523 2687 3714 2741 κακῶν

2141 2774 2238 2846 τὴν
2269 2775 2410 2828 ἴασιν
2439 2776 2496 2828 ἐν
2534 2778 2654 2839 ταῖς
2682 2777 2852 2846 ίεραῖς
2884 2777 3223 2849 νομοθεσίαις
3249 2777 3698 2849 προϐαλλόμενος.

2141 2868 2302 2936 Λέγει
2331 2868 2374 2921 δ’
2403 2863 2496 2922 οῦν
2539 2869 2793 2943 ἄντικρυς
2833 2870 2991 2933 αὐτὸς
3031 2872 3060 2923 6
3097 2871 3264 2939 Λόγος
3305 2869 3381 2940 τῷ
3439 2870 3700 2941 Ἐϐραίων

2141 2959 2281 3014 ἔθνει
2307 2961 2608 3031 νομοθετῶν
2642 2961 2730 3014 διὰ
2759 2962 3054 3025 Μωῦσέωςο
3089 2981 3110 3014 ι
3140 2961 3295 3015 Κατὰ
3323 2961 3389 3014 τὰ
3420 2961 3702 3034 ἐπιτηδεύ-

2145 3071 2288 3125 ματα
2310 3055 2405 3126 τῆς
2429 3054 2533 3124 γῆς
2556 3053 2851 3122 Αἰγύπτου,
2882 3055 2939 3106 ἐν
3025 3055 3378 3125 κατῳκὴσατε
3401 3055 3488 3106 ἐπ’
3509 3054 3697 3124 αὐτῆς,

2140 3148 2200 3200 οὐ
2235 3147 2507 3218 ποιήσετε’
2538 3146 2631 3200 καὶ
2650 3145 2789 3202 κατά
2825 3145 2890 3200 τὰ
2919 3146 3319 3218 ἐπιτηδεύματα
3350 3145 3454 3216 γῆς
3483 3146 3710 3200 Χαναὰν

2135 3239 2214 3301 εἰς
2253 3238 2319 3308 ἣν
2350 3236 2459 3306 ἐγὼ
2493 3237 2698 3306 εἰσάγω
2736 3239 2900 3309 ὑμᾶς,
2949 3241 3066 3291 ἐκεῖ
3093 3238 3152 3290 ού
3188 3238 3471 3309 ποιήσετε·
3518 3238 3613 3291 καὶ
3639 3241 3700 3291 ἐν

2133 3334 2243 3394 τοῖς
2281 3331 2463 3400 νόμοις
2506 3330 2681 3384 αὐτῶν
2719 3332 2777 3383 ού
2817 3329 3164 3402 πορεύσεσθε.
3201 3330 3280 3384 Τά
3313 3330 3555 3402 κρίματά
3594 3349 3697 3402 μου

2133 3426 2409 3496 ποιήσετε,
2459 3426 2552 3478 καὶ
2595 3423 2664 3476 τὰ
2711 3423 3104 3495 προστάγματά
3139 3441 3239 3494 μου
3270 3421 3557 3493 φυλάξετε“
3587 3422 3697 3490 ἐγὼ

2133 3517 2246 3588 εἰμί
2275 3517 2474 3588 Κύριος
2495 3519 2524 3569 6
2551 3516 2680 3580 Θεὸς
2709 3515 2880 3587 ὑμῶν.
2920 3535 2937 3566 ι
2964 3510 3094 3569 Εἶτα
3124 3517 3297 3570 πάντα
3318 3515 3698 3587 ἀπαγορεύσας

2129 3610 2385 3680 ἀθέμιτον
2417 3609 2612 3679 γάμον,
2641 3609 2736 3660 καὶ
2762 3609 2938 3662 πᾶσαν
2965 3609 3246 3679 ἀσχήμονα
3274 3607 3490 3678 πρᾶξιν,
3517 3624 3702 3676 γυναι-

2130 3701 2242 3755 κῶν
2283 3719 2341 3754 τε
2391 3702 2524 3772 πρὸς
2566 3703 2856 3768 γυναῖκας,
2893 3702 2986 3753 καὶ
3018 3683 3426 3772 ἀρρένωνπρὸς
3460 3700 3694 3771 άρῥενας

2133 3795 2326 3866 μίξεις,
2355 3793 2610 3862 ὲπιλέγει’
2645 3811 2664 3843 ι
2688 3793 2778 3863 Μὴ
2807 3791 3078 3864 μιαίνεσθε
3102 3794 3159 3845 ἐν
3181 3793 3315 3845 πᾶσι
3339 3790 3566 3854 τούτοις.
3605 3791 3704 3843 ἘνΔ

2129 3888 2262 3940 πᾶσι
2295 3886 2402 3958 γὰρ
2429 3885 2635 3948 τούτοις
2665 3884 2996 3956 ἐμιάνθησαν
3023 3883 3090 3937 τὰ
3117 3884 3262 3955 ἔθνη,
3291 3884 3326 3937 ἂ
3352 3884 3460 3952 ἐγὼ
3494 3883 3692 3950 ἐξαπο-

2129 3978 2296 4032 στελῶ
2322 3979 2424 4052 πρὸ
2456 3977 2742 4050 προσώπου
2770 3977 2798 4030 ὑ
2807 3977 2921 4049 μῶν
2939 3995 2952 4008 ·
2995 3977 3088 4030 καὶ
3110 3975 3398 4047 ἐξεμιάνθη
3424 3977 3457 4046 ἡ
3480 3977 3571 4046 γῆ,
3598 3977 3694 4029 καὶ

2127 4071 2482 4126 ἀνταπέδωκα
2528 4071 2738 4124 ἀδικίαν
2779 4070 2944 4140 αὐτῇ·
2994 4070 3087 4123 καὶ
3122 4068 3492 4141 προσώχθισεν
3536 4071 3570 4139 ἡ
3618 4069 3691 4140 γῆ

2125 4168 2238 4228 τοῖς
2284 4165 2674 4236 ὲγκαθημένοις
2719 4165 2808 4216 ἐπ’
2851 4163 3039 4233 αὐτῆς.
3084 4182 3102 4214 ι
3142 4163 3250 4216 Καὶ
3299 4161 3457 4216 πάλιν
3503 4163 3690 4232 φησίν·

2131 4277 2148 4308 ι
2197 4256 2320 4310 Ἐάν
2348 4257 2404 4309 δέ
2438 4256 2501 4308 σὺ
2531 4255 2775 4329 εἰσέλθῃς
2803 4257 2882 4319 εἰς
2909 4255 3006 4327 τὴν
3030 4254 3154 4325 γῆν,
3183 4255 3250 4324 ἢν
3281 4253 3484 4326 Κύριος
3508 4255 3538 4306 6
3559 4254 3694 4318 Θεός

2127 4365 2218 4403 σου
2248 4348 2426 4402 δίδωσί
2461 4365 2560 4412 σοι,
2591 4348 2651 4400 οὐ
2688 4346 2761 4418 μὴ
2791 4347 3007 4420 μαθήσῃ
3037 4350 3208 4400 ποιεῖν
3232 4346 3373 4400 κατὰ
3402 4347 3470 4400 τά
3503 4345 3692 4416 βδελύ-

461 4440 591 4488 sunt
622 4439 830 4503 gentes,
873 4449 1010 4503 quas
1054 4448 1154 4504 ego
1181 4434 1445 4504 expellam
1481 4448 1511 4486 a
1543 4432 1678 4488 facie
1705 4442 1886 4489 vestra
1919 4453 1931 4488 :
1967 4443 2022 4489 ct

2142 4457 2308 4512 τματα
2344 4440 2450 4492 τῶν
2493 4437 2662 4492 ἐθνῶν
2691 4438 2933 4493 ἐκείνων·
2970 4439 3068 4508 οὐχ
3113 4437 3462 4509 εὑρεθήσεται
3505 4439 3564 4490 ἐν
3608 4437 3691 4490 σοὶ

457 4527 661 4598 polluta
712 4532 791 4580 est
843 4532 1011 4590 terra,
1055 4533 1110 4580 et
1159 4525 1380 4580 retribui
1431 4525 1751 4594 injustitiam
1802 4525 1926 4581 illi:
1967 4535 2020 4580 et

2142 4532 2396 4604 ιαθαίρων
2429 4532 2519 4585 τὸν
2549 4530 2659 4584 υἱὸν
2690 4529 2876 4594 αὐτοῦ,
2913 4531 2946 4600 ἢ
2988 4529 3086 4601 τὴν
3129 4528 3401 4601 θυγατέρα
3439 4529 3603 4583 αὐτοῦ
3631 4531 3689 4581 ἐν

456 4619 768 4674 abominata
817 4628 900 4675 est
950 4629 1093 4674 terra
1131 4620 1384 4674 sedentes
1417 4619 1471 4672 in
1510 4619 1626 4689 ipsa
1653 4620 1696 4674 ‘.
1741 4639 1758 4672 ι
1793 4620 1858 4674 Et
1891 4621 2019 4675 alibi

2142 4623 2280 4696 rupi,
2325 4621 2716 4696 μαντευόμενος
2762 4619 3036 4691 μαντείας,
3087 4619 3181 4673 καὶ
3223 4618 3686 4692 κλῃδονιζόμενος,

458 4729 650 4768 rursus
682 4711 816 4765 dicit
848 4731 861 4766 :
899 4730 916 4762 ι
948 4713 1084 4768 Cum
1131 4728 1258 4766 vero
1301 4713 1582 4783 ingressus
1618 4711 1787 4767 fueris
1821 4712 1876 4766 in
1911 4722 2021 4767 ter-

2142 4715 2614 4785 ιαίοίωνιζόλμενος,
2636 4713 2942 4785 φαρμακὸς.
2967 4711 3200 4783 ἐπᾴδων,
3228 4708 3686 4781 ἐγγαστρίμυθος,

457 4820 572 4859 ram
603 4819 766 4876 quam
810 4803 1070 4860 Dominus
1103 4804 1246 4860 Deus
1275 4813 1400 4859 tuus
1425 4803 1517 4858 dat
1549 4804 1668 4868 tibi,
1703 4821 1812 4859 non
1841 4804 2018 4860 disces

2142 4807 2209 4860 :at‘t
2232 4804 2648 4876 τερατοσκόπος,
2670 4805 2764 4857 καὶ
2790 4801 3078 4873 ἐπερωτῶν
3099 4803 3224 4864 τοὺς
3249 4799 3492 4871 νεκρούς.
3529 4801 3689 4854 Ἔστι

459 4897 636 4952 facere
671 4875 971 4952 secundum
1003 4897 1434 4952 abominationes
1466 4897 1708 4967 gentium
1743 4896 1956 4949 illarum
2001 4915 2013 4950 :

452 5005 562 5044 non
599 4989 907 5043 invenietur
942 4988 996 5041 in
1036 4995 1090 5042 te
1121 4988 1212 5057 qui
1263 4988 1454 5042 lustret
1494 4987 1681 5041 filium
1708 5002 1867 5041 suum
1923 4995 2016 5041 aut

454 5083 616 5136 tiliam
665 5096 818 5136 suam
874 5081 929 5134 in
983 5080 1131 5150 igne,
1189 5079 1441 5134 divinans
1491 5080 1875 5145 divinationes,
1924 5091 2018 5136 aut

451 5173 716 5238 hariolus,
761 5183 854 5228 aut
884 5189 1077 5244 augur,
1110 5175 1399 5240 veneficus,
1435 5174 1760 5238 incantator,
1814 5174 2011 5244 pytho»

448 5265 568 5318 nica
616 5267 834 5330 mulier,
889 5265 1259 5336 prodigiorum
1311 5265 1608 5335 inspector,
1641 5275 1733 5320 aut
1761 5268 1851 5337 qui
1885 5283 2010 5337 per-

449 5366 698 5412 contetur
747 5367 991 5412 mortuos
1028 5376 1042 5410 :
1089 5365 1172 5411 est
1217 5358 1360 5410 enim
1407 5357 1740 5413 abominatio
1783 5359 2010 5414 Domino

449 5445 559 5502 Deo
592 5463 702 5502 uno
733 5450 913 5505 omnis
953 5450 1043 5519 qui
1091 5448 1221 5502 facit
1268 5449 1400 5503 hmc.
1451 5447 1582 5503 Nam
1616 5459 1837 5520 propter
1875 5452 2010 5506 istas

445 5540 903 5604 abominationes,
951 5541 1218 5597 Dominus
1264 5540 1406 5598 Deus
1441 5553 1567 5598 tuus
1597 5543 1798 5599 delebit
1834 5544 1954 5600 illos
1978 5560 2007 5597 a

511 5694 528 5722 ’
559 5690 736 5752 Levit.
783 5711 936 5760 rvln,
963 5697 1016 5760 3,
1045 5699 1096 5752 4.
1174 5703 1192 5730 ⁵
1221 5701 1346 5755 ibid.
1380 5699 1468 5764 ει,

2115 4900 2224 4972 γὰρ
2259 4899 2528 4970 βδέλυγμα
2559 4897 2746 4968 Κυρίῳ
2773 4896 2850 4967 τῷ
2880 4895 2999 4966 Θεῷ
3034 4912 3124 4948 σου
3155 4896 3262 4958 πᾶς
3293 4893 3458 4948 ποιῶν
3486 4893 3686 4948 ταῦτα.

2121 4991 2458 5059 Ἕνεκα-γὰρ
2483 4989 2590 5041 τῶν
2621 4987 2998 5058 βδελυγμάτων
3028 4985 3228 5040 τούτων
3260 4985 3462 5057 Κύριος
3489 4987 3518 5037 6
3551 4985 3693 5049 Θεός

2119 5102 2210 5138 σου
2245 5081 2609 5152 ἐξολοθρεύσει
2643 5082 2838 5144 αὐτοὺς
2872 5081 2978 5132 ἀπὸ
3003 5079 3292 5151 προσώπου
3324 5096 3434 5131 σου.
3467 5078 3692 5142 Τέλειος

2117 5175 2214 5247 ἔσῃ
2242 5175 2477 5228 ἐναντίον
2500 5172 2697 5242 Κυρίου
2719 5171 2811 5224 τοῦ
2834 5170 2968 5223 Θεοῦ
3003 5187 3116 5222 σου.
3152 5188 3170 5219 ι
3198 5168 3431 5222 Τοιαῦτα
3464 5168 3564 5239 μὲν
3588 5169 3692 5223 καὶ

2118 5269 2284 5340 μυρία
2316 5267 2446 5320 ἄλλα
2470 5264 2692 5334 θεοσεϐῆ
2720 5263 3019 5335 διδάγματά
3041 5280 3098 5315 τε
3128 5264 3220 5316 καὶ
3249 5260 3692 5332 παραγγέλματα

2115 5360 2200 5414 διὰ
2226 5359 2501 5421 Μωῦσέως
2530 5359 2710 5420 αὐτοῖς
2729 5357 2756 5407 6
2774 5355 2904 5418 Θεὸς
2926 5357 3094 5423 Λόγος
3117 5355 3176 5407 τὸ
3198 5353 3326 5427 πρὶν
3347 5351 3689 5423 ἐνομοθέτει,

2115 5454 2189 5516 ὡς
2221 5455 2278 5505 ἐν
2311 5454 2636 5520 εἰσαγωγαῖς
2668 5450 2760 5504 τοῦ
2795 5450 2935 5504 κατά
2974 5451 3251 5504 εὐσέϐειαν
3296 5449 3410 5520 βίου
3447 5446 3694 5519 παραδι-

2114 5543 2236 5605 δοὺς
2263 5542 2444 5607 αὐτοῖς
2474 5545 2730 5614 στοιχεῖα,
2776 5542 2864 5597 διὰ
2897 5541 3160 5613 συμϐόλου
3195 5541 3286 5594 καί
3327 5557 3469 5604 τινος
3515 5538 3698 5596 σκιώ-
