3914 6198
236 274 333 329 277

1149 267 1799 327 DEMONSTRATIONIS
1836 268 2287 324 EVANGELlCA‘Z
2319 266 2442 322 LIB.
2484 265 2572 319 IV.

3340 264 3445 319 278

228 394 346 455 δούς
375 393 471 445 καὶ
499 394 820 463 σωματικῆς
857 390 1101 462 λατρείας
1139 392 1197 442 ἐν
1231 388 1476 460 σώματος
1506 388 1783 458 περιτομῇ,

1900 387 2034 443 facie
2077 394 2217 439 tua:
2266 383 2536 455 perfectus
2595 380 2701 435 eris
2766 379 2818 433 in
2884 387 3177 449 conspectu
3239 377 3450 434 Domim

224 486 312 539 καί
347 503 515 539 τινων
547 486 726 539 ἄλλων
768 483 1189 554 τοιουτοτρόπων
1225 483 1315 537 ἐπὶ
1355 483 1453 552 τῆς
1478 482 1581 552 γῆς
1612 500 1795 535 συντε-

222 578 518 647 λουμένων·
553 578 630 640 ὡς
654 577 730 636 δὲ.
756 576 849 629 τοῦ
879 576 1069 646 χρόνου
1107 575 1404 645 προϊόντος,
1439 575 1589 628 οὐδὲν
1616 574 1796 627 τοσοῦ-

219 687 307 722 τον
340 671 438 722 καὶ
468 670 578 722 τῶν
614 670 729 739 μετ’
756 669 917 721 αὐτὸν
942 667 1236 740 προφητῶν
1265 666 1343 731 εἰς
1364 667 1550 721 ἄκεσιν
1570 667 1675 719 τῶν
1699 667 1793 720 τοῦ

223 760 332 830 βίου
374 759 568 812 κακῶν
598 759 661 811 δι’
695 758 995 828 ὑπερϐολὴν
1025 758 1221 820 κακίας
1253 756 1487 819 ἔσθενεν,
1518 756 1710 827 ἠλαυνὲ
1736 774 1793 808 τε

220 854 491 925 ὁσημέραι
520 854 602 915 εἰς
633 851 853 922 μείζονα
892 850 960 904 τά
998 851 1097 921 τῆς
1138 849 1455 920 δαιμονικῆς
1496 849 1790 919 ἐνεργείας,

222 944 291 1007 ὡς
319 946 417 997 καὶ
451 945 588 998 αὐτὸ
614 943 674 996 τὺ
713 943 976 1014 Ἐϐραίων
996 942 1143 1005 ἔθνος
1168 945 1234 1013 τῇ
1262 939 1371 993 τῶν
1388 940 1562 993 ἀθέων
1587 956 1792 993 συναπ-

221 1036 452 1106 αχθῆναι
494 1036 693 1107 φθορᾷ⁸
736 1035 898 1098 αὐτὸς
934 1035 1036 1107 ήδη
1071 1035 1253 1087 λοιπον
1316 1036 1345 1087 ό
1380 1034 1569 1105 Σωτὴρ
1594 1035 1686 1086 καλ⁸
1714 1034 1794 1085 ία-

220 1129 348 1198 τρὸς
387 1127 496 1180 τῶν
540 1127 680 1180 ὅλων
730 1126 971 1181 κάτεισιν
1023 1128 1100 1191 είς
1150 1126 1484 1199 ἀνθρώπους,
1540 1128 1632 1180 καὶ
1683 1130 1795 1190 τοῖς

220 1220 439 1281 οἰκείοις
483 1220 740 1287 ἀγγέλοις
789 1219 1078 1290 ἐπαμύνων
1123 1219 1262 1290 ὑπὲρ
1306 1219 1406 1289 τῆς
1441 1219 1550 1273 τῶν
1585 1219 1792 1290 ἀνθρώ-

221 1329 337 1367 πων
371 1312 670 1384 σωτηρίας,
723 1313 866 1366 τοῦτ’
890 1312 1037 1383 αύτῷ
1071 1312 1164 1365 τοῦ
1202 1312 1414 1383 Πατρὸς
1455 1313 1792 1385 δωρήσεσθαι

222 1405 706 1475 προῦποσχομένου
729 1446 743 1469 ,
820 1404 1103 1476 ὠσπεροῦν
1186 1406 1347 1470 αὐτὸς
1415 1407 1472 1459 ἐν
1548 1408 1794 1479 Ψαλμοῖς

223 1500 459 1553 διδάσκει
498 1498 699 1565 λέγων·
765 1516 783 1549 ι
816 1497 1015 1569 Κύριος
1047 1494 1165 1549 εἷπε
1206 1498 1342 1569 πρὸς
1381 1498 1475 1568 μέ·
1522 1499 1646 1561 Υἱός
1692 1517 1792 1569 μου

226 1588 271 1645 εί
319 1593 399 1656 σὺ,
441 1591 552 1659 ἐγὼ
596 1593 836 1663 σήμερον
891 1591 1195 1662 γεγέννηκά
1250 1608 1328 1645 σε.
1382 1591 1609 1663 Αἴτησαι
1665 1594 1792 1664 παρ’

223 1685 382 1757 ἐμοῦ,
441 1686 535 1738 καλ⁵
597 1684 754 1738 δώσω
818 1701 898 1738 σοι
950 1684 1075 1756 ἐθνη
1118 1685 1214 1756 τὴν
1260 1684 1621 1758 κληρονομίαν
1664 1702 1789 1751 σου,

1893 477 1985 530 Dei
2036 476 2114 529 tui
2139 476 2179 527 ³.
2219 493 2236 525 ι
2302 472 2425 526 Haec
2483 470 2721 539 quidem,
2782 469 2991 536 aliaque
3036 466 3451 521 innumerabilia

1894 566 2169 637 religionis
2239 564 2563 618 documenta
2626 568 2679 614 et
2732 565 3019 628 praecepta,
3075 573 3169 627 per
3215 556 3451 628 Moysem

1894 658 2001 712 illis
2036 657 2176 713 Deus
2205 655 2463 718 Verbum,
2504 661 2661 706 antea
2717 652 2769 704 in
2828 650 3035 719 legibus
3066 648 3247 709 dabat,
3292 660 3454 717 atque

1894 759 1953 804 ut
2006 751 2060 804 in
2120 749 2439 804 rudimentis
2484 746 2597 800 ﬁeri
2660 744 2816 805 solet,
2870 741 3137 811 religiosa;
3185 740 3290 794 illis
3329 740 3455 794 vitae

1891 818 2178 904 elementa,
2230 855 2324 911 per
2362 840 2515 909 signa
2568 844 2622 890 et
2654 834 2991 889 umbratilem
3014 832 3307 902 quamdam
3340 846 3455 885 cor-

1893 934 2240 1005 poralemque
2314 929 2680 985 adorationem
2763 926 2817 979 in
2898 925 3142 993 corporis
3218 922 3454 977 circum-

1894 1025 2131 1091 cisione,
2185 1037 2387 1093 perque
2453 1021 2557 1074 alia
2608 1018 2853 1089 quiedam
2918 1014 3183 1086 ejusmodi
3228 1031 3348 1085 qua:
3396 1017 3452 1069 in

1894 1125 2038 1171 terra
2097 1114 2491 1175 conﬁciuntur,
2552 1111 2797 1177 tradebat
2846 1131 2859 1166 :
2905 1125 3028 1165 cum
3074 1122 3199 1167 vero
3260 1122 3453 1177 proce-

1894 1208 2053 1261 dente
2084 1212 2328 1274 tempore
2357 1203 2539 1259 nullus
2569 1210 2677 1255 tam
2719 1209 2932 1271 potens,
2970 1218 3036 1257 ne
3067 1201 3451 1271 prophetarum

1894 1300 2111 1370 quidem
2173 1300 2266 1370 qui
2313 1307 2435 1369 post
2489 1298 2637 1351 illum
2694 1296 3026 1358 exstiterint,
3058 1303 3117 1349 ut
3155 1292 3450 1349 remedium

1894 1392 2052 1448 malis
2106 1392 2229 1446 vita:
2282 1389 2517 1453 allerret,
2564 1390 2635 1443 ob
2685 1389 2847 1443 nimis
2893 1386 3255 1441 abundantem
3298 1382 3452 1436 mali-

1893 1485 2057 1548 tiam,
2119 1490 2263 1538 esset
2314 1504 2325 1539 :
2373 1499 2436 1538 ac
2487 1483 2783 1537 daemonica
2822 1480 3058 1535 ell‘icacia
3101 1477 3343 1549 quotidie
3396 1477 3452 1529 in

1894 1577 2071 1647 majus
2097 1578 2416 1647 impelleret,
2451 1592 2621 1646 usque
2656 1575 2791 1629 adeo
2841 1582 2899 1629 ut
2924 1574 3039 1643 ipsa
3072 1586 3287 1642 quoque
3348 1568 3453 1625 He-

1894 1668 2079 1722 braica
2124 1685 2289 1740 gens,
2350 1669 2535 1723 eadem
2594 1683 2718 1721 cum
2782 1666 2962 1736 impiis
3008 1663 3307 1735 perditione
3364 1677 3453 1716 ra-

223 1746 310 1831 καὶ
360 1746 457 1849 τὴν
514 1777 851 1848 κατάσχεσίν
911 1794 1002 1830 σου
1061 1746 1129 1831 τά
1173 1746 1398 1849 ’πέρατα
1451 1746 1552 1849 της
1601 1778 1721 1849 γῆς.

1892 1769 2112 1831 peretur
2149 1780 2163 1816 :
2204 1770 2317 1815 tum
2352 1762 2585 1831 denique
2626 1759 2875 1814 Salvator
2930 1775 2992 1813 ac
3046 1758 3291 1812 medicus
3329 1756 3452 1811 uni-

226 1872 408 1924 οὐκέτι
475 1870 615 1941 γοῦν
686 1871 843 1940 μόνον
907 1870 998 1923 τὸν
1057 1869 1261 1924 δίκαιον
1327 1870 1421 1925 καλ⁵
1485 1871 1789 1942 διορατικὸν

238 1962 463 2034 Ἰσραὴλ,
506 1961 633 2015 ούδέ
681 1978 745 2029 γε
791 1962 950 2031 μόνον
993 1961 1083 2015 τὸν
1120 1964 1313 2015 οίκεῖον
1352 1961 1572 2034 κλῆρον,
1614 1962 1811 2017 πάντα»

231 2054 284 2107 δὲ
321 2054 386 2107 τὰ
417 2055 503 2107 ἐπὶ
538 2054 648 2124 γῆς
684 2053 841 2123 ἔθνη,
871 2053 941 2107 τά
970 2056 1228 2127 πρότερον
1262 2054 1497 2108 πλείοσιν
1540 2054 1789 2124 ἀγγέλοις

233 2145 630 2217 κεκληρωμένα,
677 2146 772 2198 καὶ
813 2146 1089 2209 παντοίαις
1140 2145 1412 2210 ἀσεϐείαις
1475 2146 1790 2217 κεκαλινδη-

234 2237 386 2307 μένα,
422 2237 517 2288 ὑπὸ
551 2236 655 2307 τὴν
697 2235 905 2289 οἰκείαν
954 2234 1233 2289 ὑποϐαλὼν
1288 2234 1556 2299 ἐξουσίαν,
1607 2234 1788 2305 παρῆν

225 2332 333 2392 τοῖς
372 2331 496 2382 πᾶσι
542 2330 648 2400 τὴν
698 2330 833 2399 πρὸς
876 2329 967 2382 τὸν
1020 2327 1184 2382 αὐτοῦ
1234 2328 1451 2399 Πατέρα
1488 2326 1687 2397 γνῶσίν
1728 2343 1787 2378 τε

223 2418 309 2470 καί
357 2418 557 2487 φιλίανο
582 2420 1147 2490 ἐπικηρυκευόμενος,
1185 2418 1337 2472 λύσιν
1374 2436 1433 2471 τε
1476 2419 1568 2472 καὶ
1596 2418 1787 2488 ἄφεσιν

221 2507 315 2561 τῶν
354 2511 481 2581 πρὶν
522 2510 893 2581 ἀγνοημάτων
928 2512 1022 2563 καὶ
1055 2511 1461 2582 ἁμαρτημάτων
1503 2509 1788 2580 ὑπισχνού-

222 2616 387 2668 μενος,
421 2601 452 2653 ὃ
485 2602 588 2653 καὶ
644 2601 832 2671 σαφῶς
881 2601 1145 2672 ἐκήρυττε
1175 2601 1399 2672 λέγων’
1438 2619 1455 2652 ι
1488 2601 1563 2653 Ού
1597 2601 1787 2672 χρείαν

219 2688 419 2759 ἔχουσιν
465 2694 518 2744 οἱ
571 2692 847 2761 ἰσχύοντες
896 2691 1110 2764 ἰατροῦ,
1150 2690 1283 2746 ἀλλά
1331 2693 1378 2745 οἱ
1425 2690 1610 2755 κακῶς
1642 2691 1787 2761 ἕχον-

218 2796 326 2842 τες·
361 2782 463 2834 οὐκ
495 2778 685 2855 ἦλθον,
708 2783 933 2837 καλέσαι
967 2783 1240 2849 δικαίους,
1292 2783 1406 2837 ἀλλ’
1434 2784 1787 2856 ἁμαρτωλοὺς

217 2871 289 2933 εἰς
321 2874 639 2942 μετάνοιαν.
675 2893 692 2925 ι
753 2874 862 2928 Καὶ
906 2874 970 2945 δὴ
1002 2876 1181 2946 παρῆν
1215 2878 1326 2939 τοῖς
1366 2877 1585 2940 οἰκείοις
1626 2876 1788 2945 ἀγγέ-

216 2960 347 3025 λοις,
382 2964 569 3026 αὐτοῖς
600 2965 673 3036 δὴ
705 2967 817 3027 τοῖς
848 2966 975 3036 πρὶν
1005 2964 1269 3033 ἐφεστῶσι
1292 2965 1400 3020 τῶν
1438 2964 1628 3030 ἐθνῶν,
1665 2966 1785 3018 ἐπι-

216 3054 580 3126 θεωρούμενος
606 3074 619 3085 ·
673 3057 721 3108 οί
761 3056 848 3120 δὲ,
896 3055 1091 3109 αὐτίκα
1130 3055 1218 3108 τὸν
1263 3058 1410 3125 σφῶν
1457 3056 1645 3128 βοηθὸν
1694 3058 1786 3110 καὶ
1812 3099 1854 3156 C

212 3146 417 3217 Κύριον
468 3144 527 3201 εὖ
578 3148 721 3219 μάλα
772 3148 1013 3221 ἀκριϐῶς
1067 3150 1407 3218 ἐπιγνόντες,
1468 3152 1782 3221 περιχαρεῖς

215 3237 523 3306 προσῆλθον
569 3240 661 3292 καὶ
711 3239 993 3311 διηκόνουν
1045 3242 1210 3312 αύτῷ,
1254 3242 1501 3313 ῶσπερή
1540 3242 1659 3314 ίερά
1688 3244 1782 3297 τοῦ

212 3325 552 3395 Εὖαγγελίου
581 3328 822 3383 διδάσκει
855 3330 1061 3403 Γραφὴ,
1099 3333 1238 3385 «Καὶ
1283 3334 1585 3405 προσῆλθον
1629 3336 1785 3403 ἄγγε-

212 3418 317 3483 λοι,
353 3421 447 3472 καὶ
478 3420 754 3490 διηκόνουν
784 3422 952 3494 αὐτῷ,
980 3443 998 3475 ι
1044 3426 1291 3495 φήσασα*
1336 3427 1424 3480 ὅτε
1458 3428 1547 3481 καὶ
1584 3427 1783 3498 πλῆθος

210 3512 469 3581 στρατιᾶς
502 3512 754 3584 οὐρανίου
787 3514 1078 3569 αἰνούντων
1105 3516 1194 3569 τὸν
1215 3516 1343 3570 Θεὸν
1376 3516 1580 3585 ἔλεγον,
1618 3517 1782 3582 «Δόξα

210 3603 264 3652 ἐν
296 3601 542 3669 ὑψίστοις
568 3602 706 3673 Θεῷ,
740 3606 833 3656 καὶ
873 3607 964 3657 ἐπὶ
989 3604 1093 3675 γῆς
1120 3608 1339 3679 εἰρήνη,
1382 3609 1438 3661 ἐν
1476 3607 1780 3679 ἀνθρώποις

207 3693 448 3747 εὐδοκία.
495 3715 516 3747 ι
584 3696 819 3759 Τούτους
867 3697 964 3766 μὲν
1001 3693 1093 3750 οῦν
1129 3700 1203 3762 ὡς
1248 3700 1479 3763 οἰκείους
1519 3699 1781 3769 ἀγγέλους

206 3784 300 3855 τῆς
331 3785 503 3838 αὐτοῦ
552 3786 837 3857 δεομένους
886 3790 1198 3860 συμμαχίας
1230 3790 1400 3862 ταύτῃ
1442 3810 1515 3864 πη
1546 3791 1783 3863 ἀνελάμ-

206 3877 379 3931 δᾶνεα
422 3881 553 3942 τοὺς
589 3879 649 3933 δέ
692 3897 756 3949 γε
799 3880 967 3934 πάλαι
1009 3883 1151 3953 ἀμφὶ
1190 3884 1289 3947 τὰς
1331 3884 1630 3957 ἀνθρώπων
1663 3886 1780 3941 δια-

203 3972 399 4042 τριϐὰς
448 3973 834 4042 ταιιτωμένους,
886 3974 1107 4043 ἀφανῶς
1147 3992 1204 4027 τε
1249 3977 1341 4029 καὶ
1385 3978 1638 4049 ἐμφανῶς
1671 3980 1780 4033 τῶν

205 4065 291 4116 ἐπὶ
346 4063 459 4133 γῆς
518 4063 1077 4129 καταδυναστεύοντας
1134 4066 1390 4137 δαίμονας
1445 4070 1777 4142 ἀλιτηρίους,

204 4155 291 4205 καὶ
322 4152 657 4221 πνευμάτων
687 4152 893 4224 ἀγρίων
932 4154 1022 4205 καὶ
1053 4154 1274 4223 ἁπηνῶν
1306 4155 1465 4226 γένη,
1504 4156 1593 4209 τόν
1634 4174 1693 4209 τε
1721 4159 1779 4210 ἐν

202 4245 413 4307 τούτοις
458 4244 561 4313 τῆς
607 4246 804 4308 κακίας
852 4244 1174 4316 ἐξάρχοντα,
1222 4247 1313 4299 τὸν
1358 4248 1526 4301 δεινὸν
1574 4250 1777 4303 ἐκεῖνον

204 4336 293 4388 καὶ
338 4336 617 4408 ἀλάστορα
654 4337 864 4410 μεγάλῃ
916 4339 1010 4392 καὶ⁵
1059 4337 1225 4409 ἐνθέῳ
1265 4338 1492 4410 δυνάμει
1546 4341 1778 4412 τροπού-

1892 1857 2031 1911 versi
2077 1855 2356 1910 descendit
2399 1853 2466 1908 ad
2518 1854 2786 1916 homines,
2850 1861 2909 1907 ut
2959 1852 3043 1907 vel
3097 1850 3302 1921 angelis
3338 1848 3451 1904 suis

1890 1963 1988 2018 pro
2027 1948 2309 2002 hominum
2351 1947 2524 2002 salute
2568 1961 2723 2015 opem
2758 1944 2945 2008 ferret,
2991 1959 3113 1997 cum
3149 1942 3250 1996 hoc
3285 1942 3361 1995 illi
3392 1956 3452 1995 se

1890 2040 2206 2111 largiturum
2229 2038 2390 2094 Pater
2405 2046 2561 2093 antea
2580 2037 2941 2106 promisisset,
2964 2043 3017 2090 et
3032 2035 3246 2105 quidem
3267 2049 3452 2104 quem-

1888 2131 2177 2187 admodum
2204 2132 2320 2202 ipse
2346 2132 2399 2185 in
2427 2129 2655 2186 Psalmis
2678 2129 2856 2193 docet,
2888 2128 2980 2181 ubi
3003 2128 3079 2179 ait
3107 2146 3117 2180 :
3146 2146 3163 2175 i
3189 2125 3450 2180 Dominus

1886 2223 2021 2278 dixit
2054 2224 2119 2279 ad
2152 2240 2266 2279 me:
2298 2220 2471 2277 Filius
2490 2237 2642 2276 meus
2666 2236 2727 2275 es
2756 2228 2836 2284 tu,
2866 2234 2965 2289 ego
2996 2217 3153 2272 hodie
3181 2218 3341 2287 genui
3372 2225 3444 2273 te.

1887 2315 2107 2371 Postula
2155 2331 2184 2369 a
2231 2329 2337 2380 me,
2391 2326 2444 2370 et
2490 2313 2633 2368 dabo
2686 2312 2784 2367 tibi
2838 2318 3025 2382 gentes
3079 2309 3447 2365 hatreditatem

1887 2417 2056 2472 tinem,
2102 2415 2157 2463 et
2197 2406 2599 2478 possessionem
2644 2412 2795 2459 tuam
2838 2404 3097 2459 terminos
3154 2402 3378 2458 ωτι-ωδ.
3423 2422 3442 2455 ι

1890 2499 2044 2571 163
2076 2496 2192 2554 Non
2220 2498 2383 2569 igitur
2422 2498 2510 2553 ille
2542 2497 2772 2568 amplius
2821 2507 2876 2551 ut
2917 2512 3040 2552 eum
3076 2496 3250 2551 solum
3275 2496 3447 2569 'lsrael

1884 2590 1976 2659 qui
1995 2589 2179 2657 justus
2220 2588 2437 2658 quidem
2486 2592 2652 2651 esset,
2692 2586 2787 2642 sed
2826 2587 2965 2642 idem
3022 2586 3144 2643 visu
3200 2602 3448 2656 compre-

1884 2679 2046 2733 hendi
2104 2686 2320 2749 posset,
2373 2694 2563 2751 neque
2604 2687 2662 2733 ut
2714 2680 2883 2735 solam
2918 2679 3189 2749 propriam
3222 2686 3447 2745 sortem,

1885 2771 1979 2825 sed
2004 2780 2060 2825 ut
2082 2785 2273 2825 omnes
2303 2770 2358 2823 in
2394 2771 2557 2826 terris
2590 2776 2799 2841 gentes,
2845 2784 2964 2839 qua:
3011 2776 3168 2823 antea
3198 2767 3448 2837 pluribus

1885 2862 2089 2933 angelis
2128 2863 2402 2917 attributa:
2425 2870 2606 2928 erant,
2635 2864 2759 2919 etin
2792 2862 2972 2917 omnis
2998 2861 3215 2930 generis
3251 2859 3446 2931 impie-

1884 2956 2088 3012 tatibus
2114 2946 2346 3012 versata;
2401 2962 2565 3026 atque
2622 2955 2918 3025 implicitas,
2971 2955 3073 3009 sub
3105 2968 3260 3009 suam
3293 2960 3447 3023 pote-

1888 3055 2082 3103 statem
2118 3049 2409 3120 redigeret,
2469 3056 2632 3119 atque
2675 3048 2930 3103 omnibus
2961 3047 3210 3102 notitiam
3232 3053 3287 3101 et
3311 3046 3448 3099 ami-

1887 3140 2068 3194 citiam
2102 3155 2225 3195 cum
2263 3157 2363 3197 suo
2412 3140 2571 3196 Patre
2604 3141 2966 3213 denuntiaret,
3016 3139 3447 3209 solutionemque

1886 3248 1950 3286 ac
1986 3234 2360 3289 remissionem
2405 3235 2832 3304 ignorantiarum
2881 3248 2944 3287 ac
2988 3241 3332 3303 peccatorum
3388 3248 3447 3287 se

1884 3323 2251 3380 exbibiturum
2305 3327 2664 3395 promitteret,
2718 3325 2885 3387 venit,
2943 3324 3088 3395 quod
3118 3325 3332 3395 quidem
3361 3324 3446 3379 vel

1886 3416 2111 3487 ipsemet
2137 3401 2424 3488 perspicue
2480 3417 2664 3472 docuit
2694 3418 2883 3473 dicens
2932 3433 2945 3467 :
2991 3436 3009 3468 ι
3051 3415 3171 3471 Non
3202 3415 3448 3485 indigent

1882 3509 2017 3564 bene
2036 3508 2278 3564 valentes
2300 3508 2531 3573 medico,
2572 3510 2666 3565 sed
2690 3510 2827 3564 male
2858 3508 3153 3564 habentes:
3185 3522 3290 3562 non
3321 3507 3449 3562 veni

1881 3609 1942 3655 ut
1988 3615 2239 3656 vocarem
2279 3600 2480 3670 justos,
2539 3602 2632 3657 sed
2699 3611 3012 3672 peccatores
3064 3602 3131 3656 ad
3175 3603 3444 3672 poeniten-

1881 3693 2011 3746 tiam
2039 3693 2081 3746 ⁸.
2104 3711 2124 3745 ι
2159 3691 2294 3748 Cum
2329 3693 2511 3763 itaque
2549 3708 2788 3763 praesens
2838 3710 2867 3748 a
2921 3695 3158 3765 propriis
3214 3695 3440 3765 angelis,

1880 3785 1988 3840 illis
2014 3785 2258 3855 inquam,
2295 3785 2389 3855 qui
2418 3785 2572 3856 prius
2614 3786 2864 3856 gentibus
2911 3786 3149 3857 praefecti
3207 3785 3441 3849 fuerant,

1880 3876 2031 3933 visus
2063 3887 2228 3944 esset,
2254 3877 2330 3931 illi
2356 3877 2615 3933 continuo
2657 3893 2814 3933 suum
2846 3879 3148 3947 adjutorem
3178 3892 3445 3948 suumque

1881 3967 2173 4023 Dominum
2203 3968 2402 4040 oppido
2429 3985 2589 4040 quam
2613 3977 2763 4025 certe
2792 3978 2955 4040 atque
2981 3972 3258 4039 explorate
3281 3987 3445 4042 agno.

1880 4065 2114 4122 scentes,
2144 4058 2379 4114 maxima
2409 4073 2532 4113 cum
2572 4059 2752 4114 latitia
2777 4068 3144 4125 accesserunt,
3165 4060 3322 4130 eique
3342 4063 3446 4115 mi-

1880 4150 2116 4206 nistrare
2135 4159 2439 4218 coeperunt,
2468 4151 2923 4221 quemadmodum
2972 4152 3056 4207 vel
3081 4167 3237 4207 sacra
3271 4152 3446 4207 Evan-

1880 4242 2004 4313 gelii
2035 4242 2193 4297 docet
2227 4240 2509 4314 Scriptura
2530 4243 2621 4298 ubi
2654 4243 2730 4297 ait
2760 4243 3089 4316 °:iAngelos
3121 4245 3442 4312 accessisse,

1877 4338 2037 4406 eique
2065 4338 2438 4393 ministrasse:
2469 4356 2486 4388 ι
2511 4337 2636 4391 item
2677 4336 2770 4391 ubi
2791 4346 3180 4392 commemorat
3215 4355 3235 4388 i
3259 4338 3444 4392 multi-

202 4445 363 4496 μενος
412 4428 717 4503 ἐχειροῦτο,
774 4428 851 4493 ὥς
896 4447 1046 4493 τινας
1101 4430 1551 4503 συναισθομένους
1599 4433 1777 4487 αὐτῶν

1884 4429 2125 4483 tudinem
2182 4428 2387 4482 militia:
2436 4428 2695 4491 cmlestis,
2761 4427 3101 4482 laudantium
3150 4427 3320 4485 Deum
3378 4445 3448 4487 ac

197 4520 406 4589 λέγειν’
466 4539 488 4572 ι
523 4523 657 4585 Ἔα,
710 4523 761 4574 τί
809 4524 941 4593 ἡμῖν
994 4524 1087 4577 καὶ
1135 4525 1249 4586 σοί,
1301 4524 1395 4577 Υἱὲ
1456 4524 1550 4578 τοῦ
1599 4525 1765 4593 Θεοῦ;

196 4604 362 4678 ἦλθες
392 4610 498 4681 πρ)
535 4610 729 4681 καιροῦ
764 4612 1045 4681 βασανίσαι
1075 4616 1253 4686 ἡμᾶς;
1293 4634 1309 4667 ι
1362 4616 1455 4668 καὶ
1499 4616 1556 4669 δὲ
1584 4617 1769 4670 τούσδε

201 4702 320 4768 μὲν,
383 4702 477 4753 καὶ
527 4701 596 4754 δι’
647 4696 721 4754 ὧν
769 4703 1004 4775 ἔπραττε
1053 4707 1146 4759 καὶ
1191 4707 1488 4773 ἐδίδασκεν,
1540 4710 1772 4781 ἰσχυρῶς

196 4792 453 4861 ᾐκίζετοο
510 4794 619 4846 πᾶν
673 4793 728 4846 δὲ
778 4795 838 4847 τὸ
887 4795 1225 4866 ἀνθρώπινον
1279 4799 1466 4866 γένος,
1521 4804 1633 4865 τοῖς
1691 4801 1779 4855 διὰ

194 4883 375 4952 λόγων
408 4876 636 4956 ἡμέρων
695 4886 787 4939 καὶ
840 4890 1130 4959 προσηνέσι
1182 4891 1509 4962 φαρμάκοις,
1554 4895 1674 4956 ταῖς
1717 4910 1776 4945 τε

195 4978 400 5047 πραέσι
437 4978 532 5029 καὶ
571 4984 994 5050 προτρεπτικαῖς
1038 4981 1201 5035 αύτοῦ
1234 4982 1619 5049 διδασκαλίαις,
1655 4987 1771 5040 ἰᾶτο

194 5072 289 5121 καὶ
329 5069 654 5139 ἐθεράπευε,
703 5073 871 5126 νόσων
909 5090 967 5125 τε
1008 5074 1274 5128 παντοίων
1318 5077 1410 5129 καὶ
1453 5077 1639 5132 παθῶν
1672 5082 1769 5151 ούχ

194 5157 359 5233 ἦττον
414 5162 683 5232 σωμάτων
735 5165 767 5236 ἢ
813 5165 999 5235 ψυχῶν
1060 5167 1393 5238 ἀπήλλαττε,
1428 5170 1659 5235 παλαιᾶς
1708 5189 1769 5225 τε

190 5255 618 5327 δεισιδαιμονίας
652 5259 742 5310 καὶ
772 5258 1040 5326 δειμάτων
1088 5258 1346 5313 πολυθέου
1399 5261 1629 5332 πλάνης,
1670 5263 1768 5332 τῆς

191 5363 253 5397 τε
318 5348 546 5417 αἰσχρᾶς
612 5349 705 5400 καὶ
745 5350 1041 5403 ἀκολάστου
1092 5349 1335 5422 διαίτης,
1378 5351 1582 5416 πάντας
1643 5355 1765 5417 τοὺς

192 5439 524 5507 προσιόντας
564 5439 882 5514 ἐλευθέρους
906 5444 1091 5512 ἀφεὶς,
1137 5441 1405 5511 μεθιστῶν
1439 5462 1497 5497 τε
1538 5446 1629 5497 καὶ
1667 5463 1763 5515 με-

190 5529 482 5585 ταϐάλλων
536 5534 663 5595 τοὺς
708 5534 857 5605 αὐτῷ
905 5536 1330 5606 προσανέχοντας
1358 5594 1359 5603 γ
1383 5538 1447 5589 ἐκ
1492 5538 1590 5608 μὲν
1638 5540 1765 5592 ἀκο-

191 5621 390 5685 λασίας
421 5623 512 5678 ἐπὶ
539 5625 791 5698 σώφρονα
828 5627 959 5697 βίον,
1000 5630 1061 5681 ἐκ
1100 5629 1156 5683 δὲ
1201 5629 1452 5693 ἀσεϐείας
1489 5630 1578 5682 ἐπὶ
1617 5630 1770 5683 εύσὲ-

277 5776 301 5806 ³
334 5775 477 5834 Deut.
506 5790 819 5847 “"5943.
893 5784 909 5815 "
944 5782 1083 5839 Psal.
1121 5779 1179 5851 ii,
1215 5785 1265 5849 7,
1294 5786 1344 5841 8.
1427 5786 1443 5816 ⁵
1470 5783 1599 5839 Luc.
1639 5802 1690 5852 v,
1720 5785 1778 5839 El

1884 5786 1909 5839 '2
2009 5787 2027 5819 ⁶
2059 5786 2251 5841 Matth.
2290 5786 2466 5853 iv,ll.

1876 4521 2173 4577 dicentium
2202 4536 2214 4571 :
2243 4519 2424 4574 Gloria
2479 4521 2532 4575 in
2588 4520 2869 4577 altissimis
2902 4521 3033 4583 Deo.
3095 4531 3149 4578 et
3194 4526 3250 4579 in
3300 4533 3445 4581 terra

1880 4630 2007 4686 pax,
2047 4612 2101 4666 in
2150 4611 2461 4667 hominibus
2512 4612 2654 4668 bona
2712 4614 2965 4670 voluntas
2998 4614 3087 4668 ⁷.»
3147 4614 3446 4686 Ηοεεὶεἱιυι·

1879 4714 2136 4775 tanquam
2185 4705 2433 4774 proprios
2472 4705 2713 4773 angelos,
2768 4706 2853 4760 sui
2909 4706 3081 4776 ipsius
3140 4706 3444 4777 indigentes

1876 4797 2063 4850 auxilii
2093 4799 2172 4851 sic
2211 4812 2341 4851 sane
2378 4796 2583 4865 recepit
2608 4812 2621 4847 :
2647 4796 2742 4867 qui
2764 4811 2892 4851 vero
2914 4797 3028 4868 jam
3052 4797 3144 4852 diu
3171 4797 3227 4851 in
3249 4797 3443 4852 mediis

1877 4888 2194 4942 hominibus
2225 4887 2583 4943 versabantur
2613 4895 2667 4943 et
2686 4887 3005 4953 volitabant,
3034 4888 3235 4958 quique
3269 4897 3321 4942 et
3344 4890 3442 4943 ob-

1877 4996 2038 5035 scure
2072 4988 2125 5034 et
2148 4979 2425 5036 evidenter
2447 4980 2502 5034 in
2531 4988 2676 5035 terra
2698 5019 2713 5045 ,
2743 4984 3042 5051 potentiam
3084 4990 3246 5051 atque
3270 4983 3441 5051 impe-

1876 5074 2018 5145 rium
2040 5073 2377 5139 obtinebant,
2422 5090 2518 5130 eos
2575 5076 2781 5145 ingenti
2833 5075 3123 5143 divinaque
3172 5082 3443 5144 potestate

1877 5165 2092 5235 fugatos
2125 5167 2359 5236 subegit,
2414 5167 2685 5243 dmmones
2729 5170 2915 5240 utique
2960 5168 3319 5238 perniciosos,
3375 5184 3440 5223 ac

1876 5260 2165 5329 spirituum
2198 5261 2488 5330 agrestium
2528 5269 2688 5331 atque
2744 5261 3031 5315 immitium
3066 5274 3285 5330 genera,
3331 5275 3439 5313 una

1874 5368 1996 5407 cum
2036 5368 2102 5408 eo
2132 5354 2223 5424 qui
2249 5355 2389 5409 inter
2419 5353 2519 5409 hos
2540 5353 2757 5407 malitia:
2813 5351 3173 5420 principatum
3205 5349 3435 5413 obtinet,

1873 5444 2226 5502 callidissimo
2269 5447 2517 5502 videlicet
2548 5446 2659 5507 illo.
2716 5454 2876 5515 atque
2930 5442 3299 5513 impurissimo
3328 5443 3439 5497 dae-

1874 5553 2054 5605 mone,
2090 5539 2232 5594 sicut
2264 5555 2451 5594 eorum
2510 5538 2754 5591 nonnulli
2810 5536 3105 5592 sentientes
3137 5536 3432 5591 dixerunt:

1880 5650 1900 5682 i
1926 5629 2065 5696 Quid
2095 5631 2250 5686 nobis
2275 5639 2328 5685 et
2362 5631 2480 5695 tibi,
2514 5628 2615 5683 Fili
2654 5629 2785 5684 Dei?
2818 5630 3012 5685 venisti
3071 5636 3195 5685 ante
3221 5640 3433 5700 tempus

2547 5795 2567 5826 τ
2596 5787 2729 5844 Luc.
2761 5806 2821 5857 ll,
2856 5790 2935 5847 l5.
2992 5789 3075 5842 Η.
