3914 6198
448 249 554 305 279

1108 249 1374 306 EUSEBII
1413 249 1892 305 CESABZENSIS
1928 245 2078 305 OPP.
2115 248 2310 306 PARS.
2353 251 2394 307 l.
2435 282 2504 292 —-
2540 249 3033 308 APOLOGETICA.

447 373 703 434 torquere
732 383 829 422 nos
849 367 908 418 ’Ὺ
934 386 951 417 ι
981 373 1035 420 et
1067 364 1165 417 hos
1192 363 1409 433 quidem
1435 379 1532 435 per
1559 379 1622 420 ea
1675 380 1796 434 qua:
1821 372 1876 419 et
1919 362 1981 416 fe-

2099 361 2274 429 ϐειαν,
2329 365 2418 418 καὶ
2469 364 2526 431 ἐξ
2571 365 2780 430 ἀδικίας
2837 365 2928 421 ἐπὶ
2986 363 3356 436 δικαιοσύνην,
3409 363 3497 416 ναὶ
3547 367 3654 436 μὴν

447 458 522 511 cit
547 466 599 512 et
627 457 809 512 docuit
835 455 1167 510 validissime
1204 456 1400 510 cecidit
1432 471 1446 508 :
1476 471 1634 512 omne
1672 465 1855 511 autem
1888 457 1989 509 hu-

445 562 668 601 manum
697 561 866 615 genus
891 545 1276 599 allocutionum
1330 547 1628 602 mansuetis
1654 562 1717 602 ac
1746 545 1994 617 placidis,

443 640 598 708 quasi
628 637 1059 700 medicamentis,
1095 640 1319 708 suisque
1349 639 1521 708 ipsius
1554 640 1766 694 blandis
1795 639 1994 694 exhor-

441 729 740 782 tationibus
771 743 835 782 ac
865 727 1203 784 documentis
1234 731 1466 794 sanavit,
1511 739 1564 786 et
1610 731 1679 785 ab
1700 732 1877 787 omnis
1909 747 1998 802 ge-

440 823 586 877 neris
634 822 840 877 morbis
871 838 932 876 ac
983 824 1500 894 perturbationibus,
1527 841 1633 879 non
1656 826 1834 879 minus
1869 841 1994 880 cor-

439 929 628 984 porum
656 929 816 982 quam
859 915 1161 970 animorum
1217 915 1502 970 liberavit:
1539 931 1771 986 cumque
1799 917 1866 970 ab
1898 931 1997 970 an-

437 1006 587 1075 tiqua
619 1007 1021 1075 superstitione,
1045 1021 1108 1061 ac
1137 1007 1435 1063 terroribus
1468 1023 1605 1078 quos
1645 1023 1802 1063 error
1855 1008 1995 1062 mul-

438 1096 686 1150 titudinis
730 1095 952 1152 deorum
985 1096 1258 1161 aﬁerebat,
1303 1103 1464 1166 atque
1491 1113 1521 1151 a
1557 1098 1703 1168 turpi
1743 1098 1996 1168 petulan-

415 1189 585 1258 ‘tique
616 1189 780 1251 victu,
824 1205 1012 1244 omnes
1044 1205 1102 1244 se
1147 1189 1407 1246 adeuntes
1439 1191 1648 1245 solutos
1677 1189 1989 1253 dimitteret,

434 1281 852 1350 traduceretque
883 1295 946 1334 ac
975 1289 1210 1335 mutaret
1257 1297 1373 1346 eos,
1413 1283 1506 1352 qui
1539 1284 1776 1352 seipsum
1806 1283 1992 1336 obser-

432 1381 641 1438 varent,
678 1388 707 1427 a
738 1374 866 1427 luxu
897 1372 961 1426 ad
994 1373 1333 1438 modestiam,
1366 1374 1434 1428 ab
1475 1375 1750 1444 impietate
1779 1374 1844 1428 ad
1877 1373 1994 1443 pie-

432 1471 618 1529 tatem,
643 1463 710 1518 ab
740 1464 1000 1534 injustitia
1041 1463 1198 1536 164
1217 1464 1283 1518 ad
1314 1464 1608 1534 justitiam,
1643 1481 1705 1520 ac
1734 1474 1990 1536 praeterea

430 1569 462 1608 a
485 1554 784 1609 crudelium
813 1555 1117 1610 daemonum
1147 1563 1433 1626 potestate,
1487 1557 1553 1611 ad
1587 1558 1823 1612 divinam
1852 1573 1991 1612 vera:

428 1647 644 1716 pietatis
675 1649 1233 1718 comprehensionem,
1266 1659 1540 1720 postremo
1587 1652 1824 1706 caelestis
1845 1651 1985 1711 vita},

2107 456 2199 508 καὶ
2233 458 2296 509 ἐκ
2332 457 2432 525 τῆς
2480 456 2588 510 τῶν
2637 458 2846 529 πικρῶν
2894 457 3160 529 δαιμόνων
3205 455 3516 519 δυναστείας
3561 458 3656 510 ἐπὶ

2103 546 2199 616 τὴν
2239 547 2416 600 ἔνθεον
2459 549 2756 619 κατάληψιν
2793 550 2889 620 τῆς
2925 548 3156 620 ἀληθοῦς
3204 547 3510 612 εὐσεϐείας·
3560 550 3654 602 καὶ

2103 638 2322 709 προσέτι
2353 639 2556 703 τούτοις
2593 640 2762 704 πύλας
2791 642 3036 713 οὐρανίου
3074 640 3216 713 ζωῆς
3235 682 3250 707 ,
3285 642 3377 695 καὶ
3405 642 3503 712 τῆς
3533 645 3654 705 κατ’

2102 731 2376 784 εὐσέϐειαν
2406 732 2744 797 διδασκαλίας
2770 738 2882 798 τοῖς
2913 735 3032 788 καθ’
3063 735 3188 805 ὅλης
3213 736 3312 806 τῆς
3337 737 3657 808 οὶκουμένης

2101 821 2275 874 ἔθνεσι
2315 825 2727 896 προϊσχόμενος·
2776 827 2868 880 καὶ
2891 830 2968 891 είς
3005 826 3251 879 τοσοῦτόν
3287 843 3352 894 γε
3389 827 3652 893 κάτεισιν,

2101 913 2174 976 ὡς
2209 915 2281 985 μὴ
2317 916 2473 984 μόνον
2510 917 2772 987 κάμνουσι
2809 919 2898 971 καὶ
2933 917 3180 988 χαλεπῶς
3215 918 3657 989 νοσηλευομένοις

2099 1005 2196 1069 τὰς
2236 1006 2412 1075 ψυχὰς
2469 1007 2567 1078 τὴν
2626 1009 2888 1080 σωτήριον
2952 1009 3134 1080 ὀρέξαι
3193 1010 3409 1076 δεξιὰν,
3456 1012 3556 1082 ῆδη
3594 1009 3656 1066 δὲ

2099 1096 2191 1148 καὶ
2229 1095 2288 1160 ἐξ
2333 1097 2508 1149 αὐτῶν
2547 1097 2654 1152 τῶν
2700 1098 2879 1152 πυλῶν
2929 1099 3022 1152 τοῦ
3069 1098 3296 1152 Θανάτου
3345 1101 3469 1162 τοὺς
3516 1103 3654 1170 ἡμι-

2099 1186 2324 1258 θνῆτας,
2368 1188 2400 1259 ἢ
2442 1189 2805 1260 καὶπάμπαν
2847 1190 3187 1255 ἀπολωλότας
3232 1193 3296 1244 ἐκ
3336 1191 3548 1262 μακροῦ
3591 1209 3656 1244 τε

2097 1279 2611 1350 κατορωρυγμένους
2637 1279 2742 1332 τῶν
2771 1280 2997 1334 θανάτου
3031 1281 3186 1335 λῦσαι
3220 1281 3455 1352 δεσμῶν·
3482 1282 3549 1334 δι’
3582 1284 3655 1355 ἣν

2100 1369 2330 1440 μάλιστα
2372 1372 2548 1425 αἰτίαν
2579 1374 2672 1426 καὶ
2706 1373 2864 1445 μέχρι
2903 1373 3010 1428 τῶν
3041 1373 3224 1426 αὐτόθι
3257 1375 3468 1446 χωρίων
3501 1375 3651 1446 ἐδέη-

2098 1479 2187 1515 σεν
2219 1461 2367 1533 αὐτῷ
2407 1464 2702 1534 ἐνεργείας,
2741 1465 2813 1528 ὡς
2846 1464 2910 1518 ἂν
2945 1463 3016 1535 μὴ
3053 1465 3208 1535 μόνον
3245 1464 3479 1530 ζώντων,
3516 1465 3658 1519 ἀλλά

2095 1555 2187 1607 καὶ
2237 1557 2442 1628 νεκρῶν
2496 1557 2849 1628 κυριεύσειεν.
2899 1557 3025 1610 Ὅτε
3079 1557 3175 1628 μὲν
3214 1554 3305 1610 οὖν
3347 1557 3426 1628 τῷ
3476 1559 3658 1631 Πατρὶ

2097 1645 2330 1709 σύνεστι,
2374 1647 2466 1699 καὶ
2500 1646 2600 1718 τὴν
2641 1647 2746 1701 τῶν
2779 1648 2912 1701 ὅλων
2943 1649 3194 1720 πρόνοιαν
3231 1649 3396 1720 ἐνθέῳ
3423 1649 3656 1721 δυνάμει

429 1740 800 1812 doctrinaeque
830 1743 1048 1816 pietatis
1076 1752 1284 1814 portas,
1311 1744 1562 1816 gentibus
1583 1760 1677 1816 per
1703 1752 1873 1798 totum
1900 1760 1981 1798 or-

2088 1737 2442 1810 διακυϐερνᾷ,
2486 1739 2713 1810 οὐρανοῦ
2753 1739 2914 1792 αὐτοῦ
2967 1741 3058 1793 καὶ
3099 1741 3201 1812 γῆς
3243 1740 3377 1811 ὁμοῦ
3411 1743 3504 1793 καὶ
3539 1741 3656 1794 τῶν

428 1832 549 1887 bem
577 1841 793 1902 apertas
820 1835 1150 1902 ostenderet,
1182 1850 1354 1904 usque
1375 1835 1509 1890 adeo
1527 1837 1764 1905 seipsum
1796 1835 1990 1891 demit-

429 1923 596 1989 lebat,
628 1933 686 1977 ut
705 1939 811 1978 non
829 1925 1004 1980 solum
1026 1926 1420 1990 laborantibus,
1445 1929 1786 1998 graviterque
1809 1929 1990 1984 animo

429 2015 818 2083 aegrotantibus
846 2016 1137 2071 salutarem
1174 2017 1420 2073 dextram
1450 2018 1773 2088 porrigeret,
1802 2035 1987 2074 verum

426 2106 588 2160 etiam
626 2106 693 2164 de
723 2109 856 2178 ipsis
881 2109 993 2179 jam
1029 2112 1202 2182 portis
1232 2110 1426 2167 mortis
1475 2115 1876 2178 semimortuus,
1906 2116 1988 2170 vel

425 2209 519 2250 eos
540 2212 757 2269 quoque
813 2199 907 2269 qui
969 2201 1186 2272 penitus
1220 2202 1588 2267 interiissent,
1636 2203 1856 2274 jamque
1895 2205 1988 2258 diu

425 2287 621 2357 sepulti
651 2300 854 2355 essent,
889 2305 918 2344 a
950 2294 1143 2348 mortis
1172 2294 1407 2349 vinculis
1453 2294 1716 2350 solveret:
1770 2305 1990 2366 propter

421 2392 586 2448 quam
617 2382 849 2437 maxime
873 2399 1115 2449 causam,
1169 2384 1372 2438 illifuit
1411 2400 1549 2456 Opus
1585 2387 1650 2440 ad
1675 2387 1764 2440 illa
1816 2403 1988 2457 usque

423 2473 541 2526 ioca
579 2473 870 2528 efficaciam
903 2476 1096 2547 agendi
1145 2492 1462 2547 propagare,
1517 2486 1574 2530 ut
1596 2477 1846 2533 videlicet
1877 2495 1986 2534 non

423 2566 596 2620 solum
617 2567 671 2620 in
699 2567 853 2633 vivis,
881 2584 1064 2623 verum
1088 2570 1248 2623 etiam
1271 2573 1324 2624 in
1347 2571 1576 2626 mortuis
1593 2569 1983 2631 dominaretur.

421 2654 558 2709 Dum
589 2657 752 2726 igitur
777 2673 900 2711 cum
928 2657 1086 2714 Patre
1111 2668 1214 2726 est,
1247 2667 1407 2729 atque
1437 2661 1672 2717 universi
1697 2662 1986 2731 providen-

421 2745 554 2800 tiam
580 2746 761 2802 divina
805 2748 1003 2804 virtute
1034 2749 1414 2815 administrat,
1445 2753 1642 2807 coelum
1673 2753 1849 2824 ipsum
1878 2769 1982 2809 una

421 2854 547 2895 cum
581 2847 744 2906 terra,
779 2849 832 2897 et
861 2851 1084 2898 naturas
1113 2860 1232 2914 quae
1260 2845 1316 2900 in
1360 2841 1470 2900 illis
1507 2847 1871 2912 continentur,
1904 2857 1984 2902 at-

420 2946 527 3002 que
557 2947 648 2987 eas
674 2948 795 3003 quae
819 2949 985 3004 supra
1011 2935 1208 2990 cmlum
1243 2935 1638 3006 intelliguntur,
1674 2936 1887 2992 divinas
1929 2944 1983 2992 et

420 3024 770 3094 incorporeas
823 3033 1006 3081 tuetur
1050 3033 1104 3082 et
1157 3034 1334 3092 curat,
1365 3027 1460 3083 Dei
1492 3027 1749 3094 Verbum,
1805 3040 1858 3085 et
1887 3028 1980 3085 Dei
2007 3051 2054 3115 ε

422 3116 710 3186 sapientia,
752 3127 807 3173 et
855 3117 949 3174 Dei
984 3121 1178 3184 virtus,
1238 3128 1292 3175 et
1346 3121 1621 3191 princeps,
1660 3131 1714 3178 et
1762 3121 1893 3184 dux,
1926 3129 1980 3177 et

418 3221 535 3262 rex.
557 3209 700 3274 Quin
723 3209 882 3264 etiam
907 3216 961 3264 et
992 3209 1134 3265 Deus
1155 3220 1208 3265 et
1238 3207 1499 3267 Dominus
1529 3213 1583 3266 in
1630 3211 1826 3266 divinis
1857 3227 1981 3266 ora-

418 3298 558 3354 culis
586 3314 710 3354 cum
741 3300 898 3355 laude
922 3309 975 3356 et
1001 3302 1171 3372 gloria
1200 3304 1534 3366 nominatur,
1567 3312 1620 3358 et
1650 3304 1981 3361 illuminator

417 3390 636 3460 quidem
693 3391 1136 3463 incorporearum
1193 3393 1712 3466 intelligentiumque
1757 3405 1978 3451 natura-

417 3497 559 3536 rum.
597 3481 689 3536 Sol
719 3485 1090 3555 verojustitiaz
1119 3499 1182 3539 ac
1204 3485 1648 3563 lumen‘veritatis
1670 3495 1754 3542 est
1773 3487 1974 3552 dictus,

417 3574 511 3644 qui
560 3574 832 3630 subservit
899 3585 1060 3646 atque
1110 3592 1326 3646 operam
1362 3591 1518 3633 suam
1570 3579 1837 3634 immiscet
1886 3596 1978 3651 pa-

416 3667 587 3721 ternis
615 3665 1080 3736 dispositionibus.
1112 3684 1178 3723 ex
1203 3683 1311 3740 quo
1347 3678 1401 3724 et
1429 3667 1609 3726 Patris
1639 3669 1886 3726 minister
1925 3680 1976 3727 et

416 3755 595 3827 opifex
627 3768 987 3828 nuncupatur.
1038 3758 1200 3814 Solus
1230 3773 1360 3815 vero
1413 3766 1565 3816 certo
1605 3760 1796 3815 ordine
1828 3762 1976 3816 novit

417 3845 528 3904 Deo
556 3847 948 3918 obtemperare,
1005 3849 1098 3920 qui
1153 3849 1317 3904 etiam
1373 3849 1617 3904 medicus
1665 3849 1970 3914 intercedit,

416 3943 560 3997 inter
583 3940 750 3998 Deum
771 3943 860 4012 qui
875 3943 1088 4013 genitus
1110 3957 1219 3997 non
1248 3949 1351 4004 est,
1381 3951 1434 3996 et
1467 3956 1558 3997 eas
1584 3957 1673 3998 res
1700 3956 1820 4012 quae
1853 3953 1974 4012 post

415 4035 592 4105 ipsum
617 4033 809 4104 genita:
831 4044 979 4098 sunt,
1022 4034 1115 4104 qui
1143 4033 1728 4090 universicurationem
1761 4049 1974 4090 assum-

415 4126 546 4196 psit,
577 4135 628 4180 et
661 4127 812 4180 Patri
843 4143 938 4196 pro
964 4127 1218 4181 omnibus
1265 4126 1358 4196 qui
1395 4125 1472 4180 illi
1505 4134 1694 4196 parent
1716 4133 1800 4181 est
1840 4142 1974 4182 con-

416 4222 662 4271 Ieci-atus
680 4215 934 4284 solusque
965 4215 1114 4269 illum
1143 4215 1395 4269 omnibus
1419 4215 1603 4271 mitem
1655 4214 1973 4286 propitium-

415 4323 523 4377 que
568 4306 768 4372 reddit,
821 4307 914 4377 qui
977 4306 1224 4363 Pontifex
1282 4315 1538 4370 alternus,
1595 4323 1661 4363 ac
1709 4314 1970 4378 praaterea

2089 1832 2146 1882 ἐν
2187 1829 2392 1893 τούτοις
2435 1831 2832 1902 περιεχομένων
2879 1831 3090 1900 φύσεων
3143 1831 3249 1884 τῶν
3285 1847 3345 1883 τε
3391 1830 3657 1885 ἐπέκεινα

2087 1922 2312 1993 οὐρανοῦ
2357 1923 2513 1976 θείων
2545 1925 2637 1977 καὶ
2669 1924 2968 1994 ἀσωμάτων
3004 1923 3197 1977 οὐσιῶν
3241 1925 3528 1978 ἐπισκοπεῖ
3553 1926 3658 1979 καὶ

2089 2013 2404 2084 ἐπιμέλεται
2441 2013 2575 2068 Θεοῦ
2609 2015 2810 2084 Λόγος,
2856 2015 2950 2068 καὶ
2977 2015 3110 2068 Θεοῦ
3151 2018 3342 2086 σοφία,
3388 2020 3481 2072 καὶ
3509 2018 3654 2072 Θεοῦ

2087 2103 2312 2174 δύναμις
2363 2104 2542 2175 ἄρχων
2602 2121 2660 2158 τε
2713 2105 2803 2158 καὶ
2855 2105 3154 2177 ἡγούμενος
3221 2108 3314 2161 καὶ
3371 2108 3653 2177 βασιλεύς.

2090 2194 2227 2264 Ἤδη
2259 2193 2314 2246 δὲ
2341 2196 2434 2248 καὶ
2462 2195 2590 2258 Θεὸς
2621 2197 2714 2248 καὶ
2738 2195 2936 2267 Κύριος
2963 2198 3020 2249 ἐν
3050 2200 3162 2261 τοῖς
3191 2197 3354 2262 θείοις
3380 2204 3657 2272 χρησμοῖς

2087 2287 2475 2358 ἀνευφημεῖται
2502 2327 2516 2352 ,
2569 2288 2663 2342 καὶ
2716 2289 2961 2357 φωτίζων
3017 2291 3114 2361 μέν
3171 2292 3270 2354 τὰς
3322 2293 3654 2364 ἀσωμάτους

2086 2376 2178 2428 καὶ
2216 2376 2405 2446 νοεράς
2443 2376 2650 2445 φύσεις.
2696 2376 2883 2440 ’Ἥλιος
2931 2377 2986 2431 δέ
3023 2379 3362 2452 δικαιοσύνης
3398 2384 3492 2436 καὶ
3529 2383 3656 2452 φῶς

2086 2459 2338 2531 ἀληθινὸν
2404 2463 2683 2534 ἀνείρηται
2702 2502 2717 2526 ,
2773 2466 3060 2536 ὑπουργῶν
3113 2468 3169 2521 δέ
3219 2471 3312 2523 καὶ
3369 2473 3656 2542 συνεργῶν

2084 2555 2202 2616 ταῖς
2229 2551 2323 2606 τοῦ
2352 2554 2564 2626 Πατρὸς
2615 2555 2938 2623 διατάξεσιν,
2994 2560 3262 2630 ὑπουργὸς
3305 2561 3397 2614 τοῦ
3431 2564 3658 2635 Πατρὸς

2084 2645 2178 2697 καὶ
2221 2645 2548 2716 δημιουργὸς
2591 2649 2932 2720 χρηματίζει.
2993 2652 3150 2705 Ἀλλὰ
3191 2653 3281 2707 καὶ
3315 2655 3472 2724 μόνος
3503 2656 3659 2710 κατά

2083 2736 2233 2804 τάξιν
2275 2737 2430 2802 εἰδὼς
2458 2739 2776 2812 θεραπεύειν
2807 2742 2958 2808 Θεὸν,
2996 2744 3157 2815 μέσος
3197 2763 3255 2798 τε
3295 2746 3464 2810 ἑστὼς
3507 2748 3655 2802 Θεοῦ

2083 2828 2173 2881 τοῦ
2219 2831 2510 2902 ἀγεννήτου
2548 2833 2640 2884 καὶ
2675 2832 2781 2885 τῶν
2811 2835 2928 2905 μετ’
2959 2835 3118 2889 αὐτὸν
3161 2837 3418 2906 γενητῶν,
3447 2840 3548 2911 τήν
3581 2857 3656 2892 τε

2083 2921 2188 2974 τῶν
2235 2920 2371 2976 ὅλων
2412 2920 2831 2994 ἀναδεδεγμένος
2879 2927 3165 2998 φροντίδα,
3208 2929 3302 2982 καὶ
3351 2930 3489 3000 ὑπὲρ
3531 2931 3658 2984 τῶν

2083 3014 2335 3086 ὑπηκόων
2377 3015 2627 3071 ἁπάντων
2670 3017 2958 3090 ἱερώμενος
2997 3020 3075 3091 τῷ
3109 3022 3311 3092 Πατρὶ,
3345 3023 3436 3076 καὶ
3478 3024 3658 3094 μόνος

2082 3107 2242 3160 αὐτὸν
2269 3111 2382 3172 τοῖς
2414 3110 2577 3162 πᾶσιν
2609 3111 2809 3182 εὐμενῆ
2846 3112 2941 3165 καὶ
2969 3111 3123 3165 ἵλεων
3155 3114 3428 3184 παρέχων,
3455 3115 3657 3186 ἀρχιε-

2082 3202 2209 3274 ρεὺς
2239 3199 2473 3267 αἰώνιος,
2518 3205 2609 3257 καὶ
2644 3205 2707 3276 δὴ
2737 3205 2968 3276 Χριστὸς
3001 3205 3095 3259 τοῦ
3127 3191 3339 3279 Πατρὸς
3372 3225 3657 3279 προσαγο-

2083 3293 2315 3364 ρεύεται,
2343 3293 2484 3347 οὓτω
2512 3296 2604 3350 καὶ
2633 3289 2900 3368 Ἑϐραίοις
2925 3297 3170 3369 Χριστῶν
3199 3299 3656 3370 ἐπικαλουμένων

2078 3389 2244 3442 πάλαι
2286 3387 2394 3441 τῶν
2439 3388 2534 3460 τὴν
2573 3390 2756 3444 είκόνα
2810 3389 2905 3442 τοῦ
2961 3390 3176 3463 πρώτου
3223 3391 3312 3445 διὰ
3355 3393 3657 3462 συμϐόλων

2079 3481 2484 3536 ἐπιτελούντων.
2534 3484 2644 3536 Καὶ
2699 3484 2787 3538 ὅτε
2842 3485 2940 3554 μὲν
3013 3483 3263 3558 ἀγγέλοις
3332 3485 3658 3557 ταξιαρχῶν

2078 3574 2371 3637 ἐπιστατεῖ,
2429 3574 2668 3645 μεγάλης
2724 3574 2920 3646 βουλῆς
2957 3575 3184 3643 ἄγγελος
3221 3575 3654 3647 ἀναγορεύεται,

2077 3663 2294 3718 καὶτῶν
2323 3666 2442 3717 κατ’
2465 3664 2688 3737 οὐρανὸν
2712 3664 2976 3736 στρατιῶν
2998 3666 3130 3736 ήγού
3140 3682 3318 3736 μενος,
3343 3666 3658 3738 ἀρχιστρά-

2074 3771 2237 3824 τηγος
2264 3755 2541 3826 δυνάμεως
2582 3755 2783 3826 Κυρίου
2814 3751 2977 3809 εἶναι·
3024 3756 3123 3827 ἤδη
3146 3757 3204 3810 δέ
3232 3757 3428 3811 κατιὼν
3450 3759 3540 3810 ἐπὶ
3569 3760 3654 3813 τὰ

2075 3849 2218 3918 τῇδε,
2259 3847 2415 3919 ἡμῶν
2441 3865 2500 3901 τε
2525 3848 2701 3902 αὐτῶν
2731 3849 2830 3920 τῆς
2864 3849 3086 3919 λογικῆς
3136 3848 3375 3918 φύσεως,
3431 3851 3530 3919 τῆς
3575 3868 3653 3904 τε

2079 3940 2210 4004 ιδίας
2241 3939 2424 4004 αὐτοῦ,
2454 3941 2612 4014 χάριν
2642 3942 2866 4008 εἰκόνος,
2899 3941 3275 4014 φιλανθρωπίᾳ
3301 3942 3393 3995 τοῦ
3423 3943 3653 4014 Πατρὸς

2075 4033 2618 4105 ἀντιλαμϐανόμενος,
2672 4033 2806 4087 καθὸ
2847 4033 2949 4104 μὲν
2987 4032 3130 4087 ἔοικε
3171 4036 3378 4105 νηπίων
3422 4033 3648 4105 ἄρχειν,

2074 4124 2166 4177 καὶ
2224 4126 2384 4178 οἱονεὶ
2436 4125 2830 4197 βοσκημάτων,
2882 4127 3084 4198 ποιμὴν
3137 4127 3442 4198 ὠνόμασται
3499 4144 3655 4198 προ-

2075 4217 2279 4271 ϐάτων·
2337 4218 2470 4273 καθὸ
2524 4218 2580 4271 δὲ
2637 4217 2822 4290 ψυχῶν
2883 4219 3139 4291 ἐμπαθῶν
3192 4220 3290 4291 τὴν
3339 4219 3652 4289 Θεραπείαν

2077 4309 2484 4378 ἐπαγγέλλεται,
2508 4309 2693 4382 Σωτὴρ
2719 4311 2811 4364 καὶ
2842 4311 3022 4384 ἰατρὸς
3057 4311 3279 4374 εἰκότως
3317 4311 3380 4364 ἂν
3403 4311 3646 4380 λέγοιτο.

415 4396 665 4453 Christus
704 4397 879 4453 Patris
935 4406 1179 4452 vocatur.
1239 4396 1329 4453 Sic
1379 4398 1524 4452 enim
1544 4397 1686 4469 apud
1718 4397 1970 4455 Hebraeos

2083 4399 2244 4454 Τοῦτο
2285 4400 2478 4472 γοῦνὴ
2519 4403 2649 4472 παρ’
2699 4400 2966 4473 Ἑϐραίοις
3012 4400 3104 4456 τοῦ
3161 4402 3332 4473 Ἰησοῦ
3378 4403 3649 4474 σημαίνει.

416 4489 545 4542 olim
584 4489 1012 4558 appellabantur,
1043 4487 1140 4558 qui
1168 4487 1455 4558 imaginem
1495 4489 1657 4559 primi
1701 4505 1798 4562 per
1825 4505 1974 4560 quaa-

415 4582 538 4636 dam
572 4583 724 4652 signa
757 4580 1081 4647 referebant,
1121 4597 1186 4637 ac
1233 4583 1363 4638 dum
1415 4585 1728 4655 angelorum
1757 4583 1974 4653 quidem

311 4701 316 4706 ο
415 4675 700 4732 ordinibus
739 4677 988 4744 imperat,
1015 4685 1175 4745 atque
1213 4676 1279 4732 iis
1327 4685 1542 4747 praeest,
1577 4677 1754 4748 magni
1794 4676 1976 4732 consi-

414 4767 472 4819 lii
529 4766 756 4836 angelus
779 4781 901 4822 esse
927 4765 1148 4829 dicitur,
1209 4773 1263 4821 et
1325 4767 1530 4821 militia:
1566 4766 1806 4822 caelestis
1837 4766 1970 4830 dux,

415 4870 479 4910 ac
538 4847 808 4913 martimus
857 4857 1135 4928 copiarum
1191 4857 1401 4914 Domini
1461 4860 1774 4930 imperator.
1835 4857 1972 4913 Dum

426 4963 554 5004 vero
585 4951 651 5005 ad
690 4951 806 5006 haec
837 4957 1025 5006 nostra
1085 4950 1386 5016 descendit,
1429 4960 1777 5022 nostramque
1825 4953 1974 5022 ipso-

413 5057 536 5096 rum
562 5043 880 5098 rationalem
913 5050 1181 5108 naturam,
1240 5053 1292 5099 et
1335 5061 1448 5100 sua:
1500 5045 1752 5116 imaginis
1782 5059 1968 5109 causa,

413 5141 468 5187 et
499 5133 738 5189 bonitate
775 5132 950 5190 Patris
976 5135 1226 5198 assumit,
1285 5151 1351 5190 ex
1385 5151 1493 5206 quo
1545 5151 1677 5192 sane
1731 5136 1974 5207 parvulis

415 5230 578 5292 atque
651 5224 1078 5295 insipientibus,
1161 5240 1226 5280 ac
1302 5228 1689 5298 propemodum
1761 5230 1972 5298 pecori-

415 5312 517 5368 bus
565 5315 834 5386 imperare
857 5317 1086 5382 videtur,
1143 5327 1330 5386 pastor
1383 5318 1568 5374 ovium
1625 5319 1804 5376 dictus
1861 5330 1966 5379 est.

415 5403 696 5470 Quatenus
747 5423 876 5464 vero
939 5409 1243 5464 animarum
1283 5411 1656 5479 mgrotantium
1705 5413 1970 5470 medelam

412 5496 723 5563 pollicetur,
774 5499 970 5555 merito
1034 5498 1284 5558 Salvator
1338 5515 1398 5556 ac
1466 5501 1709 5560 medicus
1747 5503 1966 5562 dicitur.

485 5664 715 5721 ‘Matth.
755 5685 870 5736 vut,
907 5671 999 5727 29.

2079 4492 2432 4565 προσηγορία.
2489 4493 2638 4546 Ἐπεὶ
2683 4493 2740 4546 δὲ
2777 4493 2884 4546 ἔδει
2920 4493 3046 4547 ποτὲ
3096 4495 3189 4548 καὶ
3220 4495 3367 4564 αὐτῷ
3397 4496 3648 4564 ὀργάνου

2038 4582 2431 4654 ἀνθρωπίνου,
2479 4582 2554 4646 ὡς
2595 4582 2661 4636 ἂν
2701 4582 2793 4636 καὶ
2839 4582 3141 4654 ἀνθρώποις
3185 4587 3372 4639 ἐαυτὸν
3421 4589 3644 4657 φήνειε,

2073 4676 2168 4729 καὶ
2203 4677 2300 4747 τῆς
2339 4675 2432 4729 τοῦ
2465 4675 2678 4746 Πατρὸς
2709 4673 3050 4743 ἐπιγνώσεως
3089 4677 3182 4730 καὶ
3214 4678 3494 4741 εὐσεϐείας
3543 4681 3646 4734 τὸν

2071 4769 2243 4841 ἀληθῆ
2273 4769 2426 4840 λόγον
2449 4769 2695 4834 διδάξειε,
2727 4774 2820 4826 καὶ
2853 4770 3038 4824 τοῦτον
3065 4771 3164 4824 οὐκ
3191 4771 3511 4842 ἀπαρνείται
3541 4774 3645 4827 τὸν

2071 4861 2298 4934 τρόπον·
2338 4862 2528 4926 ἐπιϐὰς
2559 4861 2614 4916 δέ
2645 4858 2704 4916 εὖ
2739 4863 2879 4935 μάλα
2907 4868 2970 4935 τῇ
3000 4865 3241 4935 ἡμετέρᾳ.
3263 4865 3441 4932 φύσει,
3487 4865 3644 4937 πάρ-

2072 4969 2208 5005 εισιν
2232 4952 2311 5017 είς
2345 4952 2682 5022 ἀνθρώπους,
2729 4953 2859 5007 Θεὸν
2881 4954 2945 5008 δι’
2971 4955 3254 5025 ἀνθρώπου
3277 4957 3416 5026 μέγα
3438 4956 3643 5028 θαῦμα

2071 5046 2180 5106 τοῖς
2209 5045 2372 5096 πᾶσιν
2401 5043 2862 5115 ἐπιδεικνύμενος·
2895 5046 2970 5110 ὡς
3006 5047 3072 5100 ἂν
3109 5047 3368 5119 μὴ.μόνον
3398 5047 3455 5112 ἐξ
3496 5051 3648 5118 ἀφα-

2070 5132 2192 5197 νοῦς
2224 5134 2316 5187 καὶ
2347 5133 2540 5204 ἀδήλου
2586 5133 2821 5204 ἄσαρκος
2850 5137 2925 5199 ὠς
2961 5136 3053 5189 καὶ
3093 5136 3378 5207 ἀσώματος
3405 5139 3646 5192 ἐπιστα-

2068 5225 2207 5295 τοίη,
2236 5227 2415 5289 αὐτοῖς
2437 5224 2491 5278 δὲ
2519 5225 2718 5296 σαρκὸς
2742 5225 2981 5296 ὄμμασιν
3003 5224 3294 5298 ὁρώμενος,
3323 5227 3641 5302 ἀνθρώπων

2067 5335 2127 5372 τε
2179 5317 2474 5388 ὀφθαλμοῖς
2522 5317 2614 5371 καὶ
2667 5319 2806 5388 ὺπέρ
2855 5319 3138 5391 άνθρωπον
3183 5321 3641 5396 θαυματουργίας

2069 5410 2322 5481 παρέχων
2353 5411 2504 5481 όρᾷν,
2535 5410 2631 5464 καὶ
2659 5412 2879 5482 προσέτι
2921 5411 3166 5483 σώματος
3193 5415 3382 5480 ἀκοαῖς
3408 5415 3508 5480 τὰς
3536 5417 3642 5473 διὰ

2069 5500 2309 5574 γλώττης
2342 5503 2434 5558 καὶ
2473 5503 2654 5574 φωνῆς
2700 5503 2959 5575 ἐνάρθρου
2999 5504 3329 5576 παραδιδοὺς
3367 5507 3636 5563 διδασκα-

3549 249 3652 303 2so
3733 237 3740 242 ’
