3930 6202
235 228 351 286 921
514 240 517 241 ⁷
1151 227 1800 286 ΒΕΜΟΝδΤΒΑΊΊΟΝΙδ
1836 229 2293 287 ΕΥΑΝΟΕΗΟΛΕ
2327 232 2455 289 LIB.
2490 230 2578 288 IV.
3345 227 3451 281 282

230 346 383 410 λιας,
429 343 569 398 θεῖόν
614 362 672 398 τε
713 342 789 409 ὡς
827 344 1038 416 ἀληθῶς
1088 347 1182 400 καὶ
1234 347 1533 419 παράδοξον
1584 348 1782 419 χρῆμαἼ

1902 347 2056 420 165
2096 346 2208 404 Hoc
2246 350 2391 403 enim
2432 349 2572 418 apud
2598 346 2849 401 Hebraeos
2888 344 3017 400 Jesu
3052 345 3339 415 appellatio
3371 347 3449 401 si-

229 431 348 487 οἷον
379 434 487 488 οὐδ’
515 433 645 488 ἄλλο
679 454 764 489 πω
792 437 951 505 φανὲν
983 439 1409 508 μνημονεύεται,
1442 422 1705 511 σωτήριόν
1734 457 1781 492 τε

1896 443 2132 513 gniﬁcat.
2158 442 2444 505 Caeterum,
2473 457 2596 498 cum
2618 441 2717 511 ipsi
2743 441 2980 494 humano
3008 455 3221 509 quoque
3243 440 3448 494 instru-

229 525 373 596 ὁμοῦ
414 525 508 580 καὶ
554 526 896 597 εὐεργετικὸν
935 532 1044 592 τοῖς
1087 532 1252 583 πᾶσιν
1287 533 1448 596 αὐτὸς
1486 533 1673 585 ἑαυτὸν
1707 535 1781 585 ὲν-

1895 542 2076 587 mento
2108 548 2246 605 opus
2283 545 2445 595 esset.
2480 548 2591 602 quo
2658 533 2821 588 etiam
2855 532 3163 588 hominibus
3209 534 3447 601 seipsum

230 620 599 690 δεικνύμενος.
632 620 786 674 Οὕτω
816 623 945 692 δῆτα
981 625 1008 676 ό
1039 624 1169 687 θεὸς
1196 626 1224 677 ὀ
1248 625 1416 694 Λόγος
1450 626 1563 690 υίὸς
1590 626 1782 697 ἀνθρὼ-

1894 622 2223 686 ostenderet,
2255 622 2543 693 Patrisque
2572 623 2654 679 sui
2679 624 3001 694 agnoscendi
3035 631 3088 678 et
3117 624 3328 678 colendi
3353 640 3446 677 ve-

230 724 337 759 που
378 708 612 775 ἐλέγετο,
645 710 737 761 καὶ
783 711 986 782 Ἰησοῦς
1021 712 1346 784 ὠνομάζετο,
1379 718 1507 787 παρ’
1536 718 1657 770 ὅσον
1695 717 1782 787 τῆς

1894 728 2008 765 ram
2038 714 2298 768 rationem
2336 713 2581 776 doceret,
2616 728 2682 766 ne
2727 713 2870 767 hunc
2918 712 3132 783 quidem
3178 712 3445 765 recusavit

225 798 341 850 τῶν
381 797 733 869 ἀνθρωπίνων
778 799 961 869 ψυχῶν
1014 801 1206 865 ἰάσεώς
1255 820 1312 855 τε
1362 804 1455 857 καὶ
1502 804 1777 876 θεραπείας

1894 804 2132 867 modum,
2164 804 2254 859 sed
2291 803 2665 860 strenuissime
2698 813 2943 857 naturam
2966 814 3206 858 nostram
3236 802 3445 872 ingreso

230 889 392 958 χάριν
419 888 518 957 τὴν
552 887 777 955 πάροδον
807 892 885 952 εἰς
914 891 1057 960 ἡμᾶς
1091 892 1344 946 ἐποιεῖτο.
1391 895 1579 965 Σωτὴρ
1627 896 1670 948 δ’
1701 893 1782 949 οὖν

1894 910 2007 957 sus,
2040 895 2105 948 ad
2136 895 2381 949 homines
2408 895 2657 961 accessit,
2689 910 2751 948 ac
2780 893 2944 948 Deum
2987 893 3220 946 hominis
3244 891 3444 961 specie,

231 977 324 1031 καὶ
360 978 487 1047 παρ’
530 978 798 1048 Ἑϐραίοις
838 980 1251 1053 ὲρμηνεύεταιή
1290 982 1381 1035 τοῦ
1420 984 1589 1053 Ἰησοῦ
1627 1002 1783 1056 προσ-

1896 985 2082 1054 ingens
2126 986 2446 1039 miraculum
2486 985 2742 1047 ostendit,
2781 992 2838 1037 ut
2868 1000 2974 1037 non
3010 984 3183 1038 solum
3216 983 3448 1038 obscure

228 1070 449 1137 ηγορία.
522 1069 630 1132 Τάς
675 1087 732 1122 τε
786 1071 969 1135 κοινὰς
1014 1074 1140 1143 ἡμῖν
1192 1075 1447 1143 ὑπέμεινε
1495 1076 1780 1147 διατριϐὰς,

1895 1091 1953 1129 ac
1976 1077 2222 1139 latenter,
2254 1076 2371 1130 sine
2403 1091 2563 1130 carne
2583 1085 2634 1130 et
2667 1076 2783 1130 sine
2806 1089 3030 1143 corpore
3053 1079 3326 1143 praeesset.
3354 1087 3447 1127 νει

226 1161 477 1230 οὐδαμῶς
516 1163 610 1232 μὲν
646 1162 738 1215 τοῦ
782 1157 919 1216 εἶναι
963 1165 1021 1227 ὃς
1055 1161 1121 1237 ἦν
1158 1166 1523 1237 ἐξιστάμενος,
1554 1167 1687 1238 ὁμοῦ
1732 1169 1778 1222 δὲ

1895 1184 2009 1222 rum
2040 1168 2172 1236 ipsis
2204 1184 2417 1237 quoque
2454 1169 2731 1237 corporeis
2779 1167 3054 1221 obtutibus
3092 1176 3296 1235 patens,
3351 1162 3447 1217 ho-

226 1255 283 1307 ἐν
318 1253 395 1324 τῷ
429 1253 695 1325 ἀνθρώπῳ
732 1256 1007 1324 φυλάττων
1044 1258 1133 1310 τὸν
1170 1259 1318 1313 Θεόν.
1364 1260 1537 1323 Εὐθὺς
1572 1277 1778 1330 τοιγαρ-

1893 1261 2205 1329 minimique
2247 1260 2421 1314 oculis
2476 1260 2735 1313 miracula
2781 1274 2901 1330 quae
2953 1272 3118 1327 supra
3170 1255 3445 1310 hominem

224 1341 318 1393 οὖν
364 1344 457 1395 ἐπὶ
495 1344 593 1413 τῆς
635 1344 855 1416 πρώτης
888 1348 965 1408 είς
1004 1346 1317 1418 ἀνθρώπους
1371 1350 1672 1421 καταϐολῆς
1710 1349 1776 1421 τᾷ

1894 1358 2016 1405 sunt
2068 1352 2330 1405 exhibens
2376 1350 2662 1415 intuenda,
2709 1352 2788 1405 sic
2832 1350 3047 1420 quidem
3090 1348 3155 1401 ad
3198 1345 3446 1416 corporis

224 1433 346 1503 Θεῷ
373 1435 473 1505 τῆς
496 1436 766 1507 ἡμετέρας
788 1439 1049 1506 γενέσεως
1085 1442 1180 1511 τὴν
1210 1441 1385 1495 ἔνθεον
1411 1443 1673 1513 άνακιρνᾷ
1701 1459 1776 1511 με

1894 1443 2053 1497 etiam
2086 1458 2266 1505 aures,
2323 1442 2539 1512 linguae,
2582 1442 2836 1511 vocisque
2881 1441 3180 1494 articulatm
3218 1438 3446 1507 fungens

220 1526 572 1597 γαλουργίαν,
598 1529 910 1598 τικτόμενος
940 1531 1035 1601 μὲν
1066 1533 1193 1602 ἡμῖν
1220 1532 1438 1602 ὁμοίως,
1467 1533 1559 1584 καὶ
1593 1532 1772 1603 θνητοί

1895 1534 2083 1598 oﬂicio,
2129 1535 2451 1589 documenta
2498 1534 2806 1588 hominibus
2851 1534 3132 1603 prmberet,
3175 1531 3447 1586 divinum-

217 1615 379 1686 δίκην
408 1617 687 1688 ἄνθρωπον
713 1621 1158 1692 ἀμφιεννύμενος,
1187 1624 1261 1687 ὡς
1295 1624 1350 1675 δ’
1372 1624 1551 1677 οὐκέτι
1578 1624 1769 1695 ἄνθρω-

1895 1641 1991 1693 ιιυθ
2036 1639 2224 1678 revera
2263 1631 2424 1693 atque
2477 1622 2793 1677 admirabile
2842 1622 3240 1692 spectaculum,
3287 1620 3447 1688 quale

219 1681 341 1770 m;,
368 1681 676 1773 alii-65%;,
700 1681 1047 1783 ἐέάχράντου
1077 1681 1169 1767 καί
1194 1681 1564 1787 ἀπειρογάμου
1592 1681 1771 1788 κόρης,

1895 1716 2094 1769 nullum
2121 1716 2262 1768 aliud
2296 1714 2471 1768 adhuc
2506 1714 2677 1768 visum
2707 1729 2829 1768 esse
2868 1720 3216 1773 memoratur,
3249 1710 3447 1780 quippe

217 1798 337 1866 οὐχ).
382 1798 439 1851 δὲ
480 1800 545 1851 ἐκ
590 1801 784 1871 μίξεως
811 1806 904 1858 καί
946 1805 1150 1877 φθορᾶς
1191 1806 1287 1878 τὴν
1320 1807 1412 1861 τοῦ
1460 1809 1769 1879 φαινομένοι

1896 1808 2029 1879 quod
2065 1816 2118 1863 et
2152 1808 2407 1872 salutare,
2437 1816 2489 1862 et
2528 1808 2666 1862 idem
2696 1805 3014 1860 beneficium
3038 1804 3290 1859 omnibus
3322 1818 3448 1858 seno

215 1890 433 1955 γένεσιν
468 1892 844 1964 ὑφιστάμενος.

1893 1902 2103 1965 tiretur,
2138 1900 2253 1970 ipse
2284 1900 2522 1969 seipsum
2551 1898 2874 1953 ostenderet.
2903 1895 3097 1967 Sicque
3114 1895 3277 1950 etiam
3304 1892 3445 1948 Deus

215 1979 483 2047 Verbum,
558 1986 699 2042 lilius
742 1988 980 2045 hominis
1020 1990 1321 2059 dicebatur,
1388 2000 1442 2048 et
1487 2001 1756 2063 quatenus
1791 1994 1857 2048 ad
1892 1995 2137 2049 homines
2180 2001 2422 2055 venerat,
2471 2002 2530 2047 ut
2574 1993 2770 2046 animis
2810 1991 3063 2046 humanis
3100 1988 3444 2052 medicinam,

214 2074 618 2149 sanitatemque
665 2082 909 2151 afferret,
962 2083 1124 2140 Jesus
1186 2088 1588 2142 nominabatur.
1646 2087 1781 2142 Nam
1819 2090 1991 2159 ipsius
2036 2086 2166 2143 Jesu
2233 2088 2374 2153 apud
2426 2086 2681 2141 llebrteos
2725 2085 3049 2156 appellatio,
3112 2081 3447 2145 Salvatorem

214 2170 388 2237 plane
434 2172 721 2241 signiﬁcat.
788 2173 969 2247 Itaque
1007 2181 1282 2235 communi
1331 2197 1481 2236 more
1516 2196 1583 2235 ne
1619 2182 1825 2236 versari
1859 2181 2075 2251 quidem
2124 2180 2428 2242 nobiscum,
2468 2179 2613 2234 haud
2663 2179 2940 2248 indignum
3012 2191 3110 2233 sua
3162 2175 3449 2240 maiestate

206 2261 502 2328 judicavit,
548 2265 762 2321 interim
812 2278 992 2324 tamen
1063 2287 1333 2341 nusquam
1385 2272 1642 2328 desinens
1670 2288 1792 2328 esse
1826 2271 1971 2342 quod
2025 2280 2162 2334 erat,
2193 2272 2284 2326 sed
2335 2271 2388 2325 in
2419 2270 2636 2325 homine
2666 2271 2867 2340 pariter
2888 2268 3053 2322 Deum
3089 2281 3440 2321 conservans.

218 2352 410 2424 itaque
441 2356 622 2410 statim
659 2357 713 2410 in
755 2362 926 2426 primo
958 2359 1023 2414 ad
1057 2359 1303 2415 homines
1331 2361 1620 2429 descensu,
1685 2377 1807 2416 cum
1845 2360 1953 2416 Deo
1985 2361 2228 2415 divinam
2298 2361 2617 2416 commiscet
2662 2361 2835 2413 nostri
2871 2366 3023 2412 ortus
3055 2356 3447 2411 admirabilita-

219 2460 323 2504 tem
369 2467 386 2503 :
429 2454 644 2522 quippe,
702 2455 794 2523 qui
845 2470 991 2509 more
1029 2465 1216 2511 nostro
1272 2458 1342 2512 sit
1415 2456 1617 2521 editus,
1684 2465 1737 2512 et
1778 2457 2022 2511 mortalis
2069 2457 2263 2521 instar,
2305 2456 2577 2510 hominem
2616 2454 2859 2515 indutus,
2908 2452 2999 2508 sed
3037 2467 3145 2505 non
3186 2459 3443 2519 tanquam

214 2540 401 2607 homo,
433 2562 619 2599 verum
655 2555 711 2599 ut
752 2546 890 2602 Deus
922 2548 988 2601 de
1019 2548 1334 2617 purissima,
1382 2550 1672 2620 nullasque
1736 2560 1957 2621 experta
2016 2549 2237 2619 nuptias
2285 2548 2526 2620 Virgine,
2567 2560 2907 2616 nequaquam
2946 2559 3074 2599 vero
3114 2558 3179 2598 ex
3237 2556 3443 2596 concu-

213 2638 331 2693 bitu
387 2647 482 2691 aut
523 2638 870 2707 corruptione
899 2646 1076 2693 ortum
1110 2642 1252 2710 ejus,
1283 2642 1374 2710 qui
1400 2641 1515 2712 ipse
1544 2641 1857 2712 apparebat,
1884 2640 2172 2709 acceperit.

943 2803 1042 2856 Μ’.
1712 2755 1733 2799 θ’
2616 2797 2703 2854 Xl.

358 2939 553 3004 Ὅπως
588 2939 694 2992 τὸν
729 2940 799 2994 ἐν
825 2940 1152 3009 ἀνθρώποις
1180 2941 1458 3011 διεξῆλθε
1474 2943 1618 3008 ,ϐίον
1635 2983 1648 2996 .
1798 2965 1843 3027 c

1798 2965 1843 3027 ρ
2014 2938 2462 3006 Quemadmodum
2495 2939 2633 2992 inter
2672 2938 2903 2991 homines
2932 2937 3089 2990 vitam
3121 2938 3300 3005 egerit.

284 3052 395 3105 Καὶ
426 3052 517 3103 τὸν
550 3052 671 3122 ἑξῆς
706 3052 763 3105 δὲ
803 3052 1088 3123 σύμπαντα
1121 3053 1255 3124 βίον,
1288 3053 1459 3128 ταύτῃ
1492 3073 1565 3125 πη
1606 3052 1775 3108 διετέο

1947 3053 2211 3123 Deinceps
2234 3069 2360 3108 vero
2390 3054 2654 3123 reliquam
2686 3052 2850 3104 vitam
2881 3065 3095 3105 omnem
3128 3050 3314 3105 eadem
3351 3065 3441 3103 ra—

207 3142 316 3205 λει,
344 3142 470 3193 τοτὲ
498 3142 590 3210 μὲν
603 3143 697 3211 τὴν
715 3143 848 3214 πρὸς
869 3145 1014 3212 ἡμᾶς
1032 3143 1437 3213 ὁμοιοπάθειαν,
1460 3144 1579 3195 τοτὲ
1605 3143 1661 3195 δὲ
1686 3143 1759 3195 τὸς

1884 3146 2023 3199 tione
2052 3146 2278 3215 peregit,
2311 3159 2455 3197 nunc
2483 3144 2700 3213 quidem
2740 3141 2971 3196 similem
3006 3150 3214 3195 natura:
3237 3150 3436 3196 nostra:

207 3231 356 3284 Θεοῦ
407 3231 574 3297 Λόγον
606 3233 943 3301 ὑποφαίνων,
986 3233 1371 3305 μεγαλουργῶν
1412 3236 1506 3287 καὶ
1543 3234 1759 3305 παραδο·

1888 3234 2265 3298 .nﬁrmitatem,
2300 3250 2445 3289 nunc
2478 3250 2607 3287 vero
2638 3235 2813 3302 ipsum
2848 3232 2940 3288 Dei
2973 3232 3206 3288 Verbum
3243 3251 3352 3303 pra:
3382 3250 3440 3290 se

210 3324 452 3388 ξοποιῶν
481 3325 553 3386 ὡς
583 3323 727 3387 Θεὸς,
778 3325 871 3378 καὶ
897 3324 1003 3378 τῶν
1039 3324 1334 3394 μελλόντων
1370 3324 1585 3379 ἔσεσθαι
1616 3342 1762 3396 προαι

1887 3327 2076 3394 lerens,
2121 3327 2250 3381 dum
2301 3327 2540 3397 ingentia
2588 3327 2834 3396 quaedam
2886 3335 3048 3396 atque
3098 3326 3439 3381 admirabilia

206 3412 476 3483 ναφωνῶν
509 3413 605 3477 τὰς
640 3416 991 3486 προρρήσεις,
1041 3416 1135 3468 καὶ
1173 3415 1263 3468 τὸν
1302 3416 1374 3487 μὴ
1409 3419 1523 3480 τοῖς
1564 3415 1758 3476 πολλοῖς

1886 3428 2133 3488 tanquam
2176 3417 2319 3474 Deus
2345 3417 2525 3485 eﬂicit,
2557 3433 2620 3471 ac
2670 3434 2790 3487 qua:
2831 3416 3009 3470 futura
3061 3426 3243 3473 essent
3287 3427 3438 3471 tanto

206 3504 485 3575 ὁρώμενον
521 3504 654 3559 Θεὸν
691 3508 861 3575 Λόγον
912 3510 1024 3570 τοῖς
1054 3507 1231 3579 ἔργοις
1278 3507 1531 3579 ἄντικρυς
1578 3508 1758 3561 ἐπιδει-

1886 3517 1998 3562 inte
2034 3507 2305 3577 praedicit,
2346 3516 2401 3561 et
2430 3510 2522 3577 qui
2562 3524 2591 3561 a
2622 3508 2780 3579 166
2814 3510 2999 3564 multis
3035 3525 3143 3563 non
3195 3511 3438 3565 cernitur

210 3596 305 3649 κνύ
314 3613 472 3667 μενος
498 3594 720 3671 [εἰκότα
754 3598 811 3651 δὲ
841 3598 934 3651 καὶ
968 3598 1128 3669 ὅμοια
1156 3602 1273 3662 ταῖς
1301 3598 1545 3672 ἀρχαῖς].

1888 3598 2016 3653 Deus
2049 3596 2311 3662 Verbum,
2336 3613 2459 3652 eum
2487 3598 2662 3667 ipsum
2695 3599 2848 3653 lactis
2874 3600 3188 3670 planissime
3216 3599 3440 3656 demon-

1871 3698 2008 3747 strat
2036 3689 2210 3762 [paria
2234 3699 2285 3744 et
2314 3689 2513 3744 similia
2544 3691 2767 3764 initiis].

935 3796 1034 3849 1Βό
2596 3806 2707 3860 Xll.

244 3888 342 3953 Ὧς
369 3890 467 3941 καὶ
482 3889 657 3968 μέχρι
684 3888 821 3968 τῶν.
837 3890 1017 3968 πάλαι
1055 3892 1487 3968 κᾳτοιχομένων
1512 3892 1772 3948 ἐκάλουν

1881 3898 2025 3967 Quod
2056 3914 2217 3965 usque
2248 3898 2316 3951 ad
2337 3914 2423 3951 eos
2452 3897 2540 3967 qui
2570 3898 2859 3966 antiquitus
2884 3896 3079 3948 mortui
3102 3904 3271 3960 erant,
3302 3896 3433 3967 leges

456 3963 640 4013 αὑτὸν
667 3963 718 4012 ot
751 3963 860 4026 τῆς
893 3963 1332 4029 φιλανθρωπίας
1368 3963 1555 4031 νόμοι.
1878 3963 1911 3967 Ὗ

1506 3980 1555 4016 ›ι.
1878 3963 1911 3967 Ὗ
2136 3963 2143 3965 ἡ
2228 3963 2572 4022 humanitatis
2607 3963 2754 4019 illum
2790 3970 3058 4020 vocabant.

272 4074 384 4126 Καὶ
427 4076 496 4129 τὰ
546 4075 667 4146 τέλη
702 4075 851 4145 αύτῴ
892 4076 988 4146 τῆς
1034 4076 1090 4141 ἐξ
1122 4076 1419 4149 ἀνθρώπων
1457 4078 1770 4149 ἀπαλλαγῆς

1937 4084 2076 4140 Vita:
2107 4085 2269 4141 etiam
2301 4082 2461 4136 linem
2495 4091 2817 4143 extremum,
2852 4096 2974 4135 cum
3021 4081 3089 4136 ab
3123 4079 3433 4135 hominibus

205 4167 546 4237 ἑνεχειρείτο.
582 4169 687 4221 Καὶ
720 4168 826 4239 γὰρ
869 4169 1025 4239 μέχρι
1070 4170 1319 4235 θανάτου,
1350 4172 1443 4224 καὶ
1474 4171 1651 4223 αὐτῶν
1689 4189 1757 4224 νε·

1879 4173 2142 4237 discessit,
2171 4173 2329 4227 initio
2374 4171 2618 4241 ejusdem
2655 4186 2836 4240 parem
2871 4185 2933 4223 ac
2956 4169 3185 4224 similem
3217 4170 3431 4241 prasti-

205 4260 352 4329 κρῶν
382 4261 433 4311 οἱ
464 4260 562 4329 τῆς
596 4260 997 4331 φιλανθρωπίας
1024 4261 1184 4315 αὑτὸν
1218 4263 1443 4317 ἐκάλουν
1482 4265 1655 4334 νόμοι,
1692 4263 1757 4326 ὡς

1880 4265 1954 4319 lit.
1975 4263 2181 4318 Etenim
2215 4278 2387 4332 usque
2424 4262 2489 4315 ad
2520 4270 2769 4325 mortem,
2791 4271 2948 4331 atque
2982 4276 3153 4330 usque
3187 4260 3252 4313 ad
3286 4262 3432 4331 ipsos

203 4350 271 4403 ἂν
313 4352 409 4404 καὶ
452 4352 559 4405 τῶν
609 4353 771 4405 πάλαι
804 4353 1109 4407 τεθνεώτων
1150 4356 1246 4419 τὰς
1283 4356 1459 4427 ψυχὰς
1502 4357 1755 4410 ἀνακαλέ-

1882 4363 2135 4419 nortuos,
2178 4356 2325 4426 leges
2369 4368 2495 4423 erga
2549 4353 2795 4407 homines
2828 4353 3111 4407 charitatis
3136 4352 3309 4421 ipsum
3340 4368 3434 4406 vo-

203 4457 368 4495 σοιτό⁸
416 4443 494 4495 ὅτι
526 4443 588 4513 δὴ
616 4443 720 4495 τῶν
761 4444 819 4507 ἐξ
845 4445 1038 4508 αἰῶνος
1075 4446 1323 4499 ἁπάντων
1356 4446 1502 4516 αὐτῷ
1532 4447 1631 4517 τῆς
1665 4465 1755 4500 σω-

1876 4448 2081 4510 nabant,
2124 4453 2181 4499 ut
2211 4461 2396 4500 eorum
2436 4459 2672 4513 quoque,
2701 4444 2792 4512 qui
2835 4453 2989 4497 antea
3022 4443 3218 4495 mortui
3254 4449 3428 4507 erant,

198 4536 398 4606 τηρίας
425 4534 602 4604 ἔμελε,
644 4536 738 4588 καὶ
764 4536 907 4600 ὅπως
942 4538 1029 4591 διὰ
1058 4539 1150 4591 τοῦ
1182 4538 1412 4591 θανάτου
1445 4542 1750 4613 καταργήσσς

1879 4538 2077 4590 inimas
2106 4543 2425 4589 revocaret:
2454 4532 2890 4602 quandoquidem
2924 4534 3167 4586 omnium
3202 4533 3431 4602 quicun-

197 4628 291 4680 τὸν
313 4629 373 4679 τὸ
403 4628 599 4699 κράτος
624 4627 811 4697 ἔχοντα
836 4630 929 4681 τοῦ
956 4630 1204 4694 θανάτου,
1286 4630 1352 4683 τὰ
1382 4631 1496 4684 θεῖα
1524 4632 1749 4685 παιδεύει

1875 4645 1969 4699 que
1991 4643 2021 4681 a
2050 4628 2268 4683 condito
2301 4640 2415 4680 arvo
2452 4625 2706 4688 fuissent,
2737 4626 2964 4679 salutem
3001 4627 3117 4695 ipse
3156 4625 3377 4677 curabat
3412 4638 3427 4676 :

199 4717 383 4785 l’aTtd.’
426 4717 536 4769 Καὶ
570 4716 740 4770 ταῦτα
784 4717 941 4770 πάλιν
975 4718 1175 4789 ἀναμὶξ
1218 4717 1379 4788 ὑπῄει
1425 4719 1522 4789 τὴν
1567 4720 1751 4771 οίκονο·

1876 4735 2096 4783 necnon,
2130 4729 2187 4772 ut
2232 4733 2331 4773 sua
2366 4727 2537 4771 morte
2577 4716 2781 4771 deleret
2814 4732 2959 4780 eum,
3000 4716 3091 4786 qui
3142 4714 3428 4783 imperium

201 4811 328 4881 μίαν
358 4810 435 4872 ὼς
476 4810 572 4880 μὲν
614 4810 914 4881 ἄνθρωπος,
959 4811 1019 4861 τὸ
1049 4811 1205 4881 σῶμα
1239 4814 1303 4881 τῇ
1341 4811 1555 4881 συνήθει
1588 4825 1753 4882 παρα-

1880 4813 2054 4866 nortis
2086 4811 2337 4875 habebat,
2398 4808 2847 4879 quemadmodum
2880 4808 3060 4863 divina
3084 4807 3278 4859 docent
3307 4817 3432 4857 ora-

198 4902 395 4974 χωρῶν
428 4905 592 4973 ταφῇ,
624 4902 917 4973 ἀναχωρῶν
951 4903 1006 4955 δὲ
1037 4901 1199 4955 αὐτοῦ
1225 4903 1299 4965 ὡς
1328 4902 1477 4965 Θεός.
1503 4903 1750 4972 Φωνήσας

1876 4903 2006 4957 L-ula.
2038 4902 2214 4971 Atque
2259 4902 2312 4955 in
2345 4901 2449 4954 hoc
2483 4916 2701 4970 quoque
2740 4900 3051 4970 promiscue
3089 4911 3282 4951 rursus
3314 4895 3428 4949 dis-

197 4995 326 5062 γοῦν
405 4995 566 5065 μέγα,
625 4996 718 5048 καὶ
785 4995 862 5064 τῷ
926 4995 1119 5066 Πατρὶ,
1183 5013 1201 5045 ι
1275 4994 1648 5064 Παρατίθεμαι
1701 4994 1749 5046 τί

1877 4995 2232 5064 pensationem
2274 4993 2485 5048 obivit:
2521 4995 2741 5062 quippe,
2788 4993 2878 5062 qui
2962 5000 3217 5059 tanquam
3269 4987 3429 5041 homo

197 5085 438 5156 πνεῦμα,
496 5104 515 5137 ι
555 5085 750 5149 εἰπὼν,
785 5086 982 5156 ἄφετος
1030 5085 1291 5158 ἀνεχώρει
1340 5086 1432 5139 τοῦ
1473 5084 1749 5156 σώματος⁴

1876 5101 2060 5156 :orpus
2094 5086 2161 5140 de
2202 5092 2375 5140 morte
2410 5085 2776 5151 sepeliendum
2814 5083 3114 5153 reliquerit,
3139 5080 3207 5134 ab
3236 5077 3428 5133 eodem

194 5177 451 5247 οὐδαμῶς
500 5179 817 5249 περιμείνας
859 5181 1136 5250 προσεῖναι
1175 5178 1324 5249 αὐτῷ
1374 5178 1463 5231 τὸν
1509 5178 1746 5239 θάνατονε

1876 5193 1989 5231 iero
2017 5192 2245 5247 corpore
2282 5185 2541 5247 tanquam
2579 5175 2721 5230 Deus
2752 5175 3085 5229 discesserit.
3119 5172 3253 5228 Cum
3277 5169 3428 5225 enim

198 5267 462 5338 μέλλοντα
493 5266 549 5318 δὲ
582 5267 674 5319 καὶ
703 5266 888 5337 ὥσπερ
921 5266 1258 5323 ἀποκνοῦντα
1278 5309 1292 5332 ,
1325 5267 1521 5338 μᾶλλον
1557 5266 1614 5319 δὲ
1656 5266 1750 5319 ὑπό

1874 5267 2023 5322 illius
2069 5282 2258 5321 vocem
2305 5268 2598 5329 emisisset,
2634 5274 2689 5319 et
2738 5264 2881 5317 Patri
2926 5263 3177 5325 dixisset,
3219 5279 3239 5313 ‹
3273 5273 3426 5314 com-

196 5346 336 5412 πόδα
363 5354 640 5429 χωροῦντα
671 5359 763 5412 καί
790 5360 1187 5429 ἀποφεύγοντα,
1214 5358 1421 5414 διώκων
1460 5360 1619 5423 αὐτὸς
1646 5359 1748 5413 6m-

1872 5356 2055 5411 nendo
2089 5352 2397 5427 spiritum',
2429 5374 2448 5407 ι
2474 5356 2686 5410 solutus
2715 5369 2744 5407 a
2778 5366 3005 5421 corpore
3032 5351 3165 5404 abiit
3193 5366 3205 5401 :
3242 5347 3424 5403 neuti-

196 5451 323 5505 σθεν
356 5452 452 5504 καὶ
484 5450 740 5515 ἐλαύνων,
772 5452 868 5516 τάς
907 5469 966 5505 τε
994 5452 1052 5519 ἐξ
1080 5453 1270 5516 αἰῶνος
1301 5451 1473 5516 πύλας
1508 5451 1616 5506 τῶν
1641 5468 1748 5505 om

1875 5463 2016 5518 luam
2039 5457 2360 5519 exspectans
2381 5448 2507 5503 dum
2539 5462 2685 5502 mors
2712 5445 2776 5500 ad
2803 5445 2979 5516 ipsum
3010 5443 3309 5507 accederet,
3329 5441 3427 5497 sed

258 5602 285 5635 ⁹
314 5601 454 5660 Luc.
493 5618 655 5669 nm,
681 5603 767 5659 46.
