3914 6198
469 250 577 311 285

1136 260 1406 325 EUSEBII
1434 260 1918 322 CAESARIENSIS
1950 266 2101 326 OPP.
2136 269 2334 330 ρΑιιε.
2375 273 2418 328 ι.
2457 301 2529 315 --
2557 272 3054 333 APOLOGETICA.

3581 263 3705 339 est

471 368 620 426 illam
663 379 1004 428 cunctantem
1052 387 1115 428 ac
1163 375 1328 430 veluti
1377 386 1705 443 cessantem,
1740 395 1805 438 ac
1847 384 2021 454 potius

2126 356 2258 441 :th
2284 388 2468 459 μυχῶν
2493 387 2843 462 διαρρηγνὺς,
2864 392 2958 447 καὶ
2982 395 3095 458 τοῖς
3117 393 3302 448 αὐτόθι
3328 397 3543 468 νεκροῖς
3573 415 3688 453 σει-

469 461 848 532 conjicientem
881 477 940 518 se
956 463 1011 517 in
1038 463 1205 533 pedes
1224 472 1279 521 et
1306 464 1645 536 fugitantem,
1674 470 1791 542 ipse
1816 488 1847 526 a
1876 480 2026 546 tergo

469 549 761 621 insequens
789 559 951 622 atque
988 552 1289 624 impellens,
1320 564 1659 631 aeternasque
1701 563 2027 621 abditiorum

469 641 814 696 tenebrarum
857 653 1041 712 portas
1064 646 1391 718 refringens,
1424 662 1479 706 et
1518 654 1749 711 mortuis
1781 656 1875 726 qui
1918 658 2028 715 illic

469 732 678 787 catenis
706 737 902 790 mortis
945 736 1193 807 impliciti
1223 748 1400 807 erant,
1435 747 1711 802 remeandi
1761 749 1829 804 ad
1862 751 2028 806 vitam

468 821 572 877 iter
619 831 921 881 retrorsum
963 829 1237 899 aperiens.
1288 831 1400 889 Hac
1442 851 1574 893 sane
1599 838 1813 896 ratione
1857 841 2029 912 ipsius

464 913 630 970 etiam
658 931 859 989 corpus
888 930 1160 977 mortuum
1183 926 1478 983 excitatum
1501 937 1605 995 est,
1631 940 1685 986 et
1706 934 1874 987 multa
1905 950 2030 990 cor-

468 1021 601 1077 pora
645 1025 857 1077 eorum,
887 1015 980 1085 qui
1017 1015 1350 1073 dormierant
1392 1030 1730 1091 sanctorum,
1778 1041 2030 1084 surrexe—

464 1109 593 1154 runt
624 1119 638 1157 :
681 1118 896 1176 unaque
927 1123 1051 1163 cum
1080 1110 1199 1181 ipso
1221 1113 1277 1168 in
1321 1123 1568 1170 sanctam
1600 1133 1664 1173 ac
1702 1135 1828 1175 vere
1859 1122 2027 1177 cocle-

466 1199 605 1246 stem
645 1195 920 1255 civitatem
950 1201 1196 1273 ingressa
1232 1214 1381 1270 sunt.
1413 1219 1472 1265 ut
1512 1213 1705 1268 merito
1733 1229 1798 1269 ex
1840 1215 1943 1270 hac
1972 1216 2027 1272 in

464 1282 641 1339 sacris
677 1282 901 1344 Litteris
941 1289 1148 1347 dictum
1180 1295 1293 1352 sit:
1330 1316 1349 1350 ι
1384 1299 1677 1372 Absorpsit
1717 1319 1867 1360 mors
1908 1321 2030 1376 qua:

465 1370 771 1431 invaluerat
794 1378 858 1433 ι’.
896 1400 915 1434 ι
947 1380 1011 1437 Ει
1041 1400 1233 1442 rursus
1261 1407 1274 1442 :
1316 1407 1336 1441 ι
1366 1370 1606 1447 Abstulit
1640 1392 1782 1451 Deus
1813 1370 2026 1453 omnem

464 1460 756 1534 lacrymam
774 1468 843 1523 ab
871 1473 1020 1527 omni
1046 1473 1184 1531 facie
1203 1477 1266 1529 ιι.
1298 1496 1316 1531 ι
1344 1476 1462 1550 Ipse
1490 1498 1618 1539 vero
1645 1484 1883 1542 universi
1911 1487 2030 1542 Sal-

462 1561 620 1609 vator
643 1569 708 1611 ac
740 1556 1000 1620 Dominus
1029 1575 1251 1635 noster,
1286 1573 1380 1642 qui
1407 1572 1660 1632 Christus
1683 1586 1766 1634 est
1799 1577 1913 1645 Dei,
1946 1581 2030 1636 vi-

464 1646 757 1717 ctoriaeque
777 1661 1082 1723 reportator
1099 1659 1317 1727 dicitur,
1334 1663 1388 1718 in
1406 1667 1737 1738 propheticis
1754 1672 2027 1729 vaticiniis

2130 480 2251 547 ραίς
2279 477 2505 534 θανάτου
2537 481 2927 554 πεπεδημένοις
2958 484 3316 557 παλίντροπον
3339 487 3439 558 τῆς
3465 487 3558 543 ἐπὶ
3586 491 3689 562 τὴν

2128 565 2272 640 ζωὴν
2318 571 2507 626 ἀνόδου
2558 574 2659 645 τὴν
2703 575 2926 646 πορείαν
2971 575 3308 648 ποιούμενος.
3366 578 3551 653 Ταύτῃ
3596 598 3690 636 τοι

2127 660 2276 733 αὐτῷ
2310 664 2405 716 καὶ
2435 665 2464 716 6
2496 664 2726 729 τεθνεὼς
2757 667 3095 739 ἀνηγείρετο,
3123 667 3217 721 καὶ
3253 668 3423 724 πολλὰ
3456 670 3690 743 σώματα

2125 750 2234 805 τῶν
2261 757 2672 827 κεκοιμημένων
2696 758 2863 826 ἁγίων
2885 759 3189 825 ἀνίσταντο,
3216 761 3690 817 συνεισελαύνοντα

2128 842 2274 914 αύτῷ
2302 846 2381 908 είς
2414 845 2512 915 τὴν
2541 847 2702 915 ἁγίαν
2741 849 2833 901 καὶ
2861 847 2937 911 ὼς
2973 848 3184 920 ἀληθῶς
3210 850 3577 923 ούρανὸπολιν,
3608 852 3690 917 ὡς

2127 936 2351 1001 εἰκότως
2397 938 2455 991 ἐν
2490 942 2613 1003 ταῖς
2664 938 2834 1003 θείαις
2881 941 3194 1014 ἀνειρῆσθαι
3239 947 3460 1012 φωναίςο
3494 962 3513 996 ι
3540 946 3693 998 Κατ-

2126 1028 2279 1082 έπιεν
2321 1031 2350 1083 6
2389 1028 2617 1094 θάνατος
2694 1031 2938 1102 ἰσχύσας.
2990 1052 3009 1084 ι
3062 1034 3168 1088 Καὶ
3205 1034 3387 1088 πάλιν
3430 1054 3450 1087 ι
3507 1036 3692 1106 ’Δφεῐι-

2127 1119 2217 1173 λεν
2261 1123 2291 1175 6
2327 1121 2459 1185 Θεὸς
2497 1123 2606 1176 πᾶν
2638 1122 2870 1195 δάκρυον
2914 1125 3022 1179 ἀπὸ
3062 1128 3261 1191 παντὸς
3294 1127 3607 1193 προσώπου.
3664 1149 3687 1181 ι

2128 1210 2240 1264 Καὶ
2279 1211 2440 1275 αὐτὸς
2463 1210 2519 1264 δὲ
2552 1213 2582 1265 6
2623 1213 2730 1266 τῶν
2759 1213 2894 1268 ὅλων
2925 1215 3114 1288 Σωτὴρ
3150 1216 3248 1271 καὶ
3274 1216 3477 1289 Κύριος
3503 1219 3690 1289 ἡμῶν.

2126 1303 2157 1355 ό
2214 1301 2448 1375 Χριστὸς
2507 1303 2602 1357 τοῦ
2653 1304 2823 1369 Θεοῦ,
2891 1307 3181 1379 νικηφόρος
3247 1308 3572 1380 λεγόμενος,
3629 1313 3694 1364 ἐν

2126 1397 2247 1458 ταῖς
2289 1398 2648 1466 προφητικαίς
2683 1398 3046 1470 προρρήσεσιν
3069 1400 3442 1472 ὲπικερτομῶν
3478 1404 3699 1472 εἰσάγε-

2126 1502 2217 1540 ται
2271 1485 2351 1559 τῷ
2397 1486 2631 1559 θανάτῳ,
2674 1489 2771 1542 καὶ
2817 1488 2915 1554 τὰς
2957 1490 3142 1545 αὐτόθι
3193 1491 3334 1547 λύων
3378 1494 3700 1568 πεπεδημέ-

2127 1596 2227 1644 νας
2264 1578 2473 1651 ψυχὰς,
2532 1581 2601 1634 δι’
2644 1574 2718 1635 ὧν
2759 1582 2850 1635 τὸν
2891 1583 3154 1636 ἐπινίκιον
3207 1582 3372 1654 ὕμνον
3418 1587 3701 1657 προφέρε-

2128 1689 2238 1737 ται,
2281 1671 2421 1727 αύτά
2463 1672 2528 1745 δὴ
2567 1672 2738 1727 ταῦτα
2773 1672 2977 1743 λέγων⁹
3023 1692 3041 1726 ι
3093 1674 3189 1728 Ἐκ
3224 1675 3402 1747 χειρὸς
3434 1675 3560 1748 ᾷδου
3601 1675 3702 1751 ρύ-

465 1743 694 1794 mortem
714 1741 1010 1815 objurgans
1032 1749 1328 1818 inducitur,
1350 1764 1406 1810 et
1421 1759 1630 1816 animas
1648 1763 1886 1826 solvens,
1909 1780 2021 1835 quae

2131 1779 2293 1834 σομαι
2336 1741 2553 1829 αὐτοὺς,
2601 1765 2695 1819 καὶ
2737 1765 2803 1817 ἐκ
2848 1741 3077 1819 θανάτου
3120 1741 3463 1837 λυτρώσομαι
3507 1741 3700 1825 αὐτῶν

465 1827 577 1884 illic
597 1832 790 1889 vincta:
817 1837 1220 1910 detinebantur,
1239 1847 1331 1902 ubi
1363 1849 1604 1908 victoriae
1621 1853 1881 1926 hymnum
1900 1827 2029 1926 p-ro-

463 1925 698 1991 nuntiat,
739 1928 853 1999 ipsa
880 1931 996 1989 haec
1031 1936 1189 2005 plane
1219 1939 1406 1998 dicens
1433 1959 1446 1995 :
1475 1963 1493 1996 ι
1525 1943 1602 2001 De
1636 1925 1800 2002 manu
1832 1948 2031 2005 inferni

463 2017 688 2086 eripiam
706 2036 822 2087 eos,
846 2032 901 2079 et
930 2043 960 2079 a
994 2038 1169 2086 morte
1184 2031 1429 2090 liberabo
1450 2051 1639 2093 eorum
1665 2040 1896 2098 animas.
1925 2040 2025 2099 Ubi

471 2123 588 2178 tua,
625 2131 793 2184 mors,
827 2121 1089 2179 victoria?
1117 2127 1206 2181 ubi
1234 2138 1380 2192 tuus,
1407 2146 1572 2199 mors,
1611 2135 1862 2193 stimulus
1898 2139 1976 2194 “I
2008 2159 2028 2194 ι

473 2200 734 2263 Stimulus
755 2219 934 2266 autem
959 2216 1151 2271 mortis
1172 2226 1255 2273 est
1274 2228 1572 2288 peccatum,
1597 2234 1834 2293 potestas
1849 2238 2030 2287 autem

468 2298 692 2386 peccati,
710 2300 811 2354 lex.
840 2303 997 2373 167
1016 2302 1161 2362 Talis
1180 2323 1308 2366 sane
1330 2311 1475 2367 illius
1496 2313 1575 2368 vel
1597 2331 1768 2386 usque
1795 2319 1860 2372 ad
1886 2335 2033 2375 mor-

476 2393 580 2437 tem
625 2385 727 2442 fuit
767 2388 1119 2461 dispensatio,
1152 2397 1308 2466 cujus
1348 2415 1452 2455 non
1483 2417 1642 2457 unam
1683 2385 1901 2461 causam
1937 2407 2032 2478 qui

476 2475 703 2532 voluerit
725 2494 986 2549 quaerere,
1010 2486 1101 2540 sed
1126 2488 1306 2556 plures
1329 2491 1563 2548 inveniet
1588 2511 1602 2547 :
1628 2497 1856 2564 primam
1883 2513 2030 2551 nam-

470 2581 576 2635 que
604 2567 748 2624 illam
784 2571 959 2641 ipsum
994 2574 1229 2633 Verbum
1256 2580 1438 2648 docet,
1484 2594 1542 2638 ut
1569 2597 1678 2639 tam
1711 2586 1764 2639 iu
1799 2590 2028 2645 mortuis

467 2670 629 2724 quam
654 2658 708 2712 in
733 2661 868 2714 vivis
892 2663 1261 2720 dominaretur
1287 2684 1301 2720 :
1334 2670 1556 2726 alteram
1586 2684 1645 2728 ut
1669 2686 1881 2732 nostras
1906 2679 2030 2736 abs-

467 2755 700 2816 tergeret
729 2752 965 2808 maculas
992 2766 1361 2825 peccatorum,
1383 2763 1475 2831 qui
1500 2778 1598 2833 pro
1640 2766 1797 2823 nobis
1819 2771 2027 2826 sacriﬁ-

466 2846 639 2900 catus,
661 2847 716 2892 et
743 2854 839 2906 pro
875 2843 1030 2898 nobis
1053 2849 1356 2904 exsecratio
1381 2849 1556 2910 factus
1585 2856 1655 2912 sit
1679 2872 1693 2909 :
1722 2859 1934 2914 tertiam
1963 2874 2024 2918 ut

467 2934 724 3000 tanquam
751 2931 845 2992 Dei
870 2938 1088 2997 victima
1115 2952 1277 3016 atque
1302 2949 1495 3020 ingens
1520 2953 1874 3022 sacriﬁcium,
1914 2958 2019 3031 ipsi

2128 1854 2228 1920 τὰς
2262 1855 2455 1926 ψυχάς.
2489 1854 2598 1910 Ποῦ
2644 1873 2758 1922 σου,
2802 1856 3032 1922 θάνατε,
3078 1855 3138 1910 τὸ
3187 1860 3368 1923 νῖκος;
3418 1857 3522 1912 ποῦ
3570 1876 3698 1925 σου,

2132 1946 2349 2011 θάνατε,
2378 1947 2441 2001 τὸ
2467 1947 2718 2020 κέντρον;
2738 1948 2801 2001 τὸ
2835 1947 2892 2001 δὲ
2923 1947 3145 2021 κέντρον
3168 1947 3269 2028 τοῦ⁴
3285 1947 3515 2003 θανάτου
3541 1950 3700 2005 ἐστὶν

2129 2043 2162 2113 ἡ
2197 2042 2458 2114 ἁμαρτία,
2492 2044 2526 2114 ἡ
2559 2042 2615 2097 δὲ
2657 2041 2885 2114 δύναμις
2924 2043 3024 2114 τῆς
3071 2043 3364 2114 ἁμαρτίας,
3394 2044 3424 2096 6
3450 2043 3638 2113 νόμος.
3674 2062 3695 2095 ι

2131 2131 2361 2207 Τοιαύτη
2392 2151 2476 2198 τις
2511 2133 2657 2205 αὐτῷ
2681 2133 2958 2205 καὶμέχρι
2998 2133 3091 2187 τοῦ
3125 2134 3350 2189 θανάτου
3397 2135 3615 2203 ἐγένετο
3660 2137 3698 2207 ἠ

2127 2224 2422 2297 οἰκονομία,
2455 2222 2522 2298 ἦς
2548 2225 2608 2279 ού
2639 2226 2767 2297 μίαν
2792 2226 2990 2290 αἰτίαν,
3018 2226 3154 2281 ἀλλά
3179 2227 3272 2283 καὶ
3295 2227 3508 2294 πλείους
3536 2228 3700 2303 εὕροι

2127 2320 2191 2375 ἄν
2227 2337 2313 2384 τις
2336 2318 2597 2391 ἐθελήσας
2632 2317 2833 2389 ζητεῖν.
2871 2318 3101 2392 Πρώτην
3152 2321 3250 2391 μὲν
3284 2322 3392 2394 γὰρ
3441 2325 3470 2376 6
3512 2324 3699 2393 Λόγος

2127 2410 2385 2472 διδάσκει,
2423 2409 2509 2462 ἵνα
2537 2410 2631 2463 καὶ
2653 2409 2861 2481 νεκρῶν
2882 2410 2975 2464 καὶ
3002 2408 3216 2474 ζώντων
3243 2412 3521 2485 κυριεύσῃ·
3568 2413 3701 2466 δευ-

2123 2499 2288 2572 τέραν
2312 2499 2387 2563 δὲ,
2421 2499 2569 2563 ὅπως
2594 2498 2693 2563 τὰς
2726 2499 3000 2571 ἡμετέρας
3022 2500 3353 2573 ἀπομάξοιτο
3387 2500 3698 2575 ἁμαρτίας,

2124 2590 2262 2662 ὑπὲρ
2286 2590 2441 2662 ἡμῶν
2473 2589 2719 2660 τρωθεὶς,
2755 2591 2849 2644 καὶ
2874 2591 3163 2663 γενόμενος
3204 2594 3343 2666 ὑπὲρ
3377 2593 3534 2667 ἡμῶν
3554 2613 3704 2651 κατα

2124 2679 2249 2753 ἀρα·
2295 2680 2504 2753 τρίτην,
2532 2681 2607 2745 ὡς
2648 2680 2715 2736 ἂν
2743 2683 2934 2755 ἱερεῖον
2965 2682 3099 2738 Θεοῦ
3136 2684 3231 2738 καὶ
3272 2684 3477 2757 μεγάλη
3527 2685 3703 2743 θυσία

2123 2770 2261 2842 ὑπὲρ
2286 2768 2378 2824 τοῦ
2414 2770 2724 2842 σύμπαντος
2753 2772 2956 2843 κόσμου
2986 2773 3316 2847 προσαχθείη
3343 2775 3421 2846 τῷ
3445 2776 3538 2830 ἐπὶ
3560 2778 3705 2833 πά*-

2120 2876 2228 2914 των
2256 2858 2393 2931 Θειῖν
2415 2860 2701 2932 τετάρτην,
2749 2860 2826 2924 ώς
2862 2861 2928 2915 ἂν
2969 2860 3131 2925 αὐτὸς
3177 2861 3277 2933 τῆς
3315 2860 3704 2929 πολυπλανοῦς

2120 2951 2217 3005 καὶ
2238 2950 2559 3022 δαιμονικῆς
2595 2953 2874 3024 ἐνεργείας
2905 2953 3241 3026 ἀπορρήτοις
3292 2952 3467 3023 λόγοις
3499 2954 3704 3009 καθαί-

465 3036 720 3091 supremo
747 3024 857 3084 Deo
889 3030 1173 3091 oITerretur
1201 3055 1299 3109 pro
1327 3043 1580 3101 universo
1598 3048 1797 3103 mundo
1823 3064 2018 3120 :quar-

2123 3058 2271 3114 ρεσιν
2297 3042 2687 3115 ἀπεργάσαιτοο
2717 3043 2973 3115 πέμπτην
3000 3024 3093 3097 ἐπὶ
3114 3024 3319 3118 ταύτῃ,
3356 3044 3433 3109 ὡς
3469 3043 3537 3099 ἂν
3574 3049 3705 3111 τοῖς

463 3117 570 3164 tam
607 3121 664 3167 ut
693 3116 774 3170 sic
804 3116 1100 3179 fallaciosae
1120 3141 1183 3182 ac
1222 3129 1530 3189 daemonicae
1586 3136 1836 3194 eﬂicacize
1864 3155 2018 3196 ever»-

460 3201 669 3257 sionem
691 3207 1010 3266 moliretur:
1051 3216 1299 3285 quintam
1333 3221 1398 3276 ad
1454 3223 1590 3289 haec,
1612 3236 1676 3283 ut
1719 3229 1836 3285 suis
1860 3230 2019 3287 fami-

457 3291 685 3353 liaribus
735 3314 800 3355 ac
827 3302 1111 3376 discipulis
1132 3311 1274 3373 vitae,
1305 3329 1426 3384 qua:
1470 3327 1592 3386 post
1617 3329 1842 3377 mortem
1871 3324 2015 3394 apud

457 3384 627 3443 Deum
670 3390 852 3448 futura
882 3406 966 3453 est
997 3414 1173 3470 spem,
1215 3420 1324 3460 non
1355 3409 1603 3465 oratione
1632 3428 1811 3484 neque
1836 3418 2016 3475 verbis

457 3490 553 3535 aut
585 3483 831 3553 vocibus,
865 3491 958 3545 sed
996 3490 1155 3549 factis
1185 3511 1249 3551 ac
1280 3512 1339 3553 re
1373 3500 1488 3569 ipsa
1518 3483 1937 3574 repraesentans,
1961 3517 2016 3565 et

458 3570 602 3640 quod
621 3576 799 3632 verbis
822 3581 1096 3649 pollicitus
1123 3586 1319 3653 fuerat,
1331 3593 1507 3649 oculis
1534 3570 1669 3665 ipsis
1696 3570 2014 3657 intuendum

456 3664 777 3735 subiiciens,
805 3674 1222 3738 conﬁdentiores
1247 3697 1342 3739 eos
1371 3693 1534 3757 atque
1558 3664 1864 3749 alacriores
1877 3709 2018 3765 prae-

458 3767 648 3825 staret,
681 3762 748 3818 ad
767 3780 885 3820 eam
912 3784 1033 3839 qua:
1058 3772 1125 3827 ab
1158 3773 1276 3844 ipso
1299 3775 1546 3834 instituta
1569 3780 1765 3848 fuerat,
1800 3762 2017 3858 religio-

455 3865 531 3906 sa:
576 3854 1032 3929 vitteOratiouem,
1073 3866 1328 3924 omnibus
1383 3871 1545 3925 simul
1587 3881 1642 3928 et
1684 3854 1927 3945 Graecis;
1960 3888 2016 3936 et

453 3942 704 4004 barbaris
744 3952 1102 4011 nuntiandam
1135 3972 1149 4009 :
1212 3963 1463 4029 protinus
1512 3965 1693 4038 itaque
1736 3968 1836 4025 bos
1866 3942 2014 4042 ipsos

455 4032 752 4096 familiares
809 4058 873 4098 ac
922 4046 1157 4113 sodales,
1209 4066 1346 4121 quos
1394 4054 1509 4125 ipse
1563 4032 1666 4113 sibi
1696 4059 1764 4114 de
1794 4032 2015 4131 optimis

453 4129 627 4186 lectos
647 4133 932 4200 asciverat,
980 4141 1365 4212 apostolosque
1414 4161 1546 4203 suos
1597 4162 1662 4204 ac
1712 4129 2014 4223 discipulos

455 4221 849 4293 declaraverat,
880 4244 979 4284 sua
1010 4232 1180 4301 ipsius
1224 4233 1408 4291 divina
1454 4241 1657 4297 virtute
1700 4221 2011 4317 complevit,

455 4322 514 4369 ut
534 4329 695 4384 quam
722 4317 838 4387 ipse
859 4323 1206 4379 nuntiaverat
1237 4326 1328 4383 Dei
1345 4330 1730 4400 cognitionem,
1749 4335 1827 4390 illi
1853 4352 2015 4394 omne

2117 3131 2281 3186 αὑτοῦ
2311 3134 2605 3205 γνωρίμοις
2632 3136 2724 3189 καὶ
2753 3134 3017 3207 μαθηταῖς
3048 3134 3146 3206 τῆς
3171 3135 3307 3208 μετὰ
3325 3135 3418 3190 τὸν
3457 3135 3702 3192 θάνατον

2117 3224 2266 3296 παρά
2295 3224 2413 3296 Θεῷ
2438 3224 2583 3297 ζωῆς
2605 3227 2702 3299 τὴν
2738 3225 2926 3280 ἐλπίδα
2968 3227 3043 3299 μὴ
3086 3226 3263 3295 λόγοις
3310 3227 3443 3299 μηδὲ
3477 3228 3704 3299 ῥήμασι

2115 3319 2209 3372 καὶ
2236 3322 2458 3388 φωναῖς,
2493 3319 2628 3374 ἀλλά
2664 3321 2844 3383 αὐτοῖς
2876 3319 3053 3391 ἔργοις
3080 3322 3453 3392 παραστήσας,
3483 3320 3705 3390 ὀφθαλ-

2119 3412 2240 3481 μοῖς
2270 3427 2329 3464 τε
2355 3410 2629 3482 παραδοὺς
2644 3411 2742 3484 τὴν
2773 3410 2864 3465 διὰ
2893 3412 2998 3466 τῶν
3020 3411 3193 3482 λόγων
3226 3412 3577 3482 ἐπαγγελίαν,
3604 3415 3704 3468 εὑ-

2116 3500 2336 3575 θαρσεῖς
2360 3503 2554 3567 αὐτοὺς
2574 3504 2667 3557 καὶ
2694 3502 3132 3576 προθυμοτέρους
3158 3504 3551 3576 ἀπεργάσαιτο,
3590 3507 3705 3560 καὶ

2116 3593 2280 3646 πᾶσιν
2311 3592 2565 3665 Ἕλλησιν
2594 3592 2728 3664 ὁμοῦ
2756 3595 2851 3648 καὶ
2887 3593 3179 3668 βαρϐάροις
3214 3593 3313 3666 τὴν
3350 3594 3483 3668 πρὸς
3512 3595 3701 3650 αὐτοῦ

2114 3682 2542 3755 καταϐληθεῖσαν
2586 3685 2782 3758 εὐσεϐῆ
2821 3685 3089 3740 πολιτείαν
3123 3685 3377 3757 κηρύξαι·
3412 3685 3614 3741 αὐτίκα
3650 3689 3702 3743 δ’

2113 3770 2206 3830 οὖν
2234 3776 2430 3850 αὐτούς
2447 3775 2510 3848 δὴ
2538 3776 2759 3840 τούτους
2788 3778 2914 3841 τοὺς
2935 3778 3242 3850 γνωρίμους
3270 3778 3363 3831 καὶ
3390 3776 3700 3845 θιασώτας,

2113 3866 2206 3933 οὓς
2228 3846 2387 3933 αὐτὸς
2418 3846 2568 3940 αὐτῷ
2611 3868 2919 3942 ἀριστίνδην
2957 3846 3242 3943 ἐπικρίνας
3267 3870 3595 3933 ἀποστόλους
3631 3888 3701 3926 τε

2112 3960 2275 4016 αὑτοῦ
2305 3962 2400 4016 καὶ
2453 3961 2698 4035 μαθητὰς
2742 3962 3047 4030 ἀνελέξατο,
3092 3962 3191 4032 τῆς
3229 3961 3290 4027 ἐξ
3328 3960 3491 4017 αύτοῦ
3535 3961 3703 4033 θείας

2112 4053 2393 4125 δυνάμεως
2427 4053 2720 4126 ἐμπλῆσαι,
2755 4056 2861 4108 πᾶν
2886 4054 3039 4124 γένος
3080 4052 3378 4147 ἀνθρώπων
3409 4049 3703 4126 ἐκδιδάξαι

2111 4145 2211 4218 τὴν
2267 4144 2403 4219 πρὸς
2443 4145 2606 4201 αὑτοῦ
2653 4144 3109 4216 καταγγελθεῑσαν
3153 4146 3478 4216 θεογνωσίαν
3501 4188 3518 4213 ,
3585 4151 3703 4209 ἕνα

2110 4240 2223 4302 τοῖς
2254 4240 2418 4292 πᾶσιν
2451 4239 2676 4310 Ἕλλησί
2712 4257 2771 4293 τε
2800 4241 2895 4295 καὶ
2925 4240 3218 4314 βαρϐάροις
3246 4244 3527 4310 εὐσεϐείας
3549 4246 3693 4302 ὐπο-

2114 4329 2336 4401 θέμενος
2362 4330 2580 4403 τρόπον,
2610 4329 2873 4402 δαιμόνων
2897 4331 3239 4407 άναχώρησίν
3276 4353 3333 4390 τε
3360 4337 3455 4390 καὶ
3482 4340 3697 4412 φυγὴν,

454 4404 733 4462 hominum
752 4425 923 4481 genus
948 4414 1227 4482 docerent,
1265 4436 1428 4475 unam
1464 4423 1682 4480 interim
1733 4429 2008 4498 omnibus,

2122 4422 2209 4475 καὶ
2245 4422 2345 4493 τῆς
2386 4420 2647 4477 πολυθὲου
2696 4423 2903 4496 πλάνης
2936 4404 3239 4492 ἀνάνευσιν,
3277 4428 3393 4493 ἑνὸς
3429 4404 3698 4502 δὲήμόνου

452 4505 564 4552 tam
591 4497 797 4558 Graecis
818 4520 981 4576 quam
1011 4507 1280 4578 barbaris,
1310 4514 1591 4585 religionis
1611 4516 1906 4578 instituens
1929 4539 2015 4578 ra-

453 4592 652 4651 tionem
679 4616 693 4653 :
720 4614 782 4654 ea
802 4616 964 4671 porro
985 4612 1121 4671 erat,
1141 4615 1200 4662 ut
1228 4623 1257 4662 a
1283 4609 1618 4669 dmmonibus
1644 4617 1832 4685 procul
1856 4632 2008 4673 rece-

450 4685 661 4751 derent,
695 4705 898 4763 eosque
944 4695 1212 4767 fugerent,
1272 4701 1606 4775 deorumque
1638 4707 2007 4765 multitudinis

2111 4510 2245 4565 Θεοῦ
2278 4511 2371 4565 τοῦ
2399 4513 2491 4566 ἐπὶ
2515 4513 2729 4569 πάντων
2769 4515 2969 4585 γνῶσιν
3009 4516 3178 4589 ἀληθῆ
3215 4518 3697 4591 προκηρύττοντα,

2110 4603 2203 4657 καὶ
2225 4604 2377 4659 λύσιν
2415 4606 2513 4677 μὲν
2538 4606 2645 4659 τῶν
2675 4609 3154 4679 προηγνοημένων,
3199 4613 3246 4664 εί
3279 4611 3352 4683 μὴ
3390 4611 3466 4666 ἐτ’
3498 4615 3699 4681 αὐτοῖς

2111 4697 2437 4768 ὲπιμένοιεν,
2486 4698 2615 4768 μίαν
2649 4698 2707 4755 δὲ
2757 4702 2869 4764 τοῖς
2913 4702 3043 4755 πᾶσι
3080 4703 3353 4774 σωτηρίας
3391 4702 3587 4760 ἐλπίδα
3616 4705 3697 4762 δι’

452 4776 720 4836 fallaciam
745 4782 1098 4853 declinarent,
1129 4798 1291 4861 atque
1304 4807 1469 4847 unum
1497 4796 1672 4850 solum
1694 4785 2007 4868 supremum

2122 4786 2177 4861 ἧς
2225 4788 2562 4844 ύποτέθειται
2620 4793 2894 4862 πανσόφου
2935 4794 3031 4848 καὶ
3065 4794 3364 4866 παναρέτου
3405 4795 3696 4864 πολιτείας

450 4868 619 4929 Deum
636 4887 761 4928 vere
787 4888 1178 4946 cognoscerent
1207 4897 1219 4933 :
1254 4889 1514 4950 praeterea
1547 4883 1918 4941 liberationem
1943 4886 2012 4941 ab

2114 4882 2560 4957 ὑπισχνούμενον.

450 4969 540 5032 iis,
561 4985 683 5040 qua:
713 4971 866 5042 prius
900 4973 1210 5043 iguoranter
1254 4979 1664 5044 commiserant,
1713 4981 2008 5037 dummodo
2040 4997 2107 5038 ne
2138 4982 2193 5037 in
2214 4981 2405 5038 iisdem
2457 4992 2907 5051 perseverarent,
2936 4990 2991 5041 et
3023 4998 3183 5039 unam
3214 4983 3469 5039 omnibus
3530 4983 3699 5089 salu-

450 5064 519 5089 Α-
542 5081 689 5089 ---μ
744 5082 836 5089 --μ
866 5068 958 5089 ΞΗ--
981 5070 995 5089 ι
1052 5086 1143 5089 κημ
1168 5073 1185 5089 ι
1209 5073 1249 5089 ιη
1585 5084 1595 5089 -
1745 5076 1757 5089 ο
1837 5076 1868 5089 ,ο
1938 5076 1950 5089 ο
2516 5076 2527 5087 ο
2605 5076 2616 5086 -
2655 5082 2667 5089 .
2716 5083 2729 5089 -
2843 5077 2854 5088 ι
2984 5078 3014 5089 υ
3080 5077 3092 5089 ο
3169 5078 3223 5089 Α.-
3276 5086 3285 5089 Α

449 5064 521 5121 tis
541 5081 710 5136 spem,
742 5082 837 5138 per
863 5068 998 5125 illud
1041 5073 1187 5142 quod
1207 5073 1323 5143 ipse
1348 5084 1603 5144 posuerat
1643 5076 2064 5146 sapientissime,
2105 5092 2170 5133 ac
2214 5093 2338 5133 cum
2381 5076 2531 5132 omni
2569 5076 2768 5132 virtute
2808 5077 3042 5174 vivendi.
3078 5077 3405 5144 institutum,
3458 5076 3700 5149 pollice-

448 5162 628 5218 batur.

1161 5262 1300 5319 XIII.

451 5343 604 5411 Quod
625 5348 682 5402 in
719 5364 783 5431 et:
810 5359 1026 5419 natura,
1051 5370 1167 5424 qua:
1200 5373 1292 5411 nec
1320 5360 1435 5427 pati
1463 5398 1495 5431 ,ν
1515 5376 1607 5414 nec
1636 5359 1762 5415 laedi
1810 5370 2004 5431 potest,

517 5433 732 5504 qumque
753 5421 1159 5504 incorporea'eat
1180 5421 1544 5497 permanserit,
1571 5432 1730 5486 etiam
1757 5421 1858 5504 quo
1881 5421 2010 5488 tem;

519 5502 646 5554 pars
675 5487 847 5557 factus
875 5487 951 5545 est
980 5494 1153 5551 homo.

522 5577 657 5631 tium
691 5579 860 5646 igitur
903 5582 1018 5641 haec
1050 5586 1122 5640 ita
1159 5602 1217 5643 se
1246 5588 1515 5658 habeant,
1560 5607 1669 5647 non
1715 5603 1930 5663 oportet
1958 5602 2011 5650 te

2845 5263 2944 5318 Il".

2105 5353 2202 5406 Il".
2254 5352 2350 5418 Ὡς
2379 5350 2635 5427 ἀπαθὴς,
2668 5354 3072 5427 καὶ-ἀϐᾅαϐὴς,
3097 5357 3192 5427 καὶ
3221 5355 3531 5427 ἀσώματος
3562 5357 3696 5414 Ctt-

2291 5439 2458 5492 μεινε
2485 5423 2582 5476 καί
2610 5423 2736 5478 καθ’
2764 5423 2836 5478 ὃν
2862 5424 3221 5495 ἐνηνθρώπει
3256 5423 3478 5496 καιρόν.

2181 5596 2336 5652 Οὕτω
2368 5597 2432 5668 δὴ
2467 5598 2671 5654 τούτων
2709 5598 2959 5672 ἐχόντων,
2997 5602 3057 5655 οὐ
3097 5601 3179 5657 δεῖ
3206 5600 3696 5676 ταράττεσθαιπδν

529 5689 572 5721 θ’
606 5688 707 5746 Isa.
739 5709 863 5760 xxv,
897 5697 960 5761 8;
993 5697 1116 5755 ()sc.
1153 5718 1269 5767 xm,
1311 5704 1389 5759 II.
1470 5706 1507 5738 ¹¹
1541 5705 1645 5762 Isa.
1680 5725 1801 5775 xxv,
1837 5711 1889 5764 8.
1974 5712 2011 5742 ¹¹
2044 5710 2164 5767 Ose.
2206 5728 2324 5778 xm,
2370 5713 2452 5767 II.
