3930 6202
277 227 393 285 285

1196 226 1850 284 DEMONSTRATIONIS
1890 224 2345 311 EVANCE‘LICIE
2387 225 2516 315 LIB.
2560 226 2647 284 iV.

3408 228 3514 281 283

278 347 432 410 νοῦν,
464 345 676 415 γένεσιν
705 346 797 401 xui
820 346 995 418 σῶμα,
1023 344 1115 399 xui
1141 345 1308 415 πάθη,
1340 346 1434 400 καὶ
1465 344 1691 399 θάνατον
1721 346 1829 418 περ

1947 345 2127 399 animo
2139 347 2463 416 perturbari,
2485 346 2700 401 tametsi
2712 355 2765 401 et
2776 356 2977 409 ortum.
2995 354 3049 404 et
3065 362 3283 417 corpus,
3300 353 3349 400 et
3365 346 3512 400 dolo-

276 441 371 497 τὸν
396 439 556 493 ἄῦλον
596 439 689 492 καὶ
731 437 1016 508 ἀσώματον
1042 436 1134 489 τοῦ
1164 436 1298 490 Θεοῦ
1345 438 1514 506 Λόγον
1564 437 1845 491 ἀκούοντα.

290 533 383 595 Ὠς
410 531 519 602 γὰρ
562 530 671 583 οὐδ’
715 530 935 601 ἡλιακοῦ
978 531 1151 601 φωτὸς
1193 529 1421 584 πάθοιέν
1452 547 1506 582 τι
1545 530 1757 593 ἀκτῖνες
1781 528 1849 582 τὰ

283 625 463 677 πάντα
498 622 817 695 πληροῦσαι,
847 624 939 676 καὶ
972 623 1236 692 σωμάτων
1268 622 1495 693 νεκρῶν,
1534 624 1627 675 xui
1658 624 1716 676 οὐ
1751 641 1850 676 κα-

287 715 471 787 θαρῶν
524 715 924 785 ἐφαπτόμεναι·
958 714 1090 768 πολὺ
1140 714 1298 768 πλέον
1337 718 1369 785 ὴ
1414 715 1701 784 ἀσώματος
1754 714 1846 768 τοῦ

279 806 417 859 θεοῦ
449 805 677 877 δύναμις
706 806 814 858 αὖτ’
838 805 902 859 ἂν
927 806 1084 859 πάθοι
1110 805 1206 876 τὴν
1227 805 1432 869 οὐσίαν,
1474 804 1583 857 οὒτ’
1619 806 1684 859 ἂν
1723 806 1846 876 βλα⁴

280 898 423 969 εείη,
465 897 580 950 οὔτ’
623 898 688 951 ἂν
730 898 923 969 χείρων
958 898 1085 951 ποτὲ
1119 898 1314 968 ἑαυτῆς
1336 897 1560 965 γένοιτο,
1600 896 1845 969 σώματος

279 991 590 1059 ἀσωμάτως
625 982 974 1060 ἐπαφωμένη.
1024 991 1088 1042 Τί
1143 989 1284 1060 γάρ;
1325 990 1444 1060 οὐχὶ¹
1484 992 1576 1043 xui
1610 988 1731 1059 δίχα
1751 990 1843 1042 τοῦ

278 1082 402 1136 καθ’
429 1082 458 1134 ὂ
487 1080 819 1153 ἑνηνθρώπει
846 1080 1112 1151 σώματος,
1139 1082 1223 1134 uel.
1248 1083 1340 1136 xui
1367 1081 1453 1135 διὰ
1474 1076 1670 1145 παντὸς
1697 1083 1844 1152 ἥκων

274 1176 344 1228 δι’
368 1175 500 1246 ὅλης
536 1174 636 1243 τῆς
670 1174 777 1225 τῶν
812 1174 1103 1243 στοιχείων,
1148 1175 1242 1227 καὶ
1279 1174 1455 1228 αὐτῶν
1496 1174 1559 1245 δὴ
1603 1174 1710 1227 τῶν
1742 1191 1845 1227 σω-

278 1265 469 1335 μάτων
492 1263 641 1335 ὕλης,
670 1252 757 1317 οἷά
792 1280 871 1326 τις
913 1263 1045 1316 Θεοῦ
1080 1264 1235 1333 λόγος
1265 1264 1337 1319 ὣν
1375 1266 1717 1336 δημιουργὸς,
1742 1267 1841 1337 τῆς

272 1356 334 1423 ἐξ
371 1354 536 1409 αὐτοῦ
571 1355 758 1423 σοφίας
798 1355 856 1407 ἐν
892 1354 1029 1425 αὐτῇ
1062 1355 1187 1418 τοὺς
1232 1355 1418 1424 λόγους
1444 1356 1843 1426 ἀποσφραγίζε-

270 1464 390 1510 ται,
436 1446 513 1518 τῷ
550 1448 644 1517 μὲν
683 1446 873 1517 ἀψύχῳ
927 1445 1089 1516 ζωὴν,
1138 1445 1214 1517 τῷ
1256 1446 1312 1500 δὲ
1343 1448 1573 1519 ἀμόρφῳ
1607 1448 1719 1500 ὄντι
1749 1448 1841 1501 xui

271 1544 452 1601 ἁειδεῖ
471 1542 564 1613 τὴν
594 1540 771 1611 φύσιν,
808 1541 1018 1612 μορφὴν
1051 1541 1570 1612 ὲναποτυπούμενος,
1601 1543 1669 1595 τά
1696 1558 1753 1593 τε
1785 1542 1841 1593 ἐν

271 1636 422 1708 αὐτῷ
447 1636 615 1706 κάλλη
655 1636 747 1688 xui
775 1635 873 1698 τὰς
918 1635 1239 1706 ἀσωμάτους
1281 1636 1421 1699 ἰδέας
1453 1638 1569 1699 ταῖς
1591 1635 1699 1688 τῶν
1732 1652 1837 1688 σω-

1949 452 2058 498 res.
2084 444 2138 490 et
2156 446 2405 500 mortem,
2437 438 2503 491 de
2524 437 2763 491 materia:
2778 439 2982 506 experti
3002 448 3161 509 atque
3190 439 3510 507 incorporeo

1953 527 2111 597 168
2128 526 2220 581 Dei
2242 525 2602 582 Verboaudis.
2629 526 2697 579 Ut
2728 527 2871 581 enim
2894 528 3091 583 solaris
3109 528 3326 582 luminis
3348 528 3506 592 radii,

1948 622 2075 674 licet
2098 620 2279 674 omnia
2301 621 2628 691 compleant,
2654 630 2705 674 et
2727 635 2952 690 corpora
2971 630 3181 675 mortua
3210 620 3510 675 sordentia-

1947 727 2051 781 que
2081 714 2367 783 attingant,
2402 713 2502 781 ipsi
2532 720 2712 766 tamen
2746 712 2879 766 nihil
2914 713 3211 782 patiuntur,
3243 713 3321 765 sic
3344 712 3506 765 etiam

1948 804 2227 871 multoque
2277 802 2449 872 magis
2502 801 2595 855 Dei
2647 802 2731 856 vis
2770 803 3093 872 incorporea
3144 811 3352 855 natura:
3394 816 3507 855 sua:

1947 893 2152 963 nullum
2214 909 2388 962 neque
2440 893 2845 947 incommodum
2897 909 3069 962 neque
3120 902 3505 947 nocumentum

1946 986 2193 1056 accipiet,
2223 1002 2398 1057 neque
2430 1001 2665 1055 unquam
2699 986 2876 1054 seipsa
2910 985 3149 1039 deterior
3180 985 3290 1047 ﬁet,
3312 1000 3502 1053 quam-

1945 1078 2028 1131 vis
2063 1078 2384 1147 incorporea
2440 1078 2673 1147 quadam
2724 1079 2934 1132 ratione
2998 1092 3199 1146 corpus
3248 1080 3501 1146 attingat.

1945 1167 2084 1234 Quid
2114 1169 2258 1223 enim
2284 1170 2408 1222 ?'An
2441 1184 2549 1223 non
2580 1170 2783 1239 absque
2823 1185 2888 1223 eo
2916 1169 2968 1223 in
2999 1185 3109 1239 quo
3132 1171 3293 1223 homo
3326 1169 3505 1225 factus

1943 1268 2027 1314 est
2054 1273 2303 1329 corpore,
2340 1275 2551 1330 semper
2584 1270 2745 1330 atque
2775 1278 3160 1332 usquequaque
3204 1277 3300 1332 per
3334 1269 3509 1315 totam

1942 1351 2332 1406 elementorum
2358 1352 2707 1424 ipsorumque
2720 1355 2878 1425 plane
2898 1369 3188 1423 corporum
3220 1354 3503 1407 materiam

1940 1453 2251 1513 penetrans,
2275 1454 2528 1514 tanquam
2560 1446 2607 1501 is
2636 1447 2726 1515 qui
2745 1445 2836 1501 Dei
2860 1447 2930 1500 sit
2953 1446 3090 1500 ratio
3122 1446 3364 1514 quaedam
3389 1444 3508 1513 opi-

1943 1533 2025 1589 fex
2058 1535 2337 1605 sapientia:
2368 1551 2488 1605 quae
2518 1535 2587 1590 ab
2633 1537 2752 1606 ipso
2783 1537 3173 1605 proﬁciscitur,
3204 1535 3259 1588 in
3293 1549 3355 1589 ea
3386 1534 3501 1603 ipsa

1940 1627 2177 1681 rationes
2209 1634 2261 1681 et
2283 1627 2486 1681 claudit
2534 1636 2587 1682 et
2607 1628 2844 1698 '_signat?
2874 1629 3001 1681 dum
3041 1628 3292 1683 videlicet
3320 1626 3503 1680 inani-

275 1730 466 1800 μάτων
499 1728 773 1798 ποιότησιν
820 1728 1340 1800 ὲναποματτόμενος,
1383 1728 1545 1781 κινῶν
1580 1728 1635 1781 δὲ
1660 1728 1726 1780 τά
1759 1727 1829 1798 τῷ

1939 1720 2044 1774 mis
2066 1720 2253 1786 vitam,
2284 1720 2608 1776 informibus
2641 1738 2767 1777 vero
2798 1730 2851 1777 et
2876 1722 3080 1775 nullam
3136 1728 3347 1774 natura:
3379 1736 3503 1789 spe-

268 1822 459 1891 οἰκείῳ
486 1820 628 1890 λόγῳ
672 1820 854 1890 ἀψυχα
891 1821 983 1873 xui
1021 1820 1268 1889 ἀκίνητα,
1306 1820 1429 1889 γῆν,
1473 1819 1636 1890 ὓδωρ,
1676 1819 1830 1890 ἀέρα,

272 1908 404 1978 πῦρ,
454 1907 721 1976 πάνσοφόν
755 1925 873 1959 τινα
927 1908 1018 1960 xui
1063 1909 1425 1979 παναρμόνιον
1469 1909 1699 1979 κίνησιν,
1743 1911 1835 1963 xui

265 2002 336 2053 τὰ
368 2000 549 2054 πάντα
578 1999 637 2063 ἐξ
671 1999 939 2068 ἀκοσμίας
973 1998 1210 2069 κοσμῶν,
1244 1998 1420 2065 αὕξων
1462 2016 1520 2051 τε
1560 1999 1651 2052 καὶ
1688 1998 1836 2051 τελε-

264 2093 557 2163 σιουργῶν,
585 2092 719 2162 αὑτῇ
754 2108 813 2142 τε
852 2090 1014 2161 ὲνθέῳ
1039 2092 1131 2143 καὶ
1164 2090 1352 2161 λογικῇ
1384 2091 1607 2161 δυνάμει
1648 2108 1834 2161 μονον-

264 2184 386 2253 ουχὶ
436 2181 601 2235 ἐπιὼν
646 2182 712 2233 τὰ
742 2181 936 2243 πάντα,
975 2180 1068 2233 xui
1096 2180 1182 2234 διὰ
1212 2181 1424 2233 πάντων
1460 2180 1650 2251 χωρῶν
1702 2180 1834 2233 πάν-

263 2292 375 2327 των
407 2292 467 2327 τε
500 2274 891 2343 ἐφαπτόμενος,
936 2272 1048 2325 ἀλλ’
1079 2271 1196 2325 οὔτι
1237 2289 1300 2341 γε
1349 2271 1549 2342 βλάϐην
1592 2276 1655 2326 ὲκ
1690 2272 1833 2337 τινὸς

264 2366 623 2437 ἑπαγόμενος,
673 2365 790 2418 οὐδὲ
839 2364 935 2435 τὴν
978 2364 1136 2434 φύσιν
1199 2364 1367 2434 αὐτὴν
1434 2363 1827 2435 μολυνόμενος;

264 2460 409 2513 οὕτω
438 2459 499 2532 δὴ
532 2459 598 2511 τά
633 2458 770 2511 κατά
798 2456 966 2509 ταῦτα
990 2458 1084 2509 καὶ
1106 2459 1162 2510 ὲν
1197 2455 1499 2528 ἀνθρώποις
1524 2457 1826 2528 γενόμενος,

265 2548 435 2601 πάλαι
479 2550 575 2619 μὲν
617 2545 839 2619 βραχέσι
878 2548 973 2599 καὶ
1008 2544 1221 2619 ἀριθμῷ
1257 2546 1500 2616 ληπτοῖς,
1557 2545 1736 2611 μόνοις
1774 2547 1829 2601 δὲ

260 2642 376 2702 τοῖς
410 2637 771 2709 ἀναγράπτοις
809 2636 1112 2707 προφήταις
1148 2651 1205 2686 τε
1247 2635 1338 2709 καὶ
1364 2635 1586 2698 δικαίοις
1638 2635 1833 2706 ἀνδρά-

267 2748 376 2795 σιν,
405 2730 590 2784 ἄλλοτε
618 2729 787 2792 ἄλλως
813 2728 1078 2797 ἐφαίνετο,
1119 2728 1211 2781 ἐπὶ
1242 2728 1382 2780 τέλει
1425 2728 1480 2780 δὲ
1511 2730 1622 2793 τοῖς
1667 2730 1830 2781 πᾶσιν

264 2824 390 2892 ἤδη,
416 2822 634 2892 φαύλοις
664 2840 721 2874 τε
744 2822 838 2875 xui
866 2814 1133 2886 ἀσεϐέσιν,
1174 2820 1442 2891 Ἑϐραίοις
1470 2838 1528 2873 τε
1563 2818 1695 2891 ὁμοῦ
1735 2822 1829 2874 xui

266 2914 495 2985 Ἕλλησι
535 2914 600 2967 δι’
648 2912 1087 2983 ὑπερϐάλλουσαν
1129 2912 1221 2965 τοῦ
1266 2910 1576 2979 παναγάθου
1617 2910 1828 2983 Πατρὸς

263 3008 604 3080 χρηστότητα
649 3009 742 3061 καὶ
785 3006 1184 3078 φιλανθρωπίαν
1244 3006 1586 3078 εὐεργετικὸν
1639 3006 1827 3061 ἑαυτὸν
1856 3046 1896 3102 C

263 3101 362 3153 xui
395 3103 651 3170 σωτήριον
674 3098 981 3170 παρείχετο,
1011 3097 1301 3169 διαρρήδην
1331 3097 1488 3150 τοῦτο
1520 3099 1830 3170 προκηρύτ-

260 3208 379 3247 των
403 3233 417 3247 .
458 3210 476 3241 ι
509 3191 580 3243 Οὐ
614 3192 789 3261 χρείαν
827 3189 1037 3259 ἔχουσιν
1069 3191 1114 3241 οἰ
1165 3188 1434 3258 ἰσχύοντες
1462 3188 1664 3258 ἰατροῦ,
1695 3188 1830 3241 ἀλλά

260 3286 315 3336 οἰ
347 3300 533 3345 κακως
559 3282 785 3352 ἔχοντες
815 3283 915 3334 οὐκ
960 3277 1120 3352 ἦλθον
1164 3280 1385 3332 καλέσαι
1415 3279 1673 3343 δικαίους,
1714 3279 1827 3332 ἀλλ’

258 3373 615 3445 ἁμαρτωλοὺς
646 3374 724 3436 εἰς
754 3373 1057 3443 μετάνοιαν.
1091 3389 1109 3421 ι
1148 3370 1359 3423 Ἐκάλει
1387 3370 1520 3440 δῆτα
1560 3374 1588 3424 ό
1615 3371 1828 3424 πάντων

256 3466 472 3536 Σωτὴρ,
511 3484 529 3516 ι
561 3464 743 3530 Δεῦτε,
769 3464 961 3531 λέγων,
991 3462 1126 3533 πρὸς
1156 3461 1220 3531 μὲ
1246 3462 1442 3524 πάντες
1464 3463 1511 3513 οἰ
1538 3461 1827 3526 κοπιῶντες

258 3558 355 3610 καὶ
396 3555 835 3627 πεφορτισμένοι,
875 3551 1029 3622 κάγὼ
1070 3552 1367 3606 ἀναπαύσω
1392 3555 1552 3623 ὑμᾶς’
1595 3574 1613 3605 ι
1646 3554 1826 3609 ἐκάλει

257 3649 353 3702 καὶ
395 3649 511 3700 ἰᾶτο
553 3646 796 3715 ἀφθόνως
834 3645 898 3698 δι’
941 3645 1191 3717 ὀργάνου,
1237 3640 1295 3698 οὗ
1332 3645 1699 3717 προύϐἐδλητο
1731 3648 1828 3700 ἀν-

257 3740 549 3813 θρωπίνου,
584 3735 672 3793 οἷά
711 3755 794 3801 τις
837 3738 1091 3809 μουσικὸς
1126 3738 1263 3810 ἀνὴρ
1288 3738 1375 3791 διὰ
1404 3738 1503 3808 τῆς
1532 3738 1699 3809 λύρας
1729 3740 1825 3810 τὴν

257 3834 453 3902 σοφίαν
506 3831 978 3900 ἐπιδεικνύμενος,
1045 3830 1137 3884 καὶ
1189 3828 1468 3892 νοσούσαις
1512 3847 1574 3897 γε
1628 3830 1826 3899 ψυχαῖς

254 3929 372 3991 ταῖς
394 3926 453 3977 ὲν
476 3924 738 3995 σώμασιν,
760 3918 849 3975 οἷά
872 3941 952 3987 τις
983 3922 1180 3995 ἰατρῶν
1207 3922 1443 3994 ἀριστος,
1468 3925 1715 3990 συγγενεῖ
1734 3923 1825 3974 καὶ

255 4016 573 4088 καταλλήλῳ
645 4015 948 4086 βοηθήματι
1019 4015 1111 4069 τὸν
1188 4014 1472 4085 ἄνθρωπον
1540 4014 1699 4076 αὑτός
1765 4030 1822 4065 τε

253 4110 446 4163 ἑαυτὸν
472 4108 770 4177 ὑπόδειγμα
806 4105 969 4176 σοφοῦ
996 4108 1087 4159 xui
1120 4106 1419 4177 παναρέτου
1455 4105 1547 4158 xui
1572 4106 1823 4169 εὐσεϐοῦς

253 4203 547 4274 παρείχετο
591 4200 741 4270 βίου,
798 4199 1060 4253 διδάσκων
1113 4200 1210 4269 μὲν
1258 4198 1326 4251 τὰ
1363 4199 1534 4269 ἀληθῆ
1584 4199 1642 4252 οὐ
1692 4198 1820 4268 παρ’

252 4296 455 4366 ἑτέρων
516 4292 888 4365 ⁴πἰροινισμένοι,
946 4291 1004 4358 ἐξ
1062 4291 1231 4345 αὑτοῦ
1273 4292 1463 4345 δὲκαὶ
1518 4291 1667 4363 παρά
1725 4290 1818 4344 τοῦ

252 4385 465 4459 Πατρὸς
523 4385 590 4438 τά
652 4384 817 4438 πάλαι
869 4384 962 4437 xui
1020 4384 1084 4437 ὲκ
1130 4383 1339 4454 μακροῦ
1366 4383 1456 4436 τοῦ
1491 4383 1680 4448 αἰῶνος
1710 4386 1820 4446 τοῖς

252 4476 515 4531 ἀνέκαθεν
541 4474 806 4543 θεοφιλέσι
835 4473 928 4526 καὶ
966 4477 1077 4537 τοῖς
1106 4473 1212 4544 πρὸ
1247 4473 1521 4535 Μωῦσέως
1555 4471 1818 4543 Ἑϐραίοις

250 4565 733 4637 νενομοθετημένα.
782 4563 1057 4633 Σωμάτων
1102 4563 1158 4615 δὲ
1201 4563 1295 4632 οὑχ
1344 4559 1505 4633 ἧττον
1552 4562 1585 4633 ἢ
1631 4562 1816 4632 ψυχῶν

250 4660 641 4731 ἐπιμελόμενος
661 4697 674 4721 ,
714 4658 807 4711 καὶ
846 4658 1127 4728 σαρκικοῖς
1163 4656 1257 4726 μὲν
1288 4655 1587 4727 ἀνθρώπων
1618 4654 1817 4725 ὀφθαλ-

254 4755 374 4822 μοῖς
395 4751 462 4804 τὰ
485 4750 571 4803 διὰ
594 4750 694 4819 τῆς
716 4748 915 4819 σαρκὸς
939 4747 1087 4818 αὐτῷ
1111 4747 1360 4819 δρώμενα
1385 4745 1813 4818 παρασκευάζων

248 4844 402 4914 ὀρᾷν.
431 4843 619 4904 ἀκοαῖς
655 4840 711 4891 δὲ
753 4838 911 4892 πάλιν
956 4838 1157 4908 σαρκὸς
1190 4837 1289 4901 τὰς
1326 4837 1412 4891 διὰ
1442 4836 1686 4908 γλώττης
1721 4837 1814 4889 καὶ

250 4935 452 5005 σαρκὸς
483 4931 704 5002 ὑπηχῶν
734 4930 1099 4993 διδασκαλίας,
1134 4931 1228 4983 xui
1261 4930 1436 4983 πάντα
1462 4946 1523 4996 γε
1558 4929 1815 4983 ἐπιτελῶν

248 5027 314 5078 δι’
353 5018 414 5077 οῦ
441 5024 724 5095 ἀνείληφεν
755 5022 1041 5093 ἀνθρώπου
1063 5062 1077 5085 ,
1114 5025 1225 5085 τοῖς
1256 5024 1355 5075 οὐκ
1385 5022 1610 5093 ἄλλωςῆ
1644 5024 1818 5093 μόνως

248 5117 423 5179 οὕτως
446 5117 542 5186 τῆς
567 5115 729 5169 αὐτοῦ
761 5115 1033 5185 θειότητος
1066 5114 1444 5167 συναισθέσθαι
1476 5114 1810 5184 δυναμένοις.

248 5212 435 5263 Ταῦτα
476 5210 540 5278 δὴ
577 5206 669 5262 οὖν
711 5209 926 5263 ἅπαντα
971 5208 1050 5269 εἰς
1080 5207 1141 5260 τὸ
1173 5209 1471 5279 χρήσιμον,
1513 5212 1606 5261 xui
1650 5209 1813 5261 πᾶσιν

244 5307 382 5375 ἡμῖν
406 5303 675 5372 ὠφέλιμον
696 5304 723 5355 ό
752 5302 928 5357 πάντα
954 5300 1328 5371 φιλάνθρωπος
1356 5301 1448 5354 τοῦ
1478 5300 1610 5355 Θεοῦ
1644 5302 1814 5370 Λόγος

242 5400 368 5460 ταῖς
402 5398 692 5467 πατρικαῖς
719 5393 931 5463 βουλαῖς
960 5392 1255 5464 διηκονεῖτο
1273 5434 1288 5457 ,
1321 5395 1497 5465 μένων
1529 5394 1688 5448 πάλιν
1718 5395 1814 5448 αύ-

242 5488 338 5552 τδς
370 5487 529 5550 ἆῦλος
572 5485 664 5538 xui
696 5482 985 5554 ἀσώματος
1004 5524 1020 5548 ,
1063 5480 1171 5546 οἷος
1214 5484 1308 5537 καὶ
1335 5484 1531 5557 προτοῦ
1564 5486 1712 5557 παρὰ
1737 5485 1814 5556 τῷ

322 5668 363 5700 ⁸³
397 5667 532 5720 Luc.
570 5684 621 5731 v,
650 5667 737 5735 3|,
770 5667 857 5723 '52.
940 5667 980 5699 ¹⁵
1014 5665 1199 5723 Matth.
1234 5684 1307 5730 τι.
1337 5667 1425 5722 28.

1938 1813 2075 1867 ciem
2133 1814 2497 1880 habentibus,
2535 1816 2767 1870 formam
2809 1816 3143 1885 ﬁguramque
3200 1814 3498 1882 imprimit;

1936 1926 2183 1980 quasque
2211 1911 2265 1964 in
2297 1926 2354 1965 se
2380 1912 2541 1966 habet
2573 1911 3016 1981 pulchritudines
3040 1911 3507 1979 incorporeasque

1935 2002 2163 2071 species,
2195 2017 2479 2071 corporum
2504 2003 2857 2072 qualitatibus
2892 2003 3180 2064 immiscet,
3212 2010 3502 2072 movetque

1934 2108 1996 2146 ea
2027 2108 2147 2163 quae
2198 2108 2297 2147 sua
2329 2093 2569 2163 ipsorum
2610 2093 2823 2148 ratione
2874 2093 3113 2147 inanima
3170 2092 3504 2163 immotaque

1935 2194 2079 2251 sunt,
2122 2192 2342 2248 terram,
2378 2200 2595 2255 aquam,
2625 2202 2827 2253 aerem,
2860 2186 3062 2254 ignem,
3096 2185 3502 2254 sapientissimo

1932 2278 2164 2347 quodam
2193 2278 2447 2346 omnique
2479 2279 2844 2332 concinnitate
2876 2276 3077 2331 referto
3110 2287 3260 2331 motu
3290 2295 3304 2343 ;
3334 2286 3499 2347 atque

1932 2368 2147 2422 ordinat
2175 2370 2356 2423 omnia
2388 2384 2724 2440 quaecunque
2773 2369 3079 2423 inordinata
3104 2376 3253 2431 sunt,
3279 2368 3499 2423 eadem-

1931 2476 2034 2529 que
2057 2468 2214 2531 auget
2244 2476 2306 2514 ac
2340 2461 2549 2531 perﬁcit
2586 2479 2600 2526 ;
2639 2476 2703 2515 ac
2735 2476 2833 2516 sua
2859 2461 3031 2530 ipsius
3054 2460 3236 2514 divina
3264 2460 3499 2514 rationa-

1931 2553 2075 2623 lique
2110 2554 2308 2608 virtute
2337 2554 2546 2608 accedit
2580 2553 2646 2607 ad
2678 2553 2861 2607 omnia
2897 2567 2960 2605 ac
2991 2568 3086 2621 per
3119 2552 3300 2606 omnia
3333 2568 3499 2621 pene-

1930 2652 2059 2705 trat,
2120 2645 2413 2714 omniaque
2463 2644 2898 2713 attingit,neque
2949 2648 3129 2697 tamen
3184 2642 3496 2697 nocumenti

1931 2736 2225 2806 quidquam
2255 2752 2320 2790 ex
2355 2752 2541 2790 earum
2592 2750 2772 2789 rerum
2821 2735 3001 2804 aliqua
3052 2734 3260 2797 trahit,
3322 2750 3499 2803 neque

1931 2843 2082 2882 suam
2111 2827 2281 2896 ipsius
2314 2835 2562 2880 naturam
2599 2825 2950 2895 coinquinat?
2982 2825 3181 2879 Eadem
3207 2828 3386 2894 itaque
3412 2833 3497 2879 est

1930 2918 2089 2981 ratio,
2123 2918 2252 2969 dum
2282 2917 2445 2970 etiam
2474 2917 2616 2970 inter
2647 2916 2896 2969 homines
2930 2915 3097 2985 degit,
3125 2915 3250 2969 illos
3273 2914 3493 2985 quidem

1929 3013 2086 3059 antea
2122 3020 2325 3075 paucos
2357 3014 2409 3061 et
2443 3006 2831 3066 numerabiles,
2880 3005 3026 3059 solos
3062 3005 3250 3075 utique
3282 3021 3397 3068 eos,
3427 3004 3497 3059 de

1930 3099 2127 3168 quibus
2156 3097 2419 3166 scriptum
2453 3108 2553 3159 est,
2578 3098 2866 3166 prophetas
2890 3098 3178 3167 justosque
3205 3100 3374 3162 viros,
3398 3098 3493 3155 iis-

1928 3206 2034 3259 que
2064 3190 2199 3245 alias
2250 3190 2407 3244 aliter
2436 3205 2494 3244 se
2527 3190 2765 3244 ostendit
2796 3210 2810 3243 :
2868 3181 3165 3245 novissime
3199 3206 3328 3246 vero
3376 3191 3491 3259 jam

1928 3282 2181 3337 omnibus
2213 3282 2368 3335 malis
2397 3282 2686 3351 impiisque
2719 3289 2771 3335 et
2803 3280 3041 3335 Hebraeis
3069 3282 3228 3334 simul
3259 3289 3311 3334 et
3344 3282 3495 3337 Grato

1928 3373 2027 3436 cis,
2052 3390 2118 3428 ex
2153 3374 2449 3427 abundanti
2479 3374 2669 3443 optimi
2712 3372 2888 3445 Patris
2923 3374 3165 3428 bonitate
3198 3389 3493 3444 amoreque

1926 3480 2052 3535 erga
2096 3465 2365 3528 homines,
2416 3465 2740 3520 beneﬁcium
2787 3465 3027 3535 seipsum
3085 3466 3493 3537 salutaremque

1932 3556 2186 3621 exhibet,
2238 3557 2396 3625 plane
2428 3557 2532 3611 hoc
2569 3558 2746 3627 ipsum
2775 3572 2837 3611 ac
2873 3558 3087 3629 publice
3135 3559 3486 3614 denuntians.

1932 3664 1949 3696 ι
1992 3644 2109 3699 Non
2140 3646 2400 3716 indigent,
2433 3647 2636 3715 inquit,
2687 3648 2823 3702 bene
2850 3649 3093 3703 valentes
3127 3649 3488 3712 medico,esed

1925 3740 2065 3794 male
2095 3740 2354 3795 habentes
2389 3757 2403 3794 :
2442 3755 2549 3794 non
2582 3741 2705 3795 veni
2737 3749 2793 3794 ut
2840 3755 3089 3795 vocarem
3142 3742 3322 3810 justos
3346 3781 3361 3805 ,
3393 3742 3490 3796 sed

1928 3839 2240 3900 peccatores
2269 3832 2335 3885 ad
2368 3830 2744 3901 pmnitentiam
2777 3833 2842 3887 ”.
2876 3851 2894 3883 ι
2925 3830 3164 3886 Vocabat
3193 3848 3323 3902 ergo
3366 3832 3490 3888 Sal-

1925 3930 2076 3974 valor
2107 3922 2344 3975 omnium
2372 3921 2559 3975 dicens
2598 3936 2611 3972 :
2647 3937 2664 3969 ‹
2697 3918 2887 3987 Venite
2927 3922 2991 3972 ad
3034 3935 3139 3983 me,
3172 3935 3362 3973 omnes
3394 3919 3489 3988 qui

1926 4014 2183 4068 laboratis
2212 4023 2264 4067 et
2303 4014 2512 4067 onerati
2551 4013 2707 4079 estis,
2747 4023 2800 4067 et
2828 4028 2926 4083 ego
2953 4012 3188 4065 reficiam
3226 4027 3320 4066 vos
3357 4010 3419 4064 ³⁵.
3462 4030 3482 4062 ι

1927 4104 2167 4157 Vocabat
2195 4119 2255 4157 ac
2286 4103 2513 4157 sanabat
2554 4104 2879 4165 liberaliter,
2907 4118 3001 4171 per
3029 4103 3159 4155 illud
3190 4102 3487 4155 humanum

1924 4198 2345 4250 instrumentum
2380 4196 2523 4264 quod
2556 4212 2666 4265 prae
2702 4212 2760 4251 se
2781 4196 3005 4259 ferebat,
3042 4194 3207 4248 veluti
3256 4194 3479 4264 quidam

1923 4290 2167 4345 rnusicus
2195 4290 2298 4353 vir,
2332 4289 2422 4359 qui
2455 4305 2549 4358 per
2574 4290 2741 4361 lyram
2761 4301 2921 4358 quam
2957 4288 3029 4342 sit
3055 4289 3248 4343 doctus
3294 4297 3486 4345 osten-o

1853 4385 1893 4437 D
1922 4383 2019 4444 dit,
2055 4398 2155 4436 nec
2182 4398 2289 4437 non
2313 4383 2701 4454 aegrotantibus
2715 4384 2911 4437 animis
2933 4383 3020 4442 iis.
3057 4397 3177 4451 quae
3206 4382 3260 4435 in
3292 4395 3489 4451 corpo-

1918 4475 2071 4530 ribus
2087 4475 2350 4545 degebant
2380 4475 2545 4529 veluti
2571 4475 2810 4546 Optimus
2838 4474 3484 4544 quidammedicus,dum

1915 4576 2140 4635 cognata
2154 4569 2579 4637 congruentique
2596 4583 2695 4637 ope
2713 4569 2887 4637 ipsum
2904 4566 3175 4620 hominem
3190 4567 3487 4635 curat,ipse

1919 4660 2158 4729 seipsum
2200 4662 2473 4729 exemplar
2495 4660 2644 4713 omni
2699 4659 2965 4727 sapientia
2995 4659 3250 4727 omnique
3283 4658 3486 4710 virtute

1918 4753 2130 4807 referta:
2147 4753 2266 4807 vitae
2283 4749 2916 4822 praebebat,doccbatque
2940 4751 3154 4805 interim
3174 4749 3479 4809 veritatem,

1925 4843 2082 4913 169
2102 4858 2206 4896 non
2242 4858 2403 4913 quam
2434 4843 2501 4897 ab
2545 4842 2666 4897 aliis
2692 4844 3060 4912 compilasset,
3096 4840 3187 4894 sed
3214 4853 3333 4893 eam
3363 4852 3485 4906 quae

1920 4946 1973 4990 et
2005 4952 2033 4989 a
2067 4936 2248 5005 seipso
2294 4943 2348 4990 et
2377 4951 2409 4989 a
2440 4936 2618 5000 Patre,
2664 4936 2860 5005 priscis
2905 4936 3033 4997 illis,
3070 4937 3161 5004 qui
3198 4942 3303 4984 tam
3340 4932 3483 4985 mul-

1923 5030 1995 5085 tis
2050 5038 2177 5085 ante
2221 5032 2434 5087 szeculis
2490 5046 2519 5084 a
2559 5039 2748 5086 nostra
2792 5038 2948 5085 aetate
2978 5027 3167 5098 procul
3211 5027 3480 5087 vixerant,

1921 5120 2013 5176 Dei
2035 5123 2246 5184 amicis,
2275 5124 2366 5192 qui
2395 5133 2517 5177 ante
2548 5122 2748 5177 Mosem
2777 5121 3078 5175 ﬂoruerunt
3103 5116 3364 5177 Hebraeis,
3390 5131 3483 5170 ve-

1921 5209 2018 5262 luti
2062 5211 2145 5263 lex
2192 5210 2437 5279 quaedam
2475 5212 2721 5282 exposita
2769 5220 2953 5265 esset:
2999 5216 3051 5264 et
3089 5222 3318 5276 corpora
3361 5207 3481 5274 ipsa

1919 5319 2026 5356 non
2062 5304 2241 5357 minus
2281 5305 2506 5359 curabat
2549 5320 2709 5374 quam
2757 5304 2967 5357 animas
2998 5322 3010 5355 :
3042 5316 3164 5356 nam
3199 5298 3480 5368 corporeis

1919 5395 2137 5464 quidem
2175 5396 2458 5451 hominum
2504 5398 2700 5461 oculis,
2742 5412 2860 5465 qua:
2887 5409 2979 5465 per
3019 5408 3218 5462 corpus
3262 5392 3331 5446 ab
3362 5391 3481 5461 ipso

1919 5486 2139 5553 ﬁebant,
2176 5488 2433 5544 intuenda
2464 5488 2835 5558 comparabat,
2864 5499 3161 5555 rursusque
3203 5488 3481 5554 corporeis
