3914 6198
458 223 563 278 287

1123 222 1393 279 EUSEBH
1432 221 1914 278 CAESARIENSIS
1950 221 2099 277 OPP.
2140 220 2341 276 PARS.
2383 221 2423 276 Ι.
2462 253 2530 262 -
2567 221 3068 279 APOLOGETICA.

3561 223 3669 278 9.88

461 341 686 398 auribus
712 341 1033 406 doctrinam,
1059 355 1154 409 per
1185 354 1503 410 corpoream
1552 341 1736 396 itidem
1777 307 2008 411 linguam

2117 339 2292 410 Πατρὶ
2316 335 2406 410 ἦν,
2429 337 2552 392 οὗτε
2599 335 2916 410 μεταϐαλὼν
2952 337 3050 410 τὴν
3084 336 3298 399 οὐσίαν,
3335 335 3444 389 οὐδ’
3477 336 3672 406 ἀφανι-

459 431 768 494 insonabat,
828 444 930 484 nec
985 445 1095 483 non
1145 430 1326 484 omnia
1388 430 1704 501 perﬁciebat
1750 447 1847 501 per
1893 447 2018 486 eum

459 537 619 592 quem
664 529 1034 588 assumpserat
1095 519 1405 587 hominem,
1459 521 1528 576 iis
1557 522 1651 592 qui
1705 536 1814 575 non
1863 521 2018 576 aliter

458 626 619 680 quam
657 611 737 664 sic
765 608 1030 663 duntaxat
1058 611 1230 680 ipsius
1259 609 1596 666 divinitatem
1626 611 1830 666 sentire
1867 621 2017 682 pote-

459 708 600 754 rant.
646 699 767 754 llaac
802 716 1037 772 namque
1066 703 1247 756 omnia
1296 701 1361 756 ad
1409 719 1568 757 usum
1615 710 1779 774 atque
1810 703 2018 757 utilita-

457 809 564 848 tem
586 794 828 848 omnium
856 804 1124 858 nostrum,
1151 795 1444 850 humanum
1465 813 1637 866 genus
1658 796 1804 850 omni
1831 811 2018 866 prose-

455 901 628 953 quens
655 901 840 940 amore
872 885 964 940 Dei
1003 885 1262 950 Verbum,
1308 888 1547 957 paternis
1577 889 1822 944 consiliis
1844 887 2016 943 admi-

456 976 746 1043 nistrabat,
789 977 903 1046 ipse
937 977 1150 1031 interim
1197 993 1390 1033 rursus
1437 987 1489 1033 et
1528 978 1766 1033 materiae
1797 993 2012 1048 expers,

458 1075 512 1122 et
558 1068 911 1136 incorporeus
958 1082 1204 1134 manens,
1249 1068 1554 1136 cuiusmodi
1596 1069 1759 1122 etiam
1808 1069 2014 1140 pridem

463 1158 604 1228 apud
640 1155 853 1211 Patrem
881 1163 1018 1218 erat,
1044 1173 1218 1226 neque
1250 1164 1466 1212 mutans
1493 1160 1805 1226 essentiam,
1840 1175 2016 1229 neque

462 1249 716 1320 perdens,
759 1246 904 1318 quod
943 1263 1056 1302 sua:
1099 1247 1273 1317 ipsius
1309 1255 1518 1302 natura:
1550 1250 1828 1319 proprium
1873 1258 2012 1316 erat,

461 1357 636 1411 neque
671 1356 797 1394 vero
845 1347 938 1393 aut
981 1341 1228 1410 corporis
1271 1340 1503 1396 vinculis
1555 1341 1880 1411 impeditus,
1924 1352 2017 1398 aut

457 1449 486 1486 a
527 1448 625 1487 sua
659 1432 941 1487 divinitate
984 1431 1247 1500 dejectus,
1288 1447 1351 1486 ac
1389 1448 1458 1488 ne
1497 1433 1852 1490 domesticam
1889 1437 2014 1506 qui-

454 1528 576 1584 dem
609 1526 769 1582 Verbi
802 1534 1122 1597 potestatem
1157 1528 1433 1591 amittens,
1465 1527 1560 1584 sed
1596 1545 1772 1599 neque
1803 1531 1891 1592 iis,
1919 1531 2013 1600 qui

453 1620 566 1674 illic
591 1619 810 1690 quidem
836 1619 928 1673 ubi
957 1619 1057 1688 ipsi
1095 1617 1390 1672 humanum
1426 1633 1522 1674 vas
1559 1620 1766 1685 aderat,
1798 1619 2015 1690 degeret

2116 429 2262 495 σθεὶς
2297 431 2395 501 τῆς
2428 430 2619 485 ἐαυτοῦ
2671 430 2832 494 αὐτὸς
2870 428 3116 498 φύσεως,
3162 427 3280 480 οὑδὲ
3325 443 3389 497 γε
3435 429 3544 490 τοῖς
3572 427 3673 499 τῆς

2115 521 2314 593 σαρκὸς
2339 522 2554 592 δεσμοῖς
2587 521 2840 593 πεδηθεὶς
2858 560 2872 582 ,
2899 519 3019 573 ούδέ
3050 517 3338 572 ἀποπεσὼν
3364 519 3462 590 τῆς
3488 518 3675 590 θεότη-

2111 629 2235 676 τος,
2271 612 2384 665 ἀλλ*
2413 613 2534 666 οὐδὲ
2570 611 2668 683 τὴν
2711 611 2916 664 οῑκείαν
2964 609 3058 663 τοῦ
3091 609 3261 676 Λόγου
3297 609 3675 680 παραπολέσας

2112 702 2338 773 δύναμιν
2357 742 2372 766 ,
2418 703 2526 756 οὐδ’
2558 696 2658 756 ὧδε
2712 703 2808 773 μὲν
2839 701 2965 755 ἔνθα
2992 697 3058 772 ἦν
3093 699 3239 770 αὐτῷ
3281 700 3342 753 τὸ
3372 700 3675 774 ἀνθρώπιον

2117 794 2308 858 σκεῦος
2333 793 2431 856 τὰς
2462 793 2742 864 διατριϐάς
2774 792 3109 862 ποιούμενος,
3136 793 3192 843 ἐν
3223 790 3429 863 ἑτέροις
3456 791 3510 843 δὲ
3532 786 3673 846 εἶναι

2112 884 2206 938 τοῦ
2239 883 2436 946 παντὸς
2468 882 2859 954 κεκωλυμένος.
2909 882 3066 935 Ἀλλὰ
3093 881 3198 951 γάρ
3226 882 3319 936 καὶ
3355 883 3413 935 ἐν
3452 881 3528 952 τῷ
3551 883 3676 938 τότε

2114 974 2216 1029 καθ
2235 977 2248 997 ’
2269 975 2297 1027 ὂ
2318 979 2374 1029 ἐν
2403 973 2705 1048 ἀνθρώποις
2735 975 3086 1041 ἐπολιτεύετο,
3109 973 3179 1027 τὰ
3209 975 3383 1029 πάντα
3414 974 3674 1046 ἐπλήρου,

2115 1066 2206 1120 καὶ
2245 1065 2322 1137 τῷ
2354 1067 2528 1137 Πατρὶ
2571 1066 2770 1137 συνῆν,
2808 1067 2901 1120 καὶ
2945 1069 3000 1120 ἐν
3031 1066 3177 1137 αὐτῷ
3213 1083 3276 1135 γε
3306 1061 3402 1137 ἦν,
3439 1066 3534 1120 καὶ
3565 1067 3676 1120 τῶν

2114 1159 2329 1212 πάντων
2357 1159 2564 1230 ἀθρόως
2603 1159 2694 1212 καὶ
2729 1161 2786 1212 ἐν
2817 1157 2892 1228 τῷ
2917 1159 3034 1213 τότε
3065 1159 3173 1212 τῶν
3197 1177 3255 1212 τε
3291 1161 3410 1213 κατ’
3447 1158 3678 1232 οὐρανὸν

2112 1251 2206 1304 καὶ
2233 1251 2324 1304 ἐπὶ
2355 1251 2458 1321 γῆς
2484 1251 2794 1322 ἐπεμέλετο,
2812 1250 3059 1322 οὐδαμῶς
3079 1251 3176 1322 τῆς
3203 1251 3506 1322 πανταχόσε
3536 1269 3681 1323 παρ-

2115 1343 2299 1408 ουσίας
2353 1343 2551 1415 ὁμοίως
2587 1346 2719 1414 ἡμῖν
2753 1344 3268 1414 ἀποκεκλεισμένος,
3313 1344 3431 1398 οὐδὲ
3462 1343 3533 1397 τὰ
3565 1343 3683 1398 θεῖα

2114 1437 2368 1508 πράττειν
2422 1435 2662 1506 συνήθως
2705 1435 3231 1507 παραποδιζόμενοςο
3274 1436 3409 1490 ἀλλά
3453 1437 3526 1490 τὰ
3584 1437 3682 1507 μὲν

2113 1527 2172 1591 ἐξ
2199 1525 2361 1580 αὑτοῦ
2399 1526 2708 1597 μεταδιδοὺς
2735 1524 2812 1597 τῷ
2835 1524 3138 1597 ἀνθρώπῳ,
3167 1527 3234 1579 τά
3262 1526 3307 1579 δ’
3337 1528 3401 1580 ἐκ
3428 1526 3522 1580 τοῦ
3553 1525 3683 1598 θνη-

2115 1615 2208 1668 τοῦ
2238 1616 2311 1686 μὴ
2349 1615 2789 1686 ἀντιλαμϐάνων·
2818 1615 2909 1668 καὶ
2935 1616 3033 1686 τῆς
3065 1616 3162 1686 μέν
3189 1615 3370 1670 ἐνθέου
3399 1617 3683 1686 δυνάμεως

453 1719 688 1776 tantum,
731 1711 783 1764 in
827 1710 949 1766 aliis
983 1726 1110 1765 vero
1146 1711 1386 1768 universi
1431 1713 1678 1782 partibus
1721 1727 1842 1768 esse
1881 1727 2008 1781 pro-

2112 1704 2188 1775 τῷ
2217 1705 2392 1777 θνητῷ
2427 1706 2674 1776 χορηγῶν
2695 1747 2709 1772 ,
2745 1707 2842 1777 τῆς
2867 1705 2923 1759 δὲ
2954 1707 3019 1759 ἐκ
3047 1707 3138 1760 τοῦ
3169 1706 3361 1778 θνητοῦ
3391 1709 3683 1778 μετουσίας

453 1801 747 1857 hiberetur.
788 1801 997 1858 Etenim
1024 1812 1152 1859 tunc
1190 1821 1408 1876 quoque
1446 1821 1568 1859 cum
1595 1806 1736 1870 inter
1765 1806 2012 1861 homines

451 1894 791 1958 versabatur,
829 1895 1181 1952 nihilominus
1233 1897 1415 1950 omnia
1441 1890 1766 1967 complebat,
1795 1897 2010 1952 interim

451 1993 653 2040 chum
681 1985 840 2042 Patre
863 1997 916 2042 et
946 1988 999 2042 in
1033 1987 1191 2044 Patre
1216 1989 1355 2044 idem
1389 1998 1527 2053 erat,
1562 1999 1615 2043 et
1644 1990 1885 2043 omnium
1925 2005 2014 2045 re-

452 2092 573 2130 rum
623 2079 826 2148 pariter
877 2081 930 2134 in
978 2080 1167 2137 eodem
1230 2090 1490 2152 tempore,
1551 2090 1660 2136 tam
1705 2082 2008 2137 cwlestium

449 2185 611 2239 quam
639 2172 980 2226 terrestrium
1019 2187 1208 2227 curam
1234 2173 1488 2243 gerebat;
1521 2188 1792 2244 nusquam
1825 2173 1894 2226 ab
1918 2173 2010 2227 illa

451 2262 761 2331 praesentia,
814 2277 922 2332 qua
973 2264 1186 2318 cunctis
1223 2264 1385 2319 rebus
1427 2264 1580 2320 adest
1627 2272 1818 2320 nostro
1862 2279 2012 2326 more

447 2353 724 2412 exclusus,
756 2366 930 2421 neque
961 2352 1167 2415 divina,
1204 2369 1271 2408 ne
1301 2364 1661 2425 ageretmore
1683 2369 1804 2417 suo,
1841 2355 2012 2424 impe-

449 2442 618 2504 ditus,
669 2441 762 2496 sed
803 2442 893 2496 illa
929 2443 1146 2513 quidem
1181 2459 1212 2497 a
1251 2445 1432 2514 seipso
1463 2445 1874 2500 commnnicans
1911 2447 2010 2500 bo-

448 2533 603 2595 mini,
640 2533 752 2588 haec
777 2549 902 2588 vero
932 2548 962 2587 a
1001 2536 1217 2588 mortali
1251 2536 1366 2605 ipse
1404 2551 1510 2590 non
1549 2537 1839 2607 accipiens.
1875 2535 2006 2593 ltem

447 2623 662 2676 mortali
687 2623 905 2692 quidem
931 2625 1039 2676 vim
1065 2625 1302 2678 divinam
1329 2627 1704 2696 suppeditans,
1737 2643 1767 2681 a
1793 2629 2008 2684 mortali

449 2727 578 2765 vero
610 2713 725 2783 ipse
757 2729 864 2767 non
895 2722 1086 2767 contra
1118 2715 1170 2767 in
1197 2723 1402 2784 partem
1437 2725 1531 2770 aut
1559 2719 2006 2775 communitatem

447 2804 736 2859 adductus.
767 2805 950 2875 Neque
979 2806 1145 2875 igitur
1175 2808 1226 2861 in
1255 2819 1409 2877 partu
1441 2825 1472 2862 a
1516 2826 1742 2880 corpore
1770 2811 1886 2881 ipse
1926 2812 2008 2866 in-

447 2913 746 2968 corporeus
789 2899 1198 2968 inquinabatur,
1241 2915 1416 2970 neque
1461 2902 1586 2956 item
1629 2903 1720 2972 qui
1768 2903 2006 2973 pat'lbilis

447 2997 655 3044 natura:
691 3005 884 3058 expers
924 2996 1061 3052 erat,
1105 2991 1309 3061 aliquid
1361 3008 1391 3045 a
1446 2995 1658 3047 mortali
1703 2995 2002 3050 secundum

445 3081 737 3136 essentiam
789 3083 1114 3151 patiebatur.
1163 3083 1296 3137 Nam
1353 3099 1562 3154 neque,
1611 3087 1758 3140 verbi
1809 3087 2004 3158 gratia,

445 3174 579 3228 dum
610 3174 723 3245 lyra
776 3177 1043 3245 pulsatur,
1103 3189 1195 3232 aut
1243 3178 1394 3231 nervi
1446 3179 1842 3243 convellantur,
1895 3183 2004 3252 pati

445 3267 739 3323 verisimile
787 3278 872 3324 est
909 3285 1031 3324 eum
1074 3271 1167 3340 qui
1217 3271 1291 3324 ita
1332 3271 1613 3341 prmludit;
1659 3287 1834 3343 neque
1879 3275 2007 3329 dum

448 3363 750 3431 cuiuspiam
781 3363 882 3416 viri
905 3364 1167 3434 sapientis
1198 3379 1396 3434 corpus
1425 3374 1726 3436 torquetur,
1751 3368 1897 3424 illius
1919 3383 2008 3422 sa-

447 3453 726 3521 pientiam,
752 3464 845 3509 aut
875 3472 1036 3525 quam
1065 3456 1115 3511 in
1149 3471 1378 3526 corpore
1399 3459 1538 3527 gerit
1572 3460 1830 3523 animam,
1869 3460 2006 3515 caedi

447 3552 541 3598 aut
571 3547 748 3614 puniri
787 3550 980 3602 merito
1009 3547 1191 3602 dicere
1224 3563 1514 3618 possumus
1541 3570 1555 3605 :
1581 3554 1768 3606 eadem
1798 3551 2007 3608 ratione

445 3639 780 3708 neutiquam,
811 3643 1088 3712 multoque
1121 3642 1283 3696 etiam
1322 3643 1523 3706 minus,
1554 3643 1699 3714 quod
1725 3643 1884 3700 Verbi
1914 3653 2006 3700 aut

446 3737 661 3794 natura,
699 3739 792 3785 aut
819 3733 923 3795 vis,
963 3733 1272 3788 detrimenti
1299 3733 1574 3804 quidpiam
1607 3751 1674 3790 ex
1704 3737 1862 3806 170
1883 3753 2008 3792 cor-

445 3825 595 3892 poris
635 3823 1013 3882 aﬁ'ectionibus
1059 3827 1260 3890 trahat,
1290 3825 1558 3882 aﬁirmare
1594 3843 1692 3898 par
1739 3839 1840 3885 est.
1870 3827 2004 3884 Nam

444 3932 610 3986 supra
651 3934 719 3973 ne
755 3919 974 3974 luminis
1023 3919 1242 3990 quidem
1292 3921 1422 3976 illud
1465 3921 1772 3990 appositum
1817 3938 2002 3978 exem-

444 4007 615 4077 plum,
642 4009 810 4078 pollui
840 4011 1048 4066 solares
1088 4011 1288 4075 radios,
1323 4015 1452 4066 ιοιιιι
1475 4011 1692 4067 caelitus
1724 4011 1780 4066 in
1805 4020 2000 4066 terram

442 4099 822 4165 demittuntur,
853 4109 907 4156 et
943 4104 1114 4156 lutum
1151 4118 1216 4157 ac
1245 4118 1483 4168 omnum,
1511 4112 1675 4174 atque
1703 4104 1883 4159 omnis
1907 4120 2000 4175 ge-

442 4191 592 4245 neris
623 4193 812 4247 sordes
842 4194 1134 4264 attingunt,
1160 4195 1512 4250 concedebat.
1548 4197 1844 4252 llluminari
1881 4196 2002 4266 qui-

440 4281 562 4334 dem
591 4283 754 4336 etiam
785 4283 897 4338 haec
933 4285 1000 4338 ab
1032 4285 1202 4353 ipsius
1234 4287 1454 4343 luminis
1485 4289 1670 4351 radiis,
1706 4289 1842 4343 nihil
1871 4303 2002 4344 sane

2115 1798 2214 1850 ούκ
2252 1799 2702 1869 ἀντεπαγόμενος.
2737 1797 2861 1851 (ὥτ’
2900 1793 2992 1853 οῦν
3039 1800 3324 1871 ἐμολύνετο
3360 1802 3683 1870 τικτόμενος

2115 1889 2220 1942 ὑπὸ
2248 1888 2342 1942 τοῦ
2378 1888 2624 1961 σώματος
2654 1893 2682 1943 ό
2711 1891 2995 1961 ἀσώματος
3013 1933 3027 1957 ,
3062 1893 3180 1946 οὐδὲ
3206 1894 3302 1964 τὴν
3331 1894 3520 1948 οὐσίαν
3549 1894 3684 1948 ἐπα-

2114 1999 2238 2054 σχεν
2263 1984 2292 2035 ό
2319 1983 2532 2055 ἀπαθὴς
2572 1983 2675 2036 ὑπὸ
2711 1983 2801 2036 τοῦ
2847 1983 3037 2056 θνητοῦ
3063 2001 3075 2014 ⁸
3111 1987 3232 2038 ἐπεὶ
3288 1986 3420 2058 μηδέ
3451 1987 3556 2057 τῆς
3590 1985 3681 2039 λύε

2117 2087 2234 2142 ρας,
2260 2073 2308 2124 εἰ
2338 2070 2509 2136 οὕτως
2535 2071 2704 2142 τύχοι,
2737 2075 3095 2146 κοπτομένης,
3121 2075 3154 2146 ἢ
3185 2075 3290 2130 τῶν
3319 2075 3523 2147 χορδῶν
3570 2076 3682 2130 δια-

2115 2163 2444 2234 σπωμένων,
2487 2163 2717 2235 πάσχειν
2745 2165 2889 2229 εἰκὸς
2917 2167 3006 2220 τὸν
3051 2168 3487 2239 ἀνακρουόμενον
3507 2186 3523 2199 ο
3559 2170 3680 2224 οὐδέ

2112 2271 2176 2324 γε
2225 2255 2387 2324 σοφοῦ
2426 2273 2570 2320 τινος
2617 2257 2806 2328 ἀνδρὸς
2833 2261 3238 2330 τιμωρουμένου
3269 2259 3362 2313 τοῦ
3391 2262 3676 2331 σώματος,

2111 2347 2210 2418 τὴν
2242 2348 2299 2400 ἐν
2335 2347 2483 2419 αὐτῷ
2513 2349 2703 2418 σοφίαν
2723 2389 2736 2412 ,
2767 2349 2800 2420 ἢ
2827 2351 2925 2422 τήν
2957 2367 3020 2420 γε
3060 2353 3119 2404 ἐν
3149 2351 3227 2423 τῷ
3255 2351 3464 2422 σώματι
3497 2355 3678 2424 ψυχὴν

2111 2438 2438 2503 κόπτεσθαι,
2481 2439 2513 2510 ἢ
2561 2440 2806 2494 καίεσθαι
2837 2441 3074 2512 φαίημεν
3107 2442 3172 2497 ἂν
3215 2445 3458 2510 εἰκότως.
3490 2446 3681 2521 Ταύτῃ

2111 2545 2191 2581 τοι
2247 2529 2381 2584 πολὺ
2452 2530 2612 2583 πλέον
2667 2531 2788 2584 οὐδὲ
2845 2532 2944 2604 τὴν
2999 2533 3094 2587 τοῦ
3149 2533 3321 2604 Λόγου
3414 2536 3586 2604 φύσιν
3647 2540 3680 2609 ἢ

2111 2620 2332 2694 δύναμιν
2393 2623 2587 2694 βλάϐος
2637 2642 2690 2678 τι
2748 2626 2814 2679 ἐκ
2861 2627 2968 2680 τῶν
3025 2629 3117 2680 τοῦ
3173 2629 3420 2699 σώματος
3487 2629 3680 2683 παθῶν

2109 2715 2500 2786 ἀποφέρεσθαι,
2531 2716 2695 2786 φάναι
2724 2715 2943 2786 εὔλογον
2962 2735 2974 2748 ο
3008 2719 3090 2771 ὅτι
3121 2719 3255 2790 μηδέ
3281 2719 3339 2773 τὸ
3372 2720 3465 2774 τοῦ
3498 2723 3681 2790 φωτὸς

2109 2809 2240 2882 ἡμῖν
2271 2809 2572 2880 ὑπόδειγμα
2617 2809 2928 2882 χραίνεσθαί
2966 2827 3019 2864 τι
3058 2812 3157 2876 τάς
3191 2811 3420 2882 ἡλιακὰς
3451 2815 3680 2876 ἀκτῖνας

2109 2901 2200 2954 ἐπὶ
2230 2901 2331 2972 γῆς
2355 2900 2642 2972 οὐρανόθεν
2672 2901 3114 2973 ἐκπεμπομένας,
3147 2903 3315 2974 πηλού
3347 2920 3406 2956 τε
3437 2904 3533 2956 καὶ
3567 2903 3680 2975 βορ-

2111 2990 2270 3064 ϐόρου
2305 2992 2398 3045 καὶ
2429 2991 2666 3062 μιασμοῦ
2698 2993 2894 3056 παντὸς
2937 2994 3314 3064 ἐφαπτομένας
3356 2995 3676 3066 συνεχώρει.

2107 3083 2438 3148 Φωτίζεσθαι
2475 3083 2572 3155 μὲν
2599 3086 2690 3138 καὶ
2724 3083 2896 3138 ταῦτα
2938 3087 3002 3138 ἐκ
3031 3086 3137 3139 τῶν
3163 3084 3254 3138 τοῦ
3295 3086 3468 3155 φωτὸς
3491 3086 3676 3156 αὐγῶν

2107 3176 2256 3230 οὐδὲν
2287 3175 2352 3230 ἂν
2385 3176 2584 3230 κωλύοι
2621 3177 2827 3247 λέγειν·
2863 3178 2925 3231 τὸ
2965 3179 3021 3231 δέ
3051 3195 3112 3248 γε
3141 3178 3228 3232 τὸν
3259 3179 3408 3250 ἥλιον
3447 3180 3675 3251 μολύνε-

2110 3268 2232 3322 σθαι
2264 3271 2328 3324 ἐκ
2355 3269 2453 3340 τῆς
2491 3269 2600 3324 τῶν
2636 3271 2900 3342 σωμάτων
2926 3271 3201 3342 ἐπιμιξίας
3223 3315 3237 3338 ,
3273 3272 3306 3340 ἢ
3339 3271 3675 3343 πηλοῦσθαι,

2105 3361 2306 3414 οὐκέτι.
2328 3362 2438 3414 Καὶ
2471 3362 2577 3432 μὴν
2605 3361 2774 3416 ταῦτά
2800 3379 2861 3431 γε
2888 3364 2985 3434 τῆς
3012 3362 3223 3432 φύσεως
3247 3364 3346 3417 οὐκ
3370 3363 3433 3417 ἀν
3455 3363 3548 3434 εἴη
3571 3365 3676 3418 τῶν

2110 3451 2374 3523 σωμάτων
2402 3451 2672 3524 ἀλλότρια.
2711 3453 2768 3507 ’0
2792 3454 2850 3507 δέ
2884 3471 2947 3523 γε
2973 3455 3130 3518 ἄῦλος
3154 3455 3247 3507 καὶ
3269 3453 3563 3526 ἀσώματος
3583 3456 3673 3510 τοῦ

2105 3541 2238 3595 Θεοῦ
2273 3543 2444 3613 Λόγος
2467 3583 2480 3607 ,
2513 3544 2758 3617 αύτοζωὴ
2784 3547 3062 3617 τυγχάνων
3094 3547 3186 3600 καὶ
3208 3546 3453 3615 αὑτοερῶς
3486 3549 3675 3620 νοερὸν

2105 3634 2200 3686 καὶ
2221 3635 2320 3688 ὅσα
2349 3634 2481 3689 ἄλλα
2513 3636 2980 3710 προκατείλεκται,
3003 3638 3206 3703 παντὸς
3227 3635 3287 3694 οῦ
3318 3639 3384 3702 ἂν
3411 3639 3676 3710 ἐφάψοιτο

2105 3725 2274 3798 ἐνθέῳ
2305 3727 2399 3780 καὶ
2426 3727 2700 3800 ἀσωμάτῳ
2725 3728 2982 3800 δυνάμει,
3013 3729 3112 3802 ζῇν
3142 3731 3300 3786 τοῦτο
3331 3731 3549 3803 ἀνάγκη
3581 3733 3675 3787 καὶ

2106 3818 2200 3871 σὺν
2226 3817 2428 3890 λογικῷ
2460 3819 2667 3888 διάγειν
2693 3821 2852 3890 φωτί.
2885 3821 3069 3890 Ταύτῃ
3099 3839 3182 3876 τοι
3217 3824 3309 3876 καὶ
3335 3823 3589 3895 σώματος
3612 3817 3672 3878 οὗ

2103 3910 2168 3962 ἂν
2197 3911 2476 3981 ἐφάψαιτο,
2500 3914 2754 3983 ἡγίασται
2786 3913 2942 3968 τοῦτο
2971 3915 3065 3968 καὶ
3089 3914 3421 3984 πεφώτισται
3449 3917 3669 3982 αὐτίκα,

2103 4004 2250 4056 πᾶσά
2297 4021 2354 4057 τε
2401 4004 2554 4068 νόσος
2596 4005 2744 4076 αὐτῷ
2788 4005 2880 4058 καὶ
2925 4007 3207 4078 ἀρρωστία
3246 4009 3338 4062 καὶ
3373 4009 3529 4062 πάνθ’
3572 4011 3671 4062 ὅσα

2103 4091 2449 4158 ὑπεξίσταται
2473 4109 2486 4124 ⁸
2519 4094 2904 4166 ἀντιλαμϐάνει
2936 4095 2990 4149 δὲ
3020 4097 3119 4165 τῆς
3165 4097 3223 4162 ἐξ
3261 4097 3423 4150 αὑτοῦ
3459 4096 3672 4170 πληρώο

2103 4199 2238 4246 σεως
2279 4182 2550 4254 στέρησις.
2603 4184 2758 4258 ρῦτω
2805 4184 2940 4255 δῆτα
2987 4186 3080 4238 καὶ
3115 4186 3176 4238 τὸ
3217 4186 3404 4256 νεκρὸν
3433 4186 3532 4256 τῆς
3573 4185 3668 4240 τοῦ

2101 4273 2275 4341 Λόγου
2301 4273 2580 4344 δυνάμεως
2597 4316 2611 4339 ,
2647 4276 2838 4348 μικρόν
2863 4293 2915 4329 τι
2939 4276 3103 4330 αὑτοῦ
3128 4277 3472 4349 ἐφαψάμενον
3493 4318 3508 4342 ,
3535 4279 3669 4348 ἀνη-

440 4389 542 4428 nos
595 4375 859 4432 ailirmare
907 4377 1226 4446 prohibeat;
1274 4381 1444 4435 solem
1503 4398 1630 4437 vero
1676 4384 1853 4453 ipsum
1897 4383 1995 4437 fm-

2109 4365 2310 4437 γείρετο
2341 4366 2665 4438 ζωούμενον,
2711 4368 2804 4422 καὶ
2836 4369 2864 4420 ὁ
2899 4367 3124 4431 θάνατος
3152 4369 3249 4439 τὴν
3276 4368 3417 4438 ζωὴν
3446 4366 3666 4452 ἔφευγε,

439 4464 577 4524 dari,
615 4473 708 4518 aut
739 4467 971 4522 lutosum
997 4472 1132 4534 ﬁeri,
1157 4471 1284 4526 dum
1314 4473 1434 4542 ejus
1465 4473 1645 4529 lumen
1670 4476 1992 4545 corporibus

440 4553 818 4611 immiscetur:
855 4573 1214 4630 nequaquam.
1257 4563 1326 4615 At
1357 4563 1461 4616 ista
1497 4574 1674 4618 tamen
1715 4581 1824 4618 non
1864 4574 1992 4621 sunt

2097 4457 2284 4529 καὶτῷ
2303 4475 2366 4527 γε
2390 4460 2526 4528 φωτὶ
2551 4460 2612 4514 τὸ
2638 4459 2824 4523 σκότος
2843 4459 3107 4524 ἐξελύετο,
3125 4460 3183 4512 τό
3211 4476 3269 4512 τε
3303 4458 3539 4530 φθαρτὸν
3569 4447 3668 4531 τὴν

2095 4549 2399 4624 ἀφθαρσίαν
2415 4551 2794 4618 ἐνεδιδύσκετο,
2809 4553 2902 4606 καὶ
2927 4551 2988 4606 τὸ
3011 4551 3202 4624 θνητὸν
3223 4551 3318 4624 τὴν
3343 4551 3666 4607 ἀθανασίαν-

438 4663 468 4701 a
512 4659 706 4704 natura
740 4667 1028 4724 corporum
1051 4657 1248 4713 aliena.
1280 4658 1414 4714 illud
1451 4674 1576 4714 vero
1603 4661 1782 4716 omnis
1803 4676 1996 4732 expers
2035 4667 2274 4722 materiae
2318 4668 2807 4739 incorporeumque
2837 4669 2952 4730 ,Dei
2984 4667 3244 4733 Verbum,
3289 4668 3434 4738 quod
3479 4669 3602 4738 ipsa

435 4741 546 4794 vita
585 4751 690 4809 cst,
726 4754 780 4800 et
823 4747 998 4818 ipsum
1029 4750 1210 4805 lumen
1244 4753 1602 4824 intelligibile,
1631 4762 1684 4810 et
1716 4755 1820 4810 alia
1847 4771 2183 4828 quaecunque
2250 4760 2403 4831 prius
2459 4774 2778 4819 enumerata
2817 4774 2966 4829 sunt,
3001 4762 3268 4833 quidquid
3301 4762 3482 4818 divina
3513 4771 3599 4815 at-

437 4852 542 4906 que
575 4839 900 4911 incorporea
961 4859 1060 4899 sua
1091 4849 1144 4899 vi
1179 4848 1437 4919 attigerit,
1484 4849 1667 4904 vivere
1706 4850 1759 4905 id
1823 4851 2125 4922 degereque
2163 4870 2285 4910 cum
2331 4857 2534 4914 lumine
2587 4859 2860 4926 rationali,
2910 4874 3134 4914 necesse
3169 4866 3274 4914 est.
3316 4856 3428 4913 Hac
3461 4872 3594 4912 sane

435 4935 554 5004 ipsa
587 4938 820 5001 ratione,
873 4941 1236 5012 quodcunque
1277 4944 1443 4999 etiam
1487 4960 1686 5015 corpus
1727 4946 1986 5015 attigerit,
2029 4951 2425 5007 sanctiﬁcatum
2472 4955 2723 5024 protinus
2769 4955 2826 5011 id
2861 4955 3336 5025 illuminatumque
3380 4960 3485 5016 est,
3523 4953 3595 5007 ab

434 5028 730 5100 eodemque
786 5033 1050 5103 agritudo
1103 5037 1281 5091 omnis
1329 5039 1616 5108 omnisque
1675 5037 1995 5102 inﬁrmitas,
2031 5041 2243 5113 aliaque
2263 5044 2506 5113 ejusdem
2546 5047 2761 5117 generis
2789 5047 3042 5102 universa
3077 5045 3376 5118 refugiunt.
3407 5045 3592 5100 Priva—

433 5123 513 5176 tio
537 5133 716 5180 autem
746 5127 899 5184 illius
924 5129 1316 5199 plenitudinem
1348 5131 1690 5202 adipiscitur.
1730 5131 1821 5188 Sic
1853 5148 1985 5190 sane
2021 5136 2187 5192 etiam
2231 5147 2508 5196 mortuum
2551 5141 2684 5197 illud
2715 5141 2880 5198 Verbi
2918 5157 3142 5214 corpus,
3187 5143 3282 5199 ubi
3338 5142 3594 5214 exiguum

435 5215 714 5285 quiddam,
740 5221 996 5278 virtutem
1024 5224 1171 5280 illam
1201 5224 1362 5282 Verbi
1401 5227 1600 5299 attigit,
1636 5235 1752 5282 tum
1813 5229 2111 5285 excitatum
2170 5241 2256 5289 est
2301 5235 2448 5292 illico
2480 5251 2544 5294 ac
2579 5236 2795 5306 revixit,
2823 5245 2878 5293 et
2908 5252 3062 5296 mors
3091 5239 3260 5295 vitam
3288 5237 3492 5309 eﬁugit,
3527 5240 3587 5290 et

437 5307 558 5407 ipso
585 5311 792 5407 lumine
826 5316 1436 5378 obscuritas-dissoluta
1465 5331 1582 5392 est;
1643 5331 1697 5382 et
1745 5323 1891 5396 quod
1916 5329 2284 5400 _corruptibile
2323 5341 2460 5401 erat,
2502 5333 2679 5392 induit
2715 5335 3213 5406 incorruptionem;
3263 5307 3421 5407 quod:
3449 5343 3586 5389 moo-

437 5403 564 5471 tale,
599 5405 1077 5470 immortalitatem.
