3930 6202
177 256 298 313 239
1098 251 1753 310 DEMONSTRATIONIS
1792 251 2250 307 EVANGELICIE
2291 251 2416 307 LIB.
2450 252 2541 308 iV.
3313 258 3418 313 290

937 377 1029 428 ω’.
1788 380 1835 434 Α

1788 380 1835 434 Α
2573 369 2710 424 XiV.

180 492 284 543 l3.
344 488 436 554 Ὠς
460 527 473 549 ,
518 486 624 539 τὸν
666 487 973 553 ἄνθρωπον
1016 485 1526 554 ἀνανεωσάμενος,
1570 484 1732 539 πᾶσιι

1873 484 1996 539 ΚΝ.
2043 484 2516 551 Quemadmodum,
2550 496 2793 540 renovato
2818 487 3040 543 homine.
3064 490 3304 544 omnibus
3327 507 3425 545 no-

252 558 402 626 ἠιιῖν
437 557 553 625 τὴν
598 556 716 610 τῶν
744 560 991 610 αἰωνίων
1019 555 1258 625 ἀγαθῶν
1289 556 1623 626 παρέσχετο
1653 558 1757 611 ἐλ-

1684 562 1757 611 λ-
2034 556 2109 610 bis
2145 567 2457 610 wternorum
2488 556 2740 609 bonorum
2770 573 2909 626 spem
2933 559 3234 625 praebuerit.

258 628 429 682 :tt'é‘a.

255 740 369 792 Καὶ
414 740 466 793 τί
499 738 604 809 γὰρ
642 738 799 803 ἄλλο,
839 739 976 810 πλὴν
1008 742 1036 793 ὁ
1067 742 1173 804 πᾶς
1211 740 1493 813 ἄνθρωπος
1525 741 1630 794 ὑπὸ
1657 741 1758 811 τῆς

1926 734 2216 800 Caeterum,
2255 733 2512 804 quidnam
2576 736 2721 790 aliud
2777 736 3017 800 tandem,
3066 750 3228 805 quam
3277 741 3422 809 quod

190 830 448 900 θεότητος
492 829 807 882 κατεπίνετο
825 870 839 893 ,
878 830 971 883 καὶ
1000 831 1159 885 πάλιν
1190 831 1319 894 Θεὸς
1343 829 1411 903 ἦν
1438 834 1465 885 ὁ
1499 832 1629 895 Θεὸς
1658 833 1742 886 Ad

1872 835 2004 881 Lotus
2036 826 2196 880 homo
2229 826 2297 879 ab
2329 826 2499 894 ipsius
2532 824 2623 879 Dei
2670 835 2864 880 natura
2899 830 3190 898 absorptus
3232 837 3337 891 est,
3371 838 3424 885 et

191 941 285 991 γος
304 964 320 987 ,
364 917 476 985 οἷος
500 922 594 974 καὶ⁵
624 923 752 993 πρὶν
784 922 1033 991 γενέσθαι
1062 923 1365 996 ἅνθρωπος,
1399 926 1493 978 καὶ
1527 942 1743 978 συναπε-

1872 933 2052 972 rursus
2088 916 2229 971 Deus
2258 916 2380 979 fuit,
2426 916 2567 972 Deus
2605 916 2865 981 Verbum,
2898 920 3203 987 cnjusmodi
3250 921 3424 976 fuerat

185 1015 313 1068 θέου
355 1031 419 1082 γε
454 1013 543 1066 τὸν
585 1013 865 1085 ἄνθρωπον
904 1015 1153 1087 ἀπαρχὴν
1182 1017 1280 1087 τῆς
1317 1017 1473 1086 ἡμῶν
1510 1017 1719 1080 ἐλπίδος

1873 1008 2020 1062 etiam
2065 1021 2353 1078 antequam
2399 1009 2560 1063 homo
2596 1010 2764 1076 ﬁeret,
2809 1020 2863 1064 et
2906 1027 3089 1066 secum
3122 1011 3292 1068 Deum
3332 1015 3425 1068 ho-

188 1106 378 1160 τοῦτον
407 1107 569 1159 αὑτὸν
596 1108 713 1158 ἐκεῖ
738 1106 836 1176 τῆς
867 1124 925 1159 τε
955 1110 1081 1180 παρ’
1113 1108 1258 1178 αὐτῷ
1285 1110 1426 1180 ζωῆς
1450 1109 1642 1171 ἀϊδίου,
1666 1110 1740 1162 κα¹

1867 1102 2058 1155 minem
2106 1101 2252 1167 fecit,
2293 1101 2409 1171 spei
2459 1111 2659 1156 nostra:
2705 1103 3005 1171 primitias;
3057 1105 3201 1160 hunc
3243 1110 3419 1177 ipsum

188 1186 295 1268 τῆς
324 1201 382 1251 ὲν
412 1201 477 1269 τῇ
511 1198 719 1270 θεότητι
749 1200 840 1252 καὶ
873 1202 1229 1271 μακαριότητι
1252 1202 1533 1265 κοινωνίας
1559 1202 1740 1267 ἀξιῶν,

1870 1194 2075 1248 interim
2117 1193 2183 1246 ad
2220 1194 2366 1247 illius
2395 1194 2518 1248 vita:
2549 1202 2786 1260 aeterna,
2824 1212 2987 1265 quam
3024 1213 3191 1267 penes
3231 1215 3289 1253 se
3325 1200 3422 1253 ba-

192 1294 328 1360 ἠ;ιῖν
354 1307 413 1343 τε
438 1290 635 1361 ὁμοίως
681 1290 849 1344 ἅπασι
879 1291 978 1360 τῆς
1010 1293 1137 1363 παρ’
1166 1293 1315 1364 αὑτῷ
1352 1295 1444 1346 καὶ
1478 1294 1573 1346 σὺν
1610 1293 1744 1365 αὑτᾷ

1870 1285 1968 1345 bet,
2004 1292 2165 1353 atque
2188 1285 2238 1338 id
2270 1285 2548 1354 dignitatis
2576 1287 2629 1340 in
2661 1286 2968 1352 divinitate,
2995 1305 3057 1344 ac
3089 1290 3422 1346 beatitudine

188 1383 492 1447 ἀθανασίας
534 1401 591 1437 τε
625 1384 718 1437 καὶ
762 1384 1035 1455 βασιλείας
1064 1385 1221 1439 τοῦτο
1262 1386 1515 1458 μέγιστον
1560 1388 1740 1458 δεῖγμα

1871 1376 2300 1430 :ommunitatetn
2352 1391 2669 1443 assumens,
2716 1378 2978 1447 nobisque
3023 1380 3206 1433 itidem
3248 1381 3423 1434 omni-

187 1477 467 1549 παρέχων,
1858 1465 1981 1530 bus,
2013 1465 2208 1520 futura:
2229 1466 2370 1535 apud
2407 1468 2581 1536 ipsum
2613 1477 2665 1522 et
2694 1484 2818 1522 cum
2848 1470 2967 1539 ipso
2995 1470 3422 1526 immortalitatis

1857 1573 1923 1614 ac
1949 1560 2123 1630 regni,
2159 1560 2457 1615 maximum
2496 1561 2600 1616 hoc
2628 1563 2875 1631 praebens
2902 1564 3188 1621 indicium.

926 1679 1026 1733 IE'.
1785 1721 1828 1778 Β

1785 1721 1828 1778 Β
2496 1675 2648 1745 171
2684 1675 2788 1731 XV-

193 1792 258 1849 τί
296 1793 586 1858 βούλεται
627 1792 855 1860 δηλοῦν
902 1795 940 1863 ἠ
985 1792 1090 1847 τοῦ
1140 1791 1395 1859 Χριστοῦ
1436 1794 1745 1861 παρουσία,

1870 1786 2000 1854 Quid
2031 1787 2130 1841 sibi
2170 1788 2310 1863 velit,
2341 1789 2525 1863 quidve
2555 1791 2809 1863 siguiﬁcet
2854 1792 2964 1859 ipse
2998 1790 3194 1847 Christi
3232 1790 3422 1863 advena

263 1864 361 1916 καὶ
392 1864 471 1929 ὡς
498 1863 641 1929 Θεὸς
667 1865 761 1917 καὶ
789 1859 1021 1931 Κύριος.
1053 1864 1147 1916 καὶ
1175 1863 1481 1931 ἀρχιερεὺς
1504 1859 1609 1916 τοῦ
1641 1864 1757 1916 τῶν

1930 1868 2033 1918 tua,
2067 1869 2115 1912 et
2146 1859 2285 1931 quod
2340 1859 2496 1919 Deus.
2533 1871 2581 1913 et
2631 1860 2905 1931 Dominus,
2934 1873 2981 1915 et
3031 1862 3277 1930 Pontifex
3326 1861 3422 1916 Dei

258 1935 421 1987 ὅλων
460 1934 606 1987 Θεοῦ
643 1933 739 1987 διὰ
774 1930 893 1986 τῶν
937 1935 1071 2000 παρ’
1116 1930 1396 2001 Ἑϐραίοις
1441 1933 1758 2003 προφητῶν

1925 1930 2169 2003 universi.
2200 1946 2291 1997 per
2308 1931 2585 2000 prop/tetas
2614 1930 2954 1986 llebrworum
2978 1931 3218 1987 Christus
3248 1934 3424 2000 appet-

261 2008 295 2057 d
327 2004 586 2071 Χριστὸς
613 1998 1029 2072 ἀνηγορεύετοξ
1201 1998 1214 2001 ⁷
1376 1998 1381 1999 ⁷
1481 1998 1494 2001 ⁷
1557 1998 1571 2003 ⁷
1625 1998 1635 2002 ⁷

642 1998 1029 2072 ὶνηγορεύετοξ
1201 1998 1214 2001 ⁷
1376 1998 1381 1999 ⁷
1481 1998 1494 2001 ⁷
1557 1998 1571 2003 ⁷
1625 1998 1635 2002 ⁷
1928 1998 2069 2053 latus
2096 2010 2194 2055 est.

255 2112 432 2166 Τοῦτο
470 2114 569 2183 τῆς
606 2114 685 2175 είς
714 2111 1029 2184 ἀνθρώπους
1076 2110 1308 2181 ἀφίξεως
1356 2111 1506 2176 τέλος
1536 2106 1622 2184 ἦν,
1665 2112 1756 2166 τὸν

1926 2110 2041 2166 Hoc
2071 2127 2203 2168 sane
2233 2112 2331 2167 fuit
2366 2113 2510 2169 illius
2540 2114 2605 2167 ad
2652 2114 2901 2168 homines
2953 2115 3286 2170 accessionis
3327 2130 3425 2169 ex-

189 2205 354 2259 πάλαι
379 2204 479 2272 τῆς
500 2203 593 2256 τοῦ
623 2203 830 2273 Πατρὸς
851 2202 1103 2272 γνώσεως
1128 2201 1483 2273 ἀποπεπλανη
1494 2204 1650 2273 μένον
1677 2206 1741 2268 εἰς

1871 2218 2110 2266 .remum,
2146 2211 2205 2257 ut
2236 2207 2314 2258 sic
2342 2219 2463 2258 eum
2497 2205 2588 2273 qui
2620 2205 2688 2257 ab
2724 2205 2897 2274 ipsius
2919 2202 3097 2257 Patris
3117 2205 3423 2274 cognitione

188 2296 281 2368 τὴν
316 2296 497 2349 οἰκίαν
522 2298 907 2364 ἐπαναγαγεῖν,
947 2294 1041 2348 καὶ
1069 2295 1160 2348 τὸν
1192 2296 1426 2365 συγγενῆ
1458 2296 1548 2347 καὶ
1582 2295 1740 2364 φίλον1

1868 2293 2226 2359 aberraverat,
2259 2296 2325 2349 ad
2361 2310 2478 2349 eam
2522 2296 2692 2364 ipsam
2726 2296 3029 2358 reduceret.
3054 2304 3106 2351 et
3129 2304 3420 2365 cognatum

187 2391 285 2461 τῆς
312 2406 373 2441 τε
403 2388 565 2442 αὑτοῦ
595 2389 995 2459 κατηξιωμένον
1025 2388 1250 2452 εἰκόνος,
1277 2389 1376 2459 τῆς
1405 2388 1606 2453 οἰκείας
1629 2392 1739 2443 ἀπο

1867 2392 2019 2454 atque
2046 2387 2278 2440 amicum
2328 2402 2535 2456 suaque
2556 2387 2728 2456 ipsius
2759 2387 3020 2441 donatum
3057 2398 3419 2457 ornatumque

189 2480 383 2535 λαῦσαι
418 2480 560 2551 ζωῆς
579 2497 593 2511 ·
638 2481 788 2549 φίλον
814 2498 872 2534 τε
907 2482 1001 2534 καὶ
1037 2484 1232 2534 οίκεῖον
1262 2480 1355 2533 τοῦ
1382 2480 1595 2552 [ἰατρὸς
1619 2483 1741 2534 ἀπο-

1860 2478 2109 2550 imagiue,
2131 2480 2363 2549 propriae
2400 2481 2523 2537 vitae
2546 2480 2759 2550 gaudiis
2789 2496 2851 2535 ac
2872 2482 3222 2549 possessione
3249 2482 3412 2536 dona-

186 2572 356 2642 φῆναι
387 2572 593 2638 τοῦτον,
622 2572 689 2625 δι’
714 2573 773 2626 ὃν
804 2572 965 2637 αὐτὸς
999 2574 1026 2625 ὁ
1051 2572 1144 2624 τοῦ
1178 2572 1311 2626 Θεοῦ
1344 2573 1516 2641 Λόγος
1549 2573 1738 2626 ὑπέσττ

1868 2581 1959 2634 ret,
1991 2572 2334 2641 amicumque
2383 2573 2534 2628 illum
2585 2573 2763 2643 ipsum
2794 2571 2975 2627 Patris
3004 2588 3067 2628 ac
3098 2572 3420 2628 familiarem

184 2664 439 2733 γενέσθαι
471 2663 771 2736 ἄνθρωπος.
804 2663 957 2717 Οὕτω
982 2663 1137 2733 δῆτα,
1170 2664 1245 2727 ὼς
1271 2667 1328 2717 ὲν
1360 2663 1550 2735 βραχεῖ
1571 2664 1732 2735 φάναι

1873 2663 2109 2731 alliceret,
2142 2666 2300 2735 cujus
2328 2681 2493 2720 causa
2526 2666 2666 2721 idem
2704 2665 2799 2719 Dei
2826 2664 3059 2720 Verbum
3091 2682 3149 2721 se
3182 2666 3296 2720 fieri
3327 2667 3425 2720 lio-

186 2760 222 2826 ἡ
252 2754 398 2808 κατά
427 2755 519 2808 τὸν
574 2756 798 2827 Σωτῆρα
840 2757 931 2810 καὶ
975 2756 1178 2827 Κύριον
1225 2754 1382 2826 ἡμῶν
1431 2756 1635 2828 Ἰησοῦν
1667 2756 1738 2810 τοι

1864 2758 2057 2812 minem
2089 2773 2308 2828 passum
2337 2766 2442 2813 est.
2477 2756 2569 2811 Sic
2608 2771 2773 2818 sane,
2800 2766 2858 2809 ut
2891 2757 3078 2826 paucis
3118 2758 3416 2821 absolvam,

186 2849 420 2920 Χριστὸν
453 2847 725 2912 ὑπόθεσις,
756 2849 1005 2921 διάφορον
1052 2850 1245 2921 ἔχουσα
1289 2851 1388 2923 τὴν
1427 2850 1734 2921 οἰκονομίαν

1873 2865 1973 2904 :iatc
2003 2849 2301 2905 Salvatoris
2328 2865 2392 2905 ac
2426 2849 2639 2904 Domini
2677 2851 2850 2903 nostri
2880 2847 3010 2904 .Iesu
3050 2850 3251 2905 Christi
3291 2865 3425 2905 con-

188 2943 254 2994 ὲκ
301 2941 410 2995 τῶν
459 2941 588 3011 παρ’
639 2940 907 3012 Ἑϐραίοις
953 2943 1361 3013 παραστήσεται
1407 2942 1740 3015 προφητικῶι

1867 2940 2120 2996 sideratio
2149 2947 2202 2995 et
2225 2942 2469 3006 materia,
2502 2942 2707 2994 variam
2744 2940 2951 2995 habens
2981 2939 3419 3011 dispositionem,

187 3033 397 3101 λόγων·
439 3032 716 3104 ὼσπεροῦν
761 3034 954 3105 μικρὸν
986 3034 1209 3106 ὕστερον
1250 3037 1306 3087 αί
1340 3035 1399 3101 ἐξ
1437 3034 1615 3089 αὐτῶν
1650 3035 1739 3089 δεί¹

1870 3048 1923 3087 sx
1954 3032 2285 3103 propheticis
2320 3031 2667 3087 Hebraeorum
2704 3032 2943 3087 oraculis
2984 3032 3422 3095 conﬁrmabitur,

2256 3125 2268 3133 .
2384 3124 2397 3133 .
2532 3110 2561 3133 ο
2664 3125 2674 3133 .
3100 3132 3104 3133 ,
3241 3124 3253 3133 .
3316 3124 3389 3133 ....

186 3124 345 3189 ξουσι
394 3125 702 3195 μαρτυρίαι,
747 3127 1120 3197 πιστουμένων
1156 3127 1225 3182 τά
1252 3127 1453 3182 παλαιὰ
1482 3127 1589 3181 τῶν
1621 3127 1738 3182 νέωι

1875 3139 1993 3180 sane
2042 3124 2495 3196 quemadmodum
2532 3110 2715 3195 ‘paulo
2748 3132 2871 3194 post
2925 3132 3146 3194 accepta
3205 3124 3273 3178 ab
3315 3124 3427 3179 illis

183 3215 559 3285 γραμμάτων,
597 3218 687 3270 καὶ
719 3216 829 3271 τῶν
872 3218 1239 3288 εὐαγγελικῶν
1286 3218 1384 3282 τὰς
1414 3219 1521 3273 τῶν
1549 3235 1735 3291 προφη·

1870 3219 2169 3273 testimonia
2227 3218 2712 3279 demonstrabunt,
2770 3217 3167 3271 recentioribus
3223 3216 3422 3271 litteris

180 3309 365 3361 τικῶν
406 3310 698 3380 μαρτυρίας
732 3311 1289 3382 ἐπισφραγιζομένων.
1329 3311 1486 3366 ’Λλλά
1508 3312 1616 3385 γὰρ
1638 3312 1729 3366 τού

1873 3318 2042 3366 vetera
2089 3311 2614 3380 comprobantibus,
2666 3318 2720 3365 et
2778 3310 3037 3380 angelicis
3095 3309 3425 3364 testimoniis

184 3419 296 3454 των
326 3394 431 3453 ὦδε
459 3403 702 3472 ἐχόντων,
732 3403 849 3474 ὥρα
874 3403 1056 3457 λοιπὸν
1085 3406 1176 3458 καὶ
1207 3403 1335 3475 περὶ
1367 3406 1463 3475 τῆς
1490 3422 1736 3477 προσηγο

1871 3401 2174 3471 prophetica
2199 3403 2353 3471 quasi
2383 3410 2531 3457 certa
2568 3402 2831 3472 impressa
2873 3409 2999 3456 nota
3036 3401 3423 3457 commendan-

189 3492 314 3561 ρίας
339 3490 501 3545 αὐτοῦ
525 3492 769 3557 διελθεῖν,
799 3492 920 3547 καθ’
945 3492 975 3545 ὃ
1008 3495 1210 3564 Ἰησοῦς
1242 3493 1335 3546 καὶ
1365 3496 1598 3565 Χριστὸς
1626 3497 1741 3568 ἀνη·

1893 3493 2023 3548 ibus.
2047 3493 2337 3555 Caeterum,
2370 3492 2586 3562 quando
2619 3493 2733 3547 haec
2766 3494 2839 3546 ita
2861 3508 2920 3548 se
2952 3492 3171 3553 habent.
3210 3480 3445 3563 tempus

188 3584 468 3656 γορεύετο,
491 3585 557 3638 δι’
588 3587 728 3639 ὅσων
765 3603 824 3639 τε
870 3588 1210 3658 προφητειῶν
1240 3590 1497 3661 ὀνομαστὶ⁵
1526 3605 1740 3659 προεκη·

1867 3594 1942 3641 est
1981 3585 2235 3655 deinceps
2294 3584 2361 3639 de
2411 3584 2772 3653 appellatione
2818 3584 3065 3652 ejusdem
3124 3584 3419 3648 disserere,

192 3678 435 3748 ρύττετο.
472 3677 668 3748 Πρῶτα
693 3678 749 3731 δὲ
782 3679 1106 3751 σκεψώμεθα
1129 3682 1180 3734 τί
1216 3682 1460 3752 βούλεται
1500 3681 1692 3754 δηλοῦν
1725 3682 1744 3733 'l

1870 3685 2128 3749 quatenus
2162 3686 2216 3733 et
2263 3676 2423 3733 Jesus
2476 3684 2531 3732 et
2575 3677 2827 3733 Christus
2857 3678 3037 3733 dictus
3070 3688 3176 3743 est,
3209 3693 3422 3735 necnon

188 3770 282 3824 τοῦ
318 3769 555 3842 Χριστοῦ
596 3772 953 3844 προσηγορία,
1005 3774 1134 3845 πρὶν
1178 3773 1443 3846 ἄρξασθαι
1481 3777 1580 3847 τῆς
1619 3775 1740 3829 κατέ

1872 3785 1955 3839 per
1986 3783 2123 3839 quas
2154 3767 2465 3839 prephetias
2514 3765 2836 3821 nominatim
2873 3777 2998 3821 ante
3026 3766 3097 3822 sit
3134 3769 3424 3823 denuntia-

197 3862 359 3932 μέρος
393 3862 710 3930 συναγωγῆς
736 3861 844 3916 τῶν
883 3865 1233 3936 προφητικῶν
1263 3867 1388 3939 περὶ
1412 3867 1505 3920 τοῦ
1536 3884 1749 3940 προκει-

1868 3868 1969 3916 lus.
2026 3858 2377 3928 Primumque
2444 3857 2576 3912 illud
2636 3857 3108 3926 contemplemur,
3159 3857 3420 3927 quidnam

196 3955 356 4020 μένου
382 3954 694 4025 σκέμματος
717 3955 930 4023 λογίων.
958 3957 1263 4027 Προσήκειν
1283 3958 1338 4011 δὲ
1373 3959 1608 4031 ⁴ἠγοῦμαι
1635 3962 1748 4033 περῖ

1871 3957 2036 4025 ipsum
2067 3952 2270 4008 Christi
2302 3965 2495 4005 nomen
2538 3949 2827 4019 signiticet,
2867 3956 3156 4019 antequam
3192 3949 3423 4019 prophe-

194 4047 356 4116 αὐτῆς
400 4046 614 4116 πρῶτον
654 4046 752 4117 τῆς
790 4047 1022 4119 Χριστοῦ
1062 4047 1328 4102 διαλαϐεῖν
1372 4052 1746 4124 ’προσηγορίας1

1872 4047 1963 4101 ιίεε
1989 4046 2057 4101 de
2086 4043 2362 4117 proposita
2399 4042 2738 4113 inspectione
2763 4042 2984 4096 oracula
3013 4042 3266 4112 colligere
3293 4041 3424 4097 inci-

191 4138 525 4211 διαρθρῶσαί
549 4157 607 4192 τε
640 4141 737 4212 τὴν
766 4140 891 4212 περὶ
924 4141 1092 4211 αὐτῆς
1122 4141 1348 4207 ἔννοιαν,
1378 4144 1454 4206 ὡς
1491 4144 1557 4197 ἂν
1595 4146 1743 4215 μηδὲπ

1869 4139 2092 4208 piamus.
2121 4136 2227 4191 Par
2255 4143 2433 4189 autem
2481 4150 2606 4190 esse
2654 4134 2890 4187 arbitror
2918 4133 2986 4189 de
3038 4135 3153 4204 ipsa
3187 4134 3421 4203 primum

192 4234 335 4303 ἡμᾶς
357 4232 511 4286 λάθοι
540 4232 648 4286 τῶν
681 4235 799 4287 κατ’
831 4232 999 4304 αὐτὴν
1027 4233 1393 4305 ζητουμένων.
1427 4236 1616 4301 ’Ἄλλος
1660 4238 1744 4308 μὲι

1866 4230 2064 4287 Christi
2113 4228 2476 4297 appellatione
2504 4234 2762 4290 tractare,
2800 4227 3058 4297 illiusque
3089 4227 3418 4282 intellectum

190 4320 303 4387 ὤν,
348 4324 579 4393 ἐγγύθεν
613 4325 706 4379 καὶ
742 4328 805 4379 ὲκ
832 4325 941 4379 τῶν
980 4326 1104 4380 καθ’
1138 4329 1283 4398 ἡμᾶς
1326 4328 1646 4399 ἀρξάμενος,
1685 4331 1742 4382 sf-

1872 4323 2213 4392 iistinguere,
2248 4329 2306 4373 ut
2333 4318 2467 4373 nihil
2505 4333 2732 4388 prorsus
2761 4334 2862 4373 nos
2891 4319 3054 4373 lateat
3081 4333 3269 4373 eorum
3300 4332 3424 4388 qua:

194 4434 281 4470 ποι
306 4416 373 4491 ἀν
422 4415 656 4470 Μωῦσέα
695 4416 1047 4488 νομοθετῆσαι
1097 4418 1308 4489 πρῶτον
1353 4418 1603 4471 ἁπάντων
1632 4419 1746 4483 τοὺς

1873 4428 1962 4469 ioc
1998 4414 2118 4467 loco
2141 4410 2309 4481 quairi
2340 4411 2535 4465 solent.
2571 4410 2727 4465 Alius
2754 4411 2919 4481 igitur
2947 4412 3016 4465 ab
3049 4412 3117 4466 iis
3148 4427 3267 4483 qua:
3296 4428 3425 4483 pro-

192 4505 268 4576 τῷ
297 4504 417 4575 Θεῷ
450 4506 771 4577 ίερωμένους
808 4506 961 4579 μύρῳ
991 4508 1274 4578 σκευαστῷ
1321 4510 1587 4580 χρίεσθαι,
1622 4510 1744 4563 εὐω-

1870 4507 2014 4577 piora
2045 4513 2194 4568 sunt,
2226 4513 2278 4559 et
2310 4520 2430 4574 quae
2480 4504 2547 4559 ad
2595 4520 2696 4558 nos
2746 4505 2920 4574 magis
2961 4514 3234 4574 spectant,
3266 4508 3422 4563 initio

192 4598 306 4662 δίας
329 4598 440 4652 δεῖν
466 4599 537 4651 τὰ
563 4597 789 4669 σώματα
817 4602 910 4654 καὶ
933 4600 1136 4669 ἀγαθοῦ
1161 4619 1302 4664 τινος
1333 4603 1593 4657 ἀποπνεῖν
1620 4605 1744 4676 ήγη-

1870 4602 2096 4665 sumpto,
2118 4593 2344 4649 dixisset
2365 4593 2600 4665 Moysem
2624 4594 2854 4664 primum
2873 4595 3114 4649 omnium
3137 4596 3189 4648 in
3214 4598 3422 4666 legibus

197 4692 423 4760 σᾶμενον
441 4708 455 4721 ·
495 4693 617 4745 ἐπεὶ
659 4693 766 4745 πᾶν
793 4692 854 4745 τὸ
881 4692 1113 4757 δυσῶδες
1147 4697 1367 4765 μιαραῖς
1401 4697 1492 4748 καὶ
1517 4697 1749 4769 ἀκαθάρ-

1870 4691 2130 4762 posuisse.
2172 4704 2266 4745 eos
2303 4690 2398 4760 qui
2442 4689 2550 4745 Deo
2577 4691 2883 4745 consecrati
2929 4698 3116 4747 essent
3146 4703 3422 4761 unguento

195 4798 303 4843 τοις
323 4780 613 4850 δυνάμεσιν
638 4777 773 4834 εἶναι
811 4780 982 4850 φίλον,
1007 4781 1083 4844 ὡς
1113 4781 1345 4852 ἔμπαλιν
1378 4787 1496 4847 ταῖς
1530 4784 1747 4853 φιλαγά-

1865 4789 2178 4853 comparato
2220 4782 2347 4851 ungi
2379 4782 2591 4847 solitos,
2617 4782 2912 4852 fragrantia
2941 4783 3148 4837 scilicet
3186 4784 3417 4853 quadam

199 4871 328 4936 θοις,
376 4872 436 4924 τὸ
455 4872 650 4937 εὑῶδες
670 4890 684 4903 -
712 4872 833 4926 ὅθεν
861 4875 952 4926 καὶ
983 4873 1280 4944 θυμιάματι
1309 4876 1645 4947 συγκειμένῳ
1679 4879 1751 4941 είς

1899 4890 1996 4945 pus
2030 4889 2152 4930 esse
2184 4874 2526 4944 corporibus,
2565 4890 2735 4944 eaque
2792 4874 2929 4929 bene
2979 4876 3125 4930 olere
3169 4886 3451 4944 oportere-

198 4962 499 5033 ὓπερδολὴν
522 4964 747 5027 εὐωδίας
773 4965 892 5018 καθ’
923 4966 1157 5035 ἑκάστην
1184 4966 1396 5039 ἡμέραν
1422 4970 1533 5031 τοῖς
1556 4969 1750 5040 ίερεῦσι

1868 4974 2012 5022 ratus
2067 4986 2080 5021 :
2140 4967 2579 5037 quandoquidem
2655 4983 2815 5021 omne
2865 4967 3227 5038 quodcunque
3281 4967 3420 5021 male

198 5055 428 5125 χρῆσθαι
462 5058 521 5108 ἐν
551 5055 627 5125 τῷ
665 5055 794 5125 ἱερῷ
819 5055 1194 5126 νομοθετῆσαι,
1229 5058 1395 5122 ὅπως,
1426 5075 1750 5130 κατακιρνα-

1867 5060 2020 5123 oleat,
2054 5059 2336 5114 sceleratis
2375 5067 2538 5129 atque
2596 5060 2890 5114 immundis
2944 5059 3303 5129 potestatibus
3335 5065 3419 5113 est

202 5146 360 5215 μένου
394 5146 484 5200 τοῦ
521 5148 699 5218 ἀέρος,
744 5148 835 5199 καὶ
864 5147 925 5200 τὸ
967 5147 1198 5210 δυσῶδες
1241 5148 1607 5215 ἀφανίζοντος,
1641 5147 1754 5202 θεία

1868 5154 2117 5216 amicum,
2162 5152 2304 5207 sicut
2354 5162 2545 5206 contra
2605 5152 2866 5208 studiosis
2911 5152 3203 5214 bonitatis,
3246 5151 3420 5222 quod-

196 5256 278 5303 τις
326 5239 568 5309 ἀπορροὴ
614 5242 725 5302 τοῖς
776 5239 1087 5310 εὐχομένοις
1148 5240 1615 5313 καταμιγνύηταια
1671 5242 1748 5296 διὰ

1870 5261 2073 5315 cunque
2100 5244 2448 5316 fragrantiam
2481 5253 2624 5301 amet
2653 5265 2665 5299 :
2701 5261 2767 5301 ex
2797 5260 2905 5314 qno
2927 5246 3112 5308 etiam,
3148 5256 3208 5300 ut
3231 5247 3422 5301 incen-

195 5331 307 5402 γὰρ
337 5328 496 5382 τοῦτο
517 5330 648 5384 αὐτὸ
672 5329 764 5382 καὶ
790 5330 998 5401 χρίσμα
1028 5328 1340 5382 ἀλειπτικὸν
1397 5330 1747 5385 εὐωδέστατον

1859 5337 1935 5395 sis
1961 5346 2015 5394 et
2043 5337 2487 5410 lumigationibus
2511 5339 2809 5408 composite
2829 5339 2895 5392 ad
2918 5337 3285 5393 abundantem
3310 5338 3411 5393 fra~

193 5421 279 5501 διὰ
314 5418 618 5491 μυρεψικῆς
640 5420 831 5491 τέχνης
856 5421 1122 5477 συνθεῖναι
1146 5425 1220 5488 ὡς
1246 5425 1313 5479 ἂν
1333 5427 1566 5498 χρίοιντο
1585 5427 1745 5497 τοῦτα

1867 5430 2147 5499 grantiam,
2168 5431 2396 5500 singulis
2417 5431 2573 5500 1'73
2594 5429 2786 5485 diebus
2807 5437 3089 5484 uterentur
3109 5431 3419 5487 sacerdotes

193 5514 244 5566 οἱ
264 5513 376 5566 τῶν
408 5512 599 5568 κοινῶν
629 5512 861 5585 δημοσίᾳ
892 5515 1288 5587 προστήσεσθαι
1330 5517 1629 5588 μέλλοντες,
1664 5520 1745 5573 καί

1868 5519 1912 5572 in
1936 5508 2379 5591 templo'lcgibus
2411 5520 2680 5585 sanxisse,
2714 5528 2772 5574 ut
2802 5520 2930 5573 dum
2971 5520 3053 5575 sic
3099 5535 3194 5575 aer
3225 5521 3420 5578 misce-

194 5606 256 5658 το
280 5605 377 5660 τοῦ
410 5606 643 5677 Χριστοῦ
680 5605 847 5675 ὄνομα
881 5603 1093 5675 πρῶτον
1119 5606 1352 5660 Μωῦσέα
1398 5609 1508 5671 τοῖς
1539 5608 1746 5680 χριομέ-

1864 5616 1968 5673 tur,
1993 5618 2046 5664 et
2069 5609 2329 5679 quidquid
2361 5612 2501 5667 male
2527 5612 2658 5676 olet,
2684 5611 2916 5683 repellit,
2939 5611 3229 5669 deﬂuentia
3268 5628 3416 5686 qure-

196 5715 305 5761 νοις
341 5696 622 5750 ἐπιθεῖναι.
659 5696 825 5749 Τοῦτο
865 5695 921 5748 δὲ
953 5694 1012 5748 τὸ
1036 5694 1239 5769 χρίσμα
1274 5697 1348 5767 μὴ
1378 5698 1530 5768 μόνον
1573 5700 1748 5772 ἀρχιε-

1866 5698 1980 5754 dam
2014 5700 2196 5757 divina
2236 5703 2587 5772 precantibus
2609 5705 2983 5762 immisceatur
3008 5724 3021 5761 :
3049 5720 3176 5762 nam
3202 5717 3418 5779 propter
