3914 6198
527 279 624 334 291

528 483 782 547 mum,ad
812 483 1070 551 unguenti
1105 497 1264 535 usum
1299 481 1655 550 unguentaria
1695 488 1811 535 arte
1835 478 2084 548 componi

531 579 770 640 solitum,
807 583 864 628 ut
891 590 956 628 eo
995 584 1326 644 uugercntur
1356 577 1448 644 qui
1494 557 1876 629 communibus
1923 573 2086 627 rebus

531 669 743 738 publice
775 665 1099 735 praeficiendi
1127 668 1392 722 fuissent:
1435 677 1488 721 et
1516 667 1720 722 Christi
1751 683 1946 721 nomen
1980 667 2087 736 pri-

530 773 674 812 mum
703 756 938 828 Moysem
969 757 1032 812 iis
1055 759 1234 829 quiita
1259 767 1608 830 iungerentur,
1633 760 1956 829 imposuisse
1988 779 2000 814 :
2035 758 2087 812 id

527 856 709 902 autem
759 853 1030 905 unctionis
1079 867 1250 921 genus
1280 890 1294 914 ,
1347 867 1454 906 non
1515 853 1688 907 solum
1741 851 2086 921 pontificibus

530 939 698 994 fuisse
732 942 1008 1009 traditum,
1057 943 1152 997 sed
1203 951 1258 997 et
1304 945 1582 1014 prophetis
1634 955 1688 998 et
1735 943 1952 1013 regibus
1994 944 2084 1013 qui

528 1045 713 1104 postea
757 1035 974 1098 fuerint,
1010 1037 1210 1106 quibus
1264 1039 1427 1092 etiam
1465 1038 1599 1107 ipsis
1649 1039 1782 1093 solis
1832 1038 1936 1092 hoc
1985 1053 2090 1091 un-

529 1133 728 1195 guento
756 1127 884 1196 ungi
939 1127 1020 1182 fas
1065 1138 1227 1184 esset.
1279 1129 1403 1184 Haec
1451 1131 1614 1201 igitur
1671 1131 1818 1185 dictu
1871 1129 2087 1200 quidem

531 1217 774 1272 faciliora
816 1219 1066 1282 fuissent,
1102 1221 1259 1292 longe
1287 1229 1469 1276 tamen
1509 1230 1716 1278 remota
1749 1238 1778 1275 a
1814 1223 1997 1276 divina
2036 1227 2090 1274 et

532 1309 748 1363 sublimi
791 1313 1062 1380 prophetae
1093 1314 1265 1384 ipsius
1295 1315 1668 1384 intelligentia.
1703 1314 1978 1384 Siquidem
2003 1312 2094 1366 ad-

532 1401 794 1456 mirabilis
827 1403 934 1465 ille,
966 1411 1127 1473 atque
1161 1404 1351 1474 ingens
1389 1420 1577 1459 revera
1611 1420 1887 1460 sacrorum
1915 1406 2089 1460 admi-

531 1491 813 1548 nistrator.
847 1494 938 1561 qui
960 1509 1172 1548 onmem
1215 1505 1480 1549 terrenam
1511 1505 1566 1550 et
1595 1511 1910 1565 corpoream
1935 1507 2090 1550 natu-

532 1596 670 1642 ram,
707 1583 759 1636 in
794 1585 925 1638 solis
963 1594 1187 1640 noverat
1216 1588 1568 1656 qualitatibus
1591 1589 1905 1651 discretam,
1939 1590 2089 1644 nullo

531 1673 693 1727 modo
725 1675 884 1727 aliam
914 1676 1019 1728 alia
1052 1676 1258 1731 honore
1285 1687 1378 1732 aut
1406 1679 1578 1749 pretio
1609 1678 1908 1748 digniorem
1942 1679 2088 1748 judi-

1190 276 1458 335 EUSEBH
1497 276 1976 333 CIESARIENSIS
2015 276 2165 334 ΟΡΡ.
2197 275 2397 332 PARS.
2440 275 2480 332 Ι.
2521 308 2590 318 —-
2627 271 3124 331 APOLCGETICA.

437 391 444 399 ⁸
531 393 864 463 hancipsam
905 407 1124 446 causam
1170 392 1332 445 etiam
1365 398 1700 461 unguentum
1758 391 2078 448 odoratissi-

2188 391 2330 464 ρεῦσι
2362 390 2748 464 παραδοθῆναι,
2781 388 2914 443 ἀλλᾶ
2955 387 3048 444 καὶ
3079 388 3190 450 τοῖς
3224 385 3361 457 μετὰ
3400 385 3572 439 ταῦτα
3616 403 3738 462 προ-

3644 273 3745 328 292

2185 485 2378 554 φήταις
2403 483 2500 536 καὶ
2529 481 2855 552 βασιλεῦσιν,
2877 475 2957 544 οἷς
2985 480 3078 534 καὶ
3100 480 3282 542 αὐτοῖς
3303 477 3476 548 τούτῳ
3503 477 3747 550 χρίεσθαι

2187 574 2367 645 μόνοις
2409 575 2526 638 ἐξὸν
2553 569 2622 644 ἦν
2671 572 2746 643 τῷ
2773 574 2944 644 μύρῳ.
2978 571 3162 624 Ταῦτα
3197 571 3292 640 μὲν
3321 566 3414 623 οὖν
3461 569 3751 642 προχειρό-

2182 683 2316 737 τερα
2355 666 2419 720 ἂν
2464 667 2570 737 εἴη,
2606 665 2792 736 τιόρρω
2828 679 2890 732 γε
2929 663 3032 734 μὴν
3065 659 3378 715 καθεστῶτα
3426 660 3524 731 τῆς
3566 659 3752 714 ἐνθέου

2185 760 2279 812 καὶ
2310 757 2678 829 μεγαλοφυοῦς
2705 755 2796 809 τοῦ
2827 758 3106 828 προφήτου
3147 754 3401 816 διανοίας.
3444 754 3499 806 '0
3529 753 3638 822 γάρ
3667 770 3752 806 τοι

2187 851 2485 921 Θαυμάσιος
2512 853 2734 913 ἐκεῖνος,
2764 849 2856 900 καὶ
2884 846 3054 918 μέγας
3075 845 3150 910 ὡς
3173 845 3386 916 ἀληθῶς
3410 846 3749 916 ἱεροφάντης,

2188 944 2366 996 πᾶσαν
2389 940 2564 1010 γεώδη
2599 939 2692 992 καὶ
2717 937 3031 1008 σωματικὴν
3063 935 3246 988 οὐσίαν
3282 937 3339 989 ὲν
3375 934 3562 1004 μόναις
3597 934 3755 998 εἰδὼς

2186 1038 2305 1098 ταῖς
2329 1033 2570 1102 ποιότησι
2597 1029 3031 1099 διακεκριμένην,
3067 1029 3185 1080 κατ’
3210 1026 3397 1078 οὐδένα
3421 1024 3617 1095 τρόπον
3645 1025 3754 1078 ἑτέ-

2191 1144 2288 1198 ραν
2339 1128 2435 1196 τῆς
2481 1124 2671 1195 ἐτέρας
2719 1120 3085 1192 προύτίμησεν
3136 1120 3221 1181 ἂν,
3272 1119 3342 1172 τά
3385 1118 3543 1170 πάντ’
3595 1117 3750 1182 εἰδὼς

2191 1219 2319 1289 μιᾶς
2353 1217 2480 1268 δντα
2506 1215 2701 1283 ἔγγονα
2735 1212 2862 1282 ῦλης
2887 1209 2946 1263 οῦ
2976 1227 3103 1263 ποτε
3135 1208 3395 1279 ἑστώσης,
3429 1208 3550 1261 οὐδέ
3582 1226 3634 1260 τι
3666 1208 3753 1278 βέ-

2189 1310 2338 1364 ϐαιον
2364 1311 2420 1361 ὲν
2461 1311 2526 1378 τῇ
2569 1307 2725 1375 φύσει
2758 1304 3004 1375 ἐχούσης,
3049 1303 3134 1354 ἀεὶ
3165 1300 3220 1352 δὲ
3257 1299 3506 1370 ῥεούσης,
3536 1299 3629 1352 καὶ
3664 1298 3754 1352 ἐπὶ

2189 1401 2286 1470 τὴν
2311 1399 2516 1452 οἰκείαν
2544 1397 2748 1468 φθορὰν
2773 1393 3153 1465 ἐπειγομένης.
3183 1391 3388 1445 Οὔκουν
3430 1392 3492 1444 τὸ
3515 1391 3614 1462 ἡδὺ
3649 1390 3755 1443 τῶν

2191 1493 2454 1564 σωμάτων
2487 1491 2676 1554 εἵλετο,
2719 1490 2823 1544 οὐδ’
2865 1487 2994 1541 αὐτὸ
3031 1486 3150 1540 καθ’
3175 1485 3305 1538 αὐτὸ
3335 1484 3666 1556 προῦκρινεν
3693 1483 3756 1537 ἂν

2187 1586 2248 1638 τὸ
2270 1586 2377 1638 ἀπὸ
2400 1585 2508 1639 τῶν
2532 1583 2834 1654 αἰσθήσεων
2866 1579 3134 1652 προσηνές
3155 1596 3167 1608 ·
3199 1579 3372 1649 χαμαί¹
3398 1577 3506 1650 γὰρ
3540 1579 3636 1631 καὶ
3667 1579 3758 1630 ἐπὶ

2191 1680 2453 1749 σωμάτων
2484 1676 2672 1749 ἡδονὴν
2707 1674 2973 1745 πεσούσης
3001 1673 3142 1726 τοῦτ’
3169 1673 3236 1725 ἂν
3259 1674 3342 1742 εἴη
3370 1673 3428 1725 τὸ
3459 1671 3631 1734 πάθος
3657 1672 3757 1741 ψυ-

533 1765 699 1833 cavit,
737 1775 920 1834 utpote
952 1783 1073 1821 cum
1104 1771 1285 1823 omnia
1315 1779 1498 1825 nosset
1523 1787 1588 1824 ex
1617 1771 1802 1825 eadem
1835 1779 1952 1826 orta
1973 1787 2087 1825 ma-

2193 1771 2309 1841 χῆς.
2346 1770 2540 1839 Μυρέοι
2575 1769 2702 1836 γοῦν
2734 1766 2840 1819 τῶν
2870 1766 2938 1820 τὰ
2975 1764 3199 1836 σώματα
3229 1763 3630 1835 τεθηλυμένων,
3658 1767 3755 1834 ἐμ-

533 1855 692 1918 teria,
746 1871 864 1925 qua:
903 1874 1080 1927 neque
1133 1876 1371 1930 unquam
1435 1862 1617 1924 sistit,
1665 1877 1839 1930 neque
1895 1862 2090 1916 stabile

530 1947 824 2019 quidquam
867 1951 920 2005 in
966 1961 1159 2006 natura
1192 1954 1372 2016 habet,
1409 1970 1624 2024 semper
1653 1964 1833 2010 autem
1874 1954 2012 2018 ﬂuit,
2039 1964 2092 2011 et

531 2039 598 2092 ad
661 2043 932 2110 propriam
982 2044 1381 2113 corruptionem
1435 2045 1675 2100 festinat.
1738 2045 1854 2100 Non
1929 2047 2092 2116 igitur

531 2133 674 2202 quod
701 2148 865 2188 suave
890 2145 1034 2190 esset
1063 2137 1118 2189 in
1146 2137 1465 2206 corporibus
1495 2139 1675 2208 elegit,
1711 2153 1884 2208 neque
1914 2138 2090 2208 ipsum

533 2238 632 2292 per
655 2239 715 2278 se
743 2225 886 2294 quod
923 2241 1114 2282 sensus
1149 2227 1295 2295 ipsos
1324 2228 1672 2292 demulceret,
1701 2230 1964 2300 praetulit;
1990 2229 2092 2283 hoc

532 2329 766 2384 namque
795 2317 987 2371 animae
1011 2319 1198 2371 vitium
1229 2319 1421 2375 fuisset
1448 2336 1568 2390 quae
1605 2321 1658 2374 in
1689 2322 1912 2374 humum
1945 2327 1998 2374 et
2023 2319 2091 2374 ad

531 2422 822 2477 corporum
858 2410 1187 2480 voluptatem
1231 2411 1552 2466 declinaret.
1587 2413 1795 2468 Etenim
1845 2414 2090 2467 innume-

534 2497 735 2552 rabiles
759 2497 1069 2553 effeminata
1111 2514 1341 2570 corpora
1389 2504 1669 2568 habentes,
1694 2512 1746 2556 et
1779 2504 1981 2574 alioqui
2010 2503 2090 2556 vi-

529 2587 622 2642 tiis
651 2589 892 2655 obnoxii,
949 2601 1002 2646 et
1050 2591 1492 2662 intemperantes,
1549 2596 1641 2664 qui
1694 2604 2090 2665 unguentorum

529 2697 760 2751 operosa
802 2683 1060 2736 varietate
1093 2683 1173 2736 uti
1217 2685 1413 2748 solent,
1438 2685 1645 2739 animas
1691 2687 1906 2742 interim
1943 2689 2090 2743 omni

529 2771 774 2826 fmditate
793 2773 1154 2842 omnibusque
1182 2775 1435 2830 sordibus
1465 2777 1604 2831 male
1632 2779 1840 2833 olentes
1858 2780 2092 2834 circum-

531 2862 749 2917 ferunt:
788 2864 928 2918 sicut
962 2879 992 2918 e
1018 2866 1295 2919 contrario
1323 2867 1414 2935 qui
1449 2866 1540 2921 Dei
1571 2869 1728 2923 amici
1752 2879 1898 2935 sunt,
1919 2872 2089 2940 ipsam

529 2954 787 3008 virtutem
841 2955 1072 3016 olentes.
1113 2963 1168 3011 et
1201 2958 1372 3012 multo
1411 2961 1843 3028 praestantiorem
1890 2976 1922 3015 a
1970 2950 2091 3018 mo-

529 3046 704 3100 destia
731 3058 894 3116 atque
934 3063 961 3100 a
983 3048 1197 3117 justitia
1231 3058 1284 3104 et
1317 3051 1384 3104 ab
1404 3051 1550 3105 omni
1579 3053 1777 3120 pietate
1816 3054 2088 3110 balantem

531 3138 903 3209 fragrantiam,
925 3157 1087 3210 quam
1118 3142 1184 3196 de
1215 3125 1760 3200 terra‘odoramentis
1792 3147 2088 3212 trahentes,

529 3231 753 3287 odorem
815 3247 1107 3302 corporum
1168 3250 1289 3304 qua:
1335 3237 1564 3290 materia
1614 3246 1887 3303 constant,
1939 3241 2093 3295 nihili

531 3337 755 3391 prorsus
782 3323 1007 3378 faciunt.
1040 3324 1164 3380 Haec
1193 3327 1356 3397 igitur
1389 3342 1512 3382 cum
1540 3329 1757 3400 egregie
1796 3332 2091 3388 admodum

530 3424 783 3485 percepta
812 3424 866 3470 et
893 3417 1106 3487 cognita
1145 3417 1364 3473 haberet
1397 3420 1673 3489 prapheta,
1696 3433 2091 3493 unguentorum

529 3514 692 3576 atque
730 3509 1082 3561 incensorum
1115 3509 1340 3562 .nullam
1378 3511 1706 3581 praecipuam
1739 3515 1958 3583 gerebat
1995 3530 2092 3570 cu-

527 3614 644 3652 ram
667 3600 985 3654 :meliorum
1017 3616 1144 3655 vero
1175 3617 1236 3655 ac
1263 3602 1568 3657 divinarum
1600 3620 1781 3659 rerum
1804 3606 2086 3676 imagines,

527 3700 790 3762 quantum
819 3701 1031 3764 poterat
1069 3710 1165 3764 per
1194 3709 1422 3765 corpora
1461 3697 1528 3753 iis
1569 3697 1658 3767 qui
1683 3700 1762 3754 sic
1803 3700 2095 3766 duntaxat;

526 3784 702 3855 nerine
731 3801 958 3856 usquam
993 3787 1148 3841 aliter
1181 3787 1395 3842 divinas
1447 3805 1536 3845 res
1588 3791 1772 3846 doceri
1814 3800 2086 3861 poterant,

525 3875 834 3930 exhibebat.
863 3874 996 3931 Nam
1031 3877 1176 3947 quod
1216 3878 1394 3947 ipsum
1439 3879 1544 3935 hoc
1589 3881 1832 3936 divinum
1876 3899 2090 3954 quoque

524 3970 804 4023 oraculum
821 3970 1180 4039 responderit,
1197 3972 1372 4040 palam
1391 3970 1722 4044 descriptum
1742 3975 1989 4042 habetur,
2004 3978 2088 4034 his

525 4061 735 4114 verbis:
764 4079 782 4111 ι
809 4058 941 4115 Vide
966 4068 1024 4114 ut
1045 4059 1214 4115 facias
1232 4061 1414 4116 omnia
1436 4063 1502 4117 ad
1520 4066 1794 4136 exemplar
1820 4069 1962 4136 quod
1991 4070 2088 4124 tibi

525 4159 890 4205 monstratum
913 4160 998 4206 est
1018 4153 1072 4206 in
1103 4162 1287 4207 monte
1305 4154 1370 4206 ".
1395 4173 1413 4204 ο
1455 4155 1624 4223 Igitur
1653 4159 1880 4212 aliarum
1905 4175 2087 4214 rerum

524 4257 647 4295 cum
666 4241 950 4312 perficeret
963 4244 1076 4299 haec
1089 4259 1208 4313 quae
1221 4245 1547 4314 exemplaria
1570 4249 1848 4304 nominare
1865 4266 2089 4306 consue-

526 4336 774 4396 vit,illum
791 4337 1047 4406 unguenti
1066 4352 1222 4392 usum
1241 4338 1494 4407 illamque
1507 4340 1814 4396 unctionem
1835 4345 2082 4400 sancivit.

2191 1863 2380 1928 παθεῖς
2425 1863 2594 1926 ἄλλως
2639 1861 2731 1915 καὶ
2779 1860 3084 1921 ἀκόλαστοι,
3132 1857 3315 1929 μύρων
3363 1858 3454 1911 καὶ
3495 1857 3757 1911 ποικίλων

2191 1956 2527 2028 περιεργίαις
2575 1955 2862 2026 χρώμενοι.
2898 1952 3078 2022 πάσης
3106 1953 3330 2021 αἰσχρᾶς
3369 1951 3461 2004 καὶ
3497 1951 3756 2021 ρυπώσης

2188 2047 2446 2110 δυσωδίας
2471 2046 2566 2109 τὰς
2589 2047 2763 2116 ψυχὰς
2791 2043 3134 2114 ἐπιφέρονται
3157 2061 3169 2072 ο
3199 2043 3273 2106 ὡς
3300 2043 3534 2114 ἔμπαλιν
3562 2044 3611 2095 οί
3645 2041 3760 2094 θεο-

2192 2139 2382 2208 φιλεῖς,
2412 2139 2610 2210 ἀρετῆς
2642 2137 2983 2208 ἐμπνέοντες,
3019 2136 3116 2206 τὴν
3151 2135 3282 2188 πολὺ
3325 2134 3610 2205 κρείττονα
3652 2133 3759 2185 τῶν

2191 2231 2298 2284 ἀπὸ
2335 2231 2436 2300 γῆς
2466 2229 2767 2302 ἀρωμάτων
2795 2228 2892 2299 τὴν
2914 2227 3020 2280 ἀπὸ
3046 2225 3411 2296 σωφροσύνης,
3445 2226 3540 2279 καὶ
3561 2226 3760 2278 δικαιο-

2193 2325 2376 2395 σύνης,
2427 2323 2518 2376 καὶ
2563 2323 2742 2391 πάσης
2782 2320 3057 2384 εὐσεϐείας
3097 2319 3479 2390 ἀναδιδομένην
3529 2319 3758 2372 εὐωδίαν

2191 2416 2534 2486 ἐπαγόμενοι,
2569 2414 2666 2486 τὴν
2695 2413 2801 2466 τῶν
2829 2411 3026 2465 ὑλικῶν
3068 2413 3333 2482 σωμάτων
3368 2409 3535 2480 ὀδμὴν
3570 2411 3629 2461 ὲν
3671 2411 3761 2463 ού-

2189 2507 2299 2559 δενὶ
2327 2505 2587 2558 τέθεινται
2621 2503 2779 2575 λόγῳ.
2824 2503 3003 2555 Ταῦτα
3023 2497 3202 2556 οῦντεῦ
3243 2501 3385 2572 μάλα
3412 2501 3708 2568 διειληφὼς
3734 2503 3762 2554 ό

2191 2600 2493 2671 προφήτης,
2541 2597 2722 2668 μύρων
2768 2598 2864 2667 μὲν
2900 2595 2931 2666 ἢ
2972 2597 3064 2649 καὶ
3101 2595 3456 2666 θυμιαμάτων
3497 2594 3762 2662 οὐδεμίαν

2192 2690 2604 2764 προηγουμένην
2637 2691 2869 2742 ἐποιεῖτο
2897 2687 3149 2760 φροντίδα
3175 2705 3188 2717 ·
3221 2687 3540 2760 κρειττόνων
3575 2685 3636 2738 δὲ
3673 2687 3765 2738 καὶ

2191 2783 2352 2838 θείων
2396 2783 2624 2845 εἰκόνας,
2671 2781 2744 2844 ὠς
2773 2781 2896 2850 ἐνῆν
2942 2781 3184 2843 δυνατὸν,
3218 2779 3305 2846 διὰ
3348 2779 3618 2848 σωμάτων
3653 2780 3765 2840 τοῖς

2197 2877 2369 2950 μόνως
2396 2875 2587 2939 οὕτως,
2624 2876 2718 2927 καὶ
2752 2873 2860 2926 οὐδ’
2894 2872 3068 2937 ἄλλως
3101 2876 3172 2925 τὰ
3217 2873 3333 2925 θεῖα
3361 2872 3490 2932 οἵοις
3527 2887 3586 2922 τε
3620 2887 3764 2940 μαν-

2193 2971 2371 3026 θάνειν
2400 2966 2700 3040 παρεδίδου.
2731 2967 2851 3018 Ὅτι
2872 2964 2935 3035 δὴ
2957 2964 3102 3017 τοῦτ’
3129 2963 3259 3018 αὐτὸ
3295 2964 3386 3016 καὶ
3408 2964 3437 3014 ό
3464 2960 3607 3022 θεῖος
3642 2963 3768 3013 ἀνα-

2192 3061 2496 3133 γέγραπται
2529 3055 2765 3131 εἰρηκὼς
2798 3057 3041 3128 χρησμὸς
3066 3057 3261 3128 φήσας,
3290 3073 3308 3104 ι
3340 3055 3479 3124 Ὅρα
3524 3054 3768 3123 ποιήσῃς

2194 3154 2370 3208 πάντα
2395 3151 2535 3206 κατά
2557 3151 2646 3205 τὸν
2666 3151 2832 3204 τύπον
2857 3152 2946 3204 τὸν
2972 3150 3252 3221 δειχθέντα
3284 3164 3362 3200 σοι
3394 3149 3452 3199 ὲν
3479 3145 3555 3215 τῷ
3585 3145 3760 3216 δρεω

2191 3247 2436 3318 Σύμϐολα
2464 3244 2749 3316 τοιγαροῦν
2777 3243 2995 3316 ἑτέρων,
3023 3243 3164 3312 ἅπερ
3188 3239 3388 3302 τύπους
3425 3237 3616 3290 εἴωθεν
3645 3239 3767 3290 ὀνο-

2193 3338 2326 3410 μάζε
2336 3355 2403 3401 ιν,
2419 3333 2807 3404 ὲπιτελῶν,τὴν
2821 3333 2906 3386 διὰ
2926 3331 3020 3386 τοῦ
3042 3329 3212 3401 μύρου
3231 3329 3408 3398 χρίσιν
3426 3325 3766 3396 ἐνομοθέτει.

2187 3430 2259 3486 ’Ὅ
2279 3446 2341 3498 γε
2361 3429 2464 3501 μὴν
2483 3427 2682 3498 ὑψηλὸς
2703 3426 2797 3479 καὶ
2813 3427 2869 3478 ὲν
2884 3425 3213 3495 ἀπορρήτοις
3234 3418 3391 3490 δηλού
3399 3435 3558 3489 μενος
3579 3419 3769 3471 αὐτῶν

2188 3521 2362 3591 λόγος,
2393 3520 2467 3583 ὼς
2497 3518 2716 3572 δυνατὸν
2740 3519 2936 3578 εἰπεῖν,
2975 3513 3229 3584 τοιαύτην
3270 3512 3382 3581 εἶχε
3405 3512 3676 3576 διάνοιαν,
3709 3511 3772 3565 τὸ

2193 3617 2349 3686 μόνον
2399 3611 2600 3682 ἀγαθὸν
2643 3611 2737 3664 καὶ
2771 3609 2928 3679 μόνον
2963 3607 3038 3672 ὼς
3066 3605 3280 3677 ἀληθῶς
3329 3603 3525 3666 εὑῶδες
3555 3604 3660 3656 καὶ
3690 3605 3774 3655 τί-

2193 3724 2330 3778 μιον,
2357 3706 2449 3759 καὶ
2478 3705 2658 3774 πάσης
2693 3702 2790 3772 μὲν
2815 3701 2958 3769 ζωῆς
2985 3698 3175 3763 αἴτιον,
3207 3699 3339 3750 πᾶσι
3373 3696 3428 3748 δὲ
3451 3695 3546 3748 σὺν
3573 3695 3664 3764 τῷ
3690 3691 3772 3747 εἷ-

2187 3814 2274 3850 ναι
2315 3796 2404 3849 καὶ
2429 3793 2487 3846 τὸ
2513 3788 2571 3846 εὖ
2601 3787 2738 3844 εἶναι
2771 3789 3161 3861 δεδωρημένον,
3188 3787 3246 3839 ἓν
3272 3785 3414 3840 τοῦθ’
3448 3787 3476 3837 ὁ
3505 3788 3645 3856 παρ’
3680 3785 3773 3838 'E-

2187 3885 2395 3958 ϐραίοις
2427 3884 2582 3952 λόγος
2607 3883 2871 3952 ἠπίστατο
2910 3879 3121 3952 πρῶτον
3154 3877 3262 3931 τῶν
3292 3877 3425 3930 ὅλων
3444 3877 3645 3941 αἴτιον,
3676 3877 3775 3930 αὑ·-

2186 3981 2274 4034 τδν
2319 3979 2383 4050 δὴ
2425 3979 2514 4032 τὸν
2559 3975 2817 4046 Ὕψιστον
2858 3973 2951 4027 καὶ
2991 3970 3336 4044 παμϐασιλέα
3370 3970 3475 4023 τῶν
3505 3969 3776 4022 ἁπάντων

2185 4071 2511 4144 δημιουργὸν
2560 4069 2712 4122 Θεόν.
2759 4065 2959 4118 Τούτου
3017 4063 3081 4135 δὴ
3129 4059 3220 4116 οὖν
3257 4061 3354 4132 τὴν
3386 4059 3640 4130 παναλκῆ
3678 4061 3779 4114 καὶ

2188 4163 2496 4232 πανάγαθον
2551 4159 2646 4214 καὶ
2679 4158 2874 4222 παντὸς
2907 4154 3070 4210 καλοῦ
3096 4152 3325 4226 χορηγὸν
3359 4152 3459 4222 τῆς
3499 4151 3778 4205 ἀνωτάτω

2187 4257 2280 4311 καὶ
2325 4257 2613 4325 ἀγεννήτου
2669 4251 2916 4321 θεότητος
2970 4248 3192 4319 δύναμιν
3246 4246 3304 4299 τὸ
3343 4245 3481 4297 θεῖον
3535 4243 3778 4315 Πνεῦμα

2188 4345 2594 4419 προσαγορεύει.
2647 4344 2844 4414 Διόπερ
2887 4340 3119 4412 Χριστὸν
3166 4341 3256 4392 καὶ
3296 4337 3628 4407 ¹ἤλειμμένον
3681 4338 3778 4390 τὸν

529 4429 684 4499 173
715 4427 1008 4483 Sublimior
1059 4436 1241 4483 tamen
1293 4445 1479 4484 earum
1523 4448 1726 4496 rerum,
1779 4443 1830 4490 et
1873 4454 1992 4507 quae
2019 4438 2086 4493 de

2189 4440 2352 4508 αὐτῆς
2409 4437 2631 4508 μέτοχον
2686 4431 2967 4488 ἀποκαλεῖ.
3019 4431 3234 4484 Ἔλαιον
3267 4429 3324 4482 δὲ
3355 4429 3443 4482 τὸν
3483 4423 3674 4481 οἶκτον
3716 4429 3777 4480 ὲν

524 4521 740 4575 arcanis
776 4518 1004 4589 proferri
1038 4522 1175 4577 solet
1199 4524 1358 4585 ratio,
1391 4539 1488 4592 pro
1521 4541 1636 4580 mea
1663 4527 1880 4582 dicendi
1917 4530 2086 4586 facul-

523 4620 654 4677 tate,
678 4612 838 4666 talem
871 4611 1101 4667 habebat
1127 4629 1369 4678 sensum,
1399 4616 1542 4685 quod
1564 4619 1740 4673 solum
1777 4632 1862 4676 est
1886 4623 2084 4679 bonum

523 4706 808 4774 solumque
879 4719 1067 4760 revera
1124 4705 1370 4776 fragrans
1431 4719 1483 4764 et
1541 4700 1870 4781 preliosum,
1925 4725 2086 4787 atque

521 4798 701 4852 omnis
754 4795 973 4866 quidem
1013 4796 1137 4850 vitae
1168 4798 1492 4868 principium
1531 4809 1586 4855 et
1643 4799 1784 4865 fons,
1832 4807 2085 4864 omnibus

521 4896 700 4942 autem
731 4902 838 4942 una
865 4902 988 4943 cum
1019 4902 1082 4942 eo
1119 4898 1174 4942 ut
1209 4890 1338 4952 sint.
1369 4891 1530 4945 etiam
1570 4891 1620 4944 id
1651 4932 1664 4954 ,
1696 4903 1754 4946 ut
1787 4895 1923 4949 bene
1950 4899 2078 4960 sint,

520 4979 776 5049 largiens,
809 4995 976 5033 unum
1000 4994 1130 5034 sane
1155 4979 1285 5036 illud
1324 4980 1670 5037 Hebrzeorum
1695 4984 1832 5038 ratio
1859 4998 2083 5042 noverat

519 5069 609 5137 qui
635 5069 851 5140 quidem
885 5071 1120 5125 universi
1154 5072 1359 5140 primus
1397 5083 1481 5129 est
1524 5087 1736 5142 auctor,
1768 5079 1943 5148 ipsum
1977 5080 2084 5134 uti-

518 5177 626 5230 que
649 5161 973 5216 altissimum
1006 5177 1068 5216 ac
1093 5162 1262 5218 totius
1295 5179 1503 5234 regem,
1525 5169 1878 5240 omniumque
1901 5187 2081 5226 rerum

519 5252 765 5324 opificem
795 5253 982 5310 Deum.
1038 5252 1213 5324 Hujus
1262 5257 1444 5328 itaque
1502 5274 1768 5330 suprema:
1802 5273 1966 5334 atque
2000 5264 2084 5318 in-

521 5347 713 5416 genita:
745 5346 944 5402 divine
967 5347 1219 5403 essentia
1249 5350 1503 5405 virtutem
1528 5352 1698 5415 illam,
1729 5370 1852 5424 qua:
1899 5355 2077 5410 omnia

517 5439 683 5504 valet,
713 5453 873 5494 omne
897 5439 1097 5495 bonum
1121 5449 1359 5510 praestat,
1377 5456 1593 5498 omnem
1625 5446 2083 5514 pulchritudinem

523 5529 916 5596 subministrat,
957 5531 1182 5586 divinus
1234 5531 1492 5604 Spiritus,
1549 5539 1770 5608 proprio
1798 5547 1851 5594 et
1887 5551 2084 5595 convc-

525 5622 689 5678 uienti
718 5627 964 5696 exemplo
1001 5626 1289 5686 conferens
1317 5639 1479 5703 atque
1513 5636 1957 5707 accommodans,
1991 5635 2082 5693 Dei

597 5738 640 5768 “
674 5739 841 5795 Exod.
879 5758 1026 5804 xum,
1067 5745 1154 5799 30.

2183 4531 2389 4594 τούτοις
2417 4529 2600 4591 ἄκουε,
2629 4527 2760 4598 μηδὲ
2783 4525 2880 4597 τὴν
2906 4525 2997 4577 ἐπὶ
3024 4525 3134 4586 τοῖς
3169 4520 3536 4592 δυσπραγοῦσι
3560 4522 3776 4595 λύπην.

2183 4627 2295 4680 ἀλλ’
2329 4627 2356 4678 ὃ
2390 4623 2599 4693 καρπὸς
2645 4620 2739 4675 τοῦ
2765 4619 2930 4690 φυτοῦ
2967 4619 3280 4691 παρίστησι,
3321 4618 3381 4670 τὸ
3409 4617 3588 4690 πάσης
3631 4621 3776 4692 ἀμι-

2184 4719 2275 4787 γὲς
2305 4718 2476 4788 ὑγρᾶς
2510 4715 2661 4784 ῦλης,
2698 4713 2873 4784 φωτὸς
2905 4711 3214 4783 αὐξητικὸν,
3241 4710 3416 4764 πόνων
3450 4710 3780 4782 θεραπευτι-

2186 4812 2298 4875 κὸν,
2330 4809 2588 4880 καμάτων
2615 4805 3036 4868 ἁπαλλακτικὸν,
3075 4803 3136 4856 τὸ
3172 4802 3277 4856 τῶν
3311 4804 3778 4874 ὲπαλειψαμένων

2186 4898 2549 4971 φαιδροποιὸν,
2580 4897 2754 4968 φωτὸς
2790 4896 2945 4965 δίκην
2977 4893 3298 4949 ἁποστίλόον
3320 4897 3438 4960 ταῖς
3469 4913 3780 4968 μαρμαρυ-

2187 4993 2329 5060 γαῖς,
2373 4989 2567 5059 διαυγῆ
2616 5003 2677 5040 τε
2729 4985 2822 5040 καὶ
2854 4984 3112 5057 λαμπρὰν
3145 4985 3253 5038 τῶν
3289 4983 3438 5054 αὐτῷ
3463 4987 3781 5056 χρωμένων

2187 5081 2480 5137 ἀποτελοῦν
2509 5081 2608 5152 τὴν
2635 5078 2776 5149 ὄψιν,
2810 5078 2839 5131 ὃ
2885 5094 3048 5148 φησιν
3101 5077 3135 5147 ἡ
3173 5075 3292 5130 θεία
3333 5077 3548 5148 Γραφήο
3593 5095 3612 5126 ι
3660 5078 3781 5131 Τοῦ

2191 5173 2432 5244 ἱλαρῦναι
2465 5171 2752 5243 πρόσωπον
2797 5169 2855 5220 ὲν
2901 5165 3082 5239 ἐλαίῳ.
3125 5187 3147 5218 ι
3188 5165 3374 5238 Τούτῳ
3414 5167 3716 5237 τοιγαροῦν
3751 5171 3782 5220 ὁ

2189 5266 2364 5335 λόγος,
2393 5265 2494 5336 τὴν
2520 5263 2780 5316 ἀνωτάτω
2816 5259 2912 5314 τοῦ
2943 5259 3317 5332 πανηγεμόνος
3362 5262 3456 5314 κα)⁸
3485 5260 3786 5331 παμϐασι..

2187 5359 2320 5421 λέως
2354 5356 2486 5412 Θεοῦ
2529 5353 2754 5426 δύναμιν
2793 5351 3084 5424 συμϐαλὼν
3103 5351 3180 5423 τῷ
3209 5351 3628 5424 παραδείγματι.
3677 5350 3788 5406 τὸν

2188 5448 2402 5521 πρῶτον
2430 5447 2522 5502 καὶ
2554 5446 2710 5518 μόνον
2731 5446 2837 5516 ὅλῳ
2860 5444 3032 5514 τούτῳ
3062 5443 3372 5516 χρισθέντα,
3397 5444 3492 5497 καὶ
3519 5442 3620 5514 τῆς
3661 5443 3789 5526 De}-

2187 5544 2286 5614 κῆς
2323 5543 2419 5596 καὶ
2446 5543 2609 5594 πᾶσιν
2628 5538 2990 5609 ἀκοινωνήτου
3023 5537 3299 5608 πατρικῆς
3328 5535 3549 5600 εὐωδίας
3577 5552 3789 5607 μετεισ

2187 5635 2414 5708 ληφότα,
2444 5634 2539 5692 καὶ
2572 5632 2730 5706 μόνον
2760 5631 2818 5697 ἐξ
2848 5630 3010 5686 αὑτοῦ
3049 5629 3373 5699 γεννηθέντα
3403 5627 3534 5683 Θεὸν
3564 5629 3788 5698 Λάγον,
