3930 6202
207 241 322 295 293

1126 237 1779 295 DEMONSTRATIONIS
1819 234 2277 293 EVANGELICA'J
2319 237 2428 290 LIB
2467 236 2553 291 IV.

3327 237 3437 293 εει

208 354 416 424 μετοχῇ
462 368 520 405 τε
561 351 655 405 τοῦ
693 352 1045 422 γεννήσαντος
1093 351 1385 422 ἀγεννήτου
1427 353 1519 406 καὶ
1558 350 1769 422 πρώτου

1874 348 2051 402 oleum
2081 351 2333 420 appellat.
2366 350 2544 417 Quare
2574 361 2627 405 et
2656 350 2930 405 Christum
2955 361 3008 406 et
3035 357 3255 405 unctum
3287 367 3432 416 eum,

204 447 303 499 καὶ
336 445 579 514 μείζονος
612 444 743 496 Θεὸν
771 446 834 497 ἐκ
860 443 989 496 Θεοῦ
1015 444 1409 510 ἀποφανθέντα,
1433 444 1663 515 Χριστὸν
1683 446 1775 497 καὶ

202 536 538 607 ἡλειμμένον
568 534 890 587 ἁπεκάλεσε.
925 536 1012 587 Διὸ
1037 538 1129 589 καὶ
1156 538 1213 588 ἐν
1235 536 1483 607 Ψαλμοῖς
1510 537 1644 607 πρὸς
1676 538 1775 589 αύ-

201 630 299 682 τὸν
333 628 395 699 δὴ
430 627 613 680 τοῦτον
658 627 747 681 τὸν
780 627 882 680 ὑπὸ
906 627 998 680 τοῦ
1028 628 1238 700 Πατρὺς
1279 629 1599 700 ἡλειμμένον
1641 632 1773 683 ἀνα-

199 722 379 785 φωνεῖ
436 719 496 771 τὸ
542 718 745 787 φάσκον
787 711 887 771 ὦδε
925 718 1099 787 λόγιον
1120 737 1132 749 ·
1189 739 1207 771 ι
1256 721 1313 771 Ὀ
1354 720 1540 792 θρόνος
1584 738 1695 783 σου,
1746 722 1774 772 ό

199 814 362 877 Θεὸς,
392 816 472 877 είς
503 813 593 866 τὸν
625 812 792 866 αἰῶνα
823 813 916 865 τοῦ
942 813 1158 877 αἰῶνος·
1191 813 1381 885 ῥάϐδος
1417 813 1704 884 εὐθύτητος
1737 817 1769 885 ὴ

201 905 407 977 ῥάϐδος
448 905 546 975 τῆς
581 903 852 975 βασιλείας
882 920 996 955 σου.
1046 904 1362 975 Ἠγάπησας
1408 906 1770 975 δικαιοσύνην,

200 1000 303 1050 καὶ
354 997 621 1067 ἐμίσησας
660 994 899 1048 ἀδικίαν·
951 995 1037 1048 διὰ
1075 995 1227 1049 τοῦτο
1272 996 1453 1067 ἔχρισέ
1485 1014 1542 1050 σε
1586 998 1717 1060 Θεὸς
1745 999 1775 1052 ὁ

197 1091 341 1154 θεός
402 1107 496 1143 σου
545 1089 720 1141 ἔλαιον
760 1087 1127 1155 ἀγαλλιάσεως
1178 1088 1329 1161 παρὰ
1364 1090 1489 1152 τοὺς
1520 1090 1771 1160 μετόχους

202 1202 326 1238 σου.
369 1204 387 1235 ι
432 1182 588 1236 Ἀλλά
616 1182 724 1253 γὰρ
756 1183 854 1252 μία
888 1182 985 1252 μὲν
1017 1184 1049 1253 ἡ
1083 1182 1175 1234 τοῦ
1212 1182 1388 1235 ἐλαίου
1429 1182 1618 1251 φύσις’
1652 1184 1684 1253 ἡ
1716 1182 1774 1235 δὲ

196 1278 300 1331 τοῦ
327 1277 498 1349 μύρου
521 1275 725 1329 πολλῶν
748 1276 843 1327 ἐπὶ
863 1274 925 1327 τὸ
941 1275 1070 1328 αὐτὸ
1096 1274 1310 1329 σύνοδον
1333 1275 1600 1346 σημαίνει.
1638 1274 1774 1329 Ταύ-

196 1389 274 1444 τῃ
303 1389 386 1425 τοι
416 1373 507 1425 καὶ
544 1373 575 1443 ἡ
612 1371 801 1442 πρώτη
832 1372 924 1425 xui.
953 1371 1241 1441 ἀγέννητος
1270 1368 1362 1423 τοῦ
1390 1369 1772 1440 παμϐασιλέως

196 1464 346 1517 Θεοῦ
368 1464 609 1534 δύναμις,
639 1463 755 1517 καθ’
778 1463 806 1516 ὃ
834 1464 931 1535 μὲν
955 1463 1097 1533 ἁπλῆ
1132 1480 1214 1526 τις
1246 1464 1340 1516 κα.)⁵
1363 1462 1649 1521 ἀσύνθετος
1681 1462 1774 1516 καὶ

197 1557 379 1628 ἄλλης
410 1558 581 1627 πάσης
612 1558 794 1620 οὐσίας
816 1556 1019 1628 ἀμιγὴς
1047 1558 1359 1622 ἐπινοεῖται,
1390 1555 1541 1626 ἁπλῷ
1578 1555 1654 1626 τῷ
1677 1553 1769 1607 τοῦ

199 1648 390 1701 ἐλαίου
426 1649 768 1719 προρρήματι
804 1648 1237 1719 παραϐέϐληται’
1268 1649 1401 1702 καθὸ
1431 1648 1485 1702 δὲ
1507 1649 1769 1703 πλείστων

201 1744 461 1799 ἐπινοιῶν
496 1749 552 1798 ἐν
583 1745 765 1816 ταυτῷ
797 1745 1157 1817 περιληπτικὴ
1180 1746 1453 1815 τυγχάνει,
1478 1738 1585 1797 οἷον
1621 1760 1774 1814 ποιη-
1802 1794 1843 1846 Β

201 1839 360 1908 ⁸τικῆς
386 1839 418 1908 ἢ
442 1838 744 1909 βασιλικῆς,
770 1839 1121 1909 προνοητικόν
1144 1856 1202 1891 τε
1236 1840 1327 1893 καὶ
1353 1837 1615 1910 κριτικὸν,
1651 1836 1770 1905 φιλ-

212 1931 504 2001 άνθρωπόν
541 1948 602 1984 τε
641 1932 734 1983 καὶ
762 1932 1046 2001 σωτήριον,
1092 1930 1265 1985 ἄλλων
1292 1948 1350 1982 τε
1387 1931 1525 1983 ὅσων
1561 1930 1772 2000 μυρίων

200 2024 421 2096 ἐπινοίᾳ
458 2023 860 2095 θεωρουμένων,
918 2023 1142 2085 εἰκότως
1196 2023 1350 2093 μύρῳ
1399 2024 1558 2076 πάλιν
1600 2024 1633 2091 ἠ
1665 2022 1771 2075 τῶν

202 2118 417 2171 πολλῶν
434 2118 527 2171 καὶ
546 2117 763 2186 ἀγαθῶν
786 2116 1151 2189 περιληπτικὴ
1174 2116 1400 2187 δύναμις
1424 2116 1769 2178 ἀπείκασται,

204 2204 248 2277 ᾧ
272 2210 562 2281 κεχρῖσθαι
603 2210 693 2264 τὸν
726 2209 899 2280 ἀληθῆ
930 2210 1020 2263 καὶ
1050 2209 1206 2279 μόνον
1231 2209 1489 2281 ἀρχιερέα
1520 2208 1614 2262 τοῦ
1638 2208 1771 2262 Θεοῦ

202 2305 338 2357 θεῖοι
370 2304 518 2372 λόγοι
558 2303 886 2357 παιδεύουσι.
918 2302 1139 2374 Πρῶτος
1161 2302 1224 2370 γέ
1253 2320 1332 2355 τοι
1367 2303 1525 2365 αὐτὸς
1554 2304 1581 2355 ὁ
1611 2304 1774 2355 Mur?»-

206 2398 325 2467 σῆς,
377 2399 435 2449 ἐν
461 2397 805 2470 ⁵ἀπορρήτοις
842 2397 912 2450 τά
945 2395 1061 2448 θεῖα
1094 2395 1424 2449 ἐποπτεῦσαι
1451 2395 1770 2465 ἠξιωμένος,

203 2493 296 2544 καὶ
341 2491 441 2554 τὰς
490 2490 616 2562 περὶ
654 2490 746 2543 τοῦ
774 2490 987 2562 πρώτου
1014 2491 1105 2543 καὶ
1134 2489 1290 2560 μόνου
1324 2487 1650 2559 ἡλειμμένου
1680 2487 1773 2541 καὶ¹

203 2585 507 2656 ἀρχιερέως
530 2582 623 2636 τοῦ
645 2582 777 2636 Θεοῦ
793 2582 1012 2646 τελετὰς
1036 2584 1092 2635 ἐν
1109 2583 1228 2645 ταῖς
1251 2581 1411 2633 αὐτοῦ
1436 2578 1773 2647 θεοφανείαις

204 2679 343 2748 πρὸς
370 2676 532 2731 αὑτοῦ
560 2675 965 2747 τετελεσμένας,
1006 2675 1219 2737 εἰκόνας
1262 2674 1651 2746 προστάττεται
1680 2672 1772 2726 ἐπὶ

204 2771 308 2840 γῆς
338 2771 433 2823 καὶ
468 2769 708 2840 σύμϐολα
755 2767 1194 2838 καταστήσασθαι
1248 2768 1355 2820 τῶν
1397 2769 1455 2821 ἐν
1494 2771 1614 2831 ταῖς
1659 2767 1774 2821 θεο-

204 2862 420 2924 πτείαις
448 2861 803 2932 νενοημένων,
834 2862 908 2924 ὡς
942 2861 1007 2915 ἂν
1030 2861 1201 2932 ἔχοιεν
1226 2860 1633 2931 προεμμελετᾷν
1660 2863 1772 2923 τοῖς

206 2953 496 3025 συμϐόλοις
533 2953 581 3005 οἱ
615 2953 766 3006 τῶνδ’
788 2952 1075 3023 ἠξιωμένοι
1112 2952 1270 3023 μέχρι
1299 2952 1396 3022 τῆς
1422 2952 1529 3005 τῶν
1559 2951 1771 3022 ἀληθῶν

203 3049 521 3111 ἐποπτείας.
549 3048 714 3110 Αὐτὸς
737 3046 870 3119 δῆτα
897 3047 1294 3119 ἀφορισάμενος
1316 3046 1451 3109 τέως
1475 3044 1566 3098 τοῦ
1598 3045 1655 3109 ἐξ
1675 3047 1771 3099 ἀν-

1875 440 1969 508 qui
1998 441 2143 496 illius
2176 443 2445 511 Particeps
2496 444 2585 505 sit,
2645 450 2821 497 vocat.
2858 441 3045 497 Oleum
3086 459 3214 498 vero
3248 444 3302 497 in
3351 444 3437 498 his

1876 534 1986 586 noli
2017 534 2421 590 miserationem
2466 535 2731 605 accipere,
2761 552 2936 606 neque
2983 537 3035 589 in
3062 538 3223 592 rebus
3244 538 3426 593 adver-

1876 625 1953 679 sis
2020 641 2330 690 mmrorem,
2388 628 2481 682 sed
2515 629 2565 681 id
2598 630 2743 697 quod
2787 637 2950 683 certae
2983 629 3178 699 plautze
3226 628 3436 684 fructus

1875 717 2341 787 emittit,quodex
2361 719 2583 774 humida
2625 722 2850 775 materia
2887 721 3021 773 nihil
3052 721 3213 774 habet
3265 722 3437 777 admi-

1875 818 2040 873 stum,
2079 811 2223 879 quod
2276 812 2455 865 lumen
2510 819 2688 881 auget,
2737 812 2880 882 quod
2943 812 3113 868 fessos
3166 812 3435 877 sublevat,

1875 902 2018 971 quod
2052 903 2264 958 labores
2323 903 2521 968 aufert,
2575 905 2717 974 quod
2749 920 2843 960 eos
2880 905 2972 975 qui
3008 907 3124 973 ipso
3162 913 3437 975 unguntur

1875 993 2072 1049 hilares
2103 994 2253 1059 facit,
2305 995 2450 1064 quod
2499 996 2671 1050 instar
2702 997 2922 1050 luminis
2944 996 3009 1051 de
3047 997 3235 1066 seipso
3260 996 3437 1049 vibrat

1874 1087 2208 1157 splendores,
2266 1089 2604 1158 nitidumque
2654 1104 2718 1143 ac
2773 1089 3060 1142 micantem
3120 1105 3306 1143 eorum
3342 1089 3434 1160 qui

1874 1183 1991 1250 ipso
2020 1189 2245 1234 utuntur
2281 1190 2559 1250 comparat
2602 1182 2844 1248 vultum;
2873 1182 3017 1253 quod
3049 1184 3233 1253 utique
3258 1185 3435 1254 ipsum

1873 1275 2041 1328 etiam
2076 1274 2271 1328 divinae
2298 1275 2489 1329 litterae
2529 1276 2762 1344 produnt
2796 1276 2903 1331 illis
2934 1278 3116 1332 verbis
3144 1296 3156 1331 :
3194 1296 3210 1327 ι
3241 1276 3309 1332 Ut
3340 1294 3438 1333 ex-

1872 1366 2068 1422 hilaret
2123 1368 2319 1422 faciem
2381 1369 2435 1422 in
2494 1371 2614 1424 oleo
2649 1371 2755 1423 ¹⁶.›
2796 1368 2933 1423 lluie
2960 1371 3124 1440 igitur
3188 1373 3436 1442 exemplo

1874 1475 2184 1529 supremam
2218 1461 2339 1529 ejus
2368 1460 2483 1524 Dei,
2518 1462 2607 1531 qui
2636 1464 2878 1517 omnium
2902 1473 2984 1519 est
3042 1465 3290 1533 princeps
3315 1479 3436 1518 om-

1872 1551 2131 1620 niumque
2158 1566 2273 1615 rex,
2306 1551 2558 1606 virtutem
2585 1567 2908 1621 comparans
2944 1554 3139 1615 oratio,
3167 1568 3289 1607 eum
3341 1554 3436 1625 qui

1872 1644 2022 1697 solus
2046 1643 2147 1698 hoc
2177 1650 2291 1698 toto
2313 1651 2511 1698 unctus
2539 1646 2862 1715 est,quique
2892 1647 3087 1701 divina:
3125 1656 3286 1717 atque
3315 1649 3435 1717 ejus

1873 1752 1993 1806 qua:
2035 1752 2160 1791 cum
2210 1737 2375 1791 nullis
2405 1738 2526 1793 aliis
2577 1740 3012 1792 communicatur
3058 1748 3297 1809 paternae
3328 1741 3438 1794 fra-

1871 1831 2098 1901 grantia;
2131 1832 2399 1900 particeps
2450 1830 2647 1894 factus,
2681 1839 2734 1885 et
2764 1832 2856 1901 qui
2898 1833 3049 1886 solus
3102 1849 3167 1887 ex
3219 1833 3311 1888 illo
3344 1849 3436 1904 ge-

1872 1925 2021 1977 nitus
2060 1923 2201 1977 Deus
2232 1921 2489 1984 Verbum,
2521 1923 3014 1978 communicatione
3057 1924 3326 1993 gignentis
3354 1925 3437 1978 in-

1871 2017 2058 2088 geniti,
2089 2014 2227 2069 Deus
2257 2015 2325 2069 de
2353 2013 2462 2068 Deo
2488 2022 2571 2068 est
2598 2013 2928 2077 declaratus,
2956 2016 3232 2070 Christum
3277 2025 3438 2087 atque

1872 2116 2097 2162 unctum
2152 2107 2386 2161 vocavit.
2451 2104 2718 2170 Quocirca
2776 2107 2831 2159 in
2897 2106 3130 2163 Psalmis
3181 2109 3249 2162 ad
3291 2109 3438 2164 hunc

1872 2200 2073 2270 ipsum,
2112 2201 2204 2269 qui
2243 2214 2273 2252 a
2306 2198 2466 2253 Patre
2497 2207 2695 2254 unctus
2732 2205 2836 2263 est,
2890 2200 2970 2254 sic
2993 2201 3265 2270 quoddam
3314 2217 3439 2257 ora-

1872 2294 2053 2347 culum
2095 2293 2228 2347 dicit
2254 2312 2266 2346 :
2296 2312 2314 2343 ι
2343 2291 2509 2349 Sedes
2532 2302 2645 2356 tua,
2676 2292 2841 2357 Deus,
2870 2295 2924 2347 in
2950 2295 3206 2349 saeculum
3228 2295 3434 2360 saeculi,

1872 2386 2023 2455 virga
2063 2385 2400 2449 directionis,
2453 2385 2603 2455 virga
2640 2384 2792 2455 regni
2824 2384 2924 2439 tui.
2983 2384 3229 2441 Dilexisti
3275 2386 3439 2455 justi-

1872 2479 2025 2543 tiam,
2077 2484 2130 2531 et
2190 2476 2355 2531 odisti
2413 2476 2777 2545 iniquitatem,
2845 2485 3133 2546 propterea
3185 2476 3343 2532 unxit
3383 2486 3439 2533 te

1873 2565 2017 2621 Deus
2036 2565 2315 2620 Deustuus
2338 2566 2456 2621 oleo
2485 2566 2681 2620 laetitiae
2707 2580 2816 2634 prae
2839 2568 3188 2623 consortibus
3213 2570 3432 2623 ιυίείτ.»

1873 2661 1942 2715 At
1974 2675 2101 2715 vero
2129 2675 2235 2712 una
2267 2659 2481 2725 quidem
2513 2669 2597 2714 est
2622 2661 2730 2715 olei
2788 2671 3003 2726 natura,
3040 2661 3133 2715 sed
3176 2660 3438 2732 unguenti

1868 2766 1994 2822 quae
2046 2759 2149 2812 est,
2181 2765 2244 2805 ea
2277 2750 2568 2803 multarum
2601 2751 2656 2804 in
2684 2750 2823 2806 idem
2856 2767 3185 2808 concursum
3230 2752 3439 2823 signiﬁ-

1874 2851 1981 2898 cat.
2011 2843 2246 2898 Proinde
2275 2843 2435 2897 etiam
2485 2844 2658 2913 prima
2714 2845 2804 2898 illa
2834 2852 2888 2899 et
2919 2846 3155 2915 ingenita
3192 2846 3439 2899 omnium

1873 2928 2017 3008 regis
2050 2936 2140 2991 Dei
2196 2937 2388 3003 virtus,
2427 2944 2696 3006 quatenus
2746 2937 2964 3007 quidem
3009 2937 3233 3007 simplex
3276 2944 3440 3008 atque

1876 3028 2234 3099 incomposita
2256 3069 2271 3093 ,
2315 3028 2557 3098 nullique
2603 3030 2693 3083 alii
2725 3040 2930 3083 natura:
2965 3033 3251 3084 commista
3281 3030 3440 3084 intel-

203 3138 445 3210 θρώπων
481 3139 569 3189 ἐπί
598 3138 694 3208 γῆς
712 3137 791 3207 τῷ
822 3137 940 3208 Θεῷ
970 3136 1337 3209 ίερατεύεσθαι
1366 3135 1664 3207 ἐπιτήδειον
1681 3134 1769 3188 άν-

1876 3122 2077 3192 ligitur,
2108 3120 2339 3189 simplici
2370 3121 2473 3174 olei
2499 3122 2759 3176 locutioni
2785 3123 2977 3177 collata
3013 3130 3130 3187 est;
3166 3129 3437 3191 quatenus

199 3233 336 3304 δρα,
374 3230 582 3302 πρῶτος
622 3229 805 3283 τοῦτον
840 3230 1069 3300 Χριστὸν
1102 3228 1438 3297 ἐπωνόμασε,
1485 3227 1603 3279 κατ’
1637 3228 1768 3280 ἀνα-

200 3325 385 3398 φοράν
433 3324 531 3394 τῆς
571 3327 624 3377 ἐν
653 3327 764 3386 τοῖς
786 3324 991 3393 νοητοῖς
1029 3320 1275 3391 θεωρίας,
1317 3320 1411 3371 καὶ
1442 3317 1651 3383 τοῦτον,
1682 3317 1770 3371 διά

200 3435 350 3480 τινος
382 3417 607 3487 ωοιφῆς
632 3416 861 3479 εύώδους
886 3415 1165 3486 κρείττονα
1197 3413 1305 3465 τῶν
1335 3412 1537 3465 λοιπῶν
1564 3409 1770 3483 ἀνθρώ-

204 3532 321 3566 πων
345 3513 649 3581 ἀποφήνας,
682 3511 936 3579 ἄντικρυς
971 3507 1064 3561 καὶ
1093 3506 1383 3579 διαρρήδην
1416 3505 1765 3577 ἀνεκήρυξεν,

201 3604 282 3655 ὅτι
316 3602 380 3672 δὴ
413 3603 530 3653 κατ’
560 3601 729 3671 αὐτὴν
760 3601 792 3669 ὴ
820 3597 912 3650 τοῦ
954 3595 1207 3668 γεννητοῦ
1248 3596 1407 3664 φύσις
1440 3595 1644 3658 ἅπασα,
1676 3595 1769 3647 καὶ

204 3695 339 3747 πολὺ
380 3693 540 3747 πλέον
581 3695 613 3763 ή
659 3692 972 3763 ἀνθρωπεία
1018 3691 1115 3760 τῆς
1148 3690 1441 3759 άγεννὴτου
1490 3688 1769 3759 δυνάμεως

201 3787 628 3857 ἀπολειπομένη,
662 3787 828 3839 δεῖται
879 3786 975 3855 τῆς
1027 3783 1133 3836 ἀπὸ
1178 3782 1270 3834 τοῦ
1304 3783 1606 3854 κρείττονος
1636 3782 1770 3833 εύω-

200 3881 335 3943 δίας.
376 3878 537 3932 Ἀλλά
566 3876 658 3930 τοῦ
689 3877 786 3948 μὲν
809 3876 1078 3928 ἀνωτάτου
1105 3875 1196 3927 καὶ
1226 3872 1441 3945 πρώτου
1467 3872 1525 3925 οὗ
1558 3890 1663 3925 τινι
1692 3872 1769 3925 θε-

205 3973 355 4043 μιτὸν
410 3969 718 4041 ἐφικέσθαι.
764 3969 874 4021 Ἑνὶ
911 3968 1018 4039 γάρ
1061 3968 1204 4037 μόνῳ
1246 3965 1321 4035 τῷ
1346 3967 1638 4033 Μονογενεῖ
1673 3963 1766 4017 καὶ

202 4066 539 4137 Πρωτοτόκῳ
564 4063 706 4116 τοῦτ’
733 4062 978 4115 ἀνέκειτο
1005 4061 1063 4114 τὸ
1091 4060 1256 4131 γέρας
1274 4077 1287 4089 ’
1312 4063 1423 4122 τοῖς
1448 4059 1502 4111 δὲ
1530 4060 1643 4129 μετ’
1673 4059 1769 4112 αύ-

201 4161 289 4213 τὸν
315 4160 415 4212 οὐκ
445 4157 617 4219 ἄλλως
657 4156 690 4227 ἢ
729 4155 816 4208 διὰ
850 4155 1015 4226 μόνης
1042 4153 1139 4223 τῆς
1174 4150 1264 4204 τοῦ
1298 4151 1546 4222 δευτέρου
1580 4168 1769 4221 μετου-

205 4254 323 4315 σίας
352 4251 461 4303 τῶν
489 4249 705 4318 ἀγαθῶν
738 4244 846 4302 οἷόν
876 4265 935 4300 τε
974 4243 1040 4319 ἦν
1066 4245 1424 4317 ἐπαύρασθαι.
1458 4243 1768 4315 Πνεύματος

204 4347 307 4416 ἄρα
324 4343 507 4397 ἐνθέου
525 4344 583 4396 τὸ
606 4343 753 4413 παρά
775 4342 996 4394 Μωῦσεῖ
1018 4339 1080 4392 σύ
1090 4340 1281 4410 μϐολον
1298 4333 1383 4409 ἦν.
1403 4338 1699 4409 Διαιρέσεις
1714 4337 1768 4390 δέ

202 4439 556 4510 χαρισμάτων
574 4436 697 4498 είσὶ,
718 4435 777 4487 τὸ
800 4434 843 4487 δ’
868 4434 996 4486 αὐτὸ
1024 4432 1257 4503 πνεῦμα,
1283 4427 1342 4485 οὗ
1374 4433 1604 4503 μάλιστα
1640 4449 1767 4502 μετ-

1877 3223 2056 3267 autem
2090 3214 2349 3283 plurimas
2383 3213 2434 3265 in
2456 3213 2646 3267 eodem
2684 3214 3154 3268 considerationes
3189 3229 3440 3284 compre-

1878 3304 2146 3359 hendendi
2179 3305 2286 3357 vim
2317 3304 2496 3371 habet,
2541 3313 2599 3359 ut
2641 3307 2784 3374 quod
2839 3306 3014 3361 facere
3060 3315 3258 3375 potest,
3291 3307 3435 3376 quod

1876 3411 2122 3467 regnare,
2153 3395 2296 3465 quod
2323 3396 2621 3464 providere,
2644 3396 2788 3466 quod
2804 3396 3070 3466 judicare,
3106 3396 3263 3469 174
3294 3397 3438 3467 quod

1876 3504 2062 3543 amore
2106 3488 2360 3559 prosequi
2418 3487 2701 3552 homines,
2738 3490 2881 3559 quod
2936 3490 3165 3544 salutem
3224 3490 3436 3557 aﬂ‘erre,

1878 3582 2088 3651 aliaque
2140 3580 2551 3634 innumerabilia
2621 3596 2741 3650 qua:
2792 3581 3143 3651 intelligentia
3188 3566 3440 3636 conside-

1877 3681 2069 3726 rantur
2098 3688 2110 3724 :
2142 3679 2418 3741 unguento
2448 3685 2640 3725 rursus
2664 3672 2776 3725 haec
2809 3672 2924 3740 ipsa
2951 3686 3072 3741 quae
3101 3679 3154 3726 ct
3185 3672 3354 3725 multa
3384 3680 3439 3726 et

1876 3767 2018 3822 bona
2049 3766 2506 3837 comprehendere
2553 3774 2729 3834 potest
2759 3764 2865 3828 vis,
2898 3765 3093 3818 merito
3124 3775 3438 3835 comparata

1875 3867 1978 3922 est,
2012 3876 2119 3929 quo
2150 3866 2424 3929 unguento
2452 3873 2574 3911 cum
2595 3858 2685 3926 qui
2715 3856 2806 3911 Dei
2826 3864 2879 3910 et
2912 3870 3072 3910 verus
3105 3866 3157 3910 et
3179 3857 3331 3911 solus
3354 3864 3440 3912 est

1875 3953 2137 4023 pontifex,
2175 3959 2396 4006 unctum
2423 3965 2546 4005 esse
2565 3950 2746 4002 divina
2793 3964 2892 4003 nos
2938 3949 3135 4003 docent
3192 3951 3437 4004 oracula.

1876 4050 1941 4101 Et
1971 4048 2178 4116 primus
2213 4044 2428 4115 quidem
2468 4045 2583 4113 ipse
2624 4042 2854 4113 Moyses,
2885 4058 2977 4111 qur
3026 4041 3079 4095 in
3112 4043 3326 4097 arcanis
3355 4042 3440 4097 di-

1876 4142 2122 4193 vinarum
2162 4152 2341 4191 rerum
2378 4135 2716 4204 inspectione
2764 4151 2827 4189 ac
2871 4136 3274 4206 mySteriorum,
3318 4149 3439 4204 quae

1876 4232 1943 4286 ab
1977 4232 2094 4301 ipso
2140 4229 2195 4283 in
2237 4228 2304 4283 iis
2349 4229 2652 4283 visionibus
2675 4228 2874 4298 quibus
2903 4226 3066 4281 Deum
3118 4234 3440 4295 prasentem

1876 4323 2247 4395 agnoscebat,
2284 4322 2351 4376 de
2381 4321 2557 4391 primo
2585 4328 2637 4375 et
2687 4320 2804 4377 solo
2867 4327 3053 4382 uncto,
3100 4327 3154 4372 et
3187 4316 3441 4386 pontiﬁce

1879 4417 1970 4471 Dei
1999 4418 2235 4487 perlecta
2276 4424 2425 4477 sunt,
2486 4414 2683 4484 dignus
2737 4413 2955 4468 habitus
3014 4419 3116 4477 cst,
3177 4411 3439 4480 imagines

204 4508 346 4602 ἐχειν
407 4528 800 4600 φιλοτιμεῖσθαι
838 4530 1018 4597 ἱερέας
1051 4528 1142 4581 καὶ
1174 4528 1454 4596 προφήτας
1491 4526 1583 4579 καὶ
1617 4525 1767 4596 βασιο

1874 4511 2087 4581 jubetur
2119 4510 2172 4563 in
2200 4519 2343 4564 terra
2375 4516 2428 4563 et
2479 4517 2637 4563 notas
2687 4508 2954 4562 coniicere
3006 4520 3194 4560 eorum
3233 4520 3354 4573 qua:
3382 4508 3438 4560 in

203 4624 324 4686 λέας
346 4623 486 4692 ᾣετο
518 4622 646 4685 δεῖν,
673 4621 747 4684 ώς
776 4618 840 4672 ἂν
872 4620 969 4688 οὑχ
992 4618 1131 4688 ὑπὲρ
1171 4617 1373 4671 ἑαυτῶν
1401 4618 1578 4687 μόνον,
1632 4615 1765 4670 ἀλλὰ

205 4718 405 4779 παντὸς
451 4714 544 4768 τοῦ
584 4714 767 4777 ἔθνους
805 4711 881 4782 τῷ
914 4711 1032 4781 Θεῷ
1068 4710 1537 4780 καθωσιωμένους.
1566 4710 1684 4763 Ὅτι
1712 4710 1766 4763 δὲ

204 4814 261 4885 δὴ
285 4809 576 4882 θειοτέρων
591 4804 658 4879 ἦν
678 4807 746 4860 τά
772 4806 921 4878 παρά
941 4806 1163 4859 Μωῦσεῖ
1184 4803 1246 4857 σύ
1256 4803 1445 4875 μὸολα,
1465 4803 1555 4856 καὶ
1584 4803 1657 4866 ὡς
1676 4803 1767 4856 δυ-

204 4904 355 4958 νατὸν
413 4899 482 4974 ἦν
535 4902 627 4953 καὶ
671 4901 799 4954 ἄνευ
848 4896 1079 4966 γεώδους
1127 4896 1297 4968 μύρου
1352 4897 1476 4959 τοὺς
1519 4895 1595 4965 τῷ
1640 4895 1767 4966 θείῳ

206 4996 483 5066 Πνεύματι
528 4992 783 5061 κατόχους
820 4992 1069 5061 χριστοὺς
1115 4986 1493 5058 ὀνομάζεσθαι,
1542 4989 1673 5059 φέρε
1717 5005 1767 5040 τι

205 5089 408 5160 μᾶλλον
454 5086 841 5156 ἀκριόέστερον
892 5082 1328 5153 διασκεψώμεθα.
1386 5080 1548 5134 Δασιδ
1586 5081 1643 5132 ἐν
1696 5078 1767 5150 ρδ

201 5178 424 5251 ψαλμῷ,
465 5178 563 5240 τὰς
596 5177 721 5247 περὶ⁹
750 5175 841 5228 τὸν
885 5173 1151 5245 Ἀϐραάμ,
1196 5174 1289 5226 καῖ⁸
1314 5173 1405 5226 τὸν
1450 5170 1652 5233 Ἰσαάκ,
1681 5172 1773 5225 καὶ

201 5275 289 5327 τον
329 5252 526 5325 ’Ῑακὼό
545 5267 824 5324 ἀναλαϐὼν
857 5267 1116 5338 ἱστορίας,
1148 5266 1341 5328 αὐτοὺς
1373 5266 1612 5325 ἐκείνους
1643 5264 1767 5326 τοὺς

201 5363 471 5432 θεοφιλεῖς
490 5361 856 5431 προπάτορας,
882 5357 973 5411 καὶ
997 5358 1102 5428 πρὸ
1120 5356 1229 5409 τῶν
1251 5353 1528 5416 Μωῡσέως
1563 5353 1768 5424 χρόνων

200 5452 549 5524 γενομένους,
602 5450 853 5521 χριστοῦς
895 5446 1178 5509 ἀποκαλεῖ,
1231 5445 1292 5497 οῦ
1340 5443 1408 5496 δι’
1433 5442 1560 5496 ἄλλο
1604 5442 1636 5511 ἢ
1681 5439 1768 5495 διὰ

199 5547 296 5617 τὴν
349 5542 446 5596 τοῦ
498 5540 640 5594 θείου
692 5540 1023 5609 Πνεύματος,
1064 5531 1124 5590 οὗ
1172 5537 1435 5606 μετεῖχον,
1486 5532 1764 5603 ἐπιρροήν.

210 5638 526 5708 ἰστορήσας
547 5632 674 5703 γοῦν
696 5635 843 5695 ὅπως
866 5626 1272 5697 ἐπεξενώθησαν
1293 5629 1403 5689 τοῖς
1432 5622 1765 5692 ἀλλοφύλοις,

269 5760 315 5789 ⁸⁸
349 5754 495 5812 Psal.
532 5769 649 5819 cut,
680 5751 765 5808 15.
846 5752 885 5783 ’⁷
914 5748 1059 5806 Psal.
1101 5762 1245 5809 xuv,
1277 5745 1388 5802 7-8.

1873 4603 1981 4658 illis
2012 4603 2105 4657 Dei
2138 4602 2439 4657 visionibus
2461 4602 2821 4662 intellexerat,
2847 4607 2905 4653 ut
2948 4605 3039 4669 qui
3075 4599 3275 4654 talibus
3297 4598 3439 4651 notis

1874 4714 1938 4753 ac
1978 4695 2150 4766 signis
2190 4692 2338 4764 digni
2387 4693 2556 4747 habiti
2587 4702 2759 4758 erant,
2786 4706 2849 4746 ea
2906 4697 3127 4760 possent
3179 4690 3441 4758 tantisper

1876 4789 2123 4844 meditari
2156 4787 2332 4856 iisque
2355 4801 2413 4841 se
2446 4800 2721 4848 exercere,
2779 4784 2905 4838 dum
2933 4798 3053 4853 quae
3087 4797 3210 4836 vera
3257 4787 3441 4836 essent

1874 4884 2144 4953 inspicere
2174 4896 2282 4935 non
2314 4881 2567 4934 dabatur.
2613 4878 2664 4932 ιδ
2693 4878 2858 4947 igitur
2907 4878 3166 4931 selectum
3222 4874 3438 4927 interim

1873 4992 1938 5031 ex
1962 4977 2047 5031 his
2081 4974 2411 5037 hominibus,
2446 4973 2540 5042 qui
2582 4972 2637 5026 in
2667 4982 2810 5025 terra
2838 4978 3141 5035 versantur,
3166 4968 3339 5020 virum
3372 4964 3439 5018 ad

1875 5083 2029 5123 sacra
2080 5065 2190 5121 Deo
2249 5065 2496 5119 facienda
2546 5063 2825 5123 idoneum,
2884 5061 3095 5132 primus
3162 5058 3440 5114 Christum

1878 5161 2195 5221 nominavit,
2218 5156 2650 5228 appellationem
2682 5154 2747 5208 ad
2786 5169 2850 5208 ea
2897 5153 3140 5209 referens
3172 5165 3291 5220 qua:
3326 5149 3439 5203 sola

1873 5249 2223 5319 intelligentia
2247 5247 2699 5310 considerantur;
2726 5245 2820 5315 qui
2844 5260 2973 5299 sane
2991 5257 3111 5296 cum
3137 5240 3282 5293 hunc
3308 5253 3443 5309 qua-

1873 5342 1996 5396 dam
2018 5340 2563 5411 fragrantiunctionc
2614 5336 3045 5408 praestantiorem
3077 5332 3291 5388 caeteris
3342 5330 3440 5385 ho-

1874 5434 2114 5488 minibus
2161 5433 2515 5497 declarasset,
2546 5429 2831 5485 verissime
2876 5438 2930 5481 et
2971 5425 3289 5497 planissime
3340 5422 3435 5477 de-

1874 5527 2166 5588 nuntiavit,
2222 5539 2437 5579 omnem
2492 5529 2746 5576 naturam
2781 5533 2903 5589 quae
2964 5523 3146 5571 creata
3174 5522 3278 5577 est,
3308 5515 3444 5566 mul-

1876 5628 2040 5691 toque
2056 5619 2218 5673 etiam
2248 5616 2423 5689 magis
2449 5614 2749 5672 humanam
2794 5626 2891 5684 per
2920 5626 3000 5676 se,
3038 5610 3165 5665 dum
3192 5621 3221 5659 a
3243 5606 3444 5661 virtute
