3914 6198
490 278 598 334 295
1156 274 1421 332 EUSEBII
1455 274 1934 330 CzESARIENSlS
1972 275 2119 332 CPP.
2165 275 2362 332 PARS.
2405 276 2444 332 1.
2487 304 2552 320 --
2593 279 3088 336 APOLOGETICA.
3589 284 3692 344 296

491 395 732 448 increata
790 392 1126 460 relinquitur,
1154 391 1544 461 praestantioris
1589 391 1900 460 ,cnjuspiam
1937 391 2025 444 fra-

2144 393 2236 445 καὶ
2265 393 2338 457 ὡς
2372 394 2837 458 ἐπιϐουλευθέντες
2886 395 3125 466 σωτῆρος
3171 395 3353 465 ἔτυχον
3394 367 3493 449 τοῦ,
3537 396 3694 463 Θεοῦ,

489 485 716 555 grantize
743 482 1004 552 indigere,
1037 482 1130 536 sed
1185 498 1303 551 quae
1329 480 1508 538 Patris
1548 485 1764 554 quidem
1813 483 1956 538 illius
1987 494 2025 538 el

2140 483 2278 536 κατά
2302 483 2369 536 τὰ
2410 485 2558 554 παρά
2585 487 2806 538 Μωῦσεῖ
2835 485 3153 556 δηλούμενα,
3188 488 3465 556 προφήτας
3498 490 3694 554 αὐτοὺς

491 573 713 644 ingeniti
742 579 844 638 est,
877 587 991 626 eam
1017 573 1280 641 attingere
1309 573 1508 626 nemini
1531 573 1613 627 l'as
1635 581 1736 629 est.
1773 573 1872 628 Uni
1897 575 2037 629 enim

488 665 749 719 duntaxat
783 662 944 715 unico
976 662 1257 732 primoque
1314 664 1514 732 genito,
1567 664 1670 718 hoc
1705 675 2037 720 reservatum

485 768 570 810 est
600 755 823 809 donum.
855 753 954 820 Qui
987 762 1161 809 autem
1205 764 1326 824 post
1369 756 1517 808 illum
1549 757 1839 819 exsistunt,
1872 757 1905 809 ii
1931 771 2036 811 non

485 848 645 902 aliter
665 862 824 917 quam
876 863 970 917 per
1007 847 1248 916 ejusdem
1290 846 1560 917 Unigeniti
1591 849 2038 904 communicatio-

485 955 630 1006 nem,
685 941 946 994 bonorum
986 947 1262 1008 compotes
1317 939 1429 994 fieri
1476 948 1765 1010 poterant:
1802 941 2036 1011 Spiritus

483 1048 611 1102 ergo
637 1031 804 1086 divini
841 1032 891 1086 id
923 1031 1064 1102 quod
1096 1031 1234 1101 apud
1262 1029 1494 1102 Moysem
1519 1032 1708 1096 fertur,
1735 1043 1862 1087 nota
1892 1049 2036 1103 qua:-

483 1124 609 1176 dam
661 1131 800 1179 erat.
857 1123 1161 1178 Divisiones
1213 1138 1376 1193 porro
1437 1124 1704 1178 donorum
1736 1131 1884 1187 sunt,
1940 1123 2035 1179 sed

484 1217 625 1271 idem
655 1223 737 1270 est
765 1214 1017 1285 Spiritus,
1067 1217 1223 1286 cujus
1259 1215 1488 1270 maxime
1521 1224 1578 1269 ut
1605 1214 1717 1270 ﬁeri
1746 1216 2035 1286 participes

483 1311 783 1370 studerent,
814 1318 867 1362 et
893 1309 1201 1363 sacerdotes
1221 1315 1273 1362 et
1302 1308 1573 1377 propheta:
1601 1313 1655 1362 et
1691 1323 1875 1378 reges,
1896 1323 2035 1370 opus

482 1416 602 1456 esse
626 1401 1005 1463 arbitrabatur,
1039 1409 1221 1470 utpote
1249 1401 1339 1470 qui
1364 1415 1470 1453 non
1500 1413 1596 1468 pro
1613 1397 1808 1467 seipsis
1835 1398 2032 1460 solum,

482 1509 670 1548 verum
729 1494 890 1547 etiam
951 1507 1048 1562 pro
1099 1500 1208 1546 tota
1244 1499 1399 1562 gente
1444 1490 1549 1545 Deo
1603 1489 1802 1544 sacrati
1831 1501 2030 1548 essent.

482 1584 635 1652 Quod
665 1592 844 1638 autem
893 1597 1071 1636 rerum
1118 1583 1288 1652 magis
1313 1581 1615 1636 divinarum
1667 1579 1898 1636 Mosaica
1943 1582 2032 1636 illa

2136 575 2267 646 ὁμοῦ
2296 577 2388 629 καὶ
2430 579 2680 648 χριστοὺς
2711 578 2980 649 ὀνομάζει,
3012 576 3160 630 οὔπω
3187 578 3303 630 τότε
3333 580 3609 644 Μωῦσέως
3640 583 3698 634 ὲν

2137 665 2456 737 ἀνθρώποις,
2491 667 2609 720 οὐδὲ
2655 667 2745 720 τοῦ
2793 670 2912 721 κατ’
2957 667 3118 720 αὐτὸν
3167 669 3463 723 σκευαστοῦ
3516 670 3694 742 μύρου

2139 758 2640 829 νενομοθετημένου.
2695 760 2888 812 ’Ἄκουε
2931 759 2987 812 δὲ
3032 753 3120 811 οἷά
3171 775 3332 829 φησιν
3374 761 3402 812 6
3444 760 3690 831 ψαλμός·

2142 868 2160 900 ι
2198 851 2478 922 Μνήσθητι
2523 850 2629 904 τῶν
2676 850 2990 921 θαυμασίων
3021 850 3205 913 αὑτοῦ,
3230 845 3303 904 ὧν
3346 851 3589 924 ἐποίησε·
3623 854 3694 908 τά

2135 942 2334 1013 τέρατα
2379 942 2540 995 αὑτοῦ
2581 943 2672 996 καὶ
2703 943 2770 996 τὰ
2805 943 3042 1014 κρίματα
3071 941 3162 995 τοῦ
3211 943 3473 1013 στόματος
3500 945 3689 999 αὐτοῦ.

2136 1034 2362 1104 Σπέρμα
2428 1032 2702 1104 Ἀϐραὰμ,
2752 1031 2924 1086 δοῦλοι
2972 1032 3172 1085 αὐτοῦ’
3227 1034 3274 1084 οἱ
3332 1033 3436 1084 υἱοὶ
3495 1032 3693 1088 Ἰακὼϐ

2135 1124 2377 1178 ἐκλεκτοὶ
2407 1123 2588 1178 αὐτοῦ.
2617 1124 2786 1187 Αὐτὸς
2813 1123 3013 1195 Κύριος
3043 1127 3071 1177 6
3103 1123 3231 1186 Θεὸς
3255 1126 3286 1194 ἡ
3295 1123 3431 1193 μῶν,
3459 1127 3517 1178 ἐν
3541 1126 3692 1198 πάσῃ

2132 1216 2198 1284 τῇ
2228 1218 2298 1284 γῇ
2336 1213 2402 1267 τά
2441 1215 2679 1286 κρίματα
2709 1214 2891 1267 αὐτοῦ.
2950 1213 3219 1285 Ἐμνήσθη
3265 1215 3344 1277 είς
3386 1215 3480 1267 τὸν
3519 1217 3694 1271 αἰῶνα

2134 1305 2403 1376 Διαθήκης
2441 1305 2623 1368 αὑτοῦ,
2655 1305 2809 1373 λόγου
2843 1299 2903 1358 οὗ
2938 1304 3232 1357 ἐνετείλατο
3259 1306 3338 1367 εἰς
3379 1305 3556 1374 χιλίας
3594 1323 3692 1375 γε·

2133 1397 2278 1460 νεάς,
2308 1398 2366 1451 ὃν
2396 1396 2600 1450 διέθετο
2627 1397 2703 1466 τῷ
2754 1395 3017 1467 Ἀϐραὰμ,
3062 1396 3154 1449 καὶ
3193 1396 3286 1449 τοῦ
3315 1398 3479 1467 ὅρκου
3521 1398 3688 1451 αὑτοῦ

2129 1489 2208 1559 τῷ
2245 1490 2455 1543 ’1σαάκ’
2492 1489 2584 1541 καὶ
2604 1488 2825 1557 ἔστησεν
2859 1489 3025 1560 αὐτὴν
3054 1487 3132 1557 τῷ
3174 1488 3362 1542 Ἰακὼϐ
3403 1492 3484 1552 εἰς
3512 1492 3688 1560 πρόσ-

2131 1597 2335 1651 ταγμα,
2379 1578 2581 1649 καὶτῷ
2639 1578 2850 1649 Ἰσραὴλ
2889 1581 2967 1642 εἰς
3008 1578 3279 1650 Διαθήκην
3321 1580 3562 1644 αἰώνιον,
3602 1581 3692 1635 λέ-

482 1685 621 1731 nota:
642 1675 882 1745 quaedam
915 1683 1116 1736 essent,
1143 1671 1364 1742 etquod
1402 1671 1514 1724 ﬁeri
1560 1677 1741 1740 posset
1780 1677 1838 1724 ut
1868 1671 2025 1726 etiam

2132 1691 2272 1743 γων·
2311 1675 2398 1727 Σοὶ
2423 1673 2576 1727 δώσω
2597 1672 2694 1744 τὴν
2726 1673 2829 1742 γῆν
2860 1673 3089 1743 Χαναάμ
3123 1672 3402 1744 σχοίνισμα
3430 1678 3691 1747 κληρονο-

481 1770 598 1823 sine
627 1727 868 1822 terrestri
890 1773 1163 1835 unguento
1189 1727 1374 1817 di'vino
1406 1759 1611 1831 Spiritu
1636 1760 1794 1814 aﬂlati
1824 1769 2025 1827 essent,

2133 1727 2259 1837 μίας
2287 1764 2458 1835 ὑμῶν.
2493 1765 2600 1817 Καὶ
2639 1727 2847 1832 διῆλθον
2877 1764 2936 1828 ἐξ
2966 1727 3267 1828 ἔθνους-’ἱείς
3295 1727 3463 1831 ἔθνος,
3493 1727 3587 1824 καὶ
3614 1727 3688 1824 ἐκ

479 1858 669 1914 christi
697 1858 1122 1918 nominarentur,
1154 1853 1377 1924 agedum
1413 1854 1690 1923 aliquanto
1721 1852 2025 1922 diligentius

2131 1856 2400 1926 βασιλείας
2446 1857 2525 1918 εἰς
2569 1855 2692 1908 λαὸν
2746 1856 2946 1927 ἕτερον.
2981 1857 3092 1910 Οὐκ
3141 1859 3348 1929 ἀφῆκεν
3398 1861 3684 1931 ἄνθρωπον

478 1950 885 2004 consideremus
919 1947 1029 2016 jam
1066 1961 1229 2001 nunc.
1281 1944 1444 1998 David
1497 1945 1661 2014 igitur
1705 1944 1760 1997 in
1823 1943 2025 2013 psalmo

2127 1949 2377 2018 ἀδικῆσαι
2399 1948 2610 2012 αὐτοὺς,
2645 1948 2738 2001 καὶ
2778 1947 2998 2018 ἤλεγξεν
3030 1949 3164 2020 ὑπὲρ
3197 1950 3372 2002 αὐτῶν
3404 1951 3641 2021 βασιλεῖς
3661 1969 3680 1986 ο

475 2057 565 2096 cw
597 2043 656 2104 ιδ,
686 2041 812 2095 dum
839 2053 958 2108 quae
985 2037 1052 2092 ad
1079 2037 1369 2098 Abraham,
1389 2043 1442 2089 et
1461 2035 1630 2099 Isaac,
1652 2043 1705 2092 et
1727 2034 1896 2089 Jacob
1921 2050 2033 2104 per-

454 2136 669 2198 ‘tinent,
721 2133 975 2188 historias
1023 2131 1230 2199 repetit,
1292 2130 1438 2198 ipsos
1477 2128 1632 2198 plane
1656 2127 1774 2182 illos
1821 2136 2029 2182 veteres

476 2225 686 2289 Patres,
713 2232 766 2279 et
791 2224 884 2294 qui
915 2232 1036 2277 ante
1072 2221 1270 2291 Moysis
1297 2227 1507 2274 aetatem
1530 2219 1766 2282 fuerunt,
1796 2218 2028 2272 cbristos

478 2327 654 2381 vocat,
692 2317 893 2372 nullam
932 2317 1003 2371 ob
1034 2315 1191 2367 aliam
1225 2326 1442 2367 causam
1485 2327 1643 2380 quam
1689 2317 1907 2380 propter
1948 2309 2032 2363 di-

475 2411 584 2464 vini
621 2408 879 2480 Spiritus,
928 2409 1086 2477 cujus
1129 2405 1419 2476 participes
1461 2411 1640 2463 erant,
1673 2401 2024 2456 inﬂuentiam.

479 2501 633 2572 175
666 2501 720 2554 In
757 2499 1091 2570 expositione
1139 2497 1299 2567 igitur
1346 2495 1714 2558 historiarum,
1762 2491 2029 2562 quemad-

476 2594 693 2656 modum
725 2591 960 2661 hospitio
991 2590 1057 2642 ab
1108 2588 1349 2642 externis
1372 2585 1629 2653 suscepti,
1677 2591 1732 2638 et
1768 2583 2026 2652 quemad-

473 2685 696 2754 modum
722 2683 934 2737 insidiis
955 2679 1331 2740 circumventi,
1365 2677 1592 2732 salutem
1623 2691 1654 2728 a
1686 2674 1793 2728 Deo
1831 2689 2027 2728 conse-

474 2773 584 2829 cuti
616 2781 765 2837 sunt,
796 2774 940 2828 sicut
980 2771 1214 2826 Mosaica
1261 2768 1572 2823 narratione
1617 2765 1888 2835 proditum
1917 2771 2022 2828 est,

475 2866 764 2938 prophetas
804 2867 927 2919 illos
957 2864 1118 2920 simul
1150 2873 1204 2918 et
1235 2861 1472 2916 christos
1515 2858 1778 2922 nominat,
1811 2855 2025 2911 tametsi

473 2957 967 3029 nondumMoyses
993 2957 1047 3010 in
1091 2953 1398 3009 hominibus
1421 2950 1668 3020 degebat.
1706 2963 1881 3018 neque
1923 2962 2025 3001 un-

471 3061 727 3123 guentum
752 3066 816 3106 ex
855 3051 967 3120 lege
999 3046 1241 3118 ejusdem
1283 3050 1652 3113 comparatum
1689 3039 1865 3095 adhuc
1904 3039 2023 3094 l‘ue-
2049 3065 2091 3123 ο

474 3152 576 3199 rat.
626 3143 766 3198 Audi
809 3143 974 3214 igitur
1017 3141 1146 3210 quid
1187 3138 1333 3192 dicat
1369 3135 1613 3206 psalmus
1646 3151 1660 3187 :
1695 3149 1714 3184 ι
1751 3133 2023 3186 Memento

473 3233 800 3288 mirabilium
834 3234 952 3301 ejus
984 3246 1103 3301 qua:
1127 3229 1285 3284 fecit:
1316 3225 1560 3297 prodigia
1591 3224 1802 3294 ejus,et
1818 3220 2022 3291 judicia

469 3325 584 3381 oris
615 3325 752 3394 ejus.
788 3323 982 3378 Semen
1016 3322 1308 3382 Abraham,
1341 3317 1484 3373 servi
1534 3316 1671 3385 ejus,
1733 3314 1828 3368 ﬁlii
1855 3313 2023 3368 Jacob

468 3413 625 3468 electi
657 3413 793 3481 ejus.
825 3410 944 3480 ipse
989 3410 1249 3465 Dominus
1275 3407 1416 3462 Deus
1445 3413 1651 3471 noster,
1685 3403 1740 3457 in
1771 3405 2022 3458 universa

469 3512 615 3559 terra
653 3503 856 3573 judicia
905 3501 1043 3571 ejus.
1088 3501 1292 3556 Memor
1336 3498 1437 3552 fuit
1484 3497 1537 3550 in
1573 3497 1828 3550 sacculum
1858 3504 2018 3550 testa-

471 3596 636 3650 menti
667 3595 772 3658 sui,
807 3596 954 3649 verbi
994 3593 1136 3664 quod
1179 3591 1453 3646 mandavit
1477 3591 1530 3644 in
1555 3591 1700 3644 mille
1723 3589 2024 3659 generatio-

469 3700 587 3752 nes,
621 3686 764 3755 qued
790 3686 1059 3755 disposuit
1088 3685 1155 3739 ad
1185 3683 1456 3738 Abraham
1494 3701 1507 3737 :
1539 3690 1592 3736 et
1620 3680 1915 3751 juramenti
1938 3679 2021 3736 sui

469 3777 536 3832 ad
568 3777 735 3843 Isaac,
767 3786 820 3832 et
849 3779 1035 3832 statuit
1061 3775 1192 3831 illud
1219 3775 1285 3829 ad
1311 3774 1482 3829 Jacob
1515 3774 1568 3826 in
1601 3784 1947 3843 przeceptum,
1972 3781 2025 3826 et

469 3871 534 3925 ad
567 3869 730 3926 Israel
775 3869 1252 3924 in'testamentum
1295 3875 1589 3928 aeternum,
1637 3863 1823 3917 dicens
1855 3881 1867 3914 :
1902 3863 2021 3918 Tibi

468 3962 609 4016 dabo
646 3969 844 4016 terram
882 3961 1161 4024 Chanaan,
1229 3957 1529 4011 funiculum
1567 3954 1899 4009 hereditatis
1933 3970 2022 4009 ve-

469 4063 595 4108 stra:
620 4070 632 4104 :
663 4063 716 4108 et
738 4054 1072 4108 transierunt
1091 4051 1157 4106 de
1183 4057 1341 4120 gente
1359 4049 1410 4102 in
1431 4057 1665 4118 gentem,
1685 4055 1738 4101 et
1762 4046 1829 4102 de
1857 4063 2022 4118 regno

469 4145 534 4198 ad
569 4145 822 4212 populum
870 4145 1098 4198 alterum
1126 4161 1139 4196 :
1172 4156 1282 4194 non
1332 4139 1579 4209 permisit
1625 4139 1894 4194 hominem
1924 4156 2024 4195 no-

467 4249 592 4288 cere
623 4233 722 4296 eis,
754 4239 807 4286 et
843 4230 1106 4299 corripuit
1137 4244 1235 4298 pro
1274 4229 1352 4282 eis
1384 4244 1538 4298 reges
1563 4243 1575 4278 :
1605 4227 1770 4280 nolite
1803 4233 2021 4297 tangere

2131 2042 2206 2112 μὴ
2249 2041 2480 2094 ἅπτεσθε
2508 2040 2614 2093 τῶν
2637 2040 2868 2111 χριστῶν
2895 2058 3015 2110 μου,
3056 2043 3146 2094 καὶ
3168 2043 3224 2094 ὲν
3249 2045 3356 2106 τοῖς
3378 2045 3683 2114 προφήταις

2132 2151 2230 2204 μου
2281 2133 2354 2203 μὴ
2399 2131 2778 2203 πονηρεύεσθε.
2819 2149 2838 2183 ι
2889 2131 3073 2186 Ταῦτα
3123 2133 3219 2202 μὲν
3258 2134 3286 2184 6
3326 2133 3511 2186 Δαϐίδο
3559 2137 3590 2186 6
3625 2135 3686 2188 δὲ

2126 2226 2328 2294 Μωσῆς
2371 2226 2462 2278 καὶ
2508 2225 2649 2287 οἴους
2703 2222 2933 2292 βασιλεῖς
2963 2223 3182 2294 ἤλεγξεν
3225 2225 3424 2294 ἱστορεῖ
3466 2224 3678 2292 λέγων’

2131 2337 2152 2370 ι
2178 2318 2283 2370 Καὶ
2299 2319 2462 2387 ἦτασε
2480 2316 2679 2386 Κύριος
2690 2313 2777 2367 τὸν
2799 2313 2993 2385 Φαραὼ
3015 2316 3264 2386 ὲτασμοῖς
3292 2315 3562 2385 μεγάλοις.
3588 2317 3682 2370 καὶ

2125 2409 2216 2462 τὸν
2234 2404 2377 2462 οἶκον
2406 2408 2564 2462 αὑτοῦ
2583 2409 2708 2477 περὶ
2730 2407 2942 2478 Σάρρας
2965 2406 3063 2474 τῆς
3082 2406 3335 2474 γυναικὸς
3363 2406 3630 2478 Ἀϐραάμ.
3656 2426 3676 2457 ι

2125 2499 2233 2552 Καὶ
2285 2499 2442 2550 πάλιν
2497 2497 2623 2566 περὶ
2673 2495 2766 2549 τοῦ
2824 2497 3084 2566 βασιλέως
3138 2496 3388 2567 Γεράρων
3437 2497 3677 2567 γράφει·

2131 2604 2150 2637 ι
2190 2586 2296 2638 Καὶ
2335 2581 2495 2656 ἦλθεν
2523 2586 2550 2637 6
2579 2583 2708 2646 Θεὸς
2755 2585 2888 2656 πρὸς
2948 2585 3230 2655 Ἀϐιμέλεχ
3277 2587 3333 2636 ὲν
3383 2584 3534 2656 ὕπνῳ
3581 2586 3683 2656 τὴν

2125 2673 2312 2736 νύκτα,
2357 2676 2447 2727 καὶ
2486 2671 2675 2728 εἶπεν⁹
2721 2675 2848 2728 Ἰδοὺ
2895 2677 2957 2729 σὺ
3005 2675 3360 2746 ἀποθνήσκεις
3409 2678 3535 2747 περὶ
3580 2679 3684 2748 τῆς

2125 2767 2394 2835 γυναικὸς,
2423 2762 2488 2837 ἧς
2518 2766 2734 2829 ἐλαϐεςδ
2780 2786 2798 2818 ι
2833 2766 2988 2838 (αὕτη
3036 2766 3092 2819 δὲ
3132 2762 3198 2837 ἦν
3229 2766 3322 2820 τοῦ
3369 2767 3682 2839 Ἀϐραάμ

2124 2856 2258 2927 Περὶ
2297 2851 2356 2910 οὗ
2403 2856 2526 2926 ἑξῆς
2572 2855 2772 2924 προϊών
2821 2873 2951 2927 φησι
2977 2872 2992 2888 ο
3045 2874 3064 2907 t
3102 2856 3215 2909 Νῦν
3260 2855 3316 2908 δὲ
3357 2857 3548 2921 dtu/foe;
3581 2859 3686 2928 τὴν

2123 2949 2352 3014 γυναῖκα
2373 2945 2448 3016 τῷ
2477 2945 2762 3018 ἀνθρώπῳ,
2795 2947 2874 2999 ὅτι
2907 2948 3186 3018 προφήτης
3211 2947 3345 3009 ἐστὶ,
3382 2949 3473 3000 καὶ
3505 2965 3683 3019 προσ-

2124 3037 2334 3102 εύξεται
2383 3037 2509 3108 περὶ
2551 3037 2662 3090 σοῦ.
2724 3038 2882 3109 Ὁρᾷς
2908 3039 3051 3102 ὅπως
3082 3038 3167 3092 διὰ
3200 3039 3399 3091 τούτων
3423 3041 3544 3103 τοὺς
3578 3042 3686 3094 πά-

2122 3128 2208 3182 λαι
2240 3127 2502 3198 θεοφιλεῖς
2534 3129 2624 3182 καὶ
2660 3131 2938 3200 προφήτας
2987 3131 3236 3200 χριστοὺς
3268 3131 3296 3182 6
3324 3129 3504 3193 Δαϐὶδ,
3538 3131 3683 3201 μᾶλ-

2121 3220 2210 3273 λον
2259 3220 2314 3273 δὲ
2347 3220 2406 3272 τὸ
2457 3219 2594 3273 θεῖον
2635 3219 2700 3272 δι’
2748 3220 2909 3274 αὑτοῦ
2941 3223 3201 3292 προσεῖπε
3231 3219 3472 3290 Πνεῦμα,
3503 3222 3563 3273 οὐ
3602 3222 3684 3290 τῷ

2121 3309 2309 3378 γεώδει
2369 3310 2522 3382 μύρῳ
2580 3310 3003 3382 κεχρισμένουςς
3055 3309 3168 3373 πῶς
3223 3307 3350 3381 γὰρ,
3403 3311 3684 3376 Μωῦσέως

2123 3403 2362 3474 ὑστέροις
2393 3402 2599 3473 χρόνοις
2632 3401 2772 3455 οὕτω
2812 3399 3228 3471 διαταξαμένους
3265 3403 3460 3456 Ἀκουε
3497 3402 3555 3456 δὲ
3585 3405 3685 3456 καὶ

2131 3494 2349 3548 Ἢσαῖου
2381 3494 2520 3548 οῦτω
2567 3494 2873 3563 σαφέστατα
2917 3494 3044 3565 περὶ
3081 3492 3174 3546 τοῦ
3222 3493 3455 3564 Χριστοῦ
3493 3495 3688 3548 θεσπίο

2122 3587 2322 3651 ζοντος,
2362 3586 2436 3649 ὡς
2467 3585 2967 3656 ἀποσταλησομένου
3003 3584 3106 3636 ὑπὸ
3149 3584 3242 3637 τοῦ
3275 3584 3408 3637 Θεοῦ
3441 3587 3554 3648 τοῖς
3586 3586 3686 3638 ἀν-

2122 3681 2355 3751 θρώποις
2399 3677 2666 3750 λυτρωτοῦ
2703 3679 2795 3731 καὶ
2822 3677 3082 3748 σωτῆρος,
3113 3674 3328 3745 ἥξοντάς
3350 3692 3409 3727 τε
3441 3675 3682 3746 κηρύξαι

2120 3771 2230 3830 τοῖς
2273 3768 2369 3831 τὰς
2413 3767 2588 3836 ψυχὰς
2630 3763 2990 3836 αἰχμαλώτοις
3036 3764 3246 3834 ἄφεσιν,
3284 3765 3375 3817 καὶ
3415 3769 3526 3828 τοῖς
3577 3765 3682 3830 τὰς

2121 3860 2356 3921 διανοίας
2379 3858 2593 3927 τυφλοῖς
2617 3856 2921 3926 ἀνάϐλεψιν.
2945 3856 3140 3908 Τοῦτον
3164 3854 3273 3926 γὰρ
3306 3855 3464 3908 πάλιν
3493 3858 3520 3908 6
3548 3873 3684 3927 προ-

2121 3952 2291 4023 φήτης
2337 3951 2397 4003 οὐ
2443 3947 2720 4017 σκευαστῷ
2765 3947 2936 4018 μύρῳ.
2972 3945 3106 3999 ἀλλὰ
3147 3946 3224 4015 τῷ
3267 3947 3364 4016 τῆς
3395 3947 3683 4018 Πατρικῆἶ

2122 4040 2368 4110 θεότητος
2410 4036 2583 4108 νοητῷ
2629 4041 2722 4090 καὶ
2771 4035 3057 4107 θεοπρεπεῖ
3089 4036 3318 4105 Χριστὸν
3351 4036 3682 4104 γεγενῆσθαι

2119 4132 2376 4194 διδάσκει,
2406 4131 2502 4200 οὐχ
2552 4130 2644 4182 ὑπ’
2690 4127 3008 4199 ἀνθρώπων,
3045 4127 3174 4180 ἀλλά
3219 4127 3282 4181 ὲκ
3319 4127 3410 4180 τοῦ
3461 4127 3682 4196 Πατρὺς

2120 4225 2489 4295 κεχρισμένον.
2549 4223 2710 4290 Λέγει
2765 4221 2809 4274 δ’
2862 4217 2952 4274 οὖν
3011 4218 3069 4286 ἐξ
3127 4219 3288 4272 αὑτοῦ
3341 4219 3673 4290 προσώπου·

467 4326 702 4381 christos
743 4339 925 4390 meos,
972 4331 1027 4378 et
1076 4326 1130 4377 in
1172 4322 1449 4392 prophetis
1485 4322 1621 4377 meis
1660 4321 1823 4376 nolite
1868 4322 2021 4376 mali-

2126 4337 2144 4368 ‹
2202 4316 2423 4386 Πνεῦμα
2461 4314 2666 4386 Κυρίου
2713 4315 2796 4367 ἐπ’
2847 4313 2967 4382 ἐμὲ,
3013 4303 3072 4364 οῦ
3123 4311 3328 4364 εἵνεκεν
3362 4312 3541 4382 ἔχρισέ
3582 4329 3674 4381 με.

467 4416 620 4486 gnari
638 4417 699 4472 ¹⁹.
739 4435 758 4468 ι
796 4415 1069 4470 llactenus
1107 4415 1323 4484 quidem
1355 4413 1542 4468 David.
1609 4412 1823 4483 Moyses
1867 4394 2015 4475 vero,

2125 4405 2583 4476 Εὐαγγελίσασθαι
2639 4409 2871 4475 πτωχοῖς
2921 4403 3223 4457 ἀπέσταλκέ
3289 4421 3391 4472 με,
3438 4405 3679 4474 κηρύξαι

466 4507 626 4561 etiam
658 4522 795 4576 quos
825 4522 978 4576 reges
1007 4507 1351 4574 corripuerit,
1392 4513 1597 4568 narrat,
1633 4504 1820 4558 dicens
1853 4522 1866 4558 :
1899 4521 1916 4552 ι
1957 4504 2020 4556 Et

2125 4497 2477 4570 αἰχμαλώτοις
2503 4498 2710 4566 ἄφεσιν,
2745 4497 2837 4548 καὶ
2862 4495 3075 4562 τυφλοῖς
3099 4495 3406 4563 ἀνάϐλεψιν.
3447 4514 3464 4546 ι
3501 4495 3681 4550 Τοῦτο

467 4599 750 4669 castigavit
786 4598 1047 4653 Dominus
1085 4596 1422 4650 Pharaonem
1455 4595 1628 4666 plagis
1666 4595 1937 4658 maximis,
1965 4602 2019 4648 et

467 4692 684 4745 domum
711 4692 877 4756 illius,
900 4699 1119 4762 prepter
1142 4690 1330 4744 Saram
1363 4703 1584 4743 uxorem
1621 4688 1893 4742 Abraham
1909 4689 2008 4741 ³ο.)

469 4785 532 4840 Et
555 4801 744 4840 rursus
770 4786 836 4840 de
860 4800 925 4839 eo
951 4799 1073 4854 rege
1107 4784 1194 4852 qui
1228 4782 1486 4852 regnabat
1514 4782 1568 4836 in
1602 4779 1843 4844 Geraris,
1878 4783 2016 4838 scri-

468 4879 546 4933 bit
576 4895 590 4930 :
628 4895 649 4930 ‹
685 4877 746 4930 Et
771 4878 916 4931 venit
948 4875 1087 4930 Deus
1133 4876 1197 4930 ad
1234 4875 1540 4929 Abimclech
1594 4874 1649 4929 in
1686 4875 1892 4929 somnis
1923 4891 2021 4928 no-

466 4979 580 5034 ctu,
616 4979 670 5024 et
699 4969 834 5022 dixit
867 4985 880 5020 :
919 4969 996 5022 En
1047 4967 1295 5022 morieris
1344 4975 1424 5030 tu,
1471 4973 1690 5036 propter
1733 4966 2010 5020 mulierem

467 5077 624 5130 quam
660 5063 885 5116 tulisti“
925 5080 942 5112 ι
984 5061 1118 5128 (ιιωο
1162 5066 1340 5113 autem
1382 5066 1500 5112 erat
1524 5073 1658 5111 uxor
1689 5055 2009 5126 Abraham).

466 5153 638 5208 Porro
677 5153 958 5222 deinceps,
1001 5164 1250 5207 sermone
1313 5164 1660 5219 progressus,
1710 5146 1777 5201 de
1827 5145 2014 5200 eodem

467 5247 542 5300 ait
567 5266 579 5300 :
609 5265 626 5298 ι
657 5245 810 5300 Nunc
827 5254 1003 5302 autem
1029 5244 1191 5300 redde
1217 5242 1334 5298 viro
1359 5258 1458 5297 suo
1485 5256 1731 5303 uxorem,
1755 5238 2013 5310 quoniam

468 5340 726 5408 prOpheta
754 5347 858 5401 est,
889 5343 942 5392 et
971 5336 1144 5392 orabit
1173 5351 1270 5406 pro
1289 5343 1345 5390 te
1358 5335 1423 5388 “.
1454 5351 1474 5386 ι
1506 5331 1669 5388 Vides
1692 5341 1746 5386 ul
1773 5331 1873 5385 hoc
1896 5330 2014 5384 loco

467 5437 674 5486 veteres
701 5429 796 5485 Dei
829 5431 1031 5486 amicos
1063 5437 1116 5484 et
1166 5428 1460 5500 prophetas
1499 5425 1690 5489 David,
1723 5439 1787 5478 ac
1830 5421 2010 5492 potius

469 5541 562 5595 per
611 5525 763 5579 illum
809 5523 1024 5580 divinus
1073 5521 1331 5594 Spiritus,
1387 5518 1621 5574 cbristos
1663 5512 2010 5587 appellaverit

540 5686 581 5716 ⁸⁸
613 5681 887 5753 Vers.’l5.
931 5682 976 5716 "
1006 5678 1148 5736 Psal.
1182 5693 1289 5747 etv,
1324 5674 1469 5734 5-15.

2121 4591 2217 4662 μὲν
2267 4584 2357 4642 οὖν
2412 4587 2622 4658 πρῶτον
2679 4583 3008 4655 τετηρήσθω,
3062 4583 3136 4646 ὡς
3184 4585 3274 4635 καὶ
3333 4583 3556 4646 Ἡσαΐας
3596 4585 3682 4654 τῷ

2121 4681 2282 4735 Δαϐὶδ
2314 4678 2702 4751 παραπλησίως
2734 4677 2790 4729 ὃν
2823 4675 2971 4743 ἥξειν
3005 4675 3199 4744 ἔφησεν
3232 4677 3308 4738 εἰς
3334 4674 3676 4746 ἀνθρώπους,

2123 4776 2214 4828 καὶ
2256 4772 2484 4844 κηρῦξαι
2531 4767 2890 4840 αἰχμαλώτοις
2933 4767 3124 4836 ἄφεσιν
3170 4771 3261 4820 καὶ
3293 4767 3506 4835 τυφλοῖς
3537 4767 3678 4820 ἀνά-

2119 4869 2322 4938 ϐλεψιν,
2353 4865 2412 4918 οῦ
2445 4860 2720 4931 σκευαστῷ
2768 4860 2941 4932 μύρῳ,
2977 4857 3110 4912 ἀλλά
3138 4859 3214 4929 τῷ
3241 4860 3338 4929 τῆς
3377 4859 3678 4928 ἀγεννήτου

2117 4959 2395 5032 Πατρικῆς
2423 4973 2480 5009 τε
2514 4953 2606 5007 xai.
2654 4950 2959 5019 παναγὰθου
3004 4951 3279 5020 δυνάμεως
3324 4947 3553 5018 Χριστὸν
3583 4963 3682 5014 γε-

2117 5053 2327 5124 γονέναι
2365 5043 2625 5107 θεσπίζει.
2667 5041 2824 5096 Κατά
2862 5058 2982 5094 τινα
3012 5040 3067 5093 δὲ
3096 5038 3376 5109 συνήθειαν
3407 5052 3681 5108 προφητι-

2119 5145 2238 5215 κὴνν
2260 5142 2320 5194 τδ
2355 5137 2540 5211 μέλλον
2567 5137 2594 5187 δ
2626 5133 2905 5205 προφήτης
2931 5131 3005 5194 ὡς
3035 5129 3356 5200 παρῳχηκὸς
3380 5129 3678 5196 ἀναφωνεῇ

2119 5237 2212 5291 καὶ
2242 5233 2316 5294 ὡς
2347 5229 2473 5301 περὶ
2506 5223 2695 5281 ἑαυτοῦ
2735 5222 2828 5276 τοῦ
2859 5221 3284 5294 προφητεύοντος
3327 5218 3492 5290 δηλοῖ.
3522 5219 3680 5281 Τέως

2122 5325 2219 5397 μὲν
2249 5319 2338 5376 οῦν
2366 5319 2467 5374 ὑπὸ
2491 5316 2644 5379 Θεοῦ,
2669 5307 2784 5370 ἀλλ’
2809 5314 2905 5384 οὐχ
2931 5314 3020 5366 ὑπ’
3041 5311 3360 5385 ἀνθρώπων,
3390 5309 3484 5363 καὶ
3510 5307 3678 5362 ΙΙνεύ-

2121 5433 2243 5489 ματι
2266 5413 2414 5484 θείῳ,
2445 5410 2556 5466 ἀλλ’
2589 5410 2648 5463 οὑ
2683 5406 2964 5476 σκευαστῷ
2995 5405 3158 5476 ὲλαίῳ
3179 5404 3518 5477 χρωμένους,
3542 5403 3681 5466 τοὺς

2117 5507 2256 5563 κατά
2315 5505 2403 5560 τὸν
2471 5500 2643 5574 ἀληθῆ
2700 5501 2856 5570 λόγον
2935 5497 3184 5571 χριστοὺς
3245 5493 3682 5567 ὀνομαζομένους

1546 5675 1590 5707 ’⁸
1622 5671 1756 5729 Gen.
1792 5684 1889 5735 xtt,
1919 5667 2006 5723 17.
2051 5666 2121 5740 _"
2150 5661 2286 5719 Gen.
2315 5675 2408 5726 ις,
2438 5659 2492 5716 5.
2535 5659 2614 5737 κί’
2647 5657 2777 5713 ibid.
2803 5656 2861 5710 7.
