3930 6202
208 308 320 363 297

1132 309 1785 367 DEMONSTRATIONKS
1824 307 2278 366 EVANGELICIE
2316 306 2439 361 LIB.
2474 304 2560 360 IV.

3342 308 3447 362 9.98

206 423 480 492 ἔγνωμεν.
518 422 725 493 Καιρὸς
762 422 817 476 δὲ
858 422 1104 487 συνιδεῖν,
1135 425 1214 479 ὅτι
1248 425 1341 477 καὶ
1367 424 1512 479 θείαν
1540 424 1661 477 τινὰ
1692 423 1767 477 δύ-

1889 423 2038 476 nullo
2083 420 2328 476 terrestri
2387 425 2665 489 unguento
2704 418 2931 472 unctos?
2967 416 3071 484 Qui
3107 421 3273 483 enim,
3323 436 3447 474 cum

207 530 374 584 ναμιν
396 513 685 584 κρείττονα
714 514 744 585 ἢ
771 516 886 566 κατ’
913 513 1196 585 ἄνθρωπον
1219 516 1294 585 (l)
1322 516 1482 585 φύσιν
1503 517 1592 570 τὸν
1608 516 1781 588 ἁληθῆ

205 604 445 678 Χριστὸν
492 604 584 657 τοῦ
629 604 770 657 Θεοῦ
802 605 1086 676 τυγχάνειν
1124 608 1154 659 6
1193 608 1321 679 παρ’
1367 608 1634 679 Ἑϐραίοις
1664 609 1783 661 ἐπί-

208 714 402 751 σταται
431 695 608 764 λόγος.
643 697 837 749 Ἄκουε
870 697 913 749 δ’
942 694 1036 751 οῦν
1067 695 1223 763 αὖθις
1249 697 1341 752 τοῦ
1374 699 1535 753 Δαϐὶδ
1567 700 1782 754 αἰώνιόν

203 806 329 843 τινα
380 789 535 859 ἱερέα
574 788 667 841 τοῦ
713 788 847 841 Θεοῦ
896 790 1195 859 φάσκοντος
1242 793 1458 858 εἰδέναι,
1489 791 1690 863 Κύριόν
1720 810 1779 846 τε

204 882 372 935 αὑτοῦ
396 881 585 935 τοῦτον
614 882 1053 953 ἀναγορεύοντος,
1084 885 1175 938 καὶ
1206 883 1491 956 σύνθρονον
1522 880 1663 941 εἶναι
1684 886 1781 939 τοῦ

204 974 485 1027 ἀνωτάτου
503 973 635 1026 Θεοῦ
658 974 1040 1044 ὁμολογοῦντος
1069 980 1125 1030 ἐν
1158 978 1431 1049 ἑκατοστῷ
1462 979 1554 1032 καὶ
1578 978 1781 1050 ὲννάτῳ

203 1067 429 1140 ψαλμῷ,
460 1067 582 1121 καθ’
606 1068 665 1122 ὂν
699 1063 798 1122 ὧδὲ
832 1069 949 1133 πῶς
994 1088 1185 1142 φησιν·
1222 1091 1240 1123 ι
1288 1071 1455 1126 Εἶπεν
1501 1075 1529 1125 6
1578 1072 1780 1145 Κύριος

205 1160 286 1231 τῷ
322 1161 513 1232 Κυρίῳ
559 1177 692 1232 μου’
736 1160 920 1215 Κάθου
966 1163 1030 1215 ὲκ
1074 1162 1264 1228 δεξιῶν
1298 1182 1397 1235 μου
1445 1164 1548 1228 ἕως
1590 1163 1656 1217 ἂν
1702 1164 1779 1217 θῶ

204 1254 333 1315 τοὺς
359 1251 590 1323 ἐχθρούς
622 1268 715 1305 σου
747 1253 1033 1307 ὑποπόδιον
1059 1254 1166 1306 τῶν
1202 1253 1375 1307 ποδῶν
1409 1272 1517 1307 σου.
1559 1254 1778 1307 Ῥἁδδον

200 1344 489 1414 δυνάμεως
511 1343 855 1409 ὲξαποστελεῖ
880 1362 961 1398 σοι
985 1345 1187 1418 Κύριος
1212 1349 1276 1399 ἐκ
1302 1345 1458 1407 Σιὼν,
1495 1347 1585 1401 καὶ
1614 1363 1779 1400 κατα-

199 1437 513 1509 κυριεύσεις
553 1439 609 1489 ὲν
658 1437 807 1508 μέσῳ
852 1437 959 1491 τῶν
1004 1438 1215 1510 ἐχθρῶν
1263 1455 1384 1491 σου·
1431 1438 1569 1509 μετὰ
1615 1438 1775 1510 σοῦή

192 1529 353 1601 ἁρχὴ
387 1532 440 1582 ὲν
468 1530 645 1600 ἡμέρᾳ
670 1529 773 1599 τῆς
803 1528 1082 1600 δυνάμεώς
1111 1547 1224 1595 σου,
1257 1533 1312 1583 ὲν
1340 1533 1406 1601 τῇ
1437 1530 1775 1601 λαμπρότητι

194 1622 315 1675 τῶν
347 1622 513 1690 ἁγίων
541 1639 632 1675 σου
652 1639 666 1653 ’
687 1625 749 1676 ὲκ
780 1623 1015 1694 γαστρὸς
1040 1622 1146 1695 πρὸ
1178 1623 1484 1693 Ἑωσφόρου
1512 1623 1777 1694 ὲγέννησὰ

198 1731 284 1768 σε.
340 1715 541 1784 Ὠμοσε
588 1714 825 1786 Κύριος,
867 1716 962 1768 καὶ
1005 1715 1066 1768 ού
1116 1713 1651 1786 μεταμεληθήσεται,
1702 1716 1773 1768 Σὺ

1893 514 2070 570 Moses
2112 510 2510 584 posterioribus
2537 510 2872 580 temporibus
2898 510 2948 563 id
2984 511 3453 566 instituerit?Ca-—

1890 616 2084 669 terum,
2135 604 2263 659 audi
2304 617 2452 657 nunc
2505 601 2701 656 Isaiam
2742 618 2960 673 quoque
3006 603 3079 657 ita
3124 604 3192 658 de
3232 604 3453 658 Christo

1886 698 2333 754 manifestissime
2374 704 2679 759 canentem,
2727 702 2986 766 tanquam
3034 696 3103 757 de
3154 712 3220 751 eo
3260 698 3355 767 qui
3396 706 3452 753 et

1886 791 2214 861 Redemptor
2247 801 2301 846 et
2346 790 2596 845 Salvator
2628 805 2657 843 a
2684 789 2794 843 Deo
2832 789 2904 844 sit
2931 790 3229 846 mittendus
3260 790 3325 844 ad
3355 791 3453 845 ho-

1885 886 2083 949 mines,
2118 884 2321 955 quique
2344 889 2609 937 venturus
2640 890 2700 936 ut
2720 882 2961 951 captivas
2984 882 3194 937 animas
3218 890 3454 954 gerent;-

1884 978 2006 1040 bus,
2060 976 2470 1038 liberationem,
2516 982 2727 1029 mentes
2774 988 2904 1027 vero
2932 973 3255 1039 obcazcatas,
3300 976 3451 1032 visus

1882 1067 2349 1138 recuperationem
2369 1065 2598 1119 nuntiet.
2619 1062 2774 1117 llunc
2804 1063 2947 1118 enim
2971 1078 3162 1118 rursus
3191 1065 3452 1135 propheta

1881 1176 1988 1215 non
2024 1165 2340 1228 comparato
2369 1163 2670 1227 unguento,
2703 1154 2798 1211 sed
2828 1168 2892 1209 eo
2927 1156 3075 1225 quod
3098 1163 3337 1225 paterna:
3366 1158 3452 1212 di-

1880 1254 2120 1309 vinitatis
2150 1252 2222 1307 sit
2244 1250 2543 1321 proprium,
2568 1256 2624 1304 et
2649 1249 2766 1305 sola
2800 1248 3153 1318 intelligentia
3181 1250 3450 1320 capiatur,

1880 1344 2157 1414 Deumque
2186 1347 2361 1423 ipsum
2391 1343 2622 1397 maxime
2641 1340 2851 1405 deceat,
2877 1340 3154 1395 Christum
3177 1342 3451 1399 exstitisse
3504 1344 3519 1361 '

1878 1438 2059 1497 docet,
2100 1436 2194 1507 qui
2240 1451 2348 1489 non
2389 1434 2458 1488 ab
2502 1433 2836 1495 hominibus,
2883 1432 2976 1487 sed
3022 1432 3090 1486 ab
3131 1431 3249 1503 ipso
3292 1432 3448 1489 Patre

1879 1539 2079 1586 unctus
2108 1532 2199 1586 sit.
2230 1528 2390 1599 176
2421 1527 2559 1581 Dicit
2584 1541 2713 1597 ergo
2745 1543 2808 1582 ex
2839 1527 2985 1582 illius
3012 1542 3274 1596 persona:
3296 1541 3314 1575 ι
3334 1526 3447 1599 Spi-

1878 1626 2020 1679 ritus
2063 1623 2281 1678 Domiui
2333 1637 2497 1691 super
2538 1636 2646 1686 me,
2692 1628 2914 1690 propter
2953 1621 3100 1690 quod
3144 1622 3301 1677 unxit
3344 1640 3449 1691 me,

1878 1720 2251 1791 evangelizare
2282 1716 2615 1787 pauperibus
2642 1716 2792 1769 misit
2825 1730 2932 1779 me,
2969 1729 3163 1770 sanare
3185 1716 3449 1774 contritos

196 1806 382 1878 ἱερεὺς
425 1808 505 1868 εἰς
536 1807 625 1859 τὸν
672 1806 840 1861 αἰῶνα
873 1806 1011 1860 κατὰ
1034 1806 1131 1878 τὴν
1172 1806 1324 1871 τάξιν
1360 1807 1712 1878 Μελχισεδέκ.
1750 1826 1767 1858 ι

1874 1811 2059 1876 corde,
2093 1810 2392 1881 praedicare
2414 1808 2647 1879 captivis
2682 1808 3084 1873 remissionem,
3107 1816 3161 1864 et.
3190 1811 3350 1865 caecis
3374 1811 3450 1867 vi-

196 1896 309 1949 Καὶ
349 1894 446 1948 θέα
484 1913 567 1964 γε,
599 1898 673 1961 ὼς
706 1899 764 1949 ὲν
811 1898 1019 1960 τούτοις
1058 1895 1243 1961 Δαϐὶδ,
1283 1896 1529 1967 βασιλεὺς
1570 1896 1644 1949 ὢν
1672 1897 1765 1951 τοῦ

194 1989 401 2053 παντὸς
439 1988 705 2060 Ἑϐραίων
740 1988 944 2054 ἔθνους,
984 1988 1077 2041 καὶ
1110 1987 1247 2058 πρὸς
1277 1989 1341 2057 τῇ
1382 1986 1629 2058 βασιλείᾳ
1652 1986 1781 2057 θείῳ

194 2083 338 2137 Πνεύ
347 2100 451 2152 ματ
461 2100 478 2134 ι
504 2081 932 2152 κεκοσμημένος,
951 2079 1184 2133 τοιοῦτόν
1197 2096 1314 2131 τινα
1328 2078 1498 2148 μέγαν
1514 2078 1607 2130 καὶ
1621 2078 1781 2149 ὑπερ-

193 2178 348 2246 φυῶς
379 2177 678 2247 θαυμάσιον
708 2176 799 2228 τὸν
830 2175 964 2245 πρὸς
996 2173 1159 2227 αὑτοῦ
1190 2171 1540 2243 δηλούμενον,
1584 2171 1677 2224 καὶ
1702 2172 1779 2241 τῷ

192 2265 467 2335 πνεύματι
522 2264 891 2336 θεωρούμενον
947 2262 1204 2327 συνεῖδεν,
1239 2262 1315 2326 ὼς
1366 2261 1569 2333 Κύριον
1617 2262 1776 2316 αὐτὸν

192 2356 391 2410 ἑαυτοῦ
411 2359 747 2428 προσειπεῖν.
766 2375 784 2407 ι
808 2352 941 2414 Εἷπε
982 2375 999 2406 ι
1019 2355 1149 2427 γὰρ,
1169 2355 1323 2425 φησὶ,
1353 2372 1372 2406 ι
1398 2354 1587 2425 Κυρίῳ
1604 2372 1726 2424 μου.
1752 2373 1770 2406 ι

203 2450 368 2502 Ἀλλά
389 2450 483 2502 καὶ
513 2447 727 2502 αἰώνιον
751 2448 910 2502 αὐτὸν
950 2447 1208 2520 ἀρχιερέα
1228 2444 1358 2509 οἶδε,
1390 2447 1484 2499 καὶ
1510 2447 1553 2498 ἰε
1562 2446 1657 2517 ρέα
1679 2444 1775 2498 τοῦ

191 2541 330 2594 Θεοῦ
356 2542 449 2595 τοῦ
472 2541 716 2611 ὑψίστου,
735 2541 827 2595 καὶ
845 2540 1131 2611 σύνθρονον
1152 2539 1245 2593 τοῦ
1267 2540 1359 2592 ἐπὶ
1375 2539 1589 2592 πάντων
1615 2537 1771 2599 Θεοῦ,

188 2635 286 2687 καὶ
307 2634 555 2705 γέννημα
577 2632 762 2687 αὑτοῦ.
789 2632 921 2703 Λίχα
940 2633 996 2685 δὲ
1014 2632 1245 2703 χρίσεως
1271 2630 1531 2685 ἀδύνατον
1554 2626 1622 2701 ἦν
1642 2630 1772 2701 παρ’

200 2726 479 2798 Ἑϐραίοις
516 2725 761 2797 ἰερᾶσθαι
811 2725 890 2796 τῷ
936 2725 1088 2796 Θεῷο
1146 2726 1334 2797 διόπερ
1380 2725 1475 2779 καὶ
1520 2726 1773 2797 χριστοὺς

186 2818 474 2889 ὀνομάζειν
508 2818 706 2882 αὐτοὺς
755 2817 962 2881 πάντας
999 2813 1066 2888 ἦν
1113 2818 1294 2881 αὐτοῖς
1335 2818 1507 2887 φίλον.
1538 2816 1772 2887 Χριστὸς

187 2911 300 2981 ἄρα
334 2911 427 2963 καὶ
463 2912 491 2963 6
530 2911 588 2963 ὲν
625 2910 702 2981 τῷ
747 2909 946 2981 ψαλμῷ
984 2909 1312 2980 δηλούμενος
1344 2910 1522 2980 ἱερεὺς
1554 2909 1638 2980 εἴη
1680 2907 1764 2962 ἄν.

188 3000 318 3064 Πῶς
347 3000 455 3072 γὰρ
485 3000 833 3072 ἐμαρτυρήθη
865 3001 1041 3071 ἱερεὺς
1057 2996 1216 3064 εἶναι,
1253 2998 1325 3071 μὴ
1353 3000 1473 3070 οὐχὶ
1505 2999 1768 3070 πρότερον

185 3092 430 3163 Χριστὸς
457 3092 719 3160 γεγονώς;
773 3093 931 3146 Ἀλλά
980 3095 1071 3147 καὶ
1100 3095 1179 3157 εἰς
1212 3094 1303 3155 τὴν
1345 3094 1514 3147 αἰῶνα
1554 3094 1768 3164 λέγεται

186 3185 472 3278 ἱερᾶσθαι.
524 3184 697 3278 Τοῦτο
726 3185 770 3238 δ’
804 3186 981 3278 ούκέτ’
1033 3186 1345 3258 ἀνθρωπεία
1390 3188 1548 3256 φύσει
1593 3189 1766 3260 ὲφαρ-
1796 3221 1837 3278 C

188 3277 387 3348 μάττοι
423 3275 506 3329 ἄν.
543 3277 611 3328 Ού
642 3276 748 3349 γὰρ
772 3277 1058 3350 ἀνθρώπου
1095 3278 1154 3331 τὸ
1185 3279 1505 3345 διαιωνίζειν
1528 3321 1542 3342 ,
1585 3281 1767 3354 ἐπειδὴ

182 3370 391 3441 θνητὸν
416 3370 507 3423 καὶ
548 3371 803 3443 ἐπίκηρον
846 3373 907 3425 τὸ
940 3373 1057 3426 καθ’
1100 3375 1248 3444 ἡμᾶς
1288 3374 1460 3442 γένος.
1495 3377 1768 3447 Κρείττων

186 3466 298 3536 ἄρα
329 3481 411 3528 τις
437 3463 467 3531 ἢ
499 3466 619 3516 κατ’
644 3464 925 3535 ἄνθρωπον
959 3467 987 3518 6
1022 3465 1346 3537 δηλούμενος
1373 3463 1440 3538 ἦν
1467 3470 1523 3521 ὲν
1558 3468 1768 3532 τούτοις

189 3556 372 3625 ἱερεὺς
405 3554 499 3609 τοῦ
538 3555 673 3608 Θεοῦ
719 3556 852 3626 μετὰ
897 3558 1060 3628 ὅρκου
1102 3558 1534 3623 διαϐεϐαιώσεως
1567 3560 1765 3632 διαρκῆ

184 3650 283 3701 καὶ
315 3647 542 3719 ἄπειρον
575 3648 674 3719 τὴν
715 3648 1009 3721 ἱερωσύνην
1041 3650 1191 3723 παρὰ
1215 3651 1482 3705 τοῦιΘεοῦ
1515 3653 1767 3724 δεδεγμέ-

183 3759 276 3804 νος
293 3759 308 3770 ο
336 3760 354 3791 ι
382 3742 585 3811 Ὠμοσε
607 3761 624 3792 ι
642 3741 773 3811 γάρ,
798 3741 950 3813 φησι,
976 3761 994 3793 ι
1023 3743 1245 3815 Κύριος,
1265 3746 1355 3797 καὶ
1375 3745 1435 3796 ού
1456 3744 1765 3816 μεταμελη-

186 3835 450 3905 θήσεται,
481 3834 552 3886 Σὺ
609 3836 786 3905 ἱερεὺς
833 3840 913 3898 εἰς
953 3838 1044 3888 τὸν
1081 3836 1250 3889 αἰῶνα
1289 3837 1428 3890 κατὰ
1470 3838 1566 3909 τὴν
1612 3838 1764 3903 τάξιν

187 3926 551 3996 Μελχισεδέκ.
580 3945 598 3976 ι
636 3926 850 3998 Ἐπειδὴ
873 3926 980 3999 γὰρ
1010 3926 1100 3981 τὸν
1146 3928 1482 3999 Μελχισεδὲκ
1503 3930 1531 3981 6
1558 3931 1762 3999 Μωσῆς

184 4018 341 4089 ἰερέα
373 4017 470 4070 τοῦ
502 4017 635 4071 Θεοῦ
700 4018 922 4088 ὑψίστου
950 4020 1224 4089 γεγονέναι
1258 4022 1477 4092 ἱστορεῖ,
1513 4022 1572 4073 οὐ
1606 4021 1762 4092 μύρῳ

186 4111 475 4181 σκευαστῷ
513 4112 899 4183 κεχρισμένον,
934 4112 1068 4166 πολὺ
1105 4112 1366 4184 πρότερόν
1397 4128 1457 4165 τε
1492 4114 1591 4183 τῆς
1640 4116 1759 4165 κατ’

185 4204 352 4257 αὑτὸν
382 4204 701 4274 νομοθεσίας
745 4205 1031 4275 γενόμενον
1056 4204 1204 4277 ἰερέα
1222 4205 1315 4258 τοῦ
1345 4204 1481 4258 Θεοῦ
1508 4190 1755 4275 ὑψίστου,

182 4298 279 4347 καὶ
306 4296 450 4348 κατὰ
486 4296 617 4349 πολῦ
651 4297 933 4367 κρείττονα
958 4297 1056 4367 τὴν
1084 4297 1282 4369 ἀρετὴν
1305 4298 1396 4351 τοῦ
1428 4296 1587 4368 βεϐοη
1597 4298 1756 4368 μένου

195 4385 484 4455 Ἀϐραάμ·
526 4384 669 4453 λέγει
698 4386 740 4439 δ’
777 4383 902 4440 οὖν·
946 4407 963 4437 ι
993 4388 1100 4439 Καὶ
1139 4388 1469 4459 Μελχισεδὲκ
1508 4387 1757 4459 βασιλεὺς

183 4476 417 4547 Σαλὴμ,
468 4478 643 4548 ἱερεὺς
700 4478 793 4531 τοῦ
839 4478 973 4532 Θεοῦ
1040 4480 1297 4550 ὑψίστου,
1354 4481 1612 4551 εὐλόγησε
1665 4483 1754 4535 τὸν

1882 1920 2003 1960 sum
2025 1904 2089 1958 ⁸³.
2117 1923 2136 1955 ι
2158 1902 2398 1957 Primum
2430 1901 2591 1972 igitur
2616 1900 2719 1955 hoc
2742 1908 3020 1956 teneatur:
3052 1901 3269 1967 Isaiam,
3302 1903 3446 1959 sicut

1884 1994 2076 2057 David,
2109 2009 2271 2065 quem
2305 2000 2592 2047 venturum
2620 1992 2820 2048 dixerit
2845 1993 2913 2047 ad
2943 1993 3210 2061 homines,
3232 2003 3287 2049 et
3313 2012 3441 2065 prae-

1889 2087 2200 2142 dicaturum
2238 2087 2469 2157 captivis
2509 2085 2910 2148 remissionem,
2952 2100 3015 2140 ac
3049 2086 3208 2141 caecis
3247 2088 3448 2152 visum,

1881 2177 2027 2231 hunc
2061 2191 2170 2230 non
2209 2184 2527 2246 comparato
2566 2183 2865 2243 unguento,
2894 2175 2989 2228 sed
3020 2190 3087 2230 eo
3114 2178 3261 2246 quod
3294 2178 3449 2248 inge-

1880 2268 2007 2323 nita:
2029 2277 2376 2338 paternaeque
2403 2273 2568 2335 atque
2594 2265 2743 2320 omni
2770 2264 3012 2319 bonitate
3043 2263 3257 2324 refertae
3275 2267 3449 2320 virtu-

1878 2362 1947 2415 tis
1971 2361 2042 2415 sit
2070 2361 2370 2431 proprium,
2394 2359 2669 2415 Christum
2700 2356 2997 2419 exstitisse,
3021 2357 3334 2413 vaticinari.
3369 2357 3449 2414 Ex

1877 2451 2115 2522 quadam
2147 2467 2277 2507 vero
2303 2450 2622 2521 pr0phetica
2665 2449 3085 2513 consuetudine,
3125 2450 3270 2519 quod
3301 2450 3446 2504 l’utu-

1876 2559 1996 2596 rum
2026 2552 2133 2608 est,
2183 2542 2449 2612 propheta
2490 2541 2649 2610 quasi
2692 2540 3025 2609 praeteritum
3070 2541 3342 2606 enuntiat,
3389 2551 3446 2596 et

1875 2645 2132 2706 tanquam
2165 2636 2232 2691 de
2258 2635 2439 2705 seipso
2464 2636 2797 2690 vaticinante
2829 2635 3121 2705 signiﬁcat.
3168 2634 3446 2692 Hactenus

1874 2728 2060 2798 igitur,
2087 2742 2182 2782 eos
2222 2727 2316 2797 qui
2354 2726 2426 2781 ab
2462 2725 2581 2796 ipso
2623 2725 2734 2787 Deo
2765 2734 2818 2781 et
2852 2742 2961 2779 non
2994 2726 3062 2780 ab
3104 2725 3440 2791 hominibus,

1872 2828 1926 2873 et
1965 2819 2158 2889 spiritu
2191 2818 2398 2883 divino,
2431 2834 2540 2873 non
2563 2818 2815 2874 confecto
2855 2820 2974 2873 oleo
3007 2826 3362 2890 ungerentur,
3386 2835 3446 2876 re

1872 2929 2000 2969 vera
2032 2913 2271 2968 christos
2299 2912 2568 2966 nominari
2602 2912 2919 2971 didicimus.
2951 2910 3057 2967 Sed
3083 2912 3196 2981 jam
3229 2921 3446 2984 tempus

1870 3014 1951 3061 est
2006 3015 2065 3060 ut
2103 3005 2424 3069 videamus,
2471 3003 2932 3074 quemadmodum
2985 3003 3169 3059 divina
3211 3006 3444 3075 quadam

1871 3099 2092 3163 virtute,
2127 3107 2181 3153 et
2219 3097 2599 3167 praestantiore
2629 3111 2791 3166 quam
2819 3105 3016 3151 natura
3044 3096 3284 3151 hominis
3317 3096 3444 3161 fert,

1870 3206 2057 3246 verum
2090 3188 2182 3244 Dei
2218 3190 2499 3244 Christum
2540 3189 2827 3255 exsistere,
2862 3186 3131 3243 Hebraica
3167 3188 3307 3242 ratio
3345 3189 3444 3242 do-

1869 3290 2009 3337 ceat.
2043 3281 2186 3336 Audi
2215 3296 2347 3350 ergo
2370 3294 2567 3335 rursus
2598 3277 2791 3342 David,
2817 3278 2911 3348 qui
2948 3288 3212 3333 mternum
3248 3294 3442 3351 quem-

1869 3375 1993 3428 dam
2029 3373 2372 3429 sacerdotem
2421 3374 2627 3428 vidisse
2667 3387 2727 3428 se
2771 3372 2869 3438 ait,
2912 3380 3073 3443 atque
3091 3373 3234 3428 hunc
3259 3372 3441 3427 Domi-

1869 3483 1997 3521 num
2052 3482 2210 3523 suum
2259 3466 2516 3535 appellat,
2552 3473 2606 3520 et
2636 3464 2829 3521 sedere
2877 3465 3127 3521 eumdem
3171 3481 3295 3520 cum
3332 3464 3442 3519 Deo

1867 3555 2028 3611 Patre
2053 3555 2365 3619 conﬁtetur,
2391 3556 2444 3609 in
2483 3556 2694 3625 psalmo
2719 3571 2829 3621 cur,
2862 3556 2953 3610 ubi
2997 3556 3076 3612 sic
3108 3557 3243 3611 ait“
3271 3576 3283 3611 :
3308 3577 3327 3611 ι
3351 3555 3442 3611 Di-

1868 3650 1949 3703 xit
1992 3648 2258 3703 Dominus
2304 3647 2535 3703 Domino
2564 3662 2687 3702 meo
2722 3666 2735 3701 :
2776 3646 2915 3703 Sede
2959 3661 2990 3701 a
3034 3649 3241 3704 dextris
3281 3652 3439 3711 meis.

1865 3742 2041 3797 donec
2082 3757 2280 3812 ponam
2310 3741 2567 3796 inimicos
2601 3748 2727 3796 tuos
2770 3740 3067 3794 scabellum
3088 3741 3287 3811 pedum
3318 3750 3441 3796 tuo-

1866 3849 2007 3888 rum.
2044 3832 2263 3903 Virgam
2299 3832 2516 3887 virtutis
2544 3831 2757 3886 emittet
2782 3830 2878 3885 tibi
2906 3829 3169 3885 Dominus
3187 3847 3250 3886 ex
3282 3831 3434 3896 Sion,

1862 3936 1916 3982 et
1936 3926 2302 3981 dominaberis
2323 3927 2378 3979 in
2396 3926 2574 3981 medio
2607 3924 2953 3978 inimicorum
2977 3933 3224 3990 tuorum;
3258 3933 3436 3981 tecum

1864 4018 2191 4088 principium
2222 4019 2277 4072 in
2312 4018 2400 4073 die
2419 4016 2637 4072 virtutis
2668 4024 2796 4080 tuae,
2823 4015 2875 4069 in
2901 4015 3285 4086 splendoribus
3309 4034 3432 4073 san-

1861 4117 2075 4164 ctorum
2097 4118 2337 4174 tuorum,
2374 4126 2441 4164 ex
2478 4119 2634 4164 utero
2658 4116 2784 4163 ante
2815 4106 3126 4163 Luciferum
3154 4110 3313 4180 genui
3342 4120 3393 4167 te
3419 4128 3435 4166 :

1856 4201 2063 4269 juravit
2089 4201 2370 4263 Dominus,
2396 4209 2450 4255 et
2481 4217 2589 4255 non
2626 4201 2911 4270 pmnitebit
2942 4219 2955 4254 :
2994 4206 3052 4254 tu
3082 4216 3143 4256 es
3178 4203 3438 4260 sacerdos

1862 4295 1916 4349 in
1959 4305 2222 4350 :cternum
2262 4296 2565 4351 secundum
2602 4293 2849 4348 ordinem
2891 4292 3270 4349 Melchisedec.
3320 4314 3338 4347 ι
3372 4295 3436 4350 Et

1860 4402 1991 4442 sane
2035 4388 2244 4457 inspice
2289 4386 2749 4457 quemadmodum
2789 4386 2845 4440 in
2887 4386 2972 4441 his
3007 4386 3192 4444 verbis
3234 4386 3431 4449 David.

1859 4480 1953 4549 qui
1998 4478 2167 4534 totius
2204 4478 2489 4534 Hebraicae
2521 4478 2698 4548 gentis
2728 4490 2823 4531 rex
2859 4485 3000 4544 erat,
3035 4486 3089 4533 et
3118 4487 3316 4549 praeter
3345 4495 3433 4534 re-

194 4568 489 4639 Ἀδραάμθ
522 4589 538 4621 ι
590 4570 757 4641 χωρὶς
802 4571 857 4623 δὲ
911 4572 1089 4645 πάσης
1146 4572 1480 4642 ἀντιλογίας,
1528 4576 1690 4645 φησὶν
1733 4578 1761 4630 6

1871 4571 2037 4641 galem
2089 4569 2409 4641 dignitatem
2472 4572 2637 4625 etiam
2694 4570 2879 4625 divino
2925 4569 3136 4641 Spiritu
3180 4581 3429 4634 ornatus,

194 4660 537 4725 Ἀπόστολος,
574 4662 632 4714 τὸ
654 4661 870 4714 ἔλαττον
897 4662 1001 4715 ύπὺ
1040 4661 1131 4716 τοῦ
1173 4664 1477 4735 κρείττονος
1515 4665 1754 4733 εὐλογεί-

180 4768 303 4804 ται·
336 4750 463 4803 ἐπεὶ
501 4751 674 4804 τοίνυν
720 4753 811 4804 καὶ
850 4754 879 4804 6
922 4753 1287 4824 Μελχισεδὲκ,
1336 4755 1493 4819 ὅστις
1528 4757 1655 4809 ποτὲ
1686 4752 1754 4826 ἦν

178 4848 413 4908 ἐκεῖνος,
433 4844 672 4907 τοιοῦτος
694 4847 960 4917 εἰσῆκται,
982 4850 1042 4901 οὐ
1075 4850 1354 4922 σκευαστῷ
1386 4852 1541 4922 μύρῳ
1571 4870 1755 4924 κεχρι-

178 4940 403 5009 σμένος,
439 4939 726 5009 ἱερωμένος
753 4939 809 4993 δὲ
832 4940 909 5011 τῷ
944 4942 1152 5013 ὑψίστῳ
1180 4942 1317 5013 Θεῷ,
1350 4945 1572 5007 εἰκότως
1602 4946 1694 4997 καὶ
1726 4947 1754 4997 ὀ

175 5030 266 5083 διὰ
288 5027 392 5082 τοῦ
424 5028 583 5081 Δαϐὶδ
604 5030 1076 5101 προφητευόμενος
1099 5031 1238 5084 κατὰ
1262 5033 1359 5103 τὴν
1378 5034 1529 5100 τάξιν
1557 5035 1753 5104 Μελχικ

178 5124 340 5177 σεὸὲκ
368 5122 645 5195 ἁνείρηται
675 5123 847 5193 μέγας
874 5141 957 5187 τις
981 5122 1055 5177 ὣν
1088 5125 1180 5177 καί
1206 5126 1414 5189 πάντας
1445 5127 1718 5198 ὑπερϐεϐη
1735 5158 1751 5168 ο

177 5216 292 5281 κὼς
326 5218 427 5287 τὴν
474 5218 664 5285 φύσιν,
696 5219 772 5281 ὼς
815 5218 881 5271 ἂν
930 5218 1106 5289 ἱερεὺς
1150 5217 1224 5271 ὢν
1255 5217 1348 5271 τοῦ
1394 5220 1485 5272 ἐπὶ
1537 5221 1753 5275 πάντων

172 5309 339 5371 Θεοῦ,
370 5312 464 5363 καὶ
494 5310 591 5380 τῆς
620 5311 911 5382 ἀγεννήτου
937 5310 1215 5381 δυνάμεως
1249 5311 1554 5383 σύνθρονος,
1576 5312 1669 5367 τοῦ
1691 5331 1749 5367 τε

176 5404 461 5474 προφήτου
520 5404 612 5454 καὶ
673 5403 934 5473 βασιλέως
974 5404 1212 5474 Κύριοςο
1264 5404 1357 5456 καὶ
1420 5406 1596 5476 ἰερεὺς
1654 5407 1750 5476 οὐχ

173 5496 396 5558 ἁπλῶς,
434 5494 550 5548 ἀλλ’
593 5496 817 5559 αἰωνίως
863 5498 954 5551 τοῦ
1010 5496 1238 5568 Πατρός.
1276 5496 1438 5565 Λέγει
1480 5498 1537 5551 δὲ
1583 5500 1676 5552 καὶ
1724 5502 1753 5553 ὁ

172 5586 321 5650 θεῖος
348 5587 661 5652 ἀπόστολος,
675 5588 941 5653 ἐξετάζων
966 5588 1032 5642 τὰ
1059 5589 1196 5643 κατὰ
1211 5590 1334 5654 τοὺς
1360 5591 1557 5655 τόπους
1574 5609 1587 5622 ο
1621 5612 1638 5643 ι
1664 5593 1753 5645 Ἐν

249 5685 295 5715 ’³
346 5685 451 5738 lsa.
484 5699 593 5745 ut,
624 5685 674 5739 l.
750 5686 794 5717 ”
825 5685 976 5740 Vers.
1005 5687 1110 5740 1-6.

1863 4665 2141 4736 agnoverit
2186 4662 2474 4734 quemdam
2526 4663 2598 4717 ita
2646 4679 2925 4734 magnum,
2968 4670 3130 4734 atque
3168 4664 3243 4718 ita
3267 4679 3432 4735 supra

1862 4758 2085 4813 modum
2115 4756 2652 4822 admirabilem,eum
2674 4756 2859 4825 utique
2879 4754 2945 4810 de
2972 4770 3082 4825 quo
3111 4754 3226 4825 ipse
3254 4753 3432 4825 loqui-

1863 4858 1974 4913 tur,
2006 4858 2059 4904 et
2083 4864 2242 4921 quem
2280 4848 2334 4901 in
2365 4848 2561 4918 spiritu
2591 4846 2821 4911 viderat,
2854 4854 2915 4901 ut
2949 4845 3236 4899 Dominum
3279 4846 3429 4900 illum

1859 4957 2018 4997 suum
2062 4941 2315 5011 appellet.
2346 4959 2364 4989 ε
2411 4938 2558 4992 Dixit
2607 4957 2626 4989 ›
2677 4938 2856 5005 enim,
2900 4938 3112 5009 inquit,
3143 4956 3162 4989 ι
3200 4938 3434 4992 Domino

1857 5049 1998 5089 meo.
2030 5052 2049 5086 ι
2074 5032 2214 5098 Quin
2235 5033 2397 5088 etiam
2419 5032 2729 5102 pontiﬁcem
2769 5042 3027 5087 aeternum
3063 5029 3312 5085 eumdem
3346 5031 3433 5085 inv

1858 5127 2070 5197 telligit,
2101 5134 2155 5180 et
2183 5127 2519 5182 sacerdotem
2550 5124 2643 5181 Dei
2679 5124 2950 5188 altissimi,
2975 5130 3029 5178 et
3050 5137 3435 5180 consessorem

1860 5218 1956 5273 Dei
1987 5218 2165 5273 Patris
2197 5228 2252 5274 et
2279 5218 2486 5288 prolem
2523 5217 2789 5287 ejusdem.
2822 5215 2989 5288 Atqui
3022 5215 3141 5270 sine
3172 5214 3431 5270 unctione

1859 5311 1977 5366 ﬁeri
2007 5312 2266 5367 sacerdos
2307 5312 2400 5366 Dei
2433 5311 2577 5381 apud
2606 5310 2868 5367 Hebraeos
2891 5323 3054 5364 nemo
3079 5322 3307 5377 prorsus
3334 5322 3431 5377 po-

1856 5410 2031 5468 terat;
2062 5403 2319 5473 quocirca
2348 5403 2473 5458 illos
2491 5418 2681 5459 omnes
2697 5400 2979 5455 nominare
3000 5398 3239 5454 christos
3269 5397 3419 5453 iidem

1859 5498 2091 5554 libenter
2151 5505 2559 5553 consueverunt
2607 5512 2619 5547 :
2667 5493 2921 5550 Christus
2982 5506 3112 5562 ergo
3170 5489 3333 5545 etiam
3384 5490 3431 5545 is

1859 5590 2045 5660 utique
2111 5589 2179 5643 de
2232 5606 2341 5659 quo
2388 5589 2629 5661 loquitur
2688 5586 2933 5660 psalmus
2999 5581 3257 5640 sacerdos
3302 5583 3428 5636 erit.

253 5775 364 5845 (ιγ
390 5778 725 5843 Αγθρωπον.
754 5773 914 5828 Forte
947 5775 1358 5847 ἀνθρώπων,γοί
1384 5775 1738 5847 ἀνθρώπειον,
1763 5789 1767 5815 π

1871 5774 2015 5827 )aulo
2042 5769 2206 5828 infra.
2244 5769 2401 5826 Eon.

502 5871 768 5932 PATBOL.
814 5870 929 5931 Gn.
977 5871 1177 5929 XXll.

3056 5860 3138 5917 ω
