3914 6198
463 358 570 411 ⁸299

1137 301 1405 406 ΕῐῙέΕΒΙΙ
1443 349 1924 406 CESARlENSLS
1967 351 2115 406 OPP.
2152 351 2352 408 PARS.
2385 353 2532 406 ll.——
2573 352 3071 410 APOLOGETICA.

3603 358 3708 412 300

474 473 631 545 177
661 471 942 539 Quomodo
977 471 1122 523 enim
1161 469 1476 523 testimonio
1521 467 1801 538 propheta:
1852 483 2024 523 sacer-

2135 462 2179 538 ᾧ
2227 471 2608 543 περισσότερον
2667 472 2988 543 βουλόμενος
3019 471 3048 524 ὁ
3089 469 3218 533 Θεὸς
3277 470 3538 534 ἐπιδεῖξαι
3595 476 3708 536 τοῖς

467 563 570 621 dos
601 579 721 619 esse
755 563 1048 622 diceretur,
1082 559 1188 614 nisi
1222 560 1362 614 idem
1405 560 1560 631 prius
1592 559 1848 615 Christus
1869 561 2035 615 exsti-

467 656 665 712 tisset?
699 653 803 709 Sed
832 653 994 707 etiam
1023 652 1078 705 in
1106 661 1370 706 aeternum
1420 652 1677 707 sacerdos
1725 667 1849 707 esse
1897 652 2034 706 dici-

383 801 390 808 .
469 758 578 805 tur.
607 747 777 802 Porro
808 745 912 800 hoc
941 745 1176 815 amplius
1200 753 1410 800 natura:
1443 745 1694 799 humanae
1727 759 2035 800 accommo-

466 840 582 896 dari
628 852 736 892 non
779 843 960 906 potest
1009 854 1021 890 :
1083 851 1260 904 neque
1303 835 1446 889 enim
1492 835 1730 889 hominis
1769 841 2032 889 aeternum

465 931 686 995 durare,
718 929 977 1000 quoniam
1011 927 1242 982 mortale
1269 936 1323 981 et
1368 925 1560 996 fragile
1595 926 1756 996 plane
1785 933 2031 981 nostrum

462 1032 546 1079 est
578 1038 770 1093 genus.
807 1020 1172 1075 Excellentior
1206 1034 1337 1089 ergo
1363 1019 1633 1088 quispiam
1667 1033 1831 1088 quam
1863 1026 1922 1071 ut
1957 1019 2034 1072 in-

464 1126 548 1169 tra
584 1112 820 1168 hominis
853 1121 1104 1165 naturam
1136 1111 1406 1166 consistat
1436 1110 1504 1173 is,
1531 1109 1622 1178 qui
1650 1110 1704 1162 in
1735 1109 1819 1164 his
1849 1109 2032 1163 verbis

462 1206 827 1278 significatur,
881 1204 974 1258 Dei
1026 1203 1286 1259 sacerdos
1333 1205 1457 1266 erit,
1499 1203 1752 1272 quicum
1803 1202 2032 1271 jurisju-

461 1300 619 1354 randi
649 1298 1030 1360 afﬁrmatione,
1072 1304 1338 1366 perpetuo
1366 1295 1690 1350 duraturum
1721 1304 1883 1365 atque
1909 1295 2033 1348 inli-

394 1365 408 1382 ’
461 1393 634 1445 nitum
655 1387 1013 1444 sacerdotium
1029 1400 1063 1439 ~a
1088 1385 1196 1439 Deo
1219 1385 1505 1454 acceperit.
1532 1404 1549 1435 ‹
1579 1385 1789 1438 Juravit
1820 1405 1835 1436 ι
1861 1384 2028 1448 enim,

462 1482 661 1553 inquit,
687 1499 704 1532 ι
735 1480 1018 1543 Dominus,
1051 1487 1106 1534 et
1141 1493 1247 1532 non
1280 1477 1563 1548 pmnitebit
1586 1493 1708 1532 eum
1729 1495 1744 1531 ι
1768 1486 1822 1532 ιιι
1855 1493 1914 1532 es
1944 1493 2032 1533 sa-

460 1576 658 1631 cerdos
689 1575 742 1628 in
794 1581 1056 1629 aeternum
1101 1571 1400 1626 secundum
1455 1570 1700 1626 ordinem
1748 1571 2031 1627 Melchise-

458 1668 611 1723 dec.:
649 1685 668 1721 ι
705 1666 964 1737 quoniam
999 1665 1142 1718 enim
1176 1661 1538 1719 Melchisedec
1565 1664 1744 1720 Moses
1774 1665 2030 1720 sacerdo-

457 1771 564 1815 tem
607 1757 702 1813 Dei
745 1758 995 1812 altissimi
1045 1756 1214 1814 l'uisse
1247 1756 1549 1814 conscribit
1574 1757 1641 1822 ",
1678 1757 1827 1811 nullo
1859 1756 2031 1811 artiti-

2137 563 2488 635 κληρονόμοις
2519 565 2580 618 τὸ
2603 566 2934 636 ἀμετάθετον
2967 565 3064 635 τῆς
3095 563 3284 634 βουλῆς
3304 563 3492 627 αὑτοῦ,
3523 565 3710 634 ἐμεσί-

2135 672 2324 707 τευσεν
2347 656 2514 726 ὅρκῳ,
2535 657 2622 709 ἴνα
2653 657 2740 710 διὰ
2759 656 2851 710 δύο
2883 656 3221 728 πραγμάτων
3249 654 3616 724 ἀμεταθέτων,
3644 657 3706 708 ὲν

2134 742 2214 812 οἷς
2249 747 2504 802 ἀδύνατον
2554 748 2855 816 ψεύσασθαι
2893 749 3055 810 Θεὸν,
3106 747 3326 818 ἰσχυρὰν
3362 746 3706 818 παράκλησιν

2134 843 2377 914 ἔχωμεν·
2423 863 2441 895 ›
2476 845 2569 896 καὶ
2608 844 2765 897 πάλιν
2790 862 2803 874 ο
2835 863 2852 895 ι
2877 845 2938 897 Οἱ
2989 843 3086 913 μὲν
3138 843 3305 912 χωρὶς
3361 840 3708 912 ὁρκωμοσίας

2134 936 2271 990 εἱσὶν
2309 938 2472 1008 ἱερεῖς
2513 936 2827 1005 γεγονότες,
2859 937 2888 988 ὁ
2933 935 2989 988 δὲ
3023 935 3114 988 καὶ
3151 934 3288 1004 μετὰ
3321 933 3666 1004 ὁρκωμοσίας
3687 974 3702 997 ,

2134 1028 2222 1082 διὰ
2283 1029 2376 1082 τοῦ
2418 1029 2668 1097 λέγοντος
2706 1029 2840 1099 πρὸς
2883 1027 3075 1081 αὐτόν·
3107 1029 3307 1096 Ὤμοσε
3356 1024 3579 1096 Κύριος,
3609 1025 3708 1078 καὶ

2133 1120 2192 1172 ού
2231 1118 2757 1190 μεταμεληθήσεται,
2799 1119 2870 1172 Σὺ
2912 1118 3087 1188 ἱερεὺς
3118 1119 3197 1180 εἰς
3228 1117 3318 1169 τὸν
3360 1116 3528 1168 αἰῶνα
3565 1114 3708 1168 κατά

2132 1211 2230 1284 τὴν
2253 1211 2404 1277 τάξιν
2437 1213 2790 1284 Μελχισεδέκ.
2821 1213 2931 1266 Καὶ
2969 1213 3018 1265 οἱ
3052 1211 3150 1282 μὲν
3182 1209 3422 1272 πλείονές
3466 1210 3573 1260 εἱσι
3607 1225 3708 1276 γε-

2133 1304 2347 1372 γονότες
2396 1308 2557 1376 ἱερεῖς
2594 1305 2681 1359 διὰ
2734 1306 2796 1358 τὸ
2845 1304 3056 1374 θανάτῳ
3103 1300 3403 1356 κωλύεσθαι
3449 1299 3710 1371 παραμέ-

2134 1413 2270 1449 νειψ
2299 1398 2326 1450 ὁ
2357 1396 2434 1458 δὲ,
2471 1397 2557 1450 διά
2588 1396 2650 1450 τὸ
2690 1397 2868 1467 μένειν
2903 1395 3064 1450 αὑτὸν
3106 1397 3184 1459 εἰς
3224 1393 3313 1446 τὸν
3346 1391 3538 1455 αἱῶνα,
3565 1393 3711 1444 ἀπα-

2135 1489 2364 1559 ράϐατον
2389 1488 2501 1559 ἔχει
2533 1490 2632 1560 τὴν
2671 1488 2966 1561 ἱερωσύνην
2985 1505 2998 1515 °
3031 1486 3152 1540 ὅθεν
3182 1487 3274 1540 καὶ
3304 1483 3494 1548 σώζειν
3539 1484 3618 1545 εἰς
3649 1483 3710 1536 τὺ

2133 1579 2390 1643 παντελὲς
2422 1580 2641 1634 δύναται
2668 1582 2794 1643 τοὺς
2842 1579 3308 1654 προσερχομένους
3339 1578 3403 1632 δι’
3433 1576 3599 1631 αὐτοῦ
3629 1577 3706 1647 τῷ

2131 1669 2268 1740 Θεῷ,
2300 1671 2528 1724 πάντοτε
2567 1669 2673 1736 ζῶν
2707 1674 2786 1735 εἰς
2823 1672 2882 1725 τὸ
2912 1672 3253 1741 ἐντυγχάνειν
3288 1671 3426 1743 ὑπὲρ
3453 1669 3656 1724 αὐτῶν.
3682 1689 3700 1721 ι

2130 1760 2228 1813 Διά
2259 1761 2460 1816 τούτων
2494 1764 2719 1835 συνέστη
2759 1765 2855 1835 μὲν
2883 1759 3019 1816 οὖσά
3063 1780 3145 1826 τις
3185 1765 3242 1817 ἐν
3285 1767 3393 1826 τοῖς
3419 1759 3560 1827 οὖσι,
3611 1761 3710 1816 καὶ

455 1852 610 1908 cioso
651 1860 929 1921 unguento
971 1851 1278 1911 inunetnm,
1324 1859 1377 1905 ct
1406 1850 1574 1904 multo
1611 1856 1737 1904 ante
1779 1850 1926 1920 leges
1960 1849 2024 1904 ab

2131 1853 2416 1922 ὑφεστῶσα
2445 1857 2502 1909 ὲν
2554 1859 2764 1927 νοητοῖς
2809 1856 2927 1909 θεία
2963 1856 3221 1927 δύναμις,
3258 1858 3290 1926 ἡ
3338 1855 3415 1927 τῷ
3443 1855 3563 1927 Θεῷ
3595 1856 3708 1910 τῶν

457 1945 578 2015 ipso
617 1945 853 2014 scriptas
876 1959 941 1998 eo
974 1957 1200 1997 munere
1233 1941 1505 2005 functum,
1543 1955 1608 1995 ac
1635 1942 1836 1996 virtute
1870 1942 2026 2011 longe

455 2039 893 2108 praestantiorem
952 2035 1047 2089 illo
1097 2043 1209 2089 tam
1263 2034 1554 2088 decantato
1600 2035 1876 2088 Abraham
1924 2035 2027 2101 (sic

454 2132 598 2184 enim
631 2130 724 2192 ait,
757 2148 775 2180 ι
811 2137 865 2184 et
891 2128 1250 2184 Melchisedec
1283 2143 1374 2182 rex
1409 2126 1610 2192 Salem,
1645 2129 1901 2183 sacerdos
1934 2127 2027 2184 Dei

455 2223 710 2276 altissimi
759 2209 1039 2277 benedixit
1069 2220 1342 2274 Abraham
1390 2219 1485 2275 ’σε
1542 2239 1560 2271 ι
1609 2220 1876 2291 planeque
1910 2220 2028 2275 sine

453 2315 604 2370 omni
637 2317 1034 2378 controversia,
1065 2315 1365 2386 Apostolus
1395 2313 1470 2367 ait
1503 2315 1567 2379 ⁸⁷,
1611 2313 1754 2384 quod
1797 2312 2026 2369 inferius

456 2408 528 2465 sit
557 2424 586 2462 a
616 2408 900 2479 superiore
931 2406 1203 2478 benedici)
1238 2426 1249 2460 :
1289 2407 1544 2477 quoniam
1577 2405 1744 2475 igitur
1773 2405 1862 2460 hic
1903 2406 2029 2460 Mel-

455 2500 728 2562 chisedcc.
761 2499 1074 2570 quicunque
1108 2499 1197 2553 ille
1233 2497 1416 2560 fuerit,
1444 2498 1514 2552 ita
1553 2498 1811 2551 inductus
1832 2505 1934 2558 est,
1967 2505 2026 2550 nt

455 2595 608 2648 nullo
649 2593 948 2647 artiﬁcioso
975 2598 1254 2662 unguento
1296 2597 1494 2644 unctus
1536 2589 1893 2659 intelligatur,
1927 2589 2021 2643 sed

454 2686 726 2740 altissimo
753 2684 864 2740 Deo
889 2691 1269 2744 consecratus,
1296 2684 1493 2737 merito
1521 2683 1685 2736 etiam
1717 2682 1764 2735 is
1811 2681 1877 2735 de
1917 2696 2025 2749 quo

450 2779 786 2836 vaticinatur
813 2775 1004 2838 David,
1043 2793 1061 2825 ι
1097 2773 1399 2830 secundum
1443 2772 1692 2827 ordinem
1739 2771 2025 2827 Melchise-

451 2871 572 2930 dec,
612 2887 630 2921 ι
668 2884 899 2940 magnus
929 2867 1150 2938 quidam
1178 2881 1322 2930 esse,
1351 2872 1405 2920 et
1433 2873 1630 2918 natura
1656 2865 1913 2918 omnibus
1938 2879 2025 2918 su-

452 2965 636 3036 perior
665 2963 886 3023 dicitur.
914 2968 1098 3032 utpote
1141 2960 1235 3029 qui
1274 2967 1327 3014 ct
1376 2958 1617 3029 supremi
1651 2957 1743 3012 Dei
1768 2957 2023 3014 sacerdos

451 3057 710 3111 increata:
746 3054 1036 3126 potestatis
1062 3067 1378 3114 consessor,
1429 3059 1485 3107 et
1531 3051 1706 3121 ipsius
1749 3051 2024 3122 prophetae

450 3164 516 3204 ac
552 3150 696 3219 regis
725 3146 989 3201 Dominus
1023 3152 1076 3200 et
1115 3145 1393 3207 sacerdos,
1420 3158 1528 3197 non
1558 3143 1900 3213 simpliciter,
1927 3144 2019 3200 sed

451 3245 512 3300 in
543 3202 808 3296 mtErnum
843 3240 913 3295 sit
936 3237 1136 3293 Patris.
1165 3231 1304 3290 Dicit
1337 3242 1518 3290 autem
1564 3234 1782 3291 divinus
1806 3251 2022 3307 quoque
2050 3202 2094 3262 Ε

452 3335 758 3406 apostolus,
809 3333 1100 3402 explorans
1134 3346 1196 3386 ea
1243 3346 1363 3400 qua:
1409 3331 1474 3384 ad
1520 3329 1621 3384 hos
1665 3330 1814 3386 locos
1857 3331 2022 3401 perti-

457 3433 608 3482 nent.
633 3445 651 3476 ι
675 3425 732 3478 In
763 3440 892 3494 quo,
917 3421 1116 3493 inquit,
1147 3422 1516 3477 abundantius
1550 3421 1739 3476 volens
1762 3421 1905 3477 Deus
1927 3437 2020 3477 0s-

449 3519 673 3574 tendere
698 3515 1008 3571 haeredibus
1049 3515 1482 3570 immobilitatem
1533 3515 1748 3569 consilii
1793 3515 1899 3579 sui,
1937 3514 2021 3568 in-

447 3612 716 3684 terposuit
742 3609 1147 3681 jusjurandum,
1185 3618 1245 3663 ut
1279 3625 1372 3678 per
1398 3608 1535 3663 duas
1568 3624 1654 3663 res
1690 3608 2016 3671 immobiles,

450 3706 651 3776 quibus
688 3703 1026 3776 impossibile
1057 3715 1139 3758 est
1173 3702 1394 3757 mentiri
1427 3701 1616 3765 Deum,
1659 3701 2018 3756 fortissimum

448 3797 701 3852 solatium
733 3795 1031 3848 habeamus
1055 3793 1100 3825 "
1119 3810 1133 3860 ;
1153 3801 1205 3848 et
1229 3808 1456 3849 rursus:
1484 3811 1502 3843 ι
1533 3793 1636 3845 Alii
1663 3792 1878 3862 quidem
1903 3793 2018 3848 sine

444 3886 802 3958 jurejurando
837 3885 1150 3940 sacerdotes
1202 3885 1326 3940 facti
1357 3893 1504 3947 sunt,
1546 3885 1634 3938 hic
1682 3892 1861 3939 autem
1892 3901 2014 3940 cum

441 3979 822 4048 jurejurando,
856 3993 952 4047 per
1001 3993 1124 4032 eum
1158 3978 1250 4048 qui
1282 3977 1418 4032 dixit
1460 3975 1524 4030 ad
1580 3975 1731 4030 illum
1765 3995 1776 4029 :
1805 3974 2017 4030 Juravit

446 4074 706 4128 Dominus
735 4079 790 4127 et
824 4086 934 4126 non
975 4071 1262 4141 pmnilebit
1295 4087 1440 4130 eum,
1474 4077 1531 4122 tu
1577 4086 1637 4124 es
1672 4070 1931 4125 sacerdos
1962 4071 2015 4125 in

442 4176 728 4228 aeternum,
759 4164 1060 4221 secundum
1090 4162 1337 4216 ordinem
1389 4160 1782 4226 Mclchisedec;
1836 4172 1890 4215 rt
1924 4162 2015 4215 alii

442 4257 662 4328 quidem
693 4257 877 4326 plures
913 4255 1040 4309 facti
1074 4261 1202 4308 sunt
1231 4252 1562 4317 sacerdotes,
1616 4251 1821 4306 idcirco
1865 4252 2013 4322 quod

441 4357 616 4402 morte
671 4347 1093 4415 prohiberentur
1151 4356 1469 4411 permanere
1516 4359 1527 4393 :
1577 4339 1664 4394 hic
1728 4351 1907 4393 autem
1950 4335 2022 4394 co'

441 4437 586 4506 quod
631 4445 847 4490 maneat
879 4437 933 4490 in
989 4443 1274 4497 aeternum,
1306 4433 1697 4501 sempiternum
1731 4431 1893 4487 habet
1925 4447 2014 4487 sa-

2127 1944 2260 1998 ὅλων
2312 1947 2602 2018 ἱερωμένη,
2635 1947 2775 2001 κατά
2805 1949 2872 2002 τὰ
2911 1948 3173 2020 Ἐϐραίων
3211 1948 3383 2018 λόγια,
3417 1950 3477 2002 ού
3512 1950 3707 2018 γεώδει

2128 2039 2220 2092 καὶ
2250 2039 2575 2111 ἀνθρωπίνῳ
2617 2040 2800 2112 μύρῳ,
2836 2040 3131 2111 θεοπρεπεῖ
3161 2041 3219 2094 δέ
3266 2058 3370 2094 τινι
3410 2033 3514 2094 καῖ
3536 2041 3708 2112 ἐνθέῳ

2128 2131 2296 2203 ἀρετῇ
2326 2149 2383 2184 τε
2429 2133 2523 2185 καὶ
2553 2132 2779 2204 δυνάμει
2816 2133 3063 2206 ἱερᾶσθαι
3092 2132 3466 2205 καθεσταμένη
3501 2133 3581 2204 τῷ
3611 2134 3708 2186 ἐπὶ

2128 2224 2341 2277 πάντων
2374 2224 2509 2295 Θεῷ.
2566 2226 2622 2278 ’0
2666 2224 2795 2294 γοῦν
2827 2225 2914 2278 διὰ
2960 2225 3055 2278 τοῦ
3103 2225 3316 2296 ψαλμοῦ
3366 2226 3708 2298 προφητευό-

2131 2333 2290 2385 μενος
2319 2317 2564 2389 παρέστη
2613 2317 2870 2390 ἄντικρυς
2908 2317 3084 2389 ἱερεύς
3108 2335 3192 2381 τις
3231 2317 3305 2370 ῶν
3337 2315 3560 2382 -αἱώνιος
3610 2318 3706 2370 καὶ

2128 2409 2240 2472 υἱὸς
2274 2409 2495 2479 ὑψίστου
2539 2409 2708 2474 Θεοῦ,
2744 2405 2819 2474 ὡς
2867 2411 2932 2463 ἂν
2977 2410 3067 2463 ὑπ’
3115 2409 3277 2463 αὐτοῦ
3326 2409 3419 2462 τοῦ
3475 2410 3704 2479 ὑψίστου

2121 2499 2259 2553 Θεοῦ
2295 2501 2677 2572 γεγενημένος,
2711 2503 2806 2556 καλ⁸
2841 2501 3126 2576 σύνθρονος
3159 2503 3257 2572 τῆς
3300 2500 3576 2572 βασιλείας
3603 2502 3708 2554 αύ-

2124 2589 2240 2641 τοῦ.
2266 2590 2542 2645 Δέδεικται
2571 2591 2627 2644 δὲ
2656 2593 2751 2644 καὶ
2783 2593 2811 2644 ό
2843 2592 2929 2645 διὰ
2962 2591 3055 2645 τοῦ
3088 2591 3308 2644 Ἡσαΐου
3341 2592 3574 2663 Χριστὸς
3605 2592 3709 2664 οὐχ

2127 2682 2216 2734 ὑπ’
2249 2681 2550 2752 ἀνθρώπιον
2592 2682 2851 2752 γεγονὼς,
2876 2683 2989 2737 ἀλλ’
3034 2685 3126 2737 ὑπ’
3156 2683 3318 2736 αὐτοῦ
3357 2683 3572 2756 Πατρὺς
3610 2684 3710 2739 καὶ

2125 2773 2214 2828 διὰ
2245 2773 2336 2826 τοῦ
2367 2774 2550 2827 ἐνθέου
2585 2775 2726 2828 Πνεύ
2737 2793 2904 2846 ματος
2926 2777 3304 2848 κεχρισμένος,
3336 2774 3618 2847 λυτρωτής
3644 2793 3708 2829 τε

2125 2866 2533 2936 ἀπεσταλμένος
2560 2867 2657 2935 τῆς
2683 2867 2792 2921 τῶν
2813 2867 3114 2940 ἀνθρώπιον
3143 2868 3533 2939 αἰχμαλωσίας.
3569 2868 3709 2922 Τοῦ-

2123 2977 2214 3013 τον
2262 2959 2324 3030 δὴ
2373 2955 2464 3013 οῦν
2505 2959 2775 3030 πνεύματι
2844 2958 2975 3030 θείῳ
3025 2961 3350 3031 τεθεαμένος
3398 2962 3427 3012 ὁ
3474 2963 3705 3032 Μωσῆς,

2125 3053 2337 3115 εἱκόνας
2381 3052 2474 3104 καὶ
2515 3050 2755 3122 σύμϐολα
2801 3051 2877 3115 ὡς
2919 3053 2976 3104 ὲν
3024 3051 3329 3124 ἀνθρώποις
3361 3052 3529 3105 αὐτοῦ
3564 3053 3707 3106 καθ-

2129 3145 2270 3216 ίστη,
2305 3144 2586 3215 σκευαστῷ
2615 3144 2770 3216 μύρῳ
2801 3143 2939 3206 τέως
2962 3144 3083 3197 ἀντὶ
3103 3141 3195 3197 τοῦ
3218 3143 3361 3197 θείου
3387 3143 3710 3214 Πνεύματος

2125 3238 2214 3290 τὸν
2243 3239 2299 3290 ὲν
2334 3236 2637 3308 ἀνθρώποις
2683 3236 3028 3308 προηγμένον
3085 3237 3233 3308 ἱερέα
3280 3236 3445 3308 χρίων
3493 3253 3552 3288 τε
3608 3238 3706 3289 καὶ

2123 3329 2379 3398 ἀλείφων,
2415 3329 2647 3401 Χριστόν
2672 3345 2730 3381 τε
2761 3329 2922 3382 αὑτὸν
2962 3329 3056 3382 καὶ
3089 3329 3416 3400 ὴλειμμένον
3447 3332 3527 3393 είς
3567 3331 3705 3384 ἁνα-

2124 3422 2294 3493 φοράν
2322 3421 2421 3475 τοῦ
2455 3421 2690 3493 ἀληθοῦς
2721 3423 3029 3476 ἀποκαλῶν.
3067 3424 3188 3477 Ὅτι
3229 3424 3284 3476 δὲ
3315 3423 3488 3477 ταῦτα
3526 3422 3708 3487 οὕτως

2122 3513 2266 3584 ἔχει,
2307 3514 2390 3577 τίς
2427 3514 2492 3568 ἂν
2519 3513 2730 3582 γένοιτο
2766 3514 2973 3586 μάρτυς
3001 3515 3165 3569 αὑτοῦ
3225 3516 3464 3578 Μωσέως
3497 3515 3707 3586 μᾶλλον

2121 3604 2448 3676 ἀξιόχρεωςς
2496 3606 2582 3658 Ἐν
2612 3605 2720 3677 γὰρ
2748 3609 2814 3677 τῇ
2867 3606 3032 3660 αὑτοῦ
3078 3611 3260 3678 γραφῇ
3292 3607 3382 3661 τὸν
3429 3608 3710 3679 χρηματί-

2122 3697 2280 3762 ζοντα
2309 3696 2456 3767 αὐτῷ
2488 3696 2620 3750 Θεὸν
2658 3699 2753 3752 καὶ
2783 3697 2987 3769 Κύριον
3026 3699 3321 3770 διαρρήδην
3351 3700 3706 3770 παρακελεύ-

2122 3787 2315 3840 σασθαι
2346 3787 2493 3858 αὐτῷ
2515 3787 2776 3853 διδάσκει,
2808 3787 2949 3842 κατὰ
2980 3789 3078 3860 τὴν
3109 3789 3514 3860 ύποδειχθεῖσαν
3544 3790 3707 3862 αὐτῷ

2120 3880 2316 3950 νοητὴν
2369 3881 2462 3934 καὶ
2517 3881 2766 3952 ούράνιον
2813 3881 2979 3935 αὐτοῦ
3033 3881 3186 3946 θέαν,
3234 3884 3707 3955 σωματικωτέρεαν

2120 3972 2215 4026 ἐπὶ
2253 3972 2357 4042 γῆς
2401 3972 2772 4044 συστήσασθαι
2815 3972 3088 4044 λατρείαν,
3125 3973 3308 4026 εἰκόνα
3348 3973 3454 4025 τῶν
3486 3975 3707 4046 νοητῶν

2120 4067 2214 4120 καὶ
2248 4066 2551 4137 ἀσωμάτων
2584 4065 2958 4137 περιέχουσαν.
2978 4065 3210 4132 Λέγεται
3236 4063 3365 4132 γοῦν
3393 4063 3500 4118 τῶν
3528 4065 3588 4117 ὲν
3617 4065 3706 4137 τῷ

2119 4153 2333 4224 οὐρανῷ
2363 4152 2608 4222 ἀγγέλων
2633 4154 2727 4205 καὶ
2759 4153 2916 4206 θείων
2935 4153 3214 4224 δυνάμεων
3234 4153 3492 4220 διάταξιν,
3519 4155 3704 4210 τύπον

2117 4246 2238 4298 τινὰ
2275 4244 2708 4316 σκιογραφῆσαι,
2765 4246 3032 4314 φήσαντος
3079 4243 3226 4315 αύτῷ
3269 4244 3363 4298 τοῦ
3403 4247 3699 4318 χρησμοῦο

2124 4359 2142 4390 ι
2167 4341 2418 4410 Ποιήσεις
2451 4338 2626 4392 πάντα
2661 4336 2800 4389 κατά
2833 4337 2922 4389 τὸν
2959 4335 3128 4390 τύπον
3159 4339 3250 4390 τὸν
3281 4338 3557 4408 δειχθέντα
3609 4359 3704 4394 σοι

2117 4435 2175 4485 ὲν
2207 4431 2283 4501 τῷ
2319 4431 2452 4502 ὄρει.
2487 4449 2505 4480 ι
2540 4430 2683 4499 Ἀρα
2713 4423 2806 4480 οῦν
2848 4428 2924 4491 ὡς
2953 4427 3022 4481 τὰ
3053 4427 3188 4482 ἀλλα
3211 4469 3226 4493 ,
3269 4430 3411 4482 οὓτω
3460 4433 3555 4484 καὶ
3598 4434 3704 4486 τὸν

441 4529 743 4586 cerdotium
779 4549 790 4582 :
825 4529 969 4583 unde
1013 4535 1066 4580 et
1118 4527 1331 4582 salvare
1366 4528 1420 4579 in
1455 4535 1777 4595 perpetuum
1831 4531 2012 4595 potest

2127 4521 2377 4595 ἀρχιερέα
2427 4521 2678 4592 παρῆγε,
2716 4519 2872 4591 μύρῳ
2903 4518 3091 4588 γεώδει
3137 4521 3305 4590 χρίων
3353 4521 3546 4585 αὑτὸν,
3599 4525 3700 4576 καί

439 4622 762 4676 accedentes
791 4637 888 4690 per
919 4621 1095 4690 ipsum
1143 4619 1210 4673 ad
1255 4618 1445 4679 Deum,
1477 4633 1690 4680 semper
1722 4618 1910 4672 vivens
1941 4616 2009 4672 ad

2127 4634 2232 4672 τινα
2265 4613 2474 4684 σκιώδη
2507 4613 2601 4666 καὶ
2632 4612 2916 4676 εἰκονικὸν,
2958 4611 3072 4665 ἀλλ’
3103 4612 3201 4665 οὐκ
3241 4612 3412 4682 ἁληθῆ
3455 4614 3700 4684 Χριστὸν

439 4711 890 4782 interpellandum
919 4726 1016 4781 pro
1039 4712 1196 4766 nobis
1227 4711 1308 4775 ";
1353 4729 1370 4761 ι
1411 4723 1542 4763 sane
1581 4724 1674 4777 per
1717 4708 1828 4762 hate
1859 4723 2012 4761 com-

2127 4704 2392 4778 Ξιρχιερέα,
2440 4703 2534 4756 τοῦ
2571 4703 2690 4756 κατ’
2726 4703 2953 4774 οὐρανὸν
2992 4700 3226 4773 Χριστοῦ
3261 4719 3317 4754 τε
3364 4702 3458 4754 καὶ
3499 4704 3688 4774 ἀρχιε-

436 4804 726 4860 mendatnr
753 4805 998 4874 quzedam
1025 4819 1146 4874 quae
1169 4810 1252 4857 est
1277 4803 1329 4855 in
1357 4802 1442 4863 iis,
1469 4818 1589 4871 qua:
1628 4808 1774 4863 sunt,
1807 4808 1861 4854 et
1891 4815 2012 4870 quae

2127 4799 2249 4868 péw;
2276 4797 2564 4866 ἀντίμιμον
2589 4794 3049 4865 ἀπεργαζόμενος.

435 4901 692 4956 consistit
740 4902 794 4955 in
842 4901 908 4955 iis
955 4915 1076 4970 qua:
1124 4899 1239 4954 sola
1287 4899 1641 4967 intelligentia
1683 4897 1996 4966 capiuntur,
2043 4895 2206 4964 178
2231 4894 2414 4949 divina
2468 4893 2669 4956 virtus,
2702 4906 2823 4960 quae
2867 4889 2977 4945 Deo
3005 4889 3267 4954 universi,
3319 4897 3377 4944 ut
3407 4890 3462 4943 in
3492 4903 3697 4945 oracu-

434 4995 503 5048 lis
530 4993 878 5048 Hebrazornm
929 4993 1183 5063 legimus,
1219 4998 1539 5045 consecrata
1565 4997 1688 5044 est:
1721 5003 1896 5056 nequc
1938 5001 2068 5040 vero
2101 4993 2319 5039 terreno
2353 4991 2516 5053 atque
2558 4983 2798 5036 humano
2850 4990 3145 5052 unguento,
3191 4981 3286 5038 sed
3333 4981 3558 5036 alterius
3593 4997 3696 5051 ger

434 5090 583 5145 noris
641 5087 786 5158 quod
839 5086 1008 5140 Deum
1047 5084 1258 5148 deceat,
1317 5083 1610 5150 divinaque
1663 5081 1865 5134 virtute
1920 5093 1984 5131 ac
2050 5084 2317 5147 potestate
2370 5074 2438 5128 ad
2491 5087 2690 5128 munus
2741 5073 3041 5129 sacerdotis
3086 5074 3418 5138 obeundum,
3467 5072 3699 5144 Deoque

428 5181 579 5237 Patri
601 5178 989 5250 praastandum,
1011 5177 1330 5231 conﬁrmata
1363 5174 1636 5228 consistit.
1669 5171 1802 5225 Eum
1848 5169 2016 5240 igitur
2055 5170 2122 5224 de
2155 5183 2266 5238 quo
2319 5167 2567 5222 Psalmus
2635 5165 2985 5226 vaticinatur,
3031 5172 3255 5234 apparet
3310 5177 3534 5234 prorsus
3595 5179 3698 5217 sa-

430 5277 708 5332 cerdotem
741 5274 1030 5344 quemdam
1060 5287 1182 5327 esse
1213 5269 1600 5339 sempiternum
1641 5267 2005 5336 altissimiquc
2041 5264 2135 5319 Dei
2195 5262 2414 5324 Filium.
2477 5270 2736 5332 tanquam
2793 5261 2861 5316 ab
2895 5261 3015 5330 ipso
3045 5261 3314 5316 altissimo
3367 5258 3478 5314 Deo
3531 5260 3693 5329 geni-

429 5376 566 5433 tum,
596 5376 649 5422 et
679 5368 824 5421 illius
875 5365 1026 5436 regni
1089 5376 1467 5416 consessorem
1502 5378 1516 5413 :
1551 5367 1634 5414 est
1678 5358 1840 5412 etiam
1899 5365 2202 5420 ostensum,
2259 5361 2318 5409 ut
2365 5355 2457 5424 qni
2500 5369 2596 5424 per
2648 5351 2839 5408 Isaiam
2888 5349 3228 5420 signiﬁcatur
3265 5350 3543 5414 Christus,
3571 5365 3692 5406 non

430 5461 502 5514 ab
553 5460 866 5513 hominibus
920 5460 1096 5512 factus
1152 5455 1245 5518 sit,
1297 5452 1392 5508 sed
1440 5452 1510 5507 ab
1555 5451 1674 5522 ipso
1707 5450 1868 5505 Patre
1926 5465 2023 5519 per
2093 5447 2355 5518 Spiritum
2418 5446 2659 5501 divinum
2696 5445 2767 5499 sit
2803 5452 3022 5508 unctus,
3073 5450 3126 5498 et
3173 5443 3240 5497 ad
3293 5443 3545 5498 homines
3589 5444 3690 5513 qui

431 5554 630 5625 Captivi
661 5562 970 5608 tenerentur
995 5549 1358 5616 redimendos,
1392 5549 1613 5604 missus.
1643 5547 1798 5602 Hunc
1840 5547 2004 5618 igitur
2037 5545 2223 5600 divino
2256 5543 2462 5614 Spiritu
2509 5544 2736 5596 intuitus
2768 5541 2968 5605 Moses,
3029 5540 3157 5595 dum
3205 5541 3474 5612 imagines
3497 5556 3563 5596 ac
3585 5555 3696 5598 n0-

502 5795 546 5826 ”
577 5791 711 5846 Gen.
781 5807 892 5857 xw,
932 5792 1049 5851 18.:
1125 5794 1169 5825 "
1217 5792 1348 5847 ibid.
1387 5793 1468 5848 i9.
1567 5788 1811 5843 “\"cbr.
1844 5803 1940 5853 vn,
1976 5785 2026 5839 7.
2137 5787 2180 5817 ⁸³³
2215 5785 2376 5840 Hebr.
2416 5799 2485 5849 γι,
2524 5783 2608 5850 l7,
2650 5783 2734 5864 l8.
2833 5783 2876 5813 ’θ
2908 5779 3074 5839 Ηυιηκ
3103 5796 3197 5847 vn,
3236 5780 3424 5838 90-25.
