3930 6202
223 297 330 355 501
1141 290 1795 350 ’ΒΕΜΟΝδΤ-ΒΑΤῙΟΝΙΞ
1824 290 1831 346 1

1936 289 2279 348 tNGELlCZE
2307 288 2438 346 LIB.
2463 287 2551 342 IV.
3363 287 3469 338 53?.

231 420 323 467 tas
389 410 588 482 ipsius,
621 408 766 464 utin
797 407 1128 469 hominibus.
1197 407 1518 465 constituit:
1553 413 1864 475 comparato
1924 410 2200 474 unguento
2245 402 2463 458 interim
2499 399 2667 455 divini
2727 398 2962 470 Spiritus
3011 398 3151 463 loco,
3205 416 3366 470 quem
3417 409 3474 456 in

228 502 552 558 hominibus
608 504 917 574 praetulerat
962 501 1298 558 sacerdotem
1351 501 1585 562 iuunxit,
1653 497 2038 568 Christumque
2107 512 2230 551 eum
2288 503 2343 551 et
2399 503 2640 558 unctum,
2693 492 2954 548 relatione
2987 494 3054 548 ad
3083 509 3206 549 eum
3243 496 3334 565 qui
3383 513 3473 550 ve-

217 612 331 652 vrus
379 606 486 662 est,
536 597 844 667 appellavit.
897 594 1052 662 Quod
1102 605 1281 651 autem
1347 595 1462 649 haec
1516 594 1591 648 ita
1647 608 1707 648 se
1767 592 2034 657 habeant,
2086 591 2231 662 quis,
2274 589 2360 644 cui
2417 588 2548 643 ﬁdes
2594 587 2880 652 habeatur,
2931 588 3086 644 testis
3144 588 3263 660 ipso
3325 590 3474 646 Mosa

227 693 491 766 dignior?
546 693 605 747 In
642 693 710 748 iis
748 692 892 750 enim
923 707 1044 764 qua:
1072 693 1142 748 ab
1192 692 1311 762 ipso
1341 691 1546 758 scripta
1613 695 1741 745 sunt
1805 688 2222 758 respondentem
2283 685 2387 740 sibi
2443 683 2611 738 Deum
2663 697 2728 739 ac
2773 682 3084 749 Dominum,
3137 685 3314 755 palam
3370 687 3475 742 sibi

231 785 541 857 imperasse
591 785 770 851 docet,
823 794 886 841 ut
936 785 1236 842 secundum
1288 784 1588 840 exhibitam
1659 781 1765 836 sibi
1828 779 2223 850 intelligibilem
2255 792 2320 833 ac
2373 776 2649 832 caelestem
2695 774 2840 830 illius
2896 776 3184 842 visionem,
3221 792 3479 847 corporea

233 855 452 949 specie.
485 877 856 933 adorationem
923 878 979 932 in
1023 884 1170 932 terra
1213 877 1592 936 constitueret.
1657 887 1779 943 quae
1821 886 2001 926 rerum
2035 870 2459 942 intelligibilium
2511 875 2676 938 atque
2719 867 3162 940 incorporearum
3191 871 3480 943 imaginem

232 974 715 1044 complecteretur.
786 971 974 1042 Itaque
1035 971 1339 1028 caelestium
1415 968 1731 1040 angelorum
1801 964 2222 1035 divinarumque
2271 969 2599 1033 potestatum
2651 960 2895 1026 ordines,
2949 961 3364 1020 adumbratione
3401 981 3483 1022 .ac

234 1066 413 1138 ﬁgura
472 1063 707 1134 quadam
766 1064 968 1119 dicitur
1020 1064 1405 1134 descripsisse,
1463 1077 1587 1117 cum
1646 1059 1755 1131 ipsi
1803 1057 1994 1128 utique
2053 1057 2334 1112 oraculum
2377 1056 2604 1111 dixisset
2641 1073 2654 1108 :
2698 1072 2716 1105 ‹
2757 1053 2946 1111 Facies
2973 1057 3155 1111 omnia
3200 1058 3268 1112 ad
3299 1073 3482 1114 exem-

234 1161 363 1230 plar
408 1157 554 1229 quod
602 1157 701 1212 tibi
747 1157 1180 1214 demonstratum
1240 1167 1323 1214 est
1371 1158 1430 1212 in
1465 1162 1648 1211 monte
1681 1154 1727 1185 ³ο
1763 1175 1777 1208 :
1821 1171 1839 1204 ι
1883 1151 2026 1222 Ergo
2079 1150 2536 1222 quemadmodum
2588 1148 2818 1218 reliqua,
2848 1149 2921 1202 ita
2956 1157 3008 1204 et
3051 1149 3363 1206 Pontiﬁcem
3399 1153 3479 1206 in-

233 1255 421 1318 duxit,
474 1270 634 1324 quem
685 1253 925 1308 terrestri
980 1263 1257 1325 unguento
1325 1257 1606 1324 angeret:
1654 1249 1841 1320 itaque
1911 1247 2254 1301 umbratilem
2302 1244 2591 1316 quemdam
2641 1259 2705 1298 ac
2753 1244 3094 1312 simulatum,
3140 1263 3252 1302 non
3303 1257 3486 1305 autem

232 1367 431 1407 verum
457 1350 732 1406 Christum
756 1359 810 1405 et
833 1351 1168 1422 pontiﬁcem,
1193 1353 1342 1408 illius
1362 1363 1545 1407 tamen
1569 1349 1810 1406 cmlestis
1843 1347 2049 1402 Christi
2083 1355 2137 1404 et
2161 1348 2434 1419 pontiﬁcis
2465 1349 2636 1404 instar
2668 1344 2959 1417 expressit.

326 1442 462 1494 Ἀλλ’
489 1444 566 1496 ὅτι
598 1443 695 1514 μὲν
726 1445 754 1497 6
779 1444 983 1516 κυρίως
1017 1446 1251 1518 Χριστὸς
1281 1448 1382 1500 οὑκ
1417 1445 1700 1518 ἄνθρωπος
1721 1441 1810 1515 ἦν,

1985 1442 2277 1507 Caeterum,
2304 1449 2364 1496 ut
2399 1442 2618 1512 proprie
2641 1440 2861 1512 quidem
2896 1439 3151 1495 Christus
3183 1454 3296 1494 non
3323 1439 3489 1496 homo

237 1535 360 1600 υἱὸς
392 1536 444 1588 δέ
474 1553 556 1600 τις
584 1536 738 1600 Θεοῦ,
764 1536 956 1602 δεξιοῖς
984 1539 1083 1610 τῆς
1105 1541 1375 1612 πατρικῆς
1402 1539 1652 1610 θεότητος
1679 1556 1818 1593 τετι-

244 1628 530 1698 μημένος,
573 1629 666 1681 καὶ
713 1628 846 1682 πολὺ
893 1629 1152 1701 κρείττων
1183 1633 1244 1685 οὐ
1289 1632 1446 1703 μόνον
1490 1633 1590 1703 τῆς
1621 1631 1818 1702 θνητῆς

237 1721 338 1773 καὶ
382 1719 728 1790 ἀνθρωπείας
761 1719 1010 1790 φύσεως,
1061 1721 1200 1776 ἀλλὰ
1249 1724 1346 1777 καὶ
1389 1723 1570 1795 πάσης
1613 1723 1710 1793 τῆς
1761 1724 1818 1776 ὲν

239 1815 488 1883 γενητοῖς
517 1814 709 1883 νοερᾶς
739 1812 948 1878 οὐσίας,
980 1813 1167 1883 σαφῶς
1198 1812 1346 1886 οἶμαι
1381 1815 1781 1886 ἁποδεδειχέναι
1801 1832 1814 1844 ·

241 1906 385 1976 πλὴν
417 1905 531 1958 ἀλλ’
575 1906 654 1958 ὅτι
689 1904 830 1959 κατὰ
865 1904 934 1958 τὰ
972 1905 1233 1977 πρότερον
1265 1908 1529 1979 εἰρημένα
1577 1911 1606 1961 6
1660 1907 1821 1970 αὐτὸς

240 1997 409 2049 Δαϐὶδ
457 1998 514 2050 ἐν
573 1997 653 2068 μδν
721 1997 922 2069 ψαλμῷ
990 2003 1282 2072 προγραφῇ
1360 2000 1702 2072 χρησάμενος
1752 2003 1818 2072 τῇ

241 2106 267 2139 4
299 2089 475 2161 ’Υπὲρ
513 2088 608 2142 τοῦ
641 2089 924 2162 ἀγαπητοῦ
959 2093 1052 2146 καὶ
1095 2092 1202 2146 τῶν
1235 2092 1766 2165 ἀλλοιωθησομένων,
1799 2114 1816 2144 ι

239 2179 382 2250 ὁμοῦ
419 2180 552 2234 Θεὸν
582 2183 676 2235 καὶ
724 2181 947 2252 βασιλέα
1003 2183 1098 2238 καὶ
1143 2185 1378 2256 Χριστὸν
1423 2185 1519 2240 ἕνα
1559 2186 1679 2239 τινὰ
1729 2187 1823 2240 καὶ

243 2273 336 2325 τὸν
384 2272 912 2345 αὖτὸνὰναγορεύει,
953 2275 1180 2347 γράφων
1245 2275 1450 2340 οῦτωςο
1498 2295 1517 2328 ι
1565 2275 1822 2349 Ἐξηρεύ-

245 2363 376 2427 ξατο
421 2367 456 2435 ἡ
509 2365 706 2439 καρδία
759 2383 858 2437 μου
907 2366 1064 2436 λόγον
1115 2369 1339 2437 ἀγαθὸν,
1379 2369 1520 2437 λέγω
1589 2369 1700 2438 ἐγὼ
1754 2371 1824 2424 τὰ

246 2456 386 2527 ἔργα
434 2474 536 2528 μου
591 2457 669 2528 τῷ
727 2458 953 2528 βασιλεῖ.
1000 2461 1063 2513 Ἠ
1125 2460 1345 2530 γλῶσσά
1416 2479 1516 2532 μου
1579 2461 1825 2533 κάλαμος

257 2551 619 2622 γραμματέως
665 2548 991 2623 ὀξυγράφου·
1017 2553 1215 2625 ὡραῖος
1267 2553 1452 2608 κάλλει
1505 2553 1656 2625 παρὰ
1699 2555 1826 2617 τοὺς

247 2644 399 2705 υἱοὺς
431 2641 537 2695 τῶν
563 2640 860 2714 ἀνθρώπων
880 2659 892 2672 ·
935 2663 953 2694 ι
989 2637 1070 2706 οἷς
1103 2643 1229 2714 ἑξῆς
1262 2643 1527 2711 ἐπιλέγειο
1559 2662 1577 2694 ι
1620 2643 1678 2696 Ὀ
1705 2641 1826 2714 θρό-

250 2753 340 2798 νος
389 2751 500 2801 σου,
538 2737 567 2789 6
602 2734 756 2798 Θεὸς,
791 2737 871 2800 είς
901 2737 993 2790 τὸν
1025 2736 1199 2790 αἰῶνα
1235 2736 1331 2790 τοῦ
1365 2736 1558 2799 αἰῶνος
1580 2753 1593 2766 ·
1632 2735 1824 2807 ῥάϐδος

251 2826 542 2898 εὐθύτητος
575 2830 608 2898 ἡ
661 2827 852 2898 ῥάϐδος
887 2829 988 2900 τῆς
1032 2827 1306 2899 βασιλείας
1352 2846 1444 2882 σου
1470 2845 1483 2859 ·
1529 2829 1822 2900 ἠγάπησας

239 2917 615 2988 δικαιοσύνην,
645 2919 738 2972 καὶ
764 2919 1032 2991 ἐμίσησας
1065 2920 1278 2974 ἀδικίαν
1299 2935 1311 2948 ·
1347 2920 1435 2974 διὰ
1465 2919 1623 2974 τοῦτο
1642 2920 1826 2992 ἕχρισέ

243 3026 312 3064 σε
347 3010 377 3061 6
407 3009 540 3073 Θεὸς
570 3013 598 3063 6
628 3009 759 3074 Θεός
793 3029 886 3066 σου
917 3011 1094 3066 ἔλαιον
1124 3011 1498 3082 ἀγαλλιάσεως
1527 3012 1679 3084 παρὰ
1701 3014 1826 3077 τοὺς

250 3101 520 3172 μετόχους
551 3119 662 3156 σου.
702 3122 721 3154 ι
758 3104 956 3158 Σκόπει
987 3105 1029 3158 δ’
1074 3102 1167 3159 οὖν
1205 3105 1645 3179 ἐπιμελέστερον,
1681 3108 1828 3170 ὅπως

245 3193 407 3247 κατὰ
441 3192 536 3264 τὴν
568 3194 654 3246 τοῦ
685 3195 901 3268 ψαλμοῦ
936 3198 1261 3269 προγραφὴν
1303 3198 1443 3268 ὑπὲρ
1481 3197 1576 3251 τοῦ
1608 3198 1827 3268 ἀγαπη-

248 3288 361 3344 τοῦ
395 3288 484 3342 τὸν
508 3289 656 3358 λόγον
687 3287 825 3344 εἶναι
858 3293 1294 3365 προοιμιάζεται,
1331 3294 1467 3365 μετὰ
1499 3293 1594 3348 τοῦ
1626 3295 1719 3349 καὶ⁵
1750 3294 1829 3356 είς

247 3381 482 3435 σύνεσιν
506 3382 611 3435 τῶν
635 3383 1048 3456 λεχθησομένων
1079 3386 1170 3439 τὸν
1202 3386 1476 3458 ἀκροατὴν
1517 3391 1826 3461 παρορμᾷν·

247 3475 680 3545 ἐπισημαίνεται
719 3477 776 3530 δὲ
823 3477 918 3530 καὶ
949 3478 1010 3531 τὸ
1048 3478 1218 3532 αἴτιον
1249 3479 1350 3549 τῆς
1392 3481 1704 3552 οἰκονομίας
1735 3483 1830 3536 τοῦ

249 3568 440 3635 λόγου,
475 3567 715 3636 φάσκων·
763 3587 781 3619 ε
831 3570 922 3632 Εἰς
946 3569 1006 3623 τὸ
1037 3570 1188 3634 τέλος
1227 3572 1368 3643 ὑπὲρ
1399 3573 1507 3626 τῶν
1540 3573 1834 3645 ἀλλοιωθῆ-

253 3660 504 3730 σομένων
531 3661 610 3722 εἰς
639 3659 851 3713 σύνεσιν
878 3661 1020 3733 ὑπὲρ
1047 3661 1141 3715 τοῦ
1185 3663 1494 3736 ἀγαπητοῦ.
1531 3683 1548 3716 ι
1580 3665 1743 3729 Τίνας
1775 3665 1833 3717 δὲ

253 3752 310 3807 E.‘
326 3752 455 3814 λους
479 3752 654 3816 εἴποις
688 3748 828 3807 εἶναι
855 3756 981 3820 τοὺς
1019 3754 1554 3828 ἁλλοιωθησομένους
1587 3759 1726 3830 ὑπὲρ
1759 3752 1832 3812 ὧν

253 3845 286 3897 6
327 3845 545 3916 ψαλμὸς
587 3845 821 3917 εἴρηται,
856 3847 1045 3919 ἢτοὺς
1083 3848 1377 3920 μέλλοντας
1413 3851 1834 3921 μεταϐαλεῖσθαι

257 3939 325 3989 ἐκ
355 3937 622 4009 προτέρου
661 3937 776 4008 βίον
798 3940 890 3994 καὶ
911 3941 1135 4013 τρόπον,
1162 3943 1624 4016 μετατεθήσεσθαί
1654 3961 1711 3996 τε
1742 3945 1836 3997 καὶ

258 4027 724 4099 ἁλλοιωθήσεσθαι
766 4029 855 4084 διὰ
894 4031 986 4086 τοῦ
1039 4035 1550 4106 προφητευομένου;
1581 4031 1748 4100 Οὗτος
1779 4037 1836 4089 δὲ

1920 1533 2104 1598 fuerit,
2132 1550 2319 1591 verum
2356 1534 2450 1590 Dei
2482 1535 2674 1598 Filius,
2725 1535 2818 1604 qui
2864 1533 3055 1590 dextra
3083 1540 3325 1604 paterna;
3357 1533 3492 1588 divi-

1919 1625 2113 1681 nitatis
2135 1626 2208 1681 sit
2242 1626 2648 1694 decoratus,'et
2673 1627 2846 1681 multo
2866 1625 3243 1696 praestantior,
3276 1640 3386 1680 non
3406 1641 3494 1684 εο-

1921 1720 2031 1774 lum
2064 1720 2280 1774 mortali
2327 1720 2674 1792 humanaque
2720 1728 2937 1786 natura,
2987 1719 3082 1774 sed
3123 1719 3289 1774 etiam
3335 1718 3486 1773 omni

1921 1813 2248 1883 intelligibili
2301 1813 2357 1867 in
2411 1813 2576 1869 rebus
2611 1814 2808 1870 creatis
2855 1813 3096 1868 essentia
3135 1811 3490 1882 intelligatur.

1920 1905 2080 1974 plane
2109 1919 2195 1960 me
2225 1905 2465 1961 arbitror
2498 1906 2928 1970 demonstrasse,
2971 1912 3167 1976 prmter
3215 1919 3386 1958 unum
3414 1905 3492 1957 il-

1923 1995 2038 2060 lud,
2061 1995 2208 2065 quod
2241 1995 2308 2050 ad
2335 2011 2399 2051 ea
2421 2012 2542 2066 quae
2567 1996 2800 2052 antehac
2827 1996 2971 2050 dicta
3005 1995 3496 2062 sun.t,.addendum

1921 2104 2046 2144 esse
2093 2089 2353 2154 arbitror,
2411 2091 2481 2146 ab
2533 2090 2723 2145 eodem
2775 2090 2963 2160 utique
3018 2089 3187 2144 David
3245 2090 3302 2144 in
3362 2105 3500 2159 qua-

1923 2181 2234 2252 dragesimo
2283 2189 2480 2252 quarto
2529 2184 2739 2251 psalmo
2788 2182 3143 2252 inscriptione
3184 2181 3494 2252 praeposita,

1925 2271 2015 2326 illa
2033 2289 2153 2343 quae
2167 2281 2272 2337 est,
2306 2292 2324 2324 ‹
2357 2288 2455 2343 pro
2477 2274 2675 2328 dilecto
2691 2282 2745 2329 et
2769 2273 2836 2328 iis
2859 2274 2951 2344 qui
2976 2274 3434 2339 immutabuntur,
3460 2294 3488 2327 ,ι

1923 2363 2093 2418 Deum
2122 2365 2284 2420 simul
2309 2371 2362 2420 et
2389 2380 2567 2435 regem
2589 2375 2641 2420 ct
2659 2364 2934 2421 Christum
2965 2382 3132 2421 unum
3157 2375 3207 2421 el
3247 2366 3496 2423 eumdem

1925 2456 2212 2526 quemdam
2231 2457 2509 2528 appellari,
2528 2456 2614 2512 his
2643 2457 2863 2526 quidem
2882 2459 3058 2514 verbis
3086 2477 3099 2513 :
3128 2459 3290 2530 179
3311 2477 3328 2510 ‹
3363 2457 3501 2515 Eru-

1925 2548 2092 2602 ctavit
2107 2564 2203 2604 cor
2219 2564 2396 2604 meum
2416 2549 2639 2604 verbum
2666 2549 2891 2617 bonum,
2909 2551 3033 2606 dico
3055 2566 3154 2621 ego
3188 2565 3352 2621 opera
3383 2565 3502 2606 mea

1928 2640 2039 2712 regi
2077 2660 2091 2696 :
2125 2641 2306 2712 lingua
2327 2656 2448 2696 mea
2471 2642 2714 2698 calamus
2759 2643 2952 2699 scribae
2982 2644 3240 2698 velociter
3267 2641 3505 2698 scriben-

1927 2734 1998 2790 tis
2031 2755 2043 2788 :
2081 2735 2362 2804 speciosus
2389 2733 2560 2790 forma
2591 2753 2702 2808 pra:
2738 2736 2862 2793 ﬁliis
2896 2737 3173 2792 hominum
3213 2737 3278 2790 ³⁸.
3320 2755 3338 2788 ι
3373 2735 3506 2802 Qui-

1854 2795 1897 2850 B
1930 2829 2033 2884 bus
2059 2829 2314 2902 deinceps
2346 2795 2612 2900 adiungit:
2648 2849 2667 2881 ε
2698 2829 2863 2885 Scies
2891 2837 3005 2890 tua,
3032 2827 3205 2892 Deus,
3238 2829 3294 2882 in
3329 2843 3508 2882 samn-

1932 2921 2043 2976 lum
2088 2923 2272 2977 sarculi
2305 2943 2317 2978 :
2351 2923 2502 2994 virga
2541 2921 2862 2978 directionis
2905 2923 3053 2993 virga
3089 2921 3245 2992 regni
3277 2921 3355 2976 tui
3383 2940 3395 2976 :
3422 2920 3506 2975 di-

1933 3015 2112 3072 lexisti
2141 3015 2432 3086 justitiam,
2486 3022 2541 3071 et
2585 3015 2746 3071 odisti
2784 3015 3120 3086 iniquitatem
3171 3035 3183 3069 :
3221 3023 3507 3086 propterea

1943 3110 2100 3164 unxit
2162 3119 2212 3164 te
2245 3109 2390 3166 Deus
2440 3109 2583 3166 Deus
2616 3117 2744 3165 tuus
2779 3110 2898 3165 oleo
2943 3109 3344 3174 exsultationis,
3389 3125 3509 3181 prie

1937 3207 2293 3276 participibus
2353 3208 2462 3262 tuis
2504 3208 2570 3260 δ’.
2623 3227 2640 3259 ι
2682 3206 2982 3262 Considera
3031 3220 3161 3275 ergo
3195 3205 3510 3276 diligentius

1935 3298 2394 3369 quemadmodum
2454 3299 2750 3354 secundum
2806 3299 3000 3370 psalmi
3061 3297 3507 3368 inscriptionem,

1938 3396 2052 3440 tum
2086 3402 2186 3458 pro
2212 3387 2411 3442 dilecto
2442 3403 2501 3443 se
2526 3389 2688 3443 verba
2725 3388 2903 3443 facere
2934 3388 3090 3442 initio
3115 3388 3298 3442 statim
3325 3395 3514 3444 osten-

1936 3480 2052 3544 dat,
2089 3488 2204 3534 tum
2237 3481 2402 3536 etiam
2443 3482 2592 3536 utad
2623 3481 3032 3552 intelligentiam
3058 3496 3247 3536 eorum
3273 3496 3393 3552 quae
3428 3481 3514 3534 diu

1939 3573 2111 3628 cenda
2139 3572 2268 3634 sint,
2292 3572 2596 3628 auditorem
2637 3583 3005 3638 commoveat,
3061 3573 3331 3644 signiﬁcat
3377 3589 3516 3644 pra:-

1941 3673 2086 3718 terea
2125 3679 2371 3734 quaenam
2406 3665 2476 3720 sit
2527 3664 2690 3733 hujus
2735 3664 2998 3718 orationis
3044 3665 3118 3718 ita
3163 3665 3514 3736 disponendae

1941 3773 2128 3824 causa,
2161 3774 2286 3812 cum
2317 3759 2391 3810 ait
2428 3777 2440 3811 :
2485 3777 2502 3807 ι
2542 3757 2596 3810 in
2631 3757 2788 3811 ﬁnem
2841 3771 2940 3825 pro
2991 3757 3058 3811 iis
3113 3757 3203 3825 qui
3259 3757 3517 3810 immuta-

1941 3853 2166 3918 buntur,
2192 3851 2260 3905 ad
2311 3849 2742 3921 intelligentiam,
2771 3864 2868 3920 pro
2903 3848 3104 3902 dilecto
3148 3847 3231 3901 ³³ι
3279 3868 3297 3900 ι
3350 3864 3516 3918 porro

1943 3958 2208 4015 quosnam
2239 3943 2374 3998 alios
2399 3941 2605 3998 dixeris
2654 3940 3041 4006 immutandos,
3073 3956 3172 4010 pro
3201 3941 3398 4011 quibus
3425 3942 3514 3996 hic

1943 4038 2186 4108 psalmus
2211 4035 2284 4091 sit
2304 4034 2739 4098 dictus,nisieos
2762 4033 2852 4104 qui
2879 4033 3128 4087 mutandi
3152 4032 3261 4087 sint
3282 4049 3311 4086 a
3334 4033 3516 4100 priore

256 4115 328 4172 ἦν
368 4124 408 4187 ὁ,
440 4121 723 4194 ἀγαπητὸς
763 4121 854 4176 τοῦ
887 4123 1044 4188 Θεοῦ,
1090 4125 1231 4196 ὑπὲρ
1271 4121 1331 4181 οὗ
1363 4127 1455 4178 ἐπὶ
1489 4127 1586 4197 τῆς
1621 4145 1831 4200 προφη-

1947 4131 2057 4185 vita
2074 4145 2137 4185 ac
2164 4129 2408 4185 moribus
2430 4127 2925 4197 transferendique,
2946 4133 2998 4181 et
3011 4141 3074 4182 ex
3090 4127 3212 4180 aliis
3236 4127 3326 4180 alii
3346 4126 3517 4181 futuri

259 4213 414 4276 τείας
447 4214 711 4280 συνέσεως
741 4215 849 4270 δεῖν
869 4219 898 4270 6
924 4217 1283 4290 ψώμὸςὴμῖν
1311 4221 1748 4291 προοιμιάζεται.
1774 4225 1837 4276 Εἰ

258 4307 308 4358 δ’
339 4303 438 4360 οὗν
480 4309 854 4379 ὲπαπορήσας,
890 4310 973 4374 τίς
1012 4312 1120 4382 ἄρα
1156 4307 1225 4384 ἦν
1265 4315 1294 4366 6
1335 4315 1618 4384 ἀγαπητὸς
1665 4313 1837 4380 οὗτος,

261 4401 395 4470 περὶ
447 4393 508 4451 οὗ
556 4401 613 4453 ἐν
652 4400 728 4471 τῷ
758 4402 957 4474 ψαλμῷ
989 4404 1409 4475 προεφητεύετο,
1442 4406 1594 4477 παρὰ
1620 4407 1782 4468 πόδας
1813 4410 1841 4460 6

261 4491 424 4560 λόγος
441 4494 776 4564 παραστήσει
793 4495 1088 4566 ἀρχόμενος
1110 4496 1270 4559 εὐθὺς
1291 4498 1387 4550 καὶ
1407 4497 1601 4566 λέγων’
1637 4519 1653 4550 ‹
1697 4499 1844 4569 Ἐξη-

266 4583 500 4656 ρεύξατο
525 4587 558 4655 ἡ
587 4586 783 4656 καρδία
841 4605 943 4657 μου
977 4587 1132 4656 λόγον
1169 4589 1395 4657 ἀγαθόν.
1435 4612 1452 4642 ι
1489 4591 1647 4644 Εἴποι
1691 4592 1749 4645 δὲ
1777 4593 1841 4647 ἄν

263 4691 347 4736 τις
376 4673 541 4726 αὑτὸν
571 4676 777 4729 ἐκεῖνον
811 4677 1188 4748 σημαίνεσθαι,
1228 4680 1320 4733 τὸν
1341 4684 1398 4734 ὲν
1417 4681 1556 4754 ἀρχῇ
1584 4683 1718 4753 πρὸς
1753 4685 1842 4738 τὸν

263 4765 400 4818 Θεὸν
425 4767 615 4834 Λόγον,
638 4768 695 4820 ὃν
731 4767 993 4839 θεολογῶν
1015 4773 1043 4824 ὁ
1063 4771 1232 4842 μέγας
1248 4773 1635 4846 εὐαγγελιστὴς
1671 4776 1846 4830 Ἰωάν-

261 4874 362 4928 νης
395 4859 632 4930 παρίστη
660 4860 852 4930 λέγων·
891 4881 909 4912 ι
957 4864 1044 4918 Ἐν
1077 4865 1218 4936 ἀρχῇ
1237 4862 1304 4936 ἦν
1326 4867 1354 4918 ὁ
1370 4868 1672 4935 Λόγος,.κα“ι
1691 4871 1718 4922 6
1739 4871 1843 4923 A6-

263 4968 360 5018 70;
385 4947 456 5021 ἦν
486 4953 620 5023 πρὸς
648 4954 740 5007 τὸν
766 4955 920 5021 Θεὸν,
952 4959 1045 5011 καὶ
1077 4957 1208 5022 Θεὸς
1237 4955 1305 5031 ῆν
1331 4962 1358 5013 6
1389 4961 1580 5029 Λόγος.
1627 4983 1645 5012 ι
1679 4963 1753 5014 Τὸ
1776 4963 1842 5027 δ’,

271 5067 290 5097 σ
339 5049 706 5121 Ἑξηρεύξατο
735 5055 766 5123 ἡ
801 5054 998 5122 καρδία
1047 5072 1146 5126 μου
1171 5055 1328 5124 λόγον
1361 5057 1584 5124 ἀγαθὸν,
1631 5076 1648 5108 ι
1687 5057 1846 5129 εἴπερ

265 5146 332 5197 ἐκ
363 5141 656 5214 προσώπου
686 5145 778 5198 τοῦ
803 5147 1012 5218 Πατρὸς
1034 5149 1127 5200 καὶ
1144 5147 1280 5202 Θεοῦ
1312 5148 1420 5201 τῶν
1448 5149 1583 5202 ὅλων
1612 5149 1844 5219 λέγοιτο,

263 5235 359 5289 τὸν
405 5238 665 5308 μονογενῆ
709 5237 800 5291 τοῦ
851 5238 986 5292 Θεοῦ
1017 5239 1186 5309 Λόγον
1218 5241 1505 5309 ὑποφαίνοι
1547 5241 1632 5305 ἂν,
1676 5242 1752 5306 ὡς
1781 5241 1848 5296 ἂν

267 5327 402 5382 Υῖὸν
441 5331 504 5382 ἐκ
543 5331 634 5384 τοῦ
681 5332 891 5402 Πατρὸς
937 5332 1250 5401 ὑφεστῶτα·
1299 5333 1411 5387 ἀλλ’
1446 5335 1506 5387 οὑ
1538 5334 1680 5388 κατὰ
1713 5353 1848 5406 προ-

269 5420 510 5492 ϐολὴν,ῆ
544 5425 681 5477 κατὰ
710 5425 992 5496 διαίρεσιν,
1013 5425 1050 5496 ἢ
1078 5425 1270 5498 τομὴν,
1301 5426 1333 5496 ἣ
1370 5427 1614 5498 μείωσιν,
1643 5427 1675 5497 ἢ
1709 5429 1850 5481 κατά

1946 4241 2040 4296 per
2064 4237 2188 4279 eum
2219 4221 2287 4278 de
2313 4238 2422 4292 quo
2453 4221 2592 4276 idem
2625 4220 2874 4276 Psalmus
2895 4219 3266 4274 vaticinatur?
3300 4218 3398 4282 llic
3420 4234 3513 4276 au-

1932 4324 2050 4371 tem
2073 4323 2158 4371 est
2193 4315 2425 4370 dilectus
2449 4313 2564 4377 Dei,
2592 4329 2691 4384 pro
2726 4329 2836 4384 quo
2866 4313 2921 4368 in
2969 4312 3086 4382 ipsa
3116 4311 3403 4382 prophetia
3432 4311 3516 4366 in-

1944 4408 2239 4480 telligentia
2267 4424 2390 4463 esse
2416 4423 2555 4477 opus
2578 4407 2822 4477 psalmus
2853 4405 2969 4476 ipse
3000 4406 3154 4460 initio
3186 4405 3346 4461 nobis
3376 4422 3518 4476 prae.

1945 4503 2154 4558 scribit.
2183 4500 2336 4568 Quod
2361 4500 2406 4556 si
2435 4499 2652 4557 dubites
2672 4501 2795 4568 quis
2821 4500 2906 4554 hic
2929 4497 3144 4554 tandem
3181 4499 3251 4552 sit
3282 4497 3519 4553 dilectus

1944 4595 2012 4650 de
2037 4609 2144 4664 quo
2189 4595 2243 4648 in
2280 4593 2384 4648 hoc
2413 4593 2624 4662 psalmo
2664 4591 2772 4645 tale
2801 4591 3068 4646 habeatur
3107 4589 3454 4648 vaticlnium.
3488 4605 3520 4644 e

1943 4663 2173 4755 vestigio
2198 4683 2294 4737 tibi
2318 4682 2436 4752 ipsa
2467 4681 2640 4736 oratio
2669 4681 2990 4745 declarabit,
3014 4695 3135 4751 qua:
3155 4679 3311 4733 initio
3333 4679 3520 4733 statim

1947 4778 2022 4832 ita
2052 4778 2127 4832 ait
2152 4797 2164 4831 :
2205 4797 2223 4827 ε
2253 4775 2532 4830 Eructavit
2555 4789 2649 4828 cor
2675 4789 2852 4828 meum
2879 4773 3104 4828 verbum
3126 4773 3352 4826 bonum.
3377 4791 3395 4822 )
3428 4769 3520 4823 Di-

1947 4872 2091 4927 xerit
2113 4879 2292 4925 autem
2315 4871 2585 4940 quispiam
2605 4869 2784 4940 ipsum
2809 4867 2942 4922 illud
2960 4867 3256 4938 signiﬁcari
3283 4869 3336 4920 in
3368 4867 3520 4937 prin-

1949 4965 2092 5034 cipio
2125 4963 2267 5034 apud
2303 4962 2472 5017 Deum
2503 4961 2761 5025 Verbum,
2795 4963 2862 5016 de
2900 4976 3009 5030 quo
3049 4959 3348 5029 theologice
3385 4961 3522 5014 seri—

1948 5058 2084 5113 bens
2127 5071 2356 5126 magnus
2401 5055 2732 5122 evangelista
2769 5052 3044 5116 Joannes,
3095 5053 3175 5107 sic
3233 5051 3516 5121 loquitur:

1955 5168 1972 5199 ε
2004 5147 2062 5204 1η
2093 5147 2362 5219 principio
2395 5153 2513 5201 erat
2545 5145 2814 5207 Verbum.
2861 5153 2917 5200 et
2953 5143 3188 5198 Verbum
3221 5150 3341 5198 erat
3379 5143 3522 5211 apud

1950 5242 2152 5307 Deum,
2210 5249 2265 5297 et
2322 5240 2466 5296 Deus
2509 5249 2626 5296 erat
2659 5239 2898 5296 Verbum
2950 5238 3026 5304 “;
3077 5257 3095 5289 ι
3153 5237 3286 5292 illud
3341 5252 3518 5291 vero:

1955 5355 1974 5386 ι
2019 5334 2298 5388 Eructavit
2349 5349 2446 5388 cor
2489 5350 2668 5388 meum
2701 5334 2926 5388 verbum
2970 5332 3196 5392 bonum,
3242 5349 3261 5381 ι
3305 5330 3352 5386 si
3401 5330 3524 5400 qui-

1951 5428 2072 5483 dem
2103 5445 2166 5484 ex
2199 5442 2434 5498 persona
2473 5426 2652 5482 Patris
2676 5436 2730 5481 et
2763 5425 2855 5479 Dei
2887 5425 3126 5480 universi
3153 5423 3526 5488 dicatur,uni«

259 5529 319 5565 τι
345 5513 458 5566 τῶν
483 5516 540 5566 ὲν
566 5515 808 5586 σώμασιν
841 5519 1274 5590 ὑπονοουμένων·
1313 5521 1482 5592 ἀσεϐῆ
1511 5521 1618 5592 γὰρ
1649 5519 1831 5574 ταῦτα.

1954 5537 2077 5575 eum
2110 5524 2348 5592 genitum
2375 5519 2469 5575 Dei
2509 5519 2744 5574 Verbum
2787 5519 3171 5589 signiﬁcaverit
3195 5559 3211 5582 ,
3265 5525 3526 5587 tanquam

265 5607 365 5659 καὶ
398 5607 629 5678 πάμπαν
655 5610 1012 5682 ἀπῳκισμένα
1034 5612 1133 5683 τῆς
1153 5613 1389 5685 ἀρρήτου
1416 5614 1843 5687 γενεσιουργίας.

383 5783 426 5814 ⁸⁵
464 5782 635 5843 Exod.
669 5801 791 5852 xxv,
822 5787 910 5842 40.
958 5788 998 5820 ³¹
1033 5787 1176 5844 Psal.
1224 5806 1366 5856 κων,
1401 5789 1457 5857 ‘2,
1491 5791 1542 5844 5.

1623 5792 1663 5822 ³³
1695 5791 1830 5845 lbid.
1873 5791 1901 5842 7

1954 5613 2149 5668 Filium
2198 5615 2290 5684 qui
2344 5614 2411 5667 de
2467 5611 2627 5666 Patre
2683 5611 2986 5676 exstiterit,
3044 5627 3150 5667 non
3193 5609 3530 5682 projectionc

1909 5833 1922 5859 ,
1954 5789 2007 5845 3.
2073 5792 2130 5875 ,³³
2158 5788 2296 5846 lbid.
2329 5787 2379 5842 1.
2462 5789 2507 5823 ³³
2543 5787 2700 5846 Joan.
2734 5809 2774 5860 I,
2811 5793 2863 5847 l.
