3930 6202
497 339 606 397 303

1166 337 1434 394 EUSEBII
1472 336 1954 394 CIESARIENSIS
1986 337 2136 395 OPP.
2183 338 2383 393 PARS.
2427 339 2491 394 ll.
2515 371 2583 379 —
2611 338 3125 398 APOLOGETICA.'

3631 343 3738 399 504

502 462 718 529 aliqua,
767 467 858 511 aut
888 457 1184 519 divisione,
1230 464 1324 511 aut
1386 457 1646 523 sectione,
1706 465 1799 510 aut
1830 456 2033 511 diminu

2135 510 2137 518 ,
2172 460 2327 514 Κατά
2361 459 2415 512 δὲ
2453 458 2520 511 τά
2553 458 2787 530 πρόσθεν
2819 460 2947 530 ἡμῖν
2986 458 3284 530 νενοημένα
3325 465 3415 514 καὶ
3455 461 3584 516 τάδε
3626 466 3736 536 χρὴ

502 557 668 616 tione,
699 561 793 608 aut
831 553 933 605 alia
968 551 1222 622 quapiam
1260 549 1530 620 ejusmodi
1579 549 1823 612 ratione,
1873 550 2064 618 cujus-

497 649 640 703 modi
679 647 730 702 in
765 644 1087 715 corporibus
1121 658 1418 714 agnoscere
1456 643 1857 698 consuevimus.
1891 641 2064 712 lmpia

493 743 636 796 enim
668 740 756 794 illa
787 748 840 794 et
868 738 1088 793 omnino
1119 737 1309 807 procul
1352 735 1585 790 abducta
1611 775 1625 800 ,
1685 736 1947 806 longeque
1977 741 2080 793 se—‘

494 845 637 890 mota
670 833 739 888 ab
785 832 874 886 illa
907 831 1257 903 generatione
1289 827 1565 883 inell‘abili.
1622 826 1888 882 Caeterum
1909 868 1924 892 ,
1976 844 2062 884 se-

489 925 727 981 cundum
787 940 851 978 ea
894 937 1013 993 qua:
1052 922 1206 991 prius
1256 935 1287 974 a
1342 920 1502 975 nobis
1531 919 1837 990 excogitata
1887 929 2057 985 sunt,

491 1023 652 1076 etiam
685 1019 798 1074 haec
839 1024 1053 1088 oportet
1081 1029 1378 1077 assumere,
1410 1012 1556 1084 quod
1603 1011 2057 1079 quemadmodum

489 1113 730 1185 quidem,
758 1111 850 1166 ubi
879 1111 946 1166 de
971 1119 1124 1165 utero
1154 1107 1245 1163 Dei
1275 1115 1329 1163 et
1363 1114 1486 1160 ante
1508 1105 1814 1160 Luciferum
1842 1106 2057 1176 genitus

487 1207 712 1266 dicitur,
749 1203 974 1274 figurate
1012 1217 1113 1256 nos
1143 1201 1268 1254 talia
1302 1199 1600 1270 intelligere
1629 1207 1861 1268 oportet,
1887 1207 1940 1253 et
1965 1215 2056 1254 se-

486 1299 724 1355 cundum
752 1295 1241 1352 Considerationcm
1281 1293 1426 1346 illam
1460 1291 1723 1346 duntaxat
1747 1306 1867 1360 qua:
1893 1290 1959 1346 de
1988 1291 2055 1346 iis

486 1391 651 1446 rebus
687 1389 936 1451 habetur,
968 1402 1088 1456 qua:
1115 1385 1230 1440 sola
1259 1382 1614 1453 intelligentia
1646 1383 1957 1452 capiuntur,
1983 1382 2053 1436 ita

485 1483 648 1536 etiam
709 1478 840 1533 illud
909 1477 1154 1544 accipere
1214 1475 1513 1529 debemus:
1565 1491 1585 1525 ι
1635 1472 1915 1528 Eructavit
1958 1488 2056 1528 cor

485 1590 663 1628 meum
705 1572 928 1628 verbum
968 1571 1214 1625 bonum:
1255 1588 1274 1622 ι
1334 1569 1494 1639 180
1539 1568 1685 1639 quod
1720 1568 1938 1638 quidem
1971 1568 2056 1623 di-

481 1668 643 1722 vinus
659 1665 896 1737 Spiritus
927 1665 1227 1720 secundum
1259 1663 1431 1718 solam
1462 1662 1870 1732 intelligentiam
1899 1676 2055 1716 enar-

480 1768 586 1814 rat.
611 1759 819 1825 Quibus
852 1773 983 1813 sane
1025 1772 1126 1812 nos
1173 1754 1396 1811 verbum
1444 1753 1577 1808 illud
1599 1793 1615 1820 ,
1677 1768 1777 1824 pro
1806 1754 2050 1810 clausula

2170 550 2628 621 μεταλαμϐάνειν,
2682 549 2871 622 ὥσπερ
2906 568 2969 619 γε
3011 551 3121 604 ἀπὸ
3170 552 3406 624 γαστρὸς
3433 554 3526 607 τοῦ
3573 555 3735 620 Θεοῦ,

2165 643 2257 694 καὶ
2299 643 2403 714 πρὸ
2448 642 2756 714 Ἑωσφόρου
2788 643 3004 713 ἐλέγετο
3035 643 3390 715 γεγεννῆσθαι
3411 685 3426 708 ,
3459 647 3740 717 τροπικῶς

2164 737 2468 790 ἀκουόντων
2501 737 2657 808 ἡμῶν
2684 737 2752 791 τὰ
2775 736 3018 800 τοιαῦτα,
3059 739 3153 791 καὶ
3181 737 3320 790 κατὰ
3352 739 3516 808 μόνην
3543 740 3640 809 τὴν
3672 742 3733 794 ἐν

2162 831 2372 899 νοητοῖς
2417 827 2653 901 θεωρίαν
2684 828 2746 881 τὸ
2779 828 3160 900 παραπλήσιον
3205 829 3559 900 ἀποδέχεσθαι
3600 833 3731 903 χρή.

2161 922 2268 974 Καὶ
2296 924 2352 974 ὲν
2381 920 2478 992 τῷ,
2513 940 2532 972 ι
2579 919 2934 992 Ἐξηρεύξατο
2975 923 3008 991 ἡ
3053 922 3250 993 καρδία
3281 939 3384 993 μου
3408 921 3562 991 λόγον
3595 924 3736 991 ἀγα-

2161 1012 2272 1077 θὸν,
2299 1032 2318 1065 ι
2353 1012 2494 1066 κατά
2527 1014 2693 1084 μόνην
2722 1013 2960 1068 διάνοιαν
2991 1013 3084 1067 τοῦ
3118 1013 3263 1068 θείου
3295 1015 3612 1086 Πνεῦματος
3636 1016 3734 1071 καὶ

2157 1104 2330 1158 ταῦτα
2356 1101 2662 1170 δίεξιόντος,
2695 1104 2779 1174 ἐφ’
2825 1098 2908 1167 οἷς
2935 1104 3026 1157 καὶ
3054 1104 3149 1157 νῦν
3186 1106 3316 1176 ἡμῖν
3350 1105 3528 1174 λέγειν
3560 1122 3732 1177 προσ-

2158 1197 2280 1268 ήκει
2307 1197 2370 1249 τὸ
2409 1195 2634 1268 σύνηθες
2664 1197 2748 1266 ἐφ’
2779 1196 3009 1250 ἑκάστου
3037 1195 3147 1250 τῶν
3187 1197 3317 1268 περὶ
3349 1197 3514 1251 αὑτοῦ
3546 1197 3730 1251 θεολο-

2155 1289 2458 1360 γουμένων,
2504 1291 2598 1343 καὶ
2633 1288 2852 1352 εὐσεϐὲς
2891 1291 3065 1342 ἑκεῖνο
3100 1289 3283 1360 ῥῆμα·
3332 1309 3351 1341 ι
3396 1289 3506 1362 Τὴν
3535 1291 3727 1358 γενεὰν

2155 1380 2320 1434 αὐτοῦ
2356 1380 2438 1445 τίς
2473 1381 2826 1451 διηγήσεται;
2861 1399 2881 1434 ι
2927 1381 3032 1435 κᾶν
3073 1381 3294 1452 θνηταῖς
3321 1383 3416 1436 καὶ
3447 1381 3728 1451 ἀνθρωπί-

2155 1487 2274 1535 ναις
2321 1472 2526 1540 φωναῖς
2562 1472 2802 1542 συνήθως
2849 1473 2979 1542 ἡμῖν
3023 1473 3080 1524 αἱ
3114 1471 3253 1524 θεῖαι
3286 1471 3499 1543 Γραφαὶ
3539 1472 3636 1524 καὶ
3666 1470 3730 1524 τὸ

2151 1561 2438 1632 γεννᾶσθαι
2473 1561 2785 1630 ἑπιλέγωσι,
2830 1562 2923 1616 καὶ
2971 1564 3033 1614 τὸ
3061 1561 3296 1632 γαστρὸς
3328 1561 3497 1631 ὄνομα
3547 1578 3730 1631 παρα-

2150 1653 2488 1725 λαμϐάνωσι.
2533 1654 2717 1709 Ταῦτα
2745 1655 2854 1728 γὰρ
2904 1655 3070 1726 μόνης
3097 1654 3279 1724 ἔχεται
3313 1654 3411 1725 τῆς
3441 1653 3582 1707 κατά
3611 1654 3728 1708 διὰ-

2152 1765 2300 1801 νοιαν
2336 1747 2589 1820 θεωρίας,
2613 1747 2720 1800 οὐδ’
2747 1748 2918 1811 ἄλλως
2950 1749 2984 1818 ἢ
3014 1749 3198 1819 νόμοις
3227 1747 3550 1818 ἀλληγορίας
3587 1747 3725 1800 ὐπο-

479 1853 679 1912 addere
732 1865 1020 1922 possumus
1051 1849 1186 1905 satis
1232 1845 1535 1912 commode,
1565 1844 1712 1916 quod
1745 1854 1798 1901 et
1823 1861 2028 1904 consue

2157 1840 2495 1911 ϐεϐλημένα·
2530 1839 2813 1912 ὡσττεροῦν
2843 1842 2935 1894 καὶ
2959 1841 3045 1893 τόο
3082 1859 3100 1892 ι
3143 1838 3500 1912 Ἐξηρεύξατο
3521 1841 3556 1907 ἡ
3587 1857 3726 1911 καρ-

476 1947 655 2001 vimus
682 1945 735 1999 in
766 1943 1020 1999 omnibus
1059 1942 1240 1996 dicere
1264 1955 1384 2010 qua:
1407 1938 1475 1994 de
1516 1939 1609 1994 illo
1640 1938 1943 2010 theologice
1969 1940 2046 1996 fe-

476 2049 692 2104 runtur,
725 2049 779 2094 et
815 2037 963 2094 omni
1005 2037 1202 2108 pietate
1239 2034 1500 2090 refertum
1525 2042 1627 2090 est.
1671 2053 1690 2086 ι
1727 2027 2037 2091 Generatio-

474 2148 598 2187 nem
637 2132 756 2201 ejus
788 2132 912 2202 quis
941 2129 1218 2184 enarrabit
1256 2129 1341 2182 "‘l
1374 2149 1392 2182 ι
1428 2127 1689 2195 Quamvis
1719 2130 2044 2185 mortalibus

474 2224 836 2294 humanisque
863 2221 1087 2276 vocibus
1121 2222 1505 2276 consueverint
1545 2221 1702 2276 nobis
1736 2221 1927 2276 littera:
1960 2221 2036 2276 di-
2089 2247 2098 2254 -

470 2319 610 2372 vina:
636 2317 797 2372 etiam
841 2315 986 2370 illius
1009 2322 1187 2369 ortum
1231 2328 1524 2384 exponere,
1549 2320 1604 2366 et
1633 2313 1769 2366 uteri
1806 2313 2044 2368 vocabu-

471 2411 583 2465 lum
617 2410 673 2465 in
711 2425 776 2466 eo
807 2419 1076 2479 usurpare
1102 2425 1115 2461 :
1161 2406 1274 2460 hac
1300 2406 1444 2461 enim
1475 2406 1591 2460 sola
1621 2407 2039 2477 contemplatio-

469 2519 538 2560 ne
563 2502 864 2558 secundum
891 2500 1298 2570 intelligentiam
1342 2498 1672 2568 capiuntur,
1727 2512 1828 2552 nec
1883 2498 2042 2554 aliter

467 2594 685 2666 quidem
715 2607 876 2662 quam
903 2591 950 2646 si
981 2589 1189 2659 legibus
1223 2588 1513 2658 allegoriae,
1549 2601 1669 2658 quae
1711 2587 2039 2656 permutatio

465 2689 688 2750 dicitur,
713 2685 956 2755 subjecta
988 2682 1226 2748 fuerint;
1257 2697 1363 2752 qua
1395 2680 1614 2752 quidem
1641 2681 1854 2736 ratione
1874 2681 2037 2735 etiam

465 2781 597 2838 illud
627 2799 640 2834 :
687 2797 706 2830 ι
737 2776 1017 2831 Eructavit
1055 2789 1150 2828 cor
1181 2789 1360 2828 meum
1390 2772 1616 2828 verbum
1649 2772 1876 2835 bonum,
1920 2791 1938 2824 ι
1971 2770 2040 2826 de

466 2873 625 2945 primi
655 2869 818 2926 Verbi
839 2866 1228 2944 constitutione
1256 2866 1510 2935 illiusque
1538 2864 1928 2934 propagatione
1955 2862 2038 2917 di-

463 2973 611 3019 ctum
639 2978 794 3029 esse,
834 2959 1104 3032 quispiam
1135 2957 1504 3021 aﬂirmaverit,
1533 2955 1755 3026 quando
1794 2970 1902 3009 non
1935 2954 2035 3008 ali-

460 3062 546 3110 ter
574 3071 688 3118 cor,
721 3050 1017 3108 secundum
1069 3048 1199 3102 illud
1257 3064 1353 3103 cor
1401 3049 1665 3102 duntaxat
1714 3046 1862 3117 quod
1891 3047 2036 3116 apud

2146 1931 2233 1985 δία
2258 1949 2357 2003 μου
2382 1930 2539 2000 λόγον
2577 1931 2802 2000 ἀγαθὸν,
2845 1950 2863 1983 ι
2895 1932 3020 2002 περὶ
3054 1931 3153 2002 τῆς
3178 1931 3270 1984 τοῦ
3303 1930 3517 2003 πρώτου
3543 1932 3720 2000 Λόγου

2148 2023 2455 2087 συστάσεως
2486 2041 2543 2077 τε
2575 2024 2670 2077 καὶ
2701 2023 3006 2087 οὺσιώσεως
3034 2023 3102 2078 ἂν
3132 2025 3262 2094 φαίη
3287 2041 3371 2087 τις
3401 2024 3716 2095 εἰρημένονο

2149 2113 2271 2167 ἐπεὶ
2299 2113 2420 2184 μηδ’
2457 2111 2630 2176 ἄλλως
2662 2113 2886 2186 καρδίαν
2912 2113 3007 2166 καὶ
3031 2112 3128 2184 τὴν
3161 2115 3291 2184 παρ’
3326 2115 3459 2184 ἡμῖν
3492 2115 3724 2184 νοουμέ-

2145 2223 2261 2275 νην,
2287 2206 2380 2259 καὶ
2402 2205 2495 2258 ἐπὶ
2522 2204 2616 2258 τοῦ
2646 2205 2752 2262 τῶν
2771 2205 2908 2260 ὃλων
2927 2205 3062 2258 Θεοῦ
3088 2205 3304 2276 θεμιτὸν
3331 2205 3718 2276 ἐκλαμϐάνειν.

2159 2297 2314 2352 Ἀλλά
2343 2299 2450 2369 γὰρ
2486 2299 2514 2350 6
2555 2298 2653 2368 μέν
2689 2315 2773 2362 τις
2799 2299 2986 2354 τοῦτον
3012 2295 3151 2352 εἶναι
3187 2299 3276 2352 τὸν
3307 2300 3365 2352 ὲν
3402 2300 3545 2371 ἀρχῇ
3579 2300 3718 2371 πρὸς

2143 2391 2232 2444 τὸν
2251 2391 2383 2444 Θεὸν
2407 2391 2576 2459 Λόγον
2602 2391 2770 2461 φήσαι
2803 2391 2869 2445 ἂν
2894 2391 2985 2444 τὸν
3010 2391 3209 2465 ψαλμῷ
3233 2390 3581 2463 δηλούμενον,
3611 2394 3718 2447 A6-

2143 2500 2236 2551 γον
2282 2483 2505 2546 εἰκότως
2543 2482 2926 2554 ὠνομασμένον
2971 2484 3194 2553 ἀγαθὸν,
3219 2483 3296 2546 ὡς
3336 2485 3404 2538 ἂν
3428 2484 3521 2537 τοῦ
3579 2503 3716 2538 παν-

2141 2571 2347 2641 αγάθου
2368 2573 2578 2644 Πατρὸς
2603 2573 2732 2628 ὄντα
2755 2575 2998 2645 γέννημα
3015 2592 3028 2604 ·
3056 2577 3216 2646 ἡμεῖς
3231 2573 3308 2640 δὲ,
3339 2575 3520 2646 μικρῷ
3549 2577 3608 2628 ἑν
3631 2575 3716 2646 τῷ

2139 2660 2340 2732 ψαλμῷ
2382 2665 2753 2735 προελθόντες,
2784 2666 2875 2719 τὸν
2909 2670 3406 2738 προφητευόμενον,
3441 2667 3607 2721 αὑτὸν
3646 2667 3714 2739 δὴ

2139 2753 2324 2808 τοῦτον
2352 2756 2442 2808 τὸν
2474 2758 2755 2829 ἀγαπητὸν
2785 2757 2880 2812 τοῦ
2912 2757 3068 2821 Θεοῦ,
3101 2756 3388 2830 κεκρίσθαι
3417 2757 3580 2812 πάλιν
3609 2760 3712 2831 οὐχ

2139 2839 2240 2900 ὧδε
2278 2847 2465 2918 ὥσπερ
2499 2850 2604 2902 ὑπὸ
2644 2851 2904 2918 Μωσέως,
2939 2849 3048 2904 οὐδ’
3079 2849 3154 2914 ὡς
3194 2849 3298 2903 ὑπό
3328 2867 3473 2915 τινος
3510 2852 3622 2904 τῶν
3652 2854 3711 2905 ὲν

2138 2939 2463 3012 ἀνθρώποις,
2514 2942 2627 2996 ἀλλ’
2676 2944 2767 2996 ὑπ’
2817 2941 2980 2997 αὐτοῦ
3025 2941 3118 2996 τοῦ
3155 2943 3428 2998 ἀνωτάτου
3477 2945 3575 2998 καὶ
3617 2945 3712 2998 ἐπὶ

2138 3033 2352 3086 πάντων
2381 3033 2516 3087 Θεοῦ
2555 3051 2614 3088 τε
2643 3035 2736 3088 καὶ
2763 3034 2974 3106 Πατρὸς
3001 3034 3166 3088 αὑτοῦ
3191 3037 3515 3108 εὑρήσομεν.
3543 3036 3707 3104 Λέγει

463 3167 566 3207 nos
605 3148 942 3218 intelligitur,
975 3146 1027 3198 in
1054 3142 1162 3198 Deo
1193 3141 1352 3196 Patre
1383 3140 1631 3210 accipere
1675 3139 1756 3195 fas
1790 3147 1874 3194 est
1908 3158 1920 3192 :
1965 3137 2027 3192 Et

2137 3126 2181 3178 δ’
2205 3122 2298 3180 οὖν
2327 3125 2454 3198 ἑξῆς
2492 3125 2722 3198 προῖὼν·
2759 3145 2779 3179 ι
2815 3127 2914 3181 Διά
2945 3126 3103 3180 τοῦτο
3145 3126 3328 3199 ἐχρισέ
3363 3145 3423 3181 σε
3464 3129 3492 3180 6
3520 3128 3652 3190 Θεὸς
3677 3129 3708 3180 6

459 3245 542 3301 sic
575 3201 806 3313 quidem,
844 3237 981 3292 alius
1027 3235 1335 3306 quispiam:
1377 3251 1395 3285 ι
1439 3231 1674 3288 Verbum
1723 3230 1868 3302 quod
1913 3242 2030 3287 erat

2135 3219 2263 3283 Θεός
2313 3236 2404 3272 σου
2457 3219 2634 3274 ἔλαιον
2677 3219 3046 3290 ἀγαλλιάσεως
3082 3219 3234 3292 παρὰ
3273 3221 3400 3282 τοὺς
3443 3220 3704 3290 μετόχους

460 3337 516 3392 in
540 3334 805 3407 principio
838 3331 980 3403 apud
1004 3330 1192 3392 Deum,
1219 3347 1238 3380 ι
1284 3327 1336 3382 id
1375 3325 1573 3381 dixerit
1603 3324 1912 3379 habendum
1962 3322 2030 3378 de

458 3443 567 3499 quo
605 3427 846 3497 psalmus
877 3423 1138 3493 loquitur,
1169 3419 1314 3490 quod
1342 3418 1505 3473 etiam
1535 3417 1681 3472 bono
1711 3415 1906 3471 merito
1945 3414 2030 3468 di-

457 3530 606 3576 ctum
637 3521 727 3583 sit,
761 3528 1019 3588 tanquam
1053 3517 1120 3570 de
1151 3511 1312 3566 Patre
1343 3511 1550 3582 Optimo
1595 3511 1836 3582 genitum
1871 3529 1883 3564 :
1927 3524 2027 3564 nos

457 3622 638 3668 autem
676 3613 730 3665 in
764 3611 973 3681 psalmo
1021 3608 1067 3662 si
1117 3606 1332 3674 longius
1381 3604 1541 3674 paulo
1592 3603 2024 3674 progrediemur,

455 3706 601 3760 hunc
629 3705 696 3760 de
723 3719 832 3774 quo
866 3703 971 3757 tale
999 3700 1318 3756 vaticinium
1353 3697 1547 3760 fei‘tur,
1586 3696 1752 3758 hunc,
1778 3696 2021 3764 inquam,

453 3798 632 3868 ipsum
665 3796 920 3851 dilectum
962 3792 1090 3856 Dei,
1149 3798 1373 3846 unctmn
1420 3788 1587 3842 fuisse
1627 3802 1822 3842 rursus
1850 3826 1865 3850 ,
1914 3801 2022 3840 non

452 3892 614 3949 sicuti
647 3905 677 3944 a
711 3888 859 3943 Mose
889 3896 981 3941 aut
1005 3886 1071 3940 ab
1096 3886 1206 3939 alio
1230 3882 1487 3955 quopiam
1537 3880 1757 3936 homine
1780 3919 1795 3943 ,
1832 3879 1924 3934 sed
1954 3879 2022 3934 ab

451 3988 570 4057 ipso
595 3983 834 4054 ingenito
863 3991 912 4036 et
944 3978 1124 4034 omnia
1152 3977 1292 4030 inl’ra
1321 3975 1560 4045 seipsum
1602 3971 1835 4026 habente
1877 3969 2016 4035 Deo,

449 4086 611 4144 atque
642 4073 760 4142 ejus
809 4070 980 4140 ipsius
1025 4066 1222 4131 Patre,
1277 4063 1634 4119 inveniemus.
1691 4059 2018 4132 Progressus

449 4171 614 4240 igitur
643 4165 898 4232 deinceps
933 4164 1012 4218 sic
1043 4161 1118 4214 ait
1147 4176 1159 4210 :
1191 4177 1210 4209 ι
1265 4157 1554 4226 Pmpterea
1589 4154 1746 4208 unxit
1793 4162 1846 4209 te
1876 4152 2018 4210 Deus

448 4258 592 4313 Deus
657 4263 785 4310 tuus
857 4255 976 4308 oleo
1052 4249 1432 4306 exsultationis
1497 4264 1606 4318 pne
1661 4248 2018 4319 participibus

446 4353 555 4404 tuis
581 4349 627 4380 ⁸⁸
657 4366 670 4402 :
721 4366 740 4399 ι
771 4361 894 4400 eum
942 4345 1109 4415 igitur
1140 4343 1230 4414 qui
1267 4341 1430 4411 hujus
1463 4357 1681 4411 Quoque
1711 4341 1904 4410 psalmi
1939 4352 2018 4396 te-

447 4435 703 4494 stimonio
732 4443 928 4489 unctus
951 4449 1072 4488 esse
1100 4433 1333 4496 dicitur,
1376 4447 1613 4502 quonam
1641 4432 1748 4486 alio
1795 4433 2016 4487 nomine

2136 3328 2250 3366 σου.
2268 3331 2285 3364 ι
2305 3313 2415 3365 Καὶ
2434 3312 2497 3384 δὴ
2509 3308 2608 3368 οὖν
2621 3311 2896 3367 κάνταῦθα
2913 3313 3002 3365 ὑπ’
3028 3311 3192 3366 αὐτοῦ
3213 3313 3304 3365 ἑπὶ
3323 3311 3542 3365 πάντων
3563 3311 3698 3365 Θεοῦ

2130 3406 2409 3477 κεκρίσθαι
2457 3406 2971 3479 μεμαρτυρημένον,
3003 3406 3119 3470 πῶς
3151 3406 3216 3461 ἂν
3246 3406 3422 3470 ἄλλως
3466 3425 3552 3471 τις
3587 3409 3705 3462 dva-

2132 3504 2354 3573 μάσειεν
2379 3503 2412 3575 ἢ
2459 3503 2728 3574 Χριστόν;
2773 3504 3008 3574 Ἔχομεν
3044 3501 3330 3575 τοιγαροῦν
3360 3503 3460 3574 ήδη
3491 3504 3586 3556 καὶ
3615 3503 3703 3557 διὰ

2127 3596 2333 3650 τούτων
2361 3595 2452 3648 δύο
2482 3596 2575 3649 τοῦ
2609 3594 3000 3667 θεσπιξομένου
3037 3595 3428 3668 προσηγορίας,
3459 3596 3699 3668 Χριστοῦ

2126 3689 2221 3741 καὶ
2257 3687 2562 3759 ἀγαπητοῦ,
2593 3689 2711 3751 ἑνὸς
2747 3690 2840 3742 καὶ
2873 3689 2966 3742 τοῦ
3003 3689 3169 3743 αὑτοῦ
3211 3687 3572 3760 κεκλημένου,
3602 3687 3698 3742 τοῦ

2124 3780 2222 3851 τῆς
2262 3781 2496 3851 χρίσεως
2525 3779 2718 3834 αἰτίου.
2748 3779 2839 3834 Διὸ
2865 3781 3081 3850 λέγεται
3120 3779 3406 3851 κεχρίσθαι
3438 3783 3466 3834 6
3504 3780 3700 3851 δηλού-

2127 3889 2284 3942 μενος
2308 3872 2386 3944 τῷ
2410 3873 2508 3942 τῆς
2532 3873 2903 3943 ἀγαλλιάσεως
2936 3875 3120 3946 ἑλαίῳ,
3147 3874 3246 3946 τὴν
3276 3875 3454 3928 αἰτίαν
3482 3873 3698 3928 ἐκδιδά-

2125 3984 2265 4032 σκει,
2312 3968 2434 4039 ἥτις
2471 3969 2831 4041 ἀναδραμόντι
2872 3987 2954 4024 σοι
2999 3970 3214 4042 μικρὸν,
3259 3971 3458 4042 μᾶλλον
3504 3971 3560 4025 δὲ
3599 3969 3698 4041 τὴν

2123 4061 2302 4113 πᾶσαν
2359 4059 2597 4114 διάνοιαν
2645 4060 2744 4131 τῆς
2804 4060 3003 4129 λέξεως
3046 4063 3501 4135 ἑπιθεωρήσαντι,
3553 4065 3694 4135 δήλη

2121 4153 2292 4208 ἔσται.
2321 4155 2456 4224 Φησὶ
2476 4154 2654 4208 τοίνυν
2677 4156 2706 4207 6
2741 4154 2954 4226 ψαλμὸς
2982 4156 3131 4227 αὐτῷ
3155 4156 3220 4228 δὴ
3246 4156 3324 4229 τῷ
3349 4173 3696 4228 προφητευοα

2122 4242 2267 4313 μένῳ
2289 4243 2509 4315 Χριστῷ
2551 4245 2643 4297 καὶ
2671 4245 2939 4317 ἀγαπητῴ
2962 4245 3055 4300 τοῦ
3074 4246 3232 4310 Θεοῦ,
3252 4248 3589 4320 προσφωνῶν
3620 4249 3694 4304 τὰ

2121 4334 2300 4406 μικρῷ
2329 4335 2562 4407 πρόσθεν
2583 4336 2951 4408 ἑκτεθειμένα,
2975 4340 3032 4392 ἑν
3059 4333 3139 4402 οἷς
3156 4338 3358 4412 εἴρητο·
3388 4358 3407 4391 ι
3431 4339 3695 4410 Ὁθρόνος

2119 4447 2234 4491 σου,
2259 4432 2286 4482 6
2313 4428 2463 4492 Θεὸς,
2488 4431 2566 4492 είς
2579 4429 2671 4482 τὸν
2698 4429 2866 4483 αἰῶνα
2887 4430 2982 4483 τοῦ
3002 4431 3214 4495 αἰῶνοςο
3244 4432 3436 4504 ῥάϐδος
3455 4432 3692 4502 εὐθύτη-

443 4527 568 4598 quis
598 4524 945 4596 appellaverit
971 4539 1134 4594 quam
1184 4522 1494 4577 Christum?
1523 4521 1798 4578 Habemus
1849 4523 2014 4593 igitur

2135 4538 2206 4584 τος
2226 4524 2258 4592 ἡ
2277 4521 2469 4593 ράὁδος
2481 4522 2578 4593 τῆς
2591 4521 2866 4592 βασιλείας
2881 4540 2995 4576 σου·
3015 4524 3306 4595 ἠγάπησας
3319 4524 3689 4596 δικαιοσύνην,

439 4621 552 4691 jam
590 4635 733 4672 nunc
766 4618 819 4670 in
843 4617 927 4673 his
973 4617 1174 4679 verbis,
1211 4615 1349 4671 duas
1379 4616 1579 4686 hujus,
1621 4617 1712 4686 qui
1749 4616 1842 4670 tali
1875 4617 2013 4671 vati-

440 4713 587 4768 cinio
616 4710 958 4782 prmdicatur,
991 4707 1488 4774 denominationes,
1526 4708 1731 4763 Christi
1772 4717 1826 4763 et
1877 4708 2012 4764 dile-

441 4806 535 4871 cti,
561 4820 685 4859 cum
721 4803 835 4873 ipse
865 4802 1142 4858 unctionis
1181 4811 1371 4856 auctor
1401 4818 1544 4856 unus
1573 4810 1628 4856 et
1658 4802 1798 4856 idem
1822 4801 1893 4856 sit
1921 4801 2008 4855 di-

437 4908 560 4953 ctus
587 4915 600 4950 :
631 4896 889 4964 quocirca
919 4901 1116 4948 unctus
1134 4909 1254 4948 esse
1280 4894 1481 4948 dicitur
1503 4893 1572 4957 is,
1597 4893 1664 4948 de
1693 4909 1801 4963 quo
1831 4908 2010 4948 sermo

435 5001 540 5055 est,
565 4991 686 5045 oleo
718 4988 1119 5050 exsultationis,
1153 4997 1209 5040 ut
1235 5002 1296 5042 ea
1325 5003 1490 5040 causa
1515 4988 1867 5057 intelligatur,
1889 5001 2010 5056 qua:

436 5084 776 5156 percurrenti
804 5082 899 5137 tibi
931 5097 1124 5152 pauca,
1150 5081 1232 5137 vel
1276 5081 1455 5150 potius
1476 5121 1490 5143 ,
1541 5096 1757 5136 onmem
1815 5081 2003 5134 talium

433 5182 724 5238 verborum
765 5193 985 5235 sensum
1039 5173 1382 5246 dispicienti,
1447 5173 1740 5230 constabit.
1795 5170 2008 5227 Profert

433 5271 597 5342 igitur
627 5271 872 5341 psalmus
905 5269 1080 5338 ipsum
1128 5264 1288 5335 plane
1328 5264 1395 5318 de
1433 5279 1541 5334 quo
1569 5263 1786 5318 interim
1817 5260 2007 5315 vatici-

431 5375 615 5430 natur,
647 5367 849 5436 ipsum,
891 5364 1134 5434 inquam,
1170 5362 1266 5416 Dei
1299 5361 1578 5423 dilectum,
1616 5357 1921 5425 alloquens,
1942 5367 2006 5407 ea

427 5458 593 5511 verba
623 5471 745 5526 quae
772 5455 931 5526 paulo
954 5461 1079 5509 ante
1115 5453 1362 5524 exposita
1403 5457 1552 5513 sunt,
1580 5449 1636 5503 in
1665 5447 1864 5518 quibus
1890 5444 2006 5499 dic-

432 5556 546 5603 tum
577 5558 697 5603 est:
732 5567 751 5599 ι
787 5546 958 5603 Sedes
987 5555 1079 5601 tua
1104 5585 1119 5610 ,
1163 5545 1339 5609 Deus,
1384 5543 1438 5597 in
1488 5541 1745 5598 saeculum
1798 5536 2003 5599 saeculi,

424 5643 576 5711 virga
615 5639 958 5704 dircctionis,
989 5641 1137 5710 virga
1195 5638 1347 5709 regni
1400 5637 1514 5702 tui;
1571 5633 1808 5690 dilexisti
1834 5632 2003 5702 justi-

482 5821 531 5853 ³⁵
559 5817 657 5873 lsa.
693 5832 822 5883 xm,
852 5817 904 5870 8.
981 5820 1024 5852 “
1062 5818 1201 5873 l’sal.
1241 5834 1385 5882 κων,
1416 5816 1468 5871 8.

2115 4617 2206 4669 καὶ
2235 4617 2500 4688 ἐμίσησας
2533 4616 2774 4670 ἀδικίαν·
2814 4617 2901 4671 διὰ
2937 4621 3096 4672 τοῦτο
3121 4620 3304 4692 ἐχρισέ
3337 4638 3396 4674 σε
3438 4623 3467 4674 6
3499 4621 3636 4686 Θεὸς
3661 4625 3692 4676 6

2112 4708 2246 4771 Θεός
2263 4725 2354 4761 σου
2372 4708 2546 4763 ἔλαιον
2558 4707 2930 4776 ἀγαλλιάσεως
2951 4710 3102 4782 παρά
3122 4711 3245 4774 τοὺς
3263 4712 3520 4783 μετόχους
3533 4729 3648 4768 σου.
3660 4731 3682 4766 r

2112 4802 2316 4872 Σκὲψαι
2363 4802 2668 4875 τοιγαροῦν,
2709 4805 2756 4857 εἰ
2791 4803 2864 4874 μὴ
2909 4803 3027 4875 Θεῷ
3059 4804 3232 4858 ταῦτα
3282 4809 3688 4877 προσφωνεῖται

2111 4894 2387 4964 ἄντικρυςο
2432 4915 2449 4946 ι
2489 4896 2561 4947 Σὺ
2604 4914 2622 4946 ι
2661 4894 2790 4966 γὰρ,
2827 4896 3009 4966 φησὶν,
3047 4915 3064 4947 ι
3101 4898 3130 4948 ὁ
3164 4895 3323 4961 Θεὸς,
3364 4917 3384 4948 ι
3417 4898 3535 4951 ἀντὶ
3564 4897 3684 4962 τοῦ,

2109 4979 2153 5038 ὦ
2183 4985 2304 5051 Θεὲ,
2327 4987 2355 5037 ὁ
2386 4986 2571 5058 θρόνος
2602 5003 2694 5039 σου
2729 4989 2808 5050 εἰς
2835 4987 2927 5040 τὸν
2956 4987 3126 5040 αίῶνα
3158 4988 3251 5040 τοῦ
3281 4988 3475 5052 αἰῶνος
3500 4990 3684 5060 ὑπάρο

2110 5091 2213 5143 χει,
2248 5075 2342 5127 καὶ
2383 5075 2576 5145 ρἀδος
2627 5074 2920 5146 εὐθύτητος
2965 5078 2998 5146 ή
3052 5075 3245 5148 ῥάϐδος
3278 5077 3375 5147 τῆς
3407 5077 3684 5146 βασιλείας

2111 5184 2225 5221 σου.
2264 5168 2373 5220 Καὶ
2405 5169 2528 5220 ἐπεὶ
2563 5169 2626 5221 σὺ
2657 5169 2818 5232 αὐτὸς
2845 5171 2874 5222 6
2914 5169 3046 5232 Θεὸς
3083 5170 3375 5240 ἠγάπησας
3406 5169 3684 5224 δικαιοσύ-

2108 5276 2226 5328 νην,
2271 5261 2366 5312 καὶ
2398 5259 2665 5330 ἐμίσησας
2713 5258 2944 5324 ἀδικίαν,
2987 5258 3076 5312 διά
3121 5259 3281 5312 τοῦτο
3329 5260 3512 5331 ἐχρισέ
3554 5278 3614 5315 σε
3648 5263 3683 5316 6

2107 5351 2239 5413 Θεὸς
2276 5352 2305 5403 6
2332 5351 2463 5414 Θεός
2497 5367 2611 5415 σου,
2650 5350 2746 5403 καὶ
2780 5350 3010 5422 Χριστόν
3043 5367 3100 5403 σε
3143 5355 3296 5421 παρά
3329 5353 3535 5415 πάντας
3575 5370 3680 5406 κα-

2105 5443 2420 5513 τεστήσατο.
2466 5462 2485 5494 ι
2516 5442 2848 5514 Λευκότερον
2879 5442 2936 5495 δὲ
2967 5444 3171 5496 τούτων
3202 5445 3234 5514 ἡ
3275 5444 3538 5515 Ἑϐραίων
3573 5463 3681 5499 πα·-

2111 5531 2324 5602 ρίστησι
2372 5532 2579 5603 γραφὴ,
2633 5533 2700 5603 ἢν
2755 5531 2892 5602 πρὸς
2949 5531 3236 5603 ἀκρίϐειαν
3291 5534 3609 5605 ἑρμηνεύων
3647 5536 3680 5588 6

2119 5622 2367 5686 Ἀκύλας,
2395 5616 2496 5690 ᾧὂέ
2527 5640 2641 5687 πως
2664 5621 2918 5689 ἐξέδωκεν
2947 5622 3142 5676 εἰπών’
3181 5643 3200 5676 ι
3248 5623 3306 5677 '0
3333 5624 3520 5695 θρόνος
3554 5641 3677 5697 σου,
