3930 6202
285 238 391 294 505

1193 231 1845 290 DEMONSTRATlONIS
1878 231 2333 290 EVANGELICAS
2372 228 2508 288 LIB.
2549 230 2636 286 IV.

3410 238 3514 293 ζ’θὸ

279 354 398 415 Pet,
434 352 512 413 εἰς
562 350 734 404 αίῶνα
769 351 863 405 καὶ⁸
909 350 1016 402 ἔτι·
1054 350 1327 421 σκῆπτρον
1379 350 1665 419 εὐθύτητος
1714 352 1823 422 σκῆ

1948 353 2099 416 tiam,
2134 360 2188 406 et
2218 349 2387 407 odisti
2421 349 2793 419 iniquitatem:
2820 358 3102 421 propterea
3122 352 3276 406 unxit
3296 361 3348 405 te
3369 352 3513 411 Deus

280 461 445 517 πτρον
477 443 754 514 βασιλείας
783 460 894 497 σου.
935 445 1247 515 Ἠγάπησας
1279 444 1504 500 δίκαιον.
1534 445 1628 498 καὶ
1656 446 1845 517 ἐμίση-

274 555 375 601 σας
426 537 703 608 ἀσέϐημα·
747 536 840 589 ἐπὶ
894 536 1064 607 τούτῳ
1117 537 1303 607 ἧλειφέ
1365 554 1423 589 σε
1456 539 1484 590 ό
1517 537 1591 608 (l)
1630 537 1758 601 Θεὸς
1815 540 1843 590 6

270 632 404 694 Θεός
445 648 537 684 σου
593 630 769 683 ἔλαιον
814 631 987 701 χαρᾶς
1036 630 1143 683 ἀπὸ
1186 630 1413 701 ἑταίρων
1464 646 1577 683 σου.
1628 649 1645 681 ι
1701 631 1843 683 Ἀντὶ

268 722 403 791 γοῦν
432 724 527 776 τοῦ
563 742 580 775 ι
615 723 643 775 6
667 721 796 784 Θεὸς
827 724 854 775 6
885 721 1018 786 Θεός
1049 739 1163 786 σου,
1192 742 1209 773 ι
1240 722 1377 794 αὑτὴ
1410 722 1729 794 ἡἙὸραῖκὴ
1753 722 1841 775 λέ-

267 816 370 880 ξις,
412 834 432 866 ι
475 815 597 877 Θεὲ,
640 816 669 867 6
699 813 831 877 Θεὸς
861 832 976 878 σου,
1032 834 1051 865 ι
1090 816 1353 887 περιέχει,
1390 811 1545 888 ἴναῇ
1589 816 1648 869 τὸ
1690 815 1836 869 ὅλον·

277 908 622 979 Ἥγάπησας,
650 901 695 960 ὦ
722 906 840 968 Θεὲ,
866 906 925 958 τὸ
949 905 1173 970 δίκαιον,
1202 908 1296 959 καὶ
1325 906 1595 979 ἐμίσησας
1619 908 1680 959 τὸ
1714 908 1842 960 ἀσέ-

262 999 453 1071 ϐημα·
486 1001 672 1072 διόπερ
704 1002 795 1053 ἐπὶ
835 999 1008 1069 τούτῳ
1056 998 1240 1070 ἐχρισέ
1281 1017 1362 1061 σε,
1399 993 1443 1052 ὧ
1485 1000 1605 1063 Θεὲ,
1639 1002 1667 1053 6
1697 1000 1837 1052 ἀνω-

259 1091 414 1145 τάτω
442 1092 536 1145 καὶ
569 1092 767 1163 μείζων
796 1092 957 1155 αὐτὸς
983 1094 1011 1144 6
1044 1092 1138 1144 καὶ
1173 1090 1266 1144 σοῦ
1296 1091 1446 1155 Θεὸς,
1471 1090 1547 1155 ὡς
1573 1087 1711 1144 εἶναι
1745 1094 1839 1145 καὶ

258 1181 352 1235 τὸν
384 1182 669 1253 χριόμενον
700 1182 791 1236 καὶ
822 1182 911 1236 τὸν
945 1182 1163 1253 χρίοντα
1197 1182 1330 1235 πολὺ
1373 1182 1634 1253 πρότερον
1654 1220 1669 1245 ,
1704 1181 1838 1234 πάν-

256 1292 368 1328 των
408 1275 504 1345 μὲν
547 1274 677 1329 ὄντα
714 1274 876 1339 Θεὸν,
918 1276 1011 1328 καὶ
1051 1274 1215 1327 αὐτοῦ
1246 1273 1301 1327 δὲ
1346 1274 1705 1345 διαφερόντως
1741 1272 1834 1327 τοῦ

256 1364 572 1435 χριομένου.
597 1364 764 1418 Τοῦτο
781 1365 836 1418 δὲ
857 1365 950 1418 καὶ
974 1366 1109 1435 αὐτῇ
1132 1365 1486 1435 ὲπιστήσαντι
1505 1367 1571 1435 τῇ
1607 1365 1834 1436 Ἐόραίξι

256 1453 477 1526 γλώττῃ
508 1455 736 1526 φανερὸν
771 1456 836 1509 ἂν
875 1455 1105 1524 γένοιτο.
1156 1454 1279 1508 Ἐπὶ
1322 1454 1430 1527 γὰρ
1469 1456 1569 1526 τῆς
1612 1454 1834 1526 πρώτης

258 1547 594 1618 ἐπωνυμίας,
628 1547 747 1600 καθ’
776 1549 842 1619 ἢν
871 1551 899 1601 6
940 1548 1188 1613 Ἀκύλας,
1228 1567 1247 1599 ι
1284 1547 1468 1618 θρόνος
1498 1564 1613 1610 σου,
1645 1544 1764 1611 Θεὲ,
1809 1566 1826 1597 ι

255 1639 573 1709 ἡρμήνευσε
616 1639 801 1707 σαφῶς
848 1641 968 1693 ἀντὶ
1002 1640 1094 1695 τοῦ
1130 1643 1162 1693 ὀ
1199 1639 1341 1705 Θεὸς
1385 1638 1492 1692 Θεέ
1544 1636 1732 1703 εἰπὼν,
1769 1637 1830 1689 τὸ

1949 444 2089 500 Deus
2111 454 2238 499 tuus
2272 443 2396 498 oleo
2418 443 2798 498 exsultationis
2820 458 2928 512 prae
2951 444 3301 515 participibus
3325 447 3453 502 tuis.
3486 466 3507 501 ι

1950 537 2104 606 181
2171 535 2388 606 Inspice
2435 535 2603 606 igitur
2648 534 2889 590 Deumne
2960 536 3015 590 in
3067 537 3150 591 his
3205 540 3512 608 alloquatur

1946 629 2277 699 planissime,
2306 643 2376 681 an
2406 643 2512 681 non
2540 646 2552 681 :
2585 643 2776 697 nempe
2803 646 2820 678 ι
2852 637 2930 695 ιιι,
2958 647 2977 680 ι
3006 629 3213 698 inquit,
3242 648 3260 680 ι
3292 628 3457 692 Deus.
3483 651 3505 684 ι

1943 735 2043 790 pro
2072 735 2137 775 eo
2169 720 2314 791 quod
2344 728 2465 782 est,
2497 737 2516 769 ι
2545 733 2578 772 o
2602 717 2778 782 Deus,
2808 722 2971 777 sedes
3011 728 3103 774 tua
3149 721 3202 774 in
3245 722 3506 776 saeculum

1943 812 2127 867 saaculi
2171 820 2387 875 exstat,
2439 818 2494 865 et
2548 811 2697 880 virga
2750 811 3101 878 directionis,
3156 813 3310 883 virga
3352 814 3504 885 regni

1940 905 2062 961 tui:
2099 912 2153 961 et
2185 907 2438 975 quoniam
2472 913 2528 957 tu
2552 905 2688 973 ipse,
2735 902 2903 973 Deus,
2944 906 3179 961 dilexisti
3201 906 3499 976 justitiam,

1938 1008 1994 1054 et
2048 999 2213 1054 odisti
2269 998 2645 1069 iniquitatem,
2700 1006 2988 1071 propterea
3040 1000 3198 1054 unxit
3254 1007 3306 1054 te
3360 997 3504 1054 Deus

1938 1092 2081 1148 Deus
2127 1099 2290 1156 tuus,
2333 1100 2386 1147 et
2434 1091 2715 1147 Christum
2761 1101 2814 1148 te
2855 1107 2967 1161 prae
3008 1092 3264 1147 omnibus
3293 1091 3502 1146 consti-

1937 1185 2060 1237 tuit.
2095 1204 2113 1234 ι
2146 1182 2251 1238 Sed
2295 1184 2452 1255 longe
2483 1184 2569 1240 his
2603 1185 2806 1239 clarius
2840 1183 3120 1253 Scriptura
3152 1182 3499 1238 Hebraeorum

1937 1276 2077 1330 idem
2109 1276 2480 1339 demonstrat,
2526 1290 2689 1345 quam
2722 1276 2915 1345 Aquila
2961 1275 3368 1330 accuratissime
3413 1275 3498 1329 in-

1936 1374 2276 1436 terpretans,
2308 1365 2390 1420 his
2420 1367 2599 1421 verbis
2627 1366 2796 1422 edidit
2822 1385 2833 1419 :
2865 1384 2883 1416 ι
2912 1363 3079 1419 Sedes
3110 1374 3201 1418 tua
3222 1406 3235 1429 ,
3267 1380 3299 1420 θ
3330 1364 3493 1429 Deus,

1934 1457 1989 1511 in
2024 1458 2285 1512 saaculum
2358 1466 2413 1514 et
2446 1459 2627 1513 ultra:
2664 1470 2938 1528 sceptrum
2982 1457 3329 1521 directionis,
3376 1472 3496 1513 soe-

1934 1557 2119 1617 ptrum
2156 1549 2306 1618 regni
2343 1550 2422 1603 tui
2452 1568 2466 1604 :
2501 1549 2897 1620 dilexistiquod
2924 1550 3129 1620 justum
3162 1557 3264 1610 est.
3295 1556 3350 1603 et
3376 1549 3496 1604 odi-

1934 1642 2002 1696 sti
2053 1642 2428 1711 impietatem;
2478 1659 2643 1713 super
2695 1644 2832 1707 hoc,
2888 1645 3042 1698 unxit
3091 1650 3178 1707 te,
3224 1658 3259 1699 o
3305 1642 3491 1709 Deus,

265 1706 558 1802 Ἐϐραῖκὸν
614 1732 822 1802 Ἐλωῒμ
877 1734 1139 1804 περιέχει.
1193 1731 1481 1786 Κάνταῦθα
1525 1731 1581 1784 δὲ
1628 1732 1823 1802 ὁμοίως

1934 1731 2075 1788 Deus
2104 1741 2231 1790 tuus
2261 1734 2381 1789 oleo
2413 1734 2610 1790 laetitia:
2640 1736 2709 1789 ab
2744 1736 2934 1791 amicis
2964 1739 3091 1790 tuis.
3122 1756 3140 1788 ›
3172 1734 3275 1789 Pro
3302 1750 3367 1790 eo
3390 1734 3494 1807 igi-

252 1825 345 1877 ἐπὶ
369 1823 488 1887 τοῦ,
519 1843 538 1876 ι
569 1825 668 1878 Διά
693 1825 851 1878 τοῦτο
876 1826 1058 1898 ἔχρισέ
1089 1844 1169 1891 σε,
1202 1826 1321 1889 Θεὲ,
1359 1845 1377 1876 ι
1408 1824 1469 1877 τὸ
1500 1823 1699 1895 Ἐλωῗμ
1725 1841 1829 1876 πα-

252 1917 562 1987 ρείληπται,
592 1918 726 1989 ὅπερ
748 1917 865 1988 τὴν,
885 1914 931 1973 ὦ
954 1918 1078 1983 Θεὲ,
1104 1917 1363 1990 κλητικὴν
1390 1918 1575 1989 ἐδήλου
1602 1916 1823 1970 πτῶσιν·

245 2005 371 2058 ἀντὶ
401 2005 458 2058 δὲ
492 2006 590 2076 τῆς
617 2006 782 2078 ὀρθῆς
814 2009 908 2061 καὶ
940 2007 1153 2071 εὐθείας
1188 2006 1283 2060 τοῦ
1325 2008 1603 2076 ὀνόματος,
1636 2007 1757 2060 καθ’
1798 2006 1827 2058 6

241 2097 495 2169 εἴρηται·
531 2117 548 2149 ι
586 2099 683 2153 Διὰ
712 2098 868 2153 τοῦτο
904 2098 1086 2171 ἔχρισε
1120 2116 1202 2164 σε,
1230 2099 1258 2150 6
1284 2099 1418 2161 Θεὸς
1452 2100 1480 2152 6
1521 2097 1671 2162 Θεὸς,
1715 2118 1733 2151 ι
1766 2099 1826 2152 τὸ

250 2185 547 2258 Ἑϐραῐκὸν
594 2188 814 2256 Ἐλωὰχ
867 2189 1133 2259 περιέχει,
1182 2188 1387 2259 σφόδρα
1428 2188 1823 2259 ἀπηκριϐωμέ-

240 2295 389 2342 νως·
432 2280 497 2332 ἵν’
610 2280 670 2332 τὸ
712 2280 811 2350 μὲν
862 2280 1083 2351 Ἐλωῖμ,
1127 2280 1265 2333 κατὰ
1309 2279 1568 2350 κλητικὴν
1620 2279 1824 2334 πτῶσιν

240 2374 684 2445 ὲξενηνεγμὲνον,
720 2374 915 2447 δηλοῦν
958 2378 1039 2441 τὸ,
1079 2370 1125 2430 ὦ
1165 2374 1291 2439 Θεὲ,
1321 2375 1383 2428 τὸ
1426 2376 1483 2429 δὲ
1532 2376 1757 2446 Ἐλωὰχ,
1791 2380 1822 2430 ὀ

240 2464 394 2529 Θεός
438 2479 575 2528 σου,
621 2465 760 2519 κατὰ
792 2465 891 2536 τὴν
927 2465 1176 2519 εὐθεῖαν·
1224 2465 1364 2518 ὥστε
1393 2465 1634 2537 ἀκριϐῶς
1679 2467 1821 2537 ἔχειν

236 2555 343 2627 τὴν
385 2555 636 2624 φήσαοαν
677 2557 1005 2628 ἑρμηνείαν·
1038 2576 1057 2609 ι
1112 2555 1213 2610 Διά
1245 2556 1401 2611 τοῦτο
1445 2558 1627 2629 ἔχρισέ
1665 2576 1742 2624 σε,
1794 2563 1822 2613 6

235 2646 375 2710 Θεὸς
398 2649 428 2700 6
452 2646 583 2712 Θεός
615 2665 731 2702 σου.
773 2667 793 2701 ›
830 2648 1146 2703 Λευκότατα
1174 2648 1305 2719 γοῦν
1340 2651 1368 2704 6
1394 2650 1549 2719 λόγος
1574 2650 1662 2703 διὰ
1699 2651 1821 2704 τού-

234 2758 352 2795 των
394 2740 515 2814 Θεῷ
563 2744 920 2816 προσφωνῶν,
976 2745 1139 2815 φησιν
1188 2745 1350 2799 αὐτὸν
1391 2745 1674 2817 κεχρίσθαι
1715 2748 1819 2800 ὑπὸ

236 2833 338 2887 τοῦ
364 2833 499 2887 Θεοῦ
534 2834 695 2906 ἐλαίῳ
727 2835 1099 2905 ἀγαλλιάσεως
1132 2837 1283 2909 παρὰ
1312 2837 1518 2902 πάντας
1550 2839 1676 2902 τοὺς
1703 2840 1818 2893 πώ-

234 2943 373 2979 ⁴ιεοτε
423 2927 519 2999 τῆς
573 2928 743 3000 αὐτῆς
790 2928 939 3001 αύτῷ
989 2930 1393 3002 μετεσχηκότας
1428 2932 1812 3002 προσηγορίας.

1932 1834 2020 1880 ιιιι·
2070 1827 2215 1896 quod
2263 1835 2391 1889 est,
2448 1828 2590 1884 Deus
2646 1828 2788 1884 Deus
2818 1838 2975 1894 tuus,
3028 1828 3329 1885 Hebraicus
3375 1830 3492 1900 ipse

1929 1925 2217 1971 contextus
2250 1919 2439 1983 habet,
2473 1937 2491 1969 ι
2530 1934 2562 1971 ο
2591 1917 2732 1973 Deus
2753 1960 2766 1983 ,
2807 1918 2949 1974 Deus
2984 1927 3111 1974 tuus
3135 1962 3148 1983 ,
3181 1938 3198 1970 ι
3229 1925 3286 1972 ιιι
3314 1926 3486 1973 totum

1930 2010 2000 2064 sit
2028 2028 2040 2063 :
2078 2008 2326 2064 Dilexisti
2348 2050 2362 2075 ,
2398 2025 2431 2064 ο
2462 2009 2603 2065 Deus
2624 2050 2638 2073 ,
2670 2011 2811 2079 quod
2843 2010 3053 2079 justum
3084 2020 3198 2076 est,
3233 2017 3287 2065 et
3321 2008 3485 2064 odisti

1928 2102 2300 2172 impietatem:
2350 2112 2635 2173 propterea
2679 2104 2748 2158 ob
2806 2105 2945 2157 hanc
3000 2106 3173 2173 ipsam
3222 2116 3482 2163 causam,

1927 2196 2082 2249 unx-it
2112 2205 2197 2261 te,
2230 2210 2263 2249 ο
2294 2195 2469 2260 Deus,
2509 2196 2631 2258 ille,
2665 2198 2758 2266 qui
2791 2205 2917 2251 tuus
2947 2211 3164 2265 quoque
3193 2203 3277 2251 est
3311 2194 3479 2256 Deus,

1926 2295 1985 2341 ut
2017 2287 2088 2343 sit
2115 2295 2169 2342 et
2204 2287 2296 2357 qui
2330 2290 2551 2359 ungitur
2582 2287 2756 2351 Deus,
2792 2295 2845 2341 et
2875 2288 2967 2356 qui
3002 2286 3187 2356 ungit,
3224 2285 3319 2355 qui
3363 2285 3485 2353 qui-

1923 2377 2045 2433 dem
2089 2379 2160 2434 sit
2190 2380 2430 2434 omnium
2462 2378 2626 2433 Deus.
2676 2375 2790 2431 Hoc
2835 2385 3016 2430 autem
3049 2375 3097 2431 ei
3130 2374 3222 2444 qui
3256 2373 3483 2428 Hebrai-

1923 2485 2041 2525 cam
2087 2471 2327 2543 linguam
2372 2470 2686 2541 diligentius
2726 2467 3053 2531 attenderit,
3099 2466 3257 2535 plane
3296 2465 3484 2520 admo-

1922 2563 2051 2617 dum
2083 2564 2379 2618 constabit.
2416 2563 2550 2617 Nam
2582 2563 2636 2616 in
2669 2562 2843 2632 prima
2877 2559 3353 2622 denominatione,
3386 2555 3481 2611 ubi

1919 2656 2150 2728 Aquila,
2182 2676 2199 2707 ι
2232 2656 2391 2713 sedes
2423 2662 2513 2708 tua
2537 2696 2551 2719 ,
2593 2670 2625 2709 ο
2666 2654 2843 2717 Deus,
2879 2673 2897 2705 ι
2927 2652 3315 2723 interpretatus
3354 2656 3478 2717 est;

1920 2749 2016 2821 qui
2049 2749 2209 2820 plane
2237 2764 2336 2819 pro
2365 2762 2431 2801 eo
2455 2745 2599 2817 quod
2634 2753 2717 2800 est
2752 2743 2888 2798 Deus
2912 2783 2926 2807 ,
2963 2762 2991 2796 ο
3024 2742 3198 2805 Deus,
3230 2739 3481 2795 enuntia-

1920 2844 2026 2906 vit,
2064 2842 2240 2911 ipsum
2274 2838 2596 2895 Hehraicunt
2628 2836 2790 2891 habet
2820 2834 3017 2889 Eloim.
3060 2833 3233 2887 Porro
3265 2832 3354 2887 hic
3386 2831 3478 2885 iti-

1920 2938 2042 2995 dem
2075 2938 2128 2991 in
2163 2935 2287 2999 illo,
2317 2952 2335 2984 ι
2368 2940 2653 3004 propterea
2682 2930 2837 2985 unxit
2864 2937 2946 2995 te,
2976 2944 3009 2983 o
3036 2928 3177 2982 Deus
3200 2967 3215 2992 ,
3249 2946 3268 2979 ι
3299 2926 3477 2997 ipsum

236 3022 433 3093 Ἔχεις
472 3022 757 3095 τοιγαροῦν
800 3024 859 3076 ὲν
891 3022 1104 3086 τούτοις
1144 3021 1330 3091 σαφῶς
1373 3020 1505 3074 Θεὸν
1534 3024 1816 3094 χριόμενον

1928 3016 2096 3083 Εῐοίηι
2126 3027 2471 3098 intelligitur,
2504 3025 2645 3095 quod
2677 3023 2983 3078 vocativum
3011 3035 3196 3075 casum
3217 3060 3231 3085 ,
3260 3036 3288 3073 ο
3310 3019 3474 3081 Deus,

234 3115 341 3167 καὶ
370 3114 601 3185 Χριστὸν
628 3116 931 3186 γινόμενον,
971 3116 1031 3168 οὐ
1064 3115 1219 3186 μύρῳ
1247 3114 1550 3186 σκευαστῷ,
1592 3116 1699 3168 οὐδ’
1724 3117 1815 3169 ὑπ’

232 3204 549 3277 ἀνθρώπων
572 3208 649 3271 εἰς
671 3207 831 3261 τοῦτο
858 3208 1140 3280 παριόντα,
1170 3208 1285 3263 ἁλλ’
1326 3209 1447 3262 οὐδὲ
1480 3209 1592 3272 τοῖς
1616 3208 1818 3272 λοιποῖς

230 3296 554 3369 ἀνθρώποις
585 3298 980 3370 παραπλήσιον.
1035 3299 1094 3351 Ὀ
1134 3299 1191 3352 δὲ
1232 3300 1393 3363 αὐτὸς
1439 3293 1591 3362 οὗτος
1626 3294 1694 3369 ἦν
1726 3302 1818 3353 καὶ

230 3390 525 3461 ἀγαπητὸς
556 3390 646 3444 τοῦ
683 3390 838 3455 Θεοῦ,
873 3392 967 3445 καὶ
995 3390 1239 3463 γέννημα
1285 3391 1449 3445 αὑτοῦ
1495 3391 1588 3445 καὶ
1640 3391 1818 3463 ἱερεὺς

236 3482 466 3547 αἰώνιος
498 3485 592 3537 καὶ
643 3483 929 3555 σύνθρονος
974 3486 1407 3557 ἀνηγορευμένος
1449 3483 1541 3537 τοῦ
1584 3485 1812 3558 Πατρός.

228 3576 334 3639 Τίς
362 3576 407 3628 δ’
439 3576 505 3629 ἂν
532 3572 684 3641 οὗτος
717 3578 800 3649 εῐη
830 3578 862 3649 ἢ
899 3578 927 3629 6
956 3577 1299 3649 πρωτότοκος
1325 3576 1420 3629 τοῦ
1462 3576 1597 3629 Θεοῦ
1625 3577 1813 3645 Λόγος,

223 3671 255 3724 6
294 3671 352 3721 ὲν
389 3670 530 3740 ἀρχῇ
564 3670 700 3741 πρὸς
730 3671 820 3723 τὸν
853 3670 984 3724 Θεὸν
1021 3669 1154 3734 Θεὸς
1185 3670 1281 3733 ὢν,
1322 3673 1351 3724 6
1381 3668 1470 3723 διὰ
1511 3670 1692 3740 πάσης
1718 3671 1817 3739 τῆς

224 3761 417 3815 ἐνθέου
468 3762 687 3833 Γραφῆς
732 3762 1181 3833 θεολογούμενος;
1219 3762 1295 3825 ὡς
1328 3763 1420 3815 καὶ
1450 3763 1507 3815 ὲν
1550 3766 1660 3825 τοῖς
1691 3761 1815 3832 ἑξῆς

224 3855 318 3909 διὰ
341 3856 602 3909 πλειόνων
630 3858 659 3909 6
690 3856 844 3925 λόγος
879 3855 1082 3928 προῖὼν
1114 3854 1387 3919 ἐπιδείξει.
1424 3854 1643 3909 Τούτων
1679 3855 1813 3925 δῆτα

225 3947 770 4020 προτεθεωρημὲνων
797 3951 927 4021 ἡμῖν
965 3948 1091 4020 περ)¹
1117 3949 1215 4019 τῆς
1239 3946 1333 3999 τοῦ
1362 3947 1597 4018 Χριστοῦ
1622 3946 1814 4000 οὐσιῶ-

226 4038 371 4103 cadi;
402 4056 461 4092 τε
494 4040 587 4093 καὶ
617 4040 1003 4111 προσηγορίας,
1041 4039 1172 4111 φέρε
1214 4038 1417 4102 λοιπὸν,
1452 4039 1811 4103 ἀναλαϐόντες

223 4131 327 4203 τὴν
384 4132 746 4203 προταθεῖσαν
804 4131 1080 4196 ὑπόθεσιν,
1144 4131 1211 4184 δι’
1267 4132 1407 4183 ὅσων
1460 4130 1811 4202 προφητικῶν

1920 3122 2211 3193 significat.
2253 3119 2358 3173 Pro
2405 3127 2553 3173 recto
2592 3133 2719 3171 vero
2762 3115 2999 3170 nominis
3043 3129 3207 3175 casu,
3251 3112 3344 3167 ubi
3393 3110 3477 3165 di-

1918 3224 2064 3269 ctum
2096 3221 2178 3268 est
2209 3231 2223 3268 :
2255 3230 2274 3263 ι
2308 3220 2592 3281 propterea
2643 3210 2798 3263 unxit
2831 3215 2883 3262 te
2919 3205 3060 3260 Deus
3088 3203 3230 3261 Deus
3256 3212 3417 3267 tuus,
3449 3223 3471 3257 ο

1918 3307 2095 3377 ipsum
2129 3302 2455 3357 Hebraieum
2496 3301 2659 3355 habet
2696 3298 2932 3361 Eloach,
2976 3296 3262 3351 admodum
3311 3310 3476 3349 accu-

1917 3410 2033 3453 rate
2059 3408 2217 3467 atque
2244 3395 2514 3465 exquisite
2539 3413 2553 3449 :
2584 3401 2643 3447 ut
2670 3393 2773 3458 sit,
2807 3393 2981 3461 ipsum
3012 3389 3229 3459 quidem
3260 3386 3432 3442 Eloim
3453 3425 3469 3452 ,

1919 3487 2165 3541 vocativo
2213 3502 2343 3540 casu
2370 3525 2385 3546 .
2434 3483 2784 3554 signiﬁcans,
2827 3500 2856 3535 ο
2901 3480 3080 3544 Deus;
3122 3480 3297 3549 ipsum
3343 3492 3474 3533 vero

1918 3579 2115 3633 Eloach
2137 3619 2151 3642 ,
2184 3578 2323 3631 Deus
2357 3586 2476 3630 tuus
2497 3616 2511 3637 ,
2549 3584 2699 3629 recto
2728 3590 2858 3629 casu
2890 3593 2903 3629 :
2946 3582 3005 3635 ut
3040 3574 3154 3628 haec
3182 3573 3252 3628 sit
3280 3572 3473 3642 exqui-

1917 3668 2179 3723 sitissima
2232 3667 2645 3737 interpretatio,
2703 3681 2823 3735 qua:
2880 3665 3087 3719 habet:
3128 3682 3145 3714 ι
3182 3671 3469 3733 propterea

1918 3761 2071 3814 unxit
2101 3768 2189 3823 te,
2248 3775 2281 3813 o
2328 3757 2501 3820 Deus,
2549 3755 2693 3812 Deus
2728 3763 2875 3811 tuus.
2912 3774 2929 3805 ι
2958 3755 3273 3810 Clarissime
3308 3756 3471 3824 igitur

1916 3855 1972 3908 in
2013 3855 2098 3908 his
2136 3852 2306 3908 Deum
2348 3852 2630 3921 alloquens
2656 3890 2671 3914 ,
2708 3849 2994 3904 oraculum
3036 3850 3111 3903 ait
3148 3848 3326 3918 ipsum
3365 3863 3468 3900 un-

1913 3955 2060 4000 ctum
2091 3961 2214 4001 esse
2246 3960 2275 3998 a
2311 3943 2449 4008 Deo,
2483 3944 2602 3997 oleo
2644 3941 3024 3998 exsultationis
3069 3955 3178 4010 prae
3215 3939 3469 3993 omnibus

1912 4040 2003 4109 qui
2044 4053 2283 4108 unquam
2323 4036 2567 4106 ejusdem
2601 4049 2725 4089 cum
2767 4034 2885 4104 ipso
2924 4033 3217 4104 participes
3259 4031 3465 4086 fuerint

1908 4129 2311 4201 appellationis.
2338 4127 2515 4182 Habes
2542 4127 2706 4197 igitur
2730 4126 2782 4179 iu
2812 4125 2895 4178 his
2926 4124 3261 4195 planissime,
3293 4123 3464 4177 Deum

1912 4224 2001 4291 qui
2052 4222 2296 4289 ungitur,
2347 4226 2401 4273 et
2444 4218 2699 4273 Christus
2743 4217 2992 4280 eﬂicitur,
3035 4233 3145 4271 non
3194 4224 3468 4288 unguento

226 4226 591 4297 προρρήσεων
651 4228 680 4279 6
732 4226 966 4296 Χριστὸς
1022 4226 1285 4295 ὀνομαστὶ
1338 4224 1806 4294 ποοεκηρύττετο,

223 4314 576 4386 Θεασῶμεθα.
886 4316 893 4327 ’

1928 4314 2247 4384 :omposito,
2290 4325 2468 4381 neque
2505 4311 2573 4363 ab
2609 4309 2921 4364 hominibus
2969 4309 3035 4363 ad
3085 4308 3140 4362 id
3187 4306 3468 4376 dignitatis

222 4421 545 4483 provectum
568 4455 583 4477 ,
613 4428 677 4467 ac
708 4429 775 4469 ne
807 4414 991 4469 eadem
1026 4412 1242 4483 quidem
1277 4430 1400 4467 cum
1435 4412 1648 4469 czeteris
1680 4411 1986 4464 hominibus
2020 4409 2247 4462 ratione.
2279 4405 2450 4460 Porro
2484 4403 2572 4457 hic
2605 4403 2743 4456 idem
2780 4412 2863 4457 est
2894 4410 2948 4457 et
2984 4400 3217 4455 dilectus
3256 4398 3380 4465 Dei,
3413 4404 3467 4449 et

220 4503 472 4575 ejusdem
502 4505 707 4573 proles,
739 4515 792 4560 et
823 4504 1077 4560 sacerdos
1108 4516 1375 4569 aeternus,
1407 4516 1461 4560 et
1486 4520 1773 4560 consessur
1808 4502 1974 4573 patris
2002 4500 2202 4554 dictus.
2254 4499 2362 4553 Sed
2391 4500 2514 4568 quis
2544 4498 2631 4553 hic
2657 4499 2873 4551 tandem
2908 4495 3048 4557 erit,
3086 4494 3190 4548 nisi
3224 4493 3465 4561 primum

221 4600 470 4671 genitum
513 4600 604 4656 Dei
640 4600 910 4666 Verbum,
954 4601 1045 4671 qui
1083 4602 1136 4656 in
1168 4601 1434 4671 principio
1466 4602 1606 4671 apud
1640 4600 1837 4660 Deum,
1871 4597 2013 4651 Deus
2041 4595 2200 4651 erat?
2231 4595 2388 4663 182
2420 4593 2510 4663 qui
2545 4608 2640 4663 per
2671 4600 2839 4646 tutam
2860 4590 3097 4644 divinam
3131 4584 3467 4655 Scripturam

224 4693 557 4763 praedicatur
585 4700 645 4746 ut
693 4692 870 4757 Deus,
919 4692 1373 4763 quemadmodum
1406 4692 1662 4763 deinceps
1694 4692 1939 4745 oratione
1969 4687 2185 4758 longius
2233 4701 2589 4757 progressus,
2638 4686 2883 4756 pluribus
2935 4683 3111 4737 verbis
3161 4676 3465 4736 ostendam.

224 4782 366 4838 Cum
400 4785 515 4839 haec
548 4784 710 4855 igitur
742 4801 771 4837 a
804 4783 961 4838 nobis
992 4783 1254 4838 hactenus
1282 4782 1625 4837 considerata
1668 4782 1778 4835 sint
1816 4781 1882 4835 de
1908 4777 2111 4833 Christi
2142 4776 2561 4847 propagatione,
2592 4775 2765 4844 deque
2793 4773 3036 4843 ejusdem
3070 4767 3450 4841 appellatione.

224 4882 479 4953 agedum,
512 4880 849 4951 prepositum
879 4885 1255 4949 argumentum
1288 4885 1618 4946 repetamus,
1653 4885 1707 4933 et
1735 4891 1897 4947 quam
1928 4875 2113 4930 multis
2140 4872 2472 4944 pr0pheticis
2508 4870 2947 4943 praedictionibus
2986 4868 3234 4922 Christus
3273 4866 3455 4920 nomi-

225 4973 395 5029 natim
426 4973 497 5029 sit
530 4981 688 5027 antea
728 4970 1044 5033 nuntiatus,
1071 4969 1524 5039 contemplemur.

960 5091 1075 5157 ις’.

2620 5079 2761 5135 XVI.

238 5204 376 5260 Ἀπὸ
431 5204 538 5258 τοῦ
587 5204 831 5273 ψαλμοῦ
884 5203 964 5256 B’.
997 5233 1068 5244 -—
1101 5203 1181 5257 Δι’
1250 5203 1412 5271 ὅρνων
1465 5206 1499 5257 ὀ
1548 5203 1795 5269 Χριστὸς

1928 5203 1945 5254 ι
1989 5199 2193 5270 psalmo
2226 5214 2309 5273 Διι.
2350 5228 2420 5273 —-—_
2458 5197 2631 5273 Quam
2686 5194 2882 5273 multis.
2905 5191 3181 5273 scripturis
3218 5188 3463 5273 Christus

298 5263 612 5344 ὀνομαστί
643 5263 758 5329 ὐέὸ
814 5273 1124 5339 ,ϐασιλέων
1179 5263 1293 5327 καί
1329 5263 1637 5343 ἀρχόντων
1698 5263 1792 5327 καὶ

1976 5263 2311 5331 nominatim,
2333 5271 2469 5339 quia
2489 5268 2692 5344 regibus
2721 5277 2767 5319 et
2799 5263 3117 5344 principibus
3152 5273 3199 5344 et
3225 5263 3463 5343 gentibus

1974 5351 2023 5396 et
2088 5341 2292 5410 populi:
2345 5331 2767 5410 rircttntiaenilur.
2801 5331 2859 5410 et
2893 5334 2956 5385 ab
2997 5333 3108 5400 ipso
3153 5331 3257 5410 D_eo
3295 5331 3465 5401 gigni-

295 5344 487 5400 ἐθνῶν
511 5346 606 5398 καὶ
639 5344 805 5400 λαῶν
830 5345 1396 5412 ἐπιϐουλευόμενος,
1422 5344 1490 5408 ἐξ
1519 5346 1702 5397 αὑτοῦ
1738 5361 1799 5396 τε
1974 5351 2023 5396 et
2088 5344 2292 5412 populi:
2348 5344 2767 5412 circumuenilur.
2804 5346 2859 5412 e_t_
2893 5344 2956 5385 ab
2997 5348 3108 5400 ipso
3153 5344 3188 5411 ιλ

1977 5405 2096 5476 tur,
2123 5405 2172 5465 et
2214 5408 2385 5465 Filius
2424 5409 2650 5464 hominis
2688 5405 3006 5475 appellatur,
3048 5405 3380 5473 gentiumque
3414 5413 3465 5455 et

297 5415 407 5470 τοῦ
474 5416 619 5470 Θεοῦ
682 5414 1081 5485 γεννώμενος,
1144 5415 1241 5468 καὶ
1291 5415 1420 5480 Υἱὸς
1484 5414 1796 5483 ἀνθρώπου

1899 5617 2309 5684 interpretatur,
2340 5624 2389 5669 et
2419 5613 2496 5668 sic
2530 5610 2794 5681 majorem
2825 5616 2876 5663 et
2905 5605 3169 5662 minorem
3201 5601 3466 5658 Dcitatein

303 5613 379 5682 (l)
419 5611 515 5667 llic
540 5623 610 5697 ut
653 5615 1095 5697 agape-Eusebius
1131 5616 1415 5697 ariani_za_t.
1461 5615 1604 5696 Nunt
1639 5616 1785 5670 hunc
1899 5617 2058 5697 inter!

1898 5696 2108 5743 statuit.

232 5686 412 5739 locum
445 5701 549 5739 non
581 5684 646 5741 de
680 5684 893 5744 hemine
925 5695 1204 5758 assumpto
1231 5687 1323 5743 sed
1357 5685 1463 5742 Deo
1492 5687 1787 5743 exsistcute
