3914 6198
408 268 516 329 507
1045 266 1315 326 EUSEBH
1348 265 1831 326 CIESARIENSIS
1867 266 2019 328 OPP.
2061 265 2267 324 PARS.
2306 262 2373 321 Π.
2415 292 2485 306 -—
2511 258 3010 320 APOLOGETIUA.
3541 252 3650 309 308

478 401 664 470 ﬁnium
717 407 869 452 tetra:
913 404 1104 449 sortem
1152 392 1340 462 accipit
1387 409 1420 446 α
1472 377 1673 457 Patre,
1718 398 1875 443 antea
1908 389 1976 442 sit
2006 399 2024 452 Α

2149 382 2657 470 ἀιςαγοορευρμεζος
2673 421 2688 444 ,
2723 379 2945 470 ἐθνῶνὲ
2963 392 3028 431 τε
3052 372 3183 470 ’καὶ
3226 371 3493 470 περὰτω
3536 370 3656 442 τῆς

481 444 811 527 enuntiatus.
1264 444 1275 462 ’
1658 444 1672 457 ’
2006 444 2023 452 ’

2148 444 2383 545 κᾼῆρὸν
2423 444 2747 526 dimotier
2786 448 2947 519 παρὰ
2975 446 3083 503 τοῦ
3130 444 3360 513 Πατρός
3393 456 3652 511 “pacatur

486 641 507 673 ι
531 624 712 687 Quare
752 617 1093 673 ﬂemuerunt
1135 623 1362 688 gentes,
1410 622 1465 670 et
1515 615 1701 686 populi
1732 612 1977 670 meditati

2204 544 2209 545 ί
2260 546 2291 581 τ
2324 544 2355 580 τ
2393 565 2409 579 .

2140 545 2334 674 ῗυξνῐ.
2357 544 2432 671 ori
2483 613 2757 688 ἐφρύαξαν
2807 612 2957 684 ἔθνη,
2998 609 3094 664 καὶ
3143 607 3264 661 λαοὶ
3315 604 3656 677 ἐμελέτησαν

410 719 539 769 sunt
567 710 795 766 inania?
822 708 1130 765 Astiterunt
1167 724 1324 781 reges
1364 716 1564 773 terrae,
1608 715 1664 763 et
1702 704 1956 778 principe:

2111 713 2244 778 ιενάς
2274 710 2634 782 Παρέστησαν
2665 707 2717 759 οἱ
2761 704 3000 776 βασιλεῖς
3038 701 3136 773 τῆς
3176 699 3300 771 γῆς,
3342 698 3438 752 καὶ
3469 698 3519 750 oi
3558 696 3657 768 ἀρ-

409 807 785 861 convcnerunt
804 799 861 855 in
883 816 1052 855 unum
1079 800 1345 856 adversus
1366 798 1652 855 Dominum
1667 836 1684 863 ,
1711 804 1766 852 et
1787 796 1952 851 adver

2109 821 2267 876 ςοντες
2321 799 2666 872 συνήχθησαν
2712 798 2807 851 ἐπὶ
2846 796 2908 849 τὸ
2938 792 3067 848 αὐτὸ
3109 792 3251 847 κατὰ
3289 788 3384 844 τοῦ
3420 788 3655 861 Κυρίου,

409 908 504 950 sus
531 890 814 948 Christum
843 890 964 962 ejus
995 891 1038 922 "’
1067 909 1081 945 :
1116 910 1136 944 ι
1162 890 1364 962 quibus
1391 889 1650 958 deinceps
1690 885 1940 959 adjungit

2104 899 2173 953 ιαὶ
2199 895 2339 952 κατὰ
2377 894 2474 949 τοῦ
2518 888 2754 966 Χριστοῦ
2789 886 2986 944 αὐτοῦ’
3027 906 3047 938 t
3082 879 3164 950 οἷς
3201 883 3328 955 ἐξῆς
3372 880 3650 950 ἐπιλέγειο

417 1005 437 1039 ι
470 984 585 1057 Ego
612 992 795 1040 autem
826 983 1162 1039 constitutus
1185 997 1308 1040 sum
1340 997 1435 1038 rex
1464 982 1532 1037 ab
1557 995 1624 1036 eo
1651 994 1817 1051 super
1848 976 1963 1034 Sior

2175 989 2317 1060 Ἐγὼ
2385 988 2446 1043 δέ
2511 981 2852 1052 κατεστάθην
2911 978 3163 1052 βασιλεὺς
3216 975 3307 1030 ὐπ’
3357 971 3523 1028 αὑτοῦ
3558 973 3660 1026 ἐπὶ

412 1084 600 1134 monte
637 1084 831 1134 sancto
855 1076 1008 1146 ejus,
1047 1074 1312 1130 nuntians
1350 1079 1683 1144 praeceptum
1716 1068 1933 1125 Domini

2117 1081 2219 1137 ιιὼν
2263 1081 2390 1154 ὅρος
2441 1079 2504 1132 τδ
2555 1078 2707 1148 ἆγιον
2765 1072 2962 1129 αὐτοῦ.
3022 1067 3353 1140 διαγγέλλων
3398 1066 3460 1120 τὸ
3494 1066 3663 1139 πρόσ-

412 1169 683 1228 Dominus
735 1169 874 1225 dixit
917 1168 985 1223 ad
1035 1182 1125 1223 me
1165 1165 1388 1223 :Filius
1434 1179 1590 1219 meus
1635 1178 1696 1219 es
1740 1170 1834 1226 tu,
1880 1174 1958 1231 egi

2120 1193 2266 1248 αγμα
2306 1172 2530 1247 Κυρίου.
2565 1169 2768 1241 Κύριος
2813 1165 2930 1221 εἷπε
2971 1180 3111 1237 προς
3148 1161 3216 1235 μέ
3240 1179 3254 1193 ·
3285 1160 3414 1225 Υἱός
3462 1176 3565 1232 μου
3612 1154 3666 1212 εἴ

412 1261 579 1320 hodie
606 1261 770 1334 genui
800 1269 890 1316 te:
924 1259 1139 1331 postula
1178 1272 1211 1312 a
1255 1271 1372 1322 me,
1402 1262 1458 1311 et
1486 1255 1627 1311 dabo
1662 1252 1759 1308 tibi
1795 1259 1958 1324 gente:

2120 1270 2171 1334 ὺ,
2207 1266 2317 1337 ἐγὼ
2353 1266 2590 1336 σήμερον
2628 1257 2932 1331 γεγέννηκά
2962 1274 3043 1311 σε.
3075 1254 3304 1327 Δῖτησαι
3332 1253 3460 1325 παρ’
3498 1250 3666 1324 ἐμοῦ,

410 1356 783 1414 ιιωιυοόὶιειοω
816 1360 996 1419 tuam,
1023 1358 1078 1408 et
1106 1350 1510 1422 possessionem
1541 1356 1690 1403 tuam
1720 1344 1952 1400 termino

2122 1359 2178 1412 αὶ
2213 1356 2369 1412 δώσω
2402 1372 2484 1409 σοι
2530 1352 2658 1424 ἐθνη
2699 1348 2798 1421 τὴν
2840 1346 3199 1419 κληρονομίαν
3233 1361 3364 1409 σου,
3412 1342 3509 1397 καὶ
3556 1341 3668 1413 τὴν

412 1456 574 1509 term
602 1447 648 1481 ³⁸
677 1465 697 1502 ι
724 1467 744 1500 ι
777 1444 1099 1517 planissime
1128 1442 1295 1499 etiam
1339 1442 1397 1496 in
1443 1439 1530 1497 his
1562 1437 1781 1493 divinus
1812 1434 1955 1507 Spiri

2122 1446 2408 1520 ατάσχεσὶν
2439 1462 2531 1500 σου
2557 1443 2627 1498 τὰ
2652 1443 2860 1516 πέρατα
2890 1440 2987 1512 τῆς
3006 1438 3129 1509 γῆς.
3164 1454 3183 1488 ι
3214 1433 3534 1505 Σαφέστατα
3563 1432 3668 1486 καὶ

415 1551 505 1598 tus
554 1540 836 1597 Christum
892 1535 1161 1609 appellat,
1216 1533 1421 1605 Deique
1476 1530 1729 1587 eumdem
1785 1528 1961 1584 Filiun

2119 1542 2173 1596 ιὰ
2205 1540 2412 1595 τούτων
2450 1537 2514 1591 τὸ
2554 1537 2695 1591 θεῖον
2722 1532 2947 1604 Πνεῦμα
2974 1530 3065 1584 τὸν
3095 1527 3329 1601 Χριστὸν
3362 1526 3665 1596 ἀναφωνεϊ,

412 1639 575 1689 vocat
595 1671 611 1696 ,
641 1630 789 1687 sicut
816 1642 919 1684 nos
948 1625 1256 1683 docuerunt
1288 1637 1353 1680 ea
1387 1637 1509 1694 quae
1540 1620 1796 1693 superius
1837 1619 1958 1674 dict:

2125 1633 2213 1688 ’ἰόν
2251 1649 2313 1686 τε
2347 1630 2508 1685 αὐτὸν
2525 1626 2789 1683 ἀποκαλεῖ
2825 1622 2921 1677 τοῦ
2957 1620 3092 1677 Θεοῦ
3132 1617 3273 1675 κατὰ
3311 1616 3381 1671 τὰ
3426 1633 3671 1688 προηγο-

416 1731 584 1789 sunt,
621 1721 898 1792 simulque
927 1729 981 1775 et
1008 1716 1533 1775 circumventionem
1568 1711 1862 1785 quamdam
1899 1709 1962 1764 fu-

2123 1724 2347 1796 ευμένα,
2378 1719 2514 1794 ὁμοῦ
2544 1720 2639 1773 καλ⁵
2672 1713 2963 1787 ἐπιϐουλήν
3005 1729 3128 1766 τινα
3161 1708 3377 1764 ἔσεσθαι
3411 1706 3536 1761 κατ’
3562 1707 3669 1759 αὐ-

413 1825 601 1873 turam
656 1783 851 1870 contra
904 1812 1059 1867 illum
1113 1810 1423 1882 significat,
1479 1818 1534 1864 et
1585 1783 1831 1878 gentium
1886 1817 1959 1874 pe

2124 1817 2178 1873 οῦ
2222 1816 2498 1889 σημαίνει,
2540 1807 2769 1866 καὶτῶν
2806 1804 2976 1860 ἐθνῶν
3015 1803 3113 1877 τὴν
3143 1802 3212 1857 δι’
3244 1797 3409 1855 αὐτοῦ
3441 1797 3670 1871 γενομέ-

414 1906 668 1965 eumdem
698 1905 939 1960 futuram
972 1902 1320 1960 vocationem
1349 1908 1476 1955 ante
1505 1897 1793 1955 denuntiat
1813 1937 1827 1962 ,
1861 1911 1960 1966 qua

2130 1927 2183 1983 ην
2222 1888 2413 1980 κλῆσιν
2472 1900 2874 1978 προκηρύττειο
2928 1897 3072 1969 ἆπερ
3123 1888 3441 1983 διαρρήδηνΔ
3479 1890 3676 1983 αὐτοῖς

415 1998 640 2072 quidem
686 2013 748 2054 re
792 1996 921 2068 ipsa.
962 1996 1142 2067 palam
1190 1995 1247 2051 in
1296 1992 1577 2048 Salvatore
1617 1997 1808 2047 nostro
1852 1987 1961 2044 Iesu

2126 1979 2268 2076 ργοις
2299 1979 2392 2053 ἐπὶ
2417 1995 2511 2051 τοῦ
2538 1994 2791 2066 Σωτῆρος
2822 1989 2978 2063 ἡμῶν
3021 1984 3197 2059 Ἰησοῦ
3220 1981 3455 2056 Χριστοῦ
3482 1983 3519 2053 ἡ
3550 1979 3672 2034 τῶν

418 2088 646 2146 Christo
678 2088 798 2160 ipse
841 2101 1028 2142 rerum
1072 2093 1301 2142 eventus
1341 2082 1655 2141 declaravit.
1700 2078 1810 2136 Nec
1853 2079 1964 2134 dun

2124 2073 2428 2168 έραγμάτων
2458 2085 2730 2151 ἐπέδειξεν
2763 2081 3007 2146 ἔκϐασις.
3043 2076 3224 2135 Εἰσέτι
3255 2075 3365 2146 γὰρ
3404 2074 3497 2129 νῦν
3532 2073 3670 2144 ἔθνη

414 2180 585 2255 igitur
611 2188 803 2254 gentes
822 2219 838 2246 .
864 2187 920 2235 et
944 2179 1167 2251 populi,
1197 2186 1251 2236 et
1278 2192 1434 2249 reges
1475 2183 1532 2233 et
1586 2173 1860 2245 principes
1887 2171 1955 2228 dc

2128 2164 2182 2239 at
2198 2164 2581 2254 λαοὶ,βασιλεῖς
2590 2195 2650 2232 τε
2667 2176 2761 2231 καὶ
2774 2170 3115 2246 ἄρχοντες,οὐ
3129 2166 3390 2222 παύονται
3407 2165 3506 2236 τῆς
3521 2164 3674 2219 κατά

416 2280 653 2342 sistunt,
681 2284 796 2330 tum
825 2273 1090 2331 adversus
1122 2272 1275 2328 illum
1305 2278 1418 2327 tum
1451 2271 1712 2328 adversus
1739 2269 1962 2342 ejusden

2128 2295 2147 2330 ε
2164 2273 2327 2330 αὐτοῦ
2346 2272 2551 2343 καὶτῆς
2564 2265 2914 2329 διδασκαλίας
2931 2261 3096 2318 αὑτοῦ
3113 2256 3403 2327 ωσκευῆς.
3422 2256 3486 2309 Εἰ
3502 2255 3546 2309 δ’
3570 2255 3674 2309 ἐπὶ

416 2368 720 2424 doctrinam
746 2365 1058 2425 convenire.
1077 2364 1233 2433 Quod
1254 2364 1301 2421 si
1322 2363 1438 2420 haec
1456 2361 1628 2420 Judaei
1649 2363 1717 2419 ad
1742 2362 1962 2419 futurun

2122 2365 2351 2421 ιέλλοντα
2377 2361 2566 2434 χρόνον
2600 2355 2921 2428 ἀναφέροιεν
2951 2351 3123 2406 ταῦτα
3148 2351 3198 2403 οἱ
3236 2350 3301 2403 ἐκ
3333 2346 3668 2418 περιτομῆς,

418 2459 662 2518 referant
693 2468 945 2531 tempus,
997 2459 1110 2530 jam
1164 2458 1288 2514 illos
1335 2456 1493 2513 fateri
1533 2462 1811 2527 oporteat,
1862 2470 1964 2511 eun

2126 2476 2205 2533 ιρα
2227 2457 2319 2510 τὸν
2343 2449 2789 2527 προσδοκώμενον
2813 2447 2997 2511 αὐτοῖς
3018 2441 3251 2518 Χριστὸν
3275 2438 3672 2510 ἐπιϐουλευθή-

416 2568 578 2624 quem
625 2552 731 2624 ipsi
759 2558 1077 2623 exspectant
1107 2548 1411 2614 Christum,
1466 2562 1661 2604 rursus
1687 2546 1962 2603 circumve

2124 2530 2278 2603 εσθαι
2293 2543 2448 2609 αὖθις
2462 2542 2765 2617 ὁμολογεῖν,
2785 2538 2928 2595 κατὰ
2940 2536 3001 2593 τὸ
3016 2533 3187 2608 παρὸν
3201 2531 3403 2602 λόγιον,
3429 2530 3670 2599 φάσκονο

430 2643 696 2701 niendum
716 2683 732 2707 ,
756 2644 898 2701 sicut
917 2656 1158 2713 praesens
1184 2641 1347 2696 habet
1365 2639 1647 2696 oraculum
1664 2678 1680 2703 ,
1707 2638 1853 2709 quod
1875 2637 1976 2692 ait:

2142 2641 2495 2715 Παρέστησαν
2523 2638 2575 2691 οἱ
2606 2633 2847 2708 βασιλεῖς
2887 2630 2990 2704 τῆς
3036 2628 3162 2700 γῆς,
3188 2626 3283 2681 καὶ
3314 2625 3362 2679 οἱ
3402 2625 3675 2697 ἄρχοντες

428 2734 589 2808 183
617 2753 635 2786 ε
675 2733 979 2789 Astiterunt
1004 2746 1160 2803 reges
1187 2739 1366 2795 terrae,
1396 2737 1450 2786 et
1477 2728 1750 2802 principes
1789 2743 1974 2784 conve-

2133 2734 2433 2809 υνήχθησαν
2464 2730 2558 2785 ἐπὶ
2589 2728 2665 2784 τὸ-
2696 2727 2826 2782 αὐτὸ
2856 2723 2999 2781 κατὰ
3029 2722 3124 2777 τοῦ
3151 2718 3356 2792 Κυρίου
3400 2718 3495 2772 καλ⁵
3524 2716 3679 2771 κατὰ

421 2833 624 2884 nerunt
662 2827 719 2881 in
769 2841 935 2882 unum
995 2825 1257 2881 adversus
1312 2821 1622 2888 Dominum,
1646 2829 1701 2878 et
1726 2822 1967 2878 adversu:

2135 2827 2196 2883 οῦ
2233 2823 2469 2899 Χριστοῦ
2499 2819 2664 2877 αὑτοῦ
2700 2837 2715 2852 ο
2752 2838 2771 2872 ι
2803 2819 2938 2892 ὅπερ
2970 2816 3071 2872 οὐκ
3112 2815 3180 2870 ἂν
3211 2814 3371 2881 δοῖεν,
3397 2810 3680 2883 δυνάστην

422 2917 700 2975 Christum
731 2918 852 2988 ejus
886 2936 900 2972 :
944 2937 962 2970 ι
1003 2915 1149 2988 quod
1186 2931 1319 2972 sane
1346 2914 1527 2970 daturi
1553 2929 1823 2986 nusquam
1855 2914 1966 2970 sint

2133 2901 2215 2977 ιῦὰ
2250 2920 2423 2994 μέγαν
2444 2972 2445 2977 η
2464 2916 2560 2971 καὶ
2590 2912 2814 2987 βασιλέα
2845 2911 3061 2967 αἰώνιον
3093 2908 3189 2964 καὶ
3222 2905 3502 2979 λυτρωτὴν
3536 2906 3679 2959 ἐαυ-

418 3010 624 3083 quippe
654 3010 750 3082 qui
792 3024 1049 3080 magnum
1083 3008 1374 3080 quemdam
1417 3008 1742 3080 principem,
1778 3022 1957 3079 regem

2133 3014 2201 3069 ῶν
2249 3011 2469 3067 ἔσεσθαι
2511 3008 2601 3063 τὸν
2654 3005 2852 3078 ἥξοντα
2886 3000 3119 3075 Χριστὸν
3149 2996 3574 3071 προσδοκῶντες.
3610 2996 3679 3048 ΕΞ

422 3110 863 3174 (ιιιοεωιει-ιιιιιιι,
916 3101 1439 3173 Redemptoremque
1496 3116 1659 3157 suum
1698 3099 1815 3156 fore
1841 3114 1963 3156 eum

2134 3107 2202 3179 ὰρ
2229 3105 2294 3179 δὴ
2322 3106 2571 3164 κάκεῖνος
2603 3097 2770 3155 ἐλθὼν
2797 3096 2867 3151 τὰ
2893 3096 3053 3167 ὃμοια
3084 3092 3245 3147 πάθοι
3265 3089 3343 3162 τῷ
3369 3087 3680 3160 ἐληλυθότι,

423 3195 520 3268 qui
563 3202 830 3253 venturus
859 3195 951 3262 sit,
981 3194 1259 3251 Christum
1286 3201 1600 3266 exspectent
1633 3213 1648 3249 :
1681 3207 1807 3249 nam
1855 3193 1904 3248 si
1940 3208 1969 3250 e

2138 3200 2194 3255 αὶ
2219 3198 2273 3253 τί
2309 3197 2384 3270 μὴ
2416 3195 2614 3268 μᾶλλον
2643 3190 2837 3262 ἐκεινῳ
2864 3189 2899 3261 ἢ
2933 3187 3108 3258 τούτῳ
3140 3181 3453 3241 πιστευτέον
3480 3179 3517 3252 ἢ
3544 3180 3684 3233 ἀπι-

424 3290 519 3346 ille
555 3303 682 3345 cum
708 3288 920 3345 venerit
961 3286 1151 3345 eadem
1194 3288 1434 3360 patiatur
1476 3303 1599 3360 quae
1638 3287 1753 3359 jam
1798 3302 1970 3358 passu

2135 3290 2355 3362 τητέον;
2389 3288 2453 3341 Εἰ
2503 3285 2582 3351 δὲ,
2625 3280 2874 3338 ἐντεῦθεν
2924 3276 3392 3351 ἀποκλεισθέντες,
3439 3273 3533 3325 ἐπὶ
3580 3271 3681 3324 τὸν

422 3390 511 3439 est
543 3382 639 3454 qui
679 3382 848 3449 venit,
876 3380 1007 3452 quid
1055 3359 1237 3437 causae
1269 3381 1342 3437 sit
1371 3396 1472 3437 cur
1498 3359 1592 3437 illi
1625 3379 1808 3452 potius
1831 3395 1968 3452 quan

2132 3382 2258 3439 ,αόὶδ
2288 3380 2327 3454 ἦ
2362 3396 2483 3435 τινα
2507 3376 2614 3432 τῶν
2647 3374 2706 3440 ἐξ
2731 3371 2893 3427 αὐτοῦ
2920 3369 3226 3442 γενομένων
3270 3362 3530 3433 βασιλέων
3573 3359 3678 3415 τοῦ

391 3498 397 3505 ε
423 3476 555 3531 huic
590 3474 921 3531 credendum
947 3482 1042 3529 aut
1068 3488 1181 3529 non
1209 3472 1573 3530 credendum!
1600 3472 1757 3541 Quod
1786 3473 1834 3530 si
1871 3472 1937 3528 int

2131 3453 2378 3530 Ιουδαιων
2419 3470 2605 3533 ἐθνους
2642 3467 2963 3539 ἀναφέροιεν
2996 3463 3088 3517 τὸν
3108 3458 3353 3534 χρησμὸν
3376 3496 3391 3521 ,
3414 3456 3509 3510 καὶ
3528 3453 3677 3508 οῦτω

424 3568 655 3635 exclusi,
686 3567 755 3623 ad
781 3566 971 3640 David,
994 3566 1110 3623 sive
1131 3566 1199 3623 ad
1228 3567 1535 3639 quempiam
1565 3581 1634 3624 ex
1661 3565 1808 3623 illius
1829 3581 1970 3639 nepo

2126 3565 2353 3630 εικτέον,
2378 3563 2453 3627 ὡς
2479 3560 2603 3615 οὔτε
2636 3558 2820 3623 Δαὸὶδ,
2853 3554 2964 3611 οὗθ’
2995 3553 3180 3627 ἐτερός
3202 3568 3288 3616 τις
3316 3547 3423 3603 τῶν
3450 3545 3672 3600 πώποτε

425 3655 839 3715 tibnS'Iudaiezr.
864 3658 1041 3729 gentis
1064 3672 1270 3729 regem,
1287 3656 1572 3713 oraculum
1604 3655 1865 3721 referant,
1883 3655 1971 3726 jau

2128 3661 2226 3732 παρ’
2260 3655 2528 3730 Ἑϐραίοις
2554 3649 2829 3722 διαφανῶν
2864 3648 3139 3720 ἱστόρηται
3165 3642 3277 3699 οὔθ’
3299 3642 3426 3706 Υἱὸς
3457 3656 3674 3712 χρημα-

425 3752 534 3808 erit
555 3751 1038 3808 demonstrandum
1059 3750 1207 3823 quod
1228 3765 1408 3821 neque
1430 3748 1623 3815 David,
1654 3764 1832 3821 neque
1856 3750 1971 3804 aliu

2127 3751 2254 3815 λίσας
2290 3748 2385 3803 τοῦ
2406 3744 2565 3811 Θεοῦ,
2591 3742 2705 3798 οὔθ’
2740 3741 2845 3796 ὑπὸ
2875 3741 2968 3796 τοῦ
2998 3738 3132 3794 Θεοῦ
3166 3734 3545 3808 γεγενημένος,
3572 3750 3673 3786 κα-

425 3844 698 3917 quispiam
749 3859 939 3902 eorum
993 3844 1087 3915 qui
1134 3857 1376 3915 unquam
1410 3842 1554 3914 apud
1584 3839 1844 3897 Hebraeos
1872 3841 1970 3897 illu

2129 3843 2165 3898 ὰ
2193 3843 2286 3897 τὸν
2310 3843 2369 3895 ἐν
2389 3838 2468 3911 τῷ
2486 3834 2686 3910 ψαλμῷ
2713 3831 3123 3905 θεσπιζόμενον,
3145 3829 3255 3884 οὐδ’
3279 3828 3390 3901 ἄρα
3407 3825 3512 3880 ὑπὸ
3534 3825 3674 3878 πάν-

428 3944 577 3994 stres
622 3935 844 4003 fuerint,
891 3942 1244 3999 memoratur,
1274 3933 1371 4004 qui
1420 3940 1515 3990 aut
1568 3932 1741 3990 Filius
1782 3932 1878 3989 Dei
1928 3933 1973 3989 si

2132 3954 2204 3991 ων
2232 3932 2340 3989 τῶν
2372 3930 2542 3986 ἐθνῶν
2571 3929 2668 3985 καὶ
2699 3928 2982 4001 βασιλέων,
3010 3923 3288 3998 ἀρχόντων
3311 3929 3371 3973 τε
3407 3919 3500 3973 καὶ
3528 3917 3678 3972 λαῶν

429 4030 614 4101 aliquo
647 4030 868 4086 oraculo
890 4028 1099 4094 dictus,
1120 4037 1213 4082 aut
1237 4028 1307 4084 ab
1328 4029 1446 4098 ipse
1471 4025 1580 4083 Deo
1601 4027 1837 4099 genitus.
1856 4025 1970 4080 sicu

2129 4022 2634 4097 πιὸεϐουλευμένος.
2683 4022 2748 4076 Εἰ
2798 4021 2843 4076 δ’
2881 4018 3055 4081 οὐδεὶς
3106 4014 3330 4068 ἐκείνων
3376 4009 3674 4074 δείκνυται,

428 4099 538 4178 ille
564 4121 634 4178 de
665 4136 776 4194 quo
814 4120 1067 4177 Psalmus
1115 4121 1443 4176 vaticinatur
1493 4135 1671 4191 neque
1724 4120 1974 4191 imperan:

2126 4120 2282 4182 ιὺτοῖς
2325 4117 2368 4171 δ’
2398 4116 2580 4189 ἐργοις
2608 4113 2925 4168 συνίσταται
2950 4107 3121 4164 ταῦτα
3150 4105 3345 4169 πάντα,
3379 4101 3473 4155 καὶ
3498 4099 3672 4155 πάλαι

428 4210 645 4268 cunctis
674 4191 948 4282 gentibus,
979 4219 1034 4266 et
1077 4209 1301 4282 regibus
1337 4218 1392 4266 et
1424 4211 1788 4282 principibus,
1819 4218 1875 4267 et
1903 4226 1974 4282 po

2136 4211 2202 4266 ,ἐν
2250 4208 2566 4281 ὑπομείνας,
2601 4206 2696 4262 καὶ
2726 4203 2821 4260 νῦν
2851 4203 2908 4258 δὲ
2940 4201 3022 4256 ἐτι
3058 4197 3151 4255 καὶ
3184 4198 3421 4270 σήμερον
3469 4191 3573 4247 ὑπό

430 4305 598 4376 pulis,
618 4281 713 4374 qui
745 4304 818 4359 sit
842 4302 1057 4360 insidiis
1082 4281 1513 4360 circumventus.
1544 4281 1639 4360 Sin
1669 4313 1851 4361 autem
1874 4281 1976 4360 illo-

2141 4302 2361 4358 ασιλέων
2380 4302 2474 4357 καὶ
2505 4300 2802 4373 ἀρχόντων,
2829 4294 2998 4351 ἐθνῶν
3020 4310 3081 4346 τε
3105 4289 3201 4346 καὶ⁵
3221 4286 3389 4353 λαῶν,
3416 4281 3687 4376 πολεμβῷ

430 4410 555 4449 rum
588 4372 771 4453 nullus
800 4397 924 4452 talis
950 4397 1280 4462 ostenditur,
1309 4404 1365 4452 et
1409 4412 1470 4453 re
1504 4396 1621 4467 ipsa
1653 4405 1850 4452 cuncta
1881 4396 1976 4453 btet

2144 4411 2264 4459 ενος
2307 4395 2336 4447 ὁ
2376 4392 2611 4477 Χριστὸς
2651 4390 2744 4444 τοῦ
2785 4385 2942 4452 Θεοῦ,
2981 4385 3035 4439 τι
3070 4384 3130 4438 τὸ
3157 4377 3407 4453 ἐμποδὼν
3450 4374 3525 4447 μὴ
3555 4372 3689 4477 οῦχὶ

429 4487 846 4554 conﬁrmantur,
864 4496 978 4544 tum
999 4489 1218 4560 quidem
1248 4488 1394 4560 quod
1411 4465 1541 4544 olim
1555 4489 1647 4544 illa
1662 4490 1975 4546 sustinuerit

2144 4487 2273 4541 debv
2301 4465 2443 4539 εἶναι
2467 4465 2559 4538 τὸν
2585 4480 3055 4556 προφητευόμενον
3078 4472 3167 4529 διὰ
3188 4470 3282 4526 τοῦ
3306 4470 3577 4560 φήσαντος
3596 4465 3690 4518 λο-

428 4585 550 4636 tum
596 4594 726 4635 vero
770 4581 914 4651 quod
960 4558 1138 4638 adhuc
1167 4558 1330 4654 atque
1358 4582 1520 4638 hodie
1546 4596 1783 4653 quoque,
1807 4597 1839 4637 a
1862 4584 1974 4654 regi

2141 4580 2228 4634 ton
2248 4598 2267 4613 ν
2297 4598 2316 4632 ι
2346 4577 2705 4650 Παρὲστησαν
2734 4575 2786 4629 οἱ
2825 4570 3065 4644 βασιλεῖς
3091 4566 3190 4638 τῆς
3221 4563 3346 4634 γῆς,
3378 4559 3549 4654 καλοῖ
3582 4558 3687 4654 ἀρῇ

430 4673 557 4739 bus,
601 4681 656 4729 et
695 4649 1054 4745 principibus,
1095 4686 1150 4732 et
1185 4649 1458 4748 gentibus,
1489 4649 1813 4747 et_populis
1843 4649 1973 4732 Chri

2145 4692 2296 4744 οντες
2321 4670 2664 4745 συνήχθησαν
2694 4667 2786 4723 ἐπὶ
2807 4665 2867 4721 τὺ
2897 4662 3029 4718 αὐτὸ
3052 4659 3190 4716 κατὰ
3221 4656 3315 4712 τοῦ
3348 4652 3553 4750 Κυρίου
3593 4649 3691 4703 καὶ

431 4775 557 4822 stus
576 4764 671 4821 Dei
695 4742 1069 4839 ioppug—netur,
1100 4742 1231 4837 quid
1255 4767 1370 4837 jam
1405 4742 1761 4838 impediat-ne
1787 4768 1903 4839 ipse
1932 4768 1977 4824 si

2146 4766 2254 4823 ard:
2272 4765 2367 4821 τοῦ
2386 4742 2621 4836 Χριστοῦ
2646 4758 2843 4825 αὐτοῦς
2873 4776 2892 4809 ο
2924 4755 3089 4825 Μόνῳ
3109 4752 3165 4806 δέ
3182 4747 3329 4819 αὐτῷ
3355 4746 3447 4802 καὶ
3472 4742 3543 4797 τὰ
3568 4744 3692 4795 ἐπι-

429 4860 499 4917 de
525 4874 635 4930 quo
672 4832 953 4917 oraculum
976 4832 1462 4917 illud-vaticinatur
1482 4832 1638 4933 quod
1672 4862 1747 4916 ait
1775 4832 1969 4918 ςὲΑειί

2142 4859 2390 4931 ρερόμενα
2435 4832 2694 4933 ᾇρμόττοι
2727 4850 2793 4906 ἂν
2822 4847 2918 4903 τοῦ
2957 4841 3173 4933 ψαλμοῦ
3214 4841 3280 4895 δι’
3310 4832 3398 4933 ὧνΔ
3424 4834 3644 4906 εἴρηται
3668 4850 3688 4864 ν

428 4960 614 5008 terunt
664 4967 820 5024 reges
879 4961 1040 5010 terra:
1096 4964 1150 5010 et
1196 4939 1474 5027 principes
1511 4929 1901 5011 convenerunt
1949 4953 1974 5008 i1

2164 4929 2367 5023 Κύριος
2389 4929 2510 5002 εἷπε
2535 4945 2673 5018 πρὸς
2703 4943 2798 5017 μέ·
2829 4940 2958 5005 Υἱός
2991 4955 3092 5011 μου
3120 4931 3171 4989 εἴ
3191 4934 3277 4998 σὺ,
3310 4929 3421 5001 ἐγὼ
3449 4929 3691 5027 σήμερον

428 5061 632 5113 unum,
663 5046 926 5105 adversus
962 5020 1274 5113 Dominum,
1319 5020 1395 5105 etv
1419 5047 1683 5105 adversus
1725 5046 1974 5104 Christum

2144 5020 2415 5116 ἐγέννηκά
2442 5058 2524 5098 σε.
2557 5038 2787 5111 Αἴτησαι
2816 5037 2945 5108 παρ’
2972 5030 3128 5105 ἐμοῦ,
3152 5028 3245 5083 κα)⁵
3273 5025 3429 5081 δώσω
3453 5040 3535 5078 σοι
3556 5020 3690 5116 ἔθνη

428 5135 598 5206 ejus?
633 5155 653 5189 ι
686 5136 781 5192 uni
814 5137 978 5194 etiam
1011 5139 1186 5196 eidem
1213 5154 1333 5211 qua:
1360 5140 1415 5194 in
1446 5139 1638 5196 eodem
1671 5138 1883 5211 psalmo
1913 5153 1973 5194 se

2150 5111 2211 5208 ὴν
2260 5111 2622 5207 κληρονομίαν
2669 5145 2787 5191 σου,
2822 5124 2919 5180 καὶ
2957 5122 3057 5196 τὴν
3104 5116 3432 5190 κατάσχεσιν
3477 5130 3572 5167 σου
3620 5111 3696 5165 τὰ

428 5237 674 5300 quuntur
722 5231 1071 5298 conveniant,
1104 5232 1160 5286 in
1194 5205 1396 5303 quibus
1427 5231 1635 5288 dictum
1672 5205 1762 5288 est
1793 5250 1807 5285 :
1843 5250 1864 5282 ‹
1894 5229 1974 5285 Βο

2148 5205 2329 5300 τέρατα
2352 5205 2463 5296 τῆς
2488 5224 2612 5295 γῆς.
2643 5242 2661 5275 ι
2696 5219 2807 5275 Καὶ
2831 5217 2941 5291 γὰρ
2966 5216 3062 5270 καὶ
3089 5212 3258 5269 ταῦτα
3287 5205 3694 5282 ἀναμῳζλεκτον

430 5297 614 5377 minus
641 5322 779 5377 dixit
826 5323 893 5380 ad
919 5338 1005 5380 me
1036 5297 1063 5379 εν
1087 5297 1261 5380 Filius
1306 5339 1464 5381 meus
1492 5339 1553 5380 es
1581 5331 1662 5389 tu,
1697 5338 1799 5395 ego
1846 5322 1973 5379 hodi

2150 5297 2209 5373 tri.
2240 5318 2409 5391 μόνου.
2428 5314 2594 5371 αὐτοῦ
2622 5313 2722 5386 τὴν
2754 5311 2977 5366 ἔκϐασιν
2997 5308 3094 5380 τῆς
3123 5300 3457 5378 προφητείας
3477 5297 3696 5369 ἀνεῦαλοε

431 5411 594 5479 genui
638 5419 694 5468 te
719 5415 967 5484 :postula
1007 5429 1038 5469 a
1072 5431 1159 5471 me
1182 5423 1237 5471 et
1258 5413 1401 5472 dabo
1428 5415 1530 5472 tibi
1553 5390 1759 5488 gentes.
1778 5413 1977 5472 hteredi

2150 5390 2347 5479 ιεν,ὃτε
2370 5410 2480 5466 τῶν
2502 5406 2667 5465 αὐτοῦ
2690 5403 2950 5479 μαθητῶν
2969 5404 3049 5466 εἰς
3074 5400 3253 5455 πᾶσαν
3280 5394 3377 5468 τὴν
3404 5393 3510 5465 γῆν
3536 5390 3696 5461 ἐξῆλ-

431 5505 597 5556 tzitcm
629 5511 799 5573 tuam,
814 5515 869 5562 et
890 5507 1297 5579 possessionem
1317 5514 1468 5564 tuam
1484 5481 1750 5565 terminos
1775 5515 1964 5576 terrae;

2155 5524 2209 5562 εν
2240 5507 2268 5559 ὀ
2301 5503 2556 5574 φθόγγος,
2580 5502 2674 5557 καὶ
2695 5501 2776 5565 εἰς
2802 5498 2872 5553 τὰ
2896 5495 3107 5568 πέρατα
3138 5491 3238 5563 τῆς
3261 5484 3591 5558 οἰκουμένης
3637 5481 3701 5579 τὰ

430 5590 633 5648 etenim
667 5593 784 5651 haec
824 5613 1043 5670 quoque
1095 5600 1462 5659 indubitatum
1511 5604 1566 5659 in
1589 5618 1698 5661 uno
1727 5603 1821 5660 illo
1851 5574 1976 5660 even

2159 5600 2342 5673 ἡματα
2376 5596 2581 5653 αὐτῶν.
2606 5616 2625 5649 ι
2660 5590 2963 5666 Διαῤῥήδην
3007 5587 3065 5644 δέ
3106 5585 3199 5640 τὸν
3229 5579 3465 5656 Χριστὸν
3498 5574 3705 5651 δυσμῶ-

508 5745 722 5806 "Psal.
768 5767 829 5821 ιι,
879 5754 900 5808 l
936 5752 990 5807 9..
1068 5757 1111 5791 ³⁸
1137 5757 1273 5814 ibid.
1313 5756 1428 5816 6-8.
