3930 6202
312 173 417 234 509

307 296 392 358 ζει
423 289 834 363 προαγορεύσας
861 291 889 344 ό
917 291 1090 360 λόγος,
1117 292 1190 357 ώς
1213 293 1278 348 ἂν
1307 295 1366 360 ἐξ
1391 295 1554 348 αὑτοῦ
1582 296 1872 368 προσώπου

299 383 569 436 διδάσκων
619 381 781 436 αὑτὸν
830 376 966 435 εἶναι
1017 379 1106 435 τὸν
1139 383 1264 437 Υίὸν
1302 384 1396 439 τοῦ
1433 383 1588 450 Θεοῦ,
1629 385 1715 438 διὰ
1756 385 1872 449 τοῦ,

303 494 326 526 ι
359 473 561 543 Κύριος
599 470 720 525 εἶπε
757 473 890 543 πρὸς
922 472 988 543 μέ
1011 489 1025 504 ο
1059 473 1185 537 Υἱός
1220 492 1320 545 μου
1352 470 1402 528 εἴ
1430 476 1515 538 σὺ,
1551 473 1660 543 ἐγὼ
1705 476 1877 546 σήμε-

299 583 396 638 ρον
428 563 734 634 γεγέννηκά
773 581 831 616 σε
870 581 882 594 ·
926 583 944 615 ι
993 557 1036 631 ᾧ
1080 565 1415 636 παραθήσεις
1453 567 1546 619 καὶ
1576 565 1636 618 τὸ
1665 568 1723 618 ὲν
1756 568 1872 620 [Ia-

294 657 544 732 ροιμίαις
577 655 737 710 πάλιν
769 655 826 719 ἐξ
850 655 1015 710 αὑτοῦ
1052 655 1340 726 προσώπου
1365 651 1466 712 ὧδέ
1502 677 1617 722 πως
1647 659 1870 730 εἰρημέ-

293 769 388 805 νον
407 767 421 783 ·
468 767 488 800 ι
517 747 631 821 Πρὸ
655 745 747 799 τοῦ
781 745 880 817 ὅρη
916 747 1258 818 ὲδρασθῆναιζ
1293 748 1399 820 πρὸ
1427 749 1482 801 δὲ
1504 749 1718 802 πάντων
1748 750 1870 820 βου-

288 841 404 894 νῶν
433 840 599 911 γεννᾷ
632 854 719 909 με,
747 856 766 889 ι
799 837 859 889 τό
887 854 946 890 τε
979 840 1035 890 ἐν
1066 837 1144 910 ρθ¹
1162 838 1359 910 ψαλμῷ
1381 842 1515 912 πρὸς
1545 841 1636 893 τοῦ
1659 842 1871 913 Πατρὸς

293 933 446 1005 αύτῷ
479 931 1007 1004 προσπεφωνημένον
1038 931 1178 986 κατὰ
1207 931 1286 999 τὸ,
1312 952 1330 984 ι
1376 933 1466 986 Ἐκ
1499 935 1730 1005 γαστρὸς
1763 935 1868 1006 πρὸ

299 1025 617 1098 Ἑωσφόρου
640 1025 940 1095 γεγέννηκά
964 1041 1042 1077 σε.
1071 1044 1088 1076 ι
1111 1025 1430 1096 Ἐπίστησον
1455 1026 1531 1090 δὲ,
1559 1027 1632 1090 ώς
1655 1028 1750 1080 ἕνα
1773 1028 1866 1081 καὶ

286 1122 388 1174 τὸν
416 1119 576 1173 αὑτὸν
601 1118 855 1190 ὀνομαστὶ
886 1117 1118 1188 Χριστὸν
1148 1115 1283 1186 ὁμοῦ
1329 1117 1424 1170 καὶ
1449 1118 1575 1171 Υἱὸν
1609 1118 1742 1172 Θεοῦ
1774 1121 1863 1172 ὑπ’

284 1211 596 1284 ἀνθρώπων
628 1209 1120 1280 ἐπιϐουλευόμενον,
1156 1209 1248 1260 κοιλ⁷
1281 1208 1480 1281 κλῆρον
1507 1209 1574 1262 τὰ
1613 1209 1740 1280 ἔθνη
1769 1210 1864 1280 λη-

285 1305 548 1376 ψόμενον,
580 1304 828 1375 περάτων
856 1319 915 1355 τε
937 1301 1042 1372 γῆς
1071 1303 1412 1374 κρατήσοντα
1443 1302 1784 1368 θεσπίζουσιν
1808 1306 1862 1356 αἱ

285 1397 444 1470 ἱεραὶ
494 1396 724 1468 Γραφαὶ,
761 1395 881 1447 δυσί
911 1393 1229 1466 τεκμηρίοις
1275 1394 1372 1464 τὴν
1421 1396 1498 1456 εἰς
1547 1393 1863 1465 ἀνθρώπους

281 1489 602 1560 οἰκονομίαν
644 1488 808 1542 αύτοῦ
845 1489 1225 1559 σημαίνουσαι,
1259 1486 1348 1540 διά
1382 1503 1441 1538 τε
1469 1487 1569 1557 τῆς
1601 1486 1720 1538 κατ’
1759 1486 1858 1538 αὐ-

283 1581 389 1633 τοῦ
432 1581 693 1650 ωσκευῆς
725 1579 821 1634 καὶ
852 1578 942 1633 διὰ
969 1580 1068 1650 τῆς
1097 1580 1186 1632 ὑπ’
1210 1578 1369 1633 αὑτὸν
1401 1579 1506 1631 τῶν
1532 1576 1697 1631 ἐθνῶν
1726 1579 1860 1630 ὑπο-

283 1689 484 1742 ταγης.

1223 171 1873 237 DEMONSTRATIONIS
1910 182 2366 240 EVANGELICIE
2399 182 2527 241 LIB.
2562 181 2652 240 IV.

3435 187 3540 242 5l0

1975 307 2088 352 tum
2120 299 2415 369 prephetize
2443 308 2601 355 nacta
2643 306 2790 362 sunt,
2822 299 3038 370 quando
3073 300 3218 356 illius
3246 302 3541 374 discipulo-

1981 403 2100 442 rum
2139 407 2157 439 ι
2195 389 2252 442 in
2284 403 2495 442 omnem
2543 397 2744 443 terram
2792 388 2956 443 exivit
3003 403 3193 453 sonus,
3225 397 3279 445 ει
3311 392 3367 446 in
3407 391 3541 449 ﬁnes

1977 476 2128 532 orbis
2153 485 2310 531 terra:
2337 477 2496 532 verba
2526 492 2716 532 eorum
2732 477 2798 531 ³⁵.
2825 497 2844 529 ι
2878 475 3039 532 Plane
3057 487 3234 534 autem
3261 480 3539 537 Christum

1978 568 2221 622 nominat
2266 582 2384 638 qua:
2423 568 2695 622 antecedit
2746 569 2938 632 oratio,
2973 577 3233 639 tanquam
3267 586 3335 625 ex
3367 572 3540 642 ipsius

1977 673 2208 728 persona
2263 659 2484 722 docens,
2521 659 2670 714 illum
2725 676 2845 716 esse
2893 659 3088 714 Filium
3129 659 3246 724 Dei,
3283 662 3376 716 ubi
3413 665 3534 719 ait:

1981 768 1999 802 ι
2039 749 2297 806 Dominus
2329 749 2467 805 dixit
2493 749 2559 804 ad
2596 765 2714 804 me:
2748 749 2916 806 Filius
2945 767 3096 806 meus
3117 767 3177 806 es
3207 760 3286 817 tu,
3315 767 3412 822 ego
3441 753 3538 808 ho—

1975 842 2060 897 die
2107 843 2264 912 genui
2297 850 2380 907 te;
2427 861 2445 894 ι
2497 843 2584 896 cui
2628 843 2890 913 adjunges
2937 844 3099 898 etiam
3135 843 3268 899 illud
3305 845 3450 916 quod
3480 847 3536 902 in

1973 933 2339 991 Proverbiis“
2369 951 2434 990 ex
2483 950 2713 1006 persona
2749 934 2994 1005 ejusdem
3047 935 3310 1005 prolatum
3343 946 3426 991 est
3467 938 3535 992 ad

1971 1029 2118 1082 hunc
2163 1028 2382 1082 modum
2417 1043 2475 1082 se
2514 1027 2763 1083 habens:
2803 1046 2822 1079 ι
2860 1029 3162 1097 Antequam
3181 1037 3403 1084 .montes
3445 1035 3536 1083 ltr-

1971 1131 2268 1184 marentur,
2284 1131 2338 1176 et
2370 1131 2492 1176 ante
2525 1137 2716 1176 omnes
2745 1121 2913 1176 colles
2943 1122 3111 1192 gignit
3139 1138 3246 1190 me,
3271 1143 3290 1174 ι
3316 1123 3534 1194 etquod

1969 1211 2023 1265 in
2044 1211 2192 1266 cu“
2239 1212 2448 1281 psalmo
2479 1225 2509 1264 a
2549 1209 2706 1266 Patre
2735 1212 2802 1265 ad
2836 1213 2986 1266 illum
3019 1214 3221 1269 dictum
3281 1221 3390 1276 est,
3433 1213 3536 1270 hoc

1970 1302 2133 1356 modo
2159 1317 2171 1352 :
2202 1321 2219 1352 ι
2249 1301 2324 1356 Ex
2359 1311 2515 1356 utero
2542 1309 2666 1356 ante
2690 1301 2997 1357 Luciferum
3027 1303 3183 1374 genui
3210 1311 3279 1358 te.
3319 1323 3336 1355 ι
3375 1302 3535 1375 185

1971 1393 2078 1449 Sed
2118 1393 2356 1458 attende,
2392 1392 2846 1465 quemadmodum
2879 1410 3045 1449 unum
3078 1405 3132 1449 et
3158 1394 3416 1450 eumdem.
3437 1410 3534 1448 no-

1966 1486 2212 1540 minatim
2249 1485 2526 1542 Christum
2557 1483 2719 1540 simul
2748 1494 2800 1540 et
2830 1485 3026 1540 Filium
3063 1485 3177 1549 Dei,
3205 1487 3295 1555 qui
3333 1485 3403 1539 ab
3437 1484 3533 1538 ho-

1965 1577 2204 1634 minibus
2233 1579 2304 1634 sit
2325 1577 2855 1643 circumveniendus,
2871 1585 2924 1632 et
2946 1584 3146 1633 sortem
3171 1583 3356 1648 gentes
3380 1591 3532 1630 acce-

1965 1675 2179 1737 pturus,
2209 1675 2262 1722 et
2313 1667 2445 1722 ﬁnes
2498 1677 2657 1722 terrae
2701 1681 3080 1737 possessurus,
3134 1680 3302 1722 sacrae
3342 1667 3531 1720 litterae

285 1765 534 1821 futurum
571 1772 788 1828 canant,
817 1764 1027 1820 duobus
1059 1763 1228 1834 signis
1255 1764 1403 1820 illius
1463 1765 1606 1820 inter
1636 1762 1883 1818 homines
1947 1760 2410 1830 dispensationem
2453 1761 2841 1832 signiﬁcantes,
2903 1758 3398 1830 etconspiratione
3435 1757 3531 1812 ad-

284 1873 481 1913 versus
541 1857 692 1912 illum
744 1856 922 1911 futura
949 1862 1001 1910 et
1027 1857 1265 1926 gentium
1305 1859 1407 1913 sub
1437 1857 1685 1913 eumdem
1720 1855 2080 1926 subjectione.

289 1973 545 2043 Ψαλμοῦ
578 1977 664 2028 ιθ.
692 2004 761 2046 —-_
786 1974 1036 2046 Χριστὸς
1061 1977 1345 2045 ὀνομαστὶ
1370 1976 1489 2029 τῶν
1519 1976 1852 2046 αἰτημάτων

1962 1976 1994 2028 Α
2033 1975 2236 2044 psalmo
2268 1990 2379 2028 six.
2428 2007 2496 2016 ——
2543 1974 2782 2029 Christus
2835 1974 3146 2028 nominatim
3204 1986 3525 2043 quwcunqtte

619 2043 775 2113 παρὰ
809 2045 912 2098 τοῦ
941 2043 1174 2113 Πατρός-ὴ
1193 2046 1522 2116 τυγχάνων.

361 2155 380 2186 ι
412 2133 701 2207 Πληρώσαι
735 2133 938 2206 Κύριος
969 2136 1146 2190 πάντα
1182 2137 1250 2191 τά
1276 2137 1552 2208 αἰτήματα
1582 2155 1673 2190 σου
1711 2155 1723 2167 ·
1759 2137 1851 2191 νῦν

276 2228 477 2294 ἔγνων,
511 2227 592 2279 ὅτι
643 2226 812 2278 ἔσωσε
849 2226 1048 2298 Κύριος
1090 2227 1180 2283 τὸν
1227 2228 1459 2301 Χριστὸν
1491 2228 1676 2294 αὐτοῦ,
1717 2233 1852 2283 ὲπα-

275 2319 542 2372 κούσεται
578 2317 742 2372 αὑτοῦ
773 2317 831 2384 ἐξ
864 2318 1089 2390 ούρανοῦ
1115 2320 1267 2388 ἁγίου
1300 2319 1520 2376 αὐτοῦ.»
1543 2320 1694 2373 Ἐπεὶ
1727 2321 1857 2391 πρό-

276 2430 465 2467 κειται
504 2411 598 2465 νῦν
631 2413 979 2484 παραστῆσαι
1005 2412 1070 2466 δι’
1095 2413 1233 2468 ὅσων
1267 2414 1522 2486 ὀνομαστὶ
1555 2415 1583 2466 ὁ
1624 2413 1856 2486 Χριστὸς

275 2510 338 2562 ὲν
377 2509 494 2570 ταῖς
521 2505 874 2579 προφητείαις
911 2507 1288 2580 ἀνηγόρευται,
1323 2509 1546 2572 εἰκότως
1577 2508 1857 2562 καὶταῦτα

276 2599 653 2671 παρατίθεμαι
676 2598 918 2671 ἐναργῶς
947 2601 1283 2672 κηρύττοντά
1322 2601 1411 2654 τὸν
1437 2599 1858 2672 Χριστόν.“ολος

274 2694 339 2747 δὲ
375 2697 402 2747 ὁ
430 2693 645 2764 ψαλμὸς
685 2697 748 2748 ἐκ
796 2694 1086 2767 προσώπου
1128 2695 1235 2748 τῶν
1264 2695 1431 2764 ἁγίων
1463 2695 1671 2766 ἀνδρῶν
1696 2696 1859 2767 εὐχὴν

277 2787 599 2858 ἀναπέμπει
622 2787 703 2850 εἰς
723 2786 783 2840 τὸ
800 2787 893 2840 τοῦ
918 2788 1152 2859 Χριστοῦ
1181 2788 1488 2860 πρόσωπον.
1507 2789 1724 2860 Ἐπειδὴ
1749 2791 1857 2862 γάρ

271 2877 350 2931 δι’
374 2879 519 2948 ἡμᾶς
540 2877 634 2930 καὶ
665 2878 803 2948 ὑπὲρ
831 2877 989 2949 ἡμῶν
1011 2880 1191 2931 πᾶσαν
1211 2879 1494 2944 ἀνεδέξατο
1525 2879 1680 2952 ὕϐριν
1705 2883 1861 2935 ἐναν-

272 2967 602 3038 θρωπήσας,
632 2966 907 3038 εὐχομένω
950 2968 1097 3040 αὐτῷ
1126 2970 1220 3022 καὶ
1261 2969 1497 3042 δεομένῳ
1518 2971 1617 3023 τοῦ
1648 2972 1860 3043 Πατρδς

274 3058 431 3131 ὑπὲρ
448 3063 482 3131 ἡ
492 3060 602 3130 μῶν
622 3061 979 3133 διδασκόμεθα
1008 3062 1376 3134 συνεύχεσθαι,
1399 3058 1485 3117 οἷα
1507 3065 1569 3134 δὴ
1591 3065 1717 3129 τοὺς
1738 3055 1860 3120 καθ’

281 3152 451 3224 ἡμῶν
503 3153 780 3224 πολέμους,
816 3153 925 3207 εἴτε
981 3156 1210 3226 ὁρατοὺς
1264 3155 1373 3208 εἴτε
1419 3157 1514 3210 καὶ
1571 3157 1856 3229 ἀοράτους,

280 3244 629 3316 ἀμυνομένῳ.
676 3246 765 3298 Διὸ
819 3246 912 3300 καί
957 3239 1134 3318 φαμεν
1179 3249 1338 3319 ἡμεῖς
1373 3245 1508 3322 πρὸς
1553 3249 1712 3303 αὐτὸν
1754 3247 1862 3303 ἀπὸ

2313 2046 2540 2110 postulet
2571 2064 2608 2099 α
2645 2047 2808 2099 Patre
2845 2047 3148 2114 impetrem.

2031 2152 2048 2185 ι
2081 2135 2306 2206 Impleat
2342 2134 2605 2191 Dominus
2630 2151 2822 2191 omnes
2853 2135 3150 2206 petitiones
3174 2143 3297 2190 tuas
3332 2153 3346 2190 :
3380 2150 3530 2189 nunc

1955 2227 2183 2296 cognovi
2212 2227 2356 2298 quod
2378 2229 2586 2283 salv—um
2611 2226 2737 2283 fecit
2761 2227 3022 2282 Dominus
3041 2226 3320 2282 Christum
3342 2241 3525 2289 suum.

1955 2318 2205 2374 exaudiet
2245 2319 2396 2373 illum
2449 2320 2516 2374 de
2563 2322 2704 2374 cmlo
2745 2326 2936 2374 sancto
2995 2319 3170 2373 suo“.
3205 2338 3224 2370 ι
3259 2317 3530 2384 Quoniam

1956 2426 2103 2465 nunc
2147 2411 2487 2481 propositum
2520 2418 2618 2466 εει-ν
2645 2411 3022 2466 demonstrare
3049 2410 3104 2464 in
3149 2425 3312 2481 quam
3341 2409 3527 2467 multis

1956 2503 2094 2558 locis
2117 2503 2434 2559 nominatim
2459 2501 2710 2559 Christus
2733 2503 2876 2574 apud
2913 2503 3204 2574 prophetas
3230 2504 3302 2557 sit
3322 2502 3524 2568 dictus,

1959 2595 2156 2649 merito
2196 2595 2483 2666 adjungam
2506 2595 2622 2650 hac
2654 2610 2872 2666 quoque
2901 2596 2958 2650 in
2983 2595 3181 2666 quibus
3210 2593 3528 2665 planissimo

1958 2681 2212 2738 Christus
2251 2685 2554 2744 nuntiatur.
2575 2683 2840 2739 Caeterum
2865 2693 3014 2741 totus
3049 2685 3289 2754 psalmus
3311 2699 3376 2739 ex
3406 2696 3528 2754 per-

1961 2791 2097 2830 sona
2140 2783 2456 2832 sanctorum
2499 2777 2744 2832 virorum
2776 2793 2965 2849 preces
2995 2779 3193 2833 emittit
3249 2778 3302 2832 in
3353 2777 3527 2847 ipsius

1960 2870 2166 2926 Christi
2225 2885 2534 2941 personam.
2590 2871 2728 2924 Cum
2770 2870 2914 2926 enim
2953 2880 3172 2941 propter
3201 2885 3300 2927 nos
3337 2877 3390 2923 et
3429 2883 3527 2939 pro

1962 2963 2118 3018 nobis
2165 2961 2342 3016 factus
2399 2962 2580 3022 homo,
2611 2975 2802 3016 omnes
2834 2961 3106 3031 acceperit
3145 2959 3524 3025 contumelias,

1963 3071 2070 3110 una
2102 3070 2224 3109 cum
2249 3055 2341 3110 illo
2362 3055 2702 3124 supplicante
2721 3063 2772 3108 et
2788 3051 3002 3107 Patrem
3028 3067 3125 3122 pro
3155 3052 3312 3108 nobis
3335 3052 3528 3121 depre-

1963 3154 2141 3212 cante,
2180 3147 2286 3217 ipsi
2335 3162 2552 3216 quoque
2585 3145 2847 3202 docemur
2885 3159 3063 3209 orare,
3109 3152 3365 3214 tanquam
3401 3159 3526 3198 eum

1963 3253 2028 3294 eo
2076 3239 2170 3310 qui
2223 3239 2363 3294 bella
2407 3238 2697 3294 adversum
2732 3251 2855 3300 nos,
2887 3237 3001 3292 sive
3030 3235 3264 3290 visibilia
3295 3235 3384 3289 illa
3417 3235 3528 3291 sint

283 3338 386 3391 τοῦ
404 3337 616 3408 ψαλμοῦ
643 3338 814 3402 οὕτως
827 3339 1035 3409 ἔχοντα’
1061 3360 1078 3390 ι
1112 3338 1438 3397 Ἐπακούσαι
1467 3357 1556 3394 σου
1586 3340 1784 3412 Κύριος
1804 3341 1856 3393 ἐν

1965 3332 2080 3387 sive
2126 3332 2290 3386 etiam
2334 3331 2652 3398 invisibilia,
2689 3331 2988 3402 prepulset.
3027 3329 3206 3396 Quare
3237 3345 3268 3384 a
3316 3330 3525 3400 psalmo

276 3431 470 3501 ἡμέρᾳ
502 3429 756 3499 θλίψεωςο
792 3431 1163 3502 ὑπερασπίσαι
1187 3448 1280 3484 σου
1306 3431 1364 3485 τὸ
1393 3431 1561 3503 ὄνομα
1592 3431 1683 3486 τοῦ
1716 3430 1850 3486 Θεοῦ

291 3521 517 3576 Ἰακώϐ·
555 3523 930 3589 ἐξαποστείλαι
963 3542 1045 3578 σοι
1081 3523 1329 3596 βοήθειαν
1359 3523 1417 3590 ἐξ
1462 3523 1638 3592 ἁγίου,
1669 3525 1761 3577 καὶ
1789 3526 1852 3577 ἐκ

274 3612 422 3667 Σιὼν
444 3614 777 3668 ἀντιλάϐοιτὸ
809 3617 968 3670 σου.)
1018 3612 1129 3669 Εἶτ’
1157 3616 1454 3688 ἐπειδήπερ
1488 3616 1634 3668 ἐστὶν
1658 3617 1852 3669 οἰκεῖον

275 3707 450 3778 αύτῷ,
489 3707 581 3762 ἅτε
617 3707 834 3780 μεγάλῳ
866 3708 978 3762 ὄντι
1004 3711 1266 3780 ἀρχιερεῖ,
1299 3710 1399 3772 τὰς
1435 3712 1492 3762 ἐν
1530 3709 1852 3778 δοξολογίαις

277 3801 372 3852 καὶ
419 3799 716 3870 θεολογίαις
748 3802 1117 3872 πνευματικὰς
1153 3803 1462 3873 ἱερουργίας
1511 3802 1649 3874 ὑπὲρ
1697 3802 1852 3873 ἡμῶν

276 3896 542 3959 ἐκτελεῖν,
573 3896 666 3950 καὶ
699 3897 997 3968 ἐπειδήπερ
1028 3890 1116 3950 οἷά
1141 3914 1201 3949 τε
1237 3898 1413 3967 ἱερεὺς
1441 3896 1601 3960 αύτός
1629 3913 1687 3949 τε
1719 3897 1850 3948 ἑαυ-

275 3985 369 4038 τὸν
399 3985 578 4044 καὶ.δν
607 3985 890 4056 ἀνείληφεν
917 3987 1023 4040 ἀπὸ
1051 3989 1153 4058 γῆς
1185 3987 1488 4058 ἄνθρωπον,
1526 3987 1662 4059 ὑπὲρ
1693 3989 1725 4058 ἡ
1735 3985 1850 4058 μῶν

274 4074 640 4146 ὁλοκαύτωμα
672 4077 1079 4148 προσανήνεγκε
1125 4076 1203 4148 τῷ
1249 4077 1366 4148 Θεῷ
1401 4079 1494 4130 καὶ
1528 4077 1730 4149 Πατρίο
1763 4077 1850 4130 διὰ

275 4167 438 4228 toﬁ-:6
469 4184 646 4238 φαμεν
683 4167 860 4239 αὐτῷ’
895 4189 911 4221 ι
949 4169 1225 4242 Μνησθείη
1275 4173 1453 4242 πάσης
1499 4171 1687 4236 θυσίας
1732 4189 1846 4237 σου,

277 4259 374 4313 καὶ
401 4259 462 4311 τὸ
494 4259 851 4330 ὀλοκαύτωμά
893 4279 985 4314 σου
1029 4262 1292 4316 πιανάτω.
1328 4284 1346 4315 ι
1381 4264 1490 4318 Καὶ
1519 4265 1640 4318 ἐπεὶ
1672 4265 1848 4318 πάντα

275 4352 380 4407 ὅσα
414 4350 743 4420 βουλεύεται,
781 4353 1022 4426 σωτήριά
1073 4357 1187 4408 ἐστι
1240 4357 1335 4409 καὶ
1386 4357 1637 4428 ὠφέλιμα
1682 4359 1738 4409 ὲν
1771 4356 1848 4427 τῷ

277 4439 490 4511 κόσμῳ,
525 4441 747 4504 εἰκότως
779 4441 1156 4514 ὲπιφωνοῦμεν
1202 4444 1369 4516 αύτῷ,
1403 4464 1421 4497 ι
1449 4446 1569 4516 Δῲη
1615 4464 1694 4500 σοι
1737 4447 1848 4500 Κύ-

278 4549 395 4604 ριος
425 4532 568 4586 κατά
591 4532 688 4604 τὴν
722 4533 948 4604 καρδίαν
980 4552 1094 4602 σου,
1129 4557 1147 4588 ι
1186 4537 1452 4606 λέγοντες,
1494 4559 1512 4590 ι
1544 4542 1636 4593 καὶ
1669 4543 1848 4594 πᾶσαν

271 4625 378 4694 τὴν
413 4622 604 4695 βουλήν
638 4642 729 4678 σου
764 4624 1068 4698 πληρώσαι.
1099 4647 1116 4677 ι
1151 4623 1242 4691 Οἷς
1268 4629 1394 4699 ἑξῆς
1422 4631 1520 4700 τὴν
1553 4633 1616 4684 ἐκ
1642 4632 1848 4703 νεκρῶν

1952 3425 2118 3481 verba
2148 3425 2243 3479 illa
2271 3423 2599 3494 accipientes
2627 3424 2691 3479 ad
2725 3424 2877 3478 illum
2921 3423 3102 3479 dicere
3131 3423 3387 3485 solemus,
3407 3437 3526 3491 qua:

1953 3519 2034 3574 sie
2071 3517 2270 3572 habent
2306 3534 2320 3571 :
2358 3535 2376 3567 ι
2423 3514 2690 3569 Exaudiat
2727 3523 2778 3570 te
2825 3513 3084 3569 Dominus
3109 3513 3162 3568 in
3190 3511 3276 3567 die
3300 3511 3527 3566 tribula-

1952 3611 2120 3666 tionis
2153 3620 2280 3666 tuze.
2312 3609 2570 3678 Protegat
2629 3617 2681 3662 te
2724 3621 2922 3662 nomen
2975 3605 3070 3662 Dei
3111 3605 3282 3661 Jacob
3307 3623 3320 3659 :
3348 3604 3525 3659 mittat

1952 3705 2052 3759 tibi
2084 3703 2347 3758 auxilium
2380 3701 2447 3756 de
2476 3707 2688 3764 sancto,
2716 3709 2771 3755 et
2803 3699 2868 3753 de
2887 3697 3019 3753 Sion
3047 3698 3308 3768 suscipiat
3336 3705 3387 3751 te
3405 3695 3470 3748 ".
3499 3713 3518 3746 ι

1951 3795 2154 3851 Deinde
2195 3794 2452 3866 quoniam
2486 3793 2562 3847 illi
2594 3793 2876 3864 proprium
2920 3799 3027 3856 est,
3057 3799 3314 3860 tanquam
3342 3790 3395 3844 ei
3428 3790 3522 3860 qui

1951 3905 2180 3960 magnus
2207 3889 2278 3943 sit
2305 3886 2569 3958 pontifex,
2608 3885 2914 3956 spiritualia
2954 3885 3008 3938 in
3041 3882 3524 3954 gloriﬁcationibus

1953 3996 2016 4036 ac
2037 3979 2516 4051 praedicationibus
2539 3979 2607 4034 de
2635 3977 2767 4044 Deo,
2787 3977 3054 4033 sacriﬁcia
3085 3991 3184 4048 pro
3214 3976 3372 4031 nobis
3392 3989 3525 4030 con-

1951 4073 2131 4139 ﬁcere,
2160 4072 2528 4142 quoniamque
2561 4081 2618 4126 ut
2647 4070 2906 4126 sacerdos
2927 4077 2980 4124 et
3005 4068 3521 4139 semetipsumipse,

1949 4173 2003 4221 et
2033 4180 2196 4235 quem
2255 4163 2556 4234 assumpsit
2607 4164 2676 4219 de
2727 4171 2874 4218 terra
2905 4163 3200 4224 hominem,
3235 4177 3334 4232 pro
3363 4160 3526 4217 nobis

1949 4258 2248 4328 perfectum
2277 4265 2441 4328 atque
2473 4257 2743 4329 integrum
2787 4254 3114 4311 sacriﬁcium
3142 4253 3252 4310 Deo
3285 4260 3340 4309 et
3373 4253 3522 4308 Patri

1949 4351 2165 4418 obtulit,
2223 4351 2432 4406 idcirco
2489 4350 2558 4405 ad
2613 4351 2764 4404 illum
2826 4349 3059 4404 dicimus
3102 4367 3114 4403 :
3162 4367 3180 4400 ι
3221 4347 3424 4404 Memor
3453 4350 3526 4404 sit

1949 4443 2128 4499 omnis
2164 4443 2418 4499 sacriﬁcii
2470 4443 2571 4507 tui,
2601 4451 2653 4497 et
2699 4442 3078 4496 holocaustum
3115 4449 3268 4518 tuum
3325 4440 3525 4510 pingue

1951 4534 2195 4590 faciat“.
2245 4555 2263 4588 ι
2312 4535 2378 4589 Et
2436 4537 2564 4606 quia
2611 4535 2795 4589 omnia
2844 4549 3180 4604 quaecunque
3235 4533 3522 4594 deliberat,

1951 4628 2213 4684 salutaria
2254 4635 2380 4682 sunt
2413 4634 2576 4696 atque
2613 4626 2767 4680 utilia
2813 4624 3036 4689 mundo,
3069 4624 3192 4694 jure
3234 4630 3289 4678 et
3330 4624 3525 4678 merito

273 4711 574 4766 ἀνάστασιν
603 4713 767 4767 αὑτοῦ
791 4715 1196 4785 ὁμολογοῦντες,
1230 4718 1439 4790 φαμέν·
1459 4739 1478 4770 ι
1503 4720 1844 4789 Ἀγαλλιασὸ-

1962 4721 2034 4776 sic
2063 4720 2212 4773 illum
2261 4718 2590 4788 alloquimur
2624 4737 2636 4772 :
2673 4735 2691 4769 ι
2739 4716 2970 4772 Tribuat
3010 4717 3108 4772 tibi
3146 4715 3409 4771 Dominus
3439 4730 3524 4770 se-

277 4803 424 4876 μεθα
453 4807 513 4859 ἐν
547 4806 621 4877 τῷ
669 4809 919 4880 σωτηρίῳ
951 4826 1064 4863 σου.
1101 4829 1117 4861 ι
1149 4812 1418 4883 Σωτήριον
1447 4811 1553 4884 γάρ
1584 4811 1676 4866 τοῦ
1709 4815 1845 4886 Χρι-

275 4895 410 4948 στοῦ
435 4897 487 4948 τί
521 4897 585 4950 ἂν
613 4896 797 4969 ἕτερον
827 4901 996 4952 νοοῖτο
1023 4902 1070 4953 εἰ
1107 4901 1179 4972 μὴ
1207 4903 1240 4971 ή
1275 4903 1340 4954 ἐκ
1376 4903 1583 4974 νεκρῶν
1613 4903 1849 4960 ἀνάστα-

277 5005 367 5058 σις
397 4989 584 5057 αὐτοῦ,
613 4989 680 5042 δι’
707 4985 775 5062 ἦς
821 4993 914 5046 καὶ
959 4992 1166 5056 πάντας
1191 4994 1318 5056 τοὺς
1343 4996 1470 5066 πρὶν
1497 4997 1847 5050 ἐκπεπτωκό-

275 5095 379 5141 τας
404 5077 716 5149 ἀνίστησιν;
741 5079 902 5135 Ὅθεν
932 5082 1107 5153 φαμέν
1128 5101 1140 5113 ·
1185 5104 1201 5134 ι
1232 5085 1340 5137 Καὶ
1385 5085 1441 5137 ἐν
1464 5086 1685 5156 ὀνόματι
1712 5087 1846 5141 Θεοῦ

277 5172 312 5240 ἠ
323 5169 437 5240 μῶν
467 5171 1014 5245 μεγαλυνθησόμεθα’
1050 5177 1140 5230 καὶ
1171 5176 1451 5249 πληρώσαι
1481 5178 1682 5250 Κύριος
1711 5181 1847 5234 πάν-

276 5279 352 5316 τα
378 5263 444 5316 τά
472 5263 748 5334 αἰτήματά
781 5283 894 5322 σου.
927 5287 945 5319 ι
967 5268 1087 5322 Ἐπὶ⁸
1106 5271 1236 5324 πᾶσι
1257 5271 1464 5334 τούτοις
1491 5271 1849 5345 διδασκόμεθα

279 5356 459 5425 λέγειν
507 5356 590 5420 τὺ,
633 5376 651 5408 t
681 5357 794 5412 Νῦν
839 5359 1026 5430 ἔγνων,
1055 5365 1134 5417 ὅτι
1164 5363 1333 5418 ἔσωσε
1368 5364 1570 5436 Κύριος
1595 5365 1684 5419 τὸν
1715 5368 1848 5438 Χρι-

353 5537 562 5615 f_’_P_sal_.
618 5560 770 5610 xvm,
815 5545 864 5599 5.
942 5542 1305 5613 ‘°Prov.vm,
1359 5545 1448 5601 23.

281 5607 330 5640 ⁵⁸
357 5608 486 5664 ibid.
525 5609 578 5663 ὁ.

1953 4812 2191 4866 cundum
2252 4825 2348 4865 cor
2401 4819 2576 4880 tuum,
2615 4819 2670 4866 et
2723 4827 2884 4866 omne
2905 4811 3196 4866 consilium
3240 4815 3392 4864 tuum
3422 4808 3525 4862 im-

1955 4905 2176 4980 pleat”.
2222 4925 2240 4957 ι
2285 4903 2377 4958 Λᾶ·
2404 4904 2516 4958 hac
2563 4904 2820 4974 deinceps
2849 4905 2968 4974 ejus
2999 4919 3028 4957 a
3067 4909 3240 4957 morte
3290 4899 3524 4956 reditum

1955 4995 2022 5050 ad
2065 4997 2232 5063 vitam
2263 4996 2606 5060 conlitentes,
2641 4995 2876 5051 dicimus
2910 5014 2922 5049 :
2960 5013 2978 5046 ι
3016 4992 3424 5050 Exsultabimus
3468 4992 3525 5045 in

1955 5094 2182 5149 salutari
2211 5103 2303 5148 tuo
2323 5093 2386 5148 ‘°.
2422 5113 2440 5145 ι
2472 5091 2682 5148 Etenim
2727 5089 2932 5146 Christi
2964 5089 3203 5144 salutare
3245 5084 3523 5156 quodnam

1956 5183 2106 5238 aliud
2152 5183 2485 5254 intelligatur
2543 5183 2780 5248 tandem,
2819 5181 2922 5237 nisi
2958 5180 3106 5236 illius
3133 5194 3164 5234 a
3199 5177 3430 5233 mortuis
3457 5177 3524 5231 ad

1954 5275 2108 5330 vivos
2154 5276 2370 5341 reditio,
2402 5275 2558 5347 185
2589 5292 2684 5346 per
2717 5288 2879 5345 quam
2929 5287 3121 5328 omnes
3163 5270 3256 5343 qui
3318 5268 3524 5326 cecide—

1957 5375 2080 5423 rant
2109 5367 2162 5422 in
2205 5368 2495 5438 pristinum
2547 5374 2750 5423 statum
2790 5363 3063 5420 restituit?
3090 5377 3156 5418 ex
3205 5376 3316 5434 quo
3360 5362 3523 5417 etiam

1526 5546 1570 5578 "‘
1597 5563 1736 5604 vers.
1784 5547 1838 5602 3.

1982 5546 2128 5605 Psal.
2155 5546 2342 5613 x1x,7.
2417 5545 2462 5578 ’⁸³
2485 5544 2618 5600 ibid.
2653 5544 2709 5613 2,
2735 5544 2786 5597 5.
2863 5540 2912 5574 “
2933 5542 3064 5598 ibid.
3099 5540 3152 5598 4.
3231 5540 3276 5573 δ’
3302 5539 3433 5596 Ibid.
3468 5537 3523 5593 5.
