3914 6198
427 213 528 272 5H
1067 210 1334 268 EUSEBII
1365 207 1847 265 CAESARIENSIS
1883 207 1981 264 ΟΡ]

2092 208 2268 264 ’ARS.
2309 207 2370 264 il.
2417 241 2483 248 —
2508 208 3007 268 APOLOGETICA.
3573 212 3677 266 512

430 335 564 392 illud
609 333 866 398 dicimus,
907 349 925 381 ι
963 337 1017 386 et
1067 330 1121 383 in
1172 329 1392 383 nomine
1419 326 1514 382 Dei
1549 327 1722 383 nostri
1752 326 1981 396 magniﬁ‘

2107 326 2229 379 στὸν
2261 325 2428 380 αὐτοῦ
2448 365 2462 390 ,
2493 344 2511 376 ι
2540 327 2612 397 μὴ
2636 325 2804 380 πάλαι
2827 326 2980 380 τοῦτο
3007 325 3226 390 εἰδότες,
3259 325 3308 377 εί
3337 325 3411 396 μὴ
3441 324 3527 378 ὅτε
3555 328 3683 398 πρά-

426 427 721 483 cabimur:
758 433 813 480 et
869 422 1092 492 impleat
1149 419 1414 476 Dominus
1467 434 1658 474 omnes
1712 419 1981 490 petitione:

2104 436 2260 490 τερον
2287 418 2348 472 τὸ
2377 419 2639 491 σωτήριον
2661 418 2824 472 αὑτοῦ
2848 419 3181 489 συνήκαμεν,
3207 417 3304 488 τῆς
3331 417 3680 484 ἀναστάσεως

427 525 552 574 tuas
569 517 634 572 ".
666 535 686 568 ι
729 513 857 568 Post
918 511 1032 566 haec
1086 511 1292 577 omnia,
1319 509 1580 565 docemur
1618 509 1750 564 illud
1783 524 1981 580 quoqut

2107 509 2269 564 αὑτοῦ
2303 509 2400 581 τὴν
2436 508 2661 580 δύναμιν
2689 511 3135 581 κατανοήσαντες.

426 615 652 668 «liuere:
691 627 709 659 ι
747 606 904 661 Nunc
948 606 1179 677 cognovi
1211 605 1358 676 quod
1389 607 1599 661 salvum
1640 605 1770 661 fecit
1819 604 2080 660 Dominus
2146 605 2426 662 Christum
2465 621 2623 661 suum
2678 605 2751 670 ‘3;
2796 624 2814 656 ι
2848 605 3047 676 quippe
3111 603 3202 675 qui
3239 619 3348 660 non
3379 603 3533 674 prius
3571 602 3678 657 hoc

428 699 872 764 intellexerimus,
927 712 1090 768 quam
1140 697 1233 753 ubi
1288 697 1531 752 salutare
1597 697 1716 767 ejus
1761 697 2168 766 agnoverimus,
2234 707 2288 755 et
2344 698 2762 755 resurrectionis
2813 697 2960 754 illius
3008 698 3264 752 virtutem
3334 697 3680 768 perspexeri-

425 808 570 847 mus.

426 907 468 961 Α
509 906 716 976 psalmo
745 920 928 976 ixxvu.
961 935 1030 943 —
1061 904 1304 958 Christus
1356 905 1664 958 nominatim
1713 903 1997 958 Dominum

733 975 950 1030 Patrem
988 986 1038 1029 et
1077 985 1417 1045 protectorem
1449 977 1687 1044 adeptus.

500 1087 520 1120 ι
546 1067 814 1124 Dominus
857 1069 1204 1123 continuatio
1243 1067 1428 1138 populi
1475 1068 1582 1132 sui,
1631 1076 1685 1123 et
1723 1075 1998 1138 protector

423 1161 788 1217 salvationum
817 1159 1021 1214 Christi
1071 1159 1158 1215 sui
1202 1167 1288 1214 est
1310 1159 1376 1214 δ’.
1410 1178 1444 1211 »ι
1470 1158 1569 1213 llic
1595 1173 1812 1229 quoque
1851 1157 1999 1227 psal-

423 1267 571 1318 mus,
599 1253 692 1322 qui
717 1267 864 1306 nunc
890 1259 975 1306 est
1006 1250 1063 1305 in
1086 1251 1361 1315 manibus,
1400 1251 1468 1305 ad
1497 1251 1776 1306 Christum
1800 1251 1992 1305 referri

423 1344 586 1409 solet,
615 1345 816 1414 quippe
845 1343 936 1413 qui
959 1356 1078 1396 eam
1110 1357 1324 1412 precem
1353 1342 1629 1397 contineat
1652 1356 1814 1412 quam
1834 1340 1992 1394 Chri-

425 1443 566 1500 stus,
621 1450 731 1506 quo
781 1444 1024 1504 tempore
1073 1448 1338 1504 passurus
1390 1441 1531 1499 erat,
1581 1441 1835 1504 precatus
1887 1443 2017 1488 est.-

423 1525 659 1581 Proinde
709 1526 868 1580 initio
918 1526 1162 1596 psalmus
1202 1525 1316 1580 haec
1354 1523 1558 1579 habet:
1592 1542 1610 1575 ι
1639 1523 1718 1578 Ad
1765 1531 1837 1588 te,
1887 1522 1995 1576 Do-

421 1620 588 1681 mine,
629 1617 857 1672 clamavi
892 1636 904 1672 :
938 1617 1078 1673 Deus
1100 1634 1274 1681 meus,
1321 1632 1388 1672 ne
1435 1615 1598 1672 sileas
1641 1629 1671 1668 a
1698 1630 1806 1678 me,
1834 1622 1888 1669 et
1918 1613 1994 1668 si-

423 1711 571 1766 milis
602 1708 723 1764 tiam
754 1708 1214 1764 descendentibus
1245 1707 1301 1762 in
1326 1707 1528 1761 lacum.
1561 1725 1579 1759 ι
1621 1705 1680 1760 In
1710 1706 1816 1758 line
1838 1718 1988 1768 vero,
2024 1734 2064 1790 Β

419 1799 570 1854 illius
598 1799 1054 1855 resurrectionem
1085 1816 1115 1852 a
1137 1799 1370 1855 mortuis
1397 1797 1566 1865 canit,
1591 1797 1780 1852 dicens
1806 1815 1818 1850 :
1849 1815 1867 1847 ι
1891 1794 1991 1850 Be-

419 1890 670 1947 nedictus
712 1890 998 1952 Dominus,
1050 1892 1307 1963 quoniam
1351 1891 1630 1948 exaudivit
1663 1905 1852 1945 vocem
1895 1887 1991 1943 de-

418 1982 751 2051 precationis
777 1997 929 2037 meae.
961 1981 1225 2038 Dominus
1266 1981 1486 2051 adjutor
1524 1995 1678 2035 meus
1717 1988 1772 2034 et
1808 1986 1990 2049 prote-

418 2081 539 2128 ctor
569 2089 753 2140 meus;
793 2073 850 2129 in
882 2074 976 2129 illo
1006 2083 1239 2146 speravit
1295 2089 1393 2128 cor
1436 2087 1639 2139 meum,
1682 2079 1737 2127 et
1769 2071 1989 2141 adjutus

415 2181 564 2229 sum,
601 2174 657 2220 et
701 2165 948 2222 reﬂoruit
989 2182 1119 2222 caro
1151 2182 1266 2222 mea
1298 2185 1310 2220 :
1343 2174 1398 2220 et
1437 2182 1502 2220 ex
1553 2165 1832 2219 voluntate
1869 2176 1988 2218 mea

415 2255 720 2313 conﬁtebor
750 2258 798 2312 ei
824 2258 892 2311 '°.
923 2278 942 2312 ι
996 2257 1209 2325 Quibus
1261 2257 1480 2314 divinus
1537 2265 1592 2313 et
1636 2254 1988 2328 propheticus

417 2344 655 2416 Spiritus
694 2347 942 2420 adjungit
975 2367 986 2404 ;
1027 2367 1046 2400 ι
1082 2348 1347 2405 Dominus
1400 2347 1746 2405 conﬁrmatio
1802 2347 1987 2418 populi

411 2440 524 2506 sui,
568 2449 846 2512 protector
897 2443 1262 2498 salvationum
1312 2441 1516 2498 Christi
1563 2442 1648 2496 sui
1682 2447 1787 2506 est,
1821 2461 1838 2493 ι
1891 2441 1985 2510 qui

411 2545 516 2588 nos
553 2533 776 2589 instruit
817 2534 1281 2605 quemadmodum
1314 2534 1497 2590 omnia
1534 2549 1656 2604 quae
1701 2533 1756 2588 in
1787 2532 1986 2589 divinis

412 2624 609 2682 litteris
637 2625 839 2681 habent
867 2627 1300 2690 admirationem,
1335 2633 1389 2681 et
1416 2626 1619 2681 Christi
1649 2625 1868 2681 nomine
1901 2624 1986 2680 in-

409 2719 619 2788 scripta
667 2727 818 2783 sunt,
850 2725 906 2775 et
943 2720 1012 2775 ad
1061 2719 1292 2776 salutem
1328 2718 1610 2774 hominum
1645 2725 1820 2790 gesta,
1870 2717 1987 2774 sive

411 2819 704 2880 pmcepta,
748 2810 864 2866 sive
910 2811 1148 2883 negotia,
1182 2813 1296 2867 sive
1331 2810 1398 2866 ad
1444 2811 1899 2867 resurrectionem
1929 2809 1988 2865 il-

411 2902 520 2959 lius
551 2917 582 2956 a
622 2903 853 2959 mortuis
891 2903 1219 2974 pertinentia
1263 2904 1544 2976 mysteria,
1577 2903 1889 2973 cuiusmodi
1919 2918 1986 2960 ea

411 3003 561 3059 sunt,
591 2995 659 3050 de
686 2996 886 3066 quibus
906 3011 1056 3052 nunc
1082 2997 1288 3068 agitur.
1315 3004 1451 3053 nutu
1483 3012 1548 3052 ac
1571 2997 1776 3054 virtute
1802 2996 1984 3054 Patris

2114 901 2363 970 Ψαλμοῦ
2414 900 2514 964 κζ’,
2542 931 2609 940 _
2644 899 2893 967 Χριστὸς
2933 899 3216 970 ὀνομαστὶ
3259 900 3358 954 καὶ
3399 903 3508 956 τὸν
3547 908 3646 962 11a

2308 970 2446 1039 τέρα
2470 973 2566 1024 καὶ
2589 968 3044 1038 ὑπερασπιστὴν
3089 970 3468 1040 κεκτημένος.

2181 1083 2198 1114 ι
2242 1063 2444 1135 Κύριος
2467 1063 2791 1136 κραταίωμα
2817 1060 2908 1115 τοῦ
2938 1059 3068 1115 λαοῦ
3101 1062 3238 1126 ἐστι,
3262 1065 3355 1117 καί
3375 1065 3684 1137 ὑπερασπιο

2105 1156 2235 1228 στὴς
2261 1154 2369 1208 τῶν
2399 1154 2678 1226 σωτηρίων
2710 1153 2802 1207 τοῦ
2829 1153 3064 1226 Χριστοῦ
3093 1153 3254 1207 αὑτοῦ
3278 1156 3411 1210 ἐστι.
3455 1177 3474 1209 ›
3505 1159 3620 1214 Καὶ
3645 1163 3684 1214 ὁ

2103 1248 2240 1319 μετὰ
2291 1250 2477 1318 χεῖρας
2508 1246 2718 1317 ψαλμὸς
2778 1248 2857 1309 εἰς
2900 1246 2991 1300 τὸν
3039 1247 3271 1319 Χριστὸν
3316 1248 3674 1323 ἀναφέρεται,

2098 1340 2262 1395 αὐτοῦ
2321 1341 2384 1412 δὴ
2434 1339 2526 1393 τοῦ
2583 1339 2817 1412 Χριστοῦ
2875 1338 3138 1410 περιέχων
3167 1340 3352 1412 εὐχὴν,
3387 1343 3453 1414 ἣν
3516 1343 3676 1415 παρὰ

2098 1432 2187 1484 τὸν
2217 1429 2311 1484 τοῦ
2347 1429 2552 1494 πάθους
2598 1427 2944 1502 προσηύξατο
2993 1429 3202 1501 καιρόν.
3244 1431 3333 1485 Διὸ
3379 1434 3436 1485 ἐν
3468 1434 3568 1505 μὲν
3607 1439 3676 1506 τῇ

2098 1526 2340 1595 καταρχῇ
2375 1523 2466 1576 τοῦ
2490 1521 2702 1594 ψαλμοῦ
2749 1539 2912 1593 φησιο
2946 1540 2963 1574 ι
2999 1523 3144 1594 Πρὸς
3185 1524 3265 1589 σὲ,
3319 1525 3511 1597 Κύριε,
3546 1527 3680 1580 ἐκέ-

2098 1614 2305 1686 κραξα·
2359 1615 2387 1667 ὁ
2431 1613 2560 1677 Θεός
2609 1631 2733 1684 μου,
2766 1613 2844 1684 μὴ
2895 1616 3327 1686 παρασιωπὴσης
3372 1616 3466 1669 ἀπ’
3509 1617 3679 1688 ἐμοῦ,

2099 1707 2190 1760 καὶ
2220 1705 2628 1777 ὀμοιωθήσομαι
2673 1708 2783 1770 τοῖς
2818 1704 3233 1761 καταϐαίνουσιν
3277 1711 3354 1772 εἰς
3379 1707 3604 1764 λάκκον.
3649 1731 3671 1766 ι

2093 1799 2235 1870 Πρὸς
2265 1799 2320 1851 δὲ
2347 1797 2424 1868 τῷ
2479 1797 2644 1863 τέλει,
2669 1796 2766 1869 τὴν
2814 1800 2878 1851 ὲκ
2922 1799 3131 1871 νεκρῶν
3175 1801 3467 1855 ἀνάστασιν
3503 1803 3676 1858 αὑτοῦ

2093 1889 2338 1954 θεσπίζει
2365 1889 2536 1958 λέγων
2561 1907 2574 1919 θ
2605 1907 2624 1940 ι
2665 1888 2972 1960 Εὐλογητὸς
3000 1890 3225 1963 Κύριος,
3258 1893 3339 1946 δτι
3377 1896 3674 1966 εἰσήκουσε

2091 1984 2187 2054 τῆς
2219 1983 2400 2054 φωνῆς
2428 1983 2526 2053 τῆς
2567 1981 2802 2056 δεήσεὼς
2831 2001 2954 2054 μου.
2986 1984 3191 2055 Κύριος
3218 1985 3409 2058 βοηθός
3442 2006 3543 2057 μου
3571 1990 3677 2044 καὶ

2090 2075 2504 2146 ὑπερασπιστὴς
2540 2092 2669 2146 μου·
2703 2077 2790 2129 ἐπ’
2814 2074 2962 2146 αὐτῷ
2995 2075 3273 2149 ἤλπισενὴ
3311 2078 3504 2149 καρδία
3539 2097 3673 2150 μου,

2090 2168 2183 2220 καὶ
2209 2166 2531 2238 ἐϐοηθήθην,
2577 2168 2670 2222 καὶ
2725 2168 2982 2223 ἀνέθαλεν
3018 2172 3052 2241 ἡ
3104 2169 3242 2242 σάρξ
3282 2188 3415 2242 μου·
3465 2174 3561 2226 καὶ
3605 2175 3677 2227 ἐκ

2091 2257 2392 2329 θελήματός
2430 2275 2529 2329 μου
2577 2258 3042 2332 ὲξομολογήσομαι
3077 2259 3244 2332 αὐτῷ.
3281 2280 3299 2313 ι
3345 2263 3458 2331 Ἐφ’
3494 2258 3576 2326 οἷς
3611 2265 3675 2318 τὸ

2089 2348 2228 2403 θεῖον
2286 2349 2378 2403 καὶ
2433 2351 2766 2423 προφητικὸν
2813 2352 3038 2424 Πνεῦμα
3077 2352 3354 2422 ἐπιλέγει·
3402 2373 3420 2406 ι
3461 2355 3673 2426 Κύριος

2089 2440 2414 2513 κραταίωμα
2453 2441 2547 2495 τοῦ
2585 2442 2716 2498 λαοῦ
2747 2443 2933 2509 αὑτοῦ,
2967 2446 3062 2499 καὶ
3107 2446 3518 2518 ὑπερασπιστὴς
3556 2447 3674 2501 τῶν

2090 2534 2370 2606 σωτηρίων
2398 2534 2491 2588 τοῦ
2513 2535 2747 2607 Χριστοῦ
2777 2537 2942 2591 αὐτοῦ
2973 2539 3086 2592 ἐστι
3107 2556 3122 2569 ο
3164 2557 3182 2590 r
3218 2539 3469 2592 παιδεῦον
3497 2541 3676 2610 ἡμᾶς,

2085 2629 2168 2682 ὅτι
2190 2627 2254 2699 δὴ
2281 2627 2458 2681 πάντα
2479 2629 2537 2681 ὲν
2574 2631 2694 2692 ταῖς
2729 2629 2900 2694 θείαις
2942 2631 3186 2702 Γραφαῖς
3217 2632 3542 2703 ἁνάγραπτα
3571 2632 3674 2685 τοῦ

2085 2719 2321 2790 Χριστοῦ
2363 2718 2660 2790 θαυμάσια,
2691 2721 2783 2774 ἐπὶ
2800 2723 3041 2794 σωτηρίᾳ
3063 2722 3169 2775 τῶν
3192 2721 3492 2795 ἀνθρώπων
3512 2724 3677 2792 γενό-

2089 2826 2248 2878 μενα,
2278 2808 2390 2863 εἴτε
2431 2805 2522 2864 οὖν
2560 2809 2876 2882 μαθήματα,
2903 2811 3011 2864 εἴτε
3041 2813 3362 2884 γράμματα,
3387 2811 3497 2866 εἴτε
3523 2813 3676 2866 κατὰ

2085 2900 2182 2972 τὴν
2214 2902 2278 2954 ἐκ
2308 2900 2519 2972 νεκρῶν
2578 2901 2875 2956 ἀνάστασιν
2918 2903 3084 2957 αὐτοῦ
3119 2905 3390 2975 μυστήρια
3418 2904 3514 2958 νῦν
3542 2905 3674 2959 ὀνο-

2087 2992 2386 3064 μαζόμενα,
2407 2992 2634 3064 νεύματι
2658 2995 2751 3047 καὶ
2779 2994 3002 3066 δυνάμει
3019 2997 3307 3068 γεγένηται
3331 2996 3421 3050 τοῦ
3449 2996 3674 3067 Πατρὸς

407 3097 562 3159 gesta
588 3099 734 3153 sunt,
759 3090 852 3160 qui
883 3090 938 3145 in
981 3090 1196 3146 cunctis
1235 3090 1648 3148 admirabilibus
1680 3107 1745 3148 ac
1775 3093 1981 3148 saluta-

2092 3082 2144 3134 ὲν
2179 3082 2347 3137 ἅπασι
2393 3086 2504 3147 τοῖς
2542 3081 2864 3154 παραδόξοις
2907 3084 3002 3137 καὶ
3055 3085 3341 3157 σωτηρίοις
3384 3085 3563 3156 λόγοις
3605 3106 3673 3142 τε

410 3182 565 3239 ribus
595 3190 649 3239 et
682 3183 866 3240 verbis
889 3192 943 3240 et
971 3183 1130 3241 laetis
1155 3201 1316 3241 suum
1351 3183 1630 3242 Christum
1657 3186 1911 3258 protegit.

407 3295 450 3348 Α
479 3295 684 3364 psalmo
735 3313 960 3352 nsum.
998 3329 1070 3338 —
1097 3297 1337 3352 Christus
1395 3299 1709 3354 nominatim
1761 3309 1984 3355 tutorem

479 3366 581 3438 sibi
618 3366 786 3422 Deum
810 3368 1096 3423 ascribens.
1129 3367 1373 3438 Unusque
1405 3371 1807 3426 resurrectionis
1837 3371 1983 3426 illius

479 3435 593 3492 dies
617 3454 637 3492 :
664 3447 714 3493 et
737 3455 844 3493 una
865 3439 1054 3494 domus
1087 3440 1210 3503 Dei,
1246 3435 1480 3496 Ecclesia
1512 3442 1700 3510 ipsius.

483 3632 504 3666 ι
529 3611 812 3672 Protector
841 3624 1028 3673 noster
1062 3618 1267 3688 aspice,
1304 3618 1466 3683 Deus.
1499 3627 1552 3676 et
1581 3623 1794 3692 respice
1815 3624 1868 3678 in
1902 3624 1983 3678 fa-

407 3705 558 3762 ciem.
581 3705 785 3762 Christi
839 3709 938 3765 tui.
985 3709 1121 3777 Quia
1171 3713 1366 3767 melior
1403 3722 1487 3768 est
1525 3715 1686 3786 186
1717 3717 1835 3772 dies
1873 3733 1981 3771 una

407 3795 464 3852 in
498 3799 652 3855 atriis
683 3801 791 3856 tuis
833 3817 998 3874 super
1022 3805 1190 3859 millia
1221 3825 1234 3860 :
1281 3807 1418 3876 elegi
1449 3808 1720 3876 abjectum
1767 3824 1890 3864 esse
1923 3810 1978 3863 in

407 3890 571 3946 domo
590 3890 684 3947 Dei
711 3894 814 3950 mei
841 3897 1036 3967 magis,
1059 3912 1221 3967 quam
1248 3898 1496 3954 habitare
1525 3915 1610 3954 me
1639 3901 1693 3954 in
1725 3900 1978 3956 taberna-

405 3987 545 4042 culis
589 3992 1016 4056 peccatorum“.
1048 4011 1064 4044 ι
1129 3992 1230 4058 Qui
1281 4004 1484 4047 norunt
1541 3993 1819 4049 Christum
1881 3996 1976 4051 Dei

405 4093 530 4134 esse
562 4078 824 4143 Verbum,
859 4092 913 4138 et
963 4084 1312 4154 sapientiam,
1371 4093 1425 4141 et
1453 4086 1627 4141 lucem
1671 4103 1874 4152 veram,
1923 4097 1977 4144 et

405 4171 595 4236 vitam,
640 4171 837 4229 deinde
868 4175 1117 4230 eumdem
1156 4176 1357 4232 factum
1406 4194 1529 4234 esse
1573 4179 1846 4235 hominem
1892 4181 1976 4236 in-

404 4261 680 4330 telligunt,
719 4263 1057 4321 admirantur
1115 4267 1218 4323 hoc
1272 4269 1417 4339 quod
1447 4286 1662 4326 omnem
1698 4271 1855 4327 ﬁdem
1883 4291 1976 4330 su-

405 4360 562 4422 perat
602 4355 962 4422 propositum,
1011 4358 1146 4414 adeo
1180 4361 1422 4431 quidem,
1471 4370 1530 4416 ut
1564 4363 1616 4417 in
1663 4365 1827 4420 verba
1881 4367 1972 4421 illa

2088 3174 2182 3227 καὶ
2215 3173 2394 3247 ἔργοις
2421 3174 2885 3248 ύπερασπίζοντος
2917 3175 3010 3229 τοῦ
3053 3177 3182 3230 ίδίου
3214 3178 3472 3252 Χριστοῦ.

2092 3286 2347 3356 Ψυλμοῦ
2373 3294 2484 3356 πγθ.
2510 3319 2578 3328 —
2595 3285 2851 3355 Χριστὸς
2879 3287 3163 3357 ὀνομαστὶ
3205 3290 3314 3342 τὸν
3347 3291 3496 3344 Θεὸν
3552 3291 3670 3345 ἐπ-

2155 3359 2346 3424 ὀπτην
2357 3358 2842 3428 ἐπιγραφόμενος,
2855 3359 2964 3428 μία
2986 3376 3049 3412 τε
3071 3360 3109 3426 ἡ
3139 3359 3249 3426 τῆς
3269 3361 3668 3428 ἀναστάσεως

2152 3429 2340 3516 at?ch
2371 3425 2581 3499 ἡμέρα,
2619 3425 2718 3483 καὶ
2759 3425 3044 3496 εἷςίοῖκος
3073 3425 3220 3484 Θεοῦ
3251 3432 3288 3499 ἡ
3331 3425 3673 3500 Ἐκκλησία

2156 3516 2362 3552 αυτου.

2157 3631 2176 3662 ι
2224 3612 2633 3684 ’Υπερασπιστὰ
2654 3612 2831 3684 ἡμῶν,
2868 3613 2963 3681 ίδὲ,
2991 3617 3020 3668 ὁ
3049 3614 3201 3679 Θεὸς,
3233 3616 3324 3669 καὶ⁵
3369 3615 3671 3686 ἑπίϐλεψον

2083 3703 2175 3756 ἐπὶ
2219 3705 2279 3755 τὸ
2300 3703 2587 3774 πρόσωπον
2643 3703 2738 3756 τοῦ
2783 3704 3020 3776 Χριστοῦ
3070 3723 3186 3762 σου.
3227 3706 3345 3759 Ὅτι
3389 3707 3670 3778 κρείσσων

2081 3795 2260 3867 ἡμέρα
2297 3795 2395 3865 μία
2425 3795 2482 3846 ὲν
2509 3798 2629 3859 ταῖς
2655 3797 2845 3860 αὐλαῖς
2877 3814 2969 3851 σου
2992 3797 3130 3870 ὑπὲρ
3149 3797 3411 3868 χιλιάδας.
3441 3798 3667 3864 Ἐξελε-

2081 3884 2256 3955 ξάμην
2314 3887 2811 3958 παραρριπτεῖσθαι
2858 3889 2914 3940 ὲν
2955 3887 3034 3960 τῷ
3073 3888 3207 3959 οίκῳ
3245 3887 3340 3941 τοῦ
3383 3887 3518 3942 Θεοῦ
3550 3905 3665 3959 μου

2082 3977 2300 4048 μᾶλλον,
2335 3977 2369 4050 ἢ
2409 3980 2574 4031 οἰκεῖν
2609 3995 2675 4049 με
2711 3979 2769 4032 ὲν
2811 3979 3162 4052 σκηνώμασιν
3207 3981 3570 4054 ἁμαρτωλῶν.
3637 4003 3658 4034 ι

2079 4071 2144 4122 Οἱ
2181 4072 2532 4142 ἐπιστάμενοι
2586 4072 2678 4125 τὸν
2721 4071 2953 4144 Χριστὸν
2984 4073 3078 4126 τοῦ
3126 4075 3260 4128 Θεοῦ
3289 4077 3417 4129 ὅντα
3456 4075 3662 4144 Λόγον,

2078 4160 2171 4212 καὶ
2210 4161 2434 4231 σοφίαν,
2489 4163 2584 4214 καὶ
2618 4161 2733 4231 φῶς
2783 4161 3053 4234 ἀληθινὸν,
3094 4165 3188 4219 καὶ
3230 4166 3407 4238 ζωὴν,
3462 4167 3666 4223 ἔπειτα

2075 4252 2173 4323 τὴν
2200 4251 2610 4324 ἐνανθρὼπησιν
2647 4255 2811 4308 αὐτοῦ
2857 4258 3265 4328 συννοήσαντες,
3303 4259 3662 4331 κατεπλάγη-

2079 4363 2177 4398 σαν
2205 4347 2264 4399 τὸ
2287 4347 2582 4419 παράδοξον
2605 4345 2696 4400 τοῦ
2715 4346 3034 4418 θελήματος,
3059 4349 3200 4404 ὥστε
3216 4351 3470 4404 ἀνειπεῖν.
3497 4372 3514 4404 ι
3539 4353 3664 4409 Καὶ

404 4452 780 4515 prorumpam.
840 4466 861 4499 ι
891 4447 959 4503 Et
1004 4451 1238 4507 vidimus
1292 4453 1476 4518 illum,
1530 4464 1584 4509 et
1630 4472 1738 4512 non
1787 4457 1977 4512 habuit

2092 4437 2294 4508 εἴδομεν
2327 4440 2506 4499 αὐτὸν,
2543 4440 2638 4493 καὶ
2664 4439 2765 4494 οὐκ
2795 4435 2939 4511 εἶχεν
2963 4437 3100 4506 εἶδος
3133 4442 3254 4496 οὐδὲ
3283 4444 3472 4508 κάλλος
3494 4462 3506 4475 ·
3532 4446 3659 4500 ἀλλ’

404 4536 661 4607 speciem,
705 4554 880 4609 neque
933 4542 1429 4612 pulchritudinem;
1481 4548 1574 4601 sed
1627 4547 1727 4601 fuit
1767 4549 1978 4618 species

403 4627 525 4693 ejus
557 4631 675 4686 sine
701 4630 930 4700 honore,
973 4643 1028 4689 et
1061 4636 1324 4692 deﬁciens
1353 4654 1464 4708 pra:
1497 4639 1621 4695 [iliis
1652 4640 1931 4696 hominum
1958 4660 1972 4697 :

402 4721 567 4777 homo
593 4739 715 4778 cum
752 4725 804 4780 in
830 4727 984 4799 plaga
1020 4738 1166 4784 esset
1196 4740 1250 4784 et
1273 4732 1438 4787 sciret
1467 4732 1608 4790 ferre
1635 4734 1974 4805 languorem,

401 4815 661 4883 quoniam
696 4818 891 4872 avertit
921 4817 1116 4876 faciem
1151 4836 1327 4885 suam,
1362 4833 1712 4896 contemptus
1737 4834 1820 4882 est
1843 4827 1918 4882 "z
1950 4847 1968 4878 ι

398 4908 584 4976 itaque
618 4908 811 4964 merito
851 4909 1020 4966 Deum
1065 4922 1380 4983 precantur,
1417 4924 1476 4971 ut
1507 4918 1767 4989 respiciat
1800 4920 1855 4974 in
1893 4919 1975 4974 fa«

399 4995 536 5052 ciem
586 4997 816 5065 Christi,
863 5018 984 5072 quze
1034 5015 1253 5076 propter
1307 5021 1406 5062 nos
1462 5017 1516 5064 et
1543 5009 1870 5080 ignominias
1913 5019 1970 5068 et

398 5089 764 5146 contumelias
802 5109 963 5163 passa
1003 5104 1107 5160 est,
1152 5106 1206 5152 et
1239 5108 1460 5170 promer
1491 5100 1640 5156 illum
1685 5102 1842 5159 nobis
1877 5103 1974 5158 ﬁat

398 5179 687 5248 propitius,
722 5186 941 5254 quando
991 5188 1036 5243 is
1084 5201 1306 5259 peccata
1353 5202 1541 5248 nostra
1592 5198 1734 5260 tulit,
1775 5206 1828 5253 et
1873 5213 1972 5267 pro

397 5269 556 5328 nobis
599 5273 652 5328 in
705 5275 892 5335 dolore
942 5290 1026 5337 est
1053 5301 1065 5336 :
1093 5282 1206 5338 haec
1251 5294 1432 5342 autem
1479 5288 1754 5358 supplices
1783 5298 1978 5361 petunt

397 5366 789 5430 Propemodum
839 5371 1142 5442 cupientes,
1185 5381 1350 5445 atque
1399 5378 1452 5432 in
1502 5379 1642 5433 votis
1686 5379 1968 5444 habentes,

399 5449 590 5505 taciem
639 5456 826 5526 glorite
875 5459 1078 5518 Christi
1109 5463 1322 5530 videre,
1371 5475 1423 5522 et
1463 5468 1604 5524 diem
1640 5469 1778 5524 lucis
1820 5470 1968 5527 illius

395 5628 451 5687 2.
485 5631 540 5687 5.

399 5665 451 5694 δν

2074 4527 2142 4602 ἦν
2177 4532 2236 4585 τὸ
2295 4530 2431 4595 εἶδος
2482 4532 2646 4586 αὐτοῦ
2677 4533 2892 4605 ἄτιμον,
2923 4535 3016 4588 καὶ⁵
3053 4534 3300 4588 ἐκλεῖπον
3345 4538 3498 4609 παρὰ
3524 4542 3659 4606 τοὺς

2076 4625 2223 4688 υἱοὺς
2250 4623 2356 4676 τῶν
2397 4624 2716 4696 ἀνθρώπων.
2753 4627 3074 4698 Ἀνθρωπος
3114 4629 3172 4681 ἓν
3212 4627 3390 4700 πληγῇ
3427 4627 3523 4694 ὢν,
3557 4635 3658 4687 καὶ

2075 4715 2230 4786 εἰδὼς
2259 4717 2448 4788 φέρειν
2489 4719 2782 4789 μαλακίαν,
2819 4720 2900 4774 ὃτι
2933 4720 3241 4792 ἀπέστρεψε
3269 4721 3328 4775 τὸ
3357 4723 3657 4794 πρόσωπον

2074 4811 2260 4877 αὐτοῦ,
2298 4812 2572 4885 ὴτιμάσθη
2595 4831 2608 4845 ·
2652 4833 2670 4864 ι
2707 4816 2930 4879 εἰκότως
2966 4817 3338 4890 παρακαλοῦσι
3381 4821 3473 4875 τὸν
3517 4821 3656 4876 Θεὸν

2077 4904 2364 4974 ὲπιδλὲψαι
2396 4906 2474 4969 εἰς
2501 4906 2562 4958 τὸ
2597 4906 2884 4978 πρόσωπον
2915 4907 3008 4962 τοῦ
3057 4911 3292 4980 Χριστοῦ
3321 4911 3382 4965 τὸ
3409 4911 3476 4966 δι’
3502 4915 3654 4985 ἡμᾶς

2076 5001 2420 5074 ἠτιμωμένον
2467 5003 2560 5056 καὶ
2593 5003 3041 5076 καθυϐρισμένον,
3080 5005 3208 5058 ἵλεώ
3240 5025 3298 5060 τε
3341 5010 3473 5080 ἡμῖν
3496 5011 3656 5078 γενέ-

2079 5097 2200 5152 σθαι
2257 5097 2322 5150 δι’
2369 5097 2561 5150 αὐτόν’
2605 5099 2724 5150 ἐπεὶ
2752 5097 2850 5162 τὰς
2881 5099 3150 5170 ἁμαρτίας
3189 5100 3345 5172 ἡμῶν
3367 5103 3649 5175 ἀνείληφε,
3689 5107 3694 5110 ’

2078 5191 2168 5244 καὶ
2201 5190 2341 5262 ὑπὲρ
2375 5189 2529 5261 ἡμῶν
2569 5189 2840 5245 ὀδυνᾶται.
2893 5191 3076 5245 Ταῦτα
3107 5191 3151 5245 δ’
3187 5193 3505 5260 ἱκετεύουσι,
3558 5215 3653 5266 μοι

2077 5284 2288 5354 νονουχὶ
2315 5283 2604 5346 ποθοῦντες
2633 5284 2726 5336 καὶ
2754 5284 2810 5336 ἐν
2838 5283 2967 5356 εὐχῇ
2985 5284 3256 5356 τιθέμενοι
3281 5287 3341 5340 τὸ
3357 5288 3649 5360 πρόσωπον

2076 5376 2172 5446 τῆς
2215 5374 2372 5446 δόξης
2429 5375 2556 5428 ἰδεῖν
2587 5373 2681 5428 τοῦ
2715 5373 2974 5448 Χριστοῦ,
3020 5378 3115 5431 καὶ
3153 5379 3251 5450 τὴν
3301 5379 3516 5452 ἡμέραν
3549 5379 3647 5434 τοῦ

2075 5468 2251 5539 φωτὸς
2296 5468 2456 5522 αὑτοῦ
2497 5466 2812 5521 θεάσασθαι.
2857 5467 3004 5539 Λῦτη
3053 5469 3108 5523 δὲ
3142 5467 3207 5543 ἦν
3236 5472 3269 5543 ἡ
3297 5472 3399 5542 τῆς
3440 5474 3504 5526 ἐκ
3559 5490 3646 5526 νε-

499 5559 852 5656 ζῬιτιι-κιι,
890 5574 945 5644 6,
981 5579 1030 5633 7.
1107 5579 1148 5612 ιε
1175 5580 1305 5638 ibid.
1341 5581 1389 5636 7.
1469 5581 1873 5652 “Psal.xxvu,
1911 5587 1962 5642 8-.

2114 5579 2243 5639 ibid.
2277 5583 2328 5648 6,
2366 5583 2419 5640 7.
2490 5585 2533 5616 ⁵¹
2559 5584 2706 5641 Psal.
2744 5599 2971 5652 unm,
3013 5584 3102 5650 {0,
3137 5585 3218 5640 tl.
3298 5589 3343 5622 ⁸³
3381 5589 3476 5645 lsa.
3515 5603 3650 5656 ιω,
