3930 6202
216 229 326 286 315

1123 227 1773 286 DEMONSTRATIONIS
1812 228 2267 286 EVANGEIJCAS
2305 227 2432 282 LIB.
2464 226 2551 283 IV.

3327 228 3439 285 3H

214 341 365 414 κρῶν
404 340 753 405 ἀναστάσεως
805 338 987 403 αὐτοῦ,
1045 340 1256 410 ἥντινα,
1318 340 1446 412 μίαν
1496 335 1660 396 οὖσαν
1686 344 1763 396 κατ

1879 342 2232 413 contemplari
2262 360 2274 395 :
2303 354 2469 411 porro
2497 338 2586 393 hic
2620 337 2722 392 fuit
2759 354 2884 393 cum
2915 354 2946 394 a
2976 346 3151 395 morte
3177 339 3244 394 ad
3271 342 3436 397 vitam

211 434 385 508 μόνην
412 433 488 496 ὼς
514 432 727 504 ἀληθῶς
755 433 943 505 κυρίαν
964 428 1127 487 οὖσαν
1149 433 1239 486 καὶ
1265 434 1566 506 Κυριακὴν,
1595 436 1776 506 κρείτ-

207 546 340 583 τονα
368 525 503 581 εἷναί
528 544 657 597 φασι
688 527 894 600 μυρίων
912 528 1050 581 ὅσων
1086 526 1192 580 τῶν
1212 528 1531 599 κοινοτέρως
1553 529 1775 599 νοουμέο

208 637 320 673 νων
350 616 593 689 ἡμερῶν,
628 617 661 688 ἢ
701 617 808 671 τῶν
848 617 997 689 παρά
1054 618 1243 671 Μωσεῖ
1274 617 1774 688 νενομοθετημένων

210 712 273 761 ἐν
306 709 521 778 ἑορταῖς
564 707 657 760 καὶ
707 708 1021 777 νουμηνίαις
1056 709 1151 761 καὶ
1184 707 1491 773 σαϐϐάτοις,
1524 706 1589 771 ἀς
1618 707 1774 760 σκιάν

204 797 351 854 εἶναι
380 799 617 872 ἡμερῶν,
649 798 761 853 ἀλλ’
785 801 884 870 οὐχ
933 801 1143 873 ἡμέρας
1161 801 1189 853 6
1212 800 1355 863 θεῖος
1381 800 1674 863 ἀπόστολος
1695 800 1773 854 δι-

201 887 420 943 δάσκει.
464 888 613 958 Μόνη
648 888 701 941 δὲ
718 888 853 958 αῦτη
887 891 920 960 ἡ
962 890 1061 961 μία
1109 890 1363 961 Κυριακὴ
1402 889 1496 942 τοῦ
1526 890 1774 960 Σωτῆρος

203 981 366 1051 ἡμῶν
408 979 585 1051 ἡμέρα
619 981 715 1033 οὐκ
745 981 804 1034 ὲν
852 983 1012 1035 παντὶ
1053 983 1203 1054 τόπῳ
1247 979 1518 1053 φωτίζειν,
1562 981 1674 1034 ἀλλ’
1716 983 1773 1033 ὲν

205 1074 404 1144 μόναις
436 1073 554 1135 ταῖς
602 1072 791 1136 αὐλαῖς
828 1072 920 1126 τοῦ
955 1074 1159 1145 Κυρίου
1196 1073 1462 1127 λέλεκται.
1488 1069 1610 1126 Εἶεν
1634 1073 1678 1126 δ’
1708 1072 1774 1126 ἂν

200 1158 370 1220 αὗται
412 1165 470 1218 αἱ
517 1163 659 1218 κατά
688 1166 865 1220 πᾶσαν
896 1165 992 1237 τὴν
1037 1168 1361 1238 οἰκουμένην
1403 1166 1495 1220 τοῦ
1538 1165 1772 1237 Χριστοῦ

212 1257 557 1328 Ἐκκλησίαι,
583 1257 699 1321 ἐνὸς
724 1257 816 1311 τοῦ
845 1258 977 1312 Θεοῦ
997 1260 1356 1329 τυγχάνουσαι
1389 1260 1568 1323 αὐλαὶ,
1600 1260 1657 1311 ὲν
1686 1253 1775 1318 αἶς

199 1349 400 1419 ἀγαπᾷ
442 1348 535 1401 καὶ
582 1350 813 1419 αἱρεῖται
864 1352 1356 1424 παραρριπτεῖσθαι
1394 1354 1422 1404 6
1454 1351 1522 1404 τά
1552 1350 1773 1403 τοιαῦτα

201 1439 386 1503 εἰδὼς,
408 1440 556 1512 παρά
582 1440 713 1494 πολὺ
737 1442 1019 1514 κρείττονα
1045 1443 1142 1516 τὴν
1172 1445 1229 1497 ὲν
1242 1444 1463 1505 ταύταις
1489 1443 1771 1515 διατριδὴν

201 1533 624 1604 ἀποφηνάμενος
665 1532 764 1603 τῆς
799 1534 856 1585 ἐν
885 1536 997 1598 τοῖς
1031 1533 1347 1605 σκηνώμασι
1373 1534 1480 1586 τῶν
1509 1535 1771 1605 ἀμαρτω-

197 1624 317 1678 λῶν
342 1640 359 1654 ⁸
390 1624 661 1694 σημαίνων
711 1623 810 1688 τὰς
862 1624 969 1678 τῶν
1032 1625 1296 1679 Ἰουδαίων
1336 1627 1656 1695 συναγωγὰς
1680 1627 1771 1679 τὸν

199 1716 441 1788 Χριστὸν
464 1717 555 1769 τοῦ
587 1716 721 1769 Θεοῦ
750 1716 1104 1789 ἀρνουμένας,
1130 1718 1163 1787 ἦ
1209 1719 1303 1772 καὶ
1335 1718 1433 1781 τὰς
1464 1718 1571 1803 τῶν
1594 1718 1767 1773 ἀθέων
1797 1746 1842 1803 Β

200 1807 544 1878 ἑτεροδόξων.
570 1808 664 1861 καὶ
700 1807 805 1860 τῶν
830 1807 1004 1861 ἄλλων
1044 1808 1281 1861 ἀπίστων
1308 1808 1495 1872 ἐθνῶν,
1525 1802 1599 1863 ὧν
1634 1810 1767 1863 πολὺ

201 1898 446 1968 βελτίους
462 1895 597 1951 εἶναι
617 1898 715 1961 τὰς
749 1898 1067 1969 Ἑκκλησίας
1088 1898 1178 1953 τοῦ
1201 1899 1431 1969 Χριστοῦ
1455 1903 1560 1964 πᾶς
1589 1903 1617 1954 6
1642 1901 1771 1955 ταύ-

198 2006 299 2052 τας
325 1988 647 2060 αἱρούμενος
674 1989 1048 2058 ἀποφαίνεται.

203 2180 472 2255 Ψαλμοῆ
490 2188 673 2255 πηᾎ-
695 2183 948 2251 Χριστὸς
971 2184 1258 2252 ὀνομαστὶ
1278 2185 1765 2255 ἐξουθενημένος,

264 2253 367 2325 καὶ
415 2252 487 2325 τὰ
525 2254 812 2325 αἴσχιστα
852 2258 1225 2325 πεισόμενος,
1274 2252 1660 2325 ἀντάλλαγμά
1704 2274 1768 2309 τε

267 2321 461 2375 αὐτοῦ
499 2321 664 2390 λαὸς(
693 2325 877 2378 αὐτοῦ
906 2321 1029 2377 ὑπὸ
1062 2325 1179 2378 τῶν
1213 2325 1443 2395 ἐχθρῶν
1490 2321 1760 2387 ὀνειδιζό-

258 2409 473 2463 μενος.

271 2525 292 2558 s
337 2507 409 2560 Σὺ
459 2505 516 2558 δὲ
569 2505 771 2559 ἀπώσω
811 2506 905 2560 καὶ
952 2506 1326 2572 ἐξουδένωσας,
1377 2507 1636 2562 ἀνεϐάλου
1678 2509 1766 2563 τὸν

194 2600 436 2671 Χριστόν
466 2616 581 2660 σου,
627 2600 1000 2673 κατέστρεψας
1033 2600 1130 2671 τὴν
1159 2601 1432 2673 Διαθήκην
1458 2601 1548 2654 τοῦ
1582 2600 1765 2655 δούλου

196 2713 318 2749 σου.
360 2694 732 2766 Ἐὅεδήλωσας
762 2699 841 2760 είς
862 2698 959 2769 τὴν
987 2697 1090 2768 γῆν
1115 2698 1176 2751 τὸ
1216 2698 1461 2769 άγίασμα
1499 2697 1661 2751 αὐτοῦ
1684 2739 1697 2762 ,
1741 2718 1760 2750 ι

194 2787 293 2839 καὶ
349 2784 419 2839 τὰ
471 2784 616 2855 ἑξῆς·
646 2781 727 2849 οἷς
760 2786 1018 2854 ἐπιλέγει⁸
1050 2805 1068 2836 ι
1097 2785 1397 2857 Μνήσθητι,
1444 2785 1636 2857 Κύριε,
1672 2784 1765 2838 τοῦ

193 2874 501 2948 ὀνειδισμοῦ
524 2877 631 2928 τῶν
659 2876 857 2930 δούλων
894 2894 1009 2940 σου,
1044 2872 1103 2931 οῦ
1131 2876 1363 2947 ὑπέσχον
1395 2879 1451 2929 ἐν
1483 2876 1559 2948 τῷ
1582 2877 1766 2947 κόλπῳ

196 2987 305 3042 μου
340 2968 549 3023 πολλῶν
576 2968 761 3033 ἐθνῶν,
794 2965 855 3023 οὗ
888 2969 1166 3023 ὠνείδισαν
1199 2971 1248 3022 οἱ
1284 2969 1465 3041 ἐχθροί
1499 2987 1613 3034 σου,
1650 2971 1765 3023 Κύ-

1878 448 2130 489 reversus
2166 442 2269 496 est,
2301 446 2461 501 quem
2505 444 2655 496 sane,
2686 445 2810 484 cum
2842 431 2889 485 is
2923 446 3065 485 unus
3096 433 3170 486 sit
3201 440 3255 487 et
3288 435 3438 489 solus

1876 540 2062 583 revera
2088 523 2340 595 proprius
2381 536 2446 575 ac
2469 520 2803 586 Dominicus,
2823 522 3099 576 meliorem
3121 538 3242 578 esse
3262 525 3437 588 aiunt,

1876 618 1998 673 aliis
2027 613 2521 670 innumerabilibus
2562 611 2779 687 diebus,
2817 613 2931 667 sive
2955 612 3048 683 qui
3078 615 3441 669 communiter

1874 708 2265 778 intelligantur,
2300 706 2415 759 sive
2444 703 2537 773 qui
2565 718 2595 757 a
2631 703 2777 759 Mose
2806 704 2861 756 in
2896 703 3234 757 solemnibus
3258 713 3311 757 et
3341 719 3440 757 no-

1875 801 2097 856 viluniis
2137 808 2192 855 et
2229 797 2473 854 sabbatis
2515 796 2630 866 lege
2676 794 2876 849 sanciti
2922 795 3053 858 sint,
3087 811 3225 864 quos
3255 796 3441 863 utique

1875 908 1983 947 non
2014 892 2151 956 dies,
2187 890 2281 946 sed
2316 889 2527 944 dierum
2560 887 2786 941 umbras
2826 902 2949 942 esse
2974 887 3194 942 divinus
3220 896 3442 957 aposto-

1876 984 1960 1038 lus
2012 983 2191 1038 docet.
2234 980 2333 1036 Hic
2382 988 2565 1035 autem
2613 978 2765 1034 solus
2820 986 2876 1032 et
2921 995 3064 1033 unus
3123 978 3445 1065 Dominicus

1877 1074 2173 1130 Salvatoris
2202 1072 2374 1128 nostri
2407 1073 2545 1135 dies,
2572 1086 2682 1125 non
2706 1071 2761 1125 in
2791 1071 2940 1124 omni
2971 1071 3090 1124 loco
3118 1071 3315 1134 lucere,
3345 1070 3439 1124 sed

1874 1168 1930 1223 in
1970 1168 2103 1223 solis
2149 1167 2306 1222 atriis
2343 1165 2555 1221 Domini
2594 1165 2775 1219 dictus
2817 1173 2921 1219 est.
2976 1162 3099 1217 Haec
3143 1179 3270 1217 vero
3304 1165 3437 1216 atria

1873 1267 2035 1315 erunt
2062 1275 2158 1329 per
2185 1266 2360 1313 totum
2404 1258 2590 1312 orbem
2621 1265 2885 1312 terrarum
2927 1256 3129 1312 Christi
3162 1256 3439 1319 Ecclesiae,

1872 1367 1993 1423 qua:
2022 1353 2185 1408 unius
2228 1351 2426 1407 domus
2476 1350 2571 1406 Dei
2619 1352 2797 1404 locum
2846 1350 3117 1404 obtinent.
3150 1349 3211 1403 In
3244 1349 3449 1419 quibus

1871 1450 2022 1514 optat
2050 1450 2211 1513 atque
2258 1442 2411 1512 eligit
2456 1458 2514 1498 se
2546 1442 2727 1512 potius
2757 1439 3028 1509 ahjectum
3058 1455 3201 1499 esse,
3234 1438 3327 1507 qui
3359 1448 3444 1491 ta--

1872 1535 1943 1588 lia
1989 1534 2159 1599 novit,
2196 1533 2463 1603 longeque
2518 1532 2795 1586 meliorem
2838 1531 2893 1584 in
2922 1531 2990 1584 iis
3048 1528 3437 1582 habitationem

1870 1626 2140 1689 enuntiat,
2186 1641 2349 1695 quam
2381 1626 2435 1679 in
2483 1636 2831 1695 peccatorum
2882 1621 3252 1677 tabernaculis
3286 1638 3298 1674 :
3337 1618 3442 1674 nisi

1871 1716 2009 1773 forte
2054 1717 2400 1783 Judzeorum,
2453 1719 2545 1789 qui
2594 1718 2871 1773 Christum
2920 1716 3015 1772 Dei
3066 1721 3297 1784 negant,
3350 1722 3448 1766 aut

1870 1813 2100 1866 aliorum
2137 1812 2351 1867 diversa
2382 1814 2745 1884 opinantium,
2786 1811 3110 1880 nullumque
3147 1807 3313 1862 Deum
3346 1821 3443 1861 co-

1872 1905 2117 1970 lentium,
2150 1904 2592 1975 reliquarumque
2625 1920 2657 1958 a
2687 1904 2789 1958 fide
2817 1902 3231 1958 abhorrentium
3258 1900 3442 1953 natio-

1868 2014 1997 2052 num
2024 2005 2347 2062 conventus,
2378 1998 2551 2053 multo
2594 1997 2848 2052 meliores
2879 2010 3002 2051 esse
3033 2009 3202 2064 quam
3236 1991 3443 2046 Christi

1868 2089 2159 2154 Ecclesias,
2196 2090 2505 2160 quicunque
2532 2090 2695 2145 hasce
2736 2088 2904 2158 eligit,
2940 2088 3241 2158 proﬁtetur.

1870 2200 1909 2254 Α
1964 2200 2171 2267 psalmo
2210 2216 2476 2255 Lxxxvm.
2520 2230 2588 2239 —
2619 2199 2860 2254 Christus
2904 2199 3219 2253 nominatim
3259 2195 3444 2259 despe-

1941 2280 2076 2335 ctus,
2110 2284 2263 2341 atque
2291 2272 2469 2324 omnia
2503 2269 2695 2341 probra
2740 2285 3041 2341 passurus:
3063 2269 3442 2341 commutatio-

1938 2357 2035 2463 zue
2058 2339 2193 2409 ejus,
2228 2342 2449 2410 populus
2484 2340 2739 2410 ejusdem,
2776 2340 2864 2408 qui
2902 2340 2966 2393 ab
2997 2339 3222 2392 inimicis
3253 2351 3441 2402 expro-

1977 2423 2146 2463 ratur.

1977 2423 2146 2465 ratur.

1874 2526 2031 2596 187
2068 2545 2085 2577 ι
2125 2525 2206 2579 Tu
2242 2540 2372 2579 vero
2420 2523 2671 2595 repulisti
2713 2530 2767 2579 et
2794 2521 3115 2594 despexisti,
3175 2517 3444 2575 distulisti

1867 2618 2147 2673 Christum
2188 2625 2388 2672 tuum:
2427 2618 2673 2673 evertisti
2716 2622 3107 2673 testamentum
3154 2611 3296 2667 servi
3332 2609 3439 2665 sui.

1869 2706 2175 2764 Profanasti
2222 2710 2278 2763 in
2323 2717 2471 2765 terra
2516 2708 2889 2762 sanetuarium
2923 2705 3122 2775 ejus”,
3166 2723 3183 2755 ι
3226 2710 3281 2756 et
3320 2714 3447 2772 quat

1866 2809 2191 2874 sequuntur,
2210 2803 2409 2874 quibus
2426 2802 2673 2873 adjungit
2698 2821 2712 2857 ι
2742 2820 2761 2853 ‹
2799 2799 3005 2855 Memor
3026 2806 3165 2864 esto,
3194 2797 3441 2857 Domine.

1869 2900 2149 2970 opprobrii
2191 2916 2475 2957 servorum
2516 2908 2759 2965 tuorum,
2785 2897 2933 2969 quod
2966 2896 3214 2952 continui
3237 2897 3293 2949 in
3316 2896 3442 2951 sinu

1869 3008 1989 3049 meo
2021 2993 2319 3048 multarum
2351 2993 2619 3064 gentium,
2654 2991 2799 3074 quod
2834 2990 3304 3060 exprobraverunt
3335 2987 3442 3041 ini-

195 3076 311 3131 ριε,
339 3052 401 3112 οῦ
431 3060 726 3123 ὠνείδισαν,
755 3059 817 3113 τὸ
844 3059 1194 3131 ἀντάλλαγμα
1221 3059 1313 3113 τοῦ
1337 3060 1571 3131 Χριστοῦ
1593 3078 1708 3115 σου.
1741 3080 1759 3113 ι

1872 3086 1996 3139 mici
2023 3084 2125 3148 tui,
2164 3084 2413 3149 Domine,
2446 3086 2592 3155 quod
2622 3063 3113 3155 exprobraverunt,
3141 3088 3436 3136 commuta-

188 3150 400 3219 Σαφῶς
423 3150 479 3203 δὲ
509 3151 599 3206 καὶ
629 3154 684 3205 ὲν
712 3151 918 3217 τούτοις
946 3154 974 3205 6
1001 3152 1233 3224 Χριστὸς
1262 3152 1518 3224 ὀνομαστὶ
1553 3170 1760 3224 μνημο-

186 3244 440 3306 νεύεται,
476 3246 621 3317 καὶὴ
662 3244 804 3299 κατά
838 3245 899 3297 τὸ
935 3244 1105 3308 πάθος
1126 3243 1289 3298 αὐτοῦ
1317 3246 1761 3317 προφητεύομένη

187 3332 536 3406 περίστασις.
576 3334 696 3386 Ἐπὶ
727 3333 916 3405 σχολῆς
943 3334 1003 3387 δὲ
1033 3333 1122 3388 τὸν
1153 3334 1272 3388 ὅλον
1300 3335 1512 3407 ψαλμὸν
1548 3336 1765 3407 βασανί-

187 3424 381 3490 ζοντες
411 3426 847 3496 παραστήσομεν,
876 3427 956 3479 ὅτι
984 3425 1074 3478 ἐπὶ
1104 3425 1415 3500 μηδέτερον,
1466 3427 1498 3498 ἢ
1548 3429 1638 3481 ἐπὶ
1669 3429 1765 3499 μό-

186 3533 280 3572 νον
306 3516 399 3569 τὸν
430 3517 655 3589 Σωτῆρα
688 3519 782 3570 καὶ
825 3516 1026 3590 Κύριον
1055 3518 1210 3589 ἡμῶν
1242 3520 1547 3591 ἐφαρμόσαι
1587 3520 1651 3573 ἂν
1696 3519 1763 3573 τὰ

188 3606 547 3676 προκείμενα.
590 3607 746 3661 Ἀλλά
777 3609 869 3662 καὶ
892 3609 1141 3682 δεύτερον
1162 3610 1395 3682 Χριστὸς
1429 3610 1763 3682 ὀνομαζόμε-

187 3699 456 3761 νος,.τίνα
485 3699 641 3753 ἄλλον
663 3701 696 3772 ἦ
715 3701 804 3754 τὸν
831 3702 992 3755 αὐτὸν
1017 3702 1185 3774 δηλοῖ,
1210 3696 1271 3756 οῦ
1297 3702 1359 3756 τὸ
1384 3704 1756 3776 ἀντάλλαγμα,

186 3791 431 3861 δηλονότι
452 3791 550 3863 τὴν
585 3792 926 3864 Ἐκκλησίαν,
951 3794 1228 3848 ὠνείδισάν
1252 3812 1312 3847 τε
1344 3796 1439 3848 καὶ
1471 3796 1636 3849 είσέτι
1665 3795 1759 3852 νῦν

184 3882 507 3946 ὀνειδίζουσι
551 3885 602 3936 οἱ
646 3883 923 3954 λεγόμενοι
980 3883 1071 3936 τοῦ
1119 3884 1355 3956 Χριστοῦ
1407 3886 1622 3958 ἐχθροί;
1678 3885 1759 3938 Τὰ

188 3972 320 4040 γοῦν
367 3973 463 4025 τοῦ
496 3974 748 4047 Σωτῆρος
795 3974 949 4046 ἡμῶν
996 3973 1139 4045 πάθη
1186 3975 1222 4029 ἆ
1268 3976 1407 4047 ὑπὲρ
1468 3977 1621 4048 ήμῶν
1661 3979 1756 4031 ἀν-

189 4066 431 4131 εδέξατο,
473 4067 569 4119 καὶ
618 4068 850 4136 μάλιστα
884 4066 974 4121 τὸν
1008 4067 1233 4121 θάνατον
1265 4070 1358 4122 καὶ
1376 4070 1466 4122 τὸν
1507 4071 1755 4142 σταυρὸν,

189 4160 296 4221 πᾶς
317 4160 347 4211 6
374 4158 478 4228 τῆς
502 4159 734 4231 Χριστοῦ
760 4158 1104 4223 διδασκαλίας
1126 4159 1382 4231 πολέμιος
1412 4160 1757 4226 ὲπονειδίξειν

186 4252 319 4322 ἡμῖν
352 4251 565 4306 εἴωθεν.

1875 3181 2079 3235 tionem
2105 3180 2311 3235 Christi
2340 3182 2418 3235 ιιιί
2434 3180 2499 3235 ⁵⁵.
2531 3200 2550 3233 ι
2582 3178 2877 3249 Perspicue
2901 3193 3031 3232 vero
3061 3177 3224 3231 etiam
3256 3176 3312 3229 in
3354 3174 3444 3229 his

1864 3272 2068 3328 Christi
2107 3271 2431 3327 nominatim
2454 3272 2657 3327 mentio
2692 3272 2769 3336 fit,
2796 3279 2849 3326 et
2882 3270 3065 3324 futura
3098 3270 3153 3323 in
3185 3266 3440 3339 passione

1863 3360 2107 3432 ejusdem
2152 3361 2374 3416 afﬂictio
2419 3370 2776 3418 memoratur.
2828 3361 2933 3418 Ubi
2988 3376 3118 3417 vero
3170 3360 3295 3430 plus
3342 3359 3439 3413 otii

1862 3455 2008 3509 nacti
2048 3455 2275 3519 erimus,
2323 3462 2498 3509 totum
2528 3456 2800 3525 psalmum
2839 3456 3189 3526 explorantes
3216 3451 3432 3506 demon-

1863 3547 2179 3609 strabimus,
2216 3545 2351 3600 nulli
2384 3562 2613 3617 prorsus
2660 3546 2751 3599 alii
2783 3546 2892 3601 nisi
2940 3543 3209 3599 Salvatori
3242 3558 3305 3597 ac
3332 3540 3444 3597 Do-

1861 3641 2010 3694 mino
2032 3648 2220 3693 nostro
2252 3636 2654 3691 accommodari
2685 3651 2848 3707 posse
2878 3650 3001 3705 quae
3042 3635 3099 3689 in
3134 3650 3199 3688 eo
3238 3647 3444 3704 propu-o

1861 3730 1964 3786 sita
1988 3739 2134 3784 sunt.
2160 3726 2267 3783 Sed
2289 3727 2432 3782 enim
2456 3726 2545 3780 ubi
2585 3725 2842 3781 Christus
2876 3725 3073 3779 iterum
3102 3722 3436 3784 nominatur,

1858 3820 1983 3891 quis
2013 3819 2233 3874 tandem
2264 3818 2405 3873 alius
2440 3815 2777 3887 signiﬁcetur
2810 3815 2917 3869 nisi
2964 3812 3053 3869 ille
3103 3813 3239 3883 ipse,
3281 3809 3440 3879 cujus

1858 3911 2364 3974 commutationem,
2417 3909 2521 3963 hoc
2567 3918 2651 3963 est
2686 3907 3010 3970 Ecelesiam,
3059 3913 3115 3959 et
3142 3903 3415 3974 exprobra

1857 4011 2054 4059 verunt
2103 4011 2156 4058 et
2189 4002 2368 4057 adhuc
2396 4001 2752 4072 exprobrant,
2796 3999 2890 4069 qui
2941 3998 3203 4053 dicuntur
3232 3995 3440 4051 Christi

1858 4094 2104 4151 inimici?
2129 4094 2399 4165 siquidem
2428 4092 2729 4148 Salvatoris
2764 4091 2940 4146 nostri
2972 4090 3273 4152 cruciatus,
3299 4104 3440 4159 quos

1859 4188 1976 4258 ipse
2010 4200 2110 4255 pro
2159 4184 2316 4239 nobis
2362 4184 2636 4253 suscepit,
2686 4197 2749 4237 ac
2790 4179 3067 4252 praecipue
3108 4186 3339 4234 mortem
3384 4186 3441 4232 et

1818 4260 2101 4342 crucem,
2155 4276 2471 4347 quicunque
2514 4272 2722 4329 Christi
2776 4271 3086 4325 doctrinam
3136 4273 3436 4338 oppugnat,

1859 4370 2194 4441 exprobrare
2222 4366 2383 4423 nobis
2416 4364 2725 4421 consuevit.

190 4451 447 4533 Ψαλμοῦ
474 4454 637 4533 ρτῖέιη-
669 4484 735 4493 -
776 4451 1030 4533 Χριστός
1062 4454 1450 4533 ἀιςομαοξτὶᾼᾷίι
1491 4454 1756 4533 σπέρμμα-

1872 4464 1907 4517 Α
1932 4440 2136 4533 psalmo
2167 4475 2351 4515 cxxxt.
2386 4489 2456 4500 —
2492 4458 2738 4533 Christus
2768 4455 3121 4533 .nominatim
3137 4453 3200 4508 de
3229 4454 3440 4533 ‘semiue

252 4540 361 4589 τος
398 4522 1019 4593 Δαϐὶδνάνιστάμενος,
1062 4522 1239 4593 κέρας
1268 4525 1443 4577 Δαϐὶδ
1477 4522 1755 4593 ὀνομαζό-

250 4611 460 4664 μενος,
503 4592 645 4659 τοὺς
685 4593 1004 4660 Ἰουδαίους
1029 4595 1281 4664 ἐχθροὺς
1314 4592 1753 4665 καταισχύνων,

253 4664 319 4717 τὸ
347 4664 611 4733 ἀγιάσμα
640 4663 744 4717 τοῦ
772 4665 1000 4733 Πατρὲς
1024 4665 1310 4720 ἀνανεῶν.
1720 4722 1723 4723 ν

261 4797 278 4827 ι
319 4777 524 4846 Ὠμοσε
564 4776 767 4848 Κύριος
804 4776 881 4847 τῷ
918 4778 1082 4831 Δαϐὶδ
1121 4778 1396 4850 ἀλήθειαν,
1436 4780 1529 4833 καὶ
1572 4781 1632 4833 ού
1681 4780 1754 4851 μὴ

182 4870 441 4941 ἁθετήσει
484 4871 671 4925 αὐτόν’
709 4874 774 4925 ὲκ
819 4871 1031 4943 καρποῦ
1064 4873 1161 4943 τῆς
1209 4872 1416 4936 κοιλίας
1457 4889 1549 4925 σου
1597 4871 1757 4943 θήσο-

185 4982 283 5030 μαι
342 4964 437 5017 ἐπὶ
488 4963 580 5017 τοῦ
636 4963 827 5035 θρόνου
890 4982 1005 5020 σου.
1042 4986 1060 5017 ι
1130 4961 1242 5020 Εἴθ’
1298 4966 1505 5029 ὑποϐάς
1556 4982 1751 5036 φησιν’

186 5074 209 5107 s
245 5057 397 5109 Ἐκεί
416 5055 718 5120 ἐξανατελῶ
746 5058 911 5130 κέρας
938 5059 1016 5130 τῷ
1041 5060 1228 5125 Δαϐὶδ,
1259 5060 1532 5132 ἡτοίμασα
1566 5059 1756 5130 λύχνον

177 5149 258 5221 τῷ
282 5150 508 5222 Χριστῷ
545 5168 644 5221 μου
666 5169 680 5183 ⁸
708 5154 833 5217 τοὺς
864 5153 1091 5225 ἐχθροὺς
1133 5153 1297 5207 αὐτοῦ
1331 5154 1534 5207 ἐνδύσω
1564 5156 1755 5226 αἰσχύ-

177 5260 279 5311 νην
297 5260 311 5273 ·
351 5242 442 5297 ἐπὶ
472 5243 531 5296 δὲ
554 5244 713 5297 αὐτὸν
739 5245 1023 5318 ὲξανθήσει
1050 5247 1110 5299 τὸ
1137 5247 1386 5318 ἁγίασμά
1411 5265 1535 5319 μου.
1568 5269 1585 5301 ι
1612 5251 1754 5304 Κάν-

176 5334 356 5388 ταῦθα
385 5335 512 5406 περὶ
547 5336 639 5390 τοῦ
670 5340 732 5390 ἐκ
774 5339 1085 5410 σπέρματος
1110 5341 1274 5394 Δαὸὶδ
1312 5341 1538 5413 ὄμνυσιν
1569 5346 1597 5397 6
1644 5343 1755 5396 Κύ-

180 5446 319 5498 ριος,
358 5429 493 5499 ὃπρ
534 5430 752 5503 σπέρμα
796 5433 890 5486 καὶ
924 5432 1091 5503 κέρας
1128 5433 1382 5504 ὀνομάζει
1423 5435 1621 5489 αὑτοῦ·
1660 5438 1753 5490 καὶ

179 5520 342 5572 πάλιν
392 5520 650 5592 ὀνομαστὶ
699 5522 789 5575 τὸν
840 5525 1071 5595 Χριστὸν
1123 5526 1507 5597 ἀναγορεύων.
1562 5528 1751 5601 λύχνον

249 5674 295 5705 ⁸³
325 5672 469 5730 Psal.
502 5692 760 5747 Lxuvut,
794 5680 883 5745 5‘),
922 5681 994 5734 ιο.
1032 5674 1040 5681 ’
1080 5682 1121 5711 δ’·
1148 5681 1278 5735 ἰὶιὶιι.
1318 5684 1509 5747 51,352.

1587 5687 1630 5717 ⁵³
1658 5684 1802 5741 Psal.
1828 5703 2014 5753 cxxxr,
2051 5689 2137 5745 ii.

1935 4524 2105 4586 David
2141 4547 2380 4601 surgens,
2418 4532 2508 4593 qui
2555 4527 2930 4601 cornuﬂavirl
2976 4527 3303 4601 nominatur,
3348 4524 3439 4593 qui

1931 4603 2152 4657 Judwos
2197 4595 2441 4655 inimicos
2497 4600 2778 4669 confudit,
2823 4599 2913 4669 qui
2964 4595 3436 4667 sancti/irationem

1938 4674 2117 4728 Patris
2142 4681 2376 4727 renovat.

1925 4811 1943 4842 ι
1986 4789 2198 4846 Iuravit
2231 4787 2495 4843 Dominus
2532 4786 2635 4856 ipsi
2685 4783 2859 4839 David
2893 4784 3179 4839 veritatem
3221 4786 3276 4835 et
3315 4778 3435 4832 irri-

1852 4893 1963 4940 tam
2003 4902 2111 4941 non
2143 4882 2305 4937 faciet
2341 4896 2483 4943 eam,
2523 4879 2589 4934 de
2636 4877 2823 4933 fructu
2857 4876 3066 4932 ventris
3119 4874 3192 4927 tui
3227 4884 3429 4941 ponam

1855 4993 2019 5048 super
2045 4978 2227 5033 sedem
2250 4986 2398 5031 tuam
2415 4975 2484 5029 ⁸⁸.
2519 4994 2538 5027 ι
2567 4973 2704 5027 Τιιιιι
2738 4985 3064 5041 progressus
3089 4966 3319 5022 inferius
3353 4963 3433 5018 sic

1858 5074 1935 5127 ait
1961 5089 1973 5123 :
2003 5092 2023 5124 ι
2043 5070 2155 5125 Illic
2183 5070 2478 5140 producam
2506 5085 2681 5124 cornu
2710 5068 2814 5139 ipsi
2840 5065 3028 5128 David,
3051 5063 3235 5135 paravi
3265 5050 3434 5115 lucer-

1860 5179 1984 5217 nam
2032 5162 2255 5217 Christo
2300 5178 2454 5226 meo,
2504 5162 2760 5216 inimicos
2803 5160 2923 5229 ejus
2972 5158 3195 5212 induam
3247 5153 3433 5208 confu-

1860 5255 2247 5325 sione:super
2284 5255 2465 5324 ipsum
2519 5261 2701 5309 autem
2754 5252 3021 5308 eﬂlorebit
3067 5245 3432 5305 sanctiﬁcatio

1859 5346 2061 5401 mea".
2100 5366 2119 5399 ι
2160 5345 2262 5401 Hic
2300 5361 2519 5416 quoque
2563 5346 2630 5400 de
2671 5360 2737 5400 eo
2774 5345 2868 5415 qui
2908 5359 2974 5399 ex
3015 5341 3223 5398 semine
3260 5332 3427 5390 David

1855 5440 2067 5494 oriatur
2102 5439 2254 5509 jurat
2298 5438 2583 5503 Dominus,
2626 5438 2774 5508 quod
2805 5437 3024 5508 quidem
3064 5447 3251 5491 semen
3288 5430 3428 5498 ejus-

1857 5532 2000 5597 dem,
2050 5546 2220 5587 cornu
2260 5532 2560 5589 nominat:
2603 5540 2657 5587 et
2696 5546 2821 5588 cum
2864 5532 3058 5588 iterum
3104 5520 3429 5583 nominatim

2217 5690 2418 5745 "ibid.
2454 5690 2536 5755 l7,
2572 5691 2661 5749 18.
