3930 6202
466 193 575 248 515

1107 189 1380 249 EL’SEBII
1420 189 1907 252 CESABIENSIS
1934 192 2086 252 OPP.
2128 192 2328 250 PARS.
2373 192 2439 249 ll.
2470 220 2542 234 --
2573 186 3076 250 APOLOGETICA.

3615 190 3726 250 316

466 307 749 363 Christum
785 264 1018 376 appellet
1055 306 1336 362 lucernam
1369 307 1503 364 dicit
1534 325 1595 366 se
1623 312 1702 367 illi
1734 313 2035 384 paravisse,

2173 311 2304 383 μησὶν
2342 292 2899 384 ήτοιμακέναιλαύτῷ,
2928 309 3020 365 τὸν
3049 305 3407 383 προφητικὸν,
3438 307 3516 375 ὡς
3547 310 3723 375 εἱκδς,

467 399 846 472 prapheticum
876 399 1087 470 utique,
1104 408 1165 456 ut
1184 401 1481 459 verisimile
1496 411 1601 472 est,
1628 406 1879 472 verbum,
1899 407 2045 479 quod

468 494 648 564 ipsum
677 490 954 546 Christum
983 493 1302 559 antecessit,
1335 493 1430 565 qui
1454 496 1605 553 solus
1637 497 1814 554 instar
1848 500 2047 558 solaris

468 582 714 649 luminis,
744 583 1002 640 omnibus
1026 585 1122 655 qui
1161 592 1338 641 totum
1374 587 1565 643 orbem
1594 596 1872 646 terrarum
1905 591 2050 648 inco-

469 674 589 728 lunt
613 672 948 739 hominibus,
970 682 1195 731 exortus
1214 682 1319 732 est.
1357 673 1451 731 Sic
1472 676 1589 748 ipse
1617 694 1835 750 quoque
1852 678 2046 746 David,

470 776 531 821 ut
569 764 773 821 Christi
824 766 1051 821 lucerna
1090 775 1316 839 paratus
1352 776 1480 825 ante
1516 770 1669 826 illum
1705 771 1832 838 fuit,
1863 780 2052 844 utpote

470 858 563 927 qui
596 857 700 913 soli
746 856 1097 929 perfectoque
1146 859 1340 915 lumini
1384 870 1771 932 comparatus,
1815 864 2052 921 lucerna:

471 947 653 1017 locum
709 948 977 1005 obtineat.
1023 969 1043 1001 ι
1093 947 1213 1006 lllic
1271 966 1436 1020 vero,
1492 954 1703 1026 inquit,
1750 957 2052 1028 producam

472 1055 670 1101 cornu,
718 1059 737 1092 ι
783 1042 964 1121 locum
1012 1040 1267 1099 videlicet
1313 1043 1585 1109 indicans,
1642 1046 1733 1102 ubi
1782 1048 2055 1121 signiﬁcat

471 1128 755 1188 Christum
777 1110 1072 1189 oriturum.
1104 1132 1243 1188 Cum
1273 1135 1420 1190 enim
1456 1146 1716 1206 precatus
1757 1110 1906 1195 esset
1950 1138 2053 1194 Da-

473 1224 589 1288 vid,
622 1230 682 1277 ut
718 1224 822 1279 sibi
861 1225 1057 1296 spiritu
1096 1227 1259 1298 188
1291 1226 1483 1309 liceret
1522 1239 1650 1286 ante
1692 1231 2055 1303 contemplari

477 1315 630 1371 illius
668 1316 905 1371 natalem
942 1317 1149 1383 locum,
1190 1317 1538 1394 dixissetque
1570 1322 1739 1379 verba
1772 1322 1907 1381 illa:
1938 1344 1956 1375 ι
1995 1324 2054 1380 Si

481 1406 749 1464 introiero
800 1408 855 1463 in
896 1409 1314 1466 tabernaculum
1356 1412 1556 1470 domus
1596 1429 1751 1481 meae,
1787 1416 1833 1472 si
1863 1431 2047 1472 ascen-

478 1501 612 1555 dero
637 1500 694 1555 in
729 1501 931 1557 lectum
959 1503 1119 1558 strati
1150 1504 1279 1569 mei,
1307 1503 1356 1561 si
1394 1505 1599 1562 dedero
1632 1523 1888 1563 somnum
1922 1523 2058 1565 ocu-

475 1594 547 1649 lis
580 1593 737 1657 meis,
770 1600 824 1650 et
859 1593 1135 1666 palpebris
1185 1595 1323 1652 meis
1357 1595 1803 1654 dormitationem
1824 1640 1840 1664 ,
1878 1609 1932 1655 et
1968 1615 2057 1656 re-

2150 404 2328 474 λόγον,
2355 403 2448 457 τὸν
2477 402 2860 476 προωδευκότα
2887 400 2982 457 τοῦ
3006 400 3266 472 Χριστοῦ,
3293 400 3352 463 ὃς
3380 398 3540 472 μόνος
3566 399 3733 471 ἡλιαο

2152 495 2250 551 κοῦ
2281 495 2458 566 φωτὸς
2483 492 2640 566 δίκην
2668 496 2780 560 τοῖς
2803 495 2936 548 πᾶσι
2959 492 3083 547 καθ’
3114 489 3242 562 ὅλης
3269 491 3368 564 τῆς
3397 491 3737 563 οἰκουμένης

2152 584 2462 659 ἀνθρώποις
2490 584 2840 640 ἀνατέταλκε.
2874 583 2986 639 Καὶ
3015 582 3177 647 αὐτὸς
3204 580 3261 637 δὲ
3290 584 3319 635 ὀ
3344 579 3507 635 Δασιδ
3536 579 3740 651 λύχνος

2153 679 2232 752 τῷ
2268 677 2488 752 Χριστῷ
2529 677 2952 750 προητοίμαστο,
2984 675 3061 741 ὡς
3094 673 3394 746 παραθέσει
3424 672 3594 743 ήλίου,
3632 673 3741 726 καὶ

2153 773 2360 835 τελείου
2406 771 2604 843 φωτὸς,
2669 770 2863 842 λύχνου
2908 769 3064 838 τάξιν
3108 768 3339 838 ἐπέχων.
3380 786 3401 819 ι
3444 767 3587 821 Ἐκεῖ
3642 766 3735 833 δὲ,

2158 867 2343 939 φησὶν,
2407 862 2712 930 ὲξανατελῶ
2751 863 2939 937 κέρας,
2970 879 2991 914 ι
3027 860 3120 915 τὸν
3160 860 3323 915 τόπον
3365 858 3561 931 δηλῶν,
3600 856 3743 912 ἔνθα.

2161 960 2414 1031 σημαίνει
2440 958 2532 1012 τὸν
2564 956 2798 1030 Χριστὸν
2830 954 3278 1028 γεννηθήσεσθαι.
3306 952 3603 1025 Εὐξαμένῳ
3626 951 3745 1023 γὰρ

2157 1050 2237 1124 τῷ
2269 1050 2434 1105 Δαὸὶδ
2463 1050 2557 1105 τὸν
2595 1049 2761 1104 τόπον
2786 1047 2865 1121 τῷ
2903 1046 3178 1119 πνεύματι
3223 1045 3606 1119 προθεωρῆσαι
3636 1045 3747 1118 τῆς

2159 1146 2425 1219 γενέσεως
2455 1143 2549 1198 τοῦ
2586 1141 2848 1216 Χριστοῦ,
2883 1141 3118 1214 φήσαντι
3158 1158 3242 1205 τε,
3279 1159 3298 1193 ε
3334 1141 3399 1194 Εἰ
3434 1138 3747 1194 εἰσελεύσο-

2164 1257 2261 1313 μαι
2294 1239 2387 1292 ἐπὶ
2429 1237 2616 1309 κλίνης
2651 1234 2941 1309 στρωμνῆς
2983 1251 3107 1307 μου,
3140 1235 3189 1288 εἰ
3232 1231 3390 1287 δώσω
3412 1231 3583 1287 ὕπνον
3623 1232 3747 1298 τοῖς

2161 1334 2456 1406 ὀφθαλμοῖς
2489 1348 2613 1404 μου,
2659 1330 2892 1394 καὶτοῖς
2939 1327 3227 1401 βλεφάροις
3262 1344 3364 1399 μου
3404 1324 3745 1399 νυσταγμὸν,

2162 1426 2257 1481 καί
2291 1424 2597 1480 ἀνάπαυσιν
2623 1424 2737 1486 τοῖς
2769 1421 3060 1495 κροτάφοις
3087 1438 3211 1494 μου,
3248 1418 3354 1485 ἕως
3380 1411 3443 1473 οὗ
3473 1419 3623 1491 εῦρω
3654 1419 3750 1473 τό-

2164 1534 2262 1571 πον
2296 1515 2370 1587 τῷ
2408 1513 2617 1587 Κυρίῳ,
2657 1514 2922 1585 σκήνωμα
2948 1510 3025 1583 τῷ
3049 1510 3169 1583 Θεῷ
3204 1508 3394 1565 Ἰακὼϐ
3418 1550 3435 1575 ,
3471 1529 3490 1561 ι
3527 1511 3748 1564 ἀποκαο

2162 1608 2353 1663 λύπτει
2394 1607 2456 1662 τὸ
2493 1606 2634 1661 θεῖον
2683 1605 2910 1677 Πνεῦμα
2937 1604 3028 1660 τὸν
3055 1606 3113 1659 ὲν
3154 1601 3398 1675 Βηθλεὲμ
3425 1603 3612 1657 τόπον.
3650 1603 3750 1656 Διὸ

477 1687 665 1757 quiem
714 1687 1059 1756 temporibus
1110 1687 1284 1752 meis,
1336 1687 1513 1743 donec
1562 1688 1835 1745 inveniam
1881 1691 2063 1747 locum

2173 1701 2410 1775 ἐπιφέρει
2468 1700 2683 1771 λέγων’
2757 1715 2780 1753 ι
2848 1698 2981 1753 Ἰδοὺ
3053 1696 3369 1769 ἠκούσαμεν
3439 1695 3609 1767 αὐτὴν
3686 1697 3747 1749 ἐν

478 1778 730 1842 Domino,
758 1780 1180 1835 tabernaculum
1210 1780 1321 1837 Deo
1346 1779 1519 1852 Jacob
1539 1782 1607 1848 ³⁷,
1648 1802 1667 1836 ι
1703 1782 1926 1840 divinus
1951 1784 2064 1856 spi—

479 1873 621 1928 ritus
654 1872 703 1928 ei
739 1873 941 1937 locum,
968 1873 1061 1944 qui
1088 1880 1176 1930 est
1208 1874 1264 1929 in
1302 1873 1616 1931 Bethlchem
1650 1877 1927 1932 occultum
1967 1877 2062 1933 de-

480 1967 637 2038 tegit.
680 1967 866 2037 Itaque
897 1967 1200 2039 subiungit,
1248 1967 1440 2025 dicens
1474 1987 1487 2024 :
1518 1985 1538 2019 ι
1575 1967 1717 2025 Ecce
1754 1968 2064 2026 audivimus

481 2075 602 2115 eain
640 2059 694 2115 in
718 2058 988 2130 Ephrata;
1016 2078 1034 2111 ι
1062 2059 1252 2132 (porro
1271 2059 1386 2115 haec
1438 2068 1523 2116 est
1566 2060 1687 2132 ipsa
1723 2059 2062 2132 Bethlehem)

488 2170 507 2203 ι
540 2150 848 2207 invenimus
899 2166 1019 2207 eam
1062 2151 1117 2206 in
1158 2151 1370 2222 campis
1406 2152 1579 2218 silvae,
1618 2153 1970 2209 introibimus
2006 2152 2062 2207 in

480 2242 898 2299 tabernaculum
937 2241 1079 2312 ejus,
1131 2243 1486 2301 adorabimus
1522 2245 1578 2300 in
1608 2245 1734 2319 loco
1774 2244 1869 2301 ubi
1895 2251 2062 2301 stete-

481 2348 610 2394 runt
634 2338 798 2410 pedes
839 2339 962 2410 ejus
991 2339 1058 2394 ⁸⁸.
1094 2358 1114 2392 ι
1154 2338 1337 2407 Quare
1376 2342 1574 2397 merito
1616 2350 1905 2413 postquam
1944 2341 2064 2397 haec

482 2431 696 2502 aperuit
720 2439 884 2503 atque
914 2431 1197 2496 indicavit,
1222 2431 1473 2505 adjungit
1508 2448 1522 2485 :
1555 2451 1575 2485 ι
1612 2432 1730 2490 Illic
1760 2435 2059 2505 producam

482 2538 656 2578 cornu
691 2523 796 2595 ipsi
840 2523 1031 2589 David,
1064 2526 1253 2596 paravi
1290 2526 1576 2582 lucernam
1606 2525 1826 2582 Christo
1851 2543 1996 2583 meo.
2033 2546 2053 2580 ›

481 2611 740 2670 Fortasse
785 2616 948 2671 etiam
991 2617 1172 2688 ipsum
1221 2618 1277 2673 in
1316 2616 1632 2674 Bethlehem
1661 2632 1693 2672 a
1719 2617 1941 2675 Christo
1968 2635 2060 2677 as-

484 2712 766 2773 sumptum
810 2720 1034 2778 corpus,
1065 2707 1173 2763 alio
1193 2708 1430 2779 quodam
1466 2707 1742 2764 intellectu
1761 2708 1849 2764 his
1878 2709 2061 2766 verbis

487 2796 839 2868 signiﬁcans:
867 2798 1089 2870 quando
1120 2815 1220 2871 per
1251 2815 1451 2871 corpus
1482 2808 1742 2872 tanquam
1775 2817 1871 2872 per
1892 2809 2062 2858 testa-

2168 1793 2434 1865 Ἐφραθά·
2470 1813 2489 1846 ι
2523 1792 2683 1865 (αὕτη
2706 1791 2764 1846 δέ
2793 1792 2939 1846 ἐστιν
2968 1792 3002 1862 ἡ
3036 1788 3305 1862 Βηθλεέμ)
3339 1807 3359 1840 ‹
3384 1787 3619 1860 εὕρομεν
3646 1790 3745 1842 αύ-
3774 1866 3787 1873 -

2157 1888 2254 1960 τὴν
2289 1890 2346 1942 ὲν
2389 1890 2501 1951 τοῖς
2533 1886 2736 1950 πεδίοις
2780 1881 2875 1938 τοῦ
2919 1883 3146 1956 δρυμοῦ.
3186 1880 3620 1951 Εἱσελευσόμεθα
3664 1884 3746 1944 εἰς

2157 1980 2228 2035 τὰ
2262 1979 2594 2052 σκηνώματα
2622 1975 2811 2041 αὑτοῦ,
2842 1977 3292 2050 προσκυνήσομεν
3322 1976 3402 2038 είς
3437 1974 3529 2028 τὸν
3554 1975 3745 2038 τόπον,

2160 2067 2223 2129 οὗ
2250 2072 2487 2145 ἔστησαν
2514 2073 2565 2126 οἱ
2594 2071 2752 2136 πόδες
2792 2068 2981 2124 αὐτοῦ.
3015 2088 3035 2122 ι
3068 2069 3311 2134 Εἰκότως
3339 2063 3433 2123 οὖν
3466 2067 3607 2140 μετά
3649 2066 3749 2138 τὴν

2160 2164 2363 2219 τούτων
2396 2164 2702 2236 φανέρωσιν
2746 2161 2989 2231 ἐπιλέγει
3011 2179 3025 2192 ·
3062 2181 3082 2213 ι
3135 2161 3283 2215 Ἐκεῖ
3320 2157 3625 2225 ὲξανατελῶ
3649 2158 3748 2211 κέ-

2165 2274 2263 2329 ρας
2296 2255 2372 2328 τῷ
2403 2257 2598 2311 Δαϐίδο
2638 2257 2909 2328 ήτοίμασα
2949 2255 3140 2328 λύχνον
3184 2252 3264 2325 τῷ
3306 2252 3529 2324 Χριστῷ
3556 2269 3683 2323 μου.
3721 2269 3742 2303 ι

2159 2349 2313 2420 Τάχα
2347 2348 2476 2413 ίσως
2521 2349 2616 2403 καὶ
2656 2348 2719 2402 τὸ
2765 2347 2860 2403 ἐπὶ
2901 2348 3001 2421 τῆς
3041 2346 3288 2420 Βηθλεὲμ
3332 2345 3640 2417 ἀναληφθὲν
3670 2344 3750 2414 τῷ

2160 2441 2382 2513 Χριστῷ
2404 2441 2564 2513 σῶμα
2585 2440 2706 2496 καθ’
2729 2441 2923 2515 ἑτέραν
2942 2440 3199 2495 ὑπόνοιαν
3220 2439 3497 2511 σημαίνων
3522 2455 3537 2468 ·
3559 2437 3750 2510 ἐπειδὴ

2165 2531 2253 2586 διὰ
2283 2530 2378 2585 τοῦ
2423 2530 2677 2604 σώματος
2707 2530 2784 2596 ὡς
2825 2531 2895 2585 δι’
2919 2529 3239 2603 ὀστρακίνου
3274 2527 3503 2591 σκεύους
3528 2527 3717 2598 ὲνοική
3736 2558 3749 2571 ι

2170 2639 2309 2676 σασα
2339 2624 2396 2676 ὲν
2427 2621 2575 2694 αύτῷ
2601 2625 2635 2695 ὴ
2666 2621 2788 2677 θεία
2812 2621 3063 2693 δύναμις,
3092 2620 3168 2685 ώς
3194 2620 3283 2674 διὰ
3306 2619 3501 2691 λύχνου
3523 2618 3626 2681 τὰς
3650 2618 3750 2672 τοῦ

2167 2712 2313 2767 θείου
2341 2716 2438 2769 καὶ
2467 2712 2684 2783 λογικοῦ
2709 2711 2887 2785 φωτὸς
2913 2712 3281 2786 μαρμαρυγὰς
3301 2713 3382 2776 εἰς
3403 2710 3614 2774 πάντας
3662 2710 3751 2776 ἐξ-

2169 2805 2411 2878 έλαμψεν
2449 2806 2790 2880 ἀνθρώπους.

487 2903 646 2944 ccum
687 2904 807 2953 vas,
847 2889 1166 2947 inhabitans
1197 2891 1251 2948 in
1285 2892 1382 2948 illo
1422 2891 1608 2950 divina
1652 2895 1850 2960 virtus,
1891 2897 2053 2965 quasi
2085 2912 2184 2969 per
2212 2901 2513 2968 lucernam,
2545 2899 2717 2958 divini
2745 2901 2893 2957 illius
2919 2907 2976 2958 ct
3027 2900 3315 2957 rationalis
3377 2898 3602 2954 luminis
3659 2911 3751 2950 ra-

488 2979 634 3049 dios,
668 2982 724 3037 in
756 2996 948 3041 omnes
983 2985 1168 3042 emisit
1197 2985 1468 3043 homines.

488 3101 781 3200 AbrAmos.
807 3136 907 3200 ἠ,
949 3104 1196 3200 Christus
1264 3110 1579 3191 nominatim
1601 3128 1655 3200 Ιιι
1672 3110 1820 3200 JDeo
1869 3112 2064 3168 denun-

2187 3113 2320 3200 Ἀπὸ
2360 3113 2469 3197 τοῦ
2514 3113 2726 3200 Ἀμώς.⁸
2748 3145 2820 3200 :-
2859 3113 3113 3185 Χριστὸς
3131 3113 3450 3200 prognati.
3471 3112 3591 3200 ὐπῤ
3618 3114 3756 3200 Δτοῦ

560 3175 745 3238 tiatur,
771 3184 821 3230 et
855 3177 918 3230 ab
942 3180 1185 3251 omnibus
1228 3180 1553 3251 agnoscitur,
1585 3179 1901 3238 Judworum
1947 3200 2066 3240 vero

558 3254 760 3316 gentem
789 3247 1056 3318 repudiat.

573 3458 594 3493 ι
621 3439 825 3497 Parare
863 3441 931 3497 ad
962 3441 1329 3500 invocandum
1378 3443 1550 3501 Deum
1584 3446 1772 3515 Israel,
1806 3449 2070 3523 quoniam

489 3547 622 3588 ecce
649 3534 997 3592 consolidans
1022 3537 1251 3603 tonitru,
1273 3545 1329 3594 et
1352 3552 1548 3595 creans
1577 3541 1852 3608 spiritum,
1885 3550 1940 3597 et
1974 3543 2065 3598 de-

492 3624 758 3680 nuntians
797 3624 1114 3683 hominibus
1145 3626 1424 3684 Christum
1458 3620 1646 3696 suum,
1682 3629 1891 3687 faciens
1915 3648 2073 3689 mane

489 3721 546 3769 et
597 3714 876 3783 nebulam,
920 3724 975 3773 et
1021 3708 1326 3777 ascendens
1357 3735 1526 3792 supra
1568 3721 1717 3778 celsa
1754 3730 1933 3779 terra}.
1971 3723 2075 3779 Do-

489 3809 675 3864 minus
708 3807 853 3865 Deus
892 3810 1241 3883 omnipotens
1270 3816 1482 3885 momen
1514 3813 1565 3870 ei
1591 3830 1604 3866 :
1633 3815 1818 3871 audite
1845 3816 2072 3872 verbum

492 3899 727 3967 Domini,
756 3900 903 3972 quod
930 3917 1030 3973 ego
1054 3904 1211 3974 capio
1234 3919 1400 3975 super
1439 3920 1559 3973 vos,
1606 3904 2070 3964 lamentationem.

490 3988 699 4047 Domus
728 3989 899 4047 Israel
930 3992 1129 4049 cecidit
1164 4013 1177 4046 :
1212 4010 1323 4050 non
1356 3996 1497 4052 ultra
1542 3997 1762 4068 adjiciet
1796 4006 1857 4054 ut
1882 4014 2073 4056 resur-

491 4092 605 4157 gat.
630 4083 799 4156 Virgo
837 4084 1006 4141 lsrael
1039 4087 1191 4158 lapsa
1230 4095 1315 4144 est
1360 4087 1417 4142 in
1464 4096 1612 4157 terra
1655 4105 1755 4145 sua
1787 4106 1802 4143 :
1836 4105 1948 4146 non
1991 4099 2076 4147 est

490 4176 585 4248 qui
608 4176 781 4247 erigat
802 4178 1002 4232 eam”.
1037 4198 1056 4231 ι
1100 4176 1219 4233 1am
1253 4179 1486 4251 septimo
1514 4182 1635 4237 loco
1664 4180 1942 4239 Christum
1973 4197 2076 4238 no-

491 4269 741 4323 minatim
778 4268 1113 4327 denuntians
1165 4270 1481 4329 hominibus
1520 4272 1685 4341 Deus,
1728 4276 2074 4333 consolidare

490 4359 722 4423 tonitru,
756 4369 810 4415 et
841 4376 1030 4417 creare
1061 4363 1314 4434 spiritum
1366 4366 1692 4436 evangelicae
1733 4367 2076 4438 praedicatio-

2245 3186 2393 3242 Θεοῦ
2432 3183 3017 3256 καταγγελλόμενος,
3050 3185 3148 3256 καὶ
3186 3183 3338 3256 εζᾷοξι
3377 3183 3495 3253 μὲν
3529 3185 3758 3254 ἀνθρώ-

2242 3271 2377 3324 ποις
2399 3253 2842 3327 γνωριζόμενοξ,
2881 3254 3174 3312 Ἰουδαίων
3198 3253 3253 3308 δ’
3278 3253 3455 3322 ἔθνος
3470 3253 3760 3325 ἀφοσιού-

2237 3345 2442 3399 μενος.

2254 3440 2574 3515 Ἐτοιμάζου
2617 3440 2712 3495 τοῦ
2760 3438 3135 3495 ἐπικαλεῖσθαι
3176 3438 3270 3494 τὸν
3321 3438 3452 3494 Θεὸν
3509 3436 3755 3511 Ἰσραὴλ,

2171 3535 2303 3590 διότι
2332 3536 2440 3591 ἰδοὺ
2469 3533 2704 3608 στερεῶν
2749 3533 2979 3607 βροντὴν
3012 3532 3109 3587 καὶ
3139 3532 3338 3598 κτίζων
3379 3531 3619 3604 πνεῦμα,
3654 3533 3759 3586 καὶ

2173 3627 2523 3698 ἐπαγγέλλων
2543 3628 2624 3690 είς
2650 3623 2972 3697 ἀνθρώπους
2990 3623 3080 3678 τὸν
3107 3622 3342 3696 Χριστὸν
3365 3622 3550 3688 αὑτοῦ,
3578 3621 3761 3676 ποιῶν

2172 3721 2369 3795 ὄρθρον
2396 3720 2490 3774 καὶ
2518 3717 2767 3791 ὁμίχλην,
2797 3717 2891 3771 καὶ
2912 3714 3206 3770 ἐπιϐαίνων
3230 3715 3325 3769 ἐπὶ
3348 3712 3418 3769 τὰ
3446 3713 3627 3785 ὑψηλά
3650 3706 3762 3784 τῆς

2173 3815 2298 3886 γῆς.
2359 3812 2564 3887 Κύριος
2614 3813 2645 3866 ό
2700 3809 2857 3876 Θεὸς,
2918 3805 3313 3879 παντοκράτωρ
3347 3805 3521 3877 ὄνομα
3578 3804 3760 3876 αὐτῷ,

2186 3900 2481 3957 ’Δκούσατε
2533 3899 2694 3970 λόγου
2744 3896 2947 3970 Κυρίου
2963 3935 2979 3961 ,
3030 3896 3090 3951 ὃν
3148 3894 3261 3966 ἐγὼ
3313 3894 3609 3967 λαμϐάνων
3664 3897 3762 3965 ἐφ’

2177 3995 2340 4067 ὑμᾶς,
2379 3993 2595 4067 θρῆνον.
2641 3986 2804 4056 Οἶκος
2843 3988 3056 4063 Ἰσραὴλ
3091 3987 3284 4042 ἔπεσεν
3310 4004 3325 4018 ο
3381 3986 3564 4041 οὐκέτι
3579 4002 3764 4058 προσ-

2176 4086 2332 4159 θήσει
2402 4085 2498 4140 τοῦ
2564 4083 2884 4155 ἀναστῆναι.
2936 4080 3212 4153 Παρθένος
3261 4079 3478 4153 Ἰσραὴλ
3520 4079 3766 4151 ἔσφαλεν

2175 4180 2269 4233 ἐπὶ
2313 4179 2413 4251 τῆς
2441 4178 2547 4249 γῆς
2588 4176 2790 4248 αὐτῆς·
2824 4176 2926 4230 οὐκ
2965 4174 3113 4229 ἔστιν
3152 4174 3183 4226 ὁ
3227 4174 3462 4229 ἀνιστῶν
3501 4173 3698 4247 αὐτὴν.
3736 4195 3760 4228 ι

2179 4271 2445 4342 Ἔϐδομον
2493 4269 2596 4342 ἢδη
2639 4269 2732 4324 τὸν
2780 4267 3014 4341 Χριστὸν
3060 4267 3323 4339 ὀνομαστὶ
3370 4267 3769 4337 καταγγέλλων

2176 4367 2257 4430 εἰς
2302 4362 2622 4436 ἀνθρώπους
2665 4365 2695 4417 ὁ
2737 4362 2889 4427 Θεὸς,
2936 4361 3189 4434 στερεοῦν
3239 4360 3468 4434 βροντὴν
3514 4361 3612 4415 καὶ
3644 4362 3769 4416 κτί-

491 4449 580 4506 nis
616 4449 837 4518 dicitur,
886 4470 1006 4526 quae
1035 4455 1246 4511 tonitru
1291 4457 1535 4522 nomine,
1583 4468 1874 4531 prapterea
1924 4462 2064 4532 quod

2177 4458 2290 4523 ζειν
2325 4457 2542 4530 πνεῦμα
2584 4457 2800 4526 λέγεται
2831 4454 2925 4509 τοῦ
2967 4452 3325 4524 εύαγγελικοῦ
3377 4454 3763 4526 κηρύγματος,

489 4541 829 4599 exaudieuda
858 4545 933 4600 sit
971 4546 1040 4601 ab
1078 4547 1333 4605 omnibus
1372 4549 1711 4616 hominibus,
1746 4553 2071 4623 appellatur.

490 4634 630 4690 Nam
660 4635 827 4691 simili
858 4637 1023 4693 modo
1066 4640 1233 4695 etiam
1265 4641 1492 4713 spiritus
1521 4657 1632 4713 quo
1663 4641 1919 4701 Christus
1942 4660 2074 4716 apo-

500 4730 674 4786 stolos
705 4745 836 4786 suos
868 4730 1091 4797 amavit,
1119 4733 1491 4804 signiﬁcatur;
1526 4735 1673 4806 quod
1697 4737 1916 4807 quidem
1947 4753 2073 4809 per-

492 4823 681 4893 spicue
702 4823 758 4878 in
787 4822 1088 4881 Salvatoris
1123 4827 1296 4882 nostri
1335 4827 1571 4884 adventu
1605 4829 1937 4900 completum
1962 4837 2071 4897 est,

492 4915 551 4971 in
572 4931 681 4988 quo
701 4916 950 4974 facturus
966 4916 1110 4975 Deus
1126 4934 1286 4975 mane
1301 4920 1463 4977 simul
1483 4928 1538 4976 et
1559 4921 1814 4977 nebulam
1833 4923 2071 4987 canitur,

492 5007 564 5064 iis
590 5007 809 5079 quidem
826 5009 921 5080 qui
954 5011 1197 5067 salutare
1224 5012 1406 5068 lumen
1438 5014 1781 5084 susceperint
1808 5029 1987 5081 mane,
2008 5015 2078 5071 iis

490 5115 624 5158 vero
649 5100 879 5169 Iudaeis,
918 5103 1014 5175 qui
1044 5105 1101 5159 in
1130 5105 1311 5176 ipsum
1346 5120 1457 5161 non
1489 5105 1822 5161 crediderint
1862 5117 2077 5165 contra.

499 5190 663 5265 189
687 5193 821 5251 Nam
856 5196 926 5250 ad
960 5197 1084 5253 illos
1108 5206 1410 5252 extremam
1441 5214 1658 5269 quoque
1710 5199 2080 5255 denuntiatio.

497 5297 621 5339 nem
647 5287 932 5344 oraculum
990 5297 1265 5360 apportat,
1319 5290 1449 5345 dum
1503 5290 1949 5347 lamentationem
1980 5290 2078 5347 Ju-

499 5373 670 5433 daicaa
694 5381 875 5451 gentis
905 5381 1173 5454 adjuugit,
1200 5395 1323 5453 qua:
1351 5380 1419 5437 ad
1461 5381 1613 5453 ipsos
1652 5384 1837 5438 statim
1882 5399 2074 5454 perve-

502 5465 605 5532 ιιῖῑο
632 5479 756 5540 post
785 5472 1054 5530 nefarium
1112 5475 1377 5531 adversus
1430 5471 1764 5531 Salvatorem
1823 5483 2074 5531 nostrum

2182 4550 2430 4625 βροντῆς,
2457 4549 2546 4604 διά
2575 4549 2637 4603 τὸ
2677 4550 2757 4613 είς
2788 4546 2998 4612 πάντας
3044 4545 3365 4620 ἀνθρώπους
3406 4546 3762 4613 ἐξάκουστον,

2179 4642 2579 4717 ὀνομαζομένου
2601 4659 2615 4673 ·
2663 4642 2865 4714 ὁμοίως
2907 4640 2965 4694 δὲ
3011 4639 3108 4694 καὶ
3151 4640 3247 4693 τοῦ
3279 4641 3392 4703 τοῖς
3435 4639 3768 4703 ἀποστόλοις

2180 4736 2585 4809 ὲμπνεύσαντος
2639 4732 2877 4808 Χριστοῦ
2938 4731 3248 4804 πνεύματος
3298 4731 3630 4805 δηλουμένου
3664 4749 3677 4763 ο
3736 4734 3771 4785 ὃ

2179 4832 2275 4885 καὶ
2334 4830 2518 4901 σαφῶς
2567 4829 2660 4884 ἐπὶ
2710 4831 2775 4900 τῇ
2831 4825 2926 4881 τοῦ
2978 4826 3233 4900 Σωτῆρος
3287 4825 3445 4898 ήμῶν
3499 4825 3773 4899 ἐπιδημίᾳ

2180 4924 2555 4998 πεπλήρωται,
2609 4922 2695 4991 ἐφ’
2823 4920 3070 4990 ποιήσειν
3118 4921 3148 4974 ὁ
3198 4917 3331 4982 Θεὸς
3375 4918 3571 4991 ὄρθρον
3625 4919 3770 4988 ὁμοῦ

2182 5017 2281 5070 καὶ
2334 5014 2563 5086 ὁμίχλην
2622 5010 2973 5075 θεσπίζεται·
3040 5011 3155 5074 τοῖς
3210 5009 3309 5082 μὲν
3373 5009 3436 5062 τὸ
3494 5009 3773 5080 σωτήριον

2184 5107 2301 5177 φῶς
2351 5102 2835 5178 παραδεξαμένοις,
2879 5101 2972 5154 τὸν
3018 5099 3248 5172 όρθρον·
3289 5101 3402 5162 τοῖς
3447 5097 3505 5151 δὲ
3536 5098 3775 5169 ἀπειθὴ-

2183 5217 2341 5256 σασιν
2378 5201 2459 5264 εἰς
2487 5197 2649 5252 αὐτὸν
2698 5195 2807 5249 τῶν
2850 5197 2915 5249 ὲκ
2941 5193 3260 5266 περιτομῆς,
3297 5192 3632 5247 τούναντίον.
3669 5186 3777 5256 Οῖς

2181 5294 2275 5348 καὶ
2331 5291 2431 5364 τὴν
2487 5288 2720 5362 ὲσχάπγν
2762 5287 3037 5358 ἀπόφασιν
3088 5288 3118 5340 ὁ
3159 5285 3314 5354 λόγος
3366 5284 3773 5359 προκηρύττει,

2182 5385 2378 5458 θρῆνον
2410 5383 2674 5453 ἐπιλέγων
2689 5379 2783 5436 τοῦ
2815 5380 3082 5436 Ἰουδαίων
3097 5379 3305 5444 ἔθνους,
3333 5379 3426 5432 τὸν
3446 5379 3541 5432 καὶ
3571 5376 3778 5450 μετεὶς-

2182 5473 2342 5527 θόντα
2385 5472 2582 5537 αὐτοὺς
2644 5471 2957 5545 παραυτίκα
3022 5469 3158 5542 μετὰ
3182 5469 3282 5542 τὴν
3343 5467 3488 5524 κατά
3516 5467 3613 5523 τοῦ
3646 5467 3775 5526 Συ-

577 5623 622 5656 ⁸⁷
650 5622 792 5683 Psal.
815 5642 996 5701 cxxxi,
1030 5632 1145 5688 5-5.
1208 5634 1268 5717 f‘
1300 5633 1430 5693 ibid.
1464 5633 1518 5696 θ.
1557 5633 1607 5688 7.
1679 5633 1723 5666 "
1748 5633 1913 5690 Amos
1949 5648 2022 5701 tv,
2057 5634 2064 5684 ὖ

2185 5632 2274 5697 ι’5;
2312 5646 2360 5697 v,
2397 5628 2518 5694 1,2.
