3930 6202
196 233 310 293 ΞΞἸ

1120 237 1776 295 DEMONSTRATIONIS
1812 240 2276 297 EVANGELICE
2316 242 2445 298 LIB.
2478 241 2568 297 IV.

3348 245 3450 299 318

198 352 372 421 τῆρῦς
417 352 573 423 ἡμῶν
640 354 812 425 Ἰησοῦ
856 354 947 409 τοῦ
1000 354 1235 427 Χριστοῦ
1297 357 1631 410 δυσσέϐειαν.
1691 356 1781 420 Ἐξ

1907 356 2069 413 esum
2099 358 2382 413 Christum
2433 358 2632 412 scelus.
2668 355 2745 411 Ex
2780 357 2873 413 illo
2906 357 3049 411 enim
3082 357 3164 412 vel
3201 356 3269 413 ad
3308 358 3452 415 hunc

196 448 415 502 ἐκείνου
443 446 552 517 γὰρ
600 448 815 518 ἀληθῶς
854 449 944 501 καὶ
982 451 1061 513 είς
1108 450 1266 521 δεῦρο
1303 451 1331 501 6
1379 446 1524 513 οἶκος
1567 450 1780 521 Ἰσραὴλ

197 539 515 602 πέπτωκεν,
538 540 664 610 ὄρος
691 557 750 591 τε
774 538 917 605 ἅπαξ
962 541 1065 594 ὑπὸ
1100 542 1193 594 τοῦ
1219 541 1351 594 Θεοῦ
1385 541 1477 595 καὶ
1508 541 1781 610 ἀπόφασις

198 632 551 700 ἐξενήνεκται
595 632 723 703 περὶ
765 632 859 685 τοῦ
906 634 1160 698 πεσόντος
1196 634 1373 688 αὐτῶν
1407 634 1556 687 οἴκου
1598 632 1690 686 τοῦ
1723 637 1779 688 ὲν

213 719 592 792 Ἰερουσαλὴμ,
624 722 716 774 καὶ
746 724 884 777 κατὰ
927 725 1126 787 παντὸς
1165 724 1343 778 αὐτῶν
1379 725 1471 777 τοῦ
1507 725 1780 796 συστήμα-

198 831 319 877 τος,
350 815 427 877 ὡς
464 814 651 885 μηκέτ’
683 814 753 904 ειν
797 816 1267 886 ἀναστησομένων,
1300 815 1376 887 τῷ
1414 817 1545 887 μηδὲ
1591 819 1782 889 παρεῖ-

198 926 295 965 ναι
328 910 420 961 τὸν
450 908 748 962 ἁνιστῶντα
776 909 990 973 αὐτούς.
1019 930 1036 962 ι
1075 912 1188 963 Οὐκ
1218 909 1332 963 ἔστι
1368 930 1387 963 ι
1416 909 1564 979 γοῦν,
1596 912 1779 982 φησιν,

206 1018 230 1053 ι
259 1001 289 1053 6
324 1000 557 1054 ἀνιστῶν
573 999 761 1071 αὑτήν.
797 1019 816 1051 ι
854 1000 1007 1053 Ἐπεὶ
1038 1000 1147 1071 γὰρ
1172 1000 1393 1055 ἐλθόντα
1425 1002 1514 1055 τὸν
1549 1002 1782 1072 Χριστὸν

202 1091 301 1145 τοῦ
327 1090 463 1144 Θεοῦ
490 1092 549 1143 οὐ
581 1092 941 1160 προσήκαντο,
972 1091 1193 1155 εἰκότως
1225 1092 1419 1155 αὐτοὺς
1452 1091 1779 1156 καταλιπὼν,

201 1187 302 1242 ἐπὶ
350 1185 528 1238 πάντα
576 1186 802 1254 μετέστη
849 1183 915 1236 τὰ
968 1182 1115 1255 ἔθνη,
1146 1184 1207 1237 τὸ
1252 1184 1422 1239 αἴτιον
1463 1186 1562 1255 τῆς
1616 1202 1782 1256 μετα-

203 1277 473 1341 πτώσεως
506 1276 739 1342 διδάξας,
774 1276 839 1328 δι’
869 1268 942 1329 ὧν
968 1277 1465 1348 ἁποκλαυσάμενος,
1507 1278 1785 1348 μονονουχὶ

202 1370 591 1440 ἀπελογήσατο
641 1367 840 1422 εἰπών·
879 1388 896 1419 ι
945 1370 1314 1441 Ἰερουσαλὴμ,
1364 1370 1782 1443 ἰερουσαλὴμή

207 1462 605 1517 ἀποκτείνουσα
644 1464 768 1525 τοὺς
811 1464 1091 1534 προφήτας
1142 1464 1233 1515 καὶ
1275 1463 1619 1517 λιθοϐολοῦσα
1662 1466 1786 1527 τοὺς

207 1555 653 1625 ἀπεσταλμένους
682 1555 819 1626 πρὸς
854 1555 1084 1626 σαυτήν·
1120 1555 1379 1620 πολλάκις
1406 1556 1512 1629 γὰρ
1546 1556 1786 1628 ἠθέλησα

207 1649 535 1714 ἐπισυνάξαι
558 1648 625 1701 τὰ
655 1648 818 1702 τέκνα
848 1665 964 1711 σου,
992 1648 1050 1701 ὃν
1088 1648 1286 1720 τρόπον
1319 1649 1465 1721 ὅρνις
1507 1649 1575 1703 τὰ
1601 1650 1788 1704 νοσσία

1883 467 2056 521 usque
2086 451 2226 506 diem
2257 452 2452 507 domus
2482 450 2647 507 Israel
2671 451 2886 514 cecidit,
2914 460 2969 506 et
2990 451 3252 506 visionem
3288 455 3455 508 semel

1884 542 2025 598 Deus
2058 558 2122 598 ac
2151 543 2619 599 denuntiationem
2651 544 2898 614 protulit,
2930 542 2997 597 de
3020 557 3215 596 casura
3238 543 3455 596 illorum

1884 636 2047 691 domo
2106 638 2161 691 in
2195 633 2523 699 Jerusalem,
2550 635 2816 691 adversus
2837 650 3054 691 omnem
3072 634 3290 688 illorum
3315 636 3457 689 mul-

1884 729 2193 792 titudinem,
2229 728 2390 783 veluti
2425 742 2612 781 eorum
2648 728 2738 796 qui
2770 742 2876 780 non
2932 726 3165 795 amplius
3214 724 3457 797 erigendi

1887 824 2018 887 sint,
2052 837 2117 877 eo
2147 820 2292 891 quod
2324 836 2433 874 non
2466 818 2629 884 adsit,
2662 820 2755 888 qui
2789 819 2856 873 ad
2886 818 3007 873 illos
3040 819 3213 888 erigat
3240 836 3252 872 :
3292 836 3310 867 ι
3347 831 3457 870 non

1884 926 1989 983 est,
2016 917 2213 988 inquit,
2244 915 2337 985 qui
2368 914 2540 984 erigat
2568 927 2708 967 eam.
2743 931 2761 963 ι
2808 910 3105 981 Postquam
3136 910 3281 965 enim
3303 909 3460 962 Chri-

1887 1019 2055 1074 stum,
2088 1011 2179 1080 qui
2212 1009 2276 1062 ad
2310 1008 2429 1062 illos
2456 1012 2699 1068 venerat,
2725 1018 2832 1059 non
2856 1010 3236 1073 susceperunt,
3265 1002 3460 1057 merito

1890 1102 2012 1156 illos
2035 1112 2089 1155 et
2114 1098 2375 1162 deseruit,
2417 1104 2470 1150 et
2516 1096 2571 1150 in
2604 1109 2794 1150 omnes
2850 1093 3133 1147 transtulit
3185 1092 3456 1154 nationes,

1888 1192 2159 1265 quietiam
2193 1201 2305 1246 tum
2357 1190 2511 1261 prius
2547 1188 2718 1242 ruinze
2761 1202 2982 1242 causam
3041 1187 3161 1240 illos
3220 1185 3457 1248 edocuit,

1888 1287 1978 1342 ubi
2016 1301 2184 1357 prope
2215 1301 2338 1349 cum
2374 1281 2763 1337 lamentatione
2793 1296 2852 1336 se
2895 1279 3198 1343 excusavit,
3226 1277 3414 1331 dicens
3444 1294 3457 1331 :

1896 1399 1913 1431 ι
1952 1377 2281 1439 Jerusalem,
2312 1375 2639 1438 Jerusalem,
2693 1387 2815 1441 quae
2875 1369 3083 1425 occidis
3140 1368 3459 1439 prophetas,

1890 1480 1943 1527 et
1965 1469 2174 1540 lapidas
2208 1482 2302 1522 eos
2332 1466 2425 1536 qui
2447 1465 2515 1519 ad
2544 1472 2597 1518 te
2632 1463 2786 1518 missi
2813 1471 2963 1525 sunt,
2990 1476 3131 1529 saepe
3162 1460 3306 1514 volui
3333 1473 3467 1512 con.

1892 1579 2119 1637 gregare
2147 1562 2288 1615 ﬁlios
2318 1567 2443 1614 tuos
2472 1555 2746 1628 quomodo
2767 1555 2970 1626 gallina
3001 1553 3178 1624 pullos
3208 1566 3339 1605 suos
3363 1550 3466 1604 sub

1897 1659 2035 1720 alas,
2067 1664 2121 1711 et
2152 1653 2409 1710 noluistis
2446 1668 2459 1703 :
2491 1666 2621 1707 ecce
2665 1647 2992 1718 relinquitur
3047 1646 3241 1699 domus
3285 1650 3465 1697 vestra

208 1741 386 1811 αὐτῆς
415 1741 520 1794 ὑπὸ
567 1740 662 1805 τὰς
702 1742 994 1815 πτέρυγας,
1036 1743 1128 1795 καὶ
1176 1742 1275 1795 οὐκ
1312 1741 1640 1813 ἠθελήσατε·
1682 1742 1791 1796 ἰδοὺ
1823 1718 1864 1772 Β
1893 1718 2109 1806 deserta
2137 1749 2199 1802 ⁵ο.

210 1832 433 1901 ἀφίεται
467 1834 594 1902 ὑμῖν
625 1834 653 1885 6
689 1829 836 1895 οἶκος
868 1832 1020 1903 ὑμῶν
1051 1831 1276 1904 ἕρημος.
1317 1852 1335 1883 ιι

222 1965 362 2046 Ἀίτρ
406 1965 512 2046 τοῦ
558 1966 899 2046 Ἀμῢέῑκούμ.
935 1967 1298 2046 -ῌΧριστὸς
1344 1968 1629 2046 ὀιιόμᾳιοντὶ
1672 1970 1790 2046 ὑπὸ

277 2038 506 2118 ζίιψίος
532 2035 637 2090 τοῦ
666 2037 891 2118 Πατρός
930 2035 1258 2106 σωζόμενος
1290 2039 1387 2091 καὶ
1427 2035 1624 2099 σώζων
1654 2040 1793 2105 τοὺς

279 2109 504 2161 ἑαυτοῦ
533 2109 832 2176 χριστούς.

289 2239 310 2271 ‹
364 2217 613 2289 Ἐξῆλθες
639 2220 718 2282 εἰς
744 2218 1015 2289 σωτηρίαν
1044 2217 1173 2271 λαοῦ
1205 2236 1320 2284 σου,
1345 2220 1437 2273 τοῦ
1471 2220 1639 2275 σῶσαι
1668 2223 1793 2285 τοὺς

214 2310 475 2383 χριστούς
497 2326 616 2363 σου·
650 2308 839 2371 ἔϐαλες
867 2310 944 2371 είς
970 2308 1214 2377 κεφαλὰς
1242 2310 1455 2381 ἀνόμων
1484 2311 1725 2364 θάνατον.
1769 2330 1787 2361 ι

226 2403 462 2467 Ἀκύλας
508 2422 526 2454 ι
578 2402 828 2473 Ἐξῆλθες
857 2404 934 2465 εις
983 2402 1253 2475 σωτηρίαν
1289 2400 1416 2455 λαοῦ
1454 2420 1566 2467 σου,
1592 2405 1671 2466 εἰς
1693 2420 1795 2455 σω-

216 2497 414 2568 τηρίαν
446 2494 572 2549 λαοῦ
609 2513 701 2549 σου
738 2497 832 2550 σὺν
861 2495 1081 2567 Χριστῷ
1114 2513 1227 2549 σου.
1264 2516 1281 2547 ι
1330 2496 1545 2567 Ἐπειδὴ
1578 2499 1606 2546 ὁ
1638 2474 1794 2550 ’Λκύλ

217 2588 317 2652 λας
351 2589 473 2642 ἀντὶ
500 2587 593 2640 τοῦ
623 2586 980 2659 πληθυντικοῦ
1017 2586 1208 2650 ἑνικῶς
1251 2587 1500 2652 ἐξέδωκε,
1532 2590 1627 2642 σὺν
1659 2590 1794 2660 Χρι-

218 2680 332 2752 στῷ
392 2681 588 2751 φήσας,
626 2679 724 2749 τὴν
760 2679 1032 2751 σωτηρίαν
1061 2678 1137 2749 τῷ
1184 2678 1296 2749 λαῷ
1332 2680 1657 2751 πεποιῆσθαι
1705 2681 1797 2735 τὸν

218 2772 327 2826 τῶν
350 2773 485 2826 ὅλων
510 2771 641 2826 Θεόν
660 2789 672 2801 ·
707 2772 927 2837 εἰκότως
975 2771 1324 2844 παρεθέμεθα
1370 2772 1465 2844 τὴν
1514 2772 1678 2841 λέξιν,
1705 2791 1799 2829 σα-

218 2866 339 2935 φῶς
367 2865 443 2936 τῷ
476 2864 816 2936 προδλήματι
862 2866 1290 2937 παρισταμένην.
1328 2861 1451 2919 Εἶεν
1475 2866 1533 2919 δὲ
1563 2866 1627 2920 ἂν
1659 2866 1799 2920 κατά

216 2962 319 3032 τὴν
340 2960 448 3014 τῶν
474 2960 872 3031 Ἐὔδομήκοντα
899 2960 1190 3032 ἑρμηνείαν
1224 2960 1439 3024 πλείους
1467 2962 1515 3013 οἱ
1546 2959 1603 3026 ἐξ
1635 2959 1796 3014 αὐτοῦ

1894 1982 1971 2036 Ab
2004 1979 2315 2035 Ambacum.
2337 2006 2406 2015 —-—
2430 1976 2668 2030 Christus
2689 1973 2999 2028 nominatim
3020 1969 3289 2025 aDomiuo
3312 1966 3469 2020 Patre

2194 2058 2455 2113 servatur,
2489 2057 2537 2101 et
2567 2046 2790 2100 christos
2820 2060 2943 2099 suos
2977 2051 3169 2096 servat.

1972 2246 1990 2279 ι
2030 2225 2298 2298 Egressus
2330 2241 2389 2281 es
2420 2224 2475 2279 in
2500 2224 2731 2280 salutem
2760 2219 2945 2291 pepuli
2986 2217 3086 2284 tui,
3119 2224 3177 2271 ut
3204 2229 3455 2271 servares

1894 2322 2133 2378 christos
2147 2328 2271 2374 tuos
2292 2316 2501 2389 :jecisti
2519 2319 2574 2370 in
2587 2315 2765 2385 capita
2780 2312 3091 2382 iniquorum
3115 2315 3344 2362 mortem
3363 2306 3429 2356 ει.
3445 2324 3465 2355 ι

1894 2416 2089 2486 Aquila
2107 2432 2120 2468 :
2135 2432 2153 2465 ι
2173 2412 2436 2483 Egressus
2452 2426 2512 2465 es
2526 2409 2580 2463 in
2604 2408 2832 2463 salutem
2850 2403 3034 2475 populi
3048 2400 3150 2467 tui,
3172 2400 3225 2453 in
3241 2398 3471 2454 salutem

1896 2518 2042 2563 tuam
2060 2522 2182 2561 cum
2201 2504 2416 2560 Christo
2433 2510 2547 2560 tuo.
2562 2499 2857 2567 sQuoniam
2878 2495 3070 2566 Aquila
3090 2496 3141 2549 in
3157 2492 3349 2563 plurali
3364 2488 3476 2544 edi-

1896 2603 1975 2657 dit
1995 2599 2270 2669 singulare
2284 2596 2503 2666 quippe,
2520 2594 2614 2664 qui
2641 2607 2766 2647 eum
2786 2589 3004 2645 Christo
3020 2586 3215 2642 dixerit
3243 2583 3471 2639 salutem

1897 2693 2096 2765 populo
2121 2690 2316 2747 fecisse
2338 2688 2506 2743 Deum
2541 2684 2805 2747 universi,
2844 2683 2967 2751 jure
3003 2680 3120 2750 ipsa
3149 2677 3313 2733 verba
3371 2688 3469 2743 ap-

1900 2787 2207 2859 posuimus,
2236 2799 2357 2853 quae
2374 2780 2681 2851 perspicue,
2712 2776 2857 2847 quod
2880 2776 2969 2829 hic
2999 2772 3340 2844 pr0positum
3367 2781 3471 2831 est,

1901 2887 2142 2935 tuentur.
2175 2876 2351 2929 Erunt
2383 2881 2566 2928 autem
2637 2887 2702 2926 ex
2736 2867 3184 2937 interpretatione
3232 2864 3475 2933 ipsorum

1902 2967 2044 3022 LXX
2080 2968 2265 3038 plures
2290 2965 2357 3018 ab
2387 2963 2481 3018 illo
2513 2971 2567 3017 et
2596 2976 2694 3031 per
2725 2960 2903 3025 illum,
2927 2957 3022 3028 qui
3054 2956 3247 3010 christi
3289 2952 3474 3023 appel-

215 3056 316 3108 καὶ
347 3055 415 3107 δι’
444 3054 602 3107 αὑτὸν
644 3055 856 3125 χριστοὶ
897 3054 1344 3126 χρηματίζοντες,
1379 3055 1506 3125 περὶ
1548 3048 1621 3108 ὧν
1652 3053 1797 3124 εἴρη-

1907 3063 2107 3123 lentur,
2168 3057 2235 3112 de
2270 3057 2472 3127 quibus
2523 3055 2726 3109 dictum
2784 3058 2913 3106 est:
2970 3067 2988 3099 ι
3031 3046 3205 3101 Nolite
3256 3051 3477 3114 tangere

212 3162 340 3199 ται·
382 3164 402 3196 ι
432 3145 522 3214 Μὴ
543 3144 744 3215 ἆψησθε
771 3144 879 3197 τῶν
904 3144 1136 3216 χριστῶν
1170 3163 1293 3215 μου,
1323 3145 1416 3199 καὶ
1442 3146 1497 3197 ἐν
1526 3147 1636 3209 τοῖς
1670 3161 1801 3216 προ-

214 3241 431 3309 φήταις
461 3254 556 3306 μου
589 3237 660 3307 μὴ
692 3236 1072 3309 πονηρεῦεσθε,
1117 3255 1134 3287 ι
1167 3236 1300 3289 οἵτε
1335 3236 1413 3298 εἰς
1456 3234 1621 3288 αὑτὸν
1644 3251 1802 3287 πεπι-

214 3330 531 3393 στευκότες,
560 3329 648 3382 καὶ
674 3327 765 3382 τοῦ
802 3328 955 3397 ἁγίου
984 3328 1081 3398 τῆς
1108 3328 1164 3382 ὲν
1190 3328 1266 3398 τῷ
1297 3326 1515 3398 Χριστῷ
1553 3326 1805 3395 παλιγγε-

213 3442 273 3479 νε
288 3423 409 3486 σίας
437 3423 733 3494 χρῖσματος
764 3421 1177 3493 κατηξιωμένοι,
1204 3422 1297 3475 καὶ
1318 3420 1603 3491 δυνάμενοι
1625 3419 1803 3487 λέγειν

214 3518 425 3589 69.0fm;
458 3514 538 3585 τῷ
576 3515 707 3586 ἱερῷ
738 3513 1048 3584 ἁποστόλῳ·
1093 3531 1111 3564 ι
1151 3513 1388 3584 Μέτοχοι
1423 3511 1514 3565 τοῦ
1568 3510 1803 3584 Χριστοῦ

216 3611 551 3680 γεγόναμεν.
596 3628 617 3660 ›

233 3747 370 3803 Ἀπὸ
418 3745 535 3798 τῶν
570 3745 840 3813 Ἱερεμίου
876 3742 1139 3811 Θρήνων.
1188 3773 1257 3781 -
1297 3739 1550 3809 Χριστὸς
1589 3740 1806 3813 ὀνομα-

291 3819 392 3870 στὶ
434 3816 552 3869 ὑπὸ
596 3809 891 3869 Ἰουδαίων
916 3809 1484 3883 ἐπιϐουλευόμενος,
1534 3810 1632 3863 καὶ
1685 3809 1808 3875 τοῖς

291 3891 497 3943 ἔθνεσι
531 3885 1091 3956 ἐπιγινωσκόμενος.

297 4019 314 4048 ι
361 3994 586 4065 Πνεῦμα
619 3990 908 4065 προσώπου
955 3992 1111 4065 ήμῶν
1157 3991 1389 4064 Χριστὸς
1439 3989 1641 4062 Κύριος
1687 4007 1813 4044 συν-

224 4088 435 4160 εὶήςρθη
470 4091 527 4140 ἐν
558 4090 678 4149 ταῖς
732 4086 1047 4157 διαφθοραῖς
1093 4084 1270 4155 ἡμῶν,
1301 4075 1362 4135 οὗ
1417 4083 1679 4152 εἴπαμεν·
1723 4083 1810 4135 Ἑν

224 4184 288 4251 τῇ
320 4181 454 4250 σκιᾷ
488 4176 652 4232 αὐτοῦ
687 4175 964 4249 ζησόμεθα
996 4178 1053 4229 ὲν
1075 4178 1190 4238 τοῖς
1217 4173 1443 4227 ἔθνεσιν.
1475 4194 1493 4224 ι
1521 4176 1584 4228 υἱ
1620 4173 1812 4227 θεσπέ-

226 4290 330 4327 σιοι
380 4272 477 4325 τοῦ
523 4270 657 4323 Θεοῦ
711 4270 1004 4341 προφῆται,
1047 4267 1107 4321 τὸ
1153 4267 1341 4339 μέλλον
1375 4267 1504 4339 θείῳ
1536 4267 1811 4338 Πνεῦματι

226 4364 587 4435 συνορῶντες,
624 4361 879 4432 ζήσεσθαι
912 4360 1011 4432 μὲν
1054 4361 1277 4423 ἑαυτοὺς
1314 4362 1407 4414 καὶ
1437 4361 1563 4423 τοὺς
1600 4359 1807 4413 ἑαυτῶν

1904 3151 2146 3208 christos
2196 3165 2378 3211 meos,
2408 3155 2463 3201 et
2494 3147 2551 3200 in
2586 3143 2868 3215 prophetis
2920 3140 3057 3195 meis
3092 3138 3261 3192 nolite
3314 3133 3475 3190 mali-

1902 3242 2061 3315 gnari
2084 3242 2128 3272 θ’
2167 3260 2180 3295 :
2221 3258 2240 3291 ι
2270 3239 2361 3309 qui
2403 3237 2621 3307 quidem
2644 3242 2700 3290 et.
2740 3234 2799 3288 in
2835 3232 2987 3285 illum
3020 3227 3391 3289 crediderunt,
3421 3232 3478 3279 et

1906 3341 2097 3390 sancta
2128 3329 2561 3402 regenerationis
2591 3328 2647 3381 in
2663 3325 2885 3381 Christo
2914 3322 3173 3378 unctione
3204 3318 3355 3389 digni
3387 3316 3480 3370 ha-

1904 3423 2004 3477 biti
2035 3429 2185 3485 sunt,
2219 3428 2274 3474 et
2300 3433 2407 3473 una
2428 3433 2553 3472 cum
2601 3424 2795 3471 sancto
2825 3412 3087 3484 Apostolo
3127 3410 3313 3466 dicere
3351 3421 3480 3478 pos-

1905 3521 2033 3572 sunt
2058 3533 2072 3568 :
2104 3531 2122 3565 ι
2151 3510 2451 3581 Participes
2479 3506 2680 3564 Christi
2710 3505 2836 3559 facti
2861 3518 3051 3558 sumus
3080 3501 3144 3556 °'.
3176 3520 3194 3552 ι

1912 3740 2071 3811 190
2102 3737 2143 3792 A
2181 3736 2423 3811 Ieremia;
2470 3726 2977 3811 Lamentationibus.
3013 3757 3082 3766 —
3109 3722 3480 3811 Christusne-

1978 3794 2221 3865 7.53mi":
2270 3806 2333 3861 ab
2387 3804 2593 3859 Judwis
2637 3800 3062 3861 circumvenitur,
3098 3806 3148 3849 et
3181 3811 3211 3846 a
3240 3794 3479 3863 gentibus

1981 3881 2304 3953 agnoscitur.

1986 4013 2004 4045 ι
2044 3991 2283 4063 Spiritus
2314 3988 2500 4043 vultus
2523 3984 2698 4040 nostri
2723 3980 2978 4037 Christus
3013 3978 3296 4040 Dominus,
3329 3989 3482 4030 eom-

1912 4087 2215 4159 prehcnsus
2273 4089 2358 4137 est
2406 4080 2464 4135 in
2512 4074 2960 4146 corruptionibus
3014 4085 3241 4132 eorum,
3274 4067 3343 4122 de
3375 4082 3483 4136 quo

1911 4178 2172 4240 diximus,
2204 4174 2260 4227 in
2290 4174 2482 4226 umbra
2506 4169 2679 4239 ipsius
2710 4166 2955 4220 vivemus
2985 4162 3041 4215 in
3078 4157 3329 4230 gentibus
3349 4155 3413 4209 “.
3460 4172 3477 4203 ι

1911 4265 2277 4322 Admirabiles
2308 4262 2386 4315 illi
2418 4260 2515 4315 Dei
2548 4258 2848 4329 prophetat,
2884 4269 3009 4308 cum
3052 4250 3238 4305 divino
3286 4247 3482 4317 spiritu

1914 4359 2258 4413 intuerentur
2320 4351 2466 4423 quod
2498 4350 2743 4403 futurum
2773 4358 2911 4410 erat,
2966 4343 3211 4397 victuros
3262 4338 3481 4409 quidem

223 4458 439 4526 λόγους,
489 4455 566 4519 ὡς
593 4454 657 4508 ἂν
698 4451 913 4516 ζώντων
960 4454 1271 4524 ὲνεργήσειν
1318 4454 1374 4506 ἐν
1413 4455 1525 4515 τοῖς
1569 4451 1797 4515 ἔθνεσιν,

1916 4456 2147 4521 seipsos,
2180 4448 2346 4503 verba
2377 4453 2558 4499 autem
2583 4437 3135 4509 sua,quasiipsorum
3161 4430 3481 4491 viventium,

224 4553 340 4606 ἀλλ’
377 4551 477 4604 οὐκ
505 4552 561 4603 ἐν
587 4546 917 4618 τῷἸσραηλ,
944 4545 1247 4609 ἐθέσπιζον.
1273 4546 1375 4599 Τὸν
1394 4547 1626 4618 Χριστὸν
1647 4546 1808 4599 πάλιν

224 4645 510 4716 ὀνομαστὶ,
540 4648 615 4705 ως
650 4640 715 4695 ἂν
761 4640 921 4693 αὐτὸν
950 4638 1044 4691 τὸν
1079 4639 1334 4711 Χριστὸν,
1366 4642 1494 4711 παρ’
1537 4632 1596 4693 οὗ
1628 4640 1721 4693 καὶ
1749 4640 1810 4693 τὸ

228 4735 565 4810 προφητικὸν
600 4736 783 4797 αὐτοῖς
814 4734 1150 4806 κεχορήγητο
1178 4733 1411 4801 πνεῦμα,
1446 4731 1813 4803 συλληφθήσε-

229 4831 352 4885 σθαι
387 4829 621 4898 ἔφασκον
668 4828 726 4879 ἐν
763 4829 881 4889 ταῖς
932 4824 1246 4894 διαφθοραῖς
1289 4823 1487 4878 αὐτῶν.
1531 4818 1807 4894 Τίνων;ἦ

223 4924 388 4994 δῆλον
429 4923 511 4974 ὅτι
556 4919 663 4972 τῶν
698 4922 760 4972 ἐκ
808 4918 1105 4990 περιτομῆς
1147 4917 1598 4970 ἐπιϐουλευόντων
1638 4915 1802 4986 αὐτῷ.

227 5019 399 5089 Τήρει
432 5014 491 5068 δὲ
526 5013 820 5078 κάνταῦθα,
855 5014 1001 5075 ὅπως
1041 5014 1069 5062 ὁ
1091 5013 1246 5083 λόγος
1274 5011 1365 5063 τὸν
1397 5009 1630 5081 Χριστὸν
1674 5026 1808 5079 προ-

229 5103 486 5177 αγορεύει
524 5102 1010 5175 συλληφθήσεσθαι,
1042 5103 1178 5175 ὅπερ
1197 5104 1296 5156 οὐκ
1322 5102 1388 5155 ἂν
1411 5098 1709 5171 ὲφαρμόζοι
1742 5102 1808 5171 τῇ

226 5200 465 5270 δευτέρα
505 5196 597 5249 τοῦ
638 5195 875 5268 Χριστοῦ
929 5197 1217 5269 παρουσίᾳ,
1246 5198 1311 5267 ἣν
1348 5194 1555 5259 ἔνδοξον
1596 5193 1811 5247 ἔσεσθαι

228 5293 325 5347 καὶ
374 5290 511 5363 μετὰ
552 5290 823 5360 βασιλείας
862 5289 1045 5343 ἐνθέου
1087 5288 1553 5363 προκηρύττουσιν
1598 5290 1646 5340 οἱ
1682 5305 1813 5359 προ-

230 5385 455 5457 φητικοὶ
484 5384 649 5452 λόγοι.
685 5385 882 5456 Διόπερ
916 5384 1060 5441 εἰκὸς
1088 5383 1214 5445 τοὺς
1245 5386 1308 5436 ἐκ
1337 5380 1638 5452 περιτομῆς
1681 5381 1815 5434 ἀπο-

233 5473 585 5545 σφάλλεσθαι,
615 5473 680 5526 τὰ
714 5474 840 5545 περὶ
877 5473 976 5542 τῆς
999 5472 1253 5543 δευτέρας
1283 5470 1599 5538 ἐπιφανείας
1627 5468 1810 5534 αὐτοῦ,

230 5567 306 5632 ὡς
363 5568 455 5619 ἐπὶ
512 5564 732 5638 πρώτης
791 5564 1022 5634 ἀφίξεως
1084 5562 1541 5634 ἐ·’λαμ6άνοντας,
1566 5559 1812 5630 οὐδαμῶς

830 5723 883 5751 τι

342 5728 387 5756 ⁶⁰
415 5723 544 5777 Lar.
592 5723 916 5789 xul,5'.—35.
997 5722 1034 5755 ⁶¹
1063 5720 1265 5776 llabac.
1302 5735 1385 5784 ιιι,
1428 5719 1504 5773 15.

1589 5720 1631 5749 δ’
1658 5716 1801 5773 Psal.
1832 5731 1940 5782 crv,
1970 5716 2052 5771 l5.

1916 4520 2026 4596 non
2059 4541 2241 4594 futura
2278 4538 2476 4597 otiosa,
2510 4548 2621 4587 non
2652 4531 2794 4601 apud
2834 4527 3023 4590 Israel,
3060 4523 3154 4579 sed
3178 4520 3320 4592 apud
3355 4536 3487 4591 gen-

1917 4641 2019 4698 tes,
2055 4631 2355 4686 canebant:
2387 4626 2667 4681 Christum
2697 4628 2874 4675 autem
2903 4634 3095 4673 rursus
3140 4611 3483 4673 nominatim,

1916 4725 2073 4797 quasi
2112 4724 2262 4776 illum
2297 4720 2572 4775 Christum
2610 4732 2640 4769 a
2674 4729 2782 4784 quo
2813 4710 3164 4783 propheticus
3192 4705 3324 4775 ipsis
3358 4718 3488 4773 sup-

1917 4793 2253 4888 peditaretur
2280 4811 2529 4882 spiritus,
2563 4800 3132 4876 comprehendendum
3156 4795 3406 4851 dicebant
3433 4793 3488 4845 in

1918 4906 2364 4979 corruptionibus
2410 4904 2677 4973 ipsorum.
2706 4895 2992 4964 Quorum?
3022 4891 3224 4960 Nempe
3267 4887 3489 4941 Judaeo-

1916 5018 2059 5067 rum,
2089 5002 2182 5071 qui
2240 4999 2392 5053 illum
2448 4993 2663 5050 insidiis
2704 4992 3204 5046 circumvenerunt.
3255 4977 3488 5034 Attende

1918 5109 2047 5149 vero
2093 5093 2183 5146 hic
2224 5104 2461 5161 quoque,
2502 5097 2560 5141 ut
2598 5083 2882 5139 oraculum
2926 5079 3209 5134 Christum
3242 5072 3487 5143 praedicit

1922 5182 2516 5257 comprehendendum,
2553 5177 2696 5249 quod
2724 5189 2855 5231 sane
2882 5169 3089 5228 Christi
3115 5164 3355 5224 secundo
3386 5165 3485 5217 ad-

1922 5278 2107 5335 ventui
2130 5272 2533 5331 accommodari
2562 5288 2670 5325 non
2701 5267 2893 5340 possit,
2924 5279 3085 5335 quem
3120 5260 3416 5333 gloriosum
3438 5263 3492 5309 rt

1921 5386 2045 5425 eum
2103 5383 2271 5439 regno
2316 5366 2505 5420 divino
2559 5364 2843 5422 futurum,
2900 5355 3218 5427 prophetica
3270 5349 3491 5406 oracula

1920 5463 2225 5519 enuntiarit.
2290 5460 2636 5529 Quapropter
2680 5466 2904 5507 necesse
2948 5456 3033 5504 est
3075 5446 3293 5502 Judteos
3342 5445 3501 5499 aber-

1926 5573 2069 5623 rare,
2102 5557 2196 5628 qui
2223 5571 2286 5611 ea
2309 5570 2429 5625 qua:
2453 5552 2519 5607 ad
2545 5546 2843 5605 secundum
2872 5544 3019 5599 illius
3051 5543 3340 5598 advmtuln
3369 5552 3490 5609 per-

2132 5715 2176 5747 ⁸³
2200 5712 2360 5768 llebr.
2397 5726 2479 5778 ιιι,
2517 5707 2601 5765 Η.
2683 5703 2948 5761 6"Thren.
2993 5717 3066 5769 tv,
3095 5699 3186 5755 ‘20.
