3930 6202
379 241 392 254 κ
497 223 602 277 319

1130 219 1397 276 EL'SEBII
1430 215 1913 274 CESARl-ENSIS
1952 213 2104 271 OPP.
2136 211 2336 269 PARS.
2378 214 2443 269 ll.
2467 242 2537 252 —
2558 191 3057 268 APOLOGETICA.

3631 207 3742 262 320

497 342 675 395 tinent
699 339 856 410 quasi
891 339 958 393 de
993 338 1171 409 primo
1201 338 1379 392 solent
1408 335 1675 406 accipere,
1707 349 1832 388 cum
1857 334 1912 389 id
1929 350 2043 389 nus

2161 330 2316 386 τοῦτο
2347 329 2749 403 συγχωροῦντος
2778 327 2870 382 τοῦ
2906 327 3084 397 λόγου,
3123 325 3244 378 ἐπεὶ
3277 325 3350 396 μὴ
3375 319 3485 379 οἷόν
3505 325 3566 379 τέ
3594 327 3748 381 ἐστιν

494 448 655 504 quam
683 432 820 485 ratio
851 429 1114 485 concedat
1143 448 1156 483 :
1195 430 1397 500 quippe
1422 443 1547 483 cum
1575 427 1692 482 ﬁeri
1715 426 1868 481 nullo
1898 425 2060 480 modo

493 524 689 596 possit,
723 531 782 577 ut
811 531 864 578 et
894 523 1098 592 pariter
1146 529 1200 576 et
1245 521 1545 576 secundum
1592 519 1758 583 idem,
1802 519 1955 574 illum
2005 525 2063 572 et

493 615 790 687 gloriosum
827 621 880 668 et
914 613 1189 684 abjectum
1230 614 1499 686 ﬁngamus
1547 631 1562 668 :
1619 619 1881 683 praeterea
1935 627 2061 667 cum

493 708 700 762 honore
733 713 788 760 et
817 721 1003 776 regno,
1037 715 1090 762 et
1118 715 1312 761 contra
1367 720 1477 760 non
1534 705 1826 760 habentem
1882 719 2063 774 neque

491 797 728 867 speciem
763 812 938 866 neque
984 796 1173 863 decus,
1223 798 1317 852 sed
1353 804 1728 866 contemptum
1776 811 1887 867 pra:
1933 794 2061 850 ﬁliis

493 891 774 944 hominum
813 909 826 944 :
854 907 1046 946 rursus
1079 889 1419 946 Salvatorem
1443 899 1498 946 et
1527 888 1946 962 Redemptorem
1979 887 2062 943 ls-

491 981 624 1044 rael,
655 988 708 1035 et
738 991 928 1035 contra
955 981 1385 1036 circumventum
1413 981 1482 1035 ab
1509 981 1638 1044 illis,
1661 988 1714 1035 et
1729 979 1886 1051 quasi
1905 995 2060 1035 ovem

491 1073 715 1129 ductum
763 1074 830 1127 ad
871 1074 1223 1138 occisionem,
1275 1081 1330 1129 et
1357 1075 1426 1129 ab
1459 1073 1735 1145 antiquis,
1790 1075 1882 1145 qui
1918 1075 2060 1130 inter

488 1167 708 1221 eosdem
742 1165 872 1228 sint,
903 1166 1160 1220 traditum
1183 1165 1250 1221 ad
1280 1166 1682 1222 mortem.Cum
1711 1174 1891 1222 autem
1925 1168 2058 1224 satis

490 1259 774 1312 cmnmmle
825 1274 890 1310 ex
944 1259 1147 1311 nostris
1196 1257 1544 1323 rationibus,
1593 1257 2056 1329 quemadmodum

488 1350 606 1416 ipsa
638 1365 817 1404 rerum
851 1350 1116 1418 inspectio
1147 1349 1407 1415 declarat,
1460 1350 1716 1406 vaticinia
1747 1351 1814 1406 de
1835 1350 2057 1404 Christo

487 1441 542 1494 in
571 1441 680 1492 duo
711 1457 908 1511 genera
941 1442 1290 1498 dividantur:
1346 1460 1408 1500 ea
1451 1445 1672 1514 quidem
1710 1459 1831 1515 qua:
1854 1443 1920 1498 ad
1955 1445 2056 1498 hu-

486 1548 704 1586 manam
753 1535 899 1590 illius
956 1543 1206 1590 naturam
1240 1544 1488 1606 spectant
1518 1537 1874 1606 tristioraque
1901 1547 2052 1600 sunt,

488 1621 541 1675 in
569 1625 748 1692 priore
779 1624 926 1679 illius
958 1625 1192 1680 adventu
1227 1627 1494 1696 completa
1520 1643 1644 1682 esse
1679 1625 2004 1682 conﬁtemur
2036 1644 2050 1693 ;

2164 424 2296 496 ὁμοῦ
2345 424 2439 477 καὶ
2487 423 2628 476 κατά
2679 422 2738 475 τὸ
2781 421 2914 475 αὐτὸ
2969 419 3180 484 ἔνδοξον
3223 419 3382 472 αὐτὸν
3422 419 3516 473 καὶ
3555 420 3747 486 ἄδοξον

2161 518 2508 573 ὑποτίθεσθαι
2532 535 2546 548 ο
2595 518 2686 570 καὶ
2733 516 2945 586 ἔντιμον
2998 515 3092 569 καὶ
3144 513 3388 584 βασιλέα,
3427 513 3520 567 καὶ
3574 514 3748 566 πάλιν

2160 611 2258 665 οὐκ
2280 610 2472 681 ἔχοντα
2502 606 2640 674 εἶδος
2669 609 2790 663 οὐδὲ
2819 607 3032 673 κάλλος,
3059 607 3173 662 ἀλλ’
3213 606 3404 677 ἄτιμον
3425 605 3574 676 παρά
3608 607 3749 670 τοὺς

2160 705 2308 768 υἱοὺς
2341 704 2450 757 τῶν
2470 701 2804 774 ἀνθρὼπωνο
2833 701 2926 757 καὶ
2955 698 3111 765 αὖθις
3143 699 3371 771 Σωτῆρα
3403 699 3495 752 καὶ
3517 699 3750 771 Λυτρω-

2159 795 2257 867 τὴν
2295 795 2390 850 τοῦ
2427 794 2673 867 Ἰσραὴλ,
2715 794 2811 849 καὶ
2861 792 3023 847 πάλιν
3074 791 3552 862 ἐπιϐουλευόμενον
3599 791 3750 863 πρὸς

2159 890 2358 954 αὐτῶν,
2385 890 2478 944 καὶ
2509 889 2585 953 ὡς
2625 887 2894 959 πρόϐατον
2934 885 3025 940 επὶ
3053 885 3267 955 σφαγὴν
3309 885 3598 955 ἀγόμενον,
3629 884 3750 939 ἀπό

2157 1000 2216 1036 τε
2241 981 2348 1037 τῶν
2368 982 2585 1053 ἀνόμων
2625 980 2786 1034 αὑτὸν
2817 981 2898 1043 εἰς
2929 978 3156 1033 Θάνατον
3188 977 3632 1048 παραδιδόμενον.
3663 971 3747 1031 Εὖ

2157 1075 2214 1128 δὲ
2245 1073 2367 1128 καθ’
2398 1074 2566 1145 ἡμᾶς,
2599 1071 2676 1136 ὼς
2711 1073 2745 1143 ἡ
2777 1069 2885 1123 τῶν
2913 1069 3251 1142 πραγμάτων
3282 1070 3403 1140 δψις
3447 1071 3751 1126 ἐπιδείκνυ-

2161 1182 2264 1227 σιν,
2294 1165 2374 1227 εἱς
2410 1163 2503 1216 δύο
2530 1162 2764 1235 τρόπους
2800 1159 2907 1214 τῶν
2951 1159 3080 1232 περὶ
3103 1159 3198 1212 τοῦ
3230 1158 3468 1231 Χριστοῦ
3498 1163 3738 1234 προρρή-

2159 1273 2294 1310 σεων
2313 1254 2727 1327 διαιρουμένων,
2761 1251 2830 1306 τά
2863 1251 2964 1323 μὲν
3002 1249 3460 1323 ἀνθρωπινώτερα
3485 1252 3580 1305 καὶ
3613 1269 3746 1305 σκυ-

2158 1348 2351 1421 θρωπά
2397 1346 2538 1401 κατὰ
2577 1347 2676 1418 τὴν
2715 1344 2986 1418 προτέραν
3025 1343 3206 1414 ἄφιξιν
3248 1342 3411 1397 αὑτοῦ
3450 1343 3747 1415 πεπληρῶ-

2159 1441 2282 1494 σθαι
2309 1441 2669 1512 ὁμολογεῖται,
2703 1438 2773 1492 τά
2804 1438 2851 1491 δ’
2886 1437 3201 1508 ἐνδοξότερα
3227 1436 3320 1490 καὶ
3353 1435 3600 1507 Θειότερα
3624 1437 3747 1493 εἰσ-

2157 1533 2241 1586 έτι
2264 1532 2358 1586 νῦν
2394 1531 2750 1604 προσδοκᾶται
2805 1529 2946 1584 κατά
2992 1528 3090 1601 τὴν
3129 1528 3387 1600 δευτέραν
3426 1528 3595 1582 αὑτοῦ
3629 1546 3746 1582 πα-

2163 1627 2398 1698 ρουσίαν.
2435 1623 2730 1690 Ἀπόδειξις
2764 1623 2822 1676 δὲ
2871 1623 2971 1694 τῆς
3019 1620 3288 1694 προτέρας
3309 1621 3568 1692 ἐναργὴς,
3605 1621 3640 1692 ἡ
3676 1619 3741 1686 ἐξ

489 1729 607 1784 quae
638 1730 766 1769 vero
819 1718 1078 1785 majorem
1129 1719 1356 1789 gloriam
1397 1718 1620 1785 habent,
1679 1735 1744 1774 ac
1787 1719 2043 1774 diviniora

2158 1719 2412 1773 ἁπάντων
2455 1717 2560 1771 τῶν
2605 1716 2774 1769 ἐθνῶν
2809 1717 2888 1779 εἰς
2930 1714 3089 1786 ἔργον
3137 1715 3438 1786 χωρήσασα
3469 1712 3535 1765 δι’
3565 1712 3740 1766 αὑτοῦ

489 1813 636 1868 sunt,
668 1806 846 1859 adhuc
887 1823 1058 1877 usque
1119 1809 1187 1863 ad
1241 1810 1541 1864 secundum
1587 1809 1733 1865 illius
1763 1810 2050 1865 adventum

489 1905 893 1967 exspectantur.
927 1897 1132 1954 Prioris
1181 1909 1363 1955 autem
1403 1901 1798 1957 demonstratio
1823 1901 2046 1957 eviden-

488 1992 696 2046 tissima
724 1991 816 2046 Dei
846 1993 1032 2062 utique
1063 2007 1160 2063 per
1193 1993 1344 2047 illum
1377 1994 1430 2048 in
1480 2010 1672 2050 omnes
1701 2004 1889 2066 gentes
1920 2009 2048 2065 pro-

487 2099 692 2155 gressa,
743 2093 796 2139 et
841 2086 1020 2154 reipsa
1072 2085 1344 2140 declarata
1373 2087 1634 2156 cognitio,
1685 2102 1849 2157 quam
1883 2087 2049 2142 variis

2158 1810 2472 1879 θεογνωσία,
2509 1808 2575 1880 ῆν
2603 1809 2871 1880 διαφόρως
2907 1806 3094 1878 μυρίαι
3126 1804 3437 1870 θεσπίζουσι
3469 1823 3739 1878 προφητι-

2155 1903 2247 1955 καὶ
2269 1901 2460 1971 φωναὶ,
2491 1898 2794 1970 ὡσπεροῦν,
2824 1898 2916 1951 καὶ
2945 1899 2978 1968 ἡ
3010 1896 3281 1969 παροῦσα,
3316 1897 3382 1951 δι’
3405 1892 3472 1968 ἧς
3494 1897 3733 1970 εἴρηται,

2152 1987 2213 2046 οῦ
2246 1994 2508 2064 εἴπαμεν·
2557 2011 2576 2044 t
2623 1992 2709 2046 Ἐν
2746 1993 2812 2062 τῇ
2847 1991 2974 2060 σκιᾷ
3001 1988 3166 2043 αὑτοῦ
3227 1989 3501 2061 ζησόμεθα
3531 1992 3590 2043 ὲν
3621 1993 3738 2054 τοῖς

2156 2087 2353 2140 ἔθνεσι.
2395 2106 2414 2138 ι

486 2177 824 2248 diversisque
846 2179 1021 2234 modis
1045 2179 1472 2236 innumerabiles
1495 2189 1699 2236 canunt
1725 2182 2057 2254 prophetica:
2092 2198 2280 2247 voces,
2316 2183 2461 2238 sicut
2485 2182 2567 2236 vel
2601 2195 2664 2236 ea
2694 2180 3107 2251 quamproxime
3148 2178 3461 2244 citavimus,
3511 2179 3569 2234 in
3617 2195 3728 2249 qua

485 2274 644 2329 verba
678 2275 770 2327 illa
805 2276 1260 2342 continebantur,
1315 2277 1383 2332 de
1443 2293 1552 2348 quo
1603 2279 1880 2336 diximus:
1916 2299 1935 2332 ι
1977 2279 2034 2334 ln
2073 2280 2266 2334 umbra
2298 2278 2472 2349 ipsius
2496 2277 2743 2333 vivemus
2777 2276 2832 2330 in
2863 2276 3140 2348 gentibus.
3181 2295 3199 2326 ι

485 2389 638 2460 191
675 2390 717 2444 Α
745 2392 914 2459 primo
944 2393 1156 2462 Regum.
1176 2424 1246 2434 —
1275 2395 1518 2450 Christus
1543 2399 1854 2452 nominatim
1879 2416 1910 2452 a
1945 2397 2053 2453 Do-

921 2465 1062 2518 mino
1097 2464 1258 2518 Patre
1303 2467 1592 2521 exaltatur.

553 2590 574 2623 ‹
622 2571 881 2629 Dominus
915 2577 1158 2631 ascendit
1187 2578 1242 2631 in
1288 2579 1455 2634 cmlos
1487 2588 1541 2634 et
1567 2582 1742 2637 tonuit
1772 2602 1784 2638 :
1813 2582 1928 2654 ipse
1954 2583 2047 2653 ju-

479 2665 683 2721 dicahit
708 2675 948 2723 extrema
972 2678 1150 2732 terrae,
1175 2671 1268 2741 qui
1299 2673 1390 2726 dat
1423 2671 1794 2730 fortitudinem
1826 2677 2047 2747 regibus

480 2763 704 2824 nostris,
736 2769 790 2815 et
814 2762 1076 2816 exaltabit
1107 2777 1278 2818 cornu
1309 2765 1509 2821 Christi
1540 2768 1626 2822 sui
1653 2769 1719 2823 ⁸⁵.
1753 2788 1771 2821 ι
1807 2768 2049 2826 Restitu-

479 2851 681 2905 tionem
741 2851 796 2906 in
851 2855 1047 2908 cmlnm
1102 2870 1294 2912 rursus
1346 2859 1666 2914 nominatim
1702 2861 1905 2917 Christi
1953 2870 2047 2917 aut

477 2942 639 2996 etiam
681 2942 775 2998 Dei
833 2947 1113 3001 oraculum
1145 2949 1411 3020 intelligit,
1445 2950 1799 3024 ejusdemque
1833 2955 2040 3010 doctri-

2171 2397 2303 2453 Ἆπό
2323 2397 2431 2464 τῆς
2461 2396 2694 2466 πρώτης
2712 2395 2830 2450 τῶν
2868 2395 3220 2460 βασιλειῶν.
3238 2426 3305 2436 -
3320 2393 3570 2463 Χριστὸς
3596 2395 3735 2447 dro-

2291 2469 2477 2538 μαστὶ
2502 2465 2622 2522 ὑπὸ
2651 2467 2872 2535 Κυρίου
2901 2465 3006 2520 τοῦ
3039 2466 3268 2534 Πατρός
3301 2466 3668 2535 ὐψούμενος.

2229 2599 2248 2633 t
2277 2581 2478 2653 Κύριος
2497 2580 2660 2652 ἀνέϐη
2685 2581 2764 2644 εἰς
2777 2580 3056 2652 οὐρανοὺς,
3083 2578 3175 2632 καὶ
3193 2578 3539 2649 ἐϐρόντησενο
3569 2580 3732 2642 αὐτὰ

2154 2673 2330 2744 κρινεῖ
2372 2673 2518 2743 ἀκρα
2565 2672 2688 2743 γῆς,
2733 2672 2826 2724 καὶ
2870 2669 3028 2723 δώσει
3080 2671 3230 2740 ἰσχὺν
3266 2673 3377 2732 τοῖς
3419 2669 3732 2739 βασιλεῦσιν

2153 2762 2328 2834 ⁴ἡμῶν,
2380 2763 2474 2815 καὶ
2512 2761 2714 2832 ὑψώσει
2755 2761 2920 2833 κέρας
2957 2759 3192 2833 Χριστοῦ
3225 2759 3410 2814 αὐτοῦ.
3449 2780 3466 2812 ι
3507 2761 3618 2831 Τὴν
3653 2761 3732 2826 εἰς

2151 2856 2413 2928 οὐρανοὺς
2437 2855 2876 2908 ἀποκατάστασιν
2906 2850 3060 2917 αὖθις
3084 2854 3341 2922 ὀνομαστὶ
3367 2852 3461 2906 τοῦ
3489 2853 3731 2925 Χριστοῦ

2148 2947 2180 3018 ἢ
2208 2949 2303 3001 καὶ
2333 2947 2468 3001 Θεοῦ
2498 2947 2654 3016 λόγος
2681 2949 2996 3010 ἐπινοεῖται,
3024 2948 3120 3019 τήν
3138 2963 3197 2998 τε
3218 2945 3540 3010 ἐξάκουστον
3567 2946 3729 3018 βρον-

477 3050 622 3098 nam,
659 3051 778 3106 qua:
830 3037 1006 3093 instar
1051 3039 1255 3095 tonitru
1293 3041 1360 3097 ab
1415 3043 1669 3099 omnibus
1707 3047 2043 3102 exaudienda

2153 3037 2249 3107 τῆς
2305 3037 2459 3108 δίκην
2504 3039 2582 3100 εἰς
2615 3038 2861 3101 ἅπαντας
2899 3035 3240 3091 διδασκαλίαν
3280 3036 3465 3101 αὑτοῦ,
3499 3037 3589 3089 καί
3629 3037 3730 3108 τὴν

476 3127 568 3191 sit,
603 3127 730 3183 item
761 3130 906 3198 quod
947 3137 1132 3200 postea
1165 3131 1404 3188 futurum
1451 3143 1535 3190 est
1567 3136 1809 3206 ejusdem
1853 3147 2044 3195 contra

475 3235 668 3277 omnes
689 3222 978 3291 judicium.
1010 3222 1139 3281 Post
1165 3225 1278 3281 haec
1307 3235 1487 3282 autem
1519 3230 1636 3300 ipse
1658 3229 1921 3288 Dominus
1948 3233 2044 3288 da-

476 3318 635 3367 turus
667 3313 836 3368 robur
867 3313 1073 3369 dicitur
1097 3317 1317 3387 regibus
1355 3321 1579 3377 nostris.
1613 3321 1676 3375 Hi
1717 3339 1847 3379 vero
1881 3333 2043 3380 erunt

474 3405 706 3473 apostoli
748 3404 972 3470 Christi,
1002 3406 1069 3461 de
1095 3409 1294 3479 quibus
1327 3411 1492 3467 habes
1535 3413 1589 3467 in
1641 3427 1785 3470 uvn
1834 3417 2042 3486 psalmo

475 3492 610 3548 illud
641 3494 686 3526 “
719 3512 735 3550 :
769 3514 788 3547 ι
831 3495 1268 3556 Dominusdabit
1290 3502 1513 3557 verbum
1541 3506 2041 3576 evangelizantibus

475 3585 676 3640 virtute
700 3587 886 3642 multa.
923 3607 942 3640 ι
979 3588 1034 3644 ln
1063 3589 1166 3646 hoc
1197 3608 1413 3664 quoque
1437 3594 1760 3650 nominatim
1785 3597 1853 3653 de
1877 3596 2040 3653 Chri-

475 3683 561 3732 sto
594 3681 924 3735 mentionem
954 3682 1104 3747 facit,
1136 3685 1231 3754 qui
1265 3692 1322 3739 ut
1356 3685 1542 3752 homo,
1573 3685 1824 3744 Salvator
1855 3699 2040 3748 noster

471 3767 827 3839 intelligatur,
858 3771 1016 3842 cujus
1048 3776 1126 3829 ait
1154 3790 1322 3831 cornu
1344 3777 1710 3834 extollendum
1739 3795 1881 3847 esse,
1909 3781 2041 3838 dum

470 3861 726 3916 virtutem
766 3864 823 3918 in
849 3864 941 3920 illo
969 3867 1290 3924 invisibilem
1311 3881 1364 3925 et
1393 3886 1620 3943 regnum
1654 3873 1800 3930 illius
1829 3875 2038 3946 signiﬁ-

469 3961 574 4008 cat.
598 3952 1011 4012 Consueverunt
1028 3974 1157 4030 ergo
1176 3960 1370 4017 divina:
1390 3963 1582 4020 littera:
1603 3965 1781 4037 ipsum
1809 3983 2037 4040 regnum

467 4058 642 4099 cornu
685 4047 974 4116 appellare.
1025 4047 1172 4105 ldem
1215 4067 1348 4107 vero
1380 4055 1617 4124 positum
1653 4066 1738 4113 est
1785 4057 1948 4114 etiam
1982 4060 2039 4114 in

469 4149 711 4191 Lxxxvnt
762 4139 974 4208 psalmo
1001 4141 1044 4174 ⁸⁷
1083 4161 1096 4197 :
1131 4160 1152 4194 ι
1210 4143 1278 4203 Et
1310 4145 1367 4200 in
1392 4148 1632 4215 nomine,
1678 4149 1876 4222 inquit,
1914 4167 2038 4209 meo

464 4228 793 4284 exaltabitur
818 4245 990 4286 cornu
1023 4233 1162 4304 ejus.
1196 4253 1218 4288 ι

465 4337 510 4394 Α
547 4343 718 4425 primo
748 4343 963 4425 Regum.
992 4379 1063 4388 —
1089 4347 1336 4425 Christus
1372 4353 1680 4425 nominatim
1722 4354 1936 4410 domum
1967 4356 2034 4425 ﬁ-

535 4412 703 4488 delem
731 4432 779 4488 a_
799 4412 964 4488 Patre
990 4419 1177 4488 accipit
1209 4419 1502 4476 Ecclesium
1541 4441 1717 4488 suam,
1764 4436 1814 4480 et
1850 4412 2032 4480 sace'r-

530 4481 1032 4564 dotemn/idelemjn
1063 4481 1213 4544 omne
1243 4501 1464 4564 tempus,
1501 4496 1590 4564 qui
1619 4481 1871 4552 Ecclesia:
1916 4515 2027 4554 sua:

534 4569 653 4607 cum
690 4553 789 4610 Dei
816 4559 1108 4628 cognitione
1134 4563 1336 4627 pra'sit.

535 4751 554 4782 ι
594 4731 731 4790 Ecce
761 4735 881 4793 dies
916 4740 1162 4805 veniunt,
1193 4751 1248 4797 et
1279 4743 1503 4812 perdam
1544 4760 1728 4802 semen
1761 4753 1938 4812 tuum,
1973 4757 2028 4804 et

458 4840 644 4880 semen
675 4826 868 4884 domus
892 4833 1064 4900 patris
1093 4834 1171 4888 tui
1205 4854 1218 4888 :
1251 4845 1305 4891 et
1334 4851 1440 4891 non
1475 4838 1580 4893 erit
1601 4855 1763 4896 senex
1784 4843 1838 4895 in
1862 4840 2026 4898 domo

456 4925 546 4970 tua
572 4918 636 4972 “.
673 4938 693 4972 ι
731 4918 857 4976 Ηωο
887 4932 1174 4995 postquam
1234 4927 1303 4982 ad
1349 4926 1468 4984 Heli
1520 4931 1656 4985 dixit
1713 4932 2022 5000 oraculum,

454 5019 650 5081 praeter
677 5013 786 5068 alia
819 5019 1099 5084 nonnulla,
1134 5021 1252 5077 haec
1276 5023 1438 5078 etiam
1474 5023 1744 5097 adjungit,
1778 5029 1968 5086 dicens
2004 5043 2021 5084 :

457 5119 479 5154 ι
527 5100 593 5158 Ει
621 5106 900 5163 suscitabo
954 5110 1088 5165 mihi
1129 5112 1234 5183 ipsi
1279 5115 1620 5172 sacerdotem
1659 5118 1890 5186 ﬁdelem,
1927 5122 2021 5193 qui

451 5195 635 5249 omnia
659 5196 816 5267 juxta
845 5214 942 5253 cor
975 5215 1154 5256 meum
1187 5210 1242 5257 et
1269 5204 1505 5259 animam
1536 5223 1710 5262 meam
1749 5208 1933 5276 faciet,
1967 5216 2022 5266 et

451 5285 730 5344 aediﬁcabo
757 5289 834 5346 illi
859 5291 1081 5348 domum
1118 5293 1352 5362 ﬁdelem,
1385 5306 1440 5353 et
1465 5299 1802 5370 ingredietur
1834 5317 2020 5357 coram

450 5374 670 5434 Christo
697 5395 818 5436 meo
848 5398 1038 5441 omnes
1067 5385 1184 5444 dies
1227 5387 1292 5442 ".
1337 5408 1356 5442 ι
1395 5387 1532 5444 Cum
1572 5394 1927 5451 mutationem
1957 5407 2022 5451 ac

455 5469 805 5540 rejectionem
833 5475 902 5534 iis
927 5478 1020 5550 qui
1049 5495 1157 5535 non
1185 5490 1332 5537 recta
1357 5482 1570 5540 ratione
1594 5493 1906 5555 operentur,
1938 5486 2024 5542 di-

527 5631 572 5660 “
603 5627 619 5682 l
655 5628 787 5703 Reg.
813 5649 872 5699 ιι,
914 5633 990 5689 10.
1069 5638 1112 5669 ⁶⁶
1143 5655 1285 5698 vers.
1319 5640 1400 5697 19..
1482 5643 1522 5674 ⁶⁷
1550 5658 1692 5699 vers.
1719 5643 1808 5700 25.

2148 3129 2287 3201 μετὰ
2322 3131 2492 3185 ταῦτα
2524 3131 2893 3204 γενησομένην
2922 3129 3087 3186 αὑτοῦ
3113 3129 3254 3184 κατά
3290 3132 3510 3185 πάντων
3542 3132 3727 3202 κρίσιν

2142 3226 2176 3297 ὴ
2212 3224 2327 3278 θεία
2345 3226 2534 3298 Γραφὴ
2569 3225 2831 3290 θεσπίζει.
2866 3224 3022 3295 Ἑξῆς
3047 3224 3104 3278 δὲ
3130 3222 3339 3284 τούτοις
3369 3222 3532 3286 αὐτὸς
3553 3224 3581 3275 ό
3615 3222 3730 3276 Κύ-

2146 3336 2260 3391 ριος
2281 3318 2471 3374 δώσειν
2506 3319 2658 3390 ἰσχὺν
2689 3318 2904 3387 λέγεται
2930 3321 3042 3382 τοῖς
3077 3315 3383 3387 βασιλεῦσιν
3417 3316 3592 3386 ἡμῶν.
3622 3309 3729 3370 Οὗ-

2141 3429 2224 3465 τοι
2254 3410 2300 3464 δ’
2327 3411 2391 3465 ἂν
2412 3406 2520 3465 εἷεν
2542 3412 2591 3463 οἱ
2611 3408 2896 3464 ἀπόστολοι
2927 3408 3021 3462 τοῦ
3040 3405 3298 3478 Χριστοῦ,
3332 3407 3459 3478 περὶ
3483 3399 3559 3460 ὧν
3579 3405 3728 3476 ἔχεις

2143 3503 2200 3556 ἐν
2241 3499 2316 3568 EC’
2343 3500 2540 3574 ψαλμῷ
2565 3501 2646 3566 τὸ,
2677 3520 2696 3554 ι
2731 3501 2935 3573 Κύριος
2963 3499 3122 3554 δώσει
3159 3499 3310 3572 ῥῆμα
3348 3500 3461 3560 τοῖς
3493 3498 3730 3566 εὐαγγε-

2141 3595 2440 3668 λιζομένοις
2477 3596 2702 3666 δυνάμει
2749 3594 2938 3666 πολλῇ.
2972 3614 2990 3647 ι
3029 3595 3148 3649 Κάν
3181 3594 3357 3664 τούτῳ
3395 3592 3451 3646 δὲ
3481 3592 3726 3665 Χριστοῦ

2141 3689 2399 3760 ὀνομαστὶ⁸
2443 3687 2787 3760 μνημονεύει,
2838 3687 2934 3741 τοῦ
2964 3685 3108 3741 κατά
3133 3686 3223 3740 τὸν
3255 3685 3538 3757 ἄνθρωπον
3571 3701 3728 3741 νοου-

2141 3779 2305 3851 μένου
2340 3780 2589 3851 Σωτῆρος
2613 3777 2792 3850 ήμῶν,
2853 3771 2914 3831 οὗ
2975 3778 3037 3831 τὸ
3071 3777 3238 3849 κέρας
3291 3776 3454 3846 φησὶν
3497 3775 3726 3848 ὑψωθή-

2141 3871 2348 3936 σεσθαι,
2381 3871 2480 3942 τὴν
2505 3871 2563 3924 ὲν
2593 3869 2742 3941 αύτῷ
2769 3869 3001 3940 ἀόρατον
3031 3867 3280 3938 δύναμιν,
3314 3867 3408 3921 καὶ
3435 3867 3534 3938 τὴν
3561 3866 3726 3938 βασι-

2139 3961 2288 4017 λείαν
2342 3961 2508 4016 αὐτοῦ
2555 3961 2749 4034 δηλῶν.
2776 3961 2938 4025 Ἔθος
2966 3959 3098 4030 γοῦν
3124 3963 3190 4032 τῇ
3220 3960 3410 4032 Γραφῇ
3438 3961 3538 4032 τὴν
3561 3960 3724 4031 βασι-

2136 4055 2287 4112 λείαν
2308 4056 2476 4129 κέρας
2493 4055 2796 4127 ὀνομάζειν.
2819 4056 3012 4108 Κεῖται
3039 4054 3096 4108 δὲ
3121 4055 3286 4109 καὶέν
3309 4055 3386 4126 τῷ
3410 4062 3501 4128 πη¹
3518 4055 3726 4128 ψαλμῷ

2137 4149 2219 4215 τὸ,
2255 4169 2273 4202 ι
2311 4151 2421 4205 Καὶ
2467 4151 2524 4205 ὲν
2567 4149 2650 4224 τῷ
2673 4149 2895 4221 ὀνόματι
2935 4166 3038 4220 μου
3083 4148 3427 4211 ὑψωθήσεται
3457 4149 3520 4204 τὸ
3549 4149 3726 4220 κέρας

2137 4240 2323 4294 αὑτοῦ.

2150 4356 2282 4411 Ἀπὸ
2310 4355 2419 4423 τῆς
2439 4355 2674 4425 πρώτης
2693 4354 2810 4411 τῶν
2829 4353 3177 4410 Βασιὶειῶν.
3193 4387 3263 4396 -
3294 4357 3547 4425 Χριστὸς
3579 4359 3720 4412 ὀνο-

2199 4429 2386 4496 μαστὶ
2407 4424 2574 4482 οἷκον
2589 4427 2808 4480 πιστὸν
2820 4427 2980 4493 παρὰ
3008 4427 3113 4481 τοῦ
3137 4424 3364 4495 Πατρός
3393 4427 3722 4498 λαμϐάνων

2203 4497 2318 4564 τὴν
2373 4499 2739 4564 Ἐκκλησίαν
2796 4497 2984 4552 αὐτοῦ
3012 4537 3028 4561 ,
3082 4498 3182 4551 καὶ
3245 4499 3436 4564 ἱερεὺς
3498 4502 3722 4564 πιστές

2204 4516 2318 4564 την
2383 4516 2739 4566 ιικκνιησιαν
2796 4516 2984 4552 αυτου
3012 4537 3028 4561 ,
3082 4516 3182 4551 και
3245 4516 3436 4568 ιερευς
3498 4516 3722 4565 morm

2204 4567 2398 4622 πάντα
2446 4569 2560 4641 τὸν
2611 4571 2837 4639 χρόνον
2881 4567 2991 4637 τῆς
3035 4569 3402 4637 Ἐκκλησίας
3450 4572 3721 4641 γνησίως

2205 4638 2662 4708 προϊστάμενος.

2208 4770 2227 4802 ι
2269 4750 2395 4804 Ἰδοὺ
2430 4751 2631 4823 ἡμέραι
2655 4751 2922 4823 ἔρχονται,
2948 4773 2966 4806 ι
2995 4753 3161 4822 λέγει,
3191 4772 3210 4804 ι
3235 4754 3329 4808 καὶ
3345 4753 3718 4825 ἐξολοθρεύσω

2131 4842 2192 4896 τὸ
2217 4842 2435 4914 σπέρμα
2459 4859 2573 4907 σου,
2598 4845 2692 4896 καὶ
2721 4844 2940 4916 σπέρμα
2962 4843 3110 4898 οἴκου
3126 4845 3331 4917 πατρός
3356 4862 3469 4899 σου·
3503 4846 3600 4900 καὶ
3613 4849 3718 4900 οὐκ

2133 4933 2282 4987 ἔσται
2317 4933 2628 5006 πρεσϐύτης
2660 4935 2719 4988 ὲν
2743 4934 2822 5005 τῷ
2842 4936 2977 5006 οἴκῳ
3009 4953 3130 5007 μου.
3169 4956 3187 4989 ι
3234 4936 3418 4990 Ταῦτα
3451 4937 3588 5010 πρὸς
3620 4937 3719 4991 τὸν

2145 5022 2292 5076 Ἠλεὶ
2323 5024 2500 5094 φήσας
2528 5025 2557 5076 ὁ
2589 5025 2989 5096 χρηματισμὸς,
3023 5026 3273 5098 ἐπιφέρει
3299 5026 3418 5098 μεθ’
3445 5027 3608 5100 ἔτερα
3633 5027 3720 5080 λέ-

2131 5131 2244 5184 γων
2265 5132 2279 5146 ο
2314 5135 2331 5167 ι
2371 5116 2480 5170 Καὶ
2499 5117 2788 5188 ἀναστήσω
2823 5118 3042 5190 ἐμαυτῴ
3068 5117 3217 5190 ἱερέα
3247 5119 3454 5181 πιστὸν,
3485 5119 3544 5182 ὃς
3574 5120 3716 5173 πάν-

2129 5226 2198 5262 τα
2252 5208 2320 5262 τὰ
2372 5210 2430 5261 ἐν
2482 5211 2549 5280 τῇ
2601 5210 2797 5281 καρδίᾳ
2832 5227 2953 5281 μου,
2994 5210 3085 5263 καὶ
3116 5209 3186 5262 τὰ
3220 5211 3278 5263 ὲν
3323 5213 3388 5281 τῇ
3417 5209 3561 5282 ψυχῇ
3605 5228 3714 5282 μου

2131 5304 2366 5373 ποιήσει,
2416 5301 2509 5355 καὶ
2561 5303 2900 5374 οἰκοδομήσω
2962 5302 3110 5376 αὐτῷ
3157 5299 3302 5356 οἷκον
3364 5304 3574 5368 πιστὸν,
3614 5307 3716 5359 καὶ

2129 5391 2460 5446 διελεύσεται
2493 5391 2722 5446 ἐνώπιον
2764 5392 2998 5466 Χριστοῦ
3052 5410 3154 5464 μου
3207 5393 3386 5456 πάσας
3428 5393 3529 5457 τὰς
3570 5395 3719 5464 ήμέο

2133 5502 2249 5557 ρας.
2293 5504 2309 5538 ι
2353 5486 2696 5540 Μετάστασιν
2736 5487 2828 5540 καὶ
2868 5485 3136 5558 ἀποϐολὴν
3169 5485 3468 5558 ἀπειλήσας
3511 5488 3540 5540 ό
3567 5485 3717 5550 θεῖος

1887 5641 1971 5696 (⁸1
2000 5640 2112 5716 Reg
2171 5658 2230 5710 ll,
2281 5642 2370 5698 5i.
2444 5642 2484 5675 "
2513 5641 2642 5698 ibid.
2681 5643 2766 5698 55.
