  <div class='ocr_page' id='page_1' title='image "/cluster/home/n/w/nwhite01/storage/ocr_20150623/22/hvd.32044073501132/166.png"; bbox 0 0 3930 6202; ppageno 0'>
   <div class='ocr_carea' id='block_1_1' title="bbox 249 260 355 313">
    <p class='ocr_par' dir='ltr' id='par_1_1' title="bbox 249 260 355 313">
     <span class='ocr_line' id='line_1_1' title="bbox 249 260 355 313; baseline -0.019 0"><span class='ocrx_word' id='word_1_1' title='bbox 249 260 355 313; x_wconf 69' lang='lat'><strong>52!</strong></span> 
     </span>
    </p>
   </div>
   <div class='ocr_carea' id='block_1_2' title="bbox 1168 257 2621 317">
    <p class='ocr_par' dir='ltr' id='par_1_2' title="bbox 1168 257 2621 317">
     <span class='ocr_line' id='line_1_2' title="bbox 1168 257 2621 317; baseline 0.003 -6"><span class='ocrx_word' id='word_1_2' title='bbox 1168 257 1823 314; x_wconf 64' lang='lat' dir='ltr'><strong>DICMONSTRATIONIS</strong></span> <span class='ocrx_word' id='word_1_3' title='bbox 1863 259 2319 317; x_wconf 64' lang='lat' dir='ltr'><strong>EVANGELICE</strong></span> <span class='ocrx_word' id='word_1_4' title='bbox 2362 260 2490 316; x_wconf 86' lang='lat' dir='ltr'><strong>LIB.</strong></span> <span class='ocrx_word' id='word_1_5' title='bbox 2532 262 2621 316; x_wconf 88' lang='lat' dir='ltr'><strong>IV.</strong></span> 
     </span>
    </p>
   </div>
   <div class='ocr_carea' id='block_1_3' title="bbox 3398 273 3505 330">
    <p class='ocr_par' dir='ltr' id='par_1_3' title="bbox 3398 273 3505 330">
     <span class='ocr_line' id='line_1_3' title="bbox 3398 273 3505 330; baseline 0.028 -4"><span class='ocrx_word' id='word_1_6' title='bbox 3398 273 3505 330; x_wconf 61' lang='lat'><strong>522</strong></span> 
     </span>
    </p>
   </div>
   <div class='ocr_carea' id='block_1_4' title="bbox 244 370 1792 454">
    <p class='ocr_par' dir='ltr' id='par_1_4' title="bbox 244 370 1792 443">
     <span class='ocr_line' id='line_1_4' title="bbox 244 370 1792 443; baseline -0.006 -14"><span class='ocrx_word' id='word_1_7' title='bbox 244 377 409 443; x_wconf 84' lang='grc' dir='ltr'>λόγος</span> <span class='ocrx_word' id='word_1_8' title='bbox 435 374 547 435; x_wconf 84' lang='grc' dir='ltr'>τοῖς</span> <span class='ocrx_word' id='word_1_9' title='bbox 581 371 642 425; x_wconf 78' lang='grc' dir='ltr'>οὗ</span> <span class='ocrx_word' id='word_1_10' title='bbox 678 370 818 425; x_wconf 69' lang='grc' dir='ltr'>κατὰ</span> <span class='ocrx_word' id='word_1_11' title='bbox 860 371 947 424; x_wconf 77' lang='grc' dir='ltr'>τὸν</span> <span class='ocrx_word' id='word_1_12' title='bbox 978 370 1131 439; x_wconf 77' lang='grc' dir='ltr'>ὀρθὸν</span> <span class='ocrx_word' id='word_1_13' title='bbox 1165 370 1363 442; x_wconf 84' lang='grc' dir='ltr'>τρόπον</span> <span class='ocrx_word' id='word_1_14' title='bbox 1402 371 1792 443; x_wconf 64' lang='grc' dir='ltr'>λειτουργοῦσιπ.</span> 
     </span>
    </p>
   </div>
   <div class='ocr_carea' id='block_1_5' title="bbox 1896 370 3504 454">
    <p class='ocr_par' dir='ltr' id='par_1_5' title="bbox 1896 371 3504 454">
     <span class='ocr_line' id='line_1_5' title="bbox 1896 371 3504 454; baseline 0.011 -29"><span class='ocrx_word' id='word_1_15' title='bbox 1896 371 2115 439; x_wconf 11' lang='lat' dir='ltr'><strong>{vinum</strong></span> <span class='ocrx_word' id='word_1_16' title='bbox 2170 374 2409 428; x_wconf 98' lang='lat' dir='ltr'><strong>minetur</strong></span> <span class='ocrx_word' id='word_1_17' title='bbox 2466 376 2769 437; x_wconf 84' lang='lat' dir='ltr'><strong>oraculum,</strong></span> <span class='ocrx_word' id='word_1_18' title='bbox 2823 377 2988 431; x_wconf 85' lang='lat' dir='ltr'><strong>alium</strong></span> <span class='ocrx_word' id='word_1_19' title='bbox 3035 394 3102 433; x_wconf 74' lang='lat' dir='ltr'><strong>ex</strong></span> <span class='ocrx_word' id='word_1_20' title='bbox 3152 380 3260 436; x_wconf 91' lang='lat' dir='ltr'><strong>alio</strong></span> <span class='ocrx_word' id='word_1_21' title='bbox 3306 398 3504 454; x_wconf 74' lang='lat' dir='ltr'><strong>genere</strong></span> 
     </span>
    </p>
   </div>
   <div class='ocr_carea' id='block_1_6' title="bbox 244 463 1825 537">
    <p class='ocr_par' dir='ltr' id='par_1_6' title="bbox 244 463 1825 537">
     <span class='ocr_line' id='line_1_6' title="bbox 244 463 1825 537; baseline -0.001 -19"><span class='ocrx_word' id='word_1_22' title='bbox 244 468 438 537; x_wconf 74' lang='grc' dir='ltr'>ἓτερον</span> <span class='ocrx_word' id='word_1_23' title='bbox 466 463 525 527; x_wconf 76' lang='grc' dir='ltr'>ἐξ</span> <span class='ocrx_word' id='word_1_24' title='bbox 551 464 738 533; x_wconf 77' lang='grc' dir='ltr'>ἐτέρου</span> <span class='ocrx_word' id='word_1_25' title='bbox 768 463 955 531; x_wconf 79' lang='grc' dir='ltr'>γένους</span> <span class='ocrx_word' id='word_1_26' title='bbox 983 465 1341 534; x_wconf 78' lang='grc' dir='ltr'>καταστήσειν</span> <span class='ocrx_word' id='word_1_27' title='bbox 1378 463 1527 535; x_wconf 80' lang='grc' dir='ltr'>ἱερέα</span> <span class='ocrx_word' id='word_1_28' title='bbox 1556 464 1825 531; x_wconf 79' lang='grc' dir='ltr'>ἐπαγγέλ-</span> 
     </span>
    </p>
   </div>
   <div class='ocr_carea' id='block_1_7' title="bbox 245 555 1824 627">
    <p class='ocr_par' dir='ltr' id='par_1_7' title="bbox 245 555 1824 627">
     <span class='ocr_line' id='line_1_7' title="bbox 245 555 1824 627; baseline -0.001 -16"><span class='ocrx_word' id='word_1_29' title='bbox 245 559 425 621; x_wconf 86' lang='grc' dir='ltr'>λεται,</span> <span class='ocrx_word' id='word_1_30' title='bbox 468 556 527 609; x_wconf 84' lang='grc' dir='ltr'>ὃν</span> <span class='ocrx_word' id='word_1_31' title='bbox 565 556 658 609; x_wconf 87' lang='grc' dir='ltr'><strong>καί</strong></span> <span class='ocrx_word' id='word_1_32' title='bbox 699 572 830 626; x_wconf 84' lang='grc' dir='ltr'>φησι</span> <span class='ocrx_word' id='word_1_33' title='bbox 865 574 883 606; x_wconf 74' lang='grc' dir='ltr'><strong>ι</strong></span> <span class='ocrx_word' id='word_1_34' title='bbox 914 555 1275 609; x_wconf 74' lang='grc' dir='ltr'><strong>διελεύσεσθαι</strong></span> <span class='ocrx_word' id='word_1_35' title='bbox 1315 555 1542 610; x_wconf 83' lang='grc' dir='ltr'>ἐνώπιον</span> <span class='ocrx_word' id='word_1_36' title='bbox 1589 556 1824 627; x_wconf 81' lang='grc' dir='ltr'>Χριστοῦ</span> 
     </span>
    </p>
   </div>
   <div class='ocr_carea' id='block_1_8' title="bbox 244 647 1826 720">
    <p class='ocr_par' dir='ltr' id='par_1_8' title="bbox 244 647 1826 720">
     <span class='ocr_line' id='line_1_8' title="bbox 244 647 1826 720; baseline -0.001 -18"><span class='ocrx_word' id='word_1_37' title='bbox 244 648 435 713; x_wconf 69' lang='grc' dir='ltr'>αὐτοῦ,</span> <span class='ocrx_word' id='word_1_38' title='bbox 485 668 502 698; x_wconf 74' lang='grc' dir='ltr'><strong>ι</strong></span> <span class='ocrx_word' id='word_1_39' title='bbox 540 647 573 718; x_wconf 83' lang='grc' dir='ltr'><strong>ἦ</strong></span> <span class='ocrx_word' id='word_1_40' title='bbox 619 668 635 698; x_wconf 78' lang='grc' dir='ltr'><strong>ι</strong></span> <span class='ocrx_word' id='word_1_41' title='bbox 675 648 1140 717; x_wconf 79' lang='grc' dir='ltr'>ἐμπεριπατήσειν</span> <span class='ocrx_word' id='word_1_42' title='bbox 1192 650 1269 711; x_wconf 86' lang='grc' dir='ltr'><strong>εἰς</strong></span> <span class='ocrx_word' id='word_1_43' title='bbox 1311 647 1597 718; x_wconf 88' lang='grc' dir='ltr'>πρόσωπον</span> <span class='ocrx_word' id='word_1_44' title='bbox 1634 648 1826 720; x_wconf 88' lang='grc' dir='ltr'>εἰλημ-</span> 
     </span>
    </p>
   </div>
   <div class='ocr_carea' id='block_1_9' title="bbox 247 739 1825 813">
    <p class='ocr_par' dir='ltr' id='par_1_9' title="bbox 247 739 1825 813">
     <span class='ocr_line' id='line_1_9' title="bbox 247 739 1825 813; baseline -0.003 -17"><span class='ocrx_word' id='word_1_45' title='bbox 247 742 414 813; x_wconf 88' lang='grc' dir='ltr'>μένου</span> <span class='ocrx_word' id='word_1_46' title='bbox 433 754 450 812; x_wconf 57' lang='grc' dir='ltr'><strong>ι</strong></span> <span class='ocrx_word' id='word_1_47' title='bbox 467 743 511 809; x_wconf 83' lang='lat' dir='ltr'><strong>l)</strong></span> <span class='ocrx_word' id='word_1_48' title='bbox 529 740 711 794; x_wconf 79' lang='grc' dir='ltr'>αὐτοῦ·</span> <span class='ocrx_word' id='word_1_49' title='bbox 739 760 756 791; x_wconf 85' lang='grc'><strong>›</strong></span> <span class='ocrx_word' id='word_1_50' title='bbox 778 739 853 803; x_wconf 81' lang='grc' dir='ltr'>ὡς</span> <span class='ocrx_word' id='word_1_51' title='bbox 873 742 900 794; x_wconf 91' lang='lat'><strong>6</strong></span> <span class='ocrx_word' id='word_1_52' title='bbox 916 739 1139 803; x_wconf 84' lang='grc' dir='ltr'>Ἀκύλας</span> <span class='ocrx_word' id='word_1_53' title='bbox 1156 741 1515 811; x_wconf 81' lang='grc' dir='ltr'>ἡρμήνευσεν,</span> <span class='ocrx_word' id='word_1_54' title='bbox 1538 739 1569 810; x_wconf 85' lang='grc' dir='ltr'>ἣ</span> <span class='ocrx_word' id='word_1_55' title='bbox 1590 740 1663 803; x_wconf 82' lang='grc' dir='ltr'>ὡς</span> <span class='ocrx_word' id='word_1_56' title='bbox 1687 739 1758 792; x_wconf 91' lang='grc' dir='ltr'>Σύ</span> <span class='ocrx_word' id='word_1_57' title='bbox 1766 758 1825 810; x_wconf 85' lang='grc' dir='ltr'>μ-</span> 
     </span>
    </p>
   </div>
   <div class='ocr_carea' id='block_1_10' title="bbox 250 832 1818 904">
    <p class='ocr_par' dir='ltr' id='par_1_10' title="bbox 250 832 1818 904">
     <span class='ocr_line' id='line_1_10' title="bbox 250 832 1818 904; baseline 0 -19"><span class='ocrx_word' id='word_1_58' title='bbox 250 850 446 903; x_wconf 81' lang='grc' dir='ltr'>μαχος,</span> <span class='ocrx_word' id='word_1_59' title='bbox 482 847 500 882; x_wconf 84' lang='lat' dir='ltr'><strong>t</strong></span> <span class='ocrx_word' id='word_1_60' title='bbox 536 832 1048 904; x_wconf 80' lang='grc' dir='ltr'>ἀναστραφήσεσθαι</span> <span class='ocrx_word' id='word_1_61' title='bbox 1088 832 1394 903; x_wconf 75' lang='grc' dir='ltr'>ἔμπροσθεν</span> <span class='ocrx_word' id='word_1_62' title='bbox 1442 832 1537 884; x_wconf 89' lang='grc' dir='ltr'><strong>τοῦ</strong></span> <span class='ocrx_word' id='word_1_63' title='bbox 1587 832 1818 904; x_wconf 76' lang='grc' dir='ltr'>Χριστοῦ</span> 
     </span>
    </p>
   </div>
   <div class='ocr_carea' id='block_1_11' title="bbox 243 922 1820 999">
    <p class='ocr_par' dir='ltr' id='par_1_11' title="bbox 243 922 1820 999">
     <span class='ocr_line' id='line_1_11' title="bbox 243 922 1820 999; baseline -0.003 -16"><span class='ocrx_word' id='word_1_64' title='bbox 243 929 431 983; x_wconf 73' lang='grc' dir='ltr'>αὐτοῦ.</span> <span class='ocrx_word' id='word_1_65' title='bbox 478 950 495 980; x_wconf 76' lang='grc' dir='ltr'><strong>ι</strong></span> <span class='ocrx_word' id='word_1_66' title='bbox 528 929 623 992; x_wconf 89' lang='grc' dir='ltr'>Τίς</span> <span class='ocrx_word' id='word_1_67' title='bbox 656 928 699 982; x_wconf 73' lang='grc' dir='ltr'>δ’</span> <span class='ocrx_word' id='word_1_68' title='bbox 726 928 790 982; x_wconf 82' lang='grc' dir='ltr'><strong>ἂν</strong></span> <span class='ocrx_word' id='word_1_69' title='bbox 823 922 975 993; x_wconf 73' lang='grc' dir='ltr'>οὗτος</span> <span class='ocrx_word' id='word_1_70' title='bbox 1017 927 1134 999; x_wconf 85' lang='grc' dir='ltr'>εἴη;</span> <span class='ocrx_word' id='word_1_71' title='bbox 1166 929 1271 989; x_wconf 85' lang='grc' dir='ltr'>πᾶς</span> <span class='ocrx_word' id='word_1_72' title='bbox 1299 929 1327 979; x_wconf 97' lang='lat'><strong>6</strong></span> <span class='ocrx_word' id='word_1_73' title='bbox 1372 927 1606 989; x_wconf 74' lang='grc' dir='ltr'>εὐσεϐῶς</span> <span class='ocrx_word' id='word_1_74' title='bbox 1650 943 1820 997; x_wconf 81' lang='grc' dir='ltr'>προσ-</span> 
     </span>
    </p>
   </div>
   <div class='ocr_carea' id='block_1_12' title="bbox 250 1013 1817 1093">
    <p class='ocr_par' dir='ltr' id='par_1_12' title="bbox 250 1013 1817 1093">
     <span class='ocr_line' id='line_1_12' title="bbox 250 1013 1817 1093; baseline -0.003 -18"><span class='ocrx_word' id='word_1_75' title='bbox 250 1021 346 1075; x_wconf 87' lang='grc' dir='ltr'><strong>ιὼν</strong></span> <span class='ocrx_word' id='word_1_76' title='bbox 378 1024 447 1093; x_wconf 81' lang='grc' dir='ltr'>τῇ</span> <span class='ocrx_word' id='word_1_77' title='bbox 512 1021 791 1093; x_wconf 78' lang='grc' dir='ltr'>ἱερουργίᾳ</span> <span class='ocrx_word' id='word_1_78' title='bbox 824 1020 918 1073; x_wconf 93' lang='grc' dir='ltr'><strong>τοῦ</strong></span> <span class='ocrx_word' id='word_1_79' title='bbox 948 1020 1182 1093; x_wconf 80' lang='grc' dir='ltr'>Χριστοῦ</span> <span class='ocrx_word' id='word_1_80' title='bbox 1216 1019 1309 1073; x_wconf 88' lang='grc' dir='ltr'><strong>τοῦ</strong></span> <span class='ocrx_word' id='word_1_81' title='bbox 1336 1019 1492 1083; x_wconf 86' lang='grc' dir='ltr'>Θεοῦ,</span> <span class='ocrx_word' id='word_1_82' title='bbox 1526 1013 1569 1087; x_wconf 82' lang='grc' dir='ltr'>ᾧ</span> <span class='ocrx_word' id='word_1_83' title='bbox 1601 1018 1691 1072; x_wconf 83' lang='grc' dir='ltr'><strong>τὸν</strong></span> <span class='ocrx_word' id='word_1_84' title='bbox 1718 1021 1817 1091; x_wconf 79' lang='grc' dir='ltr'>τῆς</span> 
     </span>
    </p>
   </div>
   <div class='ocr_carea' id='block_1_13' title="bbox 255 1108 1814 1184">
    <p class='ocr_par' dir='ltr' id='par_1_13' title="bbox 255 1108 1814 1184">
     <span class='ocr_line' id='line_1_13' title="bbox 255 1108 1814 1184; baseline -0.004 -17"><span class='ocrx_word' id='word_1_85' title='bbox 255 1114 585 1184; x_wconf 77' lang='grc' dir='ltr'>Ἑκκλητίας</span> <span class='ocrx_word' id='word_1_86' title='bbox 616 1110 781 1175; x_wconf 78' lang='grc' dir='ltr'>οἷκον,</span> <span class='ocrx_word' id='word_1_87' title='bbox 812 1108 897 1165; x_wconf 75' lang='grc' dir='ltr'>οἷα</span> <span class='ocrx_word' id='word_1_88' title='bbox 934 1112 1092 1181; x_wconf 80' lang='grc' dir='ltr'>σοφὸς</span> <span class='ocrx_word' id='word_1_89' title='bbox 1124 1112 1457 1183; x_wconf 81' lang='grc' dir='ltr'>ἀρχιτέκτων</span> <span class='ocrx_word' id='word_1_90' title='bbox 1491 1110 1583 1164; x_wconf 76' lang='grc' dir='ltr'><strong>καὶ</strong></span> <span class='ocrx_word' id='word_1_91' title='bbox 1611 1110 1814 1163; x_wconf 88' lang='grc' dir='ltr'>οἰκοδό-</span> 
     </span>
    </p>
   </div>
   <div class='ocr_carea' id='block_1_14' title="bbox 246 1203 1816 1278">
    <p class='ocr_par' dir='ltr' id='par_1_14' title="bbox 246 1203 1816 1278">
     <span class='ocr_line' id='line_1_14' title="bbox 246 1203 1816 1278; baseline -0.004 -17"><span class='ocrx_word' id='word_1_92' title='bbox 246 1225 367 1278; x_wconf 84' lang='grc' dir='ltr'>μος,</span> <span class='ocrx_word' id='word_1_93' title='bbox 399 1206 561 1269; x_wconf 73' lang='grc' dir='ltr'>αὐτὸς</span> <span class='ocrx_word' id='word_1_94' title='bbox 605 1206 634 1256; x_wconf 91' lang='lat'><strong>6</strong></span> <span class='ocrx_word' id='word_1_95' title='bbox 678 1204 785 1257; x_wconf 89' lang='grc' dir='ltr'><strong>τῶν</strong></span> <span class='ocrx_word' id='word_1_96' title='bbox 808 1204 943 1257; x_wconf 82' lang='grc' dir='ltr'>ὅλων</span> <span class='ocrx_word' id='word_1_97' title='bbox 973 1203 1103 1267; x_wconf 80' lang='grc' dir='ltr'>Θεὸς</span> <span class='ocrx_word' id='word_1_98' title='bbox 1136 1204 1508 1274; x_wconf 79' lang='grc' dir='ltr'>οἰκοδομήσειν</span> <span class='ocrx_word' id='word_1_99' title='bbox 1544 1203 1816 1272; x_wconf 82' lang='grc' dir='ltr'>ὑπισχνεῖ-</span> 
     </span>
    </p>
   </div>
   <div class='ocr_carea' id='block_1_15' title="bbox 240 1292 1814 1368">
    <p class='ocr_par' dir='ltr' id='par_1_15' title="bbox 240 1292 1814 1368">
     <span class='ocr_line' id='line_1_15' title="bbox 240 1292 1814 1368; baseline -0.002 -18"><span class='ocrx_word' id='word_1_100' title='bbox 240 1316 351 1363; x_wconf 83' lang='grc' dir='ltr'>ται,</span> <span class='ocrx_word' id='word_1_101' title='bbox 392 1298 499 1351; x_wconf 69' lang='grc' dir='ltr'>οὐδ’</span> <span class='ocrx_word' id='word_1_102' title='bbox 538 1296 695 1350; x_wconf 81' lang='grc' dir='ltr'>ἄλλον</span> <span class='ocrx_word' id='word_1_103' title='bbox 729 1292 872 1349; x_wconf 80' lang='grc' dir='ltr'>οἷκον</span> <span class='ocrx_word' id='word_1_104' title='bbox 908 1296 1185 1366; x_wconf 76' lang='grc' dir='ltr'>σημαίνων</span> <span class='ocrx_word' id='word_1_105' title='bbox 1222 1296 1377 1368; x_wconf 76' lang='grc' dir='ltr'>ἦτὴν</span> <span class='ocrx_word' id='word_1_106' title='bbox 1407 1294 1528 1349; x_wconf 89' lang='grc' dir='ltr'>καθ’</span> <span class='ocrx_word' id='word_1_107' title='bbox 1564 1294 1691 1365; x_wconf 77' lang='grc' dir='ltr'>ὅλης</span> <span class='ocrx_word' id='word_1_108' title='bbox 1713 1295 1814 1365; x_wconf 76' lang='grc' dir='ltr'>τῆς</span> 
     </span>
    </p>
   </div>
   <div class='ocr_carea' id='block_1_16' title="bbox 232 1386 1813 1460">
    <p class='ocr_par' dir='ltr' id='par_1_16' title="bbox 232 1386 1813 1460">
     <span class='ocr_line' id='line_1_16' title="bbox 232 1386 1813 1460; baseline -0.003 -17"><span class='ocrx_word' id='word_1_109' title='bbox 232 1390 565 1460; x_wconf 72' lang='grc' dir='ltr'><strong>οἰκουμένης</strong></span> <span class='ocrx_word' id='word_1_110' title='bbox 616 1387 692 1458; x_wconf 83' lang='grc' dir='ltr'>τῷ</span> <span class='ocrx_word' id='word_1_111' title='bbox 734 1386 951 1459; x_wconf 83' lang='grc' dir='ltr'>Χριστῷ</span> <span class='ocrx_word' id='word_1_112' title='bbox 986 1387 1239 1458; x_wconf 85' lang='grc' dir='ltr'>ὀνομαστί</span> <span class='ocrx_word' id='word_1_113' title='bbox 1277 1389 1542 1441; x_wconf 78' lang='grc' dir='ltr'>συστᾶσαν</span> <span class='ocrx_word' id='word_1_114' title='bbox 1584 1387 1813 1458; x_wconf 87' lang='grc' dir='ltr'>Ἐκκλη-</span> 
     </span>
    </p>
   </div>
   <div class='ocr_carea' id='block_1_17' title="bbox 242 1477 1811 1550">
    <p class='ocr_par' dir='ltr' id='par_1_17' title="bbox 242 1477 1811 1550">
     <span class='ocr_line' id='line_1_17' title="bbox 242 1477 1811 1550; baseline -0.001 -17"><span class='ocrx_word' id='word_1_115' title='bbox 242 1482 372 1534; x_wconf 80' lang='grc' dir='ltr'>σίαν</span> <span class='ocrx_word' id='word_1_116' title='bbox 391 1498 404 1509; x_wconf 92' lang='grc'><strong>·</strong></span> <span class='ocrx_word' id='word_1_117' title='bbox 433 1480 555 1533; x_wconf 74' lang='grc' dir='ltr'>ἔνθα</span> <span class='ocrx_word' id='word_1_118' title='bbox 588 1482 695 1543; x_wconf 76' lang='grc' dir='ltr'>πᾶς</span> <span class='ocrx_word' id='word_1_119' title='bbox 710 1480 737 1531; x_wconf 97' lang='lat'><strong>6</strong></span> <span class='ocrx_word' id='word_1_120' title='bbox 758 1477 846 1532; x_wconf 78' lang='grc' dir='ltr'>διὰ</span> <span class='ocrx_word' id='word_1_121' title='bbox 866 1478 1099 1549; x_wconf 86' lang='grc' dir='ltr'>Χριστοῦ</span> <span class='ocrx_word' id='word_1_122' title='bbox 1125 1478 1217 1532; x_wconf 90' lang='grc' dir='ltr'><strong>τοῦ</strong></span> <span class='ocrx_word' id='word_1_123' title='bbox 1240 1479 1371 1531; x_wconf 83' lang='grc' dir='ltr'>Θεοῦ</span> <span class='ocrx_word' id='word_1_124' title='bbox 1392 1480 1681 1550; x_wconf 85' lang='grc' dir='ltr'>ἰερωμένος</span> <span class='ocrx_word' id='word_1_125' title='bbox 1708 1497 1811 1533; x_wconf 89' lang='grc' dir='ltr'>κα-</span> 
     </span>
    </p>
   </div>
   <div class='ocr_carea' id='block_1_18' title="bbox 229 1571 1813 1644">
    <p class='ocr_par' dir='ltr' id='par_1_18' title="bbox 229 1571 1813 1644">
     <span class='ocr_line' id='line_1_18' title="bbox 229 1571 1813 1644; baseline -0.001 -16"><span class='ocrx_word' id='word_1_126' title='bbox 229 1576 303 1628; x_wconf 76' lang='grc' dir='ltr'>τὰ</span> <span class='ocrx_word' id='word_1_127' title='bbox 321 1575 423 1639; x_wconf 76' lang='grc' dir='ltr'>τὰς</span> <span class='ocrx_word' id='word_1_128' title='bbox 443 1571 812 1644; x_wconf 78' lang='grc' dir='ltr'>πνευματικὰς</span> <span class='ocrx_word' id='word_1_129' title='bbox 840 1572 1176 1644; x_wconf 83' lang='grc' dir='ltr'>λειτουργίας</span> <span class='ocrx_word' id='word_1_130' title='bbox 1198 1572 1266 1625; x_wconf 82' lang='grc' dir='ltr'><strong>τὰ</strong></span> <span class='ocrx_word' id='word_1_131' title='bbox 1290 1573 1596 1644; x_wconf 83' lang='grc' dir='ltr'>καταθύμια</span> <span class='ocrx_word' id='word_1_132' title='bbox 1622 1576 1715 1627; x_wconf 78' lang='grc' dir='ltr'>καὶ</span> <span class='ocrx_word' id='word_1_133' title='bbox 1742 1572 1813 1626; x_wconf 83' lang='grc' dir='ltr'>τὰ</span> 
     </span>
    </p>
   </div>
   <div class='ocr_carea' id='block_1_19' title="bbox 234 1663 1809 1737">
    <p class='ocr_par' dir='ltr' id='par_1_19' title="bbox 234 1663 1809 1737">
     <span class='ocr_line' id='line_1_19' title="bbox 234 1663 1809 1737; baseline -0.001 -18"><span class='ocrx_word' id='word_1_134' title='bbox 234 1666 378 1719; x_wconf 78' lang='grc' dir='ltr'>κατὰ</span> <span class='ocrx_word' id='word_1_135' title='bbox 401 1666 579 1737; x_wconf 61' lang='grc' dir='ltr'>ψυχὴν</span> <span class='ocrx_word' id='word_1_136' title='bbox 603 1664 694 1717; x_wconf 88' lang='grc' dir='ltr'><strong>τοῦ</strong></span> <span class='ocrx_word' id='word_1_137' title='bbox 718 1663 850 1717; x_wconf 88' lang='grc' dir='ltr'>Θεοῦ</span> <span class='ocrx_word' id='word_1_138' title='bbox 889 1663 1103 1733; x_wconf 87' lang='grc' dir='ltr'>λέγεται</span> <span class='ocrx_word' id='word_1_139' title='bbox 1124 1666 1385 1736; x_wconf 88' lang='grc' dir='ltr'>ποιήσειν,</span> <span class='ocrx_word' id='word_1_140' title='bbox 1422 1664 1528 1718; x_wconf 91' lang='grc' dir='ltr'><strong>τῶν</strong></span> <span class='ocrx_word' id='word_1_141' title='bbox 1551 1665 1617 1717; x_wconf 88' lang='grc' dir='ltr'>δι’</span> <span class='ocrx_word' id='word_1_142' title='bbox 1640 1666 1809 1736; x_wconf 75' lang='grc' dir='ltr'>αἵμα-</span> 
     </span>
    </p>
   </div>
   <div class='ocr_carea' id='block_1_20' title="bbox 1928 463 3499 539">
    <p class='ocr_par' dir='ltr' id='par_1_20' title="bbox 1928 463 3499 539">
     <span class='ocr_line' id='line_1_20' title="bbox 1928 463 3499 539; baseline 0.009 -21"><span class='ocrx_word' id='word_1_143' title='bbox 1928 463 2354 518; x_wconf 86' lang='lat' dir='ltr'><strong>constituturum</strong></span> <span class='ocrx_word' id='word_1_144' title='bbox 2374 480 2432 520; x_wconf 89' lang='lat' dir='ltr'><strong>se</strong></span> <span class='ocrx_word' id='word_1_145' title='bbox 2458 464 2794 520; x_wconf 87' lang='lat' dir='ltr'><strong>sacerdotem</strong></span> <span class='ocrx_word' id='word_1_146' title='bbox 2821 469 3125 536; x_wconf 77' lang='lat' dir='ltr'><strong>pollicetur,</strong></span> <span class='ocrx_word' id='word_1_147' title='bbox 3150 487 3308 539; x_wconf 84' lang='lat' dir='ltr'><strong>quem</strong></span> <span class='ocrx_word' id='word_1_148' title='bbox 3335 477 3499 532; x_wconf 90' lang='lat' dir='ltr'><strong>etiam</strong></span> 
     </span>
    </p>
   </div>
   <div class='ocr_carea' id='block_1_21' title="bbox 1926 554 3501 628">
    <p class='ocr_par' dir='ltr' id='par_1_21' title="bbox 1926 554 3501 628">
     <span class='ocr_line' id='line_1_21' title="bbox 1926 554 3501 628; baseline 0.009 -19"><span class='ocrx_word' id='word_1_149' title='bbox 1926 554 2058 609; x_wconf 91' lang='lat' dir='ltr'><strong>dicit</strong></span> <span class='ocrx_word' id='word_1_150' title='bbox 2095 572 2113 604; x_wconf 75' lang='grc' dir='ltr'><strong>ι</strong></span> <span class='ocrx_word' id='word_1_151' title='bbox 2160 556 2536 625; x_wconf 80' lang='lat' dir='ltr'><strong>ingressurum</strong></span> <span class='ocrx_word' id='word_1_152' title='bbox 2585 556 2637 609; x_wconf 92' lang='lat' dir='ltr'><strong>in</strong></span> <span class='ocrx_word' id='word_1_153' title='bbox 2673 569 2974 628; x_wconf 86' lang='lat' dir='ltr'><strong>conspectu</strong></span> <span class='ocrx_word' id='word_1_154' title='bbox 3003 559 3203 617; x_wconf 94' lang='lat' dir='ltr'><strong>Christi</strong></span> <span class='ocrx_word' id='word_1_155' title='bbox 3243 567 3326 625; x_wconf 81' lang='lat' dir='ltr'><strong>sui</strong></span> <span class='ocrx_word' id='word_1_156' title='bbox 3359 586 3377 618; x_wconf 76' lang='grc' dir='ltr'><strong>ι</strong></span> <span class='ocrx_word' id='word_1_157' title='bbox 3415 570 3501 625; x_wconf 85' lang='lat' dir='ltr'><strong>vel</strong></span> 
     </span>
    </p>
   </div>
   <div class='ocr_carea' id='block_1_22' title="bbox 1932 646 3502 726">
    <p class='ocr_par' dir='ltr' id='par_1_22' title="bbox 1932 646 3502 726">
     <span class='ocr_line' id='line_1_22' title="bbox 1932 646 3502 726; baseline 0.011 -29"><span class='ocrx_word' id='word_1_158' title='bbox 1932 664 1949 696; x_wconf 79' lang='grc' dir='ltr'><strong>ι</strong></span> <span class='ocrx_word' id='word_1_159' title='bbox 1993 646 2455 700; x_wconf 89' lang='lat' dir='ltr'><strong>inambulaturum</strong></span> <span class='ocrx_word' id='word_1_160' title='bbox 2493 647 2549 701; x_wconf 93' lang='lat' dir='ltr'><strong>in</strong></span> <span class='ocrx_word' id='word_1_161' title='bbox 2595 648 2788 703; x_wconf 81' lang='lat' dir='ltr'><strong>faciem</strong></span> <span class='ocrx_word' id='word_1_162' title='bbox 2834 653 2983 705; x_wconf 89' lang='lat' dir='ltr'><strong>uncti</strong></span> <span class='ocrx_word' id='word_1_163' title='bbox 3039 654 3148 722; x_wconf 84' lang='lat' dir='ltr'><strong>sui,</strong></span> <span class='ocrx_word' id='word_1_164' title='bbox 3186 674 3205 707; x_wconf 72' lang='grc' dir='ltr'><strong>ι</strong></span> <span class='ocrx_word' id='word_1_165' title='bbox 3238 661 3502 726; x_wconf 83' lang='lat' dir='ltr'><strong>quemad-</strong></span> 
     </span>
    </p>
   </div>
   <div class='ocr_carea' id='block_1_23' title="bbox 1924 735 3498 816">
    <p class='ocr_par' dir='ltr' id='par_1_23' title="bbox 1924 735 3498 816">
     <span class='ocr_line' id='line_1_23' title="bbox 1924 735 3498 816; baseline 0.01 -28"><span class='ocrx_word' id='word_1_166' title='bbox 1924 739 2142 789; x_wconf 88' lang='lat' dir='ltr'><strong>modum</strong></span> <span class='ocrx_word' id='word_1_167' title='bbox 2165 735 2358 804; x_wconf 83' lang='lat' dir='ltr'><strong>Aquila</strong></span> <span class='ocrx_word' id='word_1_168' title='bbox 2376 737 2760 806; x_wconf 71' lang='lat' dir='ltr'><strong>interpretatus</strong></span> <span class='ocrx_word' id='word_1_169' title='bbox 2781 748 2883 803; x_wconf 87' lang='lat' dir='ltr'><strong>est,</strong></span> <span class='ocrx_word' id='word_1_170' title='bbox 2904 743 3006 805; x_wconf 87' lang='lat' dir='ltr'><strong>vel,</strong></span> <span class='ocrx_word' id='word_1_171' title='bbox 3034 750 3091 797; x_wconf 90' lang='lat' dir='ltr'><strong>ut</strong></span> <span class='ocrx_word' id='word_1_172' title='bbox 3116 745 3498 816; x_wconf 74' lang='lat' dir='ltr'><strong>Symmachus,</strong></span> 
     </span>
    </p>
   </div>
   <div class='ocr_carea' id='block_1_24' title="bbox 1929 829 3501 905">
    <p class='ocr_par' dir='ltr' id='par_1_24' title="bbox 1929 829 3501 905">
     <span class='ocr_line' id='line_1_24' title="bbox 1929 829 3501 905; baseline 0.011 -28"><span class='ocrx_word' id='word_1_173' title='bbox 1929 843 1947 877; x_wconf 76' lang='grc' dir='ltr'><strong>ι</strong></span> <span class='ocrx_word' id='word_1_174' title='bbox 1989 835 2335 881; x_wconf 86' lang='lat' dir='ltr'><strong>versaturum</strong></span> <span class='ocrx_word' id='word_1_175' title='bbox 2366 836 2495 882; x_wconf 87' lang='lat' dir='ltr'><strong>ante</strong></span> <span class='ocrx_word' id='word_1_176' title='bbox 2530 829 2809 884; x_wconf 86' lang='lat' dir='ltr'><strong>Christum</strong></span> <span class='ocrx_word' id='word_1_177' title='bbox 2843 849 3024 888; x_wconf 91' lang='lat' dir='ltr'><strong>suum.</strong></span> <span class='ocrx_word' id='word_1_178' title='bbox 3057 855 3075 887; x_wconf 78' lang='grc' dir='ltr'><strong>ι</strong></span> <span class='ocrx_word' id='word_1_179' title='bbox 3112 833 3217 890; x_wconf 88' lang='lat' dir='ltr'><strong>Sed</strong></span> <span class='ocrx_word' id='word_1_180' title='bbox 3241 839 3364 905; x_wconf 85' lang='lat' dir='ltr'><strong>quis</strong></span> <span class='ocrx_word' id='word_1_181' title='bbox 3385 847 3501 894; x_wconf 91' lang='lat' dir='ltr'><strong>tan-</strong></span> 
     </span>
    </p>
   </div>
   <div class='ocr_carea' id='block_1_25' title="bbox 1921 916 3500 994">
    <p class='ocr_par' dir='ltr' id='par_1_25' title="bbox 1921 916 3500 994">
     <span class='ocr_line' id='line_1_25' title="bbox 1921 916 3500 994; baseline 0.008 -23"><span class='ocrx_word' id='word_1_182' title='bbox 1921 916 2044 971; x_wconf 86' lang='lat' dir='ltr'><strong>dem</strong></span> <span class='ocrx_word' id='word_1_183' title='bbox 2078 917 2167 972; x_wconf 89' lang='lat' dir='ltr'><strong>hic</strong></span> <span class='ocrx_word' id='word_1_184' title='bbox 2192 919 2341 972; x_wconf 86' lang='lat' dir='ltr'><strong>erit?</strong></span> <span class='ocrx_word' id='word_1_185' title='bbox 2369 918 2560 974; x_wconf 87' lang='lat' dir='ltr'><strong>Omnis</strong></span> <span class='ocrx_word' id='word_1_186' title='bbox 2587 921 2843 975; x_wconf 80' lang='lat' dir='ltr'><strong>nimirum</strong></span> <span class='ocrx_word' id='word_1_187' title='bbox 2877 924 3189 994; x_wconf 87' lang='lat' dir='ltr'><strong>quicunque</strong></span> <span class='ocrx_word' id='word_1_188' title='bbox 3222 926 3289 980; x_wconf 89' lang='lat' dir='ltr'><strong>ad</strong></span> <span class='ocrx_word' id='word_1_189' title='bbox 3318 944 3500 985; x_wconf 88' lang='lat' dir='ltr'><strong>sacer-</strong></span> 
     </span>
    </p>
   </div>
   <div class='ocr_carea' id='block_1_26' title="bbox 1920 1008 3499 1103">
    <p class='ocr_par' dir='ltr' id='par_1_26' title="bbox 1920 1008 3499 1103">
     <span class='ocr_line' id='line_1_26' title="bbox 1920 1008 3499 1103; baseline 0.008 -40"><span class='ocrx_word' id='word_1_190' title='bbox 1920 1008 2126 1064; x_wconf 92' lang='lat' dir='ltr'><strong>dotium</strong></span> <span class='ocrx_word' id='word_1_191' title='bbox 2155 1008 2357 1065; x_wconf 82' lang='lat' dir='ltr'><strong>Christi</strong></span> <span class='ocrx_word' id='word_1_192' title='bbox 2392 1009 2487 1065; x_wconf 91' lang='lat' dir='ltr'><strong>Dei</strong></span> <span class='ocrx_word' id='word_1_193' title='bbox 2519 1027 2661 1103; x_wconf 42' lang='lat' dir='ltr'><strong>cum.</strong></span> <span class='ocrx_word' id='word_1_194' title='bbox 2674 1012 2871 1081; x_wconf 88' lang='lat' dir='ltr'><strong>pietate</strong></span> <span class='ocrx_word' id='word_1_195' title='bbox 2900 1018 3212 1073; x_wconf 88' lang='lat' dir='ltr'><strong>accesserit.</strong></span> <span class='ocrx_word' id='word_1_196' title='bbox 3247 1019 3345 1074; x_wconf 91' lang='lat' dir='ltr'><strong>Cui</strong></span> <span class='ocrx_word' id='word_1_197' title='bbox 3380 1024 3499 1091; x_wconf 83' lang='lat' dir='ltr'><strong>qui-</strong></span> 
     </span>
    </p>
   </div>
   <div class='ocr_carea' id='block_1_27' title="bbox 1918 1099 3495 1180">
    <p class='ocr_par' dir='ltr' id='par_1_27' title="bbox 1918 1099 3495 1180">
     <span class='ocr_line' id='line_1_27' title="bbox 1918 1099 3495 1180; baseline 0.01 -27"><span class='ocrx_word' id='word_1_198' title='bbox 1918 1099 2042 1154; x_wconf 88' lang='lat' dir='ltr'><strong>dem</strong></span> <span class='ocrx_word' id='word_1_199' title='bbox 2082 1101 2239 1171; x_wconf 72' lang='lat'><strong>192</strong></span> <span class='ocrx_word' id='word_1_200' title='bbox 2276 1101 2536 1157; x_wconf 68' lang='lat' dir='ltr'><strong>Ecclesiae</strong></span> <span class='ocrx_word' id='word_1_201' title='bbox 2564 1099 2811 1168; x_wconf 82' lang='lat' dir='ltr'><strong>domum,</strong></span> <span class='ocrx_word' id='word_1_202' title='bbox 2854 1113 3111 1177; x_wconf 79' lang='lat' dir='ltr'><strong>tanquam</strong></span> <span class='ocrx_word' id='word_1_203' title='bbox 3156 1114 3374 1180; x_wconf 83' lang='lat' dir='ltr'><strong>sapiens</strong></span> <span class='ocrx_word' id='word_1_204' title='bbox 3404 1129 3495 1167; x_wconf 93' lang='lat' dir='ltr'><strong>ar-</strong></span> 
     </span>
    </p>
   </div>
   <div class='ocr_carea' id='block_1_28' title="bbox 1918 1189 3492 1267">
    <p class='ocr_par' dir='ltr' id='par_1_28' title="bbox 1918 1189 3492 1267">
     <span class='ocr_line' id='line_1_28' title="bbox 1918 1189 3492 1267; baseline 0.011 -25"><span class='ocrx_word' id='word_1_205' title='bbox 1918 1189 2189 1245; x_wconf 89' lang='lat' dir='ltr'><strong>chitectus</strong></span> <span class='ocrx_word' id='word_1_206' title='bbox 2232 1199 2394 1262; x_wconf 90' lang='lat' dir='ltr'><strong>atque</strong></span> <span class='ocrx_word' id='word_1_207' title='bbox 2429 1192 2727 1247; x_wconf 75' lang='lat' dir='ltr'><strong>aediﬁcator</strong></span> <span class='ocrx_word' id='word_1_208' title='bbox 2781 1195 2895 1262; x_wconf 89' lang='lat' dir='ltr'><strong>ipse</strong></span> <span class='ocrx_word' id='word_1_209' title='bbox 2955 1199 3195 1254; x_wconf 82' lang='lat' dir='ltr'><strong>universi</strong></span> <span class='ocrx_word' id='word_1_210' title='bbox 3239 1199 3401 1267; x_wconf 86' lang='lat' dir='ltr'><strong>Deus,</strong></span> <span class='ocrx_word' id='word_1_211' title='bbox 3433 1221 3492 1259; x_wconf 90' lang='lat' dir='ltr'><strong>se</strong></span> 
     </span>
    </p>
   </div>
   <div class='ocr_carea' id='block_1_29' title="bbox 1915 1280 3488 1362">
    <p class='ocr_par' dir='ltr' id='par_1_29' title="bbox 1915 1280 3488 1362">
     <span class='ocr_line' id='line_1_29' title="bbox 1915 1280 3488 1362; baseline 0.011 -29"><span class='ocrx_word' id='word_1_212' title='bbox 1915 1280 2307 1336; x_wconf 65' lang='lat' dir='ltr'><strong>aadilicaturum</strong></span> <span class='ocrx_word' id='word_1_213' title='bbox 2349 1284 2655 1352; x_wconf 80' lang='lat' dir='ltr'><strong>pollicetur,</strong></span> <span class='ocrx_word' id='word_1_214' title='bbox 2703 1301 2811 1341; x_wconf 91' lang='lat' dir='ltr'><strong>non</strong></span> <span class='ocrx_word' id='word_1_215' title='bbox 2857 1288 3018 1341; x_wconf 91' lang='lat' dir='ltr'><strong>aliam</strong></span> <span class='ocrx_word' id='word_1_216' title='bbox 3052 1292 3239 1362; x_wconf 88' lang='lat' dir='ltr'><strong>utique</strong></span> <span class='ocrx_word' id='word_1_217' title='bbox 3268 1294 3488 1350; x_wconf 88' lang='lat' dir='ltr'><strong>domum</strong></span> 
     </span>
    </p>
   </div>
   <div class='ocr_carea' id='block_1_30' title="bbox 1916 1373 3492 1456">
    <p class='ocr_par' dir='ltr' id='par_1_30' title="bbox 1916 1373 3492 1456">
     <span class='ocr_line' id='line_1_30' title="bbox 1916 1373 3492 1456; baseline 0.009 -29"><span class='ocrx_word' id='word_1_218' title='bbox 1916 1373 2231 1441; x_wconf 79' lang='lat' dir='ltr'><strong>signiﬁcans</strong></span> <span class='ocrx_word' id='word_1_219' title='bbox 2262 1390 2425 1445; x_wconf 90' lang='lat' dir='ltr'><strong>quam</strong></span> <span class='ocrx_word' id='word_1_220' title='bbox 2470 1391 2589 1431; x_wconf 89' lang='lat' dir='ltr'><strong>eam</strong></span> <span class='ocrx_word' id='word_1_221' title='bbox 2630 1393 2751 1447; x_wconf 78' lang='lat' dir='ltr'><strong>qua:</strong></span> <span class='ocrx_word' id='word_1_222' title='bbox 2783 1382 3103 1434; x_wconf 85' lang='lat' dir='ltr'><strong>nominatim</strong></span> <span class='ocrx_word' id='word_1_223' title='bbox 3135 1383 3353 1440; x_wconf 86' lang='lat' dir='ltr'><strong>Christo</strong></span> <span class='ocrx_word' id='word_1_224' title='bbox 3394 1402 3492 1456; x_wconf 89' lang='lat' dir='ltr'><strong>per</strong></span> 
     </span>
    </p>
   </div>
   <div class='ocr_carea' id='block_1_31' title="bbox 1914 1466 3488 1536">
    <p class='ocr_par' dir='ltr' id='par_1_31' title="bbox 1914 1466 3488 1536">
     <span class='ocr_line' id='line_1_31' title="bbox 1914 1466 3488 1536; baseline 0.01 -19"><span class='ocrx_word' id='word_1_225' title='bbox 1914 1470 2086 1519; x_wconf 90' lang='lat' dir='ltr'><strong>totum</strong></span> <span class='ocrx_word' id='word_1_226' title='bbox 2114 1466 2301 1520; x_wconf 90' lang='lat' dir='ltr'><strong>orbem</strong></span> <span class='ocrx_word' id='word_1_227' title='bbox 2334 1474 2605 1522; x_wconf 89' lang='lat' dir='ltr'><strong>terrarum</strong></span> <span class='ocrx_word' id='word_1_228' title='bbox 2649 1480 2829 1524; x_wconf 88' lang='lat' dir='ltr'><strong>erecta</strong></span> <span class='ocrx_word' id='word_1_229' title='bbox 2862 1482 2965 1536; x_wconf 90' lang='lat' dir='ltr'><strong>est,</strong></span> <span class='ocrx_word' id='word_1_230' title='bbox 3002 1473 3305 1530; x_wconf 88' lang='lat' dir='ltr'><strong>Ecclesiam</strong></span> <span class='ocrx_word' id='word_1_231' title='bbox 3348 1496 3359 1531; x_wconf 94' lang='lat'>:</span> <span class='ocrx_word' id='word_1_232' title='bbox 3397 1479 3488 1532; x_wconf 90' lang='lat' dir='ltr'><strong>ubi</strong></span> 
     </span>
    </p>
   </div>
   <div class='ocr_carea' id='block_1_32' title="bbox 1912 1558 3489 1630">
    <p class='ocr_par' dir='ltr' id='par_1_32' title="bbox 1912 1558 3489 1630">
     <span class='ocr_line' id='line_1_32' title="bbox 1912 1558 3489 1630; baseline 0.009 -19"><span class='ocrx_word' id='word_1_233' title='bbox 1912 1571 2045 1612; x_wconf 88' lang='lat' dir='ltr'><strong>sane</strong></span> <span class='ocrx_word' id='word_1_234' title='bbox 2074 1558 2254 1612; x_wconf 91' lang='lat' dir='ltr'><strong>omnis</strong></span> <span class='ocrx_word' id='word_1_235' title='bbox 2278 1559 2591 1629; x_wconf 88' lang='lat' dir='ltr'><strong>quicunque</strong></span> <span class='ocrx_word' id='word_1_236' title='bbox 2618 1577 2716 1630; x_wconf 89' lang='lat' dir='ltr'><strong>per</strong></span> <span class='ocrx_word' id='word_1_237' title='bbox 2748 1562 3026 1618; x_wconf 91' lang='lat' dir='ltr'><strong>Christum</strong></span> <span class='ocrx_word' id='word_1_238' title='bbox 3072 1565 3162 1621; x_wconf 90' lang='lat' dir='ltr'><strong>Dei</strong></span> <span class='ocrx_word' id='word_1_239' title='bbox 3197 1583 3489 1625; x_wconf 89' lang='lat' dir='ltr'><strong>consecra-</strong></span> 
     </span>
    </p>
   </div>
   <div class='ocr_carea' id='block_1_33' title="bbox 1913 1652 3486 1732">
    <p class='ocr_par' dir='ltr' id='par_1_33' title="bbox 1913 1652 3486 1732">
     <span class='ocr_line' id='line_1_33' title="bbox 1913 1652 3486 1732; baseline 0.011 -31"><span class='ocrx_word' id='word_1_240' title='bbox 1913 1656 1998 1703; x_wconf 92' lang='lat' dir='ltr'><strong>tus</strong></span> <span class='ocrx_word' id='word_1_241' title='bbox 2030 1660 2134 1714; x_wconf 88' lang='lat' dir='ltr'><strong>est,</strong></span> <span class='ocrx_word' id='word_1_242' title='bbox 2173 1652 2468 1707; x_wconf 89' lang='lat' dir='ltr'><strong>secundum</strong></span> <span class='ocrx_word' id='word_1_243' title='bbox 2500 1654 2807 1723; x_wconf 89' lang='lat' dir='ltr'><strong>spiritualia</strong></span> <span class='ocrx_word' id='word_1_244' title='bbox 2852 1656 3177 1723; x_wconf 84' lang='lat' dir='ltr'><strong>ministeria,</strong></span> <span class='ocrx_word' id='word_1_245' title='bbox 3212 1678 3333 1732; x_wconf 77' lang='lat' dir='ltr'><strong>quae</strong></span> <span class='ocrx_word' id='word_1_246' title='bbox 3369 1664 3486 1732; x_wconf 88' lang='lat' dir='ltr'><strong>pla-</strong></span> 
     </span>
    </p>
   </div>
   <div class='ocr_carea' id='block_1_34' title="bbox 228 1743 1792 1829">
    <p class='ocr_par' dir='ltr' id='par_1_34' title="bbox 228 1756 1792 1829">
     <span class='ocr_line' id='line_1_34' title="bbox 228 1756 1792 1829; baseline -0.001 -18"><span class='ocrx_word' id='word_1_247' title='bbox 228 1776 343 1822; x_wconf 82' lang='grc' dir='ltr'>τος,</span> <span class='ocrx_word' id='word_1_248' title='bbox 386 1757 604 1829; x_wconf 81' lang='grc' dir='ltr'>ταύρων</span> <span class='ocrx_word' id='word_1_249' title='bbox 652 1758 745 1810; x_wconf 78' lang='grc' dir='ltr'><strong>καὶ</strong></span> <span class='ocrx_word' id='word_1_250' title='bbox 777 1758 1014 1828; x_wconf 85' lang='grc' dir='ltr'>τράγων,</span> <span class='ocrx_word' id='word_1_251' title='bbox 1068 1756 1208 1811; x_wconf 86' lang='grc' dir='ltr'>κατὰ</span> <span class='ocrx_word' id='word_1_252' title='bbox 1248 1756 1346 1829; x_wconf 76' lang='grc' dir='ltr'><strong>τὴν</strong></span> <span class='ocrx_word' id='word_1_253' title='bbox 1379 1757 1545 1811; x_wconf 88' lang='grc' dir='ltr'>πάλαι</span> <span class='ocrx_word' id='word_1_254' title='bbox 1573 1760 1792 1829; x_wconf 59' lang='grc' dir='ltr'>τυπικὴη</span> 
     </span>
    </p>
   </div>
   <div class='ocr_carea' id='block_1_35' title="bbox 1896 1743 3484 1829">
    <p class='ocr_par' dir='ltr' id='par_1_35' title="bbox 1910 1743 3484 1811">
     <span class='ocr_line' id='line_1_35' title="bbox 1910 1743 3484 1811; baseline 0.011 -16"><span class='ocrx_word' id='word_1_255' title='bbox 1910 1743 2015 1796; x_wconf 90' lang='lat' dir='ltr'><strong>cita</strong></span> <span class='ocrx_word' id='word_1_256' title='bbox 2046 1744 2176 1809; x_wconf 91' lang='lat' dir='ltr'><strong>sint,</strong></span> <span class='ocrx_word' id='word_1_257' title='bbox 2229 1755 2283 1799; x_wconf 91' lang='lat' dir='ltr'><strong>et</strong></span> <span class='ocrx_word' id='word_1_258' title='bbox 2313 1762 2376 1799; x_wconf 78' lang='lat' dir='ltr'><strong>ex</strong></span> <span class='ocrx_word' id='word_1_259' title='bbox 2424 1747 2605 1801; x_wconf 90' lang='lat' dir='ltr'><strong>animo</strong></span> <span class='ocrx_word' id='word_1_260' title='bbox 2645 1762 2709 1803; x_wconf 88' lang='lat' dir='ltr'><strong>ac</strong></span> <span class='ocrx_word' id='word_1_261' title='bbox 2739 1754 3007 1805; x_wconf 69' lang='lat' dir='ltr'><strong>sententia</strong></span> <span class='ocrx_word' id='word_1_262' title='bbox 3043 1752 3135 1808; x_wconf 91' lang='lat' dir='ltr'><strong>Dei</strong></span> <span class='ocrx_word' id='word_1_263' title='bbox 3165 1756 3365 1811; x_wconf 90' lang='lat' dir='ltr'><strong>dicitur</strong></span> <span class='ocrx_word' id='word_1_264' title='bbox 3404 1757 3484 1811; x_wconf 83' lang='lat' dir='ltr'><strong>fa-</strong></span> 
     </span>
    </p>
   </div>
   <div class='ocr_carea' id='block_1_36' title="bbox 230 1848 1805 1920">
    <p class='ocr_par' dir='ltr' id='par_1_36' title="bbox 230 1848 1805 1920">
     <span class='ocr_line' id='line_1_36' title="bbox 230 1848 1805 1920; baseline 0.001 -18"><span class='ocrx_word' id='word_1_265' title='bbox 230 1849 457 1920; x_wconf 79' lang='grc' dir='ltr'>ἁγωγὴν</span> <span class='ocrx_word' id='word_1_266' title='bbox 492 1848 940 1919; x_wconf 80' lang='grc' dir='ltr'>ἐπιτελουμένων,</span> <span class='ocrx_word' id='word_1_267' title='bbox 975 1848 1381 1920; x_wconf 84' lang='grc' dir='ltr'>μετατεθεῖσθαι</span> <span class='ocrx_word' id='word_1_268' title='bbox 1412 1849 1516 1902; x_wconf 82' lang='grc' dir='ltr'>ὑπὸ</span> <span class='ocrx_word' id='word_1_269' title='bbox 1546 1849 1638 1902; x_wconf 88' lang='grc' dir='ltr'><strong>τοῦ</strong></span> <span class='ocrx_word' id='word_1_270' title='bbox 1672 1849 1805 1903; x_wconf 85' lang='grc' dir='ltr'>Θεοῦ</span> 
     </span>
    </p>
   </div>
   <div class='ocr_carea' id='block_1_37' title="bbox 229 1939 1807 2013">
    <p class='ocr_par' dir='ltr' id='par_1_37' title="bbox 229 1939 1807 2013">
     <span class='ocr_line' id='line_1_37' title="bbox 229 1939 1807 2013; baseline -0.001 -18"><span class='ocrx_word' id='word_1_271' title='bbox 229 1942 317 1995; x_wconf 70' lang='grc' dir='ltr'>διὰ</span> <span class='ocrx_word' id='word_1_272' title='bbox 360 1943 460 2012; x_wconf 79' lang='grc' dir='ltr'>τῆς</span> <span class='ocrx_word' id='word_1_273' title='bbox 509 1942 726 1995; x_wconf 76' lang='grc' dir='ltr'>Ἡσαΐου</span> <span class='ocrx_word' id='word_1_274' title='bbox 751 1942 1086 2013; x_wconf 69' lang='grc' dir='ltr'>προφητείας</span> <span class='ocrx_word' id='word_1_275' title='bbox 1114 1939 1576 2012; x_wconf 80' lang='grc' dir='ltr'>ὁμολογουμένων.</span> <span class='ocrx_word' id='word_1_276' title='bbox 1604 1941 1807 1995; x_wconf 89' lang='grc' dir='ltr'>Τοσαῦ-</span> 
     </span>
    </p>
   </div>
   <div class='ocr_carea' id='block_1_38' title="bbox 227 2025 1805 2103">
    <p class='ocr_par' dir='ltr' id='par_1_38' title="bbox 227 2025 1805 2103">
     <span class='ocr_line' id='line_1_38' title="bbox 227 2025 1805 2103; baseline -0.001 -18"><span class='ocrx_word' id='word_1_277' title='bbox 227 2051 295 2085; x_wconf 85' lang='grc' dir='ltr'><strong>τα</strong></span> <span class='ocrx_word' id='word_1_278' title='bbox 353 2033 423 2085; x_wconf 75' lang='grc' dir='ltr'>δι’</span> <span class='ocrx_word' id='word_1_279' title='bbox 460 2025 536 2085; x_wconf 81' lang='grc' dir='ltr'>ὧν</span> <span class='ocrx_word' id='word_1_280' title='bbox 576 2033 604 2084; x_wconf 93' lang='lat'><strong>6</strong></span> <span class='ocrx_word' id='word_1_281' title='bbox 641 2032 874 2103; x_wconf 77' lang='grc' dir='ltr'>Χριστὸς</span> <span class='ocrx_word' id='word_1_282' title='bbox 902 2032 1155 2102; x_wconf 85' lang='grc' dir='ltr'>ὀνομαστί</span> <span class='ocrx_word' id='word_1_283' title='bbox 1200 2032 1638 2103; x_wconf 81' lang='grc' dir='ltr'>προκεκήρυκτο⁶</span> <span class='ocrx_word' id='word_1_284' title='bbox 1669 2032 1805 2103; x_wconf 81' lang='grc' dir='ltr'>πλὴν</span> 
     </span>
    </p>
   </div>
   <div class='ocr_carea' id='block_1_39' title="bbox 226 2122 1803 2195">
    <p class='ocr_par' dir='ltr' id='par_1_39' title="bbox 226 2122 1803 2195">
     <span class='ocr_line' id='line_1_39' title="bbox 226 2122 1803 2195; baseline -0.001 -17"><span class='ocrx_word' id='word_1_285' title='bbox 226 2125 342 2178; x_wconf 75' lang='grc' dir='ltr'>ἀλλ’</span> <span class='ocrx_word' id='word_1_286' title='bbox 380 2126 503 2177; x_wconf 72' lang='grc' dir='ltr'>ἐπεὶ</span> <span class='ocrx_word' id='word_1_287' title='bbox 555 2122 643 2178; x_wconf 83' lang='grc' dir='ltr'>διὰ</span> <span class='ocrx_word' id='word_1_288' title='bbox 686 2123 794 2176; x_wconf 91' lang='grc' dir='ltr'><strong>τῶν</strong></span> <span class='ocrx_word' id='word_1_289' title='bbox 842 2124 1107 2177; x_wconf 81' lang='grc' dir='ltr'>πλείστων</span> <span class='ocrx_word' id='word_1_290' title='bbox 1150 2122 1220 2177; x_wconf 80' lang='grc' dir='ltr'>τὰ</span> <span class='ocrx_word' id='word_1_291' title='bbox 1261 2122 1405 2194; x_wconf 86' lang='grc' dir='ltr'>πάθη</span> <span class='ocrx_word' id='word_1_292' title='bbox 1445 2122 1537 2176; x_wconf 87' lang='grc' dir='ltr'><strong>τοῦ</strong></span> <span class='ocrx_word' id='word_1_293' title='bbox 1571 2123 1803 2195; x_wconf 79' lang='grc' dir='ltr'>Χριστοῦ</span> 
     </span>
    </p>
   </div>
   <div class='ocr_carea' id='block_1_40' title="bbox 230 2214 1796 2287">
    <p class='ocr_par' dir='ltr' id='par_1_40' title="bbox 230 2214 1796 2287">
     <span class='ocr_line' id='line_1_40' title="bbox 230 2214 1796 2287; baseline 0 -19"><span class='ocrx_word' id='word_1_294' title='bbox 230 2216 503 2285; x_wconf 83' lang='grc' dir='ltr'>συνῆπται</span> <span class='ocrx_word' id='word_1_295' title='bbox 527 2217 592 2285; x_wconf 85' lang='grc' dir='ltr'>τῇ</span> <span class='ocrx_word' id='word_1_296' title='bbox 626 2214 788 2267; x_wconf 76' lang='grc' dir='ltr'>αὑτοῦ</span> <span class='ocrx_word' id='word_1_297' title='bbox 820 2215 1180 2287; x_wconf 75' lang='grc' dir='ltr'>προσηγορίᾳ,</span> <span class='ocrx_word' id='word_1_298' title='bbox 1208 2216 1499 2284; x_wconf 84' lang='grc' dir='ltr'>ἀναγκαῖον</span> <span class='ocrx_word' id='word_1_299' title='bbox 1531 2216 1796 2268; x_wconf 82' lang='grc' dir='ltr'>ἐπαναλα-</span> 
     </span>
    </p>
   </div>
   <div class='ocr_carea' id='block_1_41' title="bbox 228 2304 1799 2379">
    <p class='ocr_par' dir='ltr' id='par_1_41' title="bbox 228 2304 1799 2379">
     <span class='ocr_line' id='line_1_41' title="bbox 228 2304 1799 2379; baseline 0 -21"><span class='ocrx_word' id='word_1_300' title='bbox 228 2306 344 2359; x_wconf 71' lang='grc' dir='ltr'>δεῖν</span> <span class='ocrx_word' id='word_1_301' title='bbox 398 2305 469 2359; x_wconf 81' lang='grc' dir='ltr'>τὰ</span> <span class='ocrx_word' id='word_1_302' title='bbox 495 2306 864 2378; x_wconf 79' lang='grc' dir='ltr'>προειρημένα</span> <span class='ocrx_word' id='word_1_303' title='bbox 900 2307 1028 2379; x_wconf 86' lang='grc' dir='ltr'><strong>περί</strong></span> <span class='ocrx_word' id='word_1_304' title='bbox 1057 2307 1157 2377; x_wconf 78' lang='grc' dir='ltr'><strong>τῆς</strong></span> <span class='ocrx_word' id='word_1_305' title='bbox 1188 2307 1306 2360; x_wconf 85' lang='grc' dir='ltr'>κατ’</span> <span class='ocrx_word' id='word_1_306' title='bbox 1340 2306 1502 2359; x_wconf 71' lang='grc' dir='ltr'>αὐτὸν</span> <span class='ocrx_word' id='word_1_307' title='bbox 1530 2304 1799 2376; x_wconf 84' lang='grc' dir='ltr'>θεότητος,</span> 
     </span>
    </p>
   </div>
   <div class='ocr_carea' id='block_1_42' title="bbox 228 2397 1801 2471">
    <p class='ocr_par' dir='ltr' id='par_1_42' title="bbox 228 2397 1801 2471">
     <span class='ocr_line' id='line_1_42' title="bbox 228 2397 1801 2471; baseline 0 -22"><span class='ocrx_word' id='word_1_308' title='bbox 228 2400 293 2468; x_wconf 77' lang='grc' dir='ltr'>ἣν</span> <span class='ocrx_word' id='word_1_309' title='bbox 340 2400 398 2450; x_wconf 79' lang='grc' dir='ltr'>ἐν</span> <span class='ocrx_word' id='word_1_310' title='bbox 442 2397 521 2468; x_wconf 79' lang='grc' dir='ltr'>τῷ</span> <span class='ocrx_word' id='word_1_311' title='bbox 560 2398 640 2469; x_wconf 86' lang='grc' dir='ltr'>μδ¹</span> <span class='ocrx_word' id='word_1_312' title='bbox 684 2398 881 2469; x_wconf 76' lang='grc' dir='ltr'>ψαλμῷ</span> <span class='ocrx_word' id='word_1_313' title='bbox 934 2398 1394 2471; x_wconf 77' lang='grc' dir='ltr'>ἐπιγεγραμμένῳ</span> <span class='ocrx_word' id='word_1_314' title='bbox 1433 2417 1451 2449; x_wconf 79' lang='grc' dir='ltr'><strong>ι</strong></span> <span class='ocrx_word' id='word_1_315' title='bbox 1497 2397 1666 2469; x_wconf 78' lang='grc' dir='ltr'>’Υπὲρ</span> <span class='ocrx_word' id='word_1_316' title='bbox 1708 2397 1801 2449; x_wconf 87' lang='grc' dir='ltr'><strong>τοῦ</strong></span> 
     </span>
    </p>
   </div>
   <div class='ocr_carea' id='block_1_43' title="bbox 229 2488 1801 2563">
    <p class='ocr_par' dir='ltr' id='par_1_43' title="bbox 229 2488 1801 2563">
     <span class='ocr_line' id='line_1_43' title="bbox 229 2488 1801 2563; baseline 0.001 -22"><span class='ocrx_word' id='word_1_317' title='bbox 229 2490 519 2561; x_wconf 83' lang='grc' dir='ltr'>ἀγαπητοῦ</span> <span class='ocrx_word' id='word_1_318' title='bbox 561 2511 579 2542; x_wconf 76' lang='grc' dir='ltr'><strong>ι</strong></span> <span class='ocrx_word' id='word_1_319' title='bbox 619 2491 879 2563; x_wconf 79' lang='grc' dir='ltr'>φέρεσθαι</span> <span class='ocrx_word' id='word_1_320' title='bbox 913 2492 1464 2563; x_wconf 84' lang='grc' dir='ltr'>προπαρεστήσαμεν,</span> <span class='ocrx_word' id='word_1_321' title='bbox 1499 2488 1626 2543; x_wconf 75' lang='grc' dir='ltr'>ἔνθα</span> <span class='ocrx_word' id='word_1_322' title='bbox 1658 2491 1686 2542; x_wconf 91' lang='lat'><strong>6</strong></span> <span class='ocrx_word' id='word_1_323' title='bbox 1713 2488 1801 2542; x_wconf 83' lang='grc' dir='ltr'>λό-</span> 
     </span>
    </p>
   </div>
   <div class='ocr_carea' id='block_1_44' title="bbox 225 2581 1800 2655">
    <p class='ocr_par' dir='ltr' id='par_1_44' title="bbox 225 2581 1800 2655">
     <span class='ocr_line' id='line_1_44' title="bbox 225 2581 1800 2655; baseline -0.001 -20"><span class='ocrx_word' id='word_1_324' title='bbox 225 2600 323 2650; x_wconf 88' lang='grc' dir='ltr'><strong>γος</strong></span> <span class='ocrx_word' id='word_1_325' title='bbox 379 2585 434 2636; x_wconf 80' lang='grc' dir='ltr'>ὲν</span> <span class='ocrx_word' id='word_1_326' title='bbox 485 2583 718 2655; x_wconf 84' lang='grc' dir='ltr'>πρώτοις</span> <span class='ocrx_word' id='word_1_327' title='bbox 761 2585 924 2647; x_wconf 81' lang='grc' dir='ltr'>αὐτὸς</span> <span class='ocrx_word' id='word_1_328' title='bbox 951 2586 1268 2655; x_wconf 81' lang='grc' dir='ltr'>ὑπομνήσας</span> <span class='ocrx_word' id='word_1_329' title='bbox 1304 2583 1379 2645; x_wconf 86' lang='grc' dir='ltr'><strong>ὡς</strong></span> <span class='ocrx_word' id='word_1_330' title='bbox 1414 2581 1654 2651; x_wconf 85' lang='grc' dir='ltr'>βασιλέα,</span> <span class='ocrx_word' id='word_1_331' title='bbox 1684 2581 1800 2653; x_wconf 84' lang='grc' dir='ltr'>μεθ’</span> 
     </span>
    </p>
   </div>
   <div class='ocr_carea' id='block_1_45' title="bbox 222 2673 1800 2748">
    <p class='ocr_par' dir='ltr' id='par_1_45' title="bbox 222 2673 1800 2748">
     <span class='ocr_line' id='line_1_45' title="bbox 222 2673 1800 2748; baseline -0.002 -19"><span class='ocrx_word' id='word_1_332' title='bbox 222 2675 388 2747; x_wconf 73' lang='grc' dir='ltr'><strong>¹έτερα</strong></span> <span class='ocrx_word' id='word_1_333' title='bbox 418 2675 610 2744; x_wconf 78' lang='grc' dir='ltr'>ἐπάγει</span> <span class='ocrx_word' id='word_1_334' title='bbox 644 2678 770 2748; x_wconf 74' lang='grc' dir='ltr'>περὶ</span> <span class='ocrx_word' id='word_1_335' title='bbox 798 2675 1046 2747; x_wconf 81' lang='grc' dir='ltr'>θεότητος</span> <span class='ocrx_word' id='word_1_336' title='bbox 1063 2675 1154 2727; x_wconf 88' lang='grc' dir='ltr'><strong>τοῦ</strong></span> <span class='ocrx_word' id='word_1_337' title='bbox 1176 2677 1220 2729; x_wconf 86' lang='grc' dir='ltr'>Χ</span> <span class='ocrx_word' id='word_1_338' title='bbox 1230 2674 1431 2747; x_wconf 69' lang='grc' dir='ltr'>ριστοῦι</span> <span class='ocrx_word' id='word_1_339' title='bbox 1467 2694 1484 2724; x_wconf 75' lang='grc' dir='ltr'><strong>ι</strong></span> <span class='ocrx_word' id='word_1_340' title='bbox 1526 2675 1582 2728; x_wconf 85' lang='lat'><strong>&#39;0</strong></span> <span class='ocrx_word' id='word_1_341' title='bbox 1615 2673 1800 2747; x_wconf 89' lang='grc' dir='ltr'>θρόνος</span> 
     </span>
    </p>
   </div>
   <div class='ocr_carea' id='block_1_46' title="bbox 228 2766 1800 2838">
    <p class='ocr_par' dir='ltr' id='par_1_46' title="bbox 228 2766 1800 2838">
     <span class='ocr_line' id='line_1_46' title="bbox 228 2766 1800 2838; baseline -0.001 -18"><span class='ocrx_word' id='word_1_342' title='bbox 228 2784 321 2820; x_wconf 86' lang='grc' dir='ltr'><strong>σου</strong></span> <span class='ocrx_word' id='word_1_343' title='bbox 353 2770 381 2820; x_wconf 89' lang='lat'><strong>6</strong></span> <span class='ocrx_word' id='word_1_344' title='bbox 412 2766 544 2832; x_wconf 82' lang='grc' dir='ltr'>Θεὸς</span> <span class='ocrx_word' id='word_1_345' title='bbox 575 2770 655 2832; x_wconf 89' lang='grc' dir='ltr'><strong>εἰς</strong></span> <span class='ocrx_word' id='word_1_346' title='bbox 688 2769 777 2823; x_wconf 85' lang='grc' dir='ltr'><strong>τὸν</strong></span> <span class='ocrx_word' id='word_1_347' title='bbox 817 2769 983 2822; x_wconf 79' lang='grc' dir='ltr'>αἰῶνα</span> <span class='ocrx_word' id='word_1_348' title='bbox 1021 2767 1116 2823; x_wconf 90' lang='grc' dir='ltr'><strong>τοῦ</strong></span> <span class='ocrx_word' id='word_1_349' title='bbox 1150 2767 1372 2831; x_wconf 83' lang='grc' dir='ltr'>αἰῶνος·</span> <span class='ocrx_word' id='word_1_350' title='bbox 1407 2766 1598 2838; x_wconf 75' lang='grc' dir='ltr'>ῥάϐδος</span> <span class='ocrx_word' id='word_1_351' title='bbox 1641 2766 1800 2819; x_wconf 82' lang='grc' dir='ltr'>εὐθύ-</span> 
     </span>
    </p>
   </div>
   <div class='ocr_carea' id='block_1_47' title="bbox 225 2859 1799 2941">
    <p class='ocr_par' dir='ltr' id='par_1_47' title="bbox 225 2859 1799 2941">
     <span class='ocr_line' id='line_1_47' title="bbox 225 2859 1799 2941; baseline 0 -29"><span class='ocrx_word' id='word_1_352' title='bbox 225 2876 383 2941; x_wconf 71' lang='grc' dir='ltr'>τηξος</span> <span class='ocrx_word' id='word_1_353' title='bbox 432 2863 468 2932; x_wconf 74' lang='grc' dir='ltr'><strong>ἡ</strong></span> <span class='ocrx_word' id='word_1_354' title='bbox 518 2861 708 2931; x_wconf 76' lang='grc' dir='ltr'>ῥάϐδος</span> <span class='ocrx_word' id='word_1_355' title='bbox 754 2863 850 2934; x_wconf 85' lang='grc' dir='ltr'>τῆς</span> <span class='ocrx_word' id='word_1_356' title='bbox 898 2862 1168 2933; x_wconf 85' lang='grc' dir='ltr'>βασιλείας</span> <span class='ocrx_word' id='word_1_357' title='bbox 1204 2878 1316 2913; x_wconf 91' lang='grc' dir='ltr'>σου.</span> <span class='ocrx_word' id='word_1_358' title='bbox 1366 2859 1685 2930; x_wconf 82' lang='grc' dir='ltr'>Ἥγάπησας</span> <span class='ocrx_word' id='word_1_359' title='bbox 1721 2860 1799 2912; x_wconf 85' lang='grc' dir='ltr'>δι·-</span> 
     </span>
    </p>
   </div>
   <div class='ocr_carea' id='block_1_48' title="bbox 224 2951 1797 3025">
    <p class='ocr_par' dir='ltr' id='par_1_48' title="bbox 224 2951 1797 3025">
     <span class='ocr_line' id='line_1_48' title="bbox 224 2951 1797 3025; baseline -0.001 -20"><span class='ocrx_word' id='word_1_360' title='bbox 224 2952 535 3023; x_wconf 82' lang='grc' dir='ltr'>καιοσύνην,</span> <span class='ocrx_word' id='word_1_361' title='bbox 563 2954 655 3005; x_wconf 72' lang='grc' dir='ltr'>καὶ</span> <span class='ocrx_word' id='word_1_362' title='bbox 678 2954 943 3025; x_wconf 80' lang='grc' dir='ltr'>ἐμίσησας</span> <span class='ocrx_word' id='word_1_363' title='bbox 966 2954 1177 3007; x_wconf 85' lang='grc' dir='ltr'>ἀδικίαν</span> <span class='ocrx_word' id='word_1_364' title='bbox 1195 2970 1208 2982; x_wconf 88' lang='grc'><strong>·</strong></span> <span class='ocrx_word' id='word_1_365' title='bbox 1237 2952 1323 3006; x_wconf 74' lang='grc' dir='ltr'><strong>διὰ</strong></span> <span class='ocrx_word' id='word_1_366' title='bbox 1347 2951 1501 3005; x_wconf 89' lang='grc' dir='ltr'>τοῦτο</span> <span class='ocrx_word' id='word_1_367' title='bbox 1530 2952 1713 3023; x_wconf 74' lang='grc' dir='ltr'>ἔχρισε</span> <span class='ocrx_word' id='word_1_368' title='bbox 1739 2969 1797 3004; x_wconf 92' lang='grc' dir='ltr'><strong>σε</strong></span> 
     </span>
    </p>
   </div>
   <div class='ocr_carea' id='block_1_49' title="bbox 220 3044 1794 3118">
    <p class='ocr_par' dir='ltr' id='par_1_49' title="bbox 220 3044 1794 3118">
     <span class='ocr_line' id='line_1_49' title="bbox 220 3044 1794 3118; baseline 0 -21"><span class='ocrx_word' id='word_1_369' title='bbox 220 3046 250 3097; x_wconf 87' lang='lat'><strong>6</strong></span> <span class='ocrx_word' id='word_1_370' title='bbox 274 3045 411 3108; x_wconf 72' lang='grc' dir='ltr'>Θεὸς</span> <span class='ocrx_word' id='word_1_371' title='bbox 440 3044 612 3108; x_wconf 84' lang='grc' dir='ltr'>ὁΘεός</span> <span class='ocrx_word' id='word_1_372' title='bbox 644 3063 735 3098; x_wconf 88' lang='grc' dir='ltr'><strong>σου</strong></span> <span class='ocrx_word' id='word_1_373' title='bbox 767 3046 941 3099; x_wconf 80' lang='grc' dir='ltr'>ἔλαιον</span> <span class='ocrx_word' id='word_1_374' title='bbox 962 3046 1333 3115; x_wconf 84' lang='grc' dir='ltr'>ἀγαλλιάσεως</span> <span class='ocrx_word' id='word_1_375' title='bbox 1362 3044 1511 3118; x_wconf 81' lang='grc' dir='ltr'>παρὰ</span> <span class='ocrx_word' id='word_1_376' title='bbox 1543 3047 1668 3107; x_wconf 81' lang='grc' dir='ltr'>τοὺς</span> <span class='ocrx_word' id='word_1_377' title='bbox 1697 3062 1794 3116; x_wconf 90' lang='grc' dir='ltr'>με-</span> 
     </span>
    </p>
   </div>
   <div class='ocr_carea' id='block_1_50' title="bbox 217 3111 1865 3209">
    <p class='ocr_par' dir='ltr' id='par_1_50' title="bbox 217 3111 1865 3209">
     <span class='ocr_line' id='line_1_50' title="bbox 217 3111 1865 3209; baseline 0 -20"><span class='ocrx_word' id='word_1_378' title='bbox 217 3136 418 3205; x_wconf 85' lang='grc' dir='ltr'>τόχους</span> <span class='ocrx_word' id='word_1_379' title='bbox 470 3153 577 3192; x_wconf 89' lang='grc' dir='ltr'>σου.</span> <span class='ocrx_word' id='word_1_380' title='bbox 613 3156 631 3188; x_wconf 77' lang='grc' dir='ltr'><strong>ι</strong></span> <span class='ocrx_word' id='word_1_381' title='bbox 676 3137 871 3206; x_wconf 76' lang='grc' dir='ltr'>Σαφῶς</span> <span class='ocrx_word' id='word_1_382' title='bbox 915 3111 1023 3209; x_wconf 80' lang='grc' dir='ltr'><strong>γάρ</strong></span> <span class='ocrx_word' id='word_1_383' title='bbox 1066 3141 1124 3191; x_wconf 86' lang='grc' dir='ltr'><strong>ἐν</strong></span> <span class='ocrx_word' id='word_1_384' title='bbox 1171 3137 1398 3201; x_wconf 87' lang='grc' dir='ltr'>τούτοις,</span> <span class='ocrx_word' id='word_1_385' title='bbox 1442 3111 1525 3202; x_wconf 48' lang='grc' dir='ltr'><strong>’ὠς</strong></span> <span class='ocrx_word' id='word_1_386' title='bbox 1559 3137 1660 3209; x_wconf 71' lang='grc' dir='ltr'>ἤδη</span> <span class='ocrx_word' id='word_1_387' title='bbox 1698 3111 1798 3190; x_wconf 74' lang='grc' dir='ltr'><strong>καὶ</strong></span> <span class='ocrx_word' id='word_1_388' title='bbox 1825 3111 1865 3167; x_wconf 76' lang='lat' dir='ltr'><strong><em>C</em></strong></span> 
     </span>
    </p>
   </div>
   <div class='ocr_carea' id='block_1_51' title="bbox 216 3225 1791 3303">
    <p class='ocr_par' dir='ltr' id='par_1_51' title="bbox 216 3225 1791 3303">
     <span class='ocr_line' id='line_1_51' title="bbox 216 3225 1791 3303; baseline 0.001 -22"><span class='ocrx_word' id='word_1_389' title='bbox 216 3230 489 3301; x_wconf 79' lang='grc' dir='ltr'>πρότερον</span> <span class='ocrx_word' id='word_1_390' title='bbox 518 3232 1063 3303; x_wconf 77' lang='grc' dir='ltr'>προπαρεστησαμεν,</span> <span class='ocrx_word' id='word_1_391' title='bbox 1098 3225 1177 3294; x_wconf 78' lang='grc' dir='ltr'>εἷς</span> <span class='ocrx_word' id='word_1_392' title='bbox 1220 3229 1295 3283; x_wconf 85' lang='grc' dir='ltr'>ὣν</span> <span class='ocrx_word' id='word_1_393' title='bbox 1331 3231 1424 3283; x_wconf 76' lang='grc' dir='ltr'><strong>καὶ</strong></span> <span class='ocrx_word' id='word_1_394' title='bbox 1448 3229 1608 3294; x_wconf 79' lang='grc' dir='ltr'>αὐτὸς</span> <span class='ocrx_word' id='word_1_395' title='bbox 1642 3232 1670 3282; x_wconf 90' lang='lat'><strong>6</strong></span> <span class='ocrx_word' id='word_1_396' title='bbox 1697 3230 1791 3302; x_wconf 88' lang='grc' dir='ltr'>δη-</span> 
     </span>
    </p>
   </div>
   <div class='ocr_carea' id='block_1_52' title="bbox 213 3319 1790 3395">
    <p class='ocr_par' dir='ltr' id='par_1_52' title="bbox 213 3319 1790 3395">
     <span class='ocr_line' id='line_1_52' title="bbox 213 3319 1790 3395; baseline 0 -20"><span class='ocrx_word' id='word_1_397' title='bbox 213 3319 479 3393; x_wconf 83' lang='grc' dir='ltr'>λούμενος</span> <span class='ocrx_word' id='word_1_398' title='bbox 516 3322 645 3387; x_wconf 77' lang='grc' dir='ltr'>Θεὸς</span> <span class='ocrx_word' id='word_1_399' title='bbox 672 3320 808 3377; x_wconf 77' lang='grc' dir='ltr'>εῖναι</span> <span class='ocrx_word' id='word_1_400' title='bbox 830 3324 1065 3393; x_wconf 88' lang='grc' dir='ltr'>λέγεται,</span> <span class='ocrx_word' id='word_1_401' title='bbox 1112 3322 1419 3395; x_wconf 74' lang='grc' dir='ltr'>ἠγαπηκὼς</span> <span class='ocrx_word' id='word_1_402' title='bbox 1446 3322 1790 3393; x_wconf 87' lang='grc' dir='ltr'>δικαιοσύνην</span> 
     </span>
    </p>
   </div>
   <div class='ocr_carea' id='block_1_53' title="bbox 214 3415 1788 3487">
    <p class='ocr_par' dir='ltr' id='par_1_53' title="bbox 214 3415 1788 3487">
     <span class='ocr_line' id='line_1_53' title="bbox 214 3415 1788 3487; baseline 0 -19"><span class='ocrx_word' id='word_1_403' title='bbox 214 3418 308 3469; x_wconf 75' lang='grc' dir='ltr'><strong>καὶ</strong></span> <span class='ocrx_word' id='word_1_404' title='bbox 340 3415 661 3487; x_wconf 81' lang='grc' dir='ltr'>μεμισηκὼς</span> <span class='ocrx_word' id='word_1_405' title='bbox 692 3416 922 3470; x_wconf 78' lang='grc' dir='ltr'>ἀδικίαν.</span> <span class='ocrx_word' id='word_1_406' title='bbox 968 3417 1080 3471; x_wconf 78' lang='grc' dir='ltr'>Καὶ</span> <span class='ocrx_word' id='word_1_407' title='bbox 1124 3418 1312 3469; x_wconf 81' lang='grc' dir='ltr'>τούτου</span> <span class='ocrx_word' id='word_1_408' title='bbox 1355 3416 1513 3487; x_wconf 87' lang='grc' dir='ltr'>χάριν</span> <span class='ocrx_word' id='word_1_409' title='bbox 1555 3416 1643 3485; x_wconf 80' lang='grc' dir='ltr'><strong>ὑφ’</strong></span> <span class='ocrx_word' id='word_1_410' title='bbox 1672 3415 1788 3473; x_wconf 80' lang='grc' dir='ltr'>ἑτέ-</span> 
     </span>
    </p>
   </div>
   <div class='ocr_carea' id='block_1_54' title="bbox 216 3505 1788 3579">
    <p class='ocr_par' dir='ltr' id='par_1_54' title="bbox 216 3505 1788 3579">
     <span class='ocr_line' id='line_1_54' title="bbox 216 3505 1788 3579; baseline -0.003 -19"><span class='ocrx_word' id='word_1_411' title='bbox 216 3524 309 3578; x_wconf 83' lang='grc' dir='ltr'><strong>ρου</strong></span> <span class='ocrx_word' id='word_1_412' title='bbox 347 3506 594 3577; x_wconf 79' lang='grc' dir='ltr'>μείζονος</span> <span class='ocrx_word' id='word_1_413' title='bbox 626 3506 760 3560; x_wconf 89' lang='grc' dir='ltr'>Θεοῦ</span> <span class='ocrx_word' id='word_1_414' title='bbox 806 3507 901 3561; x_wconf 79' lang='grc' dir='ltr'><strong>καί</strong></span> <span class='ocrx_word' id='word_1_415' title='bbox 946 3507 1151 3579; x_wconf 83' lang='grc' dir='ltr'>πατρὸς</span> <span class='ocrx_word' id='word_1_416' title='bbox 1184 3506 1369 3569; x_wconf 76' lang='grc' dir='ltr'>αὑτοῦ,</span> <span class='ocrx_word' id='word_1_417' title='bbox 1433 3505 1788 3578; x_wconf 82' lang='grc' dir='ltr'>κεχρισμένος</span> 
     </span>
    </p>
   </div>
   <div class='ocr_carea' id='block_1_55' title="bbox 214 3598 1782 3672">
    <p class='ocr_par' dir='ltr' id='par_1_55' title="bbox 214 3598 1782 3672">
     <span class='ocr_line' id='line_1_55' title="bbox 214 3598 1782 3672; baseline 0 -22"><span class='ocrx_word' id='word_1_418' title='bbox 214 3598 378 3669; x_wconf 75' lang='grc' dir='ltr'>ἐλαίῳ</span> <span class='ocrx_word' id='word_1_419' title='bbox 415 3599 681 3670; x_wconf 90' lang='grc' dir='ltr'>κρείττονι</span> <span class='ocrx_word' id='word_1_420' title='bbox 718 3602 809 3653; x_wconf 75' lang='grc' dir='ltr'><strong>καὶ</strong></span> <span class='ocrx_word' id='word_1_421' title='bbox 837 3600 1199 3672; x_wconf 82' lang='grc' dir='ltr'>διαφέροντιῆ</span> <span class='ocrx_word' id='word_1_422' title='bbox 1230 3599 1369 3652; x_wconf 85' lang='grc' dir='ltr'>κατὰ</span> <span class='ocrx_word' id='word_1_423' title='bbox 1390 3599 1516 3662; x_wconf 81' lang='grc' dir='ltr'>τοὺς</span> <span class='ocrx_word' id='word_1_424' title='bbox 1560 3599 1782 3661; x_wconf 83' lang='grc' dir='ltr'>τύπους,</span> 
     </span>
    </p>
   </div>
   <div class='ocr_carea' id='block_1_56' title="bbox 212 3688 1787 3761">
    <p class='ocr_par' dir='ltr' id='par_1_56' title="bbox 212 3688 1787 3761">
     <span class='ocr_line' id='line_1_56' title="bbox 212 3688 1787 3761; baseline -0.001 -18"><span class='ocrx_word' id='word_1_425' title='bbox 212 3692 288 3761; x_wconf 82' lang='grc' dir='ltr'><strong>τῷ</strong></span> <span class='ocrx_word' id='word_1_426' title='bbox 321 3690 639 3761; x_wconf 83' lang='grc' dir='ltr'>καλουμένῳ</span> <span class='ocrx_word' id='word_1_427' title='bbox 680 3691 780 3761; x_wconf 81' lang='grc' dir='ltr'>τῆς</span> <span class='ocrx_word' id='word_1_428' title='bbox 824 3691 1212 3760; x_wconf 83' lang='grc' dir='ltr'>ἀγαλλιάσεως.</span> <span class='ocrx_word' id='word_1_429' title='bbox 1256 3692 1312 3743; x_wconf 80' lang='lat'><strong>&#39;0</strong></span> <span class='ocrx_word' id='word_1_430' title='bbox 1352 3690 1407 3743; x_wconf 80' lang='grc' dir='ltr'><strong>δὲ</strong></span> <span class='ocrx_word' id='word_1_431' title='bbox 1456 3689 1533 3760; x_wconf 79' lang='grc' dir='ltr'><strong>τῷ</strong></span> <span class='ocrx_word' id='word_1_432' title='bbox 1563 3688 1787 3759; x_wconf 84' lang='grc' dir='ltr'>τοιούτῳ</span> 
     </span>
    </p>
   </div>
   <div class='ocr_carea' id='block_1_57' title="bbox 209 3779 1787 3854">
    <p class='ocr_par' dir='ltr' id='par_1_57' title="bbox 209 3779 1787 3854">
     <span class='ocr_line' id='line_1_57' title="bbox 209 3779 1787 3854; baseline -0.001 -20"><span class='ocrx_word' id='word_1_433' title='bbox 209 3782 453 3853; x_wconf 64' lang='grc' dir='ltr'>χρισθεὶς</span> <span class='ocrx_word' id='word_1_434' title='bbox 489 3782 672 3852; x_wconf 80' lang='grc' dir='ltr'>ἐλαίῳ,</span> <span class='ocrx_word' id='word_1_435' title='bbox 707 3782 765 3835; x_wconf 81' lang='grc' dir='ltr'><strong>ού</strong></span> <span class='ocrx_word' id='word_1_436' title='bbox 802 3782 936 3854; x_wconf 79' lang='grc' dir='ltr'>πρὸς</span> <span class='ocrx_word' id='word_1_437' title='bbox 968 3782 1288 3854; x_wconf 80' lang='grc' dir='ltr'>ἀνθρώπων,</span> <span class='ocrx_word' id='word_1_438' title='bbox 1324 3781 1443 3835; x_wconf 78' lang='grc' dir='ltr'>οὐδὲ</span> <span class='ocrx_word' id='word_1_439' title='bbox 1475 3781 1542 3834; x_wconf 80' lang='grc' dir='ltr'>δι’</span> <span class='ocrx_word' id='word_1_440' title='bbox 1580 3779 1787 3853; x_wconf 85' lang='grc' dir='ltr'>ἀνθρώ-</span> 
     </span>
    </p>
   </div>
   <div class='ocr_carea' id='block_1_58' title="bbox 208 3872 1781 3944">
    <p class='ocr_par' dir='ltr' id='par_1_58' title="bbox 208 3872 1781 3944">
     <span class='ocr_line' id='line_1_58' title="bbox 208 3872 1781 3944; baseline -0.001 -19"><span class='ocrx_word' id='word_1_441' title='bbox 208 3889 347 3936; x_wconf 84' lang='grc' dir='ltr'>πων,</span> <span class='ocrx_word' id='word_1_442' title='bbox 376 3874 492 3926; x_wconf 81' lang='grc' dir='ltr'>ἀλλ’</span> <span class='ocrx_word' id='word_1_443' title='bbox 527 3874 615 3926; x_wconf 81' lang='grc' dir='ltr'>ὑπ’</span> <span class='ocrx_word' id='word_1_444' title='bbox 638 3874 798 3927; x_wconf 82' lang='grc' dir='ltr'>αὐτοῦ</span> <span class='ocrx_word' id='word_1_445' title='bbox 832 3875 925 3927; x_wconf 92' lang='grc' dir='ltr'><strong>τοῦ</strong></span> <span class='ocrx_word' id='word_1_446' title='bbox 960 3875 1235 3929; x_wconf 84' lang='grc' dir='ltr'>ἀνωτάτου</span> <span class='ocrx_word' id='word_1_447' title='bbox 1265 3873 1420 3936; x_wconf 84' lang='grc' dir='ltr'>Θεοῦ,</span> <span class='ocrx_word' id='word_1_448' title='bbox 1455 3874 1507 3926; x_wconf 88' lang='grc' dir='ltr'><strong>τί</strong></span> <span class='ocrx_word' id='word_1_449' title='bbox 1540 3872 1781 3944; x_wconf 73' lang='grc' dir='ltr'>ἕτερονῆ</span> 
     </span>
    </p>
   </div>
   <div class='ocr_carea' id='block_1_59' title="bbox 206 3964 1779 4037">
    <p class='ocr_par' dir='ltr' id='par_1_59' title="bbox 206 3964 1779 4037">
     <span class='ocr_line' id='line_1_59' title="bbox 206 3964 1779 4037; baseline -0.002 -18"><span class='ocrx_word' id='word_1_450' title='bbox 206 3966 442 4036; x_wconf 78' lang='grc' dir='ltr'>Χριστὸς</span> <span class='ocrx_word' id='word_1_451' title='bbox 471 3966 693 4030; x_wconf 88' lang='grc' dir='ltr'>εἰκότως</span> <span class='ocrx_word' id='word_1_452' title='bbox 725 3967 1081 4037; x_wconf 83' lang='grc' dir='ltr'>ὀνομασθείη;</span> <span class='ocrx_word' id='word_1_453' title='bbox 1117 3966 1308 4019; x_wconf 80' lang='grc' dir='ltr'>οὐκοῦν</span> <span class='ocrx_word' id='word_1_454' title='bbox 1359 3967 1387 4018; x_wconf 93' lang='lat'><strong>6</strong></span> <span class='ocrx_word' id='word_1_455' title='bbox 1442 3966 1602 4028; x_wconf 82' lang='grc' dir='ltr'>αὐτὸς</span> <span class='ocrx_word' id='word_1_456' title='bbox 1646 3964 1779 4035; x_wconf 83' lang='grc' dir='ltr'>ὁμοῦ</span> 
     </span>
    </p>
   </div>
   <div class='ocr_carea' id='block_1_60' title="bbox 205 4057 1777 4130">
    <p class='ocr_par' dir='ltr' id='par_1_60' title="bbox 205 4057 1777 4130">
     <span class='ocr_line' id='line_1_60' title="bbox 205 4057 1777 4130; baseline -0.001 -18"><span class='ocrx_word' id='word_1_457' title='bbox 205 4061 296 4112; x_wconf 77' lang='grc' dir='ltr'><strong>καὶ</strong></span> <span class='ocrx_word' id='word_1_458' title='bbox 351 4058 488 4121; x_wconf 76' lang='grc' dir='ltr'>Θεὸς</span> <span class='ocrx_word' id='word_1_459' title='bbox 531 4058 800 4112; x_wconf 86' lang='grc' dir='ltr'>δείκνυται</span> <span class='ocrx_word' id='word_1_460' title='bbox 844 4059 1249 4130; x_wconf 85' lang='grc' dir='ltr'>ὠνομασμένος,</span> <span class='ocrx_word' id='word_1_461' title='bbox 1295 4057 1482 4127; x_wconf 84' lang='grc' dir='ltr'>ῶσπερ</span> <span class='ocrx_word' id='word_1_462' title='bbox 1536 4058 1627 4111; x_wconf 82' lang='grc' dir='ltr'><strong>καὶ</strong></span> <span class='ocrx_word' id='word_1_463' title='bbox 1677 4058 1777 4129; x_wconf 75' lang='grc' dir='ltr'>ἤδη</span> 
     </span>
    </p>
   </div>
   <div class='ocr_carea' id='block_1_61' title="bbox 204 4150 1779 4223">
    <p class='ocr_par' dir='ltr' id='par_1_61' title="bbox 204 4150 1779 4223">
     <span class='ocr_line' id='line_1_61' title="bbox 204 4150 1779 4223; baseline 0.001 -20"><span class='ocrx_word' id='word_1_464' title='bbox 204 4152 474 4223; x_wconf 79' lang='grc' dir='ltr'>πρότερον</span> <span class='ocrx_word' id='word_1_465' title='bbox 516 4150 655 4205; x_wconf 86' lang='grc' dir='ltr'>κατὰ</span> <span class='ocrx_word' id='word_1_466' title='bbox 706 4152 833 4215; x_wconf 78' lang='grc' dir='ltr'>τοὺς</span> <span class='ocrx_word' id='word_1_467' title='bbox 870 4153 1101 4216; x_wconf 87' lang='grc' dir='ltr'>οἰκείους</span> <span class='ocrx_word' id='word_1_468' title='bbox 1130 4151 1327 4215; x_wconf 88' lang='grc' dir='ltr'>τόπους</span> <span class='ocrx_word' id='word_1_469' title='bbox 1360 4151 1625 4221; x_wconf 85' lang='grc' dir='ltr'>παρέστη.</span> <span class='ocrx_word' id='word_1_470' title='bbox 1669 4152 1779 4204; x_wconf 76' lang='grc' dir='ltr'><strong>Καὶ</strong></span> 
     </span>
    </p>
   </div>
   <div class='ocr_carea' id='block_1_62' title="bbox 200 4242 1776 4314">
    <p class='ocr_par' dir='ltr' id='par_1_62' title="bbox 200 4242 1776 4314">
     <span class='ocr_line' id='line_1_62' title="bbox 200 4242 1776 4314; baseline 0 -19"><span class='ocrx_word' id='word_1_471' title='bbox 200 4243 294 4295; x_wconf 80' lang='grc' dir='ltr'><strong>τοῦ</strong></span> <span class='ocrx_word' id='word_1_472' title='bbox 343 4244 567 4297; x_wconf 76' lang='grc' dir='ltr'>Ἡσαΐου</span> <span class='ocrx_word' id='word_1_473' title='bbox 619 4242 675 4295; x_wconf 82' lang='grc' dir='ltr'>δὲ</span> <span class='ocrx_word' id='word_1_474' title='bbox 717 4245 809 4297; x_wconf 74' lang='grc' dir='ltr'>καὶ</span> <span class='ocrx_word' id='word_1_475' title='bbox 856 4243 1030 4298; x_wconf 88' lang='grc' dir='ltr'>ταῦτα</span> <span class='ocrx_word' id='word_1_476' title='bbox 1077 4244 1237 4297; x_wconf 85' lang='grc' dir='ltr'>πάλιν</span> <span class='ocrx_word' id='word_1_477' title='bbox 1271 4243 1663 4314; x_wconf 85' lang='grc' dir='ltr'>ὑπομνηστέον,</span> <span class='ocrx_word' id='word_1_478' title='bbox 1718 4243 1776 4307; x_wconf 82' lang='grc' dir='ltr'>ὃς</span> 
     </span>
    </p>
   </div>
   <div class='ocr_carea' id='block_1_63' title="bbox 198 4330 1775 4407">
    <p class='ocr_par' dir='ltr' id='par_1_63' title="bbox 198 4330 1775 4407">
     <span class='ocr_line' id='line_1_63' title="bbox 198 4330 1775 4407; baseline 0 -20"><span class='ocrx_word' id='word_1_479' title='bbox 198 4334 373 4405; x_wconf 54' lang='lat' dir='ltr'><strong>Egi-ps</strong></span> <span class='ocrx_word' id='word_1_480' title='bbox 396 4352 409 4365; x_wconf 82' lang='grc'><em>’</em></span> <span class='ocrx_word' id='word_1_481' title='bbox 452 4354 471 4386; x_wconf 74' lang='grc' dir='ltr'><strong>ι</strong></span> <span class='ocrx_word' id='word_1_482' title='bbox 514 4334 737 4406; x_wconf 83' lang='grc' dir='ltr'>Πνεῦμα</span> <span class='ocrx_word' id='word_1_483' title='bbox 763 4334 968 4407; x_wconf 86' lang='grc' dir='ltr'>Κυρίου</span> <span class='ocrx_word' id='word_1_484' title='bbox 991 4336 1077 4388; x_wconf 80' lang='grc' dir='ltr'><strong>ἐπ’</strong></span> <span class='ocrx_word' id='word_1_485' title='bbox 1103 4335 1224 4407; x_wconf 82' lang='grc' dir='ltr'>ἐμὲ,</span> <span class='ocrx_word' id='word_1_486' title='bbox 1258 4330 1319 4390; x_wconf 82' lang='grc' dir='ltr'><strong>οῦ</strong></span> <span class='ocrx_word' id='word_1_487' title='bbox 1352 4336 1555 4389; x_wconf 77' lang='grc' dir='ltr'>εἵνεκεν</span> <span class='ocrx_word' id='word_1_488' title='bbox 1594 4334 1775 4406; x_wconf 77' lang='grc' dir='ltr'>ἕχρισέ</span> 
     </span>
    </p>
   </div>
   <div class='ocr_carea' id='block_1_64' title="bbox 200 4426 1819 4499">
    <p class='ocr_par' dir='ltr' id='par_1_64' title="bbox 200 4426 1819 4499">
     <span class='ocr_line' id='line_1_64' title="bbox 200 4426 1819 4499; baseline 0.001 -21"><span class='ocrx_word' id='word_1_489' title='bbox 200 4444 305 4499; x_wconf 84' lang='grc' dir='ltr'>με·</span> <span class='ocrx_word' id='word_1_490' title='bbox 361 4427 810 4496; x_wconf 77' lang='grc' dir='ltr'>εὐαγγελίσασθαι</span> <span class='ocrx_word' id='word_1_491' title='bbox 859 4429 1093 4497; x_wconf 88' lang='grc' dir='ltr'>πτωχοῖς</span> <span class='ocrx_word' id='word_1_492' title='bbox 1143 4427 1453 4480; x_wconf 75' lang='grc' dir='ltr'>ἀπέσταλκε</span> <span class='ocrx_word' id='word_1_493' title='bbox 1497 4440 1583 4497; x_wconf 89' lang='grc' dir='ltr'><strong>με,</strong></span> <span class='ocrx_word' id='word_1_494' title='bbox 1621 4426 1775 4480; x_wconf 84' lang='grc' dir='ltr'>ἰάσα-</span> <span class='ocrx_word' id='word_1_495' title='bbox 1806 4472 1819 4499; x_wconf 54' lang='grc' dir='ltr'><strong>π</strong></span> 
     </span>
    </p>
   </div>
   <div class='ocr_carea' id='block_1_65' title="bbox 195 4518 1770 4592">
    <p class='ocr_par' dir='ltr' id='par_1_65' title="bbox 195 4518 1770 4592">
     <span class='ocr_line' id='line_1_65' title="bbox 195 4518 1770 4592; baseline 0.001 -21"><span class='ocrx_word' id='word_1_496' title='bbox 195 4518 322 4571; x_wconf 83' lang='grc' dir='ltr'>σθαι</span> <span class='ocrx_word' id='word_1_497' title='bbox 374 4520 501 4583; x_wconf 74' lang='grc' dir='ltr'>τους</span> <span class='ocrx_word' id='word_1_498' title='bbox 555 4520 1039 4592; x_wconf 89' lang='grc' dir='ltr'>συντετριμμένους</span> <span class='ocrx_word' id='word_1_499' title='bbox 1092 4519 1190 4591; x_wconf 84' lang='grc' dir='ltr'><strong>τὴν</strong></span> <span class='ocrx_word' id='word_1_500' title='bbox 1238 4519 1495 4591; x_wconf 75' lang='grc' dir='ltr'>καρδίανο</span> <span class='ocrx_word' id='word_1_501' title='bbox 1536 4519 1770 4590; x_wconf 78' lang='grc' dir='ltr'>κηρύξαι</span> 
     </span>
    </p>
   </div>
   <div class='ocr_carea' id='block_1_66' title="bbox 195 4610 1769 4682">
    <p class='ocr_par' dir='ltr' id='par_1_66' title="bbox 195 4610 1769 4682">
     <span class='ocr_line' id='line_1_66' title="bbox 195 4610 1769 4682; baseline -0.001 -17"><span class='ocrx_word' id='word_1_502' title='bbox 195 4610 566 4681; x_wconf 79' lang='grc' dir='ltr'>αἰχμαλώτοις</span> <span class='ocrx_word' id='word_1_503' title='bbox 624 4612 836 4682; x_wconf 62' lang='grc' dir='ltr'>ἄρρεσιν,</span> <span class='ocrx_word' id='word_1_504' title='bbox 895 4614 988 4666; x_wconf 73' lang='grc' dir='ltr'><strong>καὶ</strong></span> <span class='ocrx_word' id='word_1_505' title='bbox 1019 4613 1238 4682; x_wconf 82' lang='grc' dir='ltr'>τυφλοῖς</span> <span class='ocrx_word' id='word_1_506' title='bbox 1271 4612 1576 4681; x_wconf 70' lang='grc' dir='ltr'>ἀνάϐλεψιν.</span> <span class='ocrx_word' id='word_1_507' title='bbox 1612 4630 1629 4662; x_wconf 67' lang='grc' dir='ltr'><strong>ι</strong></span> <span class='ocrx_word' id='word_1_508' title='bbox 1687 4613 1769 4663; x_wconf 87' lang='grc' dir='ltr'><strong><em>Ἐ-</em></strong></span> 
     </span>
    </p>
   </div>
   <div class='ocr_carea' id='block_1_67' title="bbox 192 4702 1769 4775">
    <p class='ocr_par' dir='ltr' id='par_1_67' title="bbox 192 4702 1769 4775">
     <span class='ocr_line' id='line_1_67' title="bbox 192 4702 1769 4775; baseline 0.001 -20"><span class='ocrx_word' id='word_1_509' title='bbox 192 4702 481 4774; x_wconf 83' lang='grc' dir='ltr'>δείκνυμεν</span> <span class='ocrx_word' id='word_1_510' title='bbox 540 4706 632 4758; x_wconf 85' lang='grc' dir='ltr'><strong>καί</strong></span> <span class='ocrx_word' id='word_1_511' title='bbox 692 4707 748 4757; x_wconf 81' lang='grc' dir='ltr'>ὲν</span> <span class='ocrx_word' id='word_1_512' title='bbox 806 4704 1036 4769; x_wconf 81' lang='grc' dir='ltr'>τούτοις,</span> <span class='ocrx_word' id='word_1_513' title='bbox 1099 4706 1174 4769; x_wconf 85' lang='grc' dir='ltr'>ὡς</span> <span class='ocrx_word' id='word_1_514' title='bbox 1222 4708 1270 4758; x_wconf 88' lang='grc' dir='ltr'><strong>οἰ</strong></span> <span class='ocrx_word' id='word_1_515' title='bbox 1323 4706 1419 4775; x_wconf 88' lang='grc' dir='ltr'><strong>μὲν</strong></span> <span class='ocrx_word' id='word_1_516' title='bbox 1462 4703 1521 4768; x_wconf 82' lang='grc' dir='ltr'>ἐξ</span> <span class='ocrx_word' id='word_1_517' title='bbox 1563 4703 1769 4775; x_wconf 79' lang='grc' dir='ltr'>ἀνθρώ-</span> 
     </span>
    </p>
   </div>
   <div class='ocr_carea' id='block_1_68' title="bbox 192 4797 1769 4870">
    <p class='ocr_par' dir='ltr' id='par_1_68' title="bbox 192 4797 1769 4870">
     <span class='ocr_line' id='line_1_68' title="bbox 192 4797 1769 4870; baseline 0 -21"><span class='ocrx_word' id='word_1_518' title='bbox 192 4815 314 4851; x_wconf 83' lang='grc' dir='ltr'><strong>πων</strong></span> <span class='ocrx_word' id='word_1_519' title='bbox 381 4798 542 4852; x_wconf 84' lang='grc' dir='ltr'>πάλαι</span> <span class='ocrx_word' id='word_1_520' title='bbox 600 4800 863 4870; x_wconf 82' lang='grc' dir='ltr'>πρότερον</span> <span class='ocrx_word' id='word_1_521' title='bbox 920 4800 1013 4851; x_wconf 74' lang='grc' dir='ltr'>ἐπὶ</span> <span class='ocrx_word' id='word_1_522' title='bbox 1069 4798 1168 4870; x_wconf 82' lang='grc' dir='ltr'>τὴν</span> <span class='ocrx_word' id='word_1_523' title='bbox 1238 4797 1332 4850; x_wconf 91' lang='grc' dir='ltr'><strong>τοῦ</strong></span> <span class='ocrx_word' id='word_1_524' title='bbox 1391 4798 1547 4850; x_wconf 87' lang='grc' dir='ltr'>Θείου</span> <span class='ocrx_word' id='word_1_525' title='bbox 1611 4797 1769 4867; x_wconf 87' lang='grc' dir='ltr'>θερα-</span> 
     </span>
    </p>
   </div>
   <div class='ocr_carea' id='block_1_69' title="bbox 192 4885 1764 4959">
    <p class='ocr_par' dir='ltr' id='par_1_69' title="bbox 192 4885 1764 4959">
     <span class='ocr_line' id='line_1_69' title="bbox 192 4885 1764 4959; baseline -0.002 -21"><span class='ocrx_word' id='word_1_526' title='bbox 192 4887 355 4939; x_wconf 85' lang='grc' dir='ltr'>πείαν</span> <span class='ocrx_word' id='word_1_527' title='bbox 380 4888 686 4959; x_wconf 84' lang='grc' dir='ltr'>προσιόντες</span> <span class='ocrx_word' id='word_1_528' title='bbox 735 4890 918 4959; x_wconf 86' lang='grc' dir='ltr'>ἱερεῖς,</span> <span class='ocrx_word' id='word_1_529' title='bbox 974 4887 1136 4958; x_wconf 78' lang='grc' dir='ltr'>ἐλαίῳ</span> <span class='ocrx_word' id='word_1_530' title='bbox 1171 4886 1413 4957; x_wconf 81' lang='grc' dir='ltr'>ἐχρίοντο</span> <span class='ocrx_word' id='word_1_531' title='bbox 1452 4885 1764 4955; x_wconf 80' lang='grc' dir='ltr'>σκευαστῷ·</span> 
     </span>
    </p>
   </div>
   <div class='ocr_carea' id='block_1_70' title="bbox 189 4977 1769 5051">
    <p class='ocr_par' dir='ltr' id='par_1_70' title="bbox 189 4977 1769 5051">
     <span class='ocr_line' id='line_1_70' title="bbox 189 4977 1769 5051; baseline 0.001 -19"><span class='ocrx_word' id='word_1_532' title='bbox 189 4979 293 5033; x_wconf 79' lang='grc' dir='ltr'>όδὲ</span> <span class='ocrx_word' id='word_1_533' title='bbox 328 4977 417 5031; x_wconf 74' lang='grc' dir='ltr'>διὰ</span> <span class='ocrx_word' id='word_1_534' title='bbox 447 4978 545 5048; x_wconf 81' lang='grc' dir='ltr'>τῆς</span> <span class='ocrx_word' id='word_1_535' title='bbox 575 4978 908 5051; x_wconf 81' lang='grc' dir='ltr'>προφητείας</span> <span class='ocrx_word' id='word_1_536' title='bbox 936 4978 1262 5049; x_wconf 85' lang='grc' dir='ltr'>δηλούμενος</span> <span class='ocrx_word' id='word_1_537' title='bbox 1293 4982 1358 5049; x_wconf 82' lang='grc' dir='ltr'>τῇ</span> <span class='ocrx_word' id='word_1_538' title='bbox 1398 4978 1565 5048; x_wconf 82' lang='grc' dir='ltr'>ὲνθέῳ</span> <span class='ocrx_word' id='word_1_539' title='bbox 1609 4979 1769 5033; x_wconf 85' lang='grc' dir='ltr'>δυνά-</span> 
     </span>
    </p>
   </div>
   <div class='ocr_carea' id='block_1_71' title="bbox 192 5071 1767 5142">
    <p class='ocr_par' dir='ltr' id='par_1_71' title="bbox 192 5071 1767 5142">
     <span class='ocr_line' id='line_1_71' title="bbox 192 5071 1767 5142; baseline 0.001 -19"><span class='ocrx_word' id='word_1_540' title='bbox 192 5087 285 5142; x_wconf 87' lang='grc' dir='ltr'><strong>μει</strong></span> <span class='ocrx_word' id='word_1_541' title='bbox 318 5071 599 5141; x_wconf 83' lang='grc' dir='ltr'>κεχρίσθαι</span> <span class='ocrx_word' id='word_1_542' title='bbox 640 5071 877 5139; x_wconf 87' lang='grc' dir='ltr'>λέγεται.</span> <span class='ocrx_word' id='word_1_543' title='bbox 919 5072 1089 5124; x_wconf 90' lang='grc' dir='ltr'>Τοῦτο</span> <span class='ocrx_word' id='word_1_544' title='bbox 1113 5072 1168 5124; x_wconf 81' lang='grc' dir='ltr'>δὲ</span> <span class='ocrx_word' id='word_1_545' title='bbox 1203 5071 1323 5123; x_wconf 86' lang='grc' dir='ltr'>ὅλον</span> <span class='ocrx_word' id='word_1_546' title='bbox 1360 5072 1451 5124; x_wconf 71' lang='grc' dir='ltr'><strong>ἐπὶ</strong></span> <span class='ocrx_word' id='word_1_547' title='bbox 1489 5072 1579 5123; x_wconf 83' lang='grc' dir='ltr'>τὸν</span> <span class='ocrx_word' id='word_1_548' title='bbox 1632 5074 1767 5142; x_wconf 75' lang='grc' dir='ltr'>ἠμέ-</span> 
     </span>
    </p>
   </div>
   <div class='ocr_carea' id='block_1_72' title="bbox 184 5160 1766 5232">
    <p class='ocr_par' dir='ltr' id='par_1_72' title="bbox 184 5160 1766 5232">
     <span class='ocr_line' id='line_1_72' title="bbox 184 5160 1766 5232; baseline 0 -19"><span class='ocrx_word' id='word_1_549' title='bbox 184 5177 351 5230; x_wconf 83' lang='grc' dir='ltr'>τερον</span> <span class='ocrx_word' id='word_1_550' title='bbox 378 5160 605 5231; x_wconf 81' lang='grc' dir='ltr'>Σωτῆρα</span> <span class='ocrx_word' id='word_1_551' title='bbox 644 5162 935 5231; x_wconf 81' lang='grc' dir='ltr'>ἀνεφέρετο</span> <span class='ocrx_word' id='word_1_552' title='bbox 990 5160 1219 5231; x_wconf 85' lang='grc' dir='ltr'>Ἰησοῦν,</span> <span class='ocrx_word' id='word_1_553' title='bbox 1252 5161 1343 5213; x_wconf 87' lang='grc' dir='ltr'><strong>τὸν</strong></span> <span class='ocrx_word' id='word_1_554' title='bbox 1393 5160 1551 5231; x_wconf 90' lang='grc' dir='ltr'>μόνον</span> <span class='ocrx_word' id='word_1_555' title='bbox 1596 5160 1766 5232; x_wconf 81' lang='grc' dir='ltr'>ἀληθῆ</span> 
     </span>
    </p>
   </div>
   <div class='ocr_carea' id='block_1_73' title="bbox 184 5252 1769 5325">
    <p class='ocr_par' dir='ltr' id='par_1_73' title="bbox 184 5252 1769 5325">
     <span class='ocr_line' id='line_1_73' title="bbox 184 5252 1769 5325; baseline -0.002 -18"><span class='ocrx_word' id='word_1_556' title='bbox 184 5253 425 5325; x_wconf 76' lang='grc' dir='ltr'>Χριστὸν</span> <span class='ocrx_word' id='word_1_557' title='bbox 445 5253 540 5307; x_wconf 88' lang='grc' dir='ltr'><strong>τοῦ</strong></span> <span class='ocrx_word' id='word_1_558' title='bbox 586 5253 743 5316; x_wconf 87' lang='grc' dir='ltr'>Θεοῦ,</span> <span class='ocrx_word' id='word_1_559' title='bbox 788 5253 885 5316; x_wconf 85' lang='grc' dir='ltr'><strong>ῶς,</strong></span> <span class='ocrx_word' id='word_1_560' title='bbox 914 5254 1006 5307; x_wconf 72' lang='grc' dir='ltr'>ἐπὶ</span> <span class='ocrx_word' id='word_1_561' title='bbox 1035 5254 1135 5324; x_wconf 81' lang='grc' dir='ltr'><strong>τῆς</strong></span> <span class='ocrx_word' id='word_1_562' title='bbox 1181 5253 1288 5307; x_wconf 91' lang='grc' dir='ltr'><strong>τῶν</strong></span> <span class='ocrx_word' id='word_1_563' title='bbox 1336 5252 1603 5306; x_wconf 84' lang='grc' dir='ltr'>Ἰουδαίων</span> <span class='ocrx_word' id='word_1_564' title='bbox 1645 5269 1769 5305; x_wconf 91' lang='grc' dir='ltr'>συν-</span> 
     </span>
    </p>
   </div>
   <div class='ocr_carea' id='block_1_74' title="bbox 184 5343 1764 5418">
    <p class='ocr_par' dir='ltr' id='par_1_74' title="bbox 184 5343 1764 5418">
     <span class='ocr_line' id='line_1_74' title="bbox 184 5343 1764 5418; baseline -0.001 -19"><span class='ocrx_word' id='word_1_565' title='bbox 184 5346 413 5416; x_wconf 81' lang='grc' dir='ltr'>αγωγῆς</span> <span class='ocrx_word' id='word_1_566' title='bbox 455 5363 583 5400; x_wconf 90' lang='grc' dir='ltr'>ποτε</span> <span class='ocrx_word' id='word_1_567' title='bbox 634 5344 814 5400; x_wconf 75' lang='grc' dir='ltr'>λαϐὼν</span> <span class='ocrx_word' id='word_1_568' title='bbox 845 5346 942 5418; x_wconf 81' lang='grc' dir='ltr'>τὴν</span> <span class='ocrx_word' id='word_1_569' title='bbox 989 5346 1358 5417; x_wconf 82' lang='grc' dir='ltr'>προφητείαν,</span> <span class='ocrx_word' id='word_1_570' title='bbox 1403 5346 1496 5398; x_wconf 77' lang='grc' dir='ltr'><strong>καὶ</strong></span> <span class='ocrx_word' id='word_1_571' title='bbox 1541 5343 1764 5398; x_wconf 85' lang='grc' dir='ltr'>διελθὼν</span> 
     </span>
    </p>
   </div>
   <div class='ocr_carea' id='block_1_75' title="bbox 180 5418 1760 5512">
    <p class='ocr_par' dir='ltr' id='par_1_75' title="bbox 180 5418 1760 5512">
     <span class='ocr_line' id='line_1_75' title="bbox 180 5418 1760 5512; baseline -0.002 -21"><span class='ocrx_word' id='word_1_572' title='bbox 180 5439 282 5508; x_wconf 70' lang='grc' dir='ltr'><strong>τὴν</strong></span> <span class='ocrx_word' id='word_1_573' title='bbox 313 5439 622 5493; x_wconf 78' lang='grc' dir='ltr'>ἐκτεθεῖσαν</span> <span class='ocrx_word' id='word_1_574' title='bbox 661 5439 982 5512; x_wconf 78' lang='grc' dir='ltr'>περικοπὴν,</span> <span class='ocrx_word' id='word_1_575' title='bbox 1019 5437 1410 5510; x_wconf 83' lang='grc' dir='ltr'>πεπληρῶσθαι</span> <span class='ocrx_word' id='word_1_576' title='bbox 1447 5439 1526 5501; x_wconf 88' lang='grc' dir='ltr'><strong>εἰς</strong></span> <span class='ocrx_word' id='word_1_577' title='bbox 1568 5418 1760 5489; x_wconf 71' lang='grc' dir='ltr'>ἑαυτὸν</span> 
     </span>
    </p>
   </div>
   <div class='ocr_carea' id='block_1_76' title="bbox 180 5527 1757 5601">
    <p class='ocr_par' dir='ltr' id='par_1_76' title="bbox 180 5527 1757 5601">
     <span class='ocr_line' id='line_1_76' title="bbox 180 5527 1757 5601; baseline -0.003 -18"><span class='ocrx_word' id='word_1_578' title='bbox 180 5532 391 5599; x_wconf 76' lang='grc' dir='ltr'>ἐδίδαξε</span> <span class='ocrx_word' id='word_1_579' title='bbox 424 5532 485 5585; x_wconf 81' lang='grc' dir='ltr'>τὸ</span> <span class='ocrx_word' id='word_1_580' title='bbox 508 5533 856 5601; x_wconf 85' lang='grc' dir='ltr'>ἀνάγνωσμα.</span> <span class='ocrx_word' id='word_1_581' title='bbox 882 5531 1192 5601; x_wconf 85' lang='grc' dir='ltr'>Γέγραπται</span> <span class='ocrx_word' id='word_1_582' title='bbox 1216 5529 1344 5599; x_wconf 80' lang='grc' dir='ltr'>γὰρ,</span> <span class='ocrx_word' id='word_1_583' title='bbox 1370 5528 1445 5592; x_wconf 86' lang='grc' dir='ltr'><strong>ὡς</strong></span> <span class='ocrx_word' id='word_1_584' title='bbox 1468 5527 1594 5599; x_wconf 81' lang='grc' dir='ltr'>ἄρα,</span> <span class='ocrx_word' id='word_1_585' title='bbox 1628 5528 1757 5580; x_wconf 83' lang='grc' dir='ltr'>ἀνα-</span> 
     </span>
    </p>
   </div>
   <div class='ocr_carea' id='block_1_77' title="bbox 258 5619 1750 5686">
    <p class='ocr_par' dir='ltr' id='par_1_77' title="bbox 258 5619 1750 5686">
     <span class='ocr_line' id='line_1_77' title="bbox 258 5619 1750 5686; baseline -0.003 -9"><span class='ocrx_word' id='word_1_586' title='bbox 258 5625 310 5655; x_wconf 81' lang='grc'>’⁸</span> <span class='ocrx_word' id='word_1_587' title='bbox 340 5624 588 5679; x_wconf 66' lang='lat' dir='ltr'><strong>Ver-5.1.</strong></span> <span class='ocrx_word' id='word_1_588' title='bbox 668 5624 709 5654; x_wconf 89' lang='grc'><strong>⁷¹</strong></span> <span class='ocrx_word' id='word_1_589' title='bbox 743 5621 890 5677; x_wconf 86' lang='lat' dir='ltr'><strong>Psal.</strong></span> <span class='ocrx_word' id='word_1_590' title='bbox 948 5638 1096 5684; x_wconf 78' lang='lat' dir='ltr'><strong>xuv,</strong></span> <span class='ocrx_word' id='word_1_591' title='bbox 1147 5621 1255 5675; x_wconf 86' lang='lat'><strong>7-8.</strong></span> <span class='ocrx_word' id='word_1_592' title='bbox 1303 5622 1347 5652; x_wconf 84' lang='grc'><strong>⁷²</strong></span> <span class='ocrx_word' id='word_1_593' title='bbox 1377 5619 1482 5674; x_wconf 90' lang='lat' dir='ltr'><strong>lsa.</strong></span> <span class='ocrx_word' id='word_1_594' title='bbox 1537 5634 1648 5686; x_wconf 74' lang='lat' dir='ltr'><strong>LXI,</strong></span> <span class='ocrx_word' id='word_1_595' title='bbox 1699 5619 1750 5673; x_wconf 77' lang='grc'>1.</span> 
     </span>
    </p>
   </div>
   <div class='ocr_carea' id='block_1_78' title="bbox 255 5710 1523 5788">
    <p class='ocr_par' dir='ltr' id='par_1_78' title="bbox 255 5710 1523 5788">
     <span class='ocr_line' id='line_1_78' title="bbox 255 5710 1523 5788; baseline -0.004 -21"><span class='ocrx_word' id='word_1_596' title='bbox 255 5714 334 5788; x_wconf 76' lang='grc'><strong>(1)</strong></span> <span class='ocrx_word' id='word_1_597' title='bbox 368 5716 765 5787; x_wconf 67' lang='grc' dir='ltr'>Εἰλημμὲνου.</span> <span class='ocrx_word' id='word_1_598' title='bbox 804 5715 942 5786; x_wconf 77' lang='lat' dir='ltr'><strong>Lege</strong></span> <span class='ocrx_word' id='word_1_599' title='bbox 980 5714 1327 5785; x_wconf 72' lang='grc' dir='ltr'>ἡλειμμένου.</span> <span class='ocrx_word' id='word_1_600' title='bbox 1369 5710 1523 5765; x_wconf 75' lang='lat' dir='ltr'><strong>Eutr.</strong></span> 
     </span>
    </p>
   </div>
   <div class='ocr_carea' id='block_1_79' title="bbox 1909 1837 3481 1914">
    <p class='ocr_par' dir='ltr' id='par_1_79' title="bbox 1909 1837 3481 1914">
     <span class='ocr_line' id='line_1_79' title="bbox 1909 1837 3481 1914; baseline 0.011 -27"><span class='ocrx_word' id='word_1_601' title='bbox 1909 1841 2100 1890; x_wconf 88' lang='lat' dir='ltr'><strong>cturus</strong></span> <span class='ocrx_word' id='word_1_602' title='bbox 2135 1853 2148 1889; x_wconf 90' lang='lat'><strong>:</strong></span> <span class='ocrx_word' id='word_1_603' title='bbox 2183 1837 2404 1906; x_wconf 86' lang='lat' dir='ltr'><strong>quando</strong></span> <span class='ocrx_word' id='word_1_604' title='bbox 2460 1839 2496 1891; x_wconf 90' lang='lat' dir='ltr'><strong>ii</strong></span> <span class='ocrx_word' id='word_1_605' title='bbox 2548 1839 2640 1909; x_wconf 85' lang='lat' dir='ltr'><strong>qui</strong></span> <span class='ocrx_word' id='word_1_606' title='bbox 2689 1856 2788 1910; x_wconf 87' lang='lat' dir='ltr'><strong>per</strong></span> <span class='ocrx_word' id='word_1_607' title='bbox 2830 1845 3149 1914; x_wconf 80' lang='lat' dir='ltr'><strong>sanguinem</strong></span> <span class='ocrx_word' id='word_1_608' title='bbox 3197 1856 3481 1905; x_wconf 85' lang='lat' dir='ltr'><strong>taurorum</strong></span> 
     </span>
    </p>
   </div>
   <div class='ocr_carea' id='block_1_80' title="bbox 1908 1927 3482 2010">
    <p class='ocr_par' dir='ltr' id='par_1_80' title="bbox 1908 1927 3482 2010">
     <span class='ocr_line' id='line_1_80' title="bbox 1908 1927 3482 2010; baseline 0.013 -32"><span class='ocrx_word' id='word_1_609' title='bbox 1908 1934 2071 1996; x_wconf 91' lang='lat' dir='ltr'><strong>atque</strong></span> <span class='ocrx_word' id='word_1_610' title='bbox 2103 1927 2405 1995; x_wconf 87' lang='lat' dir='ltr'><strong>hircorum,</strong></span> <span class='ocrx_word' id='word_1_611' title='bbox 2434 1930 2591 1999; x_wconf 77' lang='lat' dir='ltr'><strong>juxta</strong></span> <span class='ocrx_word' id='word_1_612' title='bbox 2618 1940 2851 1988; x_wconf 81' lang='lat' dir='ltr'><strong>veterem</strong></span> <span class='ocrx_word' id='word_1_613' title='bbox 2885 1936 2940 1989; x_wconf 90' lang='lat' dir='ltr'><strong>in</strong></span> <span class='ocrx_word' id='word_1_614' title='bbox 2971 1937 3141 2007; x_wconf 81' lang='lat' dir='ltr'><strong>ﬁgura</strong></span> <span class='ocrx_word' id='word_1_615' title='bbox 3178 1942 3363 2010; x_wconf 90' lang='lat' dir='ltr'><strong>ritum,</strong></span> <span class='ocrx_word' id='word_1_616' title='bbox 3392 1959 3482 1998; x_wconf 90' lang='lat' dir='ltr'><strong>sa-</strong></span> 
     </span>
    </p>
   </div>
   <div class='ocr_carea' id='block_1_81' title="bbox 1907 2024 3477 2105">
    <p class='ocr_par' dir='ltr' id='par_1_81' title="bbox 1907 2024 3477 2105">
     <span class='ocr_line' id='line_1_81' title="bbox 1907 2024 3477 2105; baseline 0.013 -31"><span class='ocrx_word' id='word_1_617' title='bbox 1907 2036 1999 2076; x_wconf 92' lang='lat' dir='ltr'><strong>cra</strong></span> <span class='ocrx_word' id='word_1_618' title='bbox 2028 2024 2398 2092; x_wconf 85' lang='lat' dir='ltr'><strong>perﬁciebant,</strong></span> <span class='ocrx_word' id='word_1_619' title='bbox 2430 2027 2484 2081; x_wconf 88' lang='lat' dir='ltr'><strong>in</strong></span> <span class='ocrx_word' id='word_1_620' title='bbox 2519 2027 2708 2082; x_wconf 91' lang='lat' dir='ltr'><strong>odium</strong></span> <span class='ocrx_word' id='word_1_621' title='bbox 2731 2028 2825 2085; x_wconf 90' lang='lat' dir='ltr'><strong>Dei</strong></span> <span class='ocrx_word' id='word_1_622' title='bbox 2858 2030 3137 2096; x_wconf 89' lang='lat' dir='ltr'><strong>incidisse,</strong></span> <span class='ocrx_word' id='word_1_623' title='bbox 3169 2038 3477 2105; x_wconf 89' lang='lat' dir='ltr'><strong>perlsaiam</strong></span> 
     </span>
    </p>
   </div>
   <div class='ocr_carea' id='block_1_82' title="bbox 1906 2116 3480 2187">
    <p class='ocr_par' dir='ltr' id='par_1_82' title="bbox 1906 2116 3480 2187">
     <span class='ocr_line' id='line_1_82' title="bbox 1906 2116 3480 2187; baseline 0.011 -20"><span class='ocrx_word' id='word_1_624' title='bbox 1906 2116 2226 2183; x_wconf 89' lang='lat' dir='ltr'><strong>prophetam</strong></span> <span class='ocrx_word' id='word_1_625' title='bbox 2260 2117 2379 2172; x_wconf 86' lang='lat' dir='ltr'><strong>sine</strong></span> <span class='ocrx_word' id='word_1_626' title='bbox 2408 2122 2782 2175; x_wconf 84' lang='lat' dir='ltr'><strong>controversia</strong></span> <span class='ocrx_word' id='word_1_627' title='bbox 2812 2123 3088 2179; x_wconf 85' lang='lat' dir='ltr'><strong>dicuntur.</strong></span> <span class='ocrx_word' id='word_1_628' title='bbox 3119 2127 3394 2185; x_wconf 83' lang='lat' dir='ltr'><strong>Hactenus</strong></span> <span class='ocrx_word' id='word_1_629' title='bbox 3414 2148 3480 2187; x_wconf 87' lang='lat' dir='ltr'><strong>ea</strong></span> 
     </span>
    </p>
   </div>
   <div class='ocr_carea' id='block_1_83' title="bbox 1907 2208 3476 2287">
    <p class='ocr_par' dir='ltr' id='par_1_83' title="bbox 1907 2208 3476 2287">
     <span class='ocr_line' id='line_1_83' title="bbox 1907 2208 3476 2287; baseline 0.013 -27"><span class='ocrx_word' id='word_1_630' title='bbox 1907 2208 1960 2260; x_wconf 90' lang='lat' dir='ltr'><strong>in</strong></span> <span class='ocrx_word' id='word_1_631' title='bbox 2007 2208 2207 2277; x_wconf 89' lang='lat' dir='ltr'><strong>quibus</strong></span> <span class='ocrx_word' id='word_1_632' title='bbox 2255 2212 2575 2265; x_wconf 89' lang='lat' dir='ltr'><strong>nominatim</strong></span> <span class='ocrx_word' id='word_1_633' title='bbox 2615 2212 2869 2273; x_wconf 89' lang='lat' dir='ltr'><strong>Christus</strong></span> <span class='ocrx_word' id='word_1_634' title='bbox 2920 2220 3214 2287; x_wconf 70' lang='lat' dir='ltr'><strong>przedictus</strong></span> <span class='ocrx_word' id='word_1_635' title='bbox 3277 2222 3476 2281; x_wconf 82' lang='lat' dir='ltr'><strong>fuerat.</strong></span> 
     </span>
    </p>
   </div>
   <div class='ocr_carea' id='block_1_84' title="bbox 1906 2296 3481 2380">
    <p class='ocr_par' dir='ltr' id='par_1_84' title="bbox 1906 2296 3481 2380">
     <span class='ocr_line' id='line_1_84' title="bbox 1906 2296 3481 2380; baseline 0.011 -29"><span class='ocrx_word' id='word_1_636' title='bbox 1906 2296 2289 2357; x_wconf 83' lang='lat' dir='ltr'><strong>Verumtamen</strong></span> <span class='ocrx_word' id='word_1_637' title='bbox 2341 2303 2467 2372; x_wconf 89' lang='lat' dir='ltr'><strong>quia</strong></span> <span class='ocrx_word' id='word_1_638' title='bbox 2531 2304 2778 2373; x_wconf 89' lang='lat' dir='ltr'><strong>pluribus</strong></span> <span class='ocrx_word' id='word_1_639' title='bbox 2838 2308 3020 2363; x_wconf 83' lang='lat' dir='ltr'><strong>verbis</strong></span> <span class='ocrx_word' id='word_1_640' title='bbox 3080 2326 3200 2380; x_wconf 74' lang='lat' dir='ltr'><strong>qua:</strong></span> <span class='ocrx_word' id='word_1_641' title='bbox 3259 2313 3481 2368; x_wconf 88' lang='lat' dir='ltr'><strong>Christo</strong></span> 
     </span>
    </p>
   </div>
   <div class='ocr_carea' id='block_1_85' title="bbox 1904 2391 3477 2472">
    <p class='ocr_par' dir='ltr' id='par_1_85' title="bbox 1904 2391 3477 2472">
     <span class='ocr_line' id='line_1_85' title="bbox 1904 2391 3477 2472; baseline 0.011 -29"><span class='ocrx_word' id='word_1_642' title='bbox 1904 2391 2131 2447; x_wconf 85' lang='lat' dir='ltr'><strong>adversa</strong></span> <span class='ocrx_word' id='word_1_643' title='bbox 2182 2408 2246 2447; x_wconf 89' lang='lat' dir='ltr'><strong>ac</strong></span> <span class='ocrx_word' id='word_1_644' title='bbox 2288 2394 2465 2449; x_wconf 89' lang='lat' dir='ltr'><strong>tristia</strong></span> <span class='ocrx_word' id='word_1_645' title='bbox 2518 2398 2883 2467; x_wconf 81' lang='lat' dir='ltr'><strong>contigerunt,</strong></span> <span class='ocrx_word' id='word_1_646' title='bbox 2938 2401 3085 2456; x_wconf 76' lang='lat' dir='ltr'><strong>iilius</strong></span> <span class='ocrx_word' id='word_1_647' title='bbox 3129 2405 3477 2472; x_wconf 86' lang='lat' dir='ltr'><strong>appellationi</strong></span> 
     </span>
    </p>
   </div>
   <div class='ocr_carea' id='block_1_86' title="bbox 1903 2482 3478 2563">
    <p class='ocr_par' dir='ltr' id='par_1_86' title="bbox 1903 2482 3478 2563">
     <span class='ocr_line' id='line_1_86' title="bbox 1903 2482 3478 2563; baseline 0.011 -28"><span class='ocrx_word' id='word_1_648' title='bbox 1903 2482 2112 2539; x_wconf 78' lang='lat' dir='ltr'><strong>adnexa</strong></span> <span class='ocrx_word' id='word_1_649' title='bbox 2148 2493 2294 2548; x_wconf 87' lang='lat' dir='ltr'><strong>sunt,</strong></span> <span class='ocrx_word' id='word_1_650' title='bbox 2330 2501 2554 2543; x_wconf 89' lang='lat' dir='ltr'><strong>necesse</strong></span> <span class='ocrx_word' id='word_1_651' title='bbox 2576 2500 2678 2553; x_wconf 93' lang='lat' dir='ltr'><strong>est,</strong></span> <span class='ocrx_word' id='word_1_652' title='bbox 2704 2507 2824 2561; x_wconf 75' lang='lat' dir='ltr'><strong>qua:</strong></span> <span class='ocrx_word' id='word_1_653' title='bbox 2851 2504 3008 2547; x_wconf 85' lang='lat' dir='ltr'><strong>antea</strong></span> <span class='ocrx_word' id='word_1_654' title='bbox 3041 2494 3184 2549; x_wconf 89' lang='lat' dir='ltr'><strong>dicta</strong></span> <span class='ocrx_word' id='word_1_655' title='bbox 3212 2507 3359 2563; x_wconf 90' lang='lat' dir='ltr'><strong>sunt,</strong></span> <span class='ocrx_word' id='word_1_656' title='bbox 3408 2498 3478 2553; x_wconf 91' lang='lat' dir='ltr'><strong>de</strong></span> 
     </span>
    </p>
   </div>
   <div class='ocr_carea' id='block_1_87' title="bbox 1903 2574 3477 2662">
    <p class='ocr_par' dir='ltr' id='par_1_87' title="bbox 1903 2574 3477 2662">
     <span class='ocr_line' id='line_1_87' title="bbox 1903 2574 3477 2662; baseline 0.012 -35"><span class='ocrx_word' id='word_1_657' title='bbox 1903 2574 2049 2629; x_wconf 87' lang='lat' dir='ltr'><strong>illius</strong></span> <span class='ocrx_word' id='word_1_658' title='bbox 2064 2576 2348 2633; x_wconf 91' lang='lat' dir='ltr'><strong>divinitate</strong></span> <span class='ocrx_word' id='word_1_659' title='bbox 2365 2590 2627 2649; x_wconf 88' lang='lat' dir='ltr'><strong>repetere,</strong></span> <span class='ocrx_word' id='word_1_660' title='bbox 2652 2583 2719 2636; x_wconf 86' lang='lat' dir='ltr'><strong>de</strong></span> <span class='ocrx_word' id='word_1_661' title='bbox 2747 2600 2853 2653; x_wconf 88' lang='lat' dir='ltr'><strong>qua</strong></span> <span class='ocrx_word' id='word_1_662' title='bbox 2884 2586 2939 2639; x_wconf 89' lang='lat' dir='ltr'><strong>in</strong></span> <span class='ocrx_word' id='word_1_663' title='bbox 2966 2602 3091 2640; x_wconf 73' lang='lat' dir='ltr'><strong>1tle</strong></span> <span class='ocrx_word' id='word_1_664' title='bbox 3122 2590 3352 2658; x_wconf 90' lang='lat' dir='ltr'><strong>psalmo,</strong></span> <span class='ocrx_word' id='word_1_665' title='bbox 3382 2594 3477 2662; x_wconf 90' lang='lat' dir='ltr'><strong>qui</strong></span> 
     </span>
    </p>
   </div>
   <div class='ocr_carea' id='block_1_88' title="bbox 1903 2664 3477 2751">
    <p class='ocr_par' dir='ltr' id='par_1_88' title="bbox 1903 2664 3477 2751">
     <span class='ocr_line' id='line_1_88' title="bbox 1903 2664 3477 2751; baseline 0.015 -34"><span class='ocrx_word' id='word_1_666' title='bbox 1903 2664 2201 2738; x_wconf 88' lang='lat' dir='ltr'><strong>inscriptus</strong></span> <span class='ocrx_word' id='word_1_667' title='bbox 2237 2688 2255 2720; x_wconf 73' lang='grc' dir='ltr'><strong>ι</strong></span> <span class='ocrx_word' id='word_1_668' title='bbox 2297 2670 2403 2725; x_wconf 89' lang='lat' dir='ltr'><strong>Pro</strong></span> <span class='ocrx_word' id='word_1_669' title='bbox 2425 2671 2626 2729; x_wconf 90' lang='lat' dir='ltr'><strong>dilecto</strong></span> <span class='ocrx_word' id='word_1_670' title='bbox 2660 2676 2724 2739; x_wconf 82' lang='grc' dir='ltr'><strong>⁷ο,</strong></span> <span class='ocrx_word' id='word_1_671' title='bbox 2764 2695 2781 2728; x_wconf 75' lang='grc' dir='ltr'><strong>ι</strong></span> <span class='ocrx_word' id='word_1_672' title='bbox 2810 2680 3033 2733; x_wconf 88' lang='lat' dir='ltr'><strong>tractari</strong></span> <span class='ocrx_word' id='word_1_673' title='bbox 3058 2696 3221 2751; x_wconf 88' lang='lat' dir='ltr'><strong>supra</strong></span> <span class='ocrx_word' id='word_1_674' title='bbox 3250 2682 3477 2740; x_wconf 91' lang='lat' dir='ltr'><strong>demon-</strong></span> 
     </span>
    </p>
   </div>
   <div class='ocr_carea' id='block_1_89' title="bbox 1901 2760 3473 2844">
    <p class='ocr_par' dir='ltr' id='par_1_89' title="bbox 1901 2760 3473 2844">
     <span class='ocr_line' id='line_1_89' title="bbox 1901 2760 3473 2844; baseline 0.011 -31"><span class='ocrx_word' id='word_1_675' title='bbox 1901 2760 2217 2828; x_wconf 87' lang='lat' dir='ltr'><strong>stravimus,</strong></span> <span class='ocrx_word' id='word_1_676' title='bbox 2250 2763 2341 2817; x_wconf 92' lang='lat' dir='ltr'><strong>ubi</strong></span> <span class='ocrx_word' id='word_1_677' title='bbox 2369 2767 2651 2820; x_wconf 90' lang='lat' dir='ltr'><strong>oraculum</strong></span> <span class='ocrx_word' id='word_1_678' title='bbox 2687 2767 2741 2821; x_wconf 92' lang='lat' dir='ltr'><strong>in</strong></span> <span class='ocrx_word' id='word_1_679' title='bbox 2776 2770 2966 2838; x_wconf 87' lang='lat' dir='ltr'><strong>primis</strong></span> <span class='ocrx_word' id='word_1_680' title='bbox 2998 2771 3065 2826; x_wconf 92' lang='lat' dir='ltr'><strong>de</strong></span> <span class='ocrx_word' id='word_1_681' title='bbox 3098 2773 3190 2825; x_wconf 92' lang='lat' dir='ltr'><strong>illo</strong></span> <span class='ocrx_word' id='word_1_682' title='bbox 3215 2782 3473 2844; x_wconf 86' lang='lat' dir='ltr'><strong>tanquam</strong></span> 
     </span>
    </p>
   </div>
   <div class='ocr_carea' id='block_1_90' title="bbox 1898 2851 3474 2929">
    <p class='ocr_par' dir='ltr' id='par_1_90' title="bbox 1898 2851 3474 2929">
     <span class='ocr_line' id='line_1_90' title="bbox 1898 2851 3474 2929; baseline 0.013 -24"><span class='ocrx_word' id='word_1_683' title='bbox 1898 2851 1965 2907; x_wconf 90' lang='lat' dir='ltr'><strong>de</strong></span> <span class='ocrx_word' id='word_1_684' title='bbox 1995 2869 2118 2924; x_wconf 81' lang='lat' dir='ltr'><strong>rege</strong></span> <span class='ocrx_word' id='word_1_685' title='bbox 2144 2864 2406 2922; x_wconf 87' lang='lat' dir='ltr'><strong>tractans,</strong></span> <span class='ocrx_word' id='word_1_686' title='bbox 2447 2868 2570 2929; x_wconf 91' lang='lat' dir='ltr'><strong>post</strong></span> <span class='ocrx_word' id='word_1_687' title='bbox 2596 2861 2699 2915; x_wconf 90' lang='lat' dir='ltr'><strong>alia</strong></span> <span class='ocrx_word' id='word_1_688' title='bbox 2730 2865 2991 2918; x_wconf 89' lang='lat' dir='ltr'><strong>nonnulla</strong></span> <span class='ocrx_word' id='word_1_689' title='bbox 3020 2864 3134 2919; x_wconf 65' lang='lat' dir='ltr'><strong>haec</strong></span> <span class='ocrx_word' id='word_1_690' title='bbox 3160 2866 3228 2922; x_wconf 89' lang='lat' dir='ltr'><strong>de</strong></span> <span class='ocrx_word' id='word_1_691' title='bbox 3269 2868 3474 2925; x_wconf 67' lang='lat' dir='ltr'><strong>Christ:</strong></span> 
     </span>
    </p>
   </div>
   <div class='ocr_carea' id='block_1_91' title="bbox 1898 2944 3473 3022">
    <p class='ocr_par' dir='ltr' id='par_1_91' title="bbox 1898 2944 3473 3022">
     <span class='ocr_line' id='line_1_91' title="bbox 1898 2944 3473 3022; baseline 0.012 -24"><span class='ocrx_word' id='word_1_692' title='bbox 1898 2944 2181 3004; x_wconf 89' lang='lat' dir='ltr'><strong>divinitate</strong></span> <span class='ocrx_word' id='word_1_693' title='bbox 2204 2950 2481 3022; x_wconf 76' lang='lat' dir='ltr'><strong>adjungit:</strong></span> <span class='ocrx_word' id='word_1_694' title='bbox 2517 2972 2535 3003; x_wconf 72' lang='grc' dir='ltr'><strong>ι</strong></span> <span class='ocrx_word' id='word_1_695' title='bbox 2570 2951 2738 3010; x_wconf 88' lang='lat' dir='ltr'><strong>Sedes</strong></span> <span class='ocrx_word' id='word_1_696' title='bbox 2768 2963 2882 3021; x_wconf 88' lang='lat' dir='ltr'><strong>tua,</strong></span> <span class='ocrx_word' id='word_1_697' title='bbox 2917 2955 3079 3021; x_wconf 88' lang='lat' dir='ltr'><strong>Deus,</strong></span> <span class='ocrx_word' id='word_1_698' title='bbox 3112 2959 3167 3013; x_wconf 91' lang='lat' dir='ltr'><strong>in</strong></span> <span class='ocrx_word' id='word_1_699' title='bbox 3212 2962 3473 3017; x_wconf 81' lang='lat' dir='ltr'><strong>saeculum</strong></span> 
     </span>
    </p>
   </div>
   <div class='ocr_carea' id='block_1_92' title="bbox 1900 3041 3471 3123">
    <p class='ocr_par' dir='ltr' id='par_1_92' title="bbox 1900 3041 3471 3123">
     <span class='ocr_line' id='line_1_92' title="bbox 1900 3041 3471 3123; baseline 0.012 -32"><span class='ocrx_word' id='word_1_700' title='bbox 1900 3041 2083 3093; x_wconf 60' lang='lat' dir='ltr'><strong>saeculi</strong></span> <span class='ocrx_word' id='word_1_701' title='bbox 2118 3060 2131 3095; x_wconf 90' lang='lat'><strong>:</strong></span> <span class='ocrx_word' id='word_1_702' title='bbox 2170 3042 2316 3113; x_wconf 79' lang='lat' dir='ltr'><strong>virga</strong></span> <span class='ocrx_word' id='word_1_703' title='bbox 2348 3044 2689 3111; x_wconf 88' lang='lat' dir='ltr'><strong>directionis,</strong></span> <span class='ocrx_word' id='word_1_704' title='bbox 2722 3048 2870 3118; x_wconf 81' lang='lat' dir='ltr'><strong>virga</strong></span> <span class='ocrx_word' id='word_1_705' title='bbox 2894 3054 3043 3119; x_wconf 79' lang='lat' dir='ltr'><strong>regni</strong></span> <span class='ocrx_word' id='word_1_706' title='bbox 3077 3053 3194 3123; x_wconf 76' lang='lat' dir='ltr'><strong>tui:</strong></span> <span class='ocrx_word' id='word_1_707' title='bbox 3231 3054 3471 3111; x_wconf 75' lang='lat' dir='ltr'><strong>dilexisti</strong></span> 
     </span>
    </p>
   </div>
   <div class='ocr_carea' id='block_1_93' title="bbox 1896 3132 3475 3214">
    <p class='ocr_par' dir='ltr' id='par_1_93' title="bbox 1896 3132 3475 3214">
     <span class='ocr_line' id='line_1_93' title="bbox 1896 3132 3475 3214; baseline 0.013 -30"><span class='ocrx_word' id='word_1_708' title='bbox 1896 3132 2186 3199; x_wconf 89' lang='lat' dir='ltr'><strong>justitiam,</strong></span> <span class='ocrx_word' id='word_1_709' title='bbox 2223 3143 2276 3189; x_wconf 92' lang='lat' dir='ltr'><strong>et</strong></span> <span class='ocrx_word' id='word_1_710' title='bbox 2308 3136 2470 3191; x_wconf 90' lang='lat' dir='ltr'><strong>odisti</strong></span> <span class='ocrx_word' id='word_1_711' title='bbox 2524 3138 2887 3210; x_wconf 88' lang='lat' dir='ltr'><strong>iniquitatem,</strong></span> <span class='ocrx_word' id='word_1_712' title='bbox 2916 3153 3200 3214; x_wconf 89' lang='lat' dir='ltr'><strong>propterea</strong></span> <span class='ocrx_word' id='word_1_713' title='bbox 3232 3150 3385 3203; x_wconf 81' lang='lat' dir='ltr'><strong>unxit</strong></span> <span class='ocrx_word' id='word_1_714' title='bbox 3417 3158 3475 3205; x_wconf 90' lang='lat' dir='ltr'><strong>te</strong></span> 
     </span>
    </p>
   </div>
   <div class='ocr_carea' id='block_1_94' title="bbox 1898 3222 3472 3309">
    <p class='ocr_par' dir='ltr' id='par_1_94' title="bbox 1898 3222 3472 3309">
     <span class='ocr_line' id='line_1_94' title="bbox 1898 3222 3472 3309; baseline 0.014 -33"><span class='ocrx_word' id='word_1_715' title='bbox 1898 3222 2059 3290; x_wconf 88' lang='lat' dir='ltr'><strong>Deus,</strong></span> <span class='ocrx_word' id='word_1_716' title='bbox 2084 3225 2225 3281; x_wconf 89' lang='lat' dir='ltr'><strong>Deus</strong></span> <span class='ocrx_word' id='word_1_717' title='bbox 2243 3230 2500 3285; x_wconf 90' lang='lat' dir='ltr'><strong>tuusoleo</strong></span> <span class='ocrx_word' id='word_1_718' title='bbox 2538 3234 2941 3298; x_wconf 80' lang='lat' dir='ltr'><strong>exsultationis,</strong></span> <span class='ocrx_word' id='word_1_719' title='bbox 2968 3252 3076 3305; x_wconf 68' lang='lat' dir='ltr'><strong>prae</strong></span> <span class='ocrx_word' id='word_1_720' title='bbox 3105 3240 3472 3309; x_wconf 77' lang='lat' dir='ltr'><strong>participibus</strong></span> 
     </span>
    </p>
   </div>
   <div class='ocr_carea' id='block_1_95' title="bbox 1895 3316 3467 3395">
    <p class='ocr_par' dir='ltr' id='par_1_95' title="bbox 1895 3316 3467 3395">
     <span class='ocr_line' id='line_1_95' title="bbox 1895 3316 3467 3395; baseline 0.011 -27"><span class='ocrx_word' id='word_1_721' title='bbox 1895 3316 2003 3370; x_wconf 90' lang='lat' dir='ltr'><strong>tuis</strong></span> <span class='ocrx_word' id='word_1_722' title='bbox 2030 3317 2098 3372; x_wconf 76' lang='grc' dir='ltr'>τί.</span> <span class='ocrx_word' id='word_1_723' title='bbox 2144 3336 2164 3369; x_wconf 70' lang='grc' dir='ltr'><strong>ι</strong></span> <span class='ocrx_word' id='word_1_724' title='bbox 2197 3317 2360 3374; x_wconf 90' lang='lat' dir='ltr'><strong>Plane</strong></span> <span class='ocrx_word' id='word_1_725' title='bbox 2389 3322 2534 3375; x_wconf 86' lang='lat' dir='ltr'><strong>enim</strong></span> <span class='ocrx_word' id='word_1_726' title='bbox 2576 3323 2632 3376; x_wconf 88' lang='lat' dir='ltr'><strong>in</strong></span> <span class='ocrx_word' id='word_1_727' title='bbox 2662 3324 2767 3387; x_wconf 92' lang='lat' dir='ltr'><strong>his,</strong></span> <span class='ocrx_word' id='word_1_728' title='bbox 2801 3332 2861 3378; x_wconf 91' lang='lat' dir='ltr'><strong>ut</strong></span> <span class='ocrx_word' id='word_1_729' title='bbox 2896 3327 3009 3395; x_wconf 82' lang='lat' dir='ltr'><strong>jam</strong></span> <span class='ocrx_word' id='word_1_730' title='bbox 3046 3337 3203 3383; x_wconf 86' lang='lat' dir='ltr'><strong>antea</strong></span> <span class='ocrx_word' id='word_1_731' title='bbox 3236 3331 3467 3385; x_wconf 86' lang='lat' dir='ltr'><strong>demon-</strong></span> 
     </span>
    </p>
   </div>
   <div class='ocr_carea' id='block_1_96' title="bbox 1892 3409 3469 3494">
    <p class='ocr_par' dir='ltr' id='par_1_96' title="bbox 1892 3409 3469 3494">
     <span class='ocr_line' id='line_1_96' title="bbox 1892 3409 3469 3494; baseline 0.011 -34"><span class='ocrx_word' id='word_1_732' title='bbox 1892 3409 2211 3475; x_wconf 81' lang='lat' dir='ltr'><strong>stravimus,</strong></span> <span class='ocrx_word' id='word_1_733' title='bbox 2243 3426 2366 3466; x_wconf 93' lang='lat' dir='ltr'><strong>cum</strong></span> <span class='ocrx_word' id='word_1_734' title='bbox 2394 3430 2539 3469; x_wconf 91' lang='lat' dir='ltr'><strong>unus</strong></span> <span class='ocrx_word' id='word_1_735' title='bbox 2572 3415 2689 3485; x_wconf 92' lang='lat' dir='ltr'><strong>ipse</strong></span> <span class='ocrx_word' id='word_1_736' title='bbox 2712 3433 2931 3487; x_wconf 83' lang='lat' dir='ltr'><strong>quoque</strong></span> <span class='ocrx_word' id='word_1_737' title='bbox 2962 3420 3035 3475; x_wconf 90' lang='lat' dir='ltr'><strong>sit</strong></span> <span class='ocrx_word' id='word_1_738' title='bbox 3060 3421 3106 3475; x_wconf 88' lang='lat' dir='ltr'><strong>is</strong></span> <span class='ocrx_word' id='word_1_739' title='bbox 3132 3421 3199 3477; x_wconf 92' lang='lat' dir='ltr'><strong>de</strong></span> <span class='ocrx_word' id='word_1_740' title='bbox 3227 3439 3337 3493; x_wconf 84' lang='lat' dir='ltr'><strong>quo</strong></span> <span class='ocrx_word' id='word_1_741' title='bbox 3360 3424 3469 3494; x_wconf 80' lang='lat' dir='ltr'><strong>agi-</strong></span> 
     </span>
    </p>
   </div>
   <div class='ocr_carea' id='block_1_97' title="bbox 1893 3500 3463 3582">
    <p class='ocr_par' dir='ltr' id='par_1_97' title="bbox 1893 3500 3463 3582">
     <span class='ocr_line' id='line_1_97' title="bbox 1893 3500 3463 3582; baseline 0.011 -29"><span class='ocrx_word' id='word_1_742' title='bbox 1893 3502 2009 3563; x_wconf 58' lang='lat' dir='ltr'><strong>tur,’</strong></span> <span class='ocrx_word' id='word_1_743' title='bbox 2036 3500 2179 3557; x_wconf 87' lang='lat' dir='ltr'><strong>Deus</strong></span> <span class='ocrx_word' id='word_1_744' title='bbox 2201 3518 2324 3558; x_wconf 88' lang='lat' dir='ltr'><strong>esse</strong></span> <span class='ocrx_word' id='word_1_745' title='bbox 2348 3504 2690 3578; x_wconf 48' lang='lat' dir='ltr'><strong>diciturpqui</strong></span> <span class='ocrx_word' id='word_1_746' title='bbox 2719 3509 2990 3578; x_wconf 84' lang='lat' dir='ltr'><strong>justitiam</strong></span> <span class='ocrx_word' id='word_1_747' title='bbox 3020 3513 3289 3582; x_wconf 85' lang='lat' dir='ltr'><strong>dilexerit,</strong></span> <span class='ocrx_word' id='word_1_748' title='bbox 3331 3515 3463 3570; x_wconf 87' lang='lat' dir='ltr'><strong>ode-</strong></span> 
     </span>
    </p>
   </div>
   <div class='ocr_carea' id='block_1_98' title="bbox 1890 3592 3467 3678">
    <p class='ocr_par' dir='ltr' id='par_1_98' title="bbox 1890 3592 3467 3678">
     <span class='ocr_line' id='line_1_98' title="bbox 1890 3592 3467 3678; baseline 0.012 -34"><span class='ocrx_word' id='word_1_749' title='bbox 1890 3592 2070 3662; x_wconf 89' lang='lat' dir='ltr'><strong>ritque</strong></span> <span class='ocrx_word' id='word_1_750' title='bbox 2106 3592 2468 3664; x_wconf 87' lang='lat' dir='ltr'><strong>iniquitatem,</strong></span> <span class='ocrx_word' id='word_1_751' title='bbox 2502 3606 2665 3668; x_wconf 89' lang='lat' dir='ltr'><strong>atque</strong></span> <span class='ocrx_word' id='word_1_752' title='bbox 2705 3601 2866 3669; x_wconf 88' lang='lat' dir='ltr'><strong>hujus</strong></span> <span class='ocrx_word' id='word_1_753' title='bbox 2896 3602 2973 3657; x_wconf 88' lang='lat' dir='ltr'><strong>rei</strong></span> <span class='ocrx_word' id='word_1_754' title='bbox 3016 3605 3208 3673; x_wconf 82' lang='lat' dir='ltr'><strong>gratia,</strong></span> <span class='ocrx_word' id='word_1_755' title='bbox 3247 3607 3316 3665; x_wconf 87' lang='lat' dir='ltr'><strong>ab</strong></span> <span class='ocrx_word' id='word_1_756' title='bbox 3344 3608 3467 3678; x_wconf 90' lang='lat' dir='ltr'><strong>ipso</strong></span> 
     </span>
    </p>
   </div>
   <div class='ocr_carea' id='block_1_99' title="bbox 1887 3684 3465 3770">
    <p class='ocr_par' dir='ltr' id='par_1_99' title="bbox 1887 3684 3465 3770">
     <span class='ocr_line' id='line_1_99' title="bbox 1887 3684 3465 3770; baseline 0.011 -31"><span class='ocrx_word' id='word_1_757' title='bbox 1887 3684 1999 3741; x_wconf 92' lang='lat' dir='ltr'><strong>Deo</strong></span> <span class='ocrx_word' id='word_1_758' title='bbox 2027 3701 2091 3741; x_wconf 92' lang='lat' dir='ltr'><strong>ac</strong></span> <span class='ocrx_word' id='word_1_759' title='bbox 2113 3685 2274 3743; x_wconf 88' lang='lat' dir='ltr'><strong>Patre</strong></span> <span class='ocrx_word' id='word_1_760' title='bbox 2299 3704 2400 3744; x_wconf 92' lang='lat' dir='ltr'><strong>suo</strong></span> <span class='ocrx_word' id='word_1_761' title='bbox 2429 3698 2628 3747; x_wconf 89' lang='lat' dir='ltr'><strong>unctus</strong></span> <span class='ocrx_word' id='word_1_762' title='bbox 2661 3692 2732 3747; x_wconf 86' lang='lat' dir='ltr'><strong>sit</strong></span> <span class='ocrx_word' id='word_1_763' title='bbox 2754 3693 2874 3748; x_wconf 91' lang='lat' dir='ltr'><strong>oleo</strong></span> <span class='ocrx_word' id='word_1_764' title='bbox 2906 3698 3269 3764; x_wconf 70' lang='lat' dir='ltr'><strong>praestautiori</strong></span> <span class='ocrx_word' id='word_1_765' title='bbox 3299 3709 3465 3770; x_wconf 88' lang='lat' dir='ltr'><strong>atque</strong></span> 
     </span>
    </p>
   </div>
   <div class='ocr_carea' id='block_1_100' title="bbox 1886 3776 3456 3859">
    <p class='ocr_par' dir='ltr' id='par_1_100' title="bbox 1886 3776 3456 3859">
     <span class='ocr_line' id='line_1_100' title="bbox 1886 3776 3456 3859; baseline 0.01 -29"><span class='ocrx_word' id='word_1_766' title='bbox 1886 3776 2279 3844; x_wconf 85' lang='lat' dir='ltr'><strong>excellentiori,</strong></span> <span class='ocrx_word' id='word_1_767' title='bbox 2315 3796 2476 3850; x_wconf 90' lang='lat' dir='ltr'><strong>quam</strong></span> <span class='ocrx_word' id='word_1_768' title='bbox 2523 3790 2668 3839; x_wconf 89' lang='lat' dir='ltr'><strong>esset</strong></span> <span class='ocrx_word' id='word_1_769' title='bbox 2705 3783 3015 3854; x_wconf 78' lang='lat' dir='ltr'><strong>ﬁguratum,</strong></span> <span class='ocrx_word' id='word_1_770' title='bbox 3071 3802 3157 3853; x_wconf 88' lang='lat' dir='ltr'><strong>eo,</strong></span> <span class='ocrx_word' id='word_1_771' title='bbox 3213 3791 3456 3859; x_wconf 85' lang='lat' dir='ltr'><strong>inquam,</strong></span> 
     </span>
    </p>
   </div>
   <div class='ocr_carea' id='block_1_101' title="bbox 1884 3867 3454 3951">
    <p class='ocr_par' dir='ltr' id='par_1_101' title="bbox 1884 3867 3454 3951">
     <span class='ocr_line' id='line_1_101' title="bbox 1884 3867 3454 3951; baseline 0.009 -30"><span class='ocrx_word' id='word_1_772' title='bbox 1884 3867 2026 3931; x_wconf 91' lang='lat' dir='ltr'><strong>oleo,</strong></span> <span class='ocrx_word' id='word_1_773' title='bbox 2058 3868 2202 3939; x_wconf 91' lang='lat' dir='ltr'><strong>quod</strong></span> <span class='ocrx_word' id='word_1_774' title='bbox 2232 3872 2613 3927; x_wconf 83' lang='lat' dir='ltr'><strong>exsultationis</strong></span> <span class='ocrx_word' id='word_1_775' title='bbox 2648 3885 2893 3930; x_wconf 88' lang='lat' dir='ltr'><strong>vocatur.</strong></span> <span class='ocrx_word' id='word_1_776' title='bbox 2938 3876 3005 3931; x_wconf 85' lang='lat' dir='ltr'><strong>At</strong></span> <span class='ocrx_word' id='word_1_777' title='bbox 3037 3880 3182 3932; x_wconf 89' lang='lat' dir='ltr'><strong>enim</strong></span> <span class='ocrx_word' id='word_1_778' title='bbox 3225 3882 3454 3951; x_wconf 79' lang='lat' dir='ltr'><strong>quicun-</strong></span> 
     </span>
    </p>
   </div>
   <div class='ocr_carea' id='block_1_102' title="bbox 1881 3961 3456 4042">
    <p class='ocr_par' dir='ltr' id='par_1_102' title="bbox 1881 3961 3456 4042">
     <span class='ocr_line' id='line_1_102' title="bbox 1881 3961 3456 4042; baseline 0.008 -29"><span class='ocrx_word' id='word_1_779' title='bbox 1881 3976 1989 4029; x_wconf 86' lang='lat' dir='ltr'><strong>que</strong></span> <span class='ocrx_word' id='word_1_780' title='bbox 2017 3961 2393 4030; x_wconf 88' lang='lat' dir='ltr'><strong>hujuscemodi</strong></span> <span class='ocrx_word' id='word_1_781' title='bbox 2425 3966 2567 4029; x_wconf 89' lang='lat' dir='ltr'><strong>oleo,</strong></span> <span class='ocrx_word' id='word_1_782' title='bbox 2589 3982 2698 4021; x_wconf 91' lang='lat' dir='ltr'><strong>non</strong></span> <span class='ocrx_word' id='word_1_783' title='bbox 2730 3968 2798 4022; x_wconf 91' lang='lat' dir='ltr'><strong>ab</strong></span> <span class='ocrx_word' id='word_1_784' title='bbox 2824 3968 3139 4026; x_wconf 88' lang='lat' dir='ltr'><strong>hominibus</strong></span> <span class='ocrx_word' id='word_1_785' title='bbox 3163 3988 3337 4042; x_wconf 84' lang='lat' dir='ltr'><strong>neque</strong></span> <span class='ocrx_word' id='word_1_786' title='bbox 3358 3988 3456 4042; x_wconf 81' lang='lat' dir='ltr'><strong>per</strong></span> 
     </span>
    </p>
   </div>
   <div class='ocr_carea' id='block_1_103' title="bbox 1883 4051 3457 4134">
    <p class='ocr_par' dir='ltr' id='par_1_103' title="bbox 1883 4051 3457 4134">
     <span class='ocr_line' id='line_1_103' title="bbox 1883 4051 3457 4134; baseline 0.008 -29"><span class='ocrx_word' id='word_1_787' title='bbox 1883 4051 2151 4117; x_wconf 88' lang='lat' dir='ltr'><strong>homines,</strong></span> <span class='ocrx_word' id='word_1_788' title='bbox 2202 4054 2297 4107; x_wconf 88' lang='lat' dir='ltr'><strong>sed</strong></span> <span class='ocrx_word' id='word_1_789' title='bbox 2346 4056 2413 4110; x_wconf 91' lang='lat' dir='ltr'><strong>ab</strong></span> <span class='ocrx_word' id='word_1_790' title='bbox 2462 4057 2583 4125; x_wconf 89' lang='lat' dir='ltr'><strong>ipso</strong></span> <span class='ocrx_word' id='word_1_791' title='bbox 2625 4056 2735 4112; x_wconf 92' lang='lat' dir='ltr'><strong>Deo</strong></span> <span class='ocrx_word' id='word_1_792' title='bbox 2778 4060 2938 4115; x_wconf 89' lang='lat' dir='ltr'><strong>Patre</strong></span> <span class='ocrx_word' id='word_1_793' title='bbox 2974 4061 3045 4116; x_wconf 91' lang='lat' dir='ltr'><strong>sit</strong></span> <span class='ocrx_word' id='word_1_794' title='bbox 3075 4071 3293 4126; x_wconf 88' lang='lat' dir='ltr'><strong>unctus,</strong></span> <span class='ocrx_word' id='word_1_795' title='bbox 3322 4066 3457 4134; x_wconf 77' lang='lat' dir='ltr'><strong>quid</strong></span> 
     </span>
    </p>
   </div>
   <div class='ocr_carea' id='block_1_104' title="bbox 1880 4144 3457 4217">
    <p class='ocr_par' dir='ltr' id='par_1_104' title="bbox 1880 4144 3457 4217">
     <span class='ocr_line' id='line_1_104' title="bbox 1880 4144 3457 4217; baseline 0.01 -21"><span class='ocrx_word' id='word_1_796' title='bbox 1880 4144 2027 4198; x_wconf 89' lang='lat' dir='ltr'><strong>aliud</strong></span> <span class='ocrx_word' id='word_1_797' title='bbox 2088 4144 2283 4200; x_wconf 90' lang='lat' dir='ltr'><strong>merito</strong></span> <span class='ocrx_word' id='word_1_798' title='bbox 2339 4163 2502 4217; x_wconf 88' lang='lat' dir='ltr'><strong>quam</strong></span> <span class='ocrx_word' id='word_1_799' title='bbox 2575 4148 2827 4205; x_wconf 88' lang='lat' dir='ltr'><strong>Christus</strong></span> <span class='ocrx_word' id='word_1_800' title='bbox 2892 4152 2963 4207; x_wconf 89' lang='lat' dir='ltr'><strong>sit</strong></span> <span class='ocrx_word' id='word_1_801' title='bbox 3032 4155 3457 4212; x_wconf 79' lang='lat' dir='ltr'><strong>nominandus?</strong></span> 
     </span>
    </p>
   </div>
   <div class='ocr_carea' id='block_1_105' title="bbox 1877 4234 3455 4317">
    <p class='ocr_par' dir='ltr' id='par_1_105' title="bbox 1877 4234 3455 4317">
     <span class='ocr_line' id='line_1_105' title="bbox 1877 4234 3455 4317; baseline 0.01 -30"><span class='ocrx_word' id='word_1_802' title='bbox 1877 4248 2009 4305; x_wconf 78' lang='lat' dir='ltr'><strong>ergo</strong></span> <span class='ocrx_word' id='word_1_803' title='bbox 2064 4234 2314 4291; x_wconf 89' lang='lat' dir='ltr'><strong>eumdem</strong></span> <span class='ocrx_word' id='word_1_804' title='bbox 2369 4237 2533 4291; x_wconf 89' lang='lat' dir='ltr'><strong>etiam</strong></span> <span class='ocrx_word' id='word_1_805' title='bbox 2597 4237 2766 4293; x_wconf 92' lang='lat' dir='ltr'><strong>Deum</strong></span> <span class='ocrx_word' id='word_1_806' title='bbox 2824 4242 2986 4298; x_wconf 88' lang='lat' dir='ltr'><strong>simul</strong></span> <span class='ocrx_word' id='word_1_807' title='bbox 3022 4245 3289 4299; x_wconf 86' lang='lat' dir='ltr'><strong>nominari</strong></span> <span class='ocrx_word' id='word_1_808' title='bbox 3338 4246 3455 4317; x_wconf 84' lang='lat' dir='ltr'><strong>jam</strong></span> 
     </span>
    </p>
   </div>
   <div class='ocr_carea' id='block_1_106' title="bbox 1877 4329 3454 4403">
    <p class='ocr_par' dir='ltr' id='par_1_106' title="bbox 1877 4329 3454 4403">
     <span class='ocr_line' id='line_1_106' title="bbox 1877 4329 3454 4403; baseline 0.008 -23"><span class='ocrx_word' id='word_1_809' title='bbox 1877 4334 2110 4392; x_wconf 88' lang='lat' dir='ltr'><strong>constat,</strong></span> <span class='ocrx_word' id='word_1_810' title='bbox 2174 4329 2631 4397; x_wconf 88' lang='lat' dir='ltr'><strong>quemadmodum</strong></span> <span class='ocrx_word' id='word_1_811' title='bbox 2687 4333 2905 4403; x_wconf 90' lang='lat' dir='ltr'><strong>quidem</strong></span> <span class='ocrx_word' id='word_1_812' title='bbox 2951 4336 3068 4390; x_wconf 92' lang='lat' dir='ltr'><strong>suis</strong></span> <span class='ocrx_word' id='word_1_813' title='bbox 3109 4338 3243 4393; x_wconf 90' lang='lat' dir='ltr'><strong>locis</strong></span> <span class='ocrx_word' id='word_1_814' title='bbox 3289 4346 3454 4395; x_wconf 82' lang='lat' dir='ltr'><strong>antea</strong></span> 
     </span>
    </p>
   </div>
   <div class='ocr_carea' id='block_1_107' title="bbox 1877 4419 3453 4503">
    <p class='ocr_par' dir='ltr' id='par_1_107' title="bbox 1877 4419 3453 4503">
     <span class='ocr_line' id='line_1_107' title="bbox 1877 4419 3453 4503; baseline 0.009 -30"><span class='ocrx_word' id='word_1_815' title='bbox 1877 4419 2308 4476; x_wconf 90' lang='lat' dir='ltr'><strong>demonstratum</strong></span> <span class='ocrx_word' id='word_1_816' title='bbox 2339 4430 2443 4477; x_wconf 90' lang='lat' dir='ltr'><strong>est.</strong></span> <span class='ocrx_word' id='word_1_817' title='bbox 2483 4423 2680 4479; x_wconf 68' lang='lat' dir='ltr'><strong>Verum</strong></span> <span class='ocrx_word' id='word_1_818' title='bbox 2709 4442 2829 4497; x_wconf 67' lang='lat' dir='ltr'><strong>qua:</strong></span> <span class='ocrx_word' id='word_1_819' title='bbox 2851 4429 2992 4497; x_wconf 90' lang='lat' dir='ltr'><strong>apud</strong></span> <span class='ocrx_word' id='word_1_820' title='bbox 3023 4428 3215 4485; x_wconf 82' lang='lat' dir='ltr'><strong>Isaiam</strong></span> <span class='ocrx_word' id='word_1_821' title='bbox 3245 4432 3453 4503; x_wconf 68' lang='lat' dir='ltr'><strong>scripta.</strong></span> 
     </span>
    </p>
   </div>
   <div class='ocr_carea' id='block_1_108' title="bbox 1878 4514 3449 4593">
    <p class='ocr_par' dir='ltr' id='par_1_108' title="bbox 1878 4514 3449 4593">
     <span class='ocr_line' id='line_1_108' title="bbox 1878 4514 3449 4593; baseline 0.007 -26"><span class='ocrx_word' id='word_1_822' title='bbox 1878 4514 2006 4567; x_wconf 91' lang='lat' dir='ltr'><strong>olim</strong></span> <span class='ocrx_word' id='word_1_823' title='bbox 2076 4515 2413 4580; x_wconf 89' lang='lat' dir='ltr'><strong>citavimus,</strong></span> <span class='ocrx_word' id='word_1_824' title='bbox 2479 4516 2570 4572; x_wconf 87' lang='lat' dir='ltr'><strong>hic</strong></span> <span class='ocrx_word' id='word_1_825' title='bbox 2637 4535 2856 4589; x_wconf 89' lang='lat' dir='ltr'><strong>quoque</strong></span> <span class='ocrx_word' id='word_1_826' title='bbox 2927 4523 3220 4591; x_wconf 88' lang='lat' dir='ltr'><strong>repetemla</strong></span> <span class='ocrx_word' id='word_1_827' title='bbox 3279 4533 3449 4593; x_wconf 83' lang='lat' dir='ltr'><strong>sunt,</strong></span> 
     </span>
    </p>
   </div>
   <div class='ocr_carea' id='block_1_109' title="bbox 1879 4607 3453 4685">
    <p class='ocr_par' dir='ltr' id='par_1_109' title="bbox 1879 4607 3453 4685">
     <span class='ocr_line' id='line_1_109' title="bbox 1879 4607 3453 4685; baseline 0.007 -25"><span class='ocrx_word' id='word_1_828' title='bbox 1879 4607 1969 4662; x_wconf 90' lang='lat' dir='ltr'><strong>ubi</strong></span> <span class='ocrx_word' id='word_1_829' title='bbox 2024 4608 2113 4662; x_wconf 88' lang='lat' dir='ltr'><strong>ille</strong></span> <span class='ocrx_word' id='word_1_830' title='bbox 2147 4608 2222 4661; x_wconf 88' lang='lat' dir='ltr'><strong>ait</strong></span> <span class='ocrx_word' id='word_1_831' title='bbox 2259 4627 2273 4663; x_wconf 87' lang='lat'><strong>:</strong></span> <span class='ocrx_word' id='word_1_832' title='bbox 2319 4628 2337 4660; x_wconf 76' lang='grc' dir='ltr'><strong>ι</strong></span> <span class='ocrx_word' id='word_1_833' title='bbox 2374 4607 2610 4679; x_wconf 89' lang='lat' dir='ltr'><strong>Spiritus</strong></span> <span class='ocrx_word' id='word_1_834' title='bbox 2644 4609 2855 4668; x_wconf 83' lang='lat' dir='ltr'><strong>Domini</strong></span> <span class='ocrx_word' id='word_1_835' title='bbox 2908 4630 3072 4682; x_wconf 88' lang='lat' dir='ltr'><strong>super</strong></span> <span class='ocrx_word' id='word_1_836' title='bbox 3114 4631 3234 4680; x_wconf 88' lang='lat' dir='ltr'><strong>me,</strong></span> <span class='ocrx_word' id='word_1_837' title='bbox 3290 4616 3453 4685; x_wconf 77' lang='lat' dir='ltr'><strong>cujus</strong></span> 
     </span>
    </p>
   </div>
   <div class='ocr_carea' id='block_1_110' title="bbox 1876 4695 3454 4772">
    <p class='ocr_par' dir='ltr' id='par_1_110' title="bbox 1876 4695 3454 4772">
     <span class='ocr_line' id='line_1_110' title="bbox 1876 4695 3454 4772; baseline 0.006 -23"><span class='ocrx_word' id='word_1_838' title='bbox 1876 4710 2041 4751; x_wconf 88' lang='lat' dir='ltr'><strong>causa</strong></span> <span class='ocrx_word' id='word_1_839' title='bbox 2096 4695 2250 4749; x_wconf 83' lang='lat' dir='ltr'><strong>unxit</strong></span> <span class='ocrx_word' id='word_1_840' title='bbox 2307 4713 2427 4760; x_wconf 92' lang='lat' dir='ltr'><strong>me,</strong></span> <span class='ocrx_word' id='word_1_841' title='bbox 2489 4702 2862 4771; x_wconf 78' lang='lat' dir='ltr'><strong>evangelizare</strong></span> <span class='ocrx_word' id='word_1_842' title='bbox 2912 4705 3240 4772; x_wconf 86' lang='lat' dir='ltr'><strong>pauperibus</strong></span> <span class='ocrx_word' id='word_1_843' title='bbox 3299 4706 3454 4761; x_wconf 84' lang='lat' dir='ltr'><strong>misit</strong></span> 
     </span>
    </p>
   </div>
   <div class='ocr_carea' id='block_1_111' title="bbox 1877 4792 3454 4865">
    <p class='ocr_par' dir='ltr' id='par_1_111' title="bbox 1877 4792 3454 4865">
     <span class='ocr_line' id='line_1_111' title="bbox 1877 4792 3454 4865; baseline 0.008 -25"><span class='ocrx_word' id='word_1_844' title='bbox 1877 4804 2000 4850; x_wconf 89' lang='lat' dir='ltr'><strong>me,</strong></span> <span class='ocrx_word' id='word_1_845' title='bbox 2060 4803 2254 4843; x_wconf 88' lang='lat' dir='ltr'><strong>sanare</strong></span> <span class='ocrx_word' id='word_1_846' title='bbox 2300 4792 2569 4849; x_wconf 82' lang='lat' dir='ltr'><strong>contritus</strong></span> <span class='ocrx_word' id='word_1_847' title='bbox 2624 4794 2811 4858; x_wconf 90' lang='lat' dir='ltr'><strong>corde,</strong></span> <span class='ocrx_word' id='word_1_848' title='bbox 2868 4795 3165 4864; x_wconf 57' lang='lat' dir='ltr'><strong>praedicare</strong></span> <span class='ocrx_word' id='word_1_849' title='bbox 3217 4797 3454 4865; x_wconf 81' lang='lat' dir='ltr'><strong>captivis</strong></span> 
     </span>
    </p>
   </div>
   <div class='ocr_carea' id='block_1_112' title="bbox 1877 4879 3444 4958">
    <p class='ocr_par' dir='ltr' id='par_1_112' title="bbox 1877 4879 3444 4958">
     <span class='ocr_line' id='line_1_112' title="bbox 1877 4879 3444 4958; baseline 0.006 -26"><span class='ocrx_word' id='word_1_850' title='bbox 1877 4879 2273 4944; x_wconf 84' lang='lat' dir='ltr'><strong>remissionem,</strong></span> <span class='ocrx_word' id='word_1_851' title='bbox 2322 4892 2377 4936; x_wconf 89' lang='lat' dir='ltr'><strong>et</strong></span> <span class='ocrx_word' id='word_1_852' title='bbox 2423 4885 2582 4940; x_wconf 67' lang='lat' dir='ltr'><strong>caecis</strong></span> <span class='ocrx_word' id='word_1_853' title='bbox 2620 4888 2797 4941; x_wconf 89' lang='lat' dir='ltr'><strong>visum</strong></span> <span class='ocrx_word' id='word_1_854' title='bbox 2836 4888 2901 4939; x_wconf 83' lang='grc'><strong>⁷³.</strong></span> <span class='ocrx_word' id='word_1_855' title='bbox 2950 4905 2967 4938; x_wconf 74' lang='grc' dir='ltr'><strong>ι</strong></span> <span class='ocrx_word' id='word_1_856' title='bbox 3010 4889 3066 4941; x_wconf 93' lang='lat' dir='ltr'><strong>In</strong></span> <span class='ocrx_word' id='word_1_857' title='bbox 3107 4888 3193 4941; x_wconf 82' lang='lat' dir='ltr'><strong>his</strong></span> <span class='ocrx_word' id='word_1_858' title='bbox 3230 4904 3444 4958; x_wconf 89' lang='lat' dir='ltr'><strong>quoque</strong></span> 
     </span>
    </p>
   </div>
   <div class='ocr_carea' id='block_1_113' title="bbox 1873 4972 3452 5049">
    <p class='ocr_par' dir='ltr' id='par_1_113' title="bbox 1873 4972 3452 5049">
     <span class='ocr_line' id='line_1_113' title="bbox 1873 4972 3452 5049; baseline 0.006 -24"><span class='ocrx_word' id='word_1_859' title='bbox 1873 4972 2390 5039; x_wconf 88' lang='lat' dir='ltr'><strong>demonstravimus,</strong></span> <span class='ocrx_word' id='word_1_860' title='bbox 2452 4976 2598 5046; x_wconf 90' lang='lat' dir='ltr'><strong>quod</strong></span> <span class='ocrx_word' id='word_1_861' title='bbox 2645 4978 2740 5047; x_wconf 87' lang='lat' dir='ltr'><strong>qui</strong></span> <span class='ocrx_word' id='word_1_862' title='bbox 2805 4980 3079 5049; x_wconf 89' lang='lat' dir='ltr'><strong>quondam</strong></span> <span class='ocrx_word' id='word_1_863' title='bbox 3132 4980 3452 5034; x_wconf 72' lang='lat' dir='ltr'><strong>sacerdotes.</strong></span> 
     </span>
    </p>
   </div>
   <div class='ocr_carea' id='block_1_114' title="bbox 1867 5062 3441 5132">
    <p class='ocr_par' dir='ltr' id='par_1_114' title="bbox 1867 5062 3441 5132">
     <span class='ocr_line' id='line_1_114' title="bbox 1867 5062 3441 5132; baseline 0.003 -14"><span class='ocrx_word' id='word_1_864' title='bbox 1867 5079 1933 5118; x_wconf 76' lang='lat' dir='ltr'><strong>ex</strong></span> <span class='ocrx_word' id='word_1_865' title='bbox 1980 5062 2315 5129; x_wconf 90' lang='lat' dir='ltr'><strong>hominibus,</strong></span> <span class='ocrx_word' id='word_1_866' title='bbox 2360 5067 2426 5120; x_wconf 92' lang='lat' dir='ltr'><strong>ad</strong></span> <span class='ocrx_word' id='word_1_867' title='bbox 2483 5070 2560 5123; x_wconf 90' lang='lat' dir='ltr'><strong>rei</strong></span> <span class='ocrx_word' id='word_1_868' title='bbox 2590 5070 2788 5125; x_wconf 77' lang='lat' dir='ltr'><strong>divina:</strong></span> <span class='ocrx_word' id='word_1_869' title='bbox 2823 5072 3027 5125; x_wconf 88' lang='lat' dir='ltr'><strong>cultum</strong></span> <span class='ocrx_word' id='word_1_870' title='bbox 3068 5068 3441 5132; x_wconf 89' lang='lat' dir='ltr'><strong>accedebant,</strong></span> 
     </span>
    </p>
   </div>
   <div class='ocr_carea' id='block_1_115' title="bbox 1868 5156 3440 5231">
    <p class='ocr_par' dir='ltr' id='par_1_115' title="bbox 1868 5156 3440 5231">
     <span class='ocr_line' id='line_1_115' title="bbox 1868 5156 3440 5231; baseline 0.003 -22"><span class='ocrx_word' id='word_1_871' title='bbox 1868 5156 1922 5210; x_wconf 92' lang='lat' dir='ltr'><strong>hi</strong></span> <span class='ocrx_word' id='word_1_872' title='bbox 1978 5163 2259 5227; x_wconf 76' lang='lat' dir='ltr'><strong>unguento</strong></span> <span class='ocrx_word' id='word_1_873' title='bbox 2328 5159 2625 5215; x_wconf 90' lang='lat' dir='ltr'><strong>artiﬁciose</strong></span> <span class='ocrx_word' id='word_1_874' title='bbox 2685 5169 3004 5231; x_wconf 86' lang='lat' dir='ltr'><strong>comparato</strong></span> <span class='ocrx_word' id='word_1_875' title='bbox 3076 5159 3440 5230; x_wconf 73' lang='lat' dir='ltr'><strong>ungebantur.</strong></span> 
     </span>
    </p>
   </div>
   <div class='ocr_carea' id='block_1_116' title="bbox 1871 5250 3443 5325">
    <p class='ocr_par' dir='ltr' id='par_1_116' title="bbox 1871 5250 3443 5325">
     <span class='ocr_line' id='line_1_116' title="bbox 1871 5250 3443 5325; baseline -0.008 -12"><span class='ocrx_word' id='word_1_876' title='bbox 1871 5250 2027 5321; x_wconf 79' lang='lat'><strong>193</strong></span> <span class='ocrx_word' id='word_1_877' title='bbox 2061 5252 2130 5305; x_wconf 79' lang='lat' dir='ltr'><strong>At</strong></span> <span class='ocrx_word' id='word_1_878' title='bbox 2176 5270 2337 5325; x_wconf 89' lang='lat' dir='ltr'><strong>quem</strong></span> <span class='ocrx_word' id='word_1_879' title='bbox 2385 5254 2665 5323; x_wconf 90' lang='lat' dir='ltr'><strong>prophetia</strong></span> <span class='ocrx_word' id='word_1_880' title='bbox 2703 5253 3010 5323; x_wconf 82' lang='lat' dir='ltr'><strong>signiﬁcat,</strong></span> <span class='ocrx_word' id='word_1_881' title='bbox 3048 5251 3095 5306; x_wconf 89' lang='lat' dir='ltr'><strong>is</strong></span> <span class='ocrx_word' id='word_1_882' title='bbox 3125 5252 3326 5305; x_wconf 86' lang='lat' dir='ltr'><strong>virtute</strong></span> <span class='ocrx_word' id='word_1_883' title='bbox 3356 5250 3443 5303; x_wconf 88' lang='lat' dir='ltr'><strong>di-</strong></span> 
     </span>
    </p>
   </div>
   <div class='ocr_carea' id='block_1_117' title="bbox 1871 5337 3440 5408">
    <p class='ocr_par' dir='ltr' id='par_1_117' title="bbox 1871 5337 3440 5408">
     <span class='ocr_line' id='line_1_117' title="bbox 1871 5337 3440 5408; baseline -0.001 -12"><span class='ocrx_word' id='word_1_884' title='bbox 1871 5343 1996 5396; x_wconf 85' lang='lat' dir='ltr'><strong>vina</strong></span> <span class='ocrx_word' id='word_1_885' title='bbox 2041 5354 2240 5400; x_wconf 90' lang='lat' dir='ltr'><strong>unctus</strong></span> <span class='ocrx_word' id='word_1_886' title='bbox 2274 5360 2396 5401; x_wconf 86' lang='lat' dir='ltr'><strong>esse</strong></span> <span class='ocrx_word' id='word_1_887' title='bbox 2432 5344 2653 5408; x_wconf 88' lang='lat' dir='ltr'><strong>dicitur,</strong></span> <span class='ocrx_word' id='word_1_888' title='bbox 2684 5352 2860 5399; x_wconf 72' lang='lat' dir='ltr'><strong>et’hoc</strong></span> <span class='ocrx_word' id='word_1_889' title='bbox 2884 5352 3053 5397; x_wconf 89' lang='lat' dir='ltr'><strong>totum</strong></span> <span class='ocrx_word' id='word_1_890' title='bbox 3084 5342 3150 5397; x_wconf 90' lang='lat' dir='ltr'><strong>ad</strong></span> <span class='ocrx_word' id='word_1_891' title='bbox 3187 5337 3440 5395; x_wconf 76' lang='lat' dir='ltr'><strong>Salvato~</strong></span> 
     </span>
    </p>
   </div>
   <div class='ocr_carea' id='block_1_118' title="bbox 1870 5434 3438 5507">
    <p class='ocr_par' dir='ltr' id='par_1_118' title="bbox 1870 5434 3438 5507">
     <span class='ocr_line' id='line_1_118' title="bbox 1870 5434 3438 5507; baseline -0.002 -19"><span class='ocrx_word' id='word_1_892' title='bbox 1870 5450 1981 5491; x_wconf 91' lang='lat' dir='ltr'><strong>rem</strong></span> <span class='ocrx_word' id='word_1_893' title='bbox 2014 5446 2264 5492; x_wconf 89' lang='lat' dir='ltr'><strong>nostrum</strong></span> <span class='ocrx_word' id='word_1_894' title='bbox 2301 5436 2507 5503; x_wconf 82' lang='lat' dir='ltr'><strong>Jesum,</strong></span> <span class='ocrx_word' id='word_1_895' title='bbox 2553 5438 2645 5507; x_wconf 92' lang='lat' dir='ltr'><strong>qui</strong></span> <span class='ocrx_word' id='word_1_896' title='bbox 2678 5439 2827 5492; x_wconf 90' lang='lat' dir='ltr'><strong>solus</strong></span> <span class='ocrx_word' id='word_1_897' title='bbox 2859 5452 3024 5491; x_wconf 90' lang='lat' dir='ltr'><strong>verus</strong></span> <span class='ocrx_word' id='word_1_898' title='bbox 3071 5434 3322 5489; x_wconf 88' lang='lat' dir='ltr'><strong>Christus</strong></span> <span class='ocrx_word' id='word_1_899' title='bbox 3355 5439 3438 5486; x_wconf 84' lang='lat' dir='ltr'><strong>est</strong></span> 
     </span>
    </p>
   </div>
   <div class='ocr_carea' id='block_1_119' title="bbox 1866 5526 3438 5603">
    <p class='ocr_par' dir='ltr' id='par_1_119' title="bbox 1866 5526 3438 5603">
     <span class='ocr_line' id='line_1_119' title="bbox 1866 5526 3438 5603; baseline -0.001 -23"><span class='ocrx_word' id='word_1_900' title='bbox 1866 5526 1985 5594; x_wconf 89' lang='lat' dir='ltr'><strong>Dei,</strong></span> <span class='ocrx_word' id='word_1_901' title='bbox 2015 5529 2355 5587; x_wconf 82' lang='lat' dir='ltr'><strong>referebatur</strong></span> <span class='ocrx_word' id='word_1_902' title='bbox 2393 5551 2406 5587; x_wconf 89' lang='lat'><strong>:</strong></span> <span class='ocrx_word' id='word_1_903' title='bbox 2439 5531 2529 5603; x_wconf 86' lang='lat' dir='ltr'><strong>qui</strong></span> <span class='ocrx_word' id='word_1_904' title='bbox 2563 5530 2779 5600; x_wconf 88' lang='lat' dir='ltr'><strong>quidem</strong></span> <span class='ocrx_word' id='word_1_905' title='bbox 2805 5528 3055 5585; x_wconf 84' lang='lat' dir='ltr'><strong>Salvator</strong></span> <span class='ocrx_word' id='word_1_906' title='bbox 3085 5526 3141 5581; x_wconf 93' lang='lat' dir='ltr'><strong>in</strong></span> <span class='ocrx_word' id='word_1_907' title='bbox 3167 5530 3438 5581; x_wconf 81' lang='lat' dir='ltr'><strong>conventu</strong></span> 
     </span>
    </p>
   </div>
  </div>
