3866 6202
417 298 524 357 595
1050 294 1318 354 EUSEBII
1354 293 1838 353 CESARIENSIS
1875 295 2026 354 OPP.
2048 296 2249 355 PARS.
2285 298 2353 355 ll.
2392 330 2464 342 —
2490 297 2990 357 APOLOGETICA.
3558 302 3662 357 524

413 416 727 474 ειυάωοιυιιω
749 411 1051 483 quondam,
1078 427 1203 467 cum
1234 411 1575 484 prophetiam
1592 412 1914 484 accepisset,
1937 422 1984 469 et

2091 415 2250 484 γνοὺς
2283 417 2377 469 καὶ
2410 415 2613 484 πτύξας
2645 416 2707 470 τὸ
2738 416 2959 488 βιϐλίον,
2997 414 3091 471 καὶ
3135 416 3368 482 ἀποδοὺς
3408 416 3489 489 τῷ
3519 420 3666 493 ύπη-

415 509 595 566 locum
639 506 948 579 expositum
983 503 1210 575 legendo
1248 507 1652 575 percurrisset,
1700 506 1756 561 in
1805 507 1984 578 seipso

2093 506 2243 580 ρέτῃ,
2271 507 2492 562 ἐκάθισε
2514 523 2530 538 ο
2576 508 2670 561 καὶ
2701 509 2918 564 πάντων
2949 508 2999 560 οἰ
3039 506 3306 579 ὀφθαλμοὶ
3337 509 3396 562 ἑν
3427 511 3493 582 τῇ
3535 527 3667 565 συνο

414 601 744 673 completum
776 611 921 660 esse,
969 596 1116 667 quod
1144 597 1345 653 lectum
1383 606 1522 664 erat,
1551 599 1791 654 edocuit.
1826 597 1992 654 Scri-

414 701 566 766 ptum
592 697 680 747 est
714 693 883 753 enim,
916 697 978 745 ut
1015 705 1140 744 cum
1171 691 1398 761 legisset
1425 693 1624 747 librum
1671 707 1734 747 ac
1765 692 1990 763 plicuis-

377 792 521 849 ,set,
555 783 921 853 ministroque
955 781 1306 848 reddidisset,
1337 782 1537 840 deinde
1559 782 1781 849 sederit,
1821 793 1991 856 utque

413 875 658 932 omnium
692 875 837 930 oculi
870 876 926 928 in
974 883 1251 930 conventu
1292 876 1347 930 in
1372 875 1523 930 illum
1556 886 1742 933 essent
1770 878 1987 944 intenti,

417 976 584 1039 atque
620 974 682 1023 ut
709 966 905 1024 deinde
923 968 1153 1038 coeperit
1181 967 1365 1023 dicere
1385 968 1454 1023 ad
1487 968 1634 1034 illos,
1656 968 1803 1040 quod
1835 988 1854 1021 ι
1891 969 1992 1024 ho-

417 1060 509 1116 die
557 1062 826 1132 completa
873 1070 959 1117 est
1014 1058 1297 1131 Scriptura
1346 1061 1462 1116 haec
1514 1060 1569 1116 in
1618 1061 1843 1118 auribus
1894 1078 1989 1118 ve-

415 1153 547 1210 stris
576 1154 643 1210 ".
686 1172 706 1207 ι
738 1153 902 1210 Hisce
930 1154 1189 1210 omnibus
1230 1154 1297 1209 ad
1331 1164 1634 1211 extremum
1666 1155 1758 1211 illa
1790 1170 1988 1211 rursus

414 1259 538 1316 qua:
566 1245 709 1316 apud
740 1244 943 1302 Mosem
974 1246 1205 1318 legimus
1254 1246 1505 1302 addenda
1535 1262 1845 1314 censemus,
1894 1247 1989 1319 qui

413 1354 562 1403 cum,
591 1338 660 1394 ad
706 1339 985 1409 exemplar
1010 1339 1113 1395 sibi
1148 1338 1606 1405 demonstratum,
1646 1340 1830 1396 Aaron
1877 1339 1991 1396 l'ra-

412 1436 552 1484 trem
595 1444 754 1485 suum
800 1429 1108 1500 pontiﬁcem
1150 1430 1563 1496 constituisset,
1599 1431 1743 1487 sicut
1794 1447 1990 1487 oracu-

412 1521 528 1576 lum
567 1521 671 1592 ipsi
706 1530 1059 1592 praeceperat,
1109 1523 1256 1594 quod
1300 1523 1460 1590 dixit,
1496 1542 1516 1576 ι
1570 1522 1762 1580 Facies
1804 1525 1989 1580 omnia

413 1612 484 1668 ad
539 1614 819 1684 exemplar
873 1614 1308 1671 demonstratum
1368 1615 1470 1671 tibi
1525 1615 1581 1670 in
1636 1625 1821 1670 monte
1851 1616 1920 1682 ⁷⁸,
1963 1636 1982 1670 ι

416 1706 578 1776 plane
626 1706 973 1777 signiﬁcavit,
1019 1707 1167 1778 quod
1213 1707 1413 1763 mentis
1464 1707 1663 1771 oculis,
1693 1707 1990 1779 divinoque

2088 599 2275 669 αγωγῇ
2324 593 2465 670 ἦσαν
2519 598 2854 664 ἀτενίζοντες
2893 596 3076 669 αύτῷ,
3123 598 3326 670 ἤρξατο
3372 597 3430 653 δὲ
3482 598 3668 670 λέγειν

2088 689 2225 762 πρὸς
2262 689 2491 756 αὐτοὺς,
2527 690 2610 744 ὅτι
2648 709 2667 741 ι
2702 690 2950 763 Σήμερον
2987 688 3343 761 πεπλήρωται
3387 691 3422 762 η
3469 691 3669 767 Γραφὴ

2088 781 2228 853 αῦτη
2253 783 2312 835 ὲν
2342 784 2453 846 τοῖς
2476 782 2607 836 ώσὶν
2634 781 2807 853 ὑμῶν.
2836 801 2855 834 ι
2886 781 3008 835 Ἐπὶ
3030 780 3240 845 τούτοις
3268 780 3440 835 ἆπασι
3475 782 3568 836 καὶ
3593 783 3667 837 τὰ

2087 871 2330 937 Μωσέως
2369 868 2524 936 αὖθις
2564 871 2946 945 παραθετέον,¹;
2975 871 3036 936 ὃς
3069 870 3210 926 κατά
3243 871 3338 926 τὸν
3385 873 3671 945 δειχθέντα

2088 964 2235 1037 αύτῷ
2257 965 2450 1031 τύπον,
2477 965 2568 1021 τὸν
2611 965 2740 1020 ἴδιον
2780 964 3006 1036 ἀδελφὸν
3035 965 3126 1019 τὸν
3157 964 3369 1037 ’Δαρὼν
3402 966 3669 1039 ἀρχιερέα

2088 1058 2590 1129 καταστησάμενος,
2622 1055 2929 1121 ἀκολούθως
2951 1056 3029 1129 τῷ
3060 1058 3293 1129 φήσαντι
3327 1059 3464 1131 πρὸς
3501 1060 3671 1114 αὐτὸν

2088 1152 2340 1226 χρησμῷ,
2373 1171 2394 1205 ι
2423 1152 2676 1220 Ποιήσεις
2706 1151 2882 1207 πάντα
2926 1150 3064 1205 κατά
3104 1152 3196 1206 τὸν
3233 1150 3403 1206 τύπον
3426 1152 3521 1206 τὸν
3550 1153 3670 1207 δει-

2088 1245 2286 1318 χθέντα
2319 1262 2400 1299 σοι
2442 1247 2501 1298 ἑν
2537 1243 2616 1317 τῷ
2643 1244 2796 1318 ὄρει,
2828 1263 2847 1296 ι
2873 1243 3031 1315 δῆλός
3070 1245 3252 1310 ἐστιν,
3288 1244 3365 1308 ὡς
3406 1247 3523 1310 τοῖς
3564 1247 3671 1318 τῆς

2087 1337 2323 1402 διανοίας
2353 1336 2565 1408 ὄμμασι
2602 1335 2799 1407 καὶτῷ
2838 1335 2968 1407 θείῳ
3002 1333 3278 1406 Πνεύματι
3318 1335 3546 1391 συνιδὼν
3572 1336 3671 1392 τὸν

2092 1428 2263 1500 μέγαν
2277 1428 2385 1481 τῶν
2402 1426 2537 1482 ὅλων
2553 1427 2829 1501 ἀρχιερέα,
2844 1427 2933 1481 τὸν
2950 1426 3120 1499 ἀληθῆ
3137 1426 3368 1499 Χριστὸν
3386 1427 3483 1480 τοῦ
3501 1426 3665 1494 Θεοῦ,

2087 1516 2149 1576 οῦ
2173 1520 2311 1593 μετά
2344 1520 2441 1592 τῆς
2497 1519 2662 1592 ἄλλης
2697 1519 3013 1591 σωματικῆς
3036 1519 3131 1572 καὶ
3150 1518 3385 1589 τυπικῆς
3407 1518 3667 1591 λατρείας

2086 1612 2184 1685 τὴν
2211 1614 2394 1668 εἰκόνα
2410 1612 2746 1685 διαγράφων,
2779 1611 2870 1666 τὸν
2890 1610 3195 1683 δηλωθέντα
3216 1615 3281 1685 τῇ
3311 1612 3406 1666 τοῦ
3427 1612 3667 1685 ἀληθοῦς

2088 1704 2324 1778 Χριστοῦ
2362 1704 2720 1778 προσωνυμίᾳ
2757 1704 3040 1776 τετίμηκε.
3070 1703 3241 1758 Τοῦτο
3276 1702 3333 1759 δὲ
3364 1707 3669 1779 παρίστησι

412 1798 612 1869 spiritu
641 1813 897 1869 magnum
942 1798 1181 1854 universi
1214 1798 1524 1870 pontiﬁcem
1552 1799 1766 1864 viderit,
1800 1815 1984 1855 verum

2091 1798 2234 1852 καὶὸ
2259 1798 2402 1863 θεῖος
2429 1796 2741 1861 ἀπόστολος,
2767 1796 2940 1866 λέγων
2973 1798 3101 1870 περὶ
3125 1798 3232 1853 τῶν
3261 1799 3400 1854 κατά
3416 1800 3509 1855 τδν
3528 1803 3667 1857 Μω-

415 1892 600 1963 utique
647 1891 925 1948 Christum
974 1890 1092 1959 Dei,
1126 1893 1286 1962 cujus
1332 1891 1462 1947 dum
1514 1892 1803 1964 imaginem
1856 1908 1983 1948 cum

412 1985 517 2040 alia
540 1985 809 2056 corporali
835 1985 1005 2057 ﬁgura
1055 2001 1196 2058 aque
1218 1984 1538 2041 adoratione
1553 1984 1814 2041 describit
1834 2001 1981 2051 eum,

410 2077 504 2144 qui
533 2073 638 2130 sibi
676 2074 749 2129 sit
782 2075 1209 2141 demonstratu's,
1242 2075 1471 2132 alterius
1502 2075 1618 2131 veri
1648 2075 1854 2132 Christi
1884 2093 1983 2148 ap-

411 2165 704 2235 pellatione
756 2164 1061 2222 adornavit.
1106 2165 1287 2239 Ipsum
1336 2165 1442 2222 hoc
1496 2166 1716 2224 divinus
1768 2184 1987 2240 quoque

408 2256 707 2327 Apostolus
745 2259 1087 2330 comprobat,
1125 2259 1217 2315 ubi
1266 2259 1362 2316 de'
1387 2259 1555 2316 Mosis
1601 2261 1813 2333 legibus
1852 2262 1986 2319 dicit

413 2336 550 2403 illud
586 2367 601 2404 :
645 2369 663 2402 ι
724 2348 828 2417 Qui
869 2350 1163 2422 exemplari
1209 2359 1374 2423 atque
1424 2351 1631 2408 umbrae
1673 2352 1987 2409 deserviunt

410 2441 876 2510 supercmlestium
905 2444 972 2498 ⁷⁸.
1011 2462 1030 2495 ι
1070 2441 1136 2497 Et
1172 2456 1365 2501 rursus
1409 2463 1423 2499 :
1476 2463 1495 2495 ι
1532 2442 1792 2499 Umbram
1838 2446 1985 2501 enim

408 2530 620 2587 habens
662 2532 747 2588 lex
799 2532 1105 2588 futurorum
1153 2533 1420 2590 bonorum
1452 2535 1520 2590 ".
1572 2554 1593 2588 ι
1628 2535 1695 2589 Ει
1735 2551 1930 2592 rursus
1966 2555 1982 2592 :

415 2638 436 2673 ι
472 2619 643 2677 Nemo
674 2622 842 2694 igitur
878 2639 977 2679 vos
999 2622 1211 2693 judicet
1253 2625 1309 2679 in
1338 2624 1463 2681 cibo
1491 2633 1587 2681 aut
1621 2634 1775 2695 potu,
1811 2634 1906 2681 aut
1930 2627 1985 2682 in

407 2720 566 2783 parte
607 2712 717 2769 diei
769 2712 927 2778 festi,
958 2721 1057 2768 aut
1101 2714 1418 2780 neomeniat,
1450 2722 1546 2769 aut
1596 2714 1981 2780 Sabbatorum,

409 2818 531 2873 qua;
571 2811 701 2860 sunt
750 2804 944 2860 umbra
1005 2805 1315 2861 futurorum
1343 2808 1411 2864 ".
1448 2827 1468 2861 ι
1502 2806 1638 2864 Nam
1672 2808 1722 2865 si
1764 2823 1886 2879 quae
1914 2810 1984 2867 ad

408 2896 658 2952 ciborum
692 2895 1112 2953 indiﬁ‘erentiam
1141 2899 1436 2970 pertinent.
1463 2909 1517 2958 et
1549 2918 1671 2973 quae
1696 2903 1764 2959 de
1789 2903 1984 2962 diebus

312 3019 333 3029 -
410 2986 565 3042 festis
592 2994 649 3042 et
672 2988 916 3046 sabbatis
948 2991 1064 3062 lege
1119 2993 1328 3047 sancita
1358 3002 1506 3059 sunt,
1532 2998 1691 3066 quasi
1732 2997 1983 3054 umbram

407 3078 684 3148 habentia,
718 3078 991 3153 picturam
1034 3083 1265 3139 aliarum
1294 3092 1350 3140 et
1378 3102 1628 3144 verarum
1659 3097 1714 3145 et
1740 3092 1984 3147 occulta-

407 3187 530 3227 rum
560 3187 744 3228 rerum
773 3175 1194 3242 conservabant,
1222 3192 1332 3232 non
1364 3177 1635 3238 immerito
1673 3183 1751 3239 sis
1787 3183 1983 3239 dictu-

407 3280 541 3330 rus,
585 3265 897 3337 pontiﬁcem
941 3283 1162 3339 quoque
1202 3269 1431 3327 alterius
1478 3273 1756 3347 pontiﬁcis
1808 3275 1985 3332 instar

408 3366 747 3429 assumptum
794 3357 990 3425 fuisse,
1033 3360 1396 3432 eumdemque
1425 3361 1705 3421 Christum
1735 3365 1985 3424 denomi-

408 3459 620 3517 natum,
662 3452 729 3508 ad
763 3452 989 3509 alterius
1030 3462 1087 3508 et
1135 3455 1308 3511 solius
1337 3465 1392 3511 et
1417 3458 1532 3514 veri
1559 3458 1763 3516 Christi
1792 3461 1985 3532 imagi-

409 3560 557 3601 nem.
596 3544 700 3612 Qui
737 3553 919 3602 tamen
951 3561 983 3600 a
1009 3562 1138 3604 vero
1179 3549 1451 3621 tantisper
1478 3551 1829 3623 relinquitur.
1853 3553 1983 3609 dum

406 3652 571 3693 verus
618 3637 837 3709 quidem
886 3638 1173 3706 Christus,
1220 3641 1291 3697 ab
1334 3642 1574 3699 universi
1628 3642 1736 3699 Deo
1785 3644 1981 3699 audit:

412 3745 434 3780 ι
471 3727 614 3785 Sede
642 3744 675 3784 a
722 3731 925 3788 dextris
954 3731 1113 3796 meis.
1144 3733 1321 3788 donec
1350 3749 1548 3806 ponam
1583 3735 1834 3793 inimicos
1862 3744 1986 3793 tuos

405 3822 702 3877 scabellum
724 3823 922 3893 pedum
939 3831 1158 3879 tuorum
1173 3826 1240 3880 ".
1255 3844 1274 3877 ι
1297 3824 1361 3879 Et
1382 3826 1513 3882 illud
1532 3845 1575 3881 τι
1597 3826 1673 3881 Ex
1688 3835 1845 3884 utero
1862 3836 1988 3887 ante

405 3909 717 3968 Luciferum
738 3914 898 3983 genui
920 3914 1053 3970 te".
1080 3934 1099 3968 ι
1124 3915 1187 3969 Et
1204 3916 1333 3971 illud
1355 3937 1367 3971 :
1388 3936 1408 3969 ι
1431 3916 1639 3973 Juravit
1657 3917 1918 3976 Dominus
1932 3929 1989 3977 et

404 4017 517 4060 non
549 4005 831 4075 paenitebit
855 4021 999 4062 eum.
1028 4006 1188 4079 194.
1235 4009 1316 4062 Τιι
1363 4023 1425 4065 es
1453 4011 1710 4066 sacerdos
1746 4011 1802 4066 in
1829 4020 1986 4067 aeter-

404 4112 538 4153 num
573 4098 876 4154 secundum
908 4099 1156 4156 ordinem
1192 4099 1551 4158 Melchisedec
1582 4102 1649 4156 ⁸⁸.
1690 4123 1709 4156 ι
1739 4102 1845 4160 Per
1866 4119 1988 4176 quae

406 4189 569 4262 plane
614 4206 738 4245 cum
771 4192 996 4248 soboles
1026 4191 1122 4248 Dei
1170 4208 1236 4248 ac
1265 4192 1436 4250 Filius
1475 4202 1603 4251 ante
1647 4193 1983 4264 Luciferum,

406 4294 570 4351 atque
599 4290 724 4337 ante
748 4298 913 4339 omne
940 4285 1218 4355 opiﬁcium
1244 4287 1535 4350 exstiterit,
1557 4288 1797 4359 pontifex
1828 4298 1987 4346 aeter-

406 4387 513 4427 nus
551 4380 638 4428 est
670 4372 1004 4432 declaratus.
1046 4375 1214 4434 Mosis
1260 4393 1389 4434 vero
1425 4378 1697 4445 Christus,
1726 4392 1984 4455 tanquam

2086 1890 2223 1954 σέως
2249 1890 2431 1962 νόμον,
2459 1889 2547 1964 τὸ,
2589 1909 2608 1941 ι
2631 1888 2838 1954 Οἴτινες
2879 1889 3237 1962 ὑποδείγματι
3272 1892 3369 1946 καὶ
3399 1894 3526 1965 σκιᾷ
3567 1893 3668 1948 λα-

2083 1981 2335 2054 τρεύουσι
2356 1978 2847 2053 τῶνὲπουρανίων.
2879 1999 2898 2031 ι
2932 1979 3044 2033 Kal
3077 1979 3270 2035 πάλιν·
3308 2000 3327 2032 ι
3357 1981 3525 2035 Σκιάν
3552 1982 3665 2055 γάρ

2085 2076 2223 2150 ἔχων
2254 2077 2283 2130 ὁ
2314 2076 2477 2147 νόμος
2498 2074 2607 2129 τῶν
2659 2073 2958 2146 μελλόντων
3001 2072 3241 2143 ἀγαθῶν.
3273 2093 3292 2126 ι
3320 2075 3431 2129 Kal
3460 2074 3625 2130 πάλιν
3642 2091 3675 2121 ⁸.

2091 2190 2110 2224 ι
2133 2169 2226 2242 Μὴ
2260 2164 2354 2224 οὖν
2376 2186 2457 2234 τις
2480 2168 2624 2240 ὑμᾶς
2647 2165 2876 2239 κρινέτω
2904 2165 2937 2238 ἢ
2974 2167 3032 2220 ἑν
3080 2163 3299 2239 βρώσει,
3327 2165 3361 2238 ἢ
3387 2168 3445 2221 ἑν
3478 2168 3665 2234 πόσει,

2084 2263 2197 2335 ἢέν
2220 2262 2377 2334 μέρει
2410 2260 2624 2333 ἑορτῆς,
2650 2258 2683 2331 ἢ
2714 2258 3087 2331 νουμηνίας,ἢ
3119 2257 3424 2323 σαϐϐάτων,
3465 2259 3503 2314 ἀ
3542 2262 3660 2315 ἑστι

2087 2353 2214 2408 σκιά
2241 2352 2350 2408 τῶν
2377 2352 2692 2424 μελλόντων.
2729 2370 2748 2402 ι
2774 2351 2838 2405 Εἰ
2868 2351 2977 2424 γάρ
3007 2350 3074 2405 τά
3102 2351 3229 2423 περὶ
3252 2352 3352 2424 τῆς
3377 2351 3488 2405 τῶν
3514 2351 3659 2425 βρω-

2087 2446 2273 2515 μάτων
2294 2442 2635 2516 ἀδιαφορίας,
2661 2444 2753 2497 καί
2774 2441 2845 2497 τά
2877 2443 3005 2515 περὶ
3032 2442 3235 2515 ἑορτῶν
3260 2444 3354 2498 καὶ
3387 2443 3664 2499 σαϐϐάτου

2084 2533 2549 2606 νενομοθετημένα
2568 2573 2584 2598 ,
2616 2533 2692 2598 ὡς
2735 2532 2801 2587 ἂν
2834 2531 3034 2605 σκιώδη
3061 2532 3212 2587 σϐντα
3231 2572 3246 2598 ,
3297 2533 3667 2607 ὑπογραμμὸν

2085 2628 2286 2698 ἑτέρων
2319 2625 2533 2698 ἀληθῶν
2579 2625 2673 2680 καὶ
2735 2624 3009 2697 μυστικῶν
3058 2625 3397 2697 πραγμάτων
3435 2625 3665 2690 ἔσωζεν.

2083 2721 2185 2776 οὐκ
2226 2720 2530 2784 ἀπεικότως
2574 2721 2720 2793 ἑρεῖς
2763 2719 2859 2774 καὶ
2902 2719 2992 2773 τὸν
3040 2717 3301 2792 ἀρχιερέα
3340 2720 3420 2783 εἰς
3471 2719 3668 2791 ἑτέρου

2083 2814 2383 2886 ἀρχιερέως
2415 2812 2780 2887 παρειλῆφθαι
2810 2810 3098 2883 σύμϐολον,
3122 2811 3217 2868 καὶ
3234 2811 3470 2884 Χριστὸν
3499 2812 3669 2866 αὐτὸν

2083 2907 2467 2980 ἐπωνομάσθαι
2490 2908 2571 2971 εἰς
2597 2906 2787 2978 ἑτέρου
2827 2903 2923 2960 τοῦ
2953 2905 3115 2978 μόνου
3149 2904 3244 2960 καὶ
3280 2904 3499 2976 ἀληθῶς
3531 2906 3671 2978 Χρι-

2085 2997 2213 3053 στοῦ
2236 3014 2251 3030 ο
2281 2997 2534 3055 τοσοῦτον
2561 3015 2626 3068 γε
2667 2997 2773 3070 μὴν
2793 2996 3111 3069 λειπόμενον
3145 2995 3239 3051 τοῦ
3273 2995 3528 3069 ἀληθοῦς,
3564 3014 3671 3052 κα-

2085 3089 2239 3145 θόσον
2288 3089 2318 3142 ὁ
2368 3087 2468 3159 μὲν
2517 3087 2722 3160 ἀληθὴς
2768 3087 2999 3160 Χριστὸς
3047 3088 3184 3160 πρὸς
3225 3086 3319 3141 τοῦ
3369 3087 3478 3142 τῶν
3523 3087 3666 3143 ὅλων

2083 3178 2218 3232 Θεοῦ
2252 3178 2459 3233 ἀκούειο
2490 3198 2508 3230 ι
2532 3178 2716 3235 Κάθου
2741 3179 2807 3233 ἐκ
2829 3178 3019 3247 δεξιῶν
3052 3196 3174 3251 μου,
3198 3178 3304 3243 ἓως
3330 3178 3397 3234 ἂν
3433 3178 3511 3232 θῶ
3534 3181 3668 3246 τοὺς

2084 3269 2309 3344 ἐχθρούς
2320 3288 2412 3325 σου
2429 3270 2713 3326 ὑποπόδιον
2727 3271 2833 3325 τῶν
2849 3269 3024 3325 ποδῶν
3045 3287 3159 3324 σου·
3186 3289 3203 3324 ι
3220 3272 3349 3335 Kal,
3361 3290 3379 3323 ι
3403 3272 3669 3326 Κατακυ-

2087 3362 2233 3433 ρίευε
2268 3364 2326 3416 ἑν
2358 3363 2507 3435 μέσῳ
2536 3363 2645 3417 τῶν
2677 3362 2885 3436 ἐχθρῶν
2924 3380 3051 3417 σου·
3077 3363 3242 3428 »Καὶ,
3262 3383 3282 3414 ι
3314 3364 3407 3418 Ἐκ
3424 3364 3671 3436 γαστρὸς

2086 3453 2193 3526 πρὸ
2216 3453 2522 3527 Ἑωσφόρου
2564 3455 2829 3527 ἑγέννησά
2852 3472 2911 3509 σε
2930 3473 2943 3486 ·
2967 3474 2986 3507 ι
3019 3456 3129 3509 Kal
3161 3476 3181 3508 ι
3208 3456 3409 3526 Ὤμοσε
3430 3454 3669 3528 Κύριος,

2089 3547 2187 3602 καὶ
2202 3548 2261 3602 ού
2282 3548 2788 3622 μεταμεληθήσεται
2806 3566 2821 3580 ο
2837 3550 2909 3604 Σὺ
2938 3550 3114 3622 ἱερεὺς
3130 3551 3208 3614 εἰς
3227 3550 3319 3604 τὸν
3334 3549 3503 3606 αἰῶνα
3520 3553 3676 3608 κατά

2085 3644 2184 3712 τὴν
2214 3639 2364 3705 τάξιν
2394 3640 2750 3713 Μελχισεδέκ.
2804 3661 2823 3694 ι
2843 3643 2920 3694 Δι’
2944 3635 3019 3697 ὧν
3046 3641 3251 3713 σαφῶς,
3295 3644 3540 3717 γέννημα
3566 3648 3672 3701 καὶ

2088 3731 2214 3797 Υἱὸς
2229 3729 2363 3785 Θεοῦ
2380 3732 2485 3807 πρὸ
2497 3733 2830 3806 Ἑωσφόρου,
2852 3735 2946 3789 καὶ
2974 3734 3080 3806 πρὸ
3108 3734 3288 3807 πάσης
3302 3734 3671 3808 δημιουργίας

2089 3825 2350 3890 ὑποστὰς,
2381 3824 2597 3890 αἰώνιος
2629 3826 2918 3899 ἀρχιερεὺς
2939 3823 3335 3897 ἀναπέφανται.
3366 3827 3423 3881 '0
3443 3826 3501 3881 δὲ
3529 3829 3667 3883 Μω-

2090 3918 2230 3983 σέως
2248 3918 2503 3990 Χριστὸς,
2519 3912 2632 3972 οἷον
2647 3921 2703 3972 ἑν
2714 3918 2972 3991 δράματι,
2994 3919 3084 3974 τὸν
3109 3919 3277 3974 τύπον
3292 3920 3548 3993 ἑνβραχεί
3557 3937 3673 3975 και·

2089 4009 2564 4086 θυποκρινάμενος
2588 4011 2765 4083 χρόνῳ
2783 4052 2798 4078 ,
2830 4015 3006 4068 κεῖται
3029 4015 3086 4066 ἑν
3119 4011 3332 4084 θνητοῖς
3351 4013 3672 4085 λελογισμέι

2089 4121 2202 4170 νος,
2220 4104 2395 4177 ἑτέρῳ
2415 4104 2511 4177 τὴν
2527 4105 2783 4177 ἀλήθειαν
2798 4104 2875 4177 τῷ
2890 4105 3034 4176 μόνῳ
3049 4106 3143 4160 καὶ
3157 4105 3348 4179 ἀληθεί
3366 4105 3665 4180 παραδούς

2087 4200 2180 4254 καὶ
2202 4201 2231 4254 ό
2279 4200 2378 4271 μὲν
2398 4199 2604 4273 ἀληθὴς
2628 4200 2860 4273 Χριστὸς
2883 4200 2944 4253 ού
2974 4199 3187 4272 δεηθεὶς
3211 4200 3309 4272 τῆς
3336 4200 3474 4254 κατά
3524 4200 3672 4256 Μωσ-

2089 4293 2185 4347 σέα
2211 4292 2462 4366 χρίσεως,
2477 4293 2585 4347 οὐδ’
2614 4291 2793 4347 ἑλαίου
2817 4290 3114 4347 σκευαστοῦ
3136 4290 3230 4346 καὶ
3252 4291 3483 4361 γεώδους
3503 4290 3666 4364 ῦλης,

2085 4386 2237 4458 ὅμως
2278 4386 2379 4457 τῆς
2415 4386 2614 4459 ἀρετῆς
2654 4387 2748 4441 xal
2780 4386 2880 4457 τῆς
2931 4386 3313 4457 προσωνυμίας
3353 4385 3452 4457 τῆς
3493 4385 3669 4440 αὑτοῦ

406 4461 465 4516 in
485 4463 707 4517 scenica
729 4465 963 4529 actione,
985 4467 1053 4523 ad
1076 4469 1240 4525 breve
1267 4470 1567 4528 adornatus
1589 4474 1984 4547 simulatusque

2087 4477 2185 4549 τὴν
2230 4478 2553 4550 οἰκουμένην
2608 4477 2919 4550 κατέπλησε
2942 4517 2958 4542 ,
3009 4476 3338 4549 παρώνυμον
3390 4477 3557 4531 αὑτοῦ
3604 4478 3670 4533 τὸ

402 4561 622 4622 tempus
674 4554 818 4611 inter
846 4560 1108 4616 mortales
1143 4562 1355 4632 positus
1387 4574 1843 4638 computatusque
1870 4577 1976 4637 est,

403 4648 580 4710 alteri,
616 4649 709 4718 qui
752 4650 901 4707 solus
927 4660 1013 4708 est
1055 4669 1240 4720 verus,
1271 4657 1471 4711 tradita
1498 4658 1726 4716 veritate
1755 4680 1768 4716 :
1807 4670 1862 4716 et
1889 4678 1983 4719 ve-

402 4756 501 4796 rus
556 4743 773 4813 quidem
819 4744 1115 4811 Christus,
1165 4764 1343 4820 neque
1392 4748 1642 4807 Mosaicae
1678 4755 1978 4822 unctionis,

402 4850 580 4907 neque
608 4836 711 4891 olei
744 4838 1041 4896 artiﬁciose
1078 4841 1334 4907 confecti,
1374 4846 1718 4902 terrestrisve
1744 4847 1977 4918 alicujus

404 4927 644 4983 materiae
692 4928 978 5000 indigens,
1027 4941 1207 4989 tamen
1247 4937 1450 4992 virtute
1507 4939 1976 5012 appellationeque

400 5032 503 5075 sua
541 5027 715 5075 totum
760 5029 1031 5078 terrarum
1073 5026 1260 5083 orbem
1312 5028 1603 5099 implevit:
1639 5031 1840 5102 quippe
1882 5033 1979 5103 qui

398 5110 814 5170 denominatum
847 5131 878 5171 a
912 5119 1096 5189 seipse
1144 5122 1197 5175 in
1247 5122 1503 5177 omnibus
1542 5126 1792 5195 gentibus
1817 5125 1980 5181 Chri-

399 5205 704 5261 stianorum
740 5208 1040 5266 instituerit
1064 5227 1256 5283 genus.
1280 5213 1448 5272 Mosis
1477 5232 1608 5272 vero
1630 5218 1883 5274 Christus
1911 5236 1981 5276 ne

399 5294 457 5350 in
485 5297 799 5357 hominibus
823 5303 1067 5373 quidem,
1103 5309 1247 5376 quod
1277 5324 1517 5379 unquam
1545 5325 1742 5365 nomen
1774 5311 1983 5367 habue-

399 5391 494 5456 rit,
541 5395 890 5469 perspicuum
936 5398 1076 5463 fuit,
1134 5403 1236 5458 nisi
1272 5413 1541 5474 quatenus
1586 5404 1761 5475 ipsius
1809 5405 1977 5462 Mosis

399 5486 602 5555 scripta
657 5489 1011 5558 prodiderint.
1068 5493 1134 5548 Et
1183 5496 1269 5550 hic
1316 5497 1535 5567 quidem
1587 5513 1711 5554 sero
1757 5499 1977 5555 tandem

498 5662 546 5693 ’⁷³
574 5662 706 5721 Luc.
757 5683 832 5731 Iv,
865 5670 954 5724 2|.

734 5683 841 5751 HN}.-
865 5673 954 5751 2_l.
1138 5673 1446 5751 _E_xo¢_l.xxr,
1483 5683 1573 5740 40.

398 5746 508 5799 cu,
542 5734 590 5789 l.
666 5736 863 5795 “ibid.
888 5741 942 5795 5.

1017 5742 1063 5775 "
1082 5745 1214 5803 ibid.
1250 5748 1303 5804 ι.

1680 5685 1726 5718 ⁷⁸
1752 5683 1917 5741 Hebr.
1966 5700 2084 5753 vui,
2117 5684 2171 5740 5.

2084 4570 2426 4643 Χριστιανῶν
2445 4572 2599 4640 γένος
2629 4573 2688 4625 ἑν
2710 4571 2843 4625 πᾶσι
2873 4573 2986 4635 τοῖς
3013 4569 3190 4625 ἔθνεσι
3216 4570 3630 4643 συστησάμενος
3647 4587 3665 4603 ³

2082 4667 2113 4720 ό
2179 4663 2235 4718 δὲ
2274 4662 2553 4727 Μωσέως,
2599 4662 2708 4717 οὐδ’
2760 4663 2842 4716 ὅτι
2897 4663 3027 4717 ποτὲ
3076 4665 3135 4717 ὲν
3183 4660 3490 4733 ἀνθρώποις
3531 4662 3669 4716 ώνο-

2084 4757 2288 4830 μάσθη,
2311 4756 2470 4828 δῆλος
2534 4752 2632 4829 ἦν,
2672 4759 2722 4810 εἰ
2758 4756 2832 4829 μὴ
2862 4755 2950 4811 διὰ
2992 4756 3093 4828 τῆς
3134 4756 3378 4820 Μωσέως
3416 4756 3665 4828 γραφῆς.

2082 4852 2187 4906 Kal
2221 4846 2375 4915 οὗτος
2421 4850 2517 4922 μὲν
2557 4849 2657 4920 ὀψέ
2706 4867 2837 4905 ποτε
2878 4849 3016 4922 μετά
3063 4849 3162 4922 τὴν
3206 4848 3381 4917 ἔξοδον
3417 4849 3519 4920 τὴν
3554 4848 3670 4902 ἀπὸ

2079 4943 2355 5013 Αἰγύπτου
2391 4945 2866 5017 περιρραντηρίοις
2906 4944 3018 5000 τισὶ
3048 4944 3141 4998 καὶ
3176 4946 3296 5008 ταῖς
3325 4943 3391 4996 δι’
3413 4942 3669 5013 αἱμάτων

2081 5038 2294 5103 θυσίαις
2327 5036 2642 5110 καθαρθεὶς,
2677 5038 2855 5107 ἐλαίῳ·
2877 5037 3130 5110 κέχριστο
3192 5035 3492 5106 σκευαστῷ,
3532 5036 3670 5090 Μω-

2082 5131 2223 5195 σέως
2255 5130 2413 5185 αὐτὸν
2452 5130 2798 5203 κεχρικότος·
2831 5132 2859 5184 ὁ
2886 5130 2944 5184 δὲ
2988 5129 3290 5202 ἀρχέτυπος
3327 5129 3421 5182 καὶ
3455 5127 3667 5201 ἀληθὴς

2082 5222 2320 5294 ἀρχῆθεν
2366 5224 2465 5278 καὶ
2504 5224 2584 5286 εἰς
2630 5223 2856 5295 ἄπειρον
2889 5224 3094 5287 αἰῶνα,
3137 5223 3258 5289 ὅλος
3300 5222 3367 5278 δι’
3399 5221 3521 5293 ὅλου
3567 5222 3668 5278 καὶ

2084 5314 2246 5378 αὐτὸς
2295 5315 2447 5387 αὐτῷ
2492 5314 2561 5370 τά
2617 5315 2794 5369 πάντα
2822 5316 3039 5387 ὅμοιος,
3092 5316 3215 5388 μηδ’
3243 5313 3421 5369 ὁτιοῦν
3453 5313 3671 5385 παραλ-

2082 5403 2311 5469 λάττων,
2347 5406 2581 5479 Χριστὸς
2610 5403 2677 5479 ἦν
2703 5409 2809 5471 ἀεὶ,
2845 5408 2939 5462 καὶ
2975 5408 3080 5480 πρὸ
3120 5408 3220 5480 τῆς
3253 5409 3310 5460 ἑν
3354 5405 3670 5478 ἀνθρώποις

2084 5498 2395 5570 ἐπιδημίας,
2420 5500 2513 5555 καὶ
2544 5503 2659 5571 μετ’
2683 5500 2850 5572 αὐτὴν
2878 5501 3097 5572 ὁμοίως,
3122 5501 3182 5554 οὐ
3208 5500 3344 5573 πρὸς
3372 5496 3671 5571 ἀνθρώπου

2280 5684 2512 5743 "Hebr.
2564 5703 2619 5753 ι,
2674 5687 2724 5743 1.
2801 5683 3083 5743 ττεοιοεε.
3134 5701 3195 5751 ιι,
3244 5685 3330 5742 l6.
3436 5686 3487 5719 "
3510 5685 3664 5751 Psal.
