3930 6202
211 294 324 348 323

1133 286 1787 345 DEMONSTRATIONIS
1825 286 2288 343 EVANGELICIE
2328 286 2457 343 LIB.
2491 286 2579 343 IV.

3362 289 3469 345 ’ὀΞῦ

208 410 337 463 οὐδὲ
375 408 442 461 δι’
480 407 611 480 ὕλης
642 408 740 479 τῆς
783 410 839 461 ἐν
873 408 1195 482 ἀνθρώποις,
1237 410 1372 463 ἀλλὰ
1407 410 1542 479 πρὸς
1575 409 1668 462 τοῦ
1699 411 1791 462 ἐπὶ

1910 418 2017 479 post
2058 407 2263 462 exitum
2309 406 2376 461 de
2428 405 2695 478 Egypto,
2737 406 2883 461 vasis
2935 405 3260 475 quibusdam
3319 410 3470 478 puris

215 501 440 557 πάντων
488 499 624 553 Θεοῦ
675 504 740 571 τῇ
782 502 962 569 ἀγενεῖ
1006 500 1219 573 θεότητι
1266 502 1640 572 κεχρισμένος.
1686 500 1796 553 Καὶ

213 594 520 664 ἐπειδήπερ
565 593 627 645 τὸ
671 593 771 662 τῆς
826 594 1193 665 προσηγορίας
1243 593 1405 647 αὐτοῦ
1462 594 1589 664 παρ’
1642 591 1795 663 ἡμῶν

217 687 566 753 ἐξετάζεται,
619 685 729 737 τῶν
762 685 1065 755 εἰρημένων
1108 685 1363 739 ἁπάντων
1418 684 1503 756 εἴη
1559 684 1624 738 ἂν
1680 686 1797 736 ὲπι-

219 780 547 848 σφράγισμα
571 775 631 828 τὸ
654 777 803 846 παρὰ
843 775 920 846 τῷ
961 778 1256 849 σοφωτάτῳ
1283 776 1586 848 Σολομῶντι
1621 777 1796 846 λόγιον

219 871 432 939 φάσκον
462 869 520 922 ἐν
544 867 625 938 τῷ
653 869 889 939 ’ᾼσματι
916 868 1024 922 τῶν
1051 870 1337 941 ᾀσμάτων·
1374 889 1392 921 ι
1422 870 1608 941 Μῦρον
1639 872 1797 922 ἐκκε-

217 959 391 1014 νωθὲν
417 959 588 1030 ὄνομά
626 975 741 1011 σου.
778 979 796 1009 ι
822 954 985 1023 Οὗτος
1022 959 1130 1031 γὰρ
1159 960 1325 1031 ὲνθέῳ
1370 961 1529 1031 σοφίᾳ
1568 978 1797 1032 κεχορη-

216 1053 481 1123 γημένος,
517 1054 609 1106 καὶ
657 1050 1007 1117 καταξιωθεὶς
1049 1052 1498 1125 ἀπορρητοτέρων
1543 1054 1669 1124 περὶ
1702 1052 1795 1105 τοῦ

217 1143 460 1214 Χριστοῦ
495 1143 588 1196 καὶ
616 1143 713 1213 τῆς
746 1142 1069 1213 Ἐκκλησίας
1098 1143 1260 1197 αὐτοῦ
1292 1144 1679 1215 θεωρημάτων,
1705 1146 1798 1197 καὶ

214 1236 311 1288 τοῦ
342 1236 439 1307 μὲν
474 1235 548 1298 ὡς
580 1236 901 1306 ἐπουρανίου
946 1235 1197 1306 νυμφίου,
1238 1237 1337 1306 τῆς
1378 1236 1435 1288 δὲ
1474 1237 1548 1299 ὼς
1580 1237 1798 1307 νύμφης

214 1328 389 1382 αὐτοῦ
434 1328 834 1399 μνημονεύσας,
872 1329 1296 1400 ἐπιζητουμένου
1326 1329 1379 1382 τί
1408 1329 1515 1401 ἄρα
1540 1325 1606 1398 ἦν
1629 1330 1798 1399 ὄνομα

209 1422 298 1491 τῷ
322 1423 560 1492 νυμφίῳ,
586 1424 845 1490 ἐπιφωνεῖ
864 1421 939 1484 ὼς
963 1421 1097 1491 πρὸς
1125 1421 1287 1475 αὑτὸν
1312 1422 1505 1490 λέγων.
1536 1422 1608 1475 Τὸ
1629 1422 1799 1492 ὄνομά

215 1531 342 1577 σου,
378 1514 594 1584 νυμφίε,
624 1514 792 1585 μύρον
822 1515 958 1578 ἐστὶ,
986 1516 1078 1567 καὶ
1106 1515 1273 1587 μύρον
1306 1516 1401 1587 οὐχ
1423 1516 1631 1581 ἁπλῶς,
1663 1516 1799 1570 ἀλλὰ

214 1606 619 1675 κεκενωμένον.
649 1606 805 1659 Ποῖον
833 1606 890 1659 δὲ
916 1606 979 1659 ἂν
1005 1608 1226 1678 γένηται
1254 1607 1422 1679 ὄνομα
1448 1608 1621 1680 μύρου
1644 1626 1798 1662 κεκε-

216 1697 469 1768 νωμένου
495 1695 786 1766 δηλωτικὸν
818 1697 850 1768 ἢ
884 1697 945 1749 τὸ
979 1696 1074 1750 τοῦ
1110 1698 1344 1769 Χριστοῦ
1373 1700 1573 1770 δνομα;
1600 1700 1660 1752 ού
1691 1699 1798 1771 γὰρ

1898 501 2249 568 cruentisque
2297 497 2583 553 sacriﬁciis
2630 507 2912 567 purgatus,
2965 498 3086 551 oleo
3140 508 3337 556 unctus
3388 511 3473 557 est

1898 601 2216 661 comparato
2272 592 2449 660 ipsum
2497 588 2701 643 Moscm
2754 591 2980 646 sortitus
3022 598 3326 647 unctorem.
3376 592 3473 648 Ille

1896 700 2028 739 vero
2063 684 2244 739 omnis
2274 682 2461 737 formm
2498 683 2790 753 archetypa
2827 690 2880 737 et
2908 699 3092 746 verus,
3125 684 3193 738 ab
3228 684 3383 738 initio
3414 684 3472 739 in

1900 776 2174 831 inﬁnitum
2225 791 2399 846 usque
2431 791 2627 839 aavum,
2677 782 2824 829 totus
2857 791 2954 844 per
2997 783 3193 842 totum,
3248 778 3476 849 ipseque

1899 871 2004 925 sibi
2036 872 2088 924 in
2128 870 2383 923 omnibus
2413 868 2630 931 similis,
2665 883 2935 937 nusquam
2966 869 3262 940 quidquam
3296 878 3475 924 muta-

1897 961 2067 1016 tionis
2096 961 2390 1030 accipiens,
2420 957 2674 1014 Christus
2700 974 2913 1028 semper
2943 958 3067 1023 fuit,
3098 961 3261 1015 etiam
3290 962 3475 1031 prius-

1898 1069 2060 1122 quam
2109 1052 2175 1106 ad
2224 1052 2473 1106 homines
2518 1052 2765 1117 venerit,
2806 1059 2970 1121 atque
3020 1052 3204 1109 itidem
3250 1060 3471 1123 postea,

1898 1158 2009 1196 non
2032 1143 2119 1198 ille
2140 1142 2357 1211 quidem
2383 1142 2451 1195 ab
2476 1141 2715 1203 homine,
2742 1155 2917 1210 neque
2942 1142 3051 1195 ulla
3075 1144 3320 1205 materia,
3353 1158 3477 1213 quae

1901 1235 2041 1290 inter
2069 1236 2319 1289 homines
2354 1235 2689 1304 reperiatur,
2727 1234 2822 1289 sed
2878 1251 2907 1288 a
2950 1252 3207 1304 supremo
3242 1237 3354 1292 Deo
3389 1238 3475 1292 in-

1900 1328 2080 1396 genita
2110 1325 2398 1380 divinitate
2426 1336 2642 1379 unctus.
2681 1324 2745 1377 Et
2775 1328 3034 1395 quoniam
3081 1329 3148 1382 de
3196 1329 3344 1383 illius
3378 1344 3475 1400 ap-

1899 1419 2191 1488 pellatione
2246 1421 2301 1473 in
2337 1420 2626 1490 praesentia
2676 1420 3020 1483 disserimus,
3054 1422 3310 1477 omnibus
3355 1437 3479 1492 quae

1900 1514 2044 1568 dicta
2064 1520 2191 1567 sunt
2210 1512 2370 1583 quasi
2393 1515 2607 1584 signum
2634 1514 2974 1585 imprimatur
2991 1514 3144 1579 illud,
3166 1516 3308 1584 quod
3333 1515 3477 1585 apud

1900 1606 2361 1677 sapientissimum
2390 1607 2735 1662 Salomonem
2756 1614 2955 1674 exstat,
2983 1609 3287 1675 oraculum,
3316 1609 3396 1663 sic
3417 1624 3479 1665 se

1902 1698 2109 1755 habens
2137 1700 2191 1753 in
2222 1697 2449 1754 Cantico
2481 1702 2820 1755 canticorum
2861 1720 2872 1755 :
2916 1718 2934 1751 ι
2973 1699 3318 1770 Unguentum
3348 1716 3477 1755 cva-

216 1788 284 1841 ἇν
312 1788 510 1852 ἄλλως,
554 1788 665 1841 οὔτ’
698 1788 763 1843 ἂν
804 1789 1033 1858 γένοιτο,
1069 1788 1179 1842 οῦτ’
1207 1789 1273 1843 ἂν
1306 1791 1631 1864 ὀνομασθείη
1664 1794 1797 1864 Χρι-

1910 1802 2120 1846 :uatum
2159 1807 2356 1847 nomen
2390 1802 2542 1847 tuum
2584 1793 2649 1846 ει.
2692 1813 2709 1845 ι
2739 1792 2873 1847 Nam
2916 1793 3004 1847 hic
3034 1809 3251 1864 quoque
3292 1792 3477 1847 divina

218 1881 425 1951 στὸς,ῆ
477 1880 647 1952 μύρου
690 1880 1071 1951 προχυθέντος.
1112 1882 1321 1934 Ὀποίον
1356 1882 1412 1935 δὲ
1450 1883 1607 1937 τοῦτο
1632 1880 1699 1954 ἦν
1734 1884 1795 1936 τὸ

220 1973 415 2045 μύρον,
433 1967 478 2042 ᾧ
500 1973 741 2044 χρισθεὶς
762 1975 789 2026 ό
803 1972 961 2044 δηλού
970 1991 1128 2044 μενος
1143 1975 1374 2046 Χριστὸς
1395 1975 1793 2043 ἀποπέφανται,

213 2064 306 2118 διὰ
328 2063 439 2119 τῶν
464 2064 695 2136 πρόσθεν
720 2066 849 2135 ἡμῖν
874 2064 1209 2118 ἀποδέδοται.
1243 2065 1522 2119 Τοσούτων
1549 2066 1675 2136 περὶ
1699 2067 1796 2137 τῆς

214 2157 313 2211 τοῦ
346 2158 580 2230 Χριστοῦ
611 2157 981 2228 προσηγορίας
1019 2157 1475 2230 διηγορευμένων,
1512 2159 1664 2231 φέρε,
1702 2160 1795 2212 καὶ

220 2252 475 2322 περὶτῆς
498 2249 591 2303 τοῦ
630 2250 805 2320 Ἰησοῦ
844 2248 1280 2321 διασκεψώμεθα.

1903 1887 2167 1955 sapientia
2196 1885 2452 1951 donatus,
2482 1896 2537 1941 et
2568 1886 2765 1957 dignus
2786 1887 3006 1941 habitus
3033 1887 3123 1956 qui
3151 1901 3272 1957 qua:
3295 1901 3480 1941 secre-

1898 1980 2042 2033 tiora
2075 1984 2202 2032 sunt
2234 1978 2301 2032 de
2333 1977 2549 2034 Christo
2580 1989 2632 2033 ct
2679 1980 2745 2033 de
2787 1979 2908 2048 ejus
2943 1978 3181 2034 Ecclesia
3231 1987 3480 2034 contem-

1903 2070 2182 2139 plaretur;
2237 2070 2486 2139 idemque
2536 2086 2657 2124 cum
2718 2071 2880 2125 unius
2939 2072 3158 2142 quidem
3215 2080 3477 2141 tanquam

1904 2164 2090 2233 sponsi
2126 2164 2556 2234 supercoelestis,
2589 2166 2814 2220 alterius
2846 2177 3099 2235 tanquam
3134 2166 3278 2221 illius
3311 2181 3479 2235 Spon-

1904 2270 1979 2309 sae
2035 2256 2364 2310 mentionem
2423 2254 2663 2329 fecisset,
2711 2266 2766 2312 et
2820 2267 3155 2326 quarrcretur
3202 2257 3477 2328 quodnam

222 2343 326 2412 ipsi
372 2358 575 2413 sponso
625 2358 823 2399 nomen
863 2353 1038 2410 esset,
1084 2360 1274 2400 vocem
1309 2346 1515 2400 emittit
1544 2346 1705 2415 quasi
1741 2346 1807 2401 ad
1862 2348 2015 2402 illum
2060 2349 2250 2405 dicens
2287 2369 2299 2403 :
2349 2348 2554 2405 Nomen
2618 2358 2794 2415 tuum,
2852 2366 3084 2420 sponse,
3140 2359 3475 2422 unguentum

222 2444 327 2500 est,
360 2446 413 2493 et
439 2447 773 2509 unguentum
804 2456 910 2495 non
964 2439 1306 2511 simpliciter,
1341 2456 1529 2495 verum
1559 2450 1902 2497 evacuatum.
1954 2442 2124 2497 Porro
2186 2450 2367 2498 autem
2392 2442 2665 2513 quodnam
2715 2442 2933 2497 tandem
2962 2443 3107 2496 aliud
3157 2443 3229 2498 sit
3278 2457 3478 2498 nomen

224 2539 558 2601 unguentum
590 2541 911 2587 evacuaturn
946 2534 1281 2604 signiﬁcans,
1311 2532 1416 2588 nisi
1442 2532 1620 2603 ipsum
1661 2532 1867 2588 Christi
1932 2534 2166 2589 nomen?
2222 2549 2346 2588 nam
2379 2535 2582 2605 alioqui
2613 2550 2788 2604 neque
2828 2534 2946 2589 ﬁeri
2987 2550 3164 2604 neque
3209 2535 3479 2589 nominari

222 2631 396 2699 possit
430 2629 682 2684 Christus
714 2670 728 2693 ,
777 2630 821 2685 si
868 2636 1205 2701 unguentum
1254 2628 1497 2683 infusum
1550 2645 1658 2684 non
1707 2632 1795 2685 sit.
1834 2631 2005 2697 Quale
2046 2646 2176 2686 vero
2222 2630 2326 2686 hoc
2380 2638 2528 2684 esset
2583 2636 2947 2701 unguentum,
3016 2644 3125 2698 quo
3169 2637 3366 2684 unctus
3407 2628 3481 2689 is,

224 2722 293 2776 de
346 2737 454 2792 quo
511 2723 725 2794 agitur,
775 2724 1030 2778 Christus
1087 2732 1171 2780 est
1256 2724 1602 2787 declaratus,
1656 2724 1711 2778 in
1767 2724 1834 2779 iis
1898 2741 2019 2795 qua:
2101 2725 2352 2795 superius
2428 2724 2639 2785 habes,
2706 2739 2736 2776 a
2795 2722 2954 2777 nobis
3020 2730 3303 2776 ostensum
3370 2729 3475 2776 est.

228 2814 386 2885 195
413 2814 551 2869 Cum
588 2816 755 2886 igitur
784 2814 851 2871 de
895 2813 1102 2870 Christi
1159 2815 1522 2886 appellatione
1588 2815 1851 2871 hactenus
1888 2824 1996 2869 tam
2032 2816 2201 2871 multa
2241 2815 2407 2871 locuti
2440 2829 2652 2877 sumus,
2700 2813 2951 2884 agedum,
2987 2811 3053 2868 de
3108 2811 3237 2868 Jesu
3265 2826 3482 2885 quoque

224 2909 587 2966 disseramus.

965 3026 1058 3080 IZ'.

2610 3020 2773 3075 XVII.

218 3139 351 3194 Ὅτι
379 3139 475 3213 καὶ
499 3141 569 3213 τὸᾼ
593 3140 695 3195 τοῦ
724 3140 917 3209 Ἰησοῦ
943 3141 1131 3210 ὄνομα
1161 3141 1319 3209 παρὰ
1344 3141 1467 3208 τοῖς
1498 3144 1802 3211 πρόπαλαι

1910 3141 2058 3210 Quod
2094 3141 2252 3195 etiam
2275 3140 2404 3196 Iesu
2438 3157 2623 3194 nomen
2658 3140 2797 3207 apud
2821 3141 3021 3213 priscos
3056 3138 3151 3194 Dei
3185 3140 3481 3209 familiares

295 3210 410 3264 τοῦ
444 3211 584 3265 Θεοῦ
610 3214 919 3282 γνωρίμοις
946 3212 1270 3282 ἐτετίμητο.

296 3350 520 3423 Πρῶτος
557 3351 717 3405 πάλιν
759 3352 997 3422 Μωσῆς,
1040 3351 1177 3423 πρὸς
1215 3352 1306 3405 τὸν
1353 3352 1518 3406 αὑτοῦ
1562 3354 1803 3425 διάδοχον

214 3442 388 3515 ἑτέρᾳ
434 3441 714 3513 χρώμενος
750 3441 1135 3513 προσωνυμίᾳ,
1180 3440 1386 3514 Ἰησοῦν
1429 3447 1799 3516 μετωνόμασε.

215 3538 541 3609 Γέγραπται
586 3537 726 3609 γάρ’
766 3555 783 3588 ι
826 3536 1009 3590 Ταῦτα
1046 3537 1115 3591 τὰ
1153 3538 1392 3609 ὀνόματα
1426 3537 1534 3590 τῶν
1573 3537 1800 3609 ἀνδρῶν,

216 3627 315 3692 οὓς
356 3628 643 3681 ἀπέστειλε
677 3627 881 3699 Μωσῆς
925 3627 1370 3697 κατασκέψασθαι
1415 3629 1513 3699 τὴν
1555 3628 1678 3698 γῆν,
1712 3628 1805 3680 καὶ

219 3721 548 3792 ἐπωνόμασε
587 3720 791 3791 Μωσῆς
828 3721 917 3774 τὸν
954 3721 1177 3791 Ναυσῆν
1212 3721 1324 3773 υἱὸν
1362 3721 1518 3791 Ναυῆ
1566 3719 1801 3792 Ἰησοῦν,

220 3815 316 3867 καὶ
344 3812 666 3867 ἀπέστειλεν
694 3812 908 3876 αὐτούς.
944 3833 962 3865 ι
994 3814 1135 3885 Ὅρα
1164 3812 1227 3884 δὴ
1262 3809 1354 3868 οὖν
1376 3813 1497 3867 τίνα
1525 3814 1725 3884 τρόπον
1744 3813 1805 3865 ού

226 3906 402 3979 μικρὰ
435 3907 634 3975 νοήσας
674 3907 801 3979 περὶ
842 3904 1056 3975 φύσεως
1095 3905 1375 3976 ὀνομάτων
1415 3908 1443 3958 ό
1488 3907 1803 3976 προφήτης,

222 3999 362 4053 ἀλλὰ
410 4000 505 4051 καὶ
546 3999 773 4051 πλεῖστα
808 3998 909 4052 ὅσα
952 3997 1214 4068 περὶτῶν
1244 3998 1373 4068 παρ’
1406 3997 1554 4068 αὐτῷ
1593 4014 1808 4068 μετονο-

226 4091 555 4164 μαζομὲνων
581 4091 737 4144 θείων
758 4090 985 4162 ἀνδρῶν,
1009 4091 1102 4143 καὶ
1128 4083 1200 4142 ὧν
1229 4089 1389 4142 ἕνεκα
1422 4090 1809 4161 μετονομάζον-

228 4203 349 4250 ται,
386 4184 754 4255 φιλοσοφήσας
773 4225 787 4248 ,
816 4185 1025 4252 εἰσάγει
1049 4182 1140 4236 τὸν
1180 4181 1430 4254 Ἀϐραὰμ
1461 4181 1691 4236 ἔπαθλον
1721 4182 1807 4234 ἐπ’

224 4280 400 4351 ἀρετῇ
459 4276 915 4347 ἀπολαμϐάνοντα
971 4275 1106 4348 πρὸς
1168 4274 1261 4328 τοῦ
1321 4274 1458 4328 Θεοῦ
1522 4273 1618 4345 τὴν
1674 4274 1808 4345 πρὸς

239 4371 496 4442 Ἀϐραὰμ
516 4371 701 4442 ἐντελῆ
729 4370 1097 4442 προσηγορίαν
1113 4386 1125 4396 ·
1152 4370 1288 4441 ὅπερ
1313 4369 1364 4421 τί
1392 4385 1521 4421 ποτε
1544 4367 1724 4438 δηλοῖ,
1748 4367 1807 4418 ού

2467 3214 2518 3265 in
2544 3213 2710 3280 pretio
2738 3212 2916 3280 fuerit.

1974 3349 2192 3405 Primus
2214 3362 2433 3403 rursum
2453 3344 2651 3410 Moses,
2677 3360 2801 3399 cum
2824 3342 2892 3397 ad
2911 3360 3071 3399 suum
3106 3359 3482 3402 successorem

1906 3442 2012 3495 alia
2046 3447 2289 3495 uteretur
2342 3436 2704 3507 appellatione
2730 3477 2745 3502 ,
2775 3434 2962 3492 Jesum
3010 3450 3133 3491 eum
3166 3436 3483 3490 denomina-

1914 3532 2330 3601 vit:Seriptum
2381 3539 2464 3585 est
2484 3529 2654 3591 enim,
2695 3546 2713 3577 ‹
2756 3526 2869 3581 haec
2893 3537 3023 3582 sunt
3076 3528 3300 3583 nomina
3335 3528 3485 3582 viro-

1909 3639 2048 3690 rum,
2077 3638 2216 3694 quos
2252 3620 2401 3677 misit
2430 3619 2608 3675 Moses
2642 3620 2707 3673 ad
2738 3620 3137 3692 inspiciendam
3170 3627 3393 3685 terram,
3428 3627 3485 3676 et

1908 3717 2280 3774 denominavit
2308 3714 2509 3779 Moses,
2538 3713 2773 3769 Nausem
2800 3714 2970 3767 ﬁlium
3004 3712 3169 3779 Nave,
3205 3711 3412 3775 Jesum,
3432 3720 3485 3767 et

1908 3813 2059 3867 misit
2117 3812 2296 3867 eos“.
2339 3829 2356 3861 ι
2423 3808 2745 3871 Considera,
2794 3821 3000 3876 quazso,
3056 3819 3366 3875 parumper,
3424 3809 3486 3857 ut

1908 3909 2171 3981 prepheta
2194 3908 2286 3978 qui
2320 3921 2427 3960 non
2456 3919 2649 3975 parum
2683 3904 2877 3958 doctus
2922 3910 3172 3955 naturam
3202 3899 3484 3955 nominum

1909 4011 2046 4067 erat,
2073 4002 2167 4057 sed
2200 4000 2514 4070 plurimum,
2574 3996 2675 4050 hac
2727 4009 2944 4066 quoque
2971 3994 3024 4047 in
3055 4000 3209 4062 parte
3242 3991 3489 4062 philoso-

1910 4096 2132 4164 phatus,
2180 4101 2240 4148 ut
2283 4108 2351 4147 ex
2393 4091 2462 4147 iis
2511 4089 2719 4143 sanctis
2752 4088 2884 4141 viris
2931 4091 3165 4148 constat,
3203 4099 3343 4154 quos
3371 4084 3487 4152 ipse

1910 4184 2305 4246 denominavit,
2337 4192 2390 4237 et
2422 4197 2488 4235 ex
2524 4179 2708 4235 causis
2758 4185 2979 4246 propter
3000 4190 3140 4245 quas
3166 4172 3487 4228 denomina-

1911 4279 2009 4341 vit,
2042 4276 2244 4346 quippe
2297 4274 2390 4345 qui
2435 4272 2659 4327 inducat
2716 4268 3015 4331 Abraham,
3072 4265 3165 4335 qui
3206 4264 3487 4334 praemium

1911 4371 2131 4425 virtutis
2164 4383 2193 4422 a
2229 4367 2339 4423 Deo
2378 4365 2600 4436 accipit,
2649 4379 2805 4419 suam
2843 4361 3017 4432 ipsius
3043 4358 3316 4413 Abraham
3346 4356 3488 4410 inte-

224 4466 325 4521 νῦν
356 4465 636 4534 διασαφεῖν
681 4466 887 4535 καιρός.
931 4462 1089 4516 Οὖτω
1118 4461 1173 4515 δὲ
1204 4462 1297 4515 καὶ
1331 4462 1430 4534 τὴν
1461 4459 1633 4532 Σαρατ
1662 4460 1802 4531 Σάρ-

1913 4481 2061 4536 gram
2092 4463 2506 4534 appellationem
2534 4501 2548 4524 ,
2581 4459 2725 4531 quod
2761 4474 2894 4513 sane
2929 4455 3188 4526 quidnam
3225 4452 3330 4509 sibi
3361 4451 3491 4506 velit

230 4559 335 4630 ῥαν
384 4557 757 4627 ἐπονομάσας,
792 4558 884 4609 καὶ
913 4556 1124 4625 γέλωτα
1159 4556 1248 4607 τὸν
1287 4555 1470 4608 Ἰσαὰκ
1507 4555 1612 4626 πρὸ
1651 4554 1805 4623 γενέ-

230 4668 375 4714 σεως
415 4649 863 4719 ὲπικεκλημένον,
891 4650 986 4704 καὶ
1022 4650 1111 4703 τὸν
1158 4647 1351 4701 Ἰακὼϐ
1391 4648 1490 4719 τῆς
1528 4647 1702 4717 πάλης
1746 4647 1806 4699 τὸ

233 4745 486 4815 βραϐεῖον
511 4743 597 4797 διὰ
627 4745 723 4815 τῆς
744 4742 836 4796 τοῦ
865 4743 1078 4815 Ἰσραὴλ
1097 4743 1407 4813 ἐπωνυμίας
1426 4741 1806 4812 ἀναδούμενον,

234 4838 409 4909 μυρία
430 4855 488 4890 τε
508 4836 639 4892 ἄλλα
666 4837 793 4908 περὶ
813 4836 1087 4907 ὀνομάτων
1106 4834 1383 4906 δυνάμεώς
1403 4852 1461 4887 τε
1484 4834 1575 4888 καὶ
1596 4833 1809 4904 φύσεως

232 4934 485 5005 θειότερα
514 4932 547 5003 ἢ
579 4932 698 4986 κατ’
721 4931 1023 5002 ἄνθρωπον,
1041 4930 1208 5001 ἐνθέῳ
1229 4930 1389 5001 σοφίᾳ
1417 4930 1509 4982 καὶ
1534 4929 1807 4998 ἐπιστήμῃ

230 5024 530 5087 διαλαϐὼν,
566 5024 789 5094 μηδενὸς
814 5022 923 5076 τῶν
946 5021 1053 5094 πρό
1079 5021 1269 5076 ἑαυτοῦ
1302 5020 1409 5075 τῶν
1429 5020 1489 5085 ἐξ
1521 5019 1714 5082 αἰῶνος
1733 5019 1810 5089 τῷ

233 5118 333 5171 τοῦ
371 5117 544 5189 Ἰησοῦ
581 5115 915 5187 κεχρημένου
954 5114 1212 5185 ὀνόματι,
1237 5112 1450 5186 πρῶτος
1487 5111 1648 5174 αὐτὸς
1685 5111 1811 5180 θείῳ

233 5208 517 5279 Πνεύματι
550 5207 926 5276 θεοφορηθεὶς,
957 5205 1046 5258 τὸν
1093 5204 1351 5275 μέλλοντα
1384 5202 1547 5256 αὑτοῦ
1573 5201 1812 5271 διάδοχον

232 5306 336 5373 τῆς
368 5301 543 5372 ἀρχῆς
576 5300 670 5353 τοῦ
692 5298 822 5353 λαοῦ
851 5297 1321 5367 καταστήσεσθαι,
1354 5296 1523 5368 ἑτέρῳ
1551 5295 1813 5367 πρότερον

231 5398 465 5466 ὀνόματι
499 5394 831 5465 κεχρημένον
869 5390 1206 5463 μεταλαϐὼν,
1242 5388 1448 5466 Ἰησοῦν
1486 5386 1671 5441 καλεῖ·
1715 5386 1814 5439 οὐκ

234 5492 432 5560 ἀρκεῖν
483 5487 779 5559 ἡγούμενος
834 5485 930 5559 τὴν
982 5485 1047 5541 ὲκ
1102 5484 1377 5556 προγόνων
1436 5480 1814 5549 ἐπικληθεῖσαν

236 5580 388 5653 ἀντῷ
411 5580 685 5651 γενομένῳ
708 5577 1094 5651 προσηγορίαν.
1120 5577 1338 5646 Ν.ιυσῆν
1365 5576 1474 5648 γὰρ
1500 5574 1658 5630 αὑτὸν
1684 5571 1817 5643 ἐφω-

314 5783 351 5812 ⁶¹
381 5782 539 5835 Cant.
575 5797 610 5845 ι,
654 5781 709 5835 2.
786 5780 829 5811 ⁸³
859 5777 1019 5832 Num.
1055 5792 1173 5842 xm,
1224 5774 1309 5829 17.

1918 4566 2136 4613 nonest
2168 4571 2313 4610 nunc
2352 4551 2762 4609 demonstrandi
2812 4550 2985 4614 locus,
3039 4557 3093 4603 et
3150 4545 3338 4601 eadem
3402 4558 3491 4598 ra-

1920 4654 2066 4707 tione
2099 4649 2289 4703 Saram
2324 4646 2639 4703 denominet
2669 4644 2890 4698 Sarram
2913 4683 2927 4706 ,
2959 4648 3013 4696 ct
3042 4638 3213 4701 Isaac,
3242 4652 3364 4692 eum
3395 4635 3489 4704 qui

1919 4755 2211 4817 antequam
2252 4746 2592 4804 nasceretur,
2624 4739 2771 4793 risus
2799 4738 2976 4791 dictus
3005 4734 3201 4794 fuerat,
3234 4738 3286 4785 et
3320 4728 3492 4791 Jacob

1918 4854 2041 4893 cum
2059 4835 2148 4909 qui
2170 4834 2392 4906 praemio
2424 4833 2603 4894 luctat,
2631 4846 2698 4886 ex
2746 4827 3069 4899 cognomine
3087 4822 3251 4879 Israel
3269 4821 3493 4874 decora-

1920 4939 2030 4985 tus:
2062 4942 2295 4998 cumque
2314 4926 2455 4981 idem
2477 4924 2583 4977 alia
2614 4919 3030 4997 innumerabilia
3052 4918 3119 4971 de
3146 4915 3197 4969 vi
3226 4922 3277 4968 et
3297 4918 3491 4966 natura

1920 5020 2224 5084 nominum,
2260 5016 2528 5072 diviniore
2555 5028 2717 5083 quam
2754 5018 2813 5065 ut
2842 5026 2904 5066 ea
2946 5006 3151 5061 homini
3181 5001 3488 5064 conveniat,

1923 5112 2237 5183 Spirituque
2260 5110 2353 5165 Dei
2383 5108 2559 5163 alﬁata
2598 5104 2865 5174 sapientia
2893 5117 2955 5155 ae
2986 5099 3211 5157 scientia
3237 5102 3488 5166 percepta

1920 5216 1975 5260 et
1999 5206 2213 5277 cognita
2240 5203 2483 5263 haberet,
2519 5211 2621 5252 nec
2640 5195 2774 5250 alius
2792 5192 3077 5264 quisquam
3097 5189 3164 5242 ab
3192 5187 3343 5240 initio
3367 5194 3493 5238 ante

1922 5276 2122 5368 ipsum,
2168 5294 2296 5351 Jesu
2355 5292 2572 5347 nomine
2620 5304 2753 5343 usus
2809 5290 2978 5347 esset,
3036 5282 3244 5352 primus
3305 5276 3493 5331 divino

1926 5393 2132 5463 Spiritu
2173 5389 2507 5450 moderante,
2533 5399 2694 5454 quem
2728 5379 2829 5436 sibi
2864 5379 2918 5430 in
2967 5374 3149 5446 populi
3184 5371 3490 5463 principatu

1925 5459 2300 5536 successorem
2350 5487 2467 5533 erat
2516 5474 2915 5531 declaraturus,
2958 5466 3064 5520 alio
3094 5464 3243 5534 prius
3275 5459 3493 5516 nomine

1924 5578 2198 5636 vocatum,
2254 5569 2369 5640 ipse
2398 5568 2695 5621 immutans
2715 5604 2729 5631 ,
2761 5558 2947 5615 Jesum
2978 5552 3361 5613 nominaverit,
3408 5557 3496 5605 ut-
