3930 6202
433 269 540 326 521

1065 264 1332 321 EUSEBII
1369 261 1854 320 CESARIENSIS
1892 263 2042 320 ΟΡΡ.
2085 262 2286 320 PARS.
2329 262 2394 316 ll.
2431 264 3019 322 —APOLOGETICA.

3564 273 3677 325 523

432 393 564 456 pote
591 383 684 454 qui
717 379 1126 452 appellationem
1151 379 1228 433 illi
1265 393 1294 432 a
1317 378 1618 448 majoribus
1653 379 1782 434 dum
1808 395 2000 434 nasce-

2113 395 2273 450 νησαν
2302 379 2352 433 oi
2385 379 2745 452 γεννήσαντες
2765 397 2778 411 ο
2807 380 2920 432 ἀλλ’
2949 381 2977 434 ὅ
3003 397 3066 448 γε
3097 381 3380 452 προφήτης
3395 381 3486 436 τοῦ
3513 383 3678 446 Θεοῦ.

432 483 586 531 retur
613 473 945 542 adjunctam,
968 486 1074 524 non
1107 470 1242 526 satis
1267 469 1514 524 idoneam
1546 468 1662 523 fore
1685 469 1993 524 censuerit:

433 563 707 636 siquidem
737 561 971 617 Nausem
1024 561 1174 616 illum
1228 570 1481 632 parentes
1533 570 1906 617 vocaverant:
1944 570 2000 616 at

431 673 563 714 vero
592 657 707 726 ipse
729 655 822 710 Dei
855 655 1140 726 propheta,
1189 656 1476 709 immutato
1530 656 1695 710 natali
1757 657 1995 719 nomine,

430 748 607 803 virum
636 747 785 800 illum
815 746 1000 800 divino
1026 744 1232 816 Spiritu
1279 755 1570 810 annuente,
1606 746 1791 802 Jesum
1819 755 1997 808 vocat,

431 849 538 888 non
567 834 725 889 aliter
748 833 898 887 illum
929 843 1052 904 post
1111 844 1343 888 mortem
1397 851 1574 898 suam,
1607 838 1755 890 omni
1800 838 2000 908 populo

433 941 668 996 praeesse
701 933 955 996 oportere
1008 933 1180 989 ratus,
1215 942 1339 981 cum
1370 928 1555 999 utique
1581 929 1820 984 futurum
1852 931 2001 986 vide—

430 1027 533 1081 ret,
572 1034 710 1088 quas
773 1019 918 1088 leges
975 1017 1090 1088 ipse
1149 1021 1424 1089 posuisset
1480 1029 1540 1076 ut
1574 1037 1651 1078 ea:
1707 1022 2002 1093 aliquando

431 1119 798 1173 mutarentur,
827 1111 986 1182 196
1010 1112 1279 1182 finemque
1329 1115 1658 1184 acciperent,
1709 1124 1764 1170 et
1811 1117 2000 1171 eadem

427 1217 554 1257 cum
588 1203 706 1272 ipso
766 1201 913 1257 Mose
964 1202 1174 1257 ratione
1219 1204 1641 1270 quodammodo,
1693 1205 1999 1269 interirent,

430 1309 608 1362 neque
637 1293 802 1345 alium
829 1292 1162 1362 quempiam,
1188 1308 1351 1362 quam
1393 1309 1562 1348 unum
1593 1293 1777 1349 Jesum
1830 1296 2002 1366 ipsius

432 1384 527 1439 Dei
549 1382 846 1446 Christum,
890 1384 1046 1438 alteri
1075 1383 1406 1454 reipublicae,
1457 1400 1580 1454 qua:
1627 1387 1807 1456 priore
1848 1388 2003 1458 longe

431 1477 645 1540 melior,
700 1477 964 1546 longeque
1029 1476 1374 1545 praestantior
1429 1475 1588 1541 foret,
1622 1478 1998 1548 praefuturum.

429 1567 615 1639 Itaque
643 1567 820 1622 Moses
837 1568 1055 1638 quidem
1079 1571 1323 1623 omnium
1353 1570 1739 1640 prophetarum
1769 1571 2004 1625 maxime

431 1663 808 1729 admirandus,
840 1677 961 1716 cum
1014 1671 1302 1732 utramque
1341 1660 1644 1718 Salvatoris
1675 1664 1846 1718 nostri
1873 1661 2002 1718 Jesu

2100 470 2160 523 τὸ
2183 471 2248 522 ἐκ
2275 469 2499 540 γενετῆς
2519 471 2758 541 ἀμείψας
2779 471 2966 541 ὄνομα,
2995 470 3201 541 Ἰησοῦν
3227 471 3319 524 τὸν
3344 473 3507 544 ἄνδρα
3532 476 3682 529 κατὰ

2099 560 2161 612 τὸ
2192 559 2333 613 θεῖον
2353 561 2576 632 Πνεῦμα
2601 561 2776 615 καλεῖ·
2810 560 2907 614 οὐκ
2930 560 3104 625 ἄλλως
3130 562 3292 614 αὐτὸν
3314 563 3680 633 καθηγεῖσθαι

2099 651 2193 704 τοῦ
2227 652 2426 716 παντὸς
2454 653 2584 706 λαοῦ
2609 655 2745 725 μετά
2767 655 2864 724 τὴν
2892 655 3082 708 ἐαυτοῦ
3111 654 3388 726 τελευτὴν,
3411 657 3506 727 τῆς
3534 658 3682 730 πρὸς

2101 742 2265 796 αὐτοῦ
2289 742 2538 815 τεθείσης
2564 745 2882 815 νομοθεσίας
2912 747 3389 818 μεταστησομένης
3423 750 3549 801 ποτέ
3575 749 3677 802 καὶ

2100 835 2250 899 τέλος
2296 835 2582 907 ίσχούσης,
2618 837 2709 890 καλ⁵
2746 837 2892 907 αὐτῴ
2929 854 2992 906 γε
3031 838 3230 908 ὁμοίως
3262 839 3450 892 Μωσεῖ
3475 840 3681 911 τρόπον

2101 928 2221 982 τινὰ
2252 928 2612 999 τελευτώσης,
2648 929 2848 1000 μηδένα
2868 931 3050 1000 ἓτερον
3083 931 3114 1002 ἢ
3149 932 3308 1000 μόνον
3354 932 3561 1000 Ἰησοῦν
3587 931 3682 985 τὸν

2101 1020 2332 1092 Χριστὸν
2360 1019 2450 1073 τοῦ
2481 1019 2612 1073 Θεοῦ
2645 1020 2916 1084 πολιτείας
2950 1021 3138 1092 ἐτέρας
3169 1020 3464 1092 ἡγήσεσθαι
3495 1021 3686 1092 κρείτ·-

2101 1127 2250 1173 τονος
2285 1110 2318 1181 ἢ
2350 1109 2490 1163 κατά
2535 1109 2633 1181 τὴν
2673 1109 2960 1181 προτέραν.
2993 1109 3149 1163 Οὖτω
3179 1111 3276 1181 μὲν
3311 1111 3374 1184 δὴ
3411 1111 3617 1180 Μωσῆς
3649 1110 3683 1164 ὁ

2105 1203 2324 1256 πάντων
2372 1199 2662 1272 προφητῶν
2702 1199 3180 1271 θαυμασιώτατος,
3222 1202 3538 1272 ἀμφοτέρας
3582 1201 3678 1255 τοῦ

2103 1295 2352 1364 Σωτῆρος
2383 1292 2538 1363 ἡμῶν
2583 1291 2756 1363 Ἰησοῦ
2793 1291 3030 1363 Χριστοῦ
3069 1292 3199 1362 θείῳ
3246 1293 3521 1364 Πνεῦματι
3558 1294 3680 1346 διαο

2103 1386 2261 1454 γνοὺς
2294 1384 2391 1448 τὰς
2421 1385 2734 1454 ἐπωνυμίας
2752 1425 2767 1448 ,
2792 1384 3016 1447 ταύταις
3046 1384 3120 1447 ὼς
3146 1384 3210 1438 ἂν
3245 1385 3542 1455 βασιλικοῖς
3567 1386 3683 1438 δια-

2103 1479 2167 1548 δή
2177 1493 2310 1548 μασι
2335 1479 2461 1540 τοὺς
2487 1476 2614 1548 παρ’
2638 1476 2797 1530 αὐτὸν
2827 1475 3039 1529 πάντων
3061 1476 3168 1528 τῶν
3192 1477 3463 1546 ἀρχόντων
3491 1477 3684 1548 ἐκκρί-

2103 1586 2228 1632 τους
2258 1567 2534 1638 ἐτίμησεν,
2565 1567 2714 1619 δυσὶν
2749 1567 2974 1637 ἄρχουσι
3007 1565 3100 1617 καὶ
3143 1565 3372 1635 ἡγεμόσι
3406 1563 3499 1617 τοῦ
3547 1563 3681 1617 λαοῦ

2103 1659 2180 1731 τῷ
2217 1677 2276 1712 τε
2327 1661 2574 1732 ἀρχιερεῖ
2601 1659 2692 1711 καὶ
2716 1657 2792 1728 τῷ
2831 1657 3016 1727 οἰκείῳ
3046 1657 3291 1727 διαδόχῳ,
3319 1657 3411 1710 τὸν
3434 1657 3672 1728 Χριστὸν

427 1753 636 1809 Christi
700 1755 1136 1825 appellationem,
1199 1755 1384 1809 divino
1443 1753 1648 1824 Spiritu
1702 1755 2000 1811 instruente

2113 1754 2198 1807 καὶ
2226 1752 2316 1806 τὸν
2352 1751 2556 1822 Ἰησοῦν
2584 1750 2923 1821 ἐπιφημίσας
2959 1750 3077 1804 κατ’
3099 1750 3274 1814 ἀξίαν,
3299 1748 3376 1820 τῷ
3412 1750 3509 1820 μὲν
3549 1751 3682 1804 Ἀα-

428 1845 767 1910 distinctam,
789 1845 1169 1915 cognitamque
1190 1845 1412 1901 haberet
1437 1854 1667 1916 utraque
1684 1846 1839 1914 quasi
1864 1847 1999 1900 duo-

2113 1844 2216 1916 ρὼν
2251 1844 2339 1898 τὸν
2370 1843 2620 1915 Χριστὸν,
2652 1841 2728 1913 τῷ
2747 1842 2802 1896 δὲ
2834 1843 3019 1914 Ναυσῇ
3041 1882 3055 1902 .
3075 1841 3150 1905 ώς
3179 1842 3242 1895 ἂν
3268 1842 3364 1913 τὴν
3395 1840 3557 1895 αὐτοῦ
3588 1859 3682 1895 τε·

428 1935 533 1991 bus
562 1936 726 2006 regiis
753 1934 1075 1989 diadematis
1102 1951 1217 1997 eos,
1252 1935 1344 2004 qui
1379 1934 1524 2004 apud
1556 1951 1615 1990 se
1642 1935 1883 1989 omnium
1912 1950 2000 1990 es-

2113 1936 2294 2007 λευτὴν
2325 1936 2713 2008 διαδεξομένῳ,
2749 1936 2840 1988 τὸν
2881 1935 3086 2006 Ἰησοῦν
3122 1936 3443 2006 ἀπονείμας.
3476 1934 3682 1988 Τοῦτον

425 2037 550 2082 sent
603 2027 909 2097 principum
971 2026 1418 2096 praestantissimi
1461 2025 1760 2082 decoravit.
1812 2026 1998 2096 Itaque

2113 2027 2206 2098 μὲν
2221 2023 2312 2081 οὖν
2328 2028 2416 2080 τὸν
2428 2028 2625 2099 τρόπον
2639 2028 2671 2098 ἡ
2690 2025 2853 2080 αὑτοῦ
2870 2027 3110 2090 Μωσέως
3122 2026 3310 2097 Γραφὴ
3325 2029 3442 2089 ταῖς
3455 2024 3548 2077 τοῦ
3563 2024 3683 2078 Σω-

429 2134 554 2173 cum
601 2118 815 2174 duobus
855 2118 1214 2189 principibus,
1261 2117 1586 2187 duobusque
1623 2115 1858 2172 ducibus
1901 2133 1997 2187 po-

2113 2119 2269 2191 τῆρος
2297 2119 2451 2190 ἡμῶν
2481 2119 2654 2191 Ἰησοῦ
2677 2117 2913 2191 Χριστοῦ
2940 2118 3245 2190 κεκόσμητο
3269 2116 3680 2190 προσηγορίαις⁶

429 2211 539 2282 puli
582 2212 821 2282 pontifici
863 2213 987 2281 ipsi,
1025 2228 1088 2266 ac
1137 2227 1238 2268 suo
1291 2212 1462 2282 ipsius
1513 2211 1842 2276 successori,
1879 2211 2157 2266 Christum
2213 2221 2266 2269 et
2311 2212 2494 2269 Jesum
2550 2214 2937 2284 appellationes
2964 2228 3064 2284 pro
3113 2214 3321 2267 meritis
3355 2211 3676 2266 tribuisset:

428 2305 606 2376 ipsum
657 2307 872 2378 quidem
926 2307 1128 2373 Aaron,
1177 2309 1476 2372 Christum,
1535 2306 1769 2362 Nausem
1831 2323 1980 2372 vero,
2015 2309 2172 2378 quasi
2229 2324 2376 2374 eum,
2434 2309 2529 2379 qui
2578 2318 2700 2379 post
2755 2318 2984 2363 mortem
3034 2323 3190 2363 suam
3225 2307 3328 2362 sibi
3375 2313 3520 2362 essu
3550 2319 3680 2359 suco

425 2415 710 2466 cessurus,
739 2399 924 2455 Jesnm
954 2400 1272 2455 nominavit.
1311 2399 1424 2456 Hoc
1474 2401 1637 2472 igitur
1680 2401 1842 2457 modo
1901 2401 2073 2470 ipsius
2108 2399 2272 2458 Mosis
2323 2401 2628 2472 Scriptura,
2665 2400 2961 2456 Salvatoris
2997 2399 3171 2454 nostri
3193 2397 3320 2453 Jesu
3350 2396 3549 2452 Christi
3579 2411 3684 2449 no-

430 2495 670 2549 minibus
706 2495 968 2566 insignita
998 2502 1106 2550 est.

427 2611 507 2665 Ab
527 2611 729 2693 E._t:odo.
756 2641 836 2696 .—
863 2611 1314 2696 Quemadmodum
1336 2612 1501 2696 Mos-is
1527 2631 1799 2696 successor
1823 2614 2004 2696 Iesus,

502 2683 593 2752 qui
617 2680 831 2750 angelus
870 2693 948 2735 est
978 2693 1214 2742 vocatus,
1239 2699 1283 2736 et
1305 2685 1484 2752 populi
1503 2684 1613 2737 dux
1627 2686 1839 2754 futurus
1863 2693 2000 2748 erat,

506 2751 772 2806 reddentis
803 2752 1077 2805 oraculum
1103 2751 1303 2808 Christi
1347 2772 1533 2809 nomen
1556 2757 1692 2826 ferre
1707 2755 1880 2810 dictus
1901 2765 1999 2810 est.

513 2928 692 2984 «Ecce
747 2945 846 3000 ego
885 2930 1040 2986 mitto
1082 2931 1332 3002 angelum
1391 2948 1570 2988 meum
1622 2941 1748 2990 ante
1805 2932 1998 2988 faciem

2121 2608 2262 2665 ’Λπό
2298 2607 2408 2675 τῆς
2440 2605 2702 2670 Ἐξόδου.
2736 2605 2914 2669 -Ὤς
2936 2605 2967 2656 ό
2987 2602 3240 2675 Μωσέως
3267 2600 3545 2675 διάδοχος
3577 2602 3686 2669 Ἰη-

2177 2680 2329 2745 σοῦς
2348 2673 2367 2742 ,“
2427 2678 2688 2747 ἅγγελος,
2719 2673 3187 2747 ἐπικεκλημέγος
3206 2712 3220 2735 ,
3255 2673 3352 2725 καὶ
3383 2673 3491 2747 rei”)
3524 2675 3680 2726 λαοῦ

2178 2743 2556 2818 καθηγεῖσθαι
2615 2746 2876 2818 μέεμων,
2911 2743 3004 2818 ,τὸ
3058 2744 3243 2818 ὄνομα
3304 2743 3410 2796 τοῦ
3456 2761 3684 2814 χρημα-

2180 2813 2438 2884 τίζοκτος
2468 2813 2724 2886 Χριστοῦ
2751 2813 3129 2884 ἐπιφέρεσθαι
3167 2813 3419 2883 λέγεται.

2181 2957 2200 2990 t
2234 2937 2363 2991 Ἰδοὺ
2402 2933 2710 2989 ἀποστέλλω
2741 2933 2829 2987 τὸν
2859 2930 3085 3000 ἄγγελόν
3115 2948 3215 3001 μου
3249 2930 3353 3002 πρὸ
3384 2928 3678 3000 προσώπω

426 3025 602 3081 tuam,
637 3025 693 3070 ut
719 3017 986 3073 custodiat
1025 3029 1076 3074 te
1100 3020 1155 3075 in
1182 3021 1290 3086 via,
1318 3030 1375 3075 ut
1399 3021 1780 3078 introducatte
1807 3023 1860 3076 in
1894 3033 2000 3077 ter-

2113 3047 2222 3092 σου,
2242 3029 2328 3081 ἴνα
2361 3026 2609 3097 φυλάσσῃ
2635 3042 2693 3077 σε
2723 3025 2778 3077 ἐν
2797 3025 2862 3094 τῇ
2884 3021 3005 3092 ὁδῷ,
3035 3023 3181 3085 ὅπως
3209 3021 3477 3096 εἰσαγάγῃ
3504 3039 3561 3075 σε
3584 3026 3669 3088 εἰς

432 3127 548 3165 ram
593 3126 755 3181 quam
798 3114 1096 3182 praeparavi
1138 3115 1234 3169 tibi
1281 3130 1293 3165 :
1341 3115 1568 3170 observa
1619 3131 1768 3182 eum,
1800 3125 1854 3172 et
1897 3131 1997 3170 au-

431 3205 614 3261 sculta
637 3205 739 3266 illi,
773 3221 843 3260 ne
879 3205 1050 3262 fueris
1077 3206 1339 3263 adversus
1363 3209 1513 3263 illum
1543 3218 1856 3273 contumax,
1889 3225 1997 3264 non

429 3301 576 3357 enim
632 3301 908 3356 verebitur
959 3309 1053 3367 te,
1105 3318 1304 3357 nomen
1359 3304 1504 3358 enim
1562 3320 1742 3360 meum
1805 3314 1890 3360 est
1942 3305 1998 3358 in

433 3394 552 3464 ipso
579 3395 646 3446 ⁸³.
709 3413 728 3446 ι
787 3393 928 3459 Meo,
988 3395 1162 3466 inquit
1218 3397 1335 3466 ipse
1391 3395 1675 3462 Dominus.
1744 3400 1833 3468 qui
1885 3398 2000 3452 han:

431 3486 527 3538 tibi
577 3486 898 3556 respondeo,
955 3489 1176 3542 nomine
1217 3487 1520 3559 inscriptus
1561 3498 1665 3557 est,
1703 3491 1794 3561 qui
1825 3507 2000 3562 popu-

434 3576 543 3629 lum
570 3577 982 3634 introducturtts
1003 3589 1087 3634 est
1107 3579 1162 3633 in
1181 3588 1380 3635 terram
1406 3581 1789 3652 promissionis
1821 3582 1999 3652 :quod

434 3670 479 3724 si
508 3668 667 3725 Jcsus
689 3671 809 3731 fuit,
846 3687 950 3726 non
982 3673 1142 3737 alius,
1183 3680 1399 3729 constat
1421 3673 1530 3743 jam
1564 3681 1678 3728 tum
1711 3672 1998 3730 Dominum

432 3761 519 3816 hic
555 3762 756 3828 dicere,
806 3779 1003 3819 nomen
1039 3781 1198 3820 suum
1235 3766 1309 3820 illi
1334 3781 1455 3820 esse
1499 3765 1811 3835 impositum
1847 3782 1999 3822 :non

434 3854 596 3923 igitur
625 3855 822 3910 mirum
849 3863 954 3918 est,
989 3858 1034 3912 si
1083 3857 1333 3928 angelum
1358 3873 1574 3928 quoque
1616 3857 1794 3927 ipsum
1817 3865 1996 3921 vocat,

431 3945 648 4014 quando
674 3946 834 4000 etiam
863 3945 931 4002 de
960 3945 1190 4010 Joanne,
1223 3949 1314 4017 qui
1355 3949 1518 4003 homo
1551 3948 1672 4013 fuit,
1727 3949 1887 4018 plane
1915 3949 2002 4003 di-

431 4046 577 4092 ctum
609 4048 694 4092 est
727 4038 858 4093 illud
890 4057 903 4093 :
935 4057 954 4090 ι
993 4038 1132 4096 Ecce
1165 4040 1319 4095 mitto
1378 4041 1630 4110 angelum
1665 4056 1844 4095 meum
1875 4049 2002 4095 ante

433 4127 626 4182 faciem
660 4137 831 4192 tuam,
862 4131 956 4200 qui
977 4130 1305 4200 praeparabit
1324 4132 1468 4184 viam
1494 4139 1642 4184 tuam
1659 4139 1786 4186 ante
1816 4138 1869 4186 te
1886 4131 1952 4186 ⁸⁸.
1975 4148 1996 4184 ι

432 4242 476 4296 Α
499 4240 783 4313 Zacliaria.
814 4272 885 4282 —
908 4243 1059 4309 Quod
1107 4245 1265 4298 etiam
1284 4242 1440 4296 Iesus
1478 4244 1623 4313 [ilius
1659 4243 1879 4298 Josedec
1904 4263 2000 4298 sa-

504 4311 683 4386 cerdos
715 4329 958 4386 magnus,
995 4315 1275 4384 imaginem
1321 4331 1382 4367 ac
1415 4311 1640 4386 figuram
1688 4318 1844 4386 gessit
1877 4313 2002 4370 Sal-

502 4383 698 4454 uatoris
722 4385 908 4447 nostri,
944 4387 1034 4453 qui
1055 4383 1294 4442 veterem.
1331 4383 1466 4454 qua:
1483 4385 1600 4454 jam
1625 4383 1733 4438 tum
1773 4388 2003 4440 invulne-

2096 3120 2193 3191 τὴν
2226 3120 2326 3190 γῆν
2346 3158 2360 3183 ,
2387 3118 2454 3190 ἣν
2481 3116 2754 3188 ήτοίμασά
2783 3131 2884 3168 σοι.
2910 3113 3147 3186 Πρόσεχε
3173 3114 3414 3184 σεαυτῷ,
3442 3115 3536 3169 καὶ
3559 3119 3681 3168 sic-

2098 3213 2258 3266 άκουε
2292 3210 2453 3264 αὑτοῦ
2475 3251 2490 3275 ,
2523 3211 2595 3281 μὴ
2626 3209 2839 3263 ἀπείθει
2868 3207 3014 3278 αὑτῷ
3037 3225 3050 3236 ’
3079 3208 3138 3260 οὐ
3170 3211 3277 3278 γὰρ
3315 3204 3385 3278 μὴ
3422 3209 3680 3262 ὑποστεί-

2098 3303 2255 3375 ληταί
2284 3321 2361 3356 σε.
2391 3303 2463 3356 Τὸ
2483 3303 2590 3374 γάρ
2609 3300 2782 3372 ὄνομά
2814 3318 2914 3372 μου
2948 3302 3096 3354 ἐστὶν
3120 3300 3207 3352 ἐπ’
3231 3300 3396 3370 αὐτῷ.
3435 3321 3452 3352 ι
3489 3301 3678 3372 Ἑμοῦ,

2099 3395 2262 3467 φησὶν
2281 3395 2439 3458 αὐτὸς
2469 3396 2498 3447 ὁ
2525 3394 2754 3465 Κύριος,
2774 3392 2866 3446 τοῦ
2903 3393 2986 3445 σοὶ
3015 3391 3187 3446 ταῦτα
3212 3392 3644 3463 χρηματίζοντος
3663 3435 3677 3456 ,

2097 3485 2336 3557 τοῦνομα
2372 3485 2790 3556 ἐπιγέγραπται,
2819 3487 2848 3539 ό
2882 3484 3088 3556 μέλλων
3129 3485 3367 3551 εἰσάγειν
3425 3486 3516 3538 τὸν
3548 3484 3679 3537 λαὸν

2099 3580 2179 3643 είς
2203 3580 2301 3649 τὴν
2333 3579 2434 3649 γῆν
2465 3577 2564 3647 τῆς
2591 3577 2946 3647 ἐπαγγελίας·
2971 3580 3018 3630 εί
3039 3577 3082 3630 δ’
3107 3578 3268 3640 αὐτὸς
3293 3573 3360 3648 ἦν
3388 3579 3416 3630 ό
3445 3577 3678 3649 Ἰησοῦς,

2099 3671 2199 3724 οὐκ
2241 3668 2432 3732 ἀλλος,
2469 3667 2760 3739 πρόδηλον,
2791 3669 2867 3732 ὡς
2913 3668 3148 3740 τοῦνομα
3191 3669 3253 3721 τὸ
3302 3668 3466 3721 αὐτοῦ
3511 3668 3677 3739 φησιν

2102 3760 2466 3814 ἐπιτεθεῖσθαι
2495 3758 2660 3829 αὐτῷ.
2693 3760 2766 3812 υὺ
2793 3759 3098 3829 θαυμαστὸν
3121 3754 3232 3821 οὖν,
3257 3760 3304 3811 εί
3328 3760 3420 3812 καὶ
3446 3759 3678 3828 ἄγγελον

2100 3849 2259 3903 αὐτὸν
2284 3848 2562 3913 ἀποκαλεῖ,
2588 3849 2676 3901 ὅτε
2713 3849 2807 3901 καὶ
2839 3848 2965 3920 περὶ
2997 3848 3242 3902 Ἰωάννου
3269 3849 3552 3919 ἀνθρώπου
3581 3867 3680 3919 γε·-

2099 3943 2312 4009 γονότος
2339 3941 2581 3994 λέλεκται
2613 3941 2690 4005 τὸ,
2732 3959 2750 3992 ι
2796 3941 2923 3995 Ἰδοὺ
2954 3940 3268 3994 ἀποστέλλω
3310 3941 3398 3994 τὸν
3445 3942 3678 4011 ἄγγελόν

2103 4053 2203 4105 μου
2248 4035 2352 4106 πρὸ
2387 4033 2676 4106 προσώπου
2708 4051 2834 4099 σου,
2874 4035 2932 4098 ὃς
2976 4035 3377 4088 κατασκευάσει
3418 4035 3515 4107 τῆν
3553 4035 3678 4092 ὁδόν

2103 4143 2194 4180 σου
2227 4126 2531 4198 ἔμπροσθέν
2565 4144 2677 4180 σου.
2710 4146 2727 4179 ι

2114 4241 2255 4294 Ἀπὸ
2283 4241 2386 4294 τοῦ
2413 4242 2731 4311 Ζαχαρίου.
2757 4273 2826 4281 -
2849 4241 2942 4307 Ὠς
2977 4241 3072 4294 καί
3107 4241 3337 4309 Ἰησοῦς
3369 4243 3402 4295 ό
3428 4241 3535 4296 τοῦ
3564 4243 3678 4297 Ἰω-

2171 4311 2351 4365 σεδὲκ
2380 4315 2412 4366 ό
2442 4313 2634 4380 ἱερεὺς
2663 4315 2694 4366 ὁ
2719 4313 2899 4380 μέγας
2931 4313 3134 4365 είκόνα
3160 4315 3255 4366 καὶ
3287 4313 3474 4365 τύπον
3499 4313 3678 4381 ἕφειε

2173 4381 2278 4434 τοῦ
2334 4381 2604 4450 Σωτῆρος
2646 4382 2833 4451 ἡμῶν,
2892 4381 3352 4451 ἐπιστρέφοντος
3408 4383 3507 4435 ἐπὶ
3569 4385 3678 4438 τίν

504 4459 611 4514 rut,
636 4428 985 4507 humanarum
1037 4428 1357 4508 animarum,
1385 4428 1704 4522 sertiitutem,
1739 4457 1808 4509 ad
1833 4457 2000 4510 Deum

2183 4454 2255 4505 Θε
2261 4452 2338 4522 ὸτή
2350 4451 2464 4519 τὴν
2475 4428 2657 4506 στάξαι
2667 4428 2739 4506 gn
2747 4428 2910 4521 caput
2917 4428 3168 4519 ήσαὰναῖ
3170 4450 3286 4506 τῶν
3297 4428 3678 4520 ἆνθρωπείων

505 4531 775 4576 convertit.

509 4637 666 4709 197
695 4655 714 4687 ε
736 4635 798 4689 Ει
829 4637 1067 4693 ostendit
1115 4639 1248 4693 mihi
1296 4639 1558 4698 Dominus
1601 4641 1786 4698 Jesum
1819 4657 2005 4698 sacer-

431 4731 614 4785 dotem
635 4745 910 4799 magnum,
932 4740 1162 4786 stantem
1185 4739 1308 4786 ante
1330 4731 1522 4787 faciem
1555 4734 1731 4804 angeli
1757 4732 2002 4788 Domini:

434 4830 488 4877 et
520 4823 772 4876 diabolus
821 4824 998 4877 stabat
1045 4837 1074 4875 a
1129 4823 1337 4879 dextris
1365 4825 1506 4895 ejus,
1541 4835 1599 4880 ut
1621 4827 2006 4882 adversaretur

433 4915 509 4978 ei,
537 4925 590 4969 et
621 4913 756 4967 dixit
790 4912 1051 4968 Dominus
1071 4913 1137 4968 ad
1175 4915 1453 4970 diabolum
1489 4935 1500 4969 :
1531 4915 1778 4986 lncrcpet
1823 4917 2007 4972 Domi-

434 5021 540 5060 nus
563 5005 616 5058 in
647 5013 719 5069 te,
753 5005 984 5068 iliabole,
1033 5013 1088 5060 et
1124 5006 1363 5076 increpet
1399 5006 1661 5062 Dominus
1703 5009 1757 5062 in
1783 5016 1854 5072 te,
1911 5007 2005 5078 qui

431 5099 595 5168 elegit
635 5096 934 5153 Jerusalem
993 5117 1004 5153 :
1053 5113 1234 5152 nonne
1288 5113 1416 5154 ecce
1459 5099 1568 5163 hic,
1617 5100 1774 5170 quasi
1837 5100 2003 5154 torris

430 5199 622 5242 erutus
648 5203 713 5242 ex
753 5188 914 5258 igne?
941 5186 1004 5240 Et
1027 5196 1146 5242 erat
1177 5185 1338 5242 Jesus
1364 5188 1587 5243 indutus
1620 5190 1861 5244 vestibus
1885 5205 2005 5244 sor-

433 5279 598 5344 didis,
649 5287 703 5335 et
755 5281 933 5335 stabat
989 5288 1113 5335 ante
1183 5279 1374 5335 faciem
1442 5281 1616 5352 angeli
1667 5280 1902 5346 Domini,
1949 5288 2000 5335 et

435 5373 736 5442 respondit,
783 5383 837 5427 et
873 5375 948 5428 ait
995 5373 1061 5428 ad
1091 5384 1296 5430 stantes
1327 5381 1452 5429 ante
1511 5375 1704 5429 faciem
1727 5415 1741 5438 ,
1769 5375 1958 5430 dicens
1985 5394 1999 5430 :

433 5463 656 5520 Auferte
689 5466 1013 5521 vestimenta
1037 5465 1255 5521 sordida
1290 5465 1462 5532 abeo,
1495 5473 1549 5520 et
1579 5466 1715 5520 dixit
1746 5467 1813 5521 ad
1839 5483 1998 5522 eum:

432 5555 573 5612 Ecce
594 5556 794 5611 abstuli
857 5573 887 5611 a
929 5566 981 5613 te
1019 5559 1331 5631 iniquitates
1364 5566 1508 5622 tuas,
1540 5570 1592 5614 et
1629 5559 1834 5615 induite
1874 5575 1996 5616 eum

498 5714 545 5748 "
570 5709 744 5766 Exod.
770 5724 926 5775 mn,
968 5713 1058 5770 9.0.
1130 5715 1174 5746 "‘
1193 5713 1359 5769 Marc.
1409 5730 1447 5783 ι,
1477 5713 1528 5769 2.

2181 4521 2398 4592 ψυχῶν
2426 4526 2858 4592 αἰχμαλωσίαν.

2187 4655 2203 4687 ι
2240 4637 2347 4688 Kal.
2371 4634 2538 4700 ἐδειξέ
2573 4652 2663 4706 μοι
2692 4634 2896 4707 Κύριος
2935 4633 3139 4704 Ἰησοῦν
3166 4634 3256 4688 τὸν
3285 4634 3433 4707 ίερέα
3461 4635 3553 4691 τδν
3582 4638 3678 4707 μὲ-

2107 4745 2242 4798 γαν,
2277 4727 2483 4781 ἐστῶτα
2514 4727 2620 4798 πρὸ
2651 4727 2944 4799 προσώπου
2977 4727 3209 4796 ἀγγέλου
3255 4728 3483 4800 Κυρίου.
3509 4730 3621 4782 Καὶ
3648 4733 3680 4783 ὁ

2105 4821 2347 4884 διάϐολος
2371 4822 2611 4892 εἱστήκει
2631 4822 2695 4875 ἐκ
2722 4819 2910 4886 δεξιῶν
2939 4820 3124 4884 αὑτοῦ,
3146 4821 3480 4874 ἀντικεῖσθαι
3504 4821 3674 4892 αὐτῷ.

2107 4915 2216 4969 Καὶ
2259 4910 2379 4967 εἷπε
2428 4913 2631 4985 Κύριος
2678 4914 2813 4985 πρὸς
2853 4913 2944 4967 τὸν
2991 4913 3263 4966 διάϐολον·
3329 4915 3676 4985 Ἐπιτιμήσαι

2107 5006 2308 5079 Κύριος
2341 5009 2399 5058 ἐν
2433 5007 2550 5071 σοὶ,
2581 5005 2794 5059 διάϐολε
2815 5046 2828 5069 ,
2878 5006 2973 5060 καὶ
3019 5008 3342 5077 ἐπιτιμῆσαι
3373 5005 3576 5078 Κύριος
3619 5009 3678 5059 ἐν

2110 5099 2211 5164 σοὶ,
2234 5099 2264 5151 ό
2285 5097 2641 5168 ἐκλεξάμενος
2663 5098 2761 5168 τὴν
2794 5096 3163 5170 Ἰερουσαλήμ.
3192 5097 3326 5168 Οὐχὶ
3349 5091 3500 5161 οὗτος
3518 5096 3679 5160 δαλὸς

2109 5189 2509 5260 ἐξεσπασμένος
2528 5190 2591 5242 ἐκ
2620 5189 2788 5260 πυρός
2815 5205 2830 5253 ;
2852 5190 2961 5243 Καὶ
2988 5184 3056 5260 ἦν
3093 5187 3299 5259 Ἰησοῦς
3330 5188 3678 5258 ἐνδεδυμένος

2111 5283 2300 5354 ίμάτια
2333 5283 2572 5355 ῥυπαρὰ,
2602 5284 2695 5336 καὶ
2723 5284 2961 5354 εἱστήκει
2995 5283 3101 5354 πρὸ
3122 5280 3412 5352 προσώπου
3442 5282 3678 5351 ἀγγέλου

2108 5375 2334 5448 Κυρίου,
2357 5375 2451 5428 καὶ
2472 5374 2742 5446 ἀπεκρίθη
2763 5415 2776 5439 ,
2806 5375 2899 5429 καὶ
2927 5370 3046 5430 εἷπε
3076 5375 3212 5446 πρὸς
3235 5375 3358 5438 τοὺς
3381 5373 3682 5445 ἑστηκότας

2109 5468 2216 5538 πρὸ
2234 5466 2551 5538 προσώπου,
2573 5467 2766 5534 λέγων’
2798 5467 3046 5538 Ἀφέλετε
3066 5469 3133 5520 τὰ
3157 5466 3345 5536 ἱμάτια
3367 5468 3434 5520 τά
3455 5469 3683 5538 ῥυπαρὰ.

2109 5559 2202 5612 ἀπ’
2231 5557 2416 5611 αὐτοῦ·
2457 5557 2552 5611 καὶ
2582 5553 2702 5611 εἷπε
2738 5556 2872 5628 πρὸς
2901 5556 3082 5610 αὐτόν’
3121 5556 3250 5611 Ἰδοὺ
3279 5556 3539 5628 ἀφῄρηκα
3580 5556 3684 5622 τὰς
