3930 6202
228 267 334 322 σεο

1100 266 1755 325 DEMONSTRATIONIS
1795 233 2255 323 EVANCELICIE
2300 265 2427 321 ua.
2473 266 2560 321 Iv.

3348 271 3456 326 εσυ

224 386 455 457 ἀνομίας
483 405 599 452 σου,
628 388 718 440 καὶ
751 388 999 442 ἐνδύσατε
1030 389 1191 441 αὐτὸν
1216 390 1446 462 ποδήρη,
1468 390 1560 443 καὶ
1580 390 1792 443 ἐπίθετε

1896 388 2079 442 tunica
2104 387 2282 453 talari,
2328 395 2383 441 et
2439 386 2699 457 imponite
2744 385 2971 442 cidarim
3019 388 3275 443 mundam
3297 404 3461 458 super

222 479 440 550 κίδαριν
476 478 723 550 καθαράν
749 480 842 533 ἐπὶ
870 480 968 550 τὴν
1008 481 1247 551 κεφαλὴν
1280 482 1475 546 αὑτοῦ,
1511 483 1603 534 καὶ
1635 499 1792 554 περι-

225 572 417 625 έϐαλον
449 571 612 625 αὐτὸν
646 572 852 641 ἱμάτια,
887 592 905 623 ι
944 574 1053 625 Καὶ
1085 573 1209 645 ἑξῆς
1236 572 1503 642 ἐπιλέγει·
1545 593 1562 625 ι
1598 576 1793 627 Ἄκουε

222 663 320 734 δὴ,
365 661 537 734 Ἰησοῦ
574 665 601 715 6
632 663 810 735 ἱερεὺς
841 666 868 715 ό
900 665 1105 734 μέγας,
1133 666 1197 717 σὺ
1228 667 1321 717 καὶ
1342 668 1389 719 οἱ
1418 665 1644 736 πλησίον
1676 665 1791 728 σοῦ,

225 755 517 824 καθήμενοι
546 753 648 825 πρὸ
681 754 969 825 προσώπου
1001 773 1092 808 σου
1115 795 1128 818 ,
1169 755 1302 808 διότι
1340 756 1530 828 ἄνδρες
1569 774 1792 824 τερατοα-

226 854 416 900 σϊόποι
442 846 726 898 είσὶ·διότι
769 846 884 914 ἄγω
925 848 1015 899 τὸν
1049 848 1233 901 δοῦλόν
1268 866 1367 918 μου
1416 848 1723 920 Ἀνατολήν.
1770 868 1787 900 ι

227 940 338 993 Καὶ
371 940 509 1009 μετὰ
530 938 756 1010 βραχέα,
776 939 982 1001 τούτοις
1011 939 1263 1011 ἐπιφέρει
1279 938 1449 1007 λέγων
1468 956 1481 968 ·
1502 956 1520 988 ι
1542 939 1649 991 Καὶ
1676 940 1796 1007 ἐγέ-

226 1046 348 1082 νετο
383 1029 540 1096 λόγος
575 1029 779 1099 Κυρίου
822 1020 956 1099 πρός
1000 1047 1066 1100 με
1096 1030 1268 1098 λέγων
1293 1047 1305 1059 ·
1338 1030 1483 1083 Λάϐε
1509 1030 1577 1083 τὰ
1604 1032 1666 1082 ἐκ
1697 1030 1795 1101 τῆς

225 1119 601 1190 αἰχμαλωσίας
652 1120 800 1190 παρὰ
848 1120 953 1172 τῶν
1003 1121 1280 1191 ἀρχόντων
1332 1121 1425 1173 καί
1483 1120 1631 1191 παρὰ
1690 1119 1794 1173 τῶν

224 1210 489 1281 χρησμῶν
520 1207 689 1278 αὐτῆς
707 1248 722 1272 ,
747 1210 840 1261 καὶ
880 1208 1026 1280 παρὰ
1053 1208 1158 1261 τῶν
1192 1208 1576 1276 ἐπεγνωκότων
1605 1206 1792 1278 αὐτὴν,

224 1303 318 1355 καὶ
362 1301 640 1373 εἰσελεύσῃ
669 1302 727 1353 ἐν
766 1304 831 1372 τῇ
862 1299 1045 1372 ἡμέρᾳ
1078 1300 1261 1375 ἐκείνῃ
1290 1303 1369 1364 εἰς
1399 1303 1488 1353 τὸν
1514 1296 1659 1354 οἷκον
1701 1302 1797 1353 Σο-

223 1394 409 1463 φονίου
436 1393 529 1445 τοῦ
557 1394 782 1463 ἥκοντος
810 1394 874 1445 ἐκ
897 1391 1233 1457 Βαϐυλῶνος,
1255 1393 1347 1445 καὶ
1364 1391 1507 1463 λήψῃ
1534 1391 1794 1463 ἀργύριον

222 1485 320 1536 καὶ
351 1483 567 1554 χρυσίον
587 1522 600 1546 ,
630 1484 723 1535 καὶ
750 1483 996 1554 ποιήσεις
1030 1483 1324 1552 στεφάνους
1349 1523 1362 1546 ,
1394 1484 1487 1536 καὶ
1519 1481 1797 1553 ἐπιθήσεις

224 1574 323 1627 ἐπὶ
354 1574 450 1645 τὴν
481 1572 717 1647 κεφαλὴν
754 1571 926 1643 Ἰησοῦ
957 1571 1049 1626 τοῦ
1088 1572 1327 1626 Ἰωσεδὲκ
1353 1571 1446 1625 τοῦ
1492 1560 1679 1643 ἱερέως
1702 1569 1795 1623 τοῦ

226 1666 499 1737 μεγάλου,
548 1667 641 1719 καὶ
686 1666 831 1736 ἐρεῖς
861 1665 997 1735 πρὸς
1025 1665 1184 1718 αὐτόν
1207 1682 1222 1695 ·
1251 1664 1387 1717 Τάδε
1415 1663 1562 1732 λέγει
1595 1662 1796 1734 Κύριος

1893 491 2056 553 caput
2078 483 2216 552 ejus,
2241 490 2294 537 et
2330 482 2621 535 induerunt
2676 481 2826 535 illum
2876 483 3192 537 vestimenta
3226 482 3291 536 ⁸⁵.
3326 502 3345 535 ι
3382 486 3460 538 Ac

1892 573 2085 629 deinde
2114 574 2395 643 adjungit:
2426 592 2443 624 ι
2482 573 2621 627 Audi
2668 574 2777 643 jam
2832 591 2996 638 nunc,
3028 573 3155 629 Jesu
3205 576 3461 632 sacerdos

1894 681 2110 737 magne,
2148 675 2204 719 tu
2257 676 2310 720 et
2344 665 2579 735 proximi
2639 667 2718 719 tui
2775 666 3027 720 sedentes
3086 675 3211 721 ante
3266 666 3458 721 faciem

1894 765 2063 823 tuam,
2100 760 2355 829 quoniam
2391 758 2494 811 viri
2524 759 2892 828 prodigiorum
2922 759 3257 828 inspectores
3287 769 3415 815 sunt
3442 780 3455 813 :

1893 852 2149 920 quoniam
2178 866 2277 922 ego
2312 850 2524 905 adduco
2550 866 2762 905 servum
2796 867 2994 916 meum,
3028 852 3301 908 Orientem
3323 854 3401 919 ⁸⁶;
3432 871 3453 906 a

1894 952 2094 1014 etpost
2128 945 2371 1013 paulum,
2430 944 2515 998 bis
2537 959 2655 1014 qua:
2704 943 2851 997 dicta
2910 953 3036 999 sunt
3067 945 3335 1015 adjungit,
3378 946 3462 999 di-

1901 1050 2070 1090 cens:
2103 1053 2120 1085 ‹
2147 1034 2211 1089 Ει
2236 1034 2436 1088 factum
2486 1042 2569 1090 est
2626 1018 2849 1089 verbum
2887 1034 3100 1090 Domini
3135 1037 3202 1091 ad
3260 1050 3347 1091 me
3374 1036 3461 1091 di-

1890 1143 2069 1184 cens:
2105 1126 2270 1181 Sume
2330 1142 2395 1181 ea
2448 1143 2567 1198 qua:
2610 1137 2738 1181 sunt
2786 1143 2848 1181 ex
2899 1128 3380 1199 transmigratione
3430 1143 3461 1181 a

1895 1219 2237 1290 principibus
2283 1234 2336 1274 et
2377 1220 2616 1274 oraculis
2662 1220 2804 1289 ejus,
2836 1228 2891 1275 et
2940 1220 3007 1274 ab
3035 1220 3101 1275 iis
3132 1221 3225 1291 qui
3261 1236 3460 1292 cogno-

1896 1319 2091 1366 verunt
2146 1327 2288 1374 eam,
2349 1321 2402 1366 et
2440 1311 2764 1382 ingredieris
2788 1313 2843 1366 in
2876 1312 2963 1367 die
2997 1313 3086 1366 illa
3131 1313 3186 1366 in
3238 1313 3459 1367 domum

1899 1400 2188 1472 Sophoniw
2214 1403 2483 1460 venientis
2541 1404 2607 1459 de
2645 1404 2934 1476 Babylone,
2984 1414 3037 1459 et
3089 1406 3326 1475 accipies
3370 1420 3462 1459 ar-

1895 1506 2117 1565 gentum
2141 1504 2304 1566 atque
2332 1511 2548 1560 aurum,
2571 1505 2625 1551 et
2649 1497 2817 1552 facies
2846 1512 3102 1561 coronas,
3133 1505 3185 1553 et
3218 1498 3462 1567 impones

1898 1602 2061 1657 super
2087 1586 2397 1657 caputJesu
2433 1588 2527 1642 ﬁlii
2552 1587 2781 1645 Josedec
2827 1589 3128 1645 sacerdotis
3178 1590 3382 1660 magni,
3407 1600 3461 1644 et

1896 1678 2046 1734 dices
2087 1679 2154 1733 ad
2216 1678 2542 1734 eum:ch
2593 1679 2727 1734 dicit
2781 1678 3041 1735 Dominus
3093 1681 3457 1750 omnipotens,

223 1757 616 1830 παντοκράτωρ
636 1774 649 1787 °
688 1757 818 1810 Ἰδοὺ
842 1756 1000 1828 ἀνὴρ,
1031 1754 1281 1827 Ἀνατολὴ
1307 1756 1476 1827 ὄνομα
1502 1754 1668 1825 αὐτῷ,
1696 1755 1791 1807 καὶ

1896 1785 2021 1826 ecce
2046 1771 2152 1837 vir,
2180 1770 2376 1827 Oriens
2428 1786 2621 1827 nomen
2655 1773 2704 1827 ei
2731 1813 2745 1834 ,
2776 1780 2829 1826 et
2859 1771 3044 1827 subter
3074 1786 3198 1826 eum
3232 1772 3459 1834 orietur,

227 1848 577 1904 ὑποκάτωθεν
608 1848 769 1902 αὑτοῦ
804 1848 1049 1902 ἀνατελεῖ
1068 1888 1081 1911 ,
1115 1848 1207 1900 καὶ⁹
1233 1848 1568 1918 οἰκοδομήσει
1597 1846 1686 1899 τὸν
1708 1842 1787 1899 οἶ-

224 1960 320 1996 κον
346 1943 573 2015 Κυρίου,
599 1944 691 1995 καὶ
707 1942 865 2005 αὐτὸς
885 1938 1343 2011 λήψεταιὰρετὴν,
1365 1941 1457 1992 καὶ
1480 1938 1785 2003 καθίσεται,

223 2035 319 2090 καὶ
352 2032 611 2106 κατάρξει
654 2028 746 2084 ἐπὶ
771 2030 863 2084 τοῦ
895 2031 1084 2103 θρόνου
1123 2028 1287 2083 αὐτοῦ
1308 2046 1320 2058 ·
1352 2028 1445 2081 καὶ
1480 2027 1628 2081 ἔσται
1659 2030 1687 2080 6
1713 2030 1788 2080 ἰε-

224 2128 353 2199 ρεὺς
382 2127 449 2177 ἐκ
476 2123 662 2188 δεξιῶν
694 2120 855 2176 αὑτοῦ
874 2160 887 2183 ,
923 2122 1016 2174 καὶ
1050 2120 1210 2191 βουλὴ
1235 2117 1481 2189 εἰρηνικὴ
1510 2117 1659 2170 ἔσται
1688 2118 1791 2172 ἀνὰ

227 2217 392 2288 μέσον
419 2212 761 2284 ἀμφοτέρων.
799 2231 817 2263 ι
861 2212 971 2264 Καὶ
1010 2212 1038 2262 6
1074 2212 1128 2262 ἐν
1151 2210 1227 2281 τῷ
1262 2209 1483 2280 παρόντι
1511 2210 1790 2280 προφήτης

226 2310 406 2379 μέγας
436 2309 610 2381 ἱερεὺς
640 2348 653 2372 ,
696 2306 1156 2377 ἀναγορευόμενος
1194 2303 1398 2374 Ἰησοῦς
1417 2343 1431 2366 ,
1464 2304 1791 2374 λευκοτάτην

226 2401 412 2454 εἰκόνα
444 2401 536 2452 καὶ
566 2398 830 2469 σύμϐολον
876 2397 1105 2469 ἐναργὲς
1148 2396 1295 2449 δοκεῖ
1344 2412 1430 2465 μοι
1473 2394 1663 2459 σώζειν
1697 2393 1789 2447 τοῦ

226 2491 479 2562 Σωτῆρος
520 2489 675 2561 ἡμῶν
732 2488 906 2559 Ἰησοῦ
953 2487 1044 2540 τοῦ
1092 2484 1359 2558 Χριστοῦ,
1413 2487 1479 2555 τῇ
1522 2502 1578 2537 τε
1628 2484 1789 2537 αὑτοῦ

226 2584 568 2656 προσηγορίᾳ
598 2582 865 2653 τιμηθεὶς,
896 2579 990 2635 καὶ
1022 2581 1119 2650 τῆς
1146 2578 1399 2632 ἐπανόδου
1428 2578 1526 2647 τῆς
1555 2578 1661 2630 ἀπὸ
1686 2578 1791 2631 Ba-

227 2674 467 2738 ϐυλῶνος
494 2665 864 2745 αἰχμαλωσίας
888 2673 978 2725 τοῦ
998 2672 1127 2724 λαοῦ
1152 2669 1620 2742 καθηγησάμενος.
1640 2667 1790 2720 Ἐπεὶ

227 2769 324 2823 καὶ
355 2772 384 2822 ὁ
413 2769 605 2840 Σωτὴρ
636 2770 667 2839 ή
678 2766 791 2838 μῶν
823 2765 1029 2836 Ἰησοῦς
1057 2766 1085 2818 6
1112 2763 1345 2836 Χριστὸς
1371 2761 1620 2831 ἀφεῖσθαι
1652 2760 1792 2831 εἴρη·

229 2878 321 2915 ται
344 2861 433 2913 διὰ
465 2860 683 2914 Ἡσαῖου
704 2858 796 2912 τοῦ
825 2859 1100 2930 προφήτου
1121 2897 1135 2920 ,
1172 2855 1403 2929 κηρύξαι
1430 2852 1791 2925 αἰχμαλώτοις

229 2953 456 3023 ἄφεσιν,
508 2954 602 3007 καί⁵
645 2951 863 3019 τυφλοῖς
919 2949 1240 3018 ἀνάϐλεψιν,
1286 2946 1670 3022 παρακαλέσαι
1733 2962 1791 2998 τε

226 3049 439 3111 πάντας
466 3047 587 3109 τοὺς
624 3046 975 3110 πενθοῦντας,
1016 3046 1109 3099 καὶ
1136 3044 1351 3114 δοθῆναι
1384 3045 1493 3105 τοῖς
1541 3039 1791 3095 πενθοῦσι

219 3141 374 3196 Σιὼν
401 3142 518 3194 ἀντὶ
544 3140 732 3194 σποδοῦ
763 3139 1000 3209 ἄλειμμα
1032 3135 1579 3208 εὐφροσύνης.Ἕχεις
1608 3148 1792 3199 τοιγα-

225 3232 369 3308 ροῦν
397 3234 494 3304 ήδη
518 3233 604 3285 δύο
626 3232 888 3303 μεγάλους
916 3231 1207 3301 ἀρχιερεῖς,
1256 3227 1344 3280 τὸν
1370 3226 1465 3297 μὲν
1488 3223 1638 3295 παρὰ
1666 3223 1794 3276 Μω-

224 3328 322 3381 σεί
343 3325 594 3396 Χριστὸν,
614 3325 704 3377 τὸν
736 3323 791 3375 δὲ
823 3321 955 3393 μετά
988 3324 1173 3392 χεῖρας
1203 3318 1428 3390 Ἰησοῦν,
1457 3315 1525 3369 τὰ
1554 3313 1795 3385 σύμϐολα

220 3416 335 3486 τῆς
363 3417 490 3485 περὶ
512 3416 600 3467 τὸν
629 3413 859 3485 Σωτῆρα
888 3413 982 3465 καὶ
1004 3410 1205 3480 Κύριον
1237 3407 1389 3480 ἡμῶν
1429 3405 1632 3478 Ἰησοῦν
1660 3406 1793 3474 Χρι-

226 3510 356 3563 στὸν
385 3507 640 3578 ἀληθείας
667 3506 732 3559 δι⁹
766 3504 941 3560 αὐτῶν
970 3502 1449 3573 ἐπενηνεγμενους,
1467 3497 1604 3551 Ἀλλ’
1634 3499 1661 3550 6
1697 3495 1794 3566 μὲν

237 3599 454 3674 ’Δαρὼν
477 3604 505 3654 ὁ
533 3600 683 3670 παρὰ
706 3600 892 3652 Μωσεῖ
915 3594 1164 3668 Χριστὸς,
1196 3594 1297 3663 τῆς
1315 3591 1462 3663 παρὰ
1478 3589 1793 3659 Αἰγυπτίοις

224 3693 549 3757 ἀπαλλάξας
576 3692 664 3745 τὸν
699 3690 823 3743 λαὸν
855 3688 1094 3750 δουλείας
1116 3727 1130 3751 ,
1161 3686 1245 3738 ἐπ’
1282 3684 1562 3756 ἐλευθερίᾳ
1602 3696 1661 3736 τε
1700 3682 1793 3735 καὶ

224 3787 503 3859 θεραπείᾳ
530 3784 621 3838 τοῦ
650 3785 746 3854 τῆς
776 3783 866 3835 ἀπ’
898 3780 1168 3850 Αἰγύπτου
1197 3779 1417 3851 πορείας
1447 3776 1622 3832 αύτῶν
1654 3778 1793 3846 ήγη·

228 3880 469 3950 σάμενος
487 3917 502 3939 ,
529 3876 627 3947 τὴν
658 3875 838 3928 εἰκόνα
875 3872 1035 3935 σώζοι
1066 3870 1129 3924 ἂν
1158 3869 1251 3923 τοῦ
1296 3868 1525 3942 ἀληθοῦς
1552 3866 1754 3937 Κυρίου
1777 3903 1791 3927 ,

224 3968 285 4035 ὃς
307 3970 410 4040 τῆς
433 3965 806 4034 Αἰγυπτιακῆς
826 3962 1259 4035 εἰδωλολατρείας
1279 3964 1485 4023 πάντας
1507 3961 1649 4030 ἡμᾶς
1668 3957 1795 4020 τοὺς

225 4061 290 4126 ἐξ
315 4058 492 4114 ἐθνῶν
519 4056 852 4127 ἐλυτρώσατο
872 4072 884 4085 ·
914 4058 940 4109 6
964 4055 1005 4108 δ’
1037 4058 1093 4109 ἐν
1119 4053 1195 4124 τῷ
1240 4054 1493 4125 προφήτῃ
1536 4047 1739 4120 Ἰησοῦς
1767 4051 1794 4102 6

228 4155 413 4225 ίερεὺς
444 4154 474 4205 6
505 4150 671 4220 μέγας
699 4148 795 4225 τῆς
817 4147 925 4201 ἀπὸ
952 4144 1263 4207 Βαϐυλῶνος
1289 4143 1380 4195 ἐ.πί⁵
1401 4143 1499 4213 τὴν
1531 4141 1795 4211 Ἰερουσα-

226 4244 342 4315 λὴμ
376 4240 636 4296 ἐπανόδου
670 4237 929 4311 προέστη,
955 4238 1148 4305 δεῖγμα
1176 4234 1353 4303 φέρων
1376 4233 1468 4285 καὶ
1501 4230 1659 4294 αὐτὸς
1693 4230 1796 4301 Ἰη-

228 4335 326 4389 σοῦ
367 4333 462 4386 τοῦ
500 4331 747 4400 Σωτῆρος
782 4329 970 4400 ήμῶν,
1014 4327 1071 4379 ὃν
1115 4325 1306 4395 ἔχομεν
1340 4323 1485 4394 ἱερέα
1519 4322 1691 4393 μέγαν
1719 4320 1794 4372 δι-

1895 1870 1950 1917 et
1988 1862 2277 1918 aediﬁcabit
2329 1864 2551 1919 domum
2590 1864 2838 1928 Domini,
2868 1872 2921 1919 et
2952 1864 3070 1933 ipse
3092 1865 3322 1934 accipiet
3350 1865 3464 1919 vir-

1896 1962 2089 2019 tutem,
2124 1964 2179 2010 et
2207 1955 2436 2017 sedebit,
2464 1965 2517 2009 et
2546 1955 2907 2025 principatum
2958 1954 3225 2010 obtinebit
3258 1955 3311 2008 in
3334 1957 3465 2011 sede

1897 2061 1994 2103 sua
2029 2064 2041 2099 :
2074 2057 2125 2102 et
2156 2047 2261 2102 erit
2290 2047 2544 2102 sacerdos
2593 2061 2623 2099 a
2676 2046 2880 2101 dextris
2906 2046 3045 2115 ejus,
3093 2054 3147 2101 et
3173 2046 3460 2101 consilium

1895 2139 2182 2211 paciﬁcum
2214 2140 2319 2193 erit
2382 2137 2521 2191 inter
2565 2144 2855 2208 utrumque
2876 2138 2941 2191 ⁸⁷.
2975 2157 2994 2190 ι
3021 2137 3135 2193 Hoc
3160 2153 3378 2208 quoque
3406 2141 3463 2192 in

1896 2233 2016 2287 loco
2046 2231 2308 2301 propheta
2340 2242 2572 2299 magnus
2602 2227 2879 2291 sacerdos,
2910 2227 3001 2297 qui
3032 2227 3237 2281 dicitur
3277 2226 3459 2291 Jesus,

1897 2323 2297 2393 apertissimam
2334 2321 2625 2393 imaginem
2671 2327 2724 2376 et
2759 2327 2943 2374 notam
2996 2318 3459 2374 evidentissimam

1898 2431 2115 2472 scrvare
2131 2414 2263 2469 mihi
2292 2414 2515 2469 videtur
2538 2412 2837 2468 Salvatoris
2871 2412 3043 2467 nostri
3074 2410 3201 2466 Jesu
3229 2410 3458 2477 Christi,

1896 2505 2115 2578 quando
2143 2514 2198 2561 et
2234 2507 2381 2563 illius
2440 2506 2661 2561 nomine
2704 2505 3018 2568 decoratur,
3065 2512 3118 2559 et
3159 2503 3345 2575 populi
3396 2503 3466 2559 de

1896 2596 2171 2669 Babylone
2196 2595 2496 2660 redeuntis,
2524 2595 2615 2666 qui
2648 2596 2895 2665 captivus
2925 2594 3037 2648 illic
3056 2592 3250 2658 fuerat,
3269 2593 3464 2648 ductor

1897 2687 2147 2754 exsistit;
2202 2704 2329 2741 nam
2364 2686 2612 2741 Salvator
2646 2702 2863 2757 quoque
2897 2695 3082 2742 noster
3111 2683 3270 2740 Jesus
3300 2683 3462 2739 Chri-

1898 2789 2017 2836 stus
2045 2794 2140 2850 per
2166 2779 2357 2834 Isaiam
2400 2778 2717 2849 prophetam
2761 2778 2962 2833 dicitur
3000 2778 3201 2833 missus
3236 2783 3294 2831 ut
3323 2792 3467 2830 nun-

1898 2871 1997 2925 tiet
2024 2869 2254 2941 captivis
2282 2870 2657 2925 remissionem
2688 2876 2741 2924 et
2770 2868 2928 2924 caecis
2983 2869 3183 2934 visum,
3217 2868 3466 2924 console-

1898 2970 2095 3033 turque
2123 2978 2313 3017 omnes
2338 2962 2430 3032 qui
2475 2962 2530 3015 in
2561 2963 2710 3016 luctu
2760 2962 2888 3026 sint,
2929 2962 3126 3032 detque
3155 2961 3466 3032 lugentibus

1903 3052 2055 3118 Sion,
2086 3053 2310 3123 gloriam
2342 3067 2439 3123 pro
2472 3052 2676 3117 cinere,
2710 3060 2871 3121 atque
2900 3050 3211 3106 unctionem
3244 3050 3464 3106 laetitiae.

1823 3157 1867 3217 ο
1904 3145 2064 3215 198
2096 3144 2274 3200 Habes
2305 3145 2466 3213 igitur
2502 3145 2614 3214 jam
2664 3144 2801 3199 duos
2846 3158 3073 3214 magnos
3138 3143 3459 3213 pontifices:

1896 3236 2170 3292 Christum
2203 3236 2419 3306 quidem
2454 3236 2597 3306 apud
2626 3234 2851 3296 Mosem,
2882 3232 3065 3288 JcSum
3121 3242 3301 3288 autem
3339 3248 3464 3288 eum

1897 3325 1965 3389 de
1995 3340 2103 3395 quo
2134 3340 2280 3379 nunc
2323 3325 2525 3395 agitur,
2561 3325 2656 3394 qui
2706 3324 2949 3380 veritatis
2981 3324 3188 3378 circum
3216 3323 3463 3377 Salvato-

1896 3432 2011 3471 rem
2047 3431 2110 3470 ac
2139 3415 2425 3470 Dominum
2474 3424 2720 3471 nostrum
2772 3414 2957 3470 Jesum
2989 3414 3264 3470 Christum
3307 3424 3465 3471 notas

1896 3518 1948 3563 et
1970 3509 2123 3578 signa
2158 3508 2213 3561 in
2237 3507 2433 3577 seipsis
2464 3507 2787 3577 pertulerint
2813 3527 2825 3561 :
2862 3507 2955 3562 sed
2989 3508 3133 3561 enim
3158 3507 3339 3562 Aaron
3370 3509 3464 3578 qui

1897 3598 2039 3667 apud
2072 3596 2271 3652 Mosem
2301 3596 2552 3651 Christus
2587 3602 2670 3650 est
2695 3635 2709 3660 ,
2761 3610 2884 3649 cum
2939 3595 3259 3666 [Egyptiaca
3292 3598 3465 3653 servi-

1897 3698 2012 3744 tute
2034 3689 2288 3760 populum
2313 3687 2639 3749 liberaverit,
2664 3695 2717 3741 et
2739 3688 2807 3741 ad
2834 3688 3137 3743 libertatem
3178 3698 3233 3744 et
3275 3706 3463 3746 curam

1897 3781 2251 3852 profectionis
2279 3780 2345 3834 ab
2375 3778 2609 3850 [Egypto
2643 3779 2858 3833 illorum
2913 3780 3021 3833 dux
3056 3780 3219 3835 fuerit
3248 3798 3261 3832 :
3295 3784 3464 3851 probe

1898 3873 2139 3929 servabit
2201 3873 2489 3943 imaginem
2542 3871 2682 3941 ejus,
2739 3870 2832 3941 qui
2868 3886 3031 3925 verus
3063 3881 3146 3926 est
3176 3872 3458 3929 Dominus.

1895 3963 2031 4019 Nam
2065 3964 2154 4018 hic
2174 3964 2331 4035 plane
2352 3978 2450 4018 nos
2475 3979 2685 4024 omnes,
2714 3964 2807 4033 qui
2830 3962 2897 4017 de
2931 3964 3180 4032 gentibus
3196 3969 3459 4037 assumpti

1897 4074 2110 4121 sumus,
2142 4058 2209 4112 ab
2232 4056 2553 4128 IEgyptiaco
2601 4057 3020 4113 simulacrorum
3065 4059 3211 4112 cultu
3259 4060 3458 4114 libera-

1896 4152 1972 4206 vit
1998 4168 2011 4202 :
2045 4159 2099 4204 at
2127 4166 2254 4204 vero
2285 4152 2375 4220 qui
2400 4149 2542 4219 apud
2569 4150 2886 4219 prephetam
2908 4157 2993 4204 est
3017 4149 3177 4206 Jesus
3198 4152 3457 4207 sacerdos

1895 4260 2146 4316 magnus,
2189 4243 2544 4297 redeuntibus
2602 4242 2669 4297 de
2718 4242 2988 4313 Babylone
3020 4243 3075 4297 in
3125 4242 3457 4300 Hierusalem

1896 4337 2130 4407 praefuit,
2155 4338 2367 4408 signum
2425 4336 2543 4406 ipse
2577 4352 2795 4407 quoque
2821 4336 3020 4399 ferens,
3052 4335 3180 4392 Jesu
3215 4336 3460 4392 Salvato-

226 4426 529 4499 ιληλυθότα
555 4425 678 4486 τοὺς
708 4423 984 4495 οὐρανοὺς,
1009 4420 1074 4471 δι’
1096 4412 1156 4470 οὗ
1197 4419 1289 4471 καὶ
1312 4418 1481 4480 αὐτοὶ,
1513 4418 1698 4487 ὥσπερ
1730 4416 1792 4468 ἐκ

1898 4428 1975 4483 ris
2008 4430 2204 4489 nostri,
2253 4444 2413 4499 quem
2474 4429 2736 4485 habemus
2786 4429 3122 4485 sacerdotem
3183 4444 3457 4500 magnum,

228 4518 550 4579 Βαϐυλῶνος
571 4515 670 4585 τῆς
696 4513 835 4568 κατὰ
860 4512 947 4564 τὸν
975 4509 1242 4563 ἐνεστῶτα
1266 4507 1377 4578 βίον
1402 4505 1711 4577 συγχύσεώς
1736 4522 1792 4557 τε

1900 4517 1992 4586 qui
2018 4518 2234 4587 quidem
2267 4520 2437 4575 caelos
2486 4520 2634 4590 ipsos
2682 4521 3063 4591 penetraverit,
3123 4536 3153 4574 a
3201 4536 3310 4591 quo
3359 4536 3459 4576 nos

228 4610 325 4662 καὶ
357 4603 732 4677 αἰχμαλωσίας
774 4600 1266 4671 ἀπολυτρωθέντες,
1313 4601 1388 4663 εἰς
1436 4599 1532 4669 τὴν
1570 4596 1794 4669 οὐρανό-

232 4704 392 4757 πολιν
432 4702 532 4773 τὴν
576 4699 789 4770 ἀληθῶς
826 4695 1179 4770 Ἰερουσαλὴμ
1223 4695 1469 4748 σπεύδειν
1516 4694 1795 4765 ἐδιδάχθη-

234 4812 359 4865 μεν.
389 4792 628 4854 Εἰκότως
659 4790 715 4842 δὲ
747 4792 774 4843 6
804 4790 898 4858 τὴν
940 4788 1123 4841 εἰκόνα
1152 4788 1248 4858 τῆς
1277 4786 1531 4857 ἀληθείας
1568 4787 1634 4839 δι’
1662 4788 1791 4840 ἐαυ-

226 4886 323 4942 τοῦ
356 4886 537 4957 φέρων
570 4881 772 4954 Ἰησοῦς
806 4882 897 4933 καὶ
927 4879 1142 4951 ῥυπαρά
1169 4879 1355 4949 ἱμάτια
1388 4878 1794 4949 περιεϐέϐλητο,

231 4980 329 5033 καὶ
358 4980 387 5031 6
414 4974 655 5037 διάϐολος
682 4976 745 5026 ἐκ
769 4972 953 5037 δεξιῶν
983 4970 1144 5023 αὐτοῦ
1178 4970 1346 5033 ἑστὼς
1369 4971 1460 5023 καὶ
1486 4970 1793 5040 ἀντικείμε-

232 5089 325 5135 νος
357 5067 504 5138 αὐτῷ
524 5066 738 5135 λέγεται
760 5082 772 5094 ο
806 5064 925 5117 ἐπεὶ
952 5064 1045 5116 καὶ
1065 5065 1092 5116 6
1115 5063 1330 5134 ἀληθῶς
1351 5061 1537 5133 Σωτὴρ
1566 5062 1660 5115 καὶ
1684 5061 1795 5114 Κύ-

230 5177 354 5234 ριος
374 5157 528 5230 ήμῶν
560 5155 784 5228 Ἰησοῦς,
802 5157 878 5217 εἰς
903 5155 999 5226 τὴν
1032 5156 1300 5226 ἡμετέραν
1328 5153 1568 5216 καταϐάς
1595 5155 1797 5223 αἰχμα-

226 5251 439 5305 λωσίαν
458 5292 472 5315 ,
497 5249 596 5312 τὰς
624 5248 896 5318 ἁμαρτίας
924 5247 1079 5317 ἡμῶν
1118 5246 1401 5315 ἀνείληφε,
1437 5246 1529 5298 καὶ
1563 5244 1653 5296 τὸν
1699 5244 1793 5295 άν-

228 5344 503 5416 θρώπειον
539 5341 705 5413 ῥύπον
749 5339 1083 5408 ἀνεμάξατο,
1130 5338 1197 5390 τά
1243 5354 1303 5389 τε
1346 5335 1483 5389 κατά
1523 5335 1583 5388 τὸ
1626 5334 1795 5397 πάθος

227 5439 397 5505 αἴσχη
437 5433 526 5487 διὰ
567 5432 665 5502 τὴν
707 5432 842 5501 πρὸς
884 5432 1029 5501 ἡμᾶς
1075 5427 1477 5499 φιλανθρωπίαν
1516 5426 1793 5496 ὑπέμεινε.

231 5531 323 5584 Διό
364 5544 529 5599 φησιν
565 5529 593 5579 6
638 5525 895 5585 Ἡσαΐας·
938 5540 956 5573 ι
995 5517 1160 5585 Οὗτος
1193 5521 1289 5583 τὰς
1340 5518 1607 5591 ἁμαρτίας
1640 5517 1795 5589 ήμῶν

196 5704 201 5712 λ
300 5679 598 5733 I“Zachar.
639 5688 724 5742 ιιι,
774 5677 887 5731 1-4.
964 5676 1008 5708 “
1033 5675 1163 5731 ibid.
1208 5677 1261 5733 8.
1335 5675 1564 5732 l“Zacb.
1616 5692 1690 5739 vr,
1722 5673 1868 5728 9-15.

520 5774 785 5833 Ρλτιιοι.
818 5775 936 5834 Gn.
980 5772 1179 5833 XXII.

1898 4609 2059 4663 etiam
2093 4609 2194 4677 ipsi
2226 4610 2382 4677 quasi
2414 4609 2480 4663 de
2511 4609 2803 4681 Babylone,
2858 4611 2963 4667 hoc
3021 4617 3105 4664 est
3152 4610 3218 4665 de
3267 4609 3460 4665 confu-

1899 4698 2053 4752 sione
2082 4714 2145 4751 ac
2176 4699 2433 4752 servitute
2486 4699 2609 4751 vitm
2646 4702 2927 4767 praesentis
2982 4699 3218 4763 liberati,
3244 4698 3310 4751 ad
3343 4712 3458 4751 eo:-

1895 4788 2085 4844 lestem
2136 4802 2425 4857 veramque
2463 4786 2797 4843 Hierusalem
2844 4788 3171 4843 contendere
3205 4787 3457 4841 instructi

1899 4896 2111 4935 sumus.
2142 4880 2309 4936 Porro
2333 4889 2510 4935 autem
2536 4889 2728 4937 merito
2776 4882 2868 4951 qui
2892 4880 3141 4936 veritatis
3170 4880 3458 4949 imaginem

1900 4974 1956 5028 in
1986 4974 2165 5043 seipso
2206 4973 2408 5028 ferebat
2435 4973 2618 5037 Iesus,
2671 4972 2903 5028 sordidis
2965 4973 3188 5026 indutus
3216 4970 3451 5024 vestibus

1901 5063 2098 5125 fuerat,
2133 5061 2488 5135 diabolusque
2510 5080 2539 5116 a
2570 5063 2775 5118 dextris
2810 5063 2956 5116 illius
2982 5062 3201 5116 stetisse
3219 5100 3234 5125 ,
3257 5059 3454 5115 eidem-

1901 5169 2005 5223 que
2036 5154 2354 5210 adversatus
2392 5170 2512 5209 esse
2538 5154 2737 5209 dicitur
2763 5172 2774 5205 :
2811 5169 2933 5208 nam
2963 5168 3129 5208 verus
3159 5153 3289 5206 item
3343 5151 3455 5205 Sal-

1900 5253 2054 5297 vator
2077 5258 2140 5296 ac
2162 5242 2424 5298 Dominus
2473 5252 2659 5299 noster
2708 5243 3043 5305 Jesus.cum
3094 5242 3160 5296 ad
3213 5249 3458 5297 nostram

1900 5351 2073 5406 usque
2097 5336 2434 5390 descenderit
2468 5340 2801 5404 servitutem,
2832 5348 3051 5407 peccata
3092 5346 3277 5392 nostra
3338 5352 3462 5391 sus-

1901 5428 2042 5494 tulit,
2090 5436 2250 5498 atque
2283 5428 2548 5485 humanas
2590 5430 2779 5485 sordes
2801 5429 3078 5496 abstersit,
3138 5437 3192 5484 et
3241 5444 3362 5499 qua:
3382 5428 3459 5483 illi

1900 5518 1956 5572 in
2014 5518 2269 5589 passione
2325 5516 2525 5590 prebra
2555 5520 2704 5575 illata
2734 5525 2883 5585 sunt,
2939 5527 2994 5576 et
3043 5519 3462 5575 mansuetudine

3076 5766 3139 5827 11
