3866 6202
522 234 621 291 351
1122 229 1392 289 EUSEBII
1430 224 1907 286 CESARIENSIS
1941 222 2088 281 OPP.
2132 224 2328 282 PARS.
2371 225 2436 282 ll.
2471 255 2540 268 -—
2574 201 3095 281 APOLOGETICA:
3594 228 3678 285 532

522 351 895 421 cbaritateque
946 363 1075 421 erga
1114 364 1216 405 nos
1263 363 1362 405 sua
1411 348 1697 404 sustinuit.
1746 346 2049 418 Quapropte

2151 392 2158 405 .
2185 346 2376 418 φέρει,
2406 347 2502 401 καὶ
2528 347 2656 419 περὶ
2697 347 2852 419 ἡμῶν
2887 345 3137 399 ὀδυνᾶται
3157 383 3172 408 ,
3201 343 3288 399 καὶ
3310 346 3453 417 ἡμεῖς
3474 346 3678 417 ἐλογισά-

523 443 692 500 lsaias
717 445 796 500 sic
831 442 937 496 ait:
960 458 980 492 ι
1011 440 1110 496 Hic
1133 448 1353 511 peccata
1371 449 1562 496 nostra
1592 438 1713 504 fert,
1738 448 1791 493 et
1811 454 1909 509 pro
1925 438 2050 494 nobi

2187 437 2324 510 μεθα
2344 439 2503 494 αὐτὸν
2533 435 2670 493 εἶναι
2701 440 2759 494 ἐν
2786 439 2932 509 πόνῳ
2960 434 3053 491 καὶ
3086 439 3144 491 ἐν
3176 435 3367 509 πληγῇ,
3408 440 3491 492 καὶ
3521 442 3570 493 ἐν
3604 460 3682 495 κα-

520 547 603 596 est
626 539 680 594 in
709 538 917 598 dolore.
949 542 1003 592 et
1024 551 1127 593 nos
1150 536 1582 593 existimavimus
1619 550 1740 591 eum
1763 549 1885 590 esse
1914 534 1970 588 in
2000 534 2047 587 la

2184 530 2382 585 κώσει·
2442 528 2603 595 αὐτὸς
2658 526 2713 585 δὲ
2755 526 3161 603 ἐτραυματίσθη
3202 526 3286 581 διὰ
3326 528 3415 592 τὰς
3457 531 3681 602 ἁμαρτίας

526 632 648 685 ‘iore
660 636 714 687 et
743 629 796 684 in
823 628 975 698 plaga
1001 637 1055 685 et
1073 629 1129 683 in
1145 628 1463 684 alﬂictionc:
1498 627 1613 698 ipse
1643 635 1821 681 autem
1839 627 2053 682 vulnera

2183 621 2338 694 ἡμῶν
2363 661 2378 686 ,
2426 624 2519 676 καὶ
2550 620 2948 693 μεμαλάκισται
2992 617 3079 673 διὰ
3120 615 3217 681 τὰς
3244 614 3455 689 ἀνομίας
3481 621 3629 690 ἡμῶν.
3660 637 3676 674 ι

519 728 607 777 tus
625 726 710 776 est
740 727 959 790 propter
989 727 1209 791 peccata
1238 728 1445 784 nostra,
1463 728 1516 775 et
1537 719 1840 775 inﬁrmatus
1865 726 2046 788 estpro

2196 712 2355 765 Ἀλλὰ
2387 712 2482 766 καὶ
2523 712 2773 782 Ἰωάννης
2813 708 2843 764 6
2888 706 3194 779 Βαπτιστὴς
3241 705 3357 761 ἰδὼν
3393 706 3477 760 τὸν
3517 709 3682 780 Κύριον

516 822 635 883 pter
671 811 990 883 iniquitates
1016 818 1235 868 nostras
1256 811 1335 867 3':
1370 832 1389 864 ι
1439 811 1573 877 quin
1631 811 1796 867 etiam
1843 807 2043 866 Joanne

2183 796 2365 854 εἶπεν·
2405 820 2424 852 τ
2455 800 2560 854 Ἴδε
2606 802 2635 855 6
2673 797 2874 871 Ἀμνος
2905 796 2998 853 τοῦ
3027 796 3159 852 Θεοῦ
3187 796 3215 850 6
3241 795 3402 865 αἰρων
3428 794 3515 861 τὰς
3537 798 3683 871 ἁμαρ-

516 903 760 974 Baptista
787 943 804 969 ,
861 919 985 960 cum
1054 902 1337 959 Dominum
1388 903 1616 960 vidisset
1649 942 1666 968 ,
1706 902 1784 958 ait
1820 920 1834 958 :
1897 921 1917 955 ι
1944 899 2043 957 Ecc

2184 891 2306 956 τίας
2335 891 2431 946 τοῦ
2459 893 2685 964 κόσμου.
2719 911 2739 945 ο
2778 889 2889 945 Καὶ
2911 888 2941 941 6
2978 888 3188 954 Παῦλος
3213 887 3413 953 τούτοις
3441 891 3683 962 παραπλη-

514 993 700 1065 Agnus
734 991 850 1059 Dei,
909 994 1003 1065 qui
1045 994 1186 1048 tollit
1233 1002 1457 1063 peccata
1512 992 1704 1049 mundi
1757 992 1826 1048 ".
1859 1012 1879 1050 ι
1935 990 2041 1047 Pau

2186 985 2316 1049 σίως
2363 986 2491 1057 περὶ
2534 982 2699 1039 αὐτοῦ
2747 984 2972 1058 γράφων
3019 980 3186 1055 φησί·
3223 1001 3242 1034 ι
3273 980 3374 1036 Τὸν
3422 980 3490 1054 μὴ
3530 984 3688 1052 γνόντα

513 1086 599 1142 lus
652 1101 870 1157 quoque
916 1086 1003 1141 bis
1056 1085 1257 1142 similia
1313 1086 1569 1149 scribens
1615 1086 1685 1142 de
1728 1086 1822 1142 illo
1853 1084 2032 1156 inquit

2183 1077 2456 1151 ἁμαρτίαν
2487 1077 2627 1150 ὑπὲρ
2651 1076 2806 1149 ἡμῶν
2847 1076 3120 1149 ἁμαρτίαν
3147 1074 3420 1149 ἐποίησεν,
3455 1077 3533 1131 ἰνα
3561 1078 3689 1149 ἡμεῖς

516 1196 535 1230 c
560 1176 696 1232 Eum
721 1176 814 1247 qui
844 1184 1127 1247 peccatum
1186 1192 1299 1231 non
1353 1177 1526 1243 novit,
1558 1192 1659 1247 pro
1685 1176 1843 1234 nobis
1890 1188 2043 1246 pecca

2183 1167 2495 1241 δικαιοσύνη
2567 1167 2702 1223 Θεοῦ
2769 1167 3052 1239 γινώμεθα
3116 1169 3175 1222 ἐν
3246 1166 3388 1238 αὐτῷ
3415 1185 3429 1198 ·
3483 1186 3501 1220 ›
3575 1171 3654 1223 καὶ
3678 1212 3690 1234 ,

511 1278 623 1324 tum
646 1267 795 1332 fecit,
820 1275 880 1322 ut
907 1283 1008 1324 nos
1020 1267 1352 1325 eﬂiceremur
1375 1270 1584 1341 iustitia
1614 1268 1710 1326 Dei
1738 1269 1793 1324 in
1833 1270 1954 1339 ipso
1976 1268 2038 1335 ’°;

2189 1278 2209 1311 ι
2251 1259 2484 1332 Χριστὸς
2522 1259 2670 1331 ἡμᾶς
2715 1258 3046 1332 ἐξηγόρασεν
3104 1261 3168 1313 ἐκ
3208 1259 3303 1331 τῆς
3344 1259 3568 1332 κατάρας
3617 1260 3689 1315 τοῦ

512 1364 641 1417 item
678 1377 692 1412 :
732 1360 1025 1419 «Christus
1086 1377 1186 1417 nos
1220 1362 1449 1418 redemit
1493 1362 1560 1419 de
1609 1362 1895 1419 maledicto
1923 1361 2039 1433 legi:

2183 1353 2385 1426 νόμου,
2433 1353 2720 1425 γενόμενος
2779 1352 2917 1425 ὑπὲρ
2975 1351 3135 1423 ἡμῶν
3202 1351 3428 1424 κατάρα.
3476 1371 3494 1404 ι
3542 1350 3693 1406 Ταῦτα

511 1449 690 1506 factus
754 1465 852 1521 pro
909 1450 1070 1506 nobis
1125 1451 1471 1537 maledictum
1526 1452 1595 1508 ἰ.
1655 1471 1674 1505 ι
1736 1451 1861 1507 Haac
1918 1452 2038 1522 igitr

2183 1444 2248 1517 δὴ
2292 1440 2389 1537 οὖν
2447 1446 2663 1500 ἅπαντα
2726 1442 3053 1510 θεσπίζουσα
3110 1445 3144 1515 ἠ
3193 1444 3486 1515 προφητεία
3540 1444 3691 1516 ἐδήλου

508 1543 761 1598 universa
794 1541 923 1597 dum
969 1543 1117 1598 canit
1147 1528 1455 1614 propheta;
1488 1545 1731 1617 apertius
1778 1560 1842 1600 ea
1868 1542 1986 1615 ipsa
2016 1562 2035 1601 ε

2182 1535 2250 1590 δι’
2285 1528 2359 1590 ὧν
2392 1552 2556 1607 φησιο
2595 1554 2614 1588 ι
2649 1535 2760 1591 Καὶ
2804 1534 3009 1608 Ἰησοῦς
3049 1530 3118 1607 ἦν
3161 1534 3494 1606 ἐνδεδυμένος
3541 1535 3695 1606 ἱμάτια

509 1631 732 1703 gnificat
761 1631 851 1686 ubi
900 1631 977 1685 ait
1006 1651 1066 1687 τί
1098 1632 1163 1686 Et
1193 1632 1354 1691 Jesus
1400 1641 1518 1689 erat
1564 1635 1786 1701 indutus
1836 1634 2036 1691 vestibt

2186 1628 2436 1699 ρυπαρά’
2486 1646 2505 1680 ι
2543 1628 2680 1701 πλὴν
2736 1627 2871 1683 ἀλλά
2907 1626 3080 1681 ταῦτα
3120 1626 3445 1697 ἀποθέμενος
3473 1625 3598 1680 κατὰ
3619 1625 3694 1696 τὴν

509 1712 741 1778 sordidis
766 1723 851 1790 ⁹²;
883 1741 902 1775 ι
930 1731 1305 1779 verumtamen
1338 1763 1354 1788 ,
1399 1723 1467 1779 iis
1501 1724 1766 1795 depositis
1798 1739 1907 1794 quo
1946 1734 2036 1779 ten

2180 1692 2260 1785 εἰς
2301 1692 2561 1793 οῦρανοῦς
2602 1692 2818 1786 ἄνοδδν,
2871 1721 2965 1775 καὶ
3006 1720 3105 1794 τὴν
3152 1719 3265 1774 ἀπὸ
3295 1692 3406 1791 ψτῆς
3438 1719 3548 1774 καθ’
3578 1692 3695 1791 ἡμδς

504 1830 636 1887 pore
683 1815 737 1870 in
787 1817 985 1870 cretum
1050 1816 1315 1883 ascendit,
1383 1830 1448 1870 ac
1500 1815 1567 1871 de
1608 1816 1873 1871 servitute
1922 1815 2031 1886 19

2178 1811 2552 1883 αἰχμαλωσίας
2582 1815 2661 1877 είς
2697 1812 2767 1866 τὰ
2794 1814 2968 1866 οἰκεῖα
3004 1810 3282 1875 ἐπάνοδον,
3313 1809 3391 1881 τῷ
3416 1811 3509 1882 τῆς
3537 1826 3697 1881 πατρι-

502 1918 693 1963 nostra
746 1907 817 1963 ad
852 1923 916 1963 ea
946 1922 1067 1978 quae
1128 1907 1301 1978 ipsius
1354 1908 1573 1979 propria
1634 1917 1784 1972 sunt,
1826 1923 2029 1963 reversi

2176 1904 2281 1974 κῆς
2324 1902 2572 1974 θεότητος
2615 1905 2967 1974 στεφανοῦται
3003 1903 3314 1975 διαδήματι,
3346 1903 3438 1955 καὶ
3466 1900 3554 1973 τὴν
3585 1900 3695 1972 λαμ-

505 2007 614 2065 est,
677 2007 792 2055 tum
848 2015 977 2057 vero
1025 2009 1261 2072 paternae
1316 2000 1615 2056 divinitatis
1662 2001 1965 2057 diademate
1993 2017 2032 2055 οε

2178 1994 2453 2067 προτάτην
2487 1994 2678 2066 στολὴν
2721 1994 2816 2049 τοῦ
2853 1993 3117 2068 πατρικοῦ
3160 1994 3341 2064 φωτὸς
3385 1992 3692 2066 περιτίθεται,

506 2101 841 2155 coronatus,
868 2098 923 2147 et
957 2090 1168 2162 paterni
1198 2090 1417 2147 luminis
1453 2092 1955 2162 splendidissimum
1982 2106 2033 2146 ve

2176 2087 2387 2159 κιδάρει
2423 2105 2483 2141 τε
2515 2087 2700 2160 ἐνθέῳ,
2734 2088 2828 2141 καὶ
2858 2089 2968 2150 τοῖς
2998 2085 3183 2152 ἄλλοις
3216 2087 3596 2159 άρχιερατικοίς
3621 2087 3696 2141 κό-

510 2183 822 2238 stimentum
868 2183 1112 2249 indutus,
1170 2182 1454 2254 cidarique
1488 2183 1709 2252 divina,
1739 2163 1903 2255 atque
1950 2183 2037 2237 alii

2175 2196 2334 2249 σμοις
2363 2182 2806 2250 κατακοσμεῖται’
2837 2178 2897 2231 οὐ
2926 2176 3137 2249 χαλεπὰ
3170 2178 3232 2232 δὲ
3262 2181 3355 2233 καὶ
3386 2179 3451 2234 τὰ
3479 2178 3604 2233 κατὰ
3625 2177 3697 2231 τὸν

505 2274 798 2345 pontiﬁciis
824 2275 1158 2330 ornamentis
1174 2275 1488 2332 decoratus.
1514 2274 1632 2331 Non
1654 2285 1738 2333 est
1761 2286 1941 2333 autem
1969 2277 2032 2332 di

2172 2271 2416 2326 διάϐολον
2452 2271 2762 2334 ἀποδοῦναι,
2801 2270 2860 2335 ὃς
2893 2271 2973 2326 ἔτι
3004 2272 3097 2326 καὶ
3140 2270 3241 2325 νῦν
3278 2271 3621 2343 ἀντικείμενος
3644 2271 3695 2341 τῇ

507 2364 646 2420 licile
675 2363 840 2418 ctiam
868 2377 934 2419 ea
975 2379 1093 2435 quae
1122 2364 1190 2419 ad
1221 2362 1497 2420 diabolum
1522 2374 1770 2437 spectant
1801 2368 2034 2439 interpre

2173 2365 2265 2419 τοῦ
2293 2361 2529 2436 Χριστοῦ
2556 2362 2892 2433 διδασκαλίᾳ,
2922 2363 3015 2417 καὶ
3043 2365 3108 2434 τῇ
3139 2363 3269 2416 καθ’
3292 2363 3420 2435 ὅλης
3446 2363 3538 2435 τῆς
3560 2362 3699 2415 οἰκου-

501 2456 626 2518 tari,
647 2455 740 2525 qui
774 2455 991 2525 quidem
1023 2455 1184 2510 etiam
1224 2471 1371 2511 nunc
1400 2456 1526 2510 dum
1569 2456 1770 2513 Christi
1808 2459 2028 2512 doctrin

2175 2456 2340 2528 μένης
2393 2454 2483 2509 ὑπ’
2535 2453 2698 2508 αὑτοῦ
2753 2454 3055 2528 ἰδρυνθείσῃ
3105 2453 3426 2526 Ἐκκλησία,
3471 2451 3602 2523 αὐτῷ
3636 2450 3698 2521 τῷ

500 2547 838 2612 adversatur,
891 2553 1055 2617 atque
1092 2547 1170 2600 illi
1204 2544 1480 2613 Ecclesiae,
1515 2564 1635 2618 quae
1672 2564 1702 2602 a
1732 2548 1949 2603 Christo
1978 2565 2027 2619 pi

2173 2550 2384 2620 Σωτῆρι
2435 2547 2593 2620 ἡμῶν
2646 2547 2968 2620 ἁνθέστηκε,
3029 2548 3117 2604 καὶ
3172 2546 3434 2620 πρότερον
3483 2544 3615 2616 αὐτῷ
3654 2540 3700 2610 ἐξ

500 2647 674 2695 totum
727 2646 992 2694 terrarum
1040 2638 1226 2695 orbem
1269 2647 1452 2695 erecta
1502 2648 1606 2705 est,
1638 2641 1743 2711 ipsi
1798 2639 2027 2695 Salvatm

2171 2640 2418 2702 ἐναντίας
2449 2636 2900 2711 ἐπιστρατεύσας,
2926 2637 3015 2690 ὅτε
3049 2638 3236 2709 παρῆν
3264 2638 3409 2708 ἡμᾶς
3436 2637 3499 2689 ἐκ
3519 2634 3607 2703 τῆς
3626 2632 3698 2685 ὑπ’

502 2737 695 2787 nostro
725 2728 1068 2794 adversatur,
1096 2737 1283 2801 utpote
1313 2732 1405 2802 qui
1437 2743 1594 2788 antea
1625 2747 1843 2803 quoque
1873 2741 2029 2786 contr

2177 2730 2331 2785 αὐτοῦ
2366 2729 2740 2802 αἰχμαλωσίας
2772 2729 3052 2800 ῥυόμενος.
3099 2728 3397 2801 Ἐπείρασε
3424 2724 3547 2796 γοῦν
3573 2722 3704 2778 αὐτὸν

501 2823 653 2880 illum
683 2821 913 2886 steterit.
962 2822 1091 2877 dum
1135 2823 1182 2877 is
1225 2824 1380 2880 adest
1427 2840 1529 2881 nos
1556 2839 1586 2879 a
1614 2826 1875 2880 servitute
1905 2841 2028 2895 quai

2176 2823 2265 2876 καὶ
2293 2822 2575 2894 πρότερον,
2612 2821 2705 2875 καὶ
2731 2820 3002 2893 δεύτερον,
3036 2821 3125 2874 ὅτε
3162 2819 3309 2874 κατὰ
3336 2819 3398 2873 τὸ
3439 2816 3595 2880 πάθος
3625 2814 3703 2886 τὴν

502 2914 606 2973 sub
654 2913 758 2968 hoc
787 2912 1114 2978 ferebamus,
1149 2916 1480 2973 liberaturus
1514 2936 1528 2971 :
1572 2932 1765 2987 nempe
1798 2918 1951 2970 illum
1979 2917 2029 2970 lii

2181 2916 2456 2988 ἐπιϐουλὴν
2490 2914 2637 2986 αὐτῷ
2684 2914 3133 2968 συνεσκευάσατο.
3173 2914 3293 2982 Ἐφ’
3328 2907 3410 2975 οἷς
3447 2911 3603 2966 ἅπασι
3632 2906 3708 2963 καὶ

496 3007 731 3065 tentavit
762 3014 816 3063 et
848 3009 1014 3064 semel
1047 3009 1220 3079 prius,
1254 3016 1309 3065 et
1343 3009 1538 3065 iterum
1574 3017 1783 3081 postea,
1814 3026 1936 3064 cum
1961 3025 2023 3065 su

2180 3006 2259 3061 τὸν
2304 3005 2545 3060 διάϐολον
2590 3008 2684 3060 καὶ
2730 3007 2853 3070 τοὺς
2896 3006 2988 3059 ὑπ’
3024 3003 3175 3075 αὐτῷ
3225 3005 3438 3068 πάντας
3480 3000 3707 3074 ἁοράτους

498 3087 676 3168 ipsam
698 3098 1005 3169 passionem
1033 3099 1111 3155 illi
1142 3099 1372 3156 insidias
1391 3102 1750 3171 comparavit,
1778 3100 1846 3155 ad
1878 3111 2025 3154 extre

2185 3098 2393 3170 εχθρούς
2424 3115 2482 3150 τε
2516 3098 2609 3152 καὶ
2641 3097 2933 3168 πολεμίους
2964 3070 3417 3168 τροπωτσάμενος,
3452 3070 3570 3155 τοὺς
3613 3090 3712 3158 αἰχ-

494 3205 647 3245 mum
676 3190 767 3244 ille
807 3204 931 3245 cum
958 3198 1012 3245 et
1042 3191 1218 3261 ipsum
1270 3191 1576 3255 diabolum,
1617 3200 1671 3247 et
1699 3207 1794 3246 eos
1824 3191 1917 3261 qui
1963 3206 2021 3245 su

2180 3189 2451 3261 μαλώτους
2483 3191 2628 3262 ἡμᾶς
2659 3190 2891 3252 οἰκείους
2919 3186 3084 3242 αὐτοῦ
3114 3187 3525 3258 κατηρτήσατο,
3553 3182 3635 3236 καὶ
3660 3177 3707 3242 ἐξ

496 3280 619 3351 ipso
638 3280 860 3352 degunt,
892 3280 1195 3345 universos,
1227 3288 1281 3335 et
1302 3281 1551 3336 inimicos
1580 3290 1633 3336 et
1654 3281 1858 3337 hostes.
1890 3280 2023 3335 visui

2185 3279 2323 3350 ἡμῶν
2352 3278 2528 3332 αὐτῶν
2548 3317 2564 3342 ,
2593 3278 2741 3332 ὼσὰν
2770 3279 2834 3331 ὲκ
2862 3277 3026 3331 λίθων
3061 3274 3309 3341 ζώντων,
3356 3276 3447 3329 τὸν
3474 3269 3610 3328 οἷκον
3635 3268 3712 3323 τοῦ

496 3379 750 3427 nostrum
778 3370 1132 3440 elfugientes,
1167 3369 1223 3424 in
1250 3367 1432 3441 fugam
1488 3370 1783 3434 vertisset,
1829 3385 1930 3423 nos
1969 3385 2023 3439 qi

2185 3369 2302 3424 θεοῦ
2325 3370 2417 3423 καὶ
2434 3370 2495 3424 τὸ
2524 3371 2625 3442 τῆς
2650 3369 2929 3434 εὐσεϐείας
2957 3368 3265 3441 πολίτευμα
3294 3370 3575 3441 ἐστήσατο,
3597 3364 3712 3417 ὥστε

493 3461 697 3532 captivi
744 3461 1084 3526 tenebamur,
1121 3477 1251 3518 suos
1299 3461 1479 3517 eﬂ‘ecit
1516 3461 1867 3527 domesticos,
1903 3471 2020 3532 atqu

2189 3464 2387 3528 ;ἰκότως
2414 3461 2740 3536 ἐφαρμόζειν
2782 3461 2930 3533 αὑτῷ
2962 3463 3021 3517 τὸ
3053 3461 3237 3530 λόγιον
3271 3462 3503 3533 φάσκονο
3542 3478 3560 3512 ι
3606 3454 3716 3510 ’1δοῦ

497 3553 566 3609 de
594 3552 755 3609 nobis
776 3552 932 3623 ipsis,
964 3562 1220 3625 tanquam
1247 3554 1316 3609 de
1354 3554 1492 3609 vivis
1524 3554 1817 3626 lapidibus,
1841 3555 2024 3609 domui

2189 3555 2323 3627 ινὴρ,
2369 3554 2623 3627 Ἀνατολὴ
2651 3555 2819 3626 ὄνομα
2848 3554 3024 3625 αὐτῷ’
3061 3555 3156 3607 καὶ
3179 3552 3538 3608 ὑποκάτωθεν
3577 3544 3716 3603 αὑτοῦ

498 3645 615 3713 Dei,
640 3647 922 3717 ipsamque
951 3646 1166 3717 pietatis
1189 3646 1581 3718 rempublicam
1608 3650 1828 3716 struxit,
1869 3649 2025 3719 utjnr

2191 3651 2429 3713 ινατεὶεῖ,
2464 3649 2558 3701 καὶ
2582 3647 2924 3718 οἰκοδομήσει
2955 3646 3047 3699 τὸν
3080 3642 3234 3700 οἶκον
3269 3644 3499 3717 Κυρίου·
3525 3642 3612 3696 καὶ
3637 3638 3718 3694 αὒ-

490 3755 561 3796 ac
590 3741 784 3817 merito
811 3740 889 3795 illi
926 3740 1208 3796 oraculum
1246 3742 1317 3796 sit
1347 3742 1893 3808 accommodandum,
1917 3757 2017 3812 quo

2195 3742 2253 3806 ὸς
2280 3742 2509 3812 λήψεται
2539 3740 2759 3814 ἀρετὴν,
2790 3741 2881 3794 καὶ
2913 3739 3207 3804 καθιεῖται,
3242 3741 3343 3794 καί⁵
3366 3735 3615 3808 κατάρξει
3641 3731 3719 3785 ἐπὶ

508 3834 586 3889 ait
610 3852 632 3893 ,ε
673 3853 692 3887 ι
726 3831 867 3888 Ecce
903 3833 1006 3898 vir,
1037 3830 1230 3890 Oriens
1259 3849 1459 3889 nomen
1478 3834 1551 3899 ei,
1576 3842 1631 3890 et
1658 3835 1844 3889 subter
1882 3835 2035 3905 ipsum

2197 3833 2258 3889 οῦ
2293 3834 2502 3906 θρόνου.
2548 3853 2566 3885 ι
2598 3834 2838 3906 Πρόσχες
2867 3833 2910 3885 δ’
2944 3827 3036 3886 οὖν
3061 3832 3370 3903 ἐπιμελῶς,
3401 3832 3522 3884 τίνα
3546 3827 3721 3899 τρόπον

494 3925 723 3991 orietur,
750 3935 803 3982 et
826 3925 1116 3981 aediﬁcabit
1144 3926 1365 3981 domum
1398 3925 1649 3992 Domini,
1683 3934 1738 3982 et
1770 3928 1886 3997 ipsc
1917 3928 2021 3983 acci

2196 3927 2258 3981 ῦν
2291 3926 2388 3998 μὲν
2417 3922 2796 3997 πνευματικῶς
2823 3921 3067 3996 περὶτοῦ
3101 3923 3277 3977 πάλαι
3307 3921 3593 3992 γεγονότος
3629 3918 3719 3985 Ἰη·

494 4016 605 4087 piet
627 4015 903 4081 virtutem,
927 4021 983 4070 et
1014 4015 1243 4084 sedebit,
1289 4024 1344 4072 et
1367 4015 1736 4088 principatum
1766 4018 1972 4074 tenebit
2004 4018 2017 4072 i

2197 4019 2282 4082 οῦ,
2308 4018 2400 4072 τοῦ
2440 4019 2538 4088 τὴν
2573 4016 2757 4071 εἰκόνα
2784 4014 2878 4069 τοῦ
2918 4013 3150 4085 ἀληθοῦς
3184 4015 3476 4086 φέροντος,
3503 4010 3629 4081 φησὶ
3653 4006 3724 4069 τδ,

493 4105 622 4163 sede
637 4121 735 4162 sua
760 4107 827 4162 ⁸³.
869 4125 888 4158 ι
913 4106 1143 4162 Attende
1173 4108 1339 4179 igitur
1364 4109 1675 4181 diligenter,
1709 4108 2020 4180 quemadmi

2232 4109 2361 4163 Ἰδοὺ
2402 4109 2560 4180 ἀνὴρ,
2609 4106 2864 4177 Ἀνατολὴ
2905 4106 3074 4177 ὄνομα
3114 4106 3305 4177 αὐτῷ·
3352 4126 3372 4158 ι
3417 4106 3632 4175 ὕστερον
3678 4097 3726 4151 δὲ

492 4197 623 4251 dum
654 4195 743 4250 hic
776 4197 995 4279 quidem
1056 4197 1325 4266 spirituali
1358 4200 1593 4268 quodam
1637 4213 1789 4253 more
1817 4198 1885 4254 de
1918 4199 2019 4252 anti

2201 4201 2367 4264 πόδας
2411 4199 2486 4263 ὡς
2528 4199 2657 4270 περὶ
2690 4197 2876 4268 ἐτέρου
2917 4197 3070 4261 ὄντος
3125 4196 3453 4266 Ἀντικλῆς,
3494 4190 3634 4263 αὐτῷ
3670 4189 3728 4258 δὴ

492 4303 603 4357 quo
651 4287 880 4358 loquens
911 4285 1067 4354 Jesu,
1092 4290 1188 4360 qui
1238 4290 1530 4361 imaginem
1570 4291 1682 4346 veri
1716 4289 1945 4355 ferebat,
1978 4292 2019 4347 si

2201 4292 2276 4345 ίτε
2312 4291 2535 4364 παρόντι
2586 4289 2764 4362 Ἰησοῦ
2796 4289 3073 4343 λέλεκται·
3122 4308 3142 4341 ι
3188 4291 3402 4343 ’Ἄκουε
3442 4288 3527 4359 δὴ,
3573 4280 3728 4355 Ἰησοῦ

493 4377 679 4433 dicat:
704 4397 723 4430 ‹
754 4377 893 4435 Ecce
906 4380 1009 4445 vir,
1034 4381 1229 4439 Oriens
1253 4398 1451 4439 nomen
1486 4384 1559 4442 ei.
1586 4403 1606 4437 ι
1624 4383 1911 4439 Paululum
1931 4402 2020 4440 ver

2226 4389 2402 4460 ἱερεὺς
2430 4389 2459 4440 6
2485 4386 2678 4458 μέγας,
2711 4387 2775 4440 σὺ
2800 4386 2894 4439 καὶ
2915 4387 2962 4445 οὶ
2993 4384 3220 4457 πλησίον
3246 4383 3372 4449 σοῦ,
3396 4383 3530 4436 διότι
3559 4377 3729 4449 ἄνδρες

490 4483 839 4542 progressus,
872 4473 1029 4542 quasi
1056 4472 1123 4529 de
1138 4474 1244 4530 alio
1261 4476 1354 4546 qui
1384 4474 1456 4530 sit
1481 4474 1697 4541 Oriens,
1735 4477 1836 4548 ipsi
1860 4479 1937 4533 illi
1963 4494 2017 4549 qi

2205 4478 2548 4551 ερατοσκόποι
2580 4477 2736 4533 εἰσίν.
2783 4477 2913 4531 Ἰδοὺ
2939 4478 3056 4545 ἄγω
3087 4477 3179 4530 τὸν
3220 4477 3419 4555 δοῦλόν
3455 4492 3558 4546 μου
3594 4472 3732 4523 Ἀναο

482 4570 627 4615 ωηο
648 4560 856 4627 aderat,
892 4560 1019 4618 Jesu
1049 4563 1281 4620 dixerit:
1315 4583 1334 4616 ε
1357 4564 1624 4638 Audijam
1654 4583 1823 4633 nunc,
1854 4566 2009 4624 oJeSI

2204 4569 2340 4641 ὶλήν.
2381 4588 2400 4622 ι
2431 4570 2494 4623 Ei
2526 4568 2590 4641 δὴ
2621 4564 2714 4621 οὖν
2746 4569 2775 4621 6
2810 4568 2966 4637 λόγος
3000 4562 3069 4639 ἦν
3094 4564 3230 4639 περὶ
3280 4568 3574 4638 μέλλοντος
3599 4560 3731 4631 ἥξειν

482 4650 753 4708 sacerdos
771 4669 982 4727 magno,
999 4664 1054 4711 et
1075 4665 1155 4721 tu,
1182 4665 1236 4714 et
1258 4659 1490 4729 proximi
1527 4662 1640 4723 tui,
1672 4662 1930 4732 quoniam
1956 4662 2006 4717 vi

2206 4662 2367 4733 :épou,
2403 4660 2761 4733 ἀληθέστερον
2797 4658 2949 4733 παρὰ
2991 4659 3083 4713 τὸν
3118 4661 3245 4713 τότε
3296 4661 3596 4730 ’Λνατολῆς
3630 4659 3733 4710 6w-

486 4738 867 4816 prodigiorum'
917 4747 1255 4821 inspectores
1300 4760 1447 4809 sunt.
1508 4751 1648 4809 Ecce
1683 4769 1784 4826 ego
1846 4754 2013 4810 adduc

2207 4752 2667 4826 αζομένου,είκὼν
2693 4754 2800 4825 ἄρα
2829 4752 2919 4806 τοῦ
2950 4752 3239 4823 μέλλοντος
3271 4753 3435 4823 ἥξειν
3466 4747 3734 4817 Ἀνατολῆς

488 4849 706 4891 servum
738 4852 937 4906 meum,
970 4838 1247 4898 Orientem
1275 4842 1343 4900 “.
1379 4842 1437 4899 Si
1460 4845 1626 4916 igitur
1647 4861 1827 4902 sermo
1854 4848 2015 4903 eratd

2210 4849 2365 4910 ιεῖνος
2391 4841 2481 4918 ἦν,
2513 4844 2589 4910 ὡς
2620 4847 2678 4900 ὲν
2710 4846 2877 4899 εἰκόνι
2915 4845 2975 4898 οὐ
3013 4844 3171 4915 μόνον
3220 4845 3465 4915 Ἰησοῦς,
3502 4842 3631 4898 ἀλλὰ
3658 4838 3737 4893 καὶ

487 4929 596 4982 alio
624 4929 719 4999 qui
750 4942 1009 4989 venturus
1065 4944 1232 5000 esset,
1274 4951 1338 4993 ac
1372 4938 1557 4994 verius
1588 4956 1753 5010 quam
1816 4940 1926 5005 ille,
1957 4956 2014 5011 qi

2209 4936 2428 5009 λνατολὴ
2476 4937 3028 5008 προσαγορευόμενος,
3062 4938 3174 5003 εἴγε
3202 4937 3288 5000 ὡς
3322 4936 3471 5007 7:96;
3512 4932 3736 5004 παρόντα

488 5028 621 5076 tunc
636 5022 846 5089 aderat,
866 5025 1060 5083 Oriens
1072 5029 1458 5096 nominandus,
1482 5042 1628 5087 certe
1648 5031 1825 5103 imago
1839 5041 2015 5087 ventu:

2212 5029 2328 5083 ὐτδν
2359 5026 2481 5094 16,1
2505 5028 2634 5082 Ἰδοὺ
2664 5028 2828 5100 ἀνὴρ,
2865 5028 3120 5099 Ἀνατολὴ
3153 5027 3338 5099 ὄνομα
3369 5027 3547 5097 αὐτῷ,
3581 5046 3599 5077 ι
3631 5022 3739 5075 ἐλέ-

490 5110 732 5171 Orientis
761 5114 852 5172 ille
872 5125 990 5172 erat
1018 5135 1033 5173 :
1065 5127 1251 5191 utpote
1289 5123 1384 5191 qui
1419 5122 1475 5177 in
1505 5122 1857 5195 imaginenon
1874 5125 2017 5180 solur

2211 5142 2307 5178 ετο.
2339 5122 2576 5187 Εἰκότως
2613 5117 2704 5175 οὖν
2745 5121 2842 5192 τῆς
2875 5122 3078 5183 εἰκόνος
3122 5120 3297 5174 ἕνεκα
3340 5121 3441 5174 καὶ
3474 5116 3625 5178 circa,
3652 5114 3738 5183 τῆς

483 5204 669 5273 Iesus,
699 5208 795 5264 sed
831 5211 997 5266 etiam
1027 5211 1222 5270 Oriens
1253 5214 1551 5283 diceretur,
1580 5217 1626 5273 si
1658 5216 1877 5287 quidem
1931 5227 2010 5272 tar

2212 5220 2413 5292 ιοτῆρος
2460 5217 2826 5291 προσηγορίας
2884 5216 3103 5287 ἠξίωτο,
3148 5215 3458 5286 ὡσπεροῦν
3512 5215 3605 5267 καὶ
3652 5210 3739 5277 τῆς

485 5315 651 5368 quam
686 5299 753 5354 ad
780 5300 959 5374 ipsum
990 5315 1332 5376 pauentem,
1357 5308 1520 5366 verba
1552 5309 1643 5363 illa
1679 5328 1692 5364 :
1731 5328 1751 5361 ι
1786 5308 1926 5366 Ecce
1945 5311 2012 5365 vii

2211 5309 2474 5382 ινατολῆς.
2517 5308 2667 5363 Ἐπεὶ
2697 5307 2760 5380 δὴ
2785 5308 3049 5379 σωτήριον
3081 5304 3216 5359 Θεοῦ
3256 5309 3345 5371 εἰς
3382 5306 3488 5379 τὴν
3529 5300 3738 5358 Ἐλλάδα

487 5388 684 5463 Oriens
708 5407 904 5451 nomen
933 5398 1006 5463 ei,
1048 5417 1067 5450 ι
1091 5398 1159 5453 ad
1183 5399 1504 5459 illumdicta
1538 5409 1690 5459 sunt.
1724 5399 1918 5473 Merito
1947 5402 2014 5475 igi

2211 5401 2337 5475 υνὴν
2376 5403 2438 5455 τὸ
2475 5397 2569 5455 τοῦ
2630 5396 2799 5470 Ἰησοῦ
2842 5396 3183 5471 μεταληφθὲν
3223 5396 3414 5469 ὄνομα
3461 5394 3738 5470 σημαίνει·

558 5548 725 5602 ’³1ςα.
773 5563 890 5613 Litt,
942 5550 1065 5606 4-5.
1140 5553 1186 5586 ⁸⁸
1213 5553 1372 5612 Joan.
1423 5571 1464 5623 ι,
1528 5556 1617 5615 29.
1698 5559 1742 5592 ⁹⁰
1767 5557 1809 5614 ll
1858 5559 1986 5616 Cor.

491 5616 667 5672 {2-13.
744 5616 973 5675 “Zach.
1006 5637 1065 5677 ιιι
1120 5622 1171 5680 3.

2215 5602 2216 5609 η
2293 5558 2337 5592 ἰ
2361 5552 2481 5613 Gal.
2518 5570 2599 5623 tu,
2659 5554 2747 5611 l3.
2824 5551 3063 5623 "Zach,
3109 5568 3191 5621 in,
3253 5554 3316 5612 3.
3403 5553 3454 5589 "
3477 5551 3742 5617 Zaclimx,

812 5764 869 5813 '0
