3930 6202
504 221 607 278 335
959 289 968 298 ,
1109 222 1387 280 EUSEBH
1421 221 1897 281 CESARIENSIS
1935 223 2084 282 OPP.
2125 224 2305 282 PARS
2343 227 2406 282 ll.
2448 255 2517 267 ——
2548 225 3030 283 APOLOGETICA
3631 230 3736 286 330

651 337 742 392 9.4.
787 339 858 390 Ab
890 336 1076 391 Abdia.
2104 347 2149 402 Α
2318 339 2412 393 κδ’.
2459 341 2568 395 Τοῦ
2613 341 2885 396 Ἂϐδειοῦ.

853 405 894 459 Ζ
899 407 1136 480 ιιι-ζωνία.

2317 417 2414 464 κε’.
2462 411 2572 464 Τοῦ
2605 414 2920 480 Ζαχαρίου.

647 477 734 532 26.
777 479 853 531 Ab
881 475 1080 530 eodem.

2316 487 2428 544 xg'.
2457 481 2566 540 Τοῦ
2599 475 2803 535 αὐτοῦ.

645 548 736 601 27.
779 547 855 599 Ab
885 547 1085 600 eodem.

2320 549 2423 613 κζ’.
2461 551 2571 603 Τοῦ
2606 551 2811 606 αὑτοῦ.

645 617 737 689 28.
780 615 1154 689 A_Malaclu'a.

2315 626 2418 689 κη’.
2461 620 2568 673 Τοῦ
2607 622 2938 689 Μαλαχίου.

645 687 732 741 29.
776 688 815 740 Α
828 685 856 738 b
887 692 1088 742 eodeni.

2316 685 2416 741 x0".
2452 691 2561 743 Τοῦ
2595 685 2800 746 αὑτοῦζ

649 758 740 812 50.
781 758 824 809 Α
863 756 1124 812 Ieremia.

2314 757 2376 811 λ’.
2447 761 2558 814 Τοῦ
2602 762 2899 830 Ἰερεμίου.

965 848 1125 918 202
1195 845 1619 904 pnoosmuu.

1605 881 1619 903 δ
2748 853 3150 908 ΠΡΟΟΙΜΙΟΝ.

575 939 712 996 Cum
761 940 964 1010 quibus
1022 937 1200 994 modis
1260 938 1328 994 de
1380 937 1662 995 Salvatore
1712 949 1901 996 nostro
1945 938 2074 996 Jesu

2255 941 2468 1012 Ἐπειδὴ
2495 942 2668 1006 διττὸς
2689 945 2717 996 6
2737 944 2936 1015 τρόπος
2973 947 3000 999 6
3030 947 3156 1016 περὶ
3181 944 3274 998 τοῦ
3310 944 3556 1018 Σωτῆρος
3578 947 3736 1017 ἡμῶν

505 1033 727 1088 Christo
757 1039 1078 1093 tractemus,
1114 1029 1152 1085 ii
1190 1030 1298 1085 duo
1327 1030 1484 1086 nobis
1520 1031 1575 1086 in
1612 1034 1861 1102 proximo
1898 1031 2057 1086 Evan-

2185 1033 2356 1103 Ἰησοῦ
2381 1034 2613 1104 Χριστοῦ
2639 1036 2908 1104 πέφανται
2937 1038 2994 1091 ἐν
3017 1037 3096 1108 τῷ
3117 1037 3222 1108 πρὸ
3243 1036 3431 1092 τούτου
3454 1039 3737 1109 συγγράμ-

504 1127 684 1198 9είίεω
715 1123 1192 1179 Demonstratiom‘s
1223 1123 1496 1179 volumine
1521 1125 1729 1181 osteusi
1766 1126 1896 1191 sint,
1930 1141 2056 1179 unus

2187 1141 2304 1192 ματι
2339 1123 2436 1192 τῆς
2477 1125 2888 1194 Εὑαγγελικῆς
2934 1127 3341 1195 Ἀποδείξεως·
3371 1131 3399 1182 6
3437 1129 3531 1199 μὲν
3567 1130 3739 1199 Omp-

501 1216 725 1286 quidem
752 1229 964 1280 eorum,
993 1221 1190 1268 natura
1221 1223 1408 1271 nostra
1433 1215 1686 1286 superior
1710 1223 1794 1272 est
1825 1217 2053 1286 ultraqm

2186 1213 2312 1284 φυὴς
2353 1215 2446 1266 καὶ
2486 1213 2760 1268 ἐπέκεινα·
2810 1215 2932 1268 καθ’
2957 1215 3013 1268 ὃν
3055 1217 3346 1287 ὁριζόμεθα
3387 1217 3544 1270 αὑτὸν
3597 1211 3738 1270 εἶναι

505 1309 655 1362 illam
689 1306 953 1364 excurrit.
992 1305 1104 1360 lloc
1155 1320 1288 1362 sane
1338 1306 1500 1362 modo
1543 1306 1874 1364 allirmamus
1921 1309 2057 1363 illun

2187 1305 2435 1376 μονογενῆ
2463 1306 2595 1359 Θεοῦ
2632 1308 2777 1371 Υἱδν,
2808 1307 2840 1378 ἢ
2873 1308 3100 1380 οὑσιώδη
3126 1310 3219 1362 τοῦ
3240 1310 3373 1364 Θεοῦ
3398 1310 3587 1378 Λόγον,
3615 1300 3739 1361 $26-

505 1415 628 1458 csse
647 1401 871 1456 unicum
901 1399 992 1453 Dei
1017 1397 1233 1465 Filium,
1259 1399 1374 1455 sive
1393 1399 1489 1455 Dei
1513 1401 1805 1457 essentiam
1831 1401 2057 1458 referens

2184 1409 2324 1465 τερον
2356 1393 2462 1446 τῶν
2503 1395 2639 1449 ὅλων
2676 1396 2866 1461 αἴτιον,
2912 1397 2944 1468 ἢ
2986 1397 3172 1450 οὐσίαν
3221 1399 3428 1470 νοερὰν,
3467 1401 3562 1452 καὶ
3599 1398 3736 1451 Θεοῦ

507 1493 769 1558 Verbum,
806 1492 1161 1562 universique
1192 1491 1358 1561 hujus
1387 1500 1688 1558 auctorem,
1736 1493 1851 1548 sive
1887 1509 2059 1549 essen-

2183 1487 2512 1557 πρωτότοκον
2538 1488 2790 1559 ἐνάρετον
2834 1487 3014 1558 φύσιν,
3063 1491 3160 1560 τὴν
3206 1491 3310 1562 πρὸ
3351 1490 3456 1544 τῶν
3489 1491 3735 1562 γενητῶν

507 1587 638 1640 tiam
669 1584 1082 1653 intelligentcm,
1138 1598 1201 1638 ac
1232 1582 1328 1638 Dei
1371 1585 1785 1656 primogenitam
1818 1587 2059 1641 virtutcn:

2181 1579 2344 1642 θείαν,
2371 1582 2465 1634 καὶ
2499 1581 2798 1652 πανάρετον
2829 1581 3074 1653 δύναμιν,
3101 1585 3132 1656 ἢ
3170 1584 3269 1654 τῆς
3305 1586 3600 1657 ἀγεννήτω
3632 1587 3733 1654 φύ-

505 1685 669 1746 atque
701 1683 953 1729 naturam
976 1715 990 1739 ,
1024 1674 1242 1746 vimque
1273 1675 1533 1740 divinam,
1569 1691 1691 1746 qua:
1723 1690 1940 1731 omnem
1969 1675 2057 1730 ha-

2182 1695 2312 1741 σεως
2343 1679 2533 1751 νοερὰν
2563 1679 2762 1733 εἰκόνα·
2805 1681 2832 1733 ό
2864 1680 2921 1732 δέ
2952 1680 3215 1752 συγγενὴς
3245 1683 3374 1751 ἡμῖν
3409 1682 3500 1734 καὶ
3537 1661 3734 1752 μᾶλλον

505 1769 631 1823 beat
660 1769 935 1832 virtutem,
972 1774 1023 1821 el
1064 1768 1245 1822 omnia
1273 1782 1392 1837 qua:
1426 1766 1568 1822 facta
1601 1767 1730 1830 sint,
1763 1766 2057 1822 antecedat.

2181 1770 2388 1833 οἰκεῖος,
2415 1769 2536 1823 καθ’
2558 1770 2615 1822 ὃν
2650 1770 2811 1823 πάλιν
2847 1770 3005 1823 αὐτὸν
3041 1770 3332 1842 όριζόμεθα
3367 1771 3497 1824 Θεοῦ
3541 1771 3733 1839 Λόγον,

506 1860 622 1915 sive
651 1860 900 1928 ingenitae
927 1867 1136 1914 naturae
1163 1860 1552 1930 intelligentem
1584 1857 1894 1929 imaginem.
1923 1857 2058 1912 Alte:

2179 1861 2229 1912 ἐν
2249 1859 2519 1932 ἀνθρώπῳ
2537 1861 2635 1930 τῆς
2656 1859 2749 1913 τοῦ
2776 1861 2986 1932 Ila-:96;
3013 1861 3290 1925 εὐσεϐείας
3314 1862 3731 1931 ἀπαγγελτικδν,

505 1967 635 2006 vero
666 1951 862 2006 modus
892 1951 1050 2006 nobis
1077 1951 1250 2022 magis
1283 1957 1568 2022 cognatus,
1600 1948 1883 2019 magisque
1916 1947 2057 2002 fami-

2181 1950 2292 2005 καθ’
2313 1951 2370 2004 δν
2401 1951 2604 2022 πέφηνε
2630 1951 2792 2004 πάλαι
2823 1952 3083 2023 πρότερον
3110 1953 3167 2006 ὲν
3188 1952 3468 2024 ἀνθρώπου
3495 1955 3733 2024 σχήματι

505 2045 660 2100 liaris
693 2043 1032 2114 agnoscitur.
1069 2040 1180 2097 lloc
1227 2043 1370 2098 enim
1414 2040 1705 2097 deﬁnimus
1754 2041 1907 2095 illum
1953 2055 2057 2096 essc

2185 2047 2283 2108 τοῖς
2314 2045 2455 2114 ἀμφὶ
2483 2045 2572 2098 τὸν
2617 2045 2884 2116 Ἀϐραάμ·
2928 2045 3088 2098 αὑτὸν
3119 2046 3162 2098 δ’
3189 2047 3392 2099 ἐκεῖνον
3412 2047 3501 2099 τὸν
3529 2045 3737 2117 βοώμε-

503 2135 601 2191 Dei
633 2134 893 2196 Verbum,
945 2133 1090 2205 quod
1141 2134 1196 2188 in
1229 2133 1448 2188 homine
1491 2140 1772 2202 paternam
1816 2133 2055 2202 pietaten

2183 2152 2260 2188 νον
2289 2134 2558 2206 ἐθνάρχην
2595 2136 2925 2205 θεοφιλέσιν,
2975 2132 3128 2200 αὖθίς
3169 2154 3231 2190 τε
3268 2137 3637 2208 φανησόμενον
3679 2140 3735 2191 ἐν

504 2227 791 2281 denuntiet
821 2244 832 2276 :
861 2241 970 2296 quo
1013 2224 1231 2296 quidem
1283 2225 1444 2280 modo
1489 2225 1760 2295 quondam
1811 2225 1902 2279 ille
1931 2239 2056 2294 aput

2182 2224 2476 2297 ἀνθρώποις
2507 2226 2570 2279 δι’
2597 2227 2881 2298 ἀνθρώπου
2919 2229 3200 2296 γενέσεως,
3235 2230 3327 2282 καὶ
3353 2230 3734 2301 παραπλησίας

507 2321 691 2388 priora
723 2319 922 2375 saecula
954 2318 1010 2373 in
1041 2317 1281 2372 hominis
1311 2317 1520 2381 habitu,
1548 2318 1615 2372 iis
1640 2317 1733 2386 qui
1758 2333 1881 2372 cum
1910 2315 2059 2371 Abra'

2183 2322 2300 2392 ἡμῖν
2325 2319 2543 2392 σαρκὸς,
2573 2319 2825 2390 αἴσχιστα
2853 2320 3134 2374 πείσεσθαι
3169 2323 3477 2394 προείρητο·
3505 2324 3606 2395 ὁδῷ
3638 2329 3735 2380 καὶ

506 2412 652 2478 ham,
675 2410 765 2474 iis,
789 2411 1032 2480 inquam,
1057 2409 1151 2479 qui
1175 2423 1296 2463 cum
1320 2411 1438 2478 ipso
1460 2408 1551 2462 illo
1571 2409 1813 2478 principe
1835 2409 2058 2478 gentium

2187 2410 2319 2478 εάξει
2345 2414 2696 2484 προχωρησαι
2725 2412 2790 2465 ἂν
2814 2415 2944 2483 ἡμῖν
2971 2415 2999 2466 6
3023 2412 3178 2482 λόγος
3205 2414 3454 2484 μέλλουσι
3477 2417 3576 2480 τὰς
3606 2421 3739 2490 περὶ

505 2501 650 2572 apud
677 2501 769 2556 Dei
812 2500 1019 2556 amicos
1055 2506 1340 2569 tantopere
1367 2499 1640 2552 celebrato
1669 2499 1872 2561 vixere,
1909 2513 2057 2568 appa-

2185 2503 2332 2556 κὺτοῦ
2388 2505 2728 2576 προφητικὰς
2771 2506 3076 2560 ἐκτίθεσθαι
3126 2509 3446 2580 μαρτυρίας,
3489 2513 3537 2564 εἰ
3580 2511 3645 2583 δὴ
3678 2514 3737 2566 ἐν

507 2595 638 2649 ruit.
673 2591 777 2659 Qui
810 2600 923 2646 tum
960 2607 1154 2646 rursus
1201 2590 1345 2661 apud
1401 2589 1650 2644 homines
1689 2589 1948 2644 visendus
1979 2605 2059 2644 ex-

2186 2593 2428 2665 τρώτοις,
2461 2594 2603 2648 κατὰ
2631 2595 2700 2648 τὰ
2719 2597 3116 2668 ἐπηγγελμένα,
3145 2599 3205 2652 τὸ
3228 2600 3440 2671 πρῶτον
3463 2601 3738 2666 ἐξετάσαι-

507 2683 874 2753 spectabatur,
901 2690 955 2738 et
982 2683 1076 2752 qui
1095 2681 1207 2750 jam
1241 2690 1366 2735 ante
1398 2695 1493 2750 per
1527 2679 1763 2734 hominis
1792 2689 1994 2745 ortum,
2019 2691 2059 2735 el

2187 2701 2291 2747 ιεν,
2316 2686 2406 2737 καὶ
2425 2684 2522 2757 τὴν
2543 2686 2599 2738 ἐν
2621 2689 2732 2748 τοῖς
2755 2687 3104 2756 Εὑαγγελίοις
3126 2693 3252 2762 περὶ
3272 2692 3435 2745 αὑτοῦ
3461 2694 3739 2765 θεολογίαν

506 2780 696 2828 nostro
727 2771 973 2842 corporis
1016 2771 1194 2826 simile
1226 2785 1450 2838 corpus,
1494 2769 1675 2824 omnia
1717 2770 1914 2840 probra
1944 2785 2058 2840 pas-

2188 2775 2276 2828 ιπὸ
2307 2776 2406 2847 τῆς
2434 2777 2666 2841 παλαιᾶς
2693 2778 2784 2830 καὶ
2813 2783 3154 2852 προφητικῆς
3194 2783 3495 2856 μαρτυρίας
3535 2786 3740 2839 πιστοῦ-ο

507 2880 672 2922 surus
715 2865 1015 2920 dicebatur.
1069 2864 1258 2932 Itaque
1304 2861 1466 2916 nobis
1512 2860 1579 2917 de
1625 2861 1717 2915 illo
1757 2861 2059 2933 prophetica

2182 2879 2383 2934 ταιμεν.
2429 2866 2745 2935 Ἀναγκαῖον
2768 2868 2824 2922 δὲ
2849 2871 3351 2941 προεπισκέψασθαι
3386 2875 3566 2938 ὁποῖός
3601 2893 3734 2930 ποτε

507 2957 840 3028 exposituris
894 2954 1222 3019 testimonia,
1268 2962 1418 3008 recta
1451 2953 1559 3019 via,
1592 2961 1852 3024 rectoque
1877 2953 2059 3007 ordine

2167 2946 2235 3022 ἦν
2274 2953 2302 3005 6
2333 2951 2530 3024 τρόπος
2555 2955 2653 3026 τῆς
2690 2957 2816 3027 παρ’
2862 2957 3126 3029 Ἑϐραίοις
3159 2961 3263 3014 τῶν
3292 2963 3582 3033 προφητῶν
3621 2963 3714 3018 θεο

507 3048 763 3120 procedet
791 3048 988 3110 oratio,
1014 3047 1060 3101 si
1089 3046 1200 3115 jam
1235 3061 1382 3100 nunc
1405 3046 1458 3099 in
1485 3045 1694 3115 primis,
1721 3045 2059 3116 quemadmo-

2173 3042 2388 3114 ληψίας,
2430 3045 2559 3117 παρ’
2589 3039 2664 3100 ὦν
2704 3049 2796 3100 καὶ
2826 3047 2894 3101 τὰ
2937 3051 3383 3122 προηγορευμένα
3425 3070 3706 3125 προπεπαι

506 3143 634 3199 dim
654 3156 774 3212 quae
794 3138 1064 3211 promissa
1092 3144 1241 3203 sunt,
1271 3137 1568 3207 postulant,
1589 3135 1641 3189 id
1661 3137 1806 3205 quod
1831 3137 2070 3206 primum
2175 3134 2429 3207 δεύμεθα.

507 3244 612 3302 cst,
643 3236 1010 3305 exploremus,
1048 3241 1103 3288 et
1127 3247 1248 3302 quas
1271 3232 1324 3285 in
1361 3231 1668 3303 Evangeliis
1688 3230 1755 3287 de
1807 3233 1899 3287 illo
1949 3239 2126 3288 exstat
2160 3229 2449 3303 theologia,
2504 3232 2645 3288 hanc
2676 3248 2706 3288 a
2739 3242 2980 3290 veterum
3011 3236 3394 3306 prophetarum
3427 3240 3742 3295 testimonio

502 3328 941 3399 comprobemus.
995 3326 1102 3382 Sed
1131 3334 1256 3382 ante
1296 3341 1519 3383 necesse
1564 3333 1648 3382 est
1691 3327 2060 3396 considerare,
2098 3328 2351 3399 quisnam
2394 3328 2557 3384 fuerit
2608 3331 2823 3395 modus,
2858 3346 2966 3401 quo
2998 3333 3270 3401 prophetae
3319 3335 3456 3403 apud
3483 3333 3744 3392 Hebraeos

507 3421 602 3476 Dei
629 3421 832 3492 Spiritu
861 3421 1234 3492 impierentur,
1263 3436 1294 3474 a
1323 3420 1522 3491 quibus
1549 3421 1736 3490 utique
1769 3421 1932 3476 etiam
1965 3435 2082 3489 quae
2116 3423 2372 3492 praedicta
2401 3429 2549 3490 sunt,
2585 3423 2815 3477 antehac
2848 3423 3023 3478 edocti
3060 3440 3274 3479 sumus.

508 3517 768 3583 Quisnam
789 3516 974 3570 modus
1004 3515 1182 3584 fuerit,
1207 3533 1306 3587 quo
1331 3514 1469 3584 apud
1503 3513 1754 3587 Hebra'os
1787 3515 2060 3584 prophetae,

2189 3519 2278 3585 Τίς
2312 3521 2344 3572 ό
2375 3519 2591 3586 τρόπος
2627 3514 2707 3586 ἦν
2739 3517 2866 3572 καθ’
2899 3517 2970 3569 ὃν
3007 3520 3060 3571 οι
3096 3519 3232 3586 παρ’
3279 3518 3560 3584 Ἑϐραίοις
3595 3533 3741 3586 προ-

579 3589 736 3641 simul
771 3598 821 3641 et
852 3603 966 3657 qua:
994 3587 1177 3656 futura
1213 3585 1382 3640 essent
1413 3585 1690 3652 canebant,
1721 3596 1770 3640 et
1795 3587 1962 3640 solam
1992 3602 2069 3640 ve-

2245 3585 2424 3657 φῆται
2458 3587 2604 3657 ὁμοῦ
2642 3585 2714 3640 τά
2750 3604 2813 3640 τε
2838 3587 3141 3656 μέλλοντα
3162 3585 3607 3655 προεθέσπιζον,
3640 3585 3747 3646 καὶ

578 3675 694 3710 ram
729 3658 1043 3728 theologiam
1079 3657 1442 3712 illustrabant.

2245 3658 2360 3726 ’τὴν
2386 3660 2582 3727 μόνην
2617 3657 2812 3726 ἀληθῆ
2853 3660 3163 3728 θεολογίαν
3195 3657 3488 3727 ἐφώτιζον.

578 3747 724 3804 Loca
768 3750 823 3804 in
871 3750 1072 3819 quibus
1105 3758 1158 3804 et
1189 3749 1448 3802 vaticinia
1493 3754 1547 3803 et
1587 3747 1808 3802 oracula
1862 3747 2072 3818 accipe-

2245 3751 2483 3803 Μαντεῖα
2533 3751 2625 3802 καὶ
2671 3753 2974 3820 χρηστήρια
3022 3750 3320 3820 πανταχόσε
3346 3749 3446 3816 γῆς
3478 3749 3743 3820 Ἕλληνες

509 3851 653 3910 rent,
709 3843 765 3897 in
815 3843 948 3898 orbe
995 3851 1264 3898 terrarum
1324 3841 1525 3911 passim
1583 3839 1832 3895 instituta
1886 3838 2061 3893 fuisse

2192 3842 2267 3895 cal.
2297 3841 2557 3912 βάρϐαροι
2599 3840 2989 3911 μνημονεύουσι
3028 3842 3304 3911 συστῆναι.
3337 3839 3520 3891 Ταῦτα
3547 3839 3605 3891 δέ
3641 3858 3744 3910 φα-

514 3943 625 3987 tam
661 3931 835 3987 Graeci
870 3947 1032 4002 quam
1085 3930 1305 3986 barbari
1353 3929 1698 4000 proﬁtentur.
1748 3928 1918 3983 Porro
1961 3929 2066 3982 haec

2192 3949 2265 3986 σιν
2314 3935 2376 3985 ἐκ
2425 3932 2674 4003 προνοίας
2721 3930 2815 3985 τοῦ
2866 3930 3204 4002 Δημιουργοῦ
3257 3931 3350 3982 ἐπὶ
3408 3931 3603 4001 χρῆσιν
3649 3931 3744 3982 καὶ

517 4030 692 4093 aiunt,
727 4028 1068 4099 providentia
1107 4028 1280 4096 ipsius
1307 4025 1552 4096 Opiﬁcis,
1598 4023 1867 4079 ad'usum
1914 4032 2069 4092 atque

2193 4024 2441 4100 ὠφέλειαν
2479 4024 2587 4076 τῶν
2636 4021 2932 4095 ἀνθρώπων
2982 4022 3411 4094 καταδειχθῆναι·
3450 4021 3526 4084 ὼς
3571 4021 3745 4093 μηδὲν

514 4123 804 4176 utilitatem
844 4120 1125 4174 hominum
1168 4118 1379 4188 prodita
1412 4133 1536 4172 esse
1566 4125 1618 4170 et
1651 4129 1933 4170 concessa.
1972 4119 2066 4168 Ita-

2193 4112 2315 4171 εἶναι
2362 4117 2423 4169 τὸ
2473 4116 2724 4186 διαφέρον
2773 4115 2881 4167 τῶν
2936 4116 3061 4186 παρ’
3127 4115 3393 4186 Ἑϐραίοις
3445 4113 3745 4185 προφητῶν

508 4229 616 4286 que
665 4212 942 4282 prophetis
985 4210 1332 4266 Hebraeorum
1359 4209 1495 4262 nihil
1536 4207 1890 4263 excellentius
1917 4207 2060 4276 203

2191 4210 2318 4281 πρὸς
2365 4208 2431 4261 τὰ
2480 4208 2586 4262 τῶν
2635 4206 2832 4261 λοιπῶν
2879 4205 3044 4260 ἐθνῶν
3097 4209 3418 4278 χρηστήρια.
3493 4207 3582 4269 Ὡς
3633 4205 3743 4274 γὰρ

509 4304 807 4375 contigisse
871 4317 1034 4372 quam
1108 4300 1440 4370 reliquarum
1511 4298 1750 4369 gentium
1817 4299 2061 4352 oraculis.

2194 4299 2457 4372 Ἑϐραίοις
2488 4299 2575 4352 διὰ
2600 4298 2705 4352 τῶν
2740 4297 2952 4351 τοιῶνδε
2980 4298 3291 4372 προφητῶν,
3329 4296 3470 4350 οὕτω
3503 4297 3601 4350 καὶ
3631 4301 3746 4360 τοῖς

510 4396 578 4452 Ut
614 4397 758 4450 enim
794 4393 1034 4450 Hebraeis
1066 4409 1160 4464 per
1205 4391 1474 4462 ejusmodi
1517 4391 1837 4462 pr0phctas,
1882 4390 1961 4445 sic
1992 4404 2062 4444 rc-

2191 4393 2358 4456 ἅλλοις
2389 4392 2562 4446 ἔθνεσι
2595 4391 2682 4444 διὰ
2712 4391 2820 4444 τῶν
2857 4389 2995 4446 κατὰ
3032 4392 3195 4444 τόπον
3227 4389 3492 4461 μαντειῶν
3524 4390 3620 4443 τὸν
3650 4392 3743 4442 ἐπὶ

511 4488 676 4559 liquis
725 4487 978 4556 gentibus
1024 4502 1119 4556 per
1169 4484 1507 4540 diversorum
1558 4483 1800 4536 locorum
1835 4480 2063 4542 oracula,

2186 4485 2396 4538 πάντων
2432 4483 2562 4536 Θεὸν
2598 4484 2754 4554 χρᾷν,
2786 4481 2877 4535 καὶ
2903 4481 2971 4534 τὰ
2999 4481 3339 4552 συμφέροντα
3369 4480 3738 4534 ὑποτίθεσθαι.

512 4593 829 4651 supremum
861 4576 1028 4632 Deum
1069 4576 1425 4647 respondere,
1456 4583 1510 4629 et
1546 4573 1914 4628 conducibilia
1964 4587 2064 4625 mo-

2191 4575 2274 4647 Μὴ
2301 4573 2408 4646 γὰρ
2446 4573 2706 4626 Ἰουδαίων
2741 4572 2898 4643 μόνον
2945 4567 3082 4626 εἶναι
3119 4571 3275 4638 Θεὸν,
3318 4571 3451 4624 ἀλλὰ
3496 4573 3592 4625 καὶ
3637 4572 3743 4623 τῶν

511 4688 645 4729 nere
686 4671 927 4727 solitum.
980 4668 1098 4725 Non
1139 4673 1283 4726 enim
1344 4668 1722 4722 tantummodo
1770 4663 2063 4719 Judaeorun

2189 4665 2381 4720 λοιπῶν
2419 4665 2674 4719 ἁπάντων
2711 4663 3038 4735 ἀνθρώπων·
3080 4665 3173 4717 καὶ
3200 4665 3258 4717 οὐ
3291 4663 3488 4734 μᾶλλον
3517 4663 3741 4716 ἐκείνων

511 4782 654 4831 esse,
714 4765 811 4820 sed
863 4764 1196 4834 reliquorum
1251 4777 1464 4832 quoque
1507 4761 1749 4816 omnium
1799 4758 2063 4813 hominum

2192 4759 2212 4830 ἢ
2230 4757 2430 4811 τούτων
2450 4757 2720 4829 κήδεσθαι·
2749 4756 2962 4809 πάντων
2981 4755 3024 4808 δ’
3041 4755 3100 4820 ἐξ
3116 4755 3227 4808 ἴσου
3249 4759 3512 4829 προνοεῖν,
3526 4754 3744 4824 ὠσπερ-

512 4857 706 4923 Deum,
737 4873 912 4927 neque
943 4856 1044 4911 hos
1073 4855 1244 4925 magis
1267 4871 1429 4924 quam
1448 4854 1570 4908 illos
1601 4867 1816 4918 curare,
1840 4849 1934 4907 sed
1963 4864 2064 4904 om-

2190 4850 2272 4905 οῦν
2296 4851 2389 4905 καὶ
2409 4850 2555 4920 ἣλιον
2582 4849 2825 4919 ἀφθόνως
2855 4850 2965 4911 τοῖς
2993 4849 3123 4901 πᾶσι
3151 4846 3502 4918 δεδωρῆσθαι,
3542 4845 3657 4898 ἀλλ’
3683 4845 3742 4897 οὑ

512 4952 676 5007 uibus
707 4964 861 5020 aeque
889 4948 1195 5018 providere.
1235 4945 1325 5001 Sic
1346 4947 1492 5001 enirn
1529 4961 1596 5000 ne
1645 4945 1815 5000 solem
1862 4941 2064 5013 quiden

2191 4944 2364 5017 μόνοις
2405 4942 2690 5015 Ἑϐραίοις,
2730 4941 2822 4994 καὶ
2864 4941 2960 5006 τὰς
3000 4939 3242 5014 ἐτησίους
3271 4939 3380 4992 τῶν
3423 4939 3743 5009 ἐπιτηδείων

514 5058 675 5098 suum
709 5037 954 5097 invidere
999 5039 1274 5108 cuiquam,
1317 5037 1412 5094 sed
1449 5035 1703 5091 omnibus
1732 5033 1946 5088 abunde
1974 5033 2066 5087 lar-

2190 5035 2462 5119 χορηγίας,
2493 5032 2753 5104 σωμάτων
2773 5049 2832 5084 τε
2857 5035 2967 5095 τοῖς
3000 5033 3132 5085 πᾶσι
3164 5031 3506 5102 κατασκευὴν
3525 5031 3742 5101 ὁμοίαν,

511 5133 641 5204 giri,
671 5146 780 5186 non
813 5129 1055 5186 Hebraeis
1077 5129 1233 5192 solis,
1270 5142 1591 5198 annuosque
1619 5140 1801 5180 rerum
1829 5136 2063 5178 necessa-

2195 5128 2280 5181 ἕνα
2299 5144 2356 5191 τε
2381 5125 2646 5196 γενέσεως
2671 5127 2781 5187 τοῖς
2807 5126 2939 5177 πᾶσι
2964 5124 3180 5194 τρόπον,
3215 5123 3308 5176 καὶ
3336 5122 3494 5191 φύσιν
3522 5121 3747 5190 λογικῆς

514 5229 720 5279 riarum
751 5233 1047 5295 proventus
1101 5220 1472 5292 suppeditare,
1505 5227 1669 5289 atque
1709 5217 1964 5272 omnibus
2004 5216 2066 5271 sil

2199 5217 2362 5288 {auxi};
2390 5216 2533 5287 μίαν.
2565 5213 2720 5267 Οὕτω
2746 5214 2801 5266 δὲ
2823 5214 3031 5284 καὶτῆς
3049 5215 3154 5266 τῶν
3179 5213 3477 5284 μελλόντων
3500 5209 3751 5283 προγνὼ-

513 5317 640 5371 inile
677 5329 876 5386 corpus
906 5324 1241 5376 construere,
1265 5326 1541 5380 unumque
1573 5308 1834 5363 nascendi
1862 5305 2065 5361 modun

2201 5325 2324 5370 πεως
2348 5306 2445 5379 τὴν
2472 5306 2774 5375 ἐπιστήμην
2805 5307 2966 5357 πᾶσιν
3008 5303 3310 5375 ἀνθρώποις
3347 5301 3592 5370 ἀφθόνως
3607 5313 3753 5368 παρα

514 5407 790 5472 omnibus,
839 5422 1002 5460 unam
1051 5405 1303 5461 omnibus
1364 5403 1558 5456 anima':
1600 5399 1884 5455 rationalis
1928 5406 2066 5453 natu

2201 5397 2351 5466 ἔχειν,
2382 5397 2494 5467 τοῖς
2538 5394 2635 5465 μὲν
2672 5393 2759 5446 διὰ
2801 5392 3092 5463 προφητῶν
3133 5391 3358 5464 ἀνδρῶν,
3398 5393 3513 5453 τοῖς
3549 5390 3604 5442 δὲ
3659 5387 3753 5442 διὰ

513 5513 652 5552 ram.
687 5496 874 5567 Itaque
917 5498 1104 5553 eadem
1145 5499 1356 5552 ratione
1388 5493 1709 5567 providendi
1745 5507 1960 5563 quoque
1987 5505 2065 5544 co-

2183 5488 2546 5560 χρηστηρίων,
2582 5489 2692 5550 τοῖς
2717 5485 2770 5539 δὲ
2796 5485 2883 5538 διὰ
2913 5485 3136 5558 ὀρνίθων
3172 5486 3447 5555 πτήσεως,
3483 5483 3517 5553 ἢ
3546 5483 3632 5535 διὰ
3657 5481 3719 5533 θυ

511 5592 918 5664 gnoscendique
941 5591 1122 5645 futura
1145 5591 1452 5653 scientiam,
1479 5587 1733 5642 omnibus
1767 5583 2063 5641 hominibus

2201 5580 2354 5651 ςικῆς,
2385 5579 2416 5651 ἢ
2455 5579 2520 5631 δι’
2553 5579 3019 5650 όνειροπομπείας,
3051 5577 3082 5650 ἢ
3117 5576 3202 5629 διὰ
3233 5575 3522 5647 κλῃδόνων,
3548 5576 3581 5646 ἦ
3614 5572 3753 5626 παλ-

507 5676 728 5742 abunde
753 5682 1017 5751 subicere,
1053 5683 1172 5743 aliis
1210 5684 1426 5756 quidem
1457 5697 1552 5752 per
1575 5681 1720 5737 viros
1752 5677 2059 5750 prephetas,

2209 5672 2319 5737 ιῶν,
2364 5673 2397 5742 ἦ
2443 5689 2601 5724 τινων
2648 5670 2846 5742 ἐτέρων
2889 5669 3187 5740 συμϐόλων·
3233 5666 3401 5721 ταῦτα
3439 5665 3549 5737 γάρ
3581 5679 3761 5734 φασιν
