3930 6202
256 253 369 309 557

1142 234 1795 298 DEMONSTRATIONIS
1831 233 2288 297 EVANGELIC£
2327 238 2455 296 LIB.
2488 242 2554 297 ν.

3390 257 3493 314 ’553

252 367 564 441 ἀνθρώποις
590 367 656 419 ὲκ
678 365 778 435 τῆς
809 363 900 417 τοῦ
928 361 1060 416 Θεοῦ
1088 361 1341 433 προνοίας
1374 354 1728 429 δεδωρῆσθαι,
1753 354 1791 405 ὼ

1894 353 2053 414 ,aliis
2100 372 2230 411 vero
2279 373 2375 429 per
2425 361 2773 417 oraculorum
2829 382 3112 439 responsa,
3139 385 3194 430 et
3236 376 3361 433 aliis
3399 396 3492 449 per

254 464 427 536 μηδὲν
467 461 628 514 πλέον
674 460 817 530 ἐχειν
850 458 1020 511 δοκεῖν
1054 457 1180 518 τοὺς
1228 453 1490 526 Ἑϐραίων
1519 452 1820 523 προφήτας.

250 552 506 616 Τοιοῦτος
530 551 628 622 μὲν
647 547 738 604 οὖν
759 552 786 603 ό
808 551 936 621 παρ’
958 548 1178 601 ἐκείνων
1200 548 1373 617 λόγος·
1399 549 1426 600 ὁ
1441 546 1497 600 δὲ
1518 547 1645 618 παρ’
1669 547 1700 615 ἡ
1709 545 1824 616 μῶν

249 639 355 700 ὧδέ
392 663 510 709 πως
540 644 720 706 αὐτοῖς
752 643 1141 713 ἀπαντήσεται.
1174 642 1235 693 Εἰ
1259 640 1357 711 μέν
1388 656 1470 702 τις
1497 637 1717 708 συνίστη
1740 637 1824 690 λό-

247 756 343 807 γος
371 738 530 800 θεοὺς
551 736 784 807 ἀληθῶς,
810 737 844 807 ἢ
867 736 1015 799 Θείας
1040 735 1315 805 δυνάμεις,
1348 733 1380 804 ἢ
1406 732 1663 803 δαίμονας
1689 732 1823 799 ἀγα-

246 834 375 897 θοὺς
409 832 699 902 ἐφεστάναι
724 834 833 893 τοῖς
860 830 968 882 τῶν
995 829 1296 900 εἰρημένων
1338 826 1630 897 μαντείοις,
1656 825 1688 895 ἣ
1711 828 1822 889 τοῖς

243 924 475 988 οἰωνῶν,
515 924 547 994 ἢ
584 927 695 987 τοῖς
728 922 932 986 λοιποῖς
967 921 1495 992 κατωνομασμένοις,
1519 915 1585 990 ἦν
1616 918 1682 973 ἂν
1715 916 1820 988 χώ-

246 1034 348 1089 ραν
379 1017 671 1086 ἀπονεῖμαι
701 1018 810 1078 τοῖς
848 1013 1175 1083 λεγομένοις,
1219 1014 1294 1074 ὡς
1340 1010 1435 1065 τοῦ
1481 1010 1572 1063 ἐπὶ
1604 1009 1819 1062 πάντων

239 1110 379 1164 Θεοῦ
412 1110 642 1163 κάκεῖνα
664 1110 776 1170 τοῖς
804 1106 1104 1179 χρωμένοις
1128 1107 1211 1158 ἐπ’
1244 1104 1479 1174 ὠφελείᾳ
1505 1102 1815 1175 δεδωρημέ-

238 1219 351 1256 νου·
386 1204 435 1254 εί
467 1202 524 1254 δὲ
560 1200 823 1253 έντελέσιν
861 1198 1165 1262 ἀποδείξεσι
1205 1198 1299 1251 καὶ
1325 1196 1502 1249 αὐτῶν
1556 1194 1816 1266 Ἑλλήνων

235 1294 554 1366 ὁμολογίαις
594 1292 694 1364 ἤδη
736 1291 996 1363 πρότερον
1028 1290 1287 1360 δαίμονας
1318 1290 1513 1351 αὐτοὺς
1538 1282 1695 1349 εἶναι,
1724 1286 1816 1338 καὶ

233 1390 347 1442 οὐδ’
369 1387 626 1456 ἀγαθοὺς,
653 1386 831 1456 πάσης
851 1384 906 1436 δὲ
930 1382 1133 1455 βλάϐης
1153 1383 1245 1437 καὶ
1271 1380 1568 1453 μοχθηρίας
1589 1379 1812 1441 αἰτίους,

235 1480 363 1543 πῶς
402 1481 466 1533 ἂν
496 1478 741 1533 δύναιντο
778 1477 911 1531 Θεοῦ
946 1472 1084 1531 εἶναι
1126 1477 1429 1548 προφῆται;
1474 1472 1713 1536 Φαύλους
1756 1470 1813 1525 δὲ

230 1571 442 1633 αὐτοὺς
471 1572 498 1623 ὁ
524 1570 678 1639 λόγος
707 1569 955 1642 ἐφώρασε
986 1568 1076 1622 διά
1096 1568 1192 1639 τῆς
1224 1563 1633 1636 Εὺαγγελικῆς
1657 1568 1811 1632 Προ-

232 1662 628 1731 παρασκευῆς
658 1661 720 1714 ἐκ
748 1679 807 1714 τε
828 1662 933 1731 τῆς
957 1662 1123 1714 πάλαι
1150 1659 1291 1713 κατά
1324 1660 1499 1714 πάντα
1530 1658 1693 1712 τόπον
1720 1658 1813 1710 καὶ

236 1756 390 1810 πόλιν
433 1754 528 1807 καὶ
567 1753 748 1824 χώραν
789 1753 1210 1823 συντελουμένης
1241 1753 1423 1815 αὐτοῖς
1455 1749 1805 1824 ἀνθρωποθυ-

235 1849 377 1912 σίας,
409 1848 476 1902 ἐκ
512 1865 574 1901 τε
615 1841 688 1901 ὧν
723 1846 947 1916 ἡπάτων
977 1846 1102 1911 τοὺς
1141 1845 1457 1918 ἐρωτῶντας
1493 1843 1684 1915 ἀγνοίᾳ
1711 1844 1804 1897 τοῦ

236 1941 544 2011 μέλλοντος,
579 1939 642 1992 ἐκ
677 1956 738 1992 τε
779 1932 853 1993 ὧν
903 1939 1183 2010 ἡλίσκοντο
1246 1938 1413 2009 μυρία
1466 1935 1802 2007 ψευδόμενοι,

230 2034 351 2087 τοτὲ
374 2032 476 2103 μὲν
502 2034 567 2086 ἐκ
594 2030 685 2084 τοῦ
720 2031 1046 2103 προφανοῦς,
1068 2030 1189 2084 τοτὲ
1215 2031 1270 2085 δὲ
1301 2030 1386 2083 διὰ
1413 2028 1512 2099 τῆς
1535 2030 1641 2082 τῶν
1670 2046 1806 2099 χρη-

230 2124 385 2195 σμὼν
420 2122 767 2193 ἀμφιϐολίας,
812 2122 876 2175 δι’
914 2117 981 2194 ἧς
1018 2122 1145 2186 τοὺς
1184 2122 1502 2193 πρόσφυγας
1534 2119 1801 2183 πλείστοις

227 2214 548 2277 πλειστάκις
572 2213 985 2285 περιϐάλλοντες
1025 2217 1215 2276 κακοῖς
1238 2211 1675 2282 ἀπηλέγχθησαν·
1710 2213 1801 2265 καὶ

225 2307 349 2359 ἐπεὶ
370 2305 831 2377 προαπεδείκνυτο
865 2306 1057 2376 μιαρὸν
1077 2305 1255 2359 αὐτῶν
1280 2306 1374 2358 καὶ
1404 2305 1708 2376 ἀκάθαρτον
1740 2304 1800 2357 τὸ

228 2400 413 2469 φῦλον,
453 2400 517 2451 ἐκ
548 2397 641 2451 τοῦ
679 2398 885 2469 χαίρειν
921 2398 1172 2468 αἰσχραῖς
1205 2398 1297 2451 καὶ
1330 2396 1643 2462 ἀκολάστοις
1672 2399 1799 2470 περὶ

229 2491 406 2545 αὐτῶν
445 2489 762 2559 λεγομέναις
807 2488 988 2559 ᾠδαῖς,
1042 2490 1135 2543 καὶ
1160 2489 1368 2561 ὕμνοις,
1418 2490 1510 2543 καὶ
1552 2489 1797 2560 μυθικοῖς

225 2588 577 2661 διηγήμασιν,
617 2586 878 2657 ἱστορίαις
904 2602 963 2639 τε
1001 2582 1255 2656 ἀσέμνοις
1294 2586 1388 2638 καὶ
1426 2585 1793 2651 έπιϐλαϐἐσιν,

226 2681 290 2744 ὰς
329 2681 424 2737 καὶ
469 2681 588 2733 κατ’
619 2680 796 2733 αὐτῶν
841 2680 1152 2751 κυροῦντες,
1206 2680 1298 2733 καὶ
1342 2678 1417 2742 ὡς
1460 2678 1676 2749 ἀληθεῖς
1708 2679 1797 2750 βε-

228 2772 507 2836 ϐαιοῦντες
543 2772 756 2843 ήλωσαν
776 2790 789 2801 ·
836 2773 930 2825 καὶ
959 2771 1110 2835 τέλος
1140 2773 1393 2826 ἀπάντων
1435 2772 1653 2845 ἐλεγχος
1694 2774 1795 2845 τῆς

228 2866 488 2939 ἀδρανοῦς
515 2865 693 2919 αὐτῶν
724 2865 936 2934 φύσεως
961 2861 1029 2937 ἦν
1066 2866 1127 2919 τὸ
1160 2865 1448 2937 σϐεσθῆναι
1477 2868 1569 2920 καὶ
1602 2868 1791 2938 μηκέθ’

225 2960 425 3031 ὁμοίως
451 2962 605 3031 χρᾷν·
629 2959 724 3013 καὶ
746 2958 1032 3030 σϐεσθῆναι
1057 2959 1129 3032 μὴ
1151 2959 1385 3031 ἄλλοτεῆ
1413 2960 1519 3013 ἀπὸ
1541 2961 1648 3014 τῶν
1674 2962 1793 3033 χρό-

1926 449 2104 503 avium
2135 451 2347 506 volatus
2387 462 2480 507 aut
2519 470 2616 524 per
2636 466 2883 514 extorum
2914 462 2970 516 in
3000 467 3280 527 sacriﬁciis
3309 473 3488 545 inspc.

1925 542 2180 607 ctionem,
2220 553 2314 600 aut
2348 562 2443 616 per
2471 551 2808 609 somniorum
2859 556 3247 630 immissiones,
3269 577 3363 621 aut
3398 542 3491 639 per

1923 649 1987 688 ea
2020 652 2139 704 qua:
2171 636 2449 704 dicuntur,
2480 644 2684 712 omnia,
2717 659 2810 702 aut
2851 666 2947 719 per
2991 636 3490 718 concussiones'ac

1924 733 2209 791 tremores,
2236 739 2331 784 aut
2359 747 2454 801 per
2474 734 2579 788 alia
2603 739 2848 806 quaedam
2885 743 3003 812 ejus
3034 748 3250 815 generis
3290 752 3445 823 signa
3472 774 3487 810 :

1922 818 2039 875 hzec
2062 823 2204 877 enim
2236 825 2389 879 aiunt
2421 825 2764 885 Providentia
2799 833 2980 890 divina
3006 842 3219 897 cunctis
3247 818 3490 900 homini-

1922 911 2024 967 hus
2047 929 2169 970 esse
2193 915 2414 983 donata,
2446 919 2630 991 itaque
2656 924 2792 979 nihil
2823 929 3057 998 amplius
3094 932 3294 990 habere
3316 937 3487 993 videri

1921 1004 2268 1063 Hebraaorum
2294 1008 2585 1082 prephetas
2614 1032 2626 1067 :
2654 1016 2769 1073 haec
2797 1034 2929 1077 sane
2948 1022 3163 1079 illorum
3196 1038 3280 1083 est
3307 1031 3448 1086 ratio
3472 1048 3484 1083 :

1918 1111 2018 1151 nos
2045 1113 2172 1153 vero
2205 1100 2351 1156 illius
2380 1102 2459 1156 sic
2493 1104 2706 1159 obviam
2743 1108 2869 1163 ituri
2893 1127 3101 1168 sumus.
3142 1116 3197 1170 Si
3228 1120 3335 1173 ulla
3369 1122 3491 1190 qui-

1917 1187 2039 1243 dem
2074 1193 2216 1245 ratio
2249 1196 2547 1264 convincit,
2581 1214 2637 1254 re
2662 1217 2790 1257 vera
2813 1204 2965 1271 deos,
3002 1223 3097 1262 seu
3137 1209 3352 1268 divinas
3385 1187 3486 1284 po-

1918 1289 2164 1349 testates,
2211 1286 2325 1342 sive
2374 1288 2547 1345 bonos
2580 1292 2793 1364 aliquos
2828 1296 3100 1355 daemones
3134 1318 3366 1372 praeesse
3394 1323 3487 1362 eo-

1917 1391 2058 1442 rum,
2092 1377 2160 1434 de
2199 1380 2399 1449 quibus
2424 1383 2628 1439 dictum
2663 1396 2768 1451 est,
2813 1392 3064 1457 oraculis,
3091 1395 3174 1449 vel
3215 1398 3481 1468 auguriis,

1916 1471 1998 1525 vel
2031 1474 2243 1529 caeteris
2263 1491 2383 1546 qua:
2408 1488 2563 1532 antea
2588 1479 2825 1537 diximus
2856 1503 2869 1539 :
2900 1501 3192 1555 possumus
3222 1505 3355 1546 sane
3380 1492 3486 1547 ali-

1913 1577 2073 1632 quem
2116 1564 2294 1620 locum
2326 1568 2432 1623 illis
2459 1570 2722 1637 tribuere,
2753 1581 3011 1647 tanquam
3037 1579 3131 1634 illo
3154 1596 3369 1653 quoque
3395 1599 3487 1639 su-

1914 1668 2135 1722 premus
2171 1656 2316 1715 Deus
2343 1661 2408 1715 iis
2436 1663 2528 1731 qui
2567 1664 2695 1718 talia
2725 1675 3009 1739 usurpent,
3043 1670 3270 1743 largitus
3299 1675 3402 1742 sit;
3436 1676 3484 1734 si

1914 1762 2041 1801 vero
2074 1748 2330 1818 perfectis
2360 1753 2942 1824 demonstrationibus,
2965 1769 3019 1817 et
3059 1763 3306 1835 ipsorum
3336 1766 3485 1826 Grae-

1912 1856 2100 1895 corum
2150 1844 2611 1915 confessionibus,
2643 1852 2757 1921 jam
2804 1862 2985 1919 antea,
3036 1858 3312 1917 daemones
3361 1878 3485 1921 esse

1912 1948 2020 1988 non
2055 1935 2176 1991 illos
2201 1938 2417 2006 quidem
2443 1940 2639 2007 bonos,
2666 1944 2761 1999 sed
2789 1948 2969 2003 omnis
3004 1951 3262 2019 perniciei
3290 1958 3483 2027 nequi-

1911 2027 2105 2097 tiaeque
2142 2040 2397 2088 auctores
2420 2035 2785 2108 convicimus,
2822 2044 2915 2111 qui
2946 2042 3063 2099 ﬁeri
3089 2052 3268 2114 potest
3298 2056 3359 2103 ut
3386 2048 3481 2105 Dei

1908 2122 2187 2191 prophetae
2227 2124 2565 2182 habeantur?
2597 2130 2811 2189 Etenim
2843 2135 2965 2192 illos
3002 2152 3125 2193 esse
3163 2140 3337 2197 malos
3385 2158 3481 2212 per

1908 2212 2283 2286 Evangelicam
2311 2219 2771 2291 Prwparationem
2825 2229 2966 2284 ratio
2997 2229 3375 2300 deprehendit,
3411 2252 3477 2291 ex

1905 2322 1971 2361 eo
2000 2324 2133 2364 sane
2155 2312 2299 2381 quod
2346 2314 2543 2383 priscis
2592 2320 2936 2388 temporibus
2974 2324 3029 2377 in
3061 2325 3211 2379 omni
3257 2328 3400 2395 loco,
3425 2339 3477 2385 et

1905 2399 2125 2457 civitate
2154 2418 2219 2459 ac
2248 2406 2491 2476 regione,
2521 2407 2773 2465 humanae
2812 2412 2920 2467 illis
2949 2414 3182 2471 victimae
3203 2418 3476 2475 sacriﬁca-

1903 2499 2132 2561 rentur;
2172 2495 2301 2552 item
2333 2513 2399 2553 ex
2432 2514 2499 2555 eo
2524 2502 2670 2570 quod
2709 2508 2894 2560 rerum
2925 2506 3233 2564 futurarum
3266 2511 3475 2582 ignora-

1903 2586 2049 2641 tione
2084 2589 2431 2648 sciscitantes
2463 2594 2796 2665 deciperent,
2830 2607 2885 2654 et
2912 2600 3057 2671 quod
3100 2602 3155 2657 in
3187 2604 3473 2661 mendacio

1901 2677 2099 2735 millies
2143 2694 2207 2736 ac
2251 2683 2451 2741 millies
2508 2685 2833 2758 deprehensi
2866 2693 2993 2759 sint,
3044 2697 3205 2750 modo
3251 2699 3471 2768 quidem

1900 2781 2084 2844 aperte
2128 2788 2193 2830 ac
2236 2776 2435 2847 palam,
2466 2780 2628 2835 modo
2673 2797 2803 2837 vero
2833 2784 3073 2854 ipsorum
3120 2792 3468 2849 oraculorum

1900 2870 2154 2941 ambiguo
2188 2887 2459 2939 sermone,
2500 2891 2596 2945 per
2634 2893 2793 2947 quem
2833 2893 2927 2933 eos
2956 2881 3048 2950 qui
3085 2881 3151 2936 ad
3196 2899 3255 2940 se
3283 2885 3470 2940 confu-

1897 2962 2124 3032 gissent,
2165 2965 2415 3033 plurimis
2455 2969 2757 3039 smpissime
2796 2972 2953 3028 malis
2983 2984 3143 3042 atque
3176 2976 3469 3034 incommo—

228 3067 329 3105 νων
369 3053 470 3122 τῆς
515 3052 834 3122 ἐπιφανείας
878 3052 971 3106 τοῦ
1007 3053 1255 3124 Σωτῆρος
1297 3052 1453 3125 ήμῶν
1495 3052 1666 3125 Ἰησοῦ
1697 3053 1789 3108 τοῦ

1897 3054 1980 3108 dis
2040 3054 2353 3122 involvisse,
2407 3061 2642 3116 convicti
2686 3071 2852 3117 sunt:
2888 3079 3101 3120 necnon
3147 3068 3294 3138 quod
3351 3068 3463 3139 jam

224 3143 483 3215 Χριστοῦ·
517 3144 571 3210 ἐξ
598 3137 658 3197 οὗ
696 3143 803 3217 γάρ
835 3146 914 3209 εἰς
946 3145 1123 3199 πάντα
1155 3147 1223 3197 τά
1263 3145 1388 3218 ἔθνη
1434 3146 1720 3217 διέδραμεν
1765 3150 1793 3201 ό

221 3234 325 3303 τῆς
354 3233 704 3304 εὐαγγελικῆς
729 3234 1075 3298 διδασκαλίας
1107 3234 1266 3289 αὑτοῦ
1297 3235 1470 3305 λόγος,
1504 3235 1561 3303 ἐξ
1584 3238 1790 3292 ἐκείνου

222 3326 318 3378 καὶ
342 3325 413 3377 τὰ
432 3328 728 3398 χρηστήρια
750 3326 972 3391 διέλιπε,
998 3328 1090 3380 καὶ
1116 3327 1383 3398 δαιμόνων
1409 3328 1625 3383 θάνατοι
1653 3346 1790 3401 μνη-

226 3416 556 3487 μονεύονται.
580 3418 761 3470 Πάντα
781 3417 836 3470 δὲ
862 3412 953 3471 οὖν
983 3414 1049 3489 ἦν
1082 3418 1276 3481 ταῦτα,
1307 3418 1401 3471 καὶ
1426 3418 1559 3473 ἄλλα
1582 3418 1791 3483 τούτοις

222 3510 575 3581 παραπλήσια
607 3510 791 3581 μυρία,
823 3510 887 3562 δι’
920 3503 994 3563 ὧν
1026 3510 1251 3581 πονηροὶ
1282 3510 1532 3580 δαίμονες
1559 3510 1710 3576 ὄντες
1741 3514 1787 3565 οἱ

219 3601 343 3671 περὶ
371 3593 448 3653 ὦν
480 3602 508 3652 ό
538 3600 693 3669 λόγος
713 3602 770 3653 ἐν
797 3603 906 3663 τοῖς
932 3600 1029 3671 τῆς
1047 3599 1791 3673 Εὐαγηέλικῆςρηροπαρα-

215 3692 446 3763 σκευῆς
478 3693 917 3764 ἀπηλέγχθησαν.
960 3693 1023 3745 Ei
1052 3691 1115 3763 δὴ
1148 3688 1240 3745 οῦν
1268 3694 1460 3747 τοιοίδε
1486 3695 1629 3758 τινὲς
1657 3712 1786 3762 τυγ-

215 3788 457 3858 χάνουσι,
490 3787 574 3851 τίς
605 3789 748 3857 αἱρεῖ
774 3787 928 3856 λόγος
958 3786 1052 3839 τοῦ
1094 3787 1186 3839 ἐπὶ
1228 3786 1443 3841 πάντων
1476 3790 1608 3842 Θεοῦ
1652 3808 1785 3861 μαν-

213 3880 360 3944 τείας
387 3876 527 3933 εἷναι
560 3881 806 3950 ἡγεῖσθαι
846 3880 915 3933 τὰ
945 3880 1051 3935 τῶν
1075 3881 1340 3952 δαιμόνων
1366 3883 1710 3954 χρηστήριας
1746 3884 1778 3954 ἢ

209 3976 319 4036 τοῖς
334 3972 432 4026 τοῦ
456 3972 591 4027 Θεοῦ
613 3976 916 4045 προφήταις
936 3973 1004 4028 τά
1025 3975 1145 4029 κατ’
1161 3975 1360 4038 αὐτοὺς
1384 3975 1777 4047 παραϐάλλειν;

211 4064 460 4119 [Ιοταθιτειλ⁸
486 4066 541 4119 δὲ
566 4067 740 4119 αὐτῶν
767 4071 821 4122 αἱ
847 4070 1195 4141 προρρήσεις,
1216 4069 1301 4133 ἃς,
1335 4071 1421 4123 ὅτε
1451 4070 1543 4122 καλ¹
1567 4068 1779 4122 ἐδόκουν

209 4159 529 4228 ὑφεστάναι,
559 4162 683 4232 περὶ
703 4163 828 4224 τοὺς
856 4162 1174 4233 ἐρωτῶντας
1201 4162 1509 4226 ἐποιοῦντο;
1536 4158 1643 4234 ἆρα
1660 4161 1779 4232 οὐχ).

208 4251 336 4320 περὶ
368 4250 616 4321 ἀσέμνωθ
645 4252 913 4305 ταπεινῶν
941 4271 1001 4307 τε
1033 4256 1127 4308 καὶ
1161 4255 1393 4307 εὐτελῶν
1422 4253 1650 4325 ἀνδρῶν,
1676 4269 1777 4306 πυ-

206 4340 372 4403 κτῶν,
397 4341 549 4411 φέρε,
578 4342 608 4411 ἡ
632 4358 791 4395 τινων
821 4341 1094 4408 τοιούτων,
1121 4343 1214 4408 οὓς
1243 4345 1448 4409 θυσίαις
1476 4346 1643 4416 τιμᾷν
1664 4344 1776 4397 ἐκέ-

202 4432 393 4496 λευονς
417 4433 550 4486 Ποῖα
567 4434 623 4486 δὲ
641 4435 707 4488 τὰ
732 4435 975 4506 περὶτῆς
996 4435 1442 4506 ἀνθρωποθυσίας
1462 4439 1769 4509 νενόμιστος

202 4526 498 4595 κεφάλαιον
539 4527 646 4599 γὰρ
686 4527 748 4598 δὴ
794 4527 953 4582 τοῦτο
994 4529 1102 4583 τῶν
1135 4531 1455 4602 εἰρημένων.
1492 4528 1639 4603 ἸΓΛρά
1668 4552 1770 4587 τινι

200 4618 489 4687 πράγματι
522 4618 706 4689 φαύλῳ
753 4619 1043 4674 κατέλιπον
1087 4622 1314 4685 ἀτοπίας
1353 4623 1689 4696 ύπερϐολήν;
1721 4627 1768 4678 εί

200 4707 265 4778 δὴ
292 4709 343 4760 οἱ
371 4708 615 4780 σωτῆρες
643 4710 944 4782 ἀνθρώπων
971 4713 1080 4766 θεοί
1105 4731 1162 4767 τε
1188 4716 1280 4767 καὶ
1302 4716 1493 4784 ἀγαθοὶ
1519 4717 1771 4788 δαίμονες

199 4801 327 4863 τοὺς
381 4801 562 4865 ἱκέτας
602 4804 777 4858 αὐτῶν
822 4807 916 4862 καὶ
948 4808 1190 4873 εὐσεϐεῖς
1235 4810 1554 4881 πρόσφυγας
1602 4828 1769 4864 κατατ-

203 4895 459 4963 σφόιττειν
513 4896 580 4950 τὰ
628 4897 835 4953 ἑαυτῶν
883 4899 1131 4968 φίλτατα,
1168 4902 1405 4973 ὡσπερεί
1461 4908 1607 4956 τινα
1631 4902 1766 4958 ἄλλα

200 4986 509 5058 θρέμματα,
545 4989 989 5061 παρεκελεύοντο,
1020 4993 1276 5067 ἄντικρυς
1311 4996 1661 5068 ἀνθρωπείων
1687 4999 1767 5051 αί⁴

198 5080 385 5149 μάτων
410 5081 546 5152 ὑπὲρ
574 5084 749 5139 πᾶσαν
782 5082 983 5155 θηρίων
1009 5086 1166 5155 φύσιν
1188 5088 1466 5158 διψῶντες,
1498 5090 1591 5142 καὶ
1612 5089 1763 5143 οὐδὲν

193 5170 326 5224 ἄλλο
362 5172 394 5243 ἦ
442 5175 741 5244 αίμοπότας
778 5178 870 5229 καὶ
906 5177 1352 5254 ἀνθρωποϐὁρους
1392 5182 1663 5247 ἀπωλείας
1702 5201 1761 5237 τε

193 5264 383 5333 φίλους
408 5262 542 5323 εἶναι
573 5272 713 5340 σφᾶς
743 5272 940 5337 αὐτοὺς
958 5273 1366 5345 ἀπελέγχοντες.
1405 5279 1473 5330 Ἦ
1502 5277 1702 5346 λεγέτω
1732 5280 1761 5333 ό

190 5356 535 5428 βουλόμενος,
570 5364 618 5415 εἰ
663 5364 773 5433 ἔχοι
816 5366 1008 5437 σεμνόν
1042 5385 1094 5420 τι
1125 5370 1217 5422 καὶ
1251 5370 1450 5441 ἀρετῆς
1481 5370 1629 5435 ἀξιον
1649 5374 1759 5426 τῶν

187 5448 533 5521 δηλουμένων
556 5455 836 5522 ἐπιδεῖξαι,
858 5458 889 5529 ἢ
924 5459 1177 5529 μαντείας
1208 5463 1304 5516 καὶ
1327 5465 1655 5537 προρρήσεις
1678 5469 1758 5530 είς

190 5556 299 5607 πᾶν
326 5556 476 5625 γένος
504 5558 803 5628 ἀνθρώπων
832 5569 1226 5632 συντεινούσας,
1257 5567 1507 5639 ἢνόμους
1531 5573 1620 5627 καὶ
1654 5591 1753 5627 πο-

186 5649 402 5713 λιτικὰς
421 5651 709 5719 διατάξεις,
733 5656 852 5711 καθ’
878 5657 969 5725 οὓς
990 5663 1127 5733 χρῆν
1152 5664 1297 5734 βιοῦν
1324 5667 1527 5735 πάντας
1553 5672 1754 5744 ἀνθρώ-

1897 3157 2053 3202 antea
2081 3149 2511 3206 demonstratum
2548 3154 2640 3217 sit,
2675 3155 2890 3210 illorum
2925 3172 3095 3226 genus
3129 3158 3333 3215 foedum
3363 3164 3467 3218 im-

1895 3241 2265 3313 mundumque
2287 3263 2429 3313 esse,
2456 3263 2521 3302 ex
2562 3264 2626 3303 eo
2654 3249 2799 3319 quod
2829 3251 3085 3307 obscenis
3125 3268 3190 3308 ac
3220 3254 3460 3320 lascivis,

1892 3333 2053 3406 205
2083 3351 2203 3408 quae
2241 3337 2309 3393 de
2341 3338 2475 3409 ipsis
2498 3339 2777 3406 feramur,-
2798 3345 3028 3401 canticis
3054 3345 3288 3418 gaudere
3330 3362 3463 3402 con-

1892 3430 2202 3499 sueverint;
2231 3432 2359 3487 item
2398 3433 2614 3506 hymnis
2662 3452 2723 3493 ac
2756 3437 3019 3495 fabulosis
3054 3440 3462 3500 narrationibus

1890 3521 2243 3597 historiisque
2283 3526 2591 3585 inhonestis
2639 3544 2704 3585 ac
2749 3533 3094 3601 perniciosis,
3144 3549 3282 3608 quas
3311 3538 3458 3608 quod

1888 3626 2076 3668 contra
2108 3618 2318 3687 seipsos
2362 3628 2511 3677 ratas
2541 3621 2851 3691 habuerint,
2897 3636 2948 3682 et
2994 3637 3251 3699 tanquam
3299 3645 3457 3685 veras

1887 3712 2381 3780 comprobaverint,
2414 3715 2526 3785 jam
2558 3718 2716 3787 plane
2737 3719 3010 3790 redarguti
3035 3730 3183 3776 sunt.
3212 3720 3456 3792 Denique

1887 3800 2103 3857 illorum
2147 3804 2340 3863 inertis
2374 3807 2768 3880 imbecillaque
2801 3819 3010 3866 natura!
3050 3813 3346 3867 maximum
3373 3829 3455 3868 ar-

1883 3905 2219 3966 gumentum,
2260 3901 2405 3971 quod
2437 3903 2703 3957 exstincta
2724 3904 2831 3958 sint
2867 3905 3107 3969 oracula,
3137 3920 3312 3975 neque
3339 3922 3455 3960 am-

1882 3989 2026 4059 plius
2054 3998 2114 4045 ut
2158 3992 2288 4046 olim
2321 3995 2716 4064 respondeant;
2751 4003 2807 4053 et
2851 3998 3127 4055 exstincta
3154 4014 3261 4053 non
3315 3999 3450 4054 alias

1881 4101 2045 4155 quam
2074 4087 2176 4142 sub
2203 4088 2496 4144 adventum
2538 4089 2839 4147 Salvatoris
2863 4091 3034 4147 nostri
3062 4091 3191 4149 Jesu
3220 4091 3446 4157 Christi;

1878 4194 1943 4231 ex
1972 4193 2080 4247 quo
2107 4179 2254 4233 enim
2291 4180 2438 4235 illius
2468 4182 2523 4236 in
2564 4197 2759 4239 omnes
2781 4190 2970 4255 gentes
3004 4183 3329 4255 evangeliea:
3357 4182 3448 4239 do-
3490 4192 3497 4203 '

1879 4273 2068 4327 ctrina:
2097 4274 2403 4342 penetravit
2432 4275 2679 4340 verbum,
2712 4291 2778 4331 ex
2805 4276 2896 4332 illo
2929 4276 3056 4332 item
3095 4277 3314 4332 oracula
3356 4275 3446 4331 de-

1806 4406 1849 4461 D
1881 4364 2145 4431 fecerunt,
2171 4375 2227 4422 et
2250 4366 2558 4422 daemonum
2584 4377 2787 4424 mortes
2830 4379 3217 4424 memorantur.
3252 4367 3445 4424 Omnia

1877 4457 2039 4527 igitur
2067 4459 2181 4514 haec
2215 4466 2269 4513 et
2298 4459 2714 4515 innumerabilia
2736 4462 2840 4515 alia
2861 4461 2946 4516 his
2975 4462 3169 4515 similia
3202 4460 3441 4521 fuerunt.

1872 4567 1939 4607 ex
1984 4552 2182 4623 quibus
2232 4553 2388 4617 illos,
2435 4552 2503 4609 de
2551 4554 2751 4624 quibus
2796 4570 2941 4610 nunc
2993 4542 3222 4626 agimus,
3269 4556 3442 4610 malos

1872 4659 1991 4699 esse
2020 4644 2293 4701 daemones
2315 4644 2631 4716 Evangelica
2667 4646 2995 4716 Prwparatio
3025 4648 3436 4704 demonstravit.

1870 4735 2027 4801 Quod
2061 4738 2105 4791 si
2141 4739 2285 4793 tales
2328 4739 2452 4795 illos
2480 4754 2603 4796 esse
2636 4741 2748 4810 jam
2781 4749 3015 4809 constat,
3041 4757 3160 4813 qua:
3182 4741 3321 4795 ratio
3345 4758 3440 4795 un-

1869 4844 2031 4896 quam
2063 4829 2349 4897 obtinebit,
2392 4840 2452 4887 ut
2479 4834 2716 4902 supremi
2754 4833 2845 4890 Dei
2879 4835 3000 4891 illas
3030 4835 3198 4892 fuisse
3226 4836 3439 4890 divina-

1868 4922 2042 4978 tiones
2069 4938 2411 4990 censeamus,
2444 4942 2565 4998 qua‘.
2604 4927 2909 4987 daemonum
2941 4937 3116 4985 sortes
3145 4930 3435 5002 perhiben-

1865 5030 1973 5085 tur,
2003 5028 2096 5075 aut
2122 5035 2241 5091 quae
2270 5022 2337 5077 de
2370 5023 2477 5079 illis
2509 5023 2781 5087 feruntur,
2809 5024 2902 5079 Dei
2926 5025 3313 5095 prophetarum
3344 5042 3439 5083 va-

1862 5111 2609 5183 ticiniisesse-comparanda
2632 5114 2655 5166 ?
2677 5112 2960 5169 Caeterum
2995 5115 3181 5184 quanti
3214 5114 3433 5171 tandem

1864 5205 2079 5261 illorum
2120 5203 2500 5274 praedictiones
2559 5204 2839 5271 faciendae,
2897 5220 3051 5276 quas,
3102 5219 3229 5261 cum
3288 5214 3434 5262 stare

1861 5300 2201 5360 videbantur.
2237 5280 2644 5357 sciscitantibus
2676 5299 3116 5372 respondebant?
3142 5300 3335 5356 Nonne
3366 5302 3434 5357 de

1860 5392 2161 5449 inhonestis
2200 5404 2363 5466 atque
2400 5396 2697 5451 humilibus
2738 5405 2792 5452 et
2834 5397 3035 5452 nullius
3083 5397 3243 5468 pretii
3273 5398 3429 5461 viris,

1856 5473 2152 5556 pugilibtrs,
2203 5490 2435 5560 exempli
2472 5492 2679 5560 gratia,
2723 5499 2817 5545 aut
2868 5490 2991 5546 aliis
3033 5492 3234 5546 talibus
3275 5492 3429 5548 reddi

1857 5579 2047 5635 solitas
2082 5581 2352 5645 novimus,
2392 5598 2530 5653 quos
2575 5583 2791 5654 quidem
2838 5583 3090 5641 homines
3139 5585 3429 5641 sacriﬁciis

1854 5674 2133 5733 honestari
2163 5675 2467 5747 iubebant?
2494 5678 2687 5745 Qualia
2720 5694 2884 5752 porro
2913 5694 3034 5752 qua:
3063 5678 3131 5735 de
3176 5680 3433 5735 humanis
