3866 6202
426 267 532 331 559

1009 232 1278 324 ίιΞΗΞΕΒίΙ
1317 265 1801 323 ΟιΕΞΑΒΙΕΝὸιδ
1837 265 1988 323 OPP.
2022 266 2223 323 PARS.
2265 265 2328 321 ll.
2370 298 2439 308 —-
2474 262 2972 322 APOLOGETICA.

3579 265 3689 323 340

430 389 665 446 victimis
704 388 975 452 feruntur,
1009 384 1322 442 censenda?
1341 382 1517 457 Caput
1557 385 1701 442 enim
1734 386 1837 442 hoc
1882 402 2001 442 om-

2108 402 2264 450 mu;,
2307 385 2748 457 διαγορευούσας,
2789 384 2823 454 ἢ
2862 381 3179 452 φιλοσοφίας
3208 380 3456 452 δόγματά
3484 397 3548 435 τε
3589 381 3692 435 καὶ

429 483 580 538 nium
627 495 816 536 eorum
856 493 979 549 qua:
1024 478 1173 534 dicta
1202 487 1367 535 sunt:
1401 494 1533 534 num
1580 479 1748 550 igitur
1789 480 1899 534 ulla
1941 495 2015 537 re,

431 587 600 644 prava
636 572 819 626 locum
862 583 1016 625 novae
1058 569 1381 626 absurditati
1428 569 1817 640 reliquerunt?
1844 567 2011 636 Quod

427 663 477 719 si
501 662 591 719 isti
615 660 895 714 hominum
921 667 1359 723 conservatores,
1387 665 1441 713 et
1463 658 1537 714 dii
1559 668 1613 713 et
1642 657 1769 712 boni
1802 657 2003 711 daemo-

428 768 550 818 nes,
587 752 681 823 qui
718 751 787 806 ad
816 767 877 806 se
904 750 1226 822 suppliciter
1250 759 1305 805 et
1333 765 1458 805 cum
1488 750 1689 820 pietate
1717 748 2001 820 confugie-

428 852 580 909 nant,
613 858 711 900 eos
759 857 1100 915 quacunque
1145 842 1468 898 charissima
1518 841 1802 906 haberent,
1845 842 2004 912 quasi

428 937 655 1007 reliquis
691 935 893 992 similia
924 950 1125 1006 pecora
1167 943 1408 991 mactare
1450 935 1810 1004 imperabant,
1841 935 2003 1005 plana

426 1028 574 1101 quod
603 1027 828 1084 humani
867 1027 1154 1099 sanguinis
1206 1043 1369 1098 supra
1402 1042 1617 1083 omnem
1646 1027 1873 1083 ferinam
1905 1043 2006 1081 na-

427 1133 608 1178 turam
642 1121 929 1186 sitibundi,
954 1136 1133 1192 neque
1161 1120 1458 1191 quidquam
1482 1120 1629 1175 aliud
1660 1135 1822 1191 quam
1847 1127 2004 1190 poto-

426 1231 518 1272 res
549 1213 834 1285 sanguinis
864 1219 922 1269 et
961 1211 1312 1270 devoratores
1342 1213 1623 1268 hominum
1654 1213 2006 1283 perditionis-

427 1319 539 1376 que
567 1302 731 1358 amici
774 1308 982 1364 essent,
1022 1301 1242 1371 ipsimet
1287 1300 1644 1357 declarabant
1678 1317 1691 1353 :
1722 1310 1817 1356 aut
1858 1301 2007 1356 dicat

427 1394 562 1450 mihi
588 1408 726 1451 sane
748 1393 952 1464 quivis,
983 1407 1116 1448 num
1145 1393 1225 1448 de
1250 1392 1360 1448 illis
1392 1394 1568 1464 possit
1595 1393 1817 1451 honesti
1839 1393 2003 1465 quid-

428 1492 596 1558 piam,
623 1492 719 1540 aut
750 1484 898 1555 quod
925 1499 1051 1539 cum
1083 1484 1284 1541 virtute
1306 1485 1665 1556 coniunctum
1692 1488 1785 1551 sit,
1819 1494 2006 1543 osten—

426 1580 598 1636 dere:
640 1585 735 1633 aut
778 1575 1175 1642 divinationes,
1228 1592 1293 1633 ac
1334 1578 1737 1649 praedictiones,
1774 1595 1896 1650 quae
1933 1580 2003 1636 ad

427 1685 591 1727 omne
636 1669 922 1725 hominum
963 1684 1137 1740 genus
1170 1670 1577 1740 spectaverint:
1609 1679 1704 1726 aut
1725 1672 1895 1743 leges,
1918 1673 2004 1727 in-

2109 476 2402 548 μαθήματα
2423 477 2559 549 πρὸς
2573 475 2684 529 τῶν
2702 475 2839 529 θεῶν
2860 472 3276 545 προὸεϐλημένα
3297 475 3412 537 τοῖς
3426 473 3690 545 ἐρασταῖς

2105 569 2439 639 φιλοσοφίας.
2458 567 2595 621 Ἀλλ’
2611 568 2711 627 οὐκ
2727 567 2792 621 ἂν
2808 566 2918 638 ἔχοι
2933 582 3017 630 τις
3033 565 3195 634 φάναι
3204 565 3445 619 τοιοῦτον
3461 564 3687 618 πώποτε

2104 658 2380 731 ὑπῆρχθαι
2404 658 2482 729 τῷ
2509 659 2609 730 βίῳ
2634 660 2698 713 ὲκ
2718 658 2825 713 τῶν
2873 657 3210 731 περιϐοήτων
3230 655 3601 728 χρηστηρίων.
3618 655 3688 709 Et

2105 749 2212 822 γὰρ
2229 745 2301 822 ἦν
2316 749 2510 814 ταῦτα,
2533 751 2632 803 οὐκ
2669 748 2735 803 ἂν
2768 749 3045 820 διαφόροις
3068 749 3371 847 ἐχρήσαντο
3392 740 3688 818 καΐμαχο-

2108 842 2289 914 μένοις
2302 841 2487 912 νόμοις
2510 840 2786 911 ἂνθρωποι
2802 839 2907 894 ὑπὸ
2927 840 3068 894 θεῶν
3082 836 3548 911 ω’μοθετούμενοι·
3568 836 3687 891 θεοὶ

2103 934 2214 1007 γὰρ
2227 934 2379 998 ὄντες
2388 935 2487 987 καὶ
2503 934 2714 1003 ἀγαθοὶ,
2733 933 2851 997 πῶς
2863 934 2965 987 οὐκ
2978 934 3043 987 ἂν
3054 934 3166 997 τοῖς
3180 932 3365 997 αὐτοῖς
3381 934 3688 1004 ἐχρήσαντο

2103 1026 2467 1098 διατάγμασι;
2500 1025 2618 1090 πῶς
2641 1025 2686 1079 δ’
2708 1026 2828 1096 ούχὶ
2850 1027 2972 1089 ταῖς
2999 1023 3240 1097 σώφροσι
3279 1025 3373 1079 καὶ
3407 1023 3687 1078 δικαιοτά-

2103 1136 2226 1184 ταις
2279 1118 2653 1191 νομὸθεσίαιςς
2701 1119 2798 1184 Τίς
2828 1114 2922 1173 οὖν
2952 1117 3048 1172 τοῦ
3080 1117 3334 1183 Σόλωνος,
3370 1117 3404 1190 ἢ
3438 1117 3686 1190 Δράκον-

2103 1231 2236 1279 τος,
2279 1214 2313 1285 ἢ
2351 1212 2462 1267 τῶν
2502 1212 2675 1268 ἄλλων
2707 1211 3012 1283 ἀνθρώπων
3048 1211 3273 1285 Ἕλλησί
3324 1229 3383 1266 τε
3418 1214 3514 1267 καὶ
3547 1212 3687 1285 βαρ-

2100 1303 2294 1379 ϐάροις
2336 1304 2638 1376 νομοθετῶν
2671 1305 2829 1378 χρεία
2862 1302 2951 1379 ἦν,
3000 1305 3139 1361 θεῶν
3176 1306 3342 1374 ἐγγὺς
3374 1305 3683 1377 παρόντων,

2109 1401 2204 1455 καὶ
2227 1398 2315 1452 διὰ
2333 1398 2445 1453 τῶν
2469 1401 2732 1472 χρησμῶν
2761 1401 3188 1473 διαταττομένων
3202 1401 3270 1454 τὰ
3294 1401 3483 1455 δέοντα
3500 1416 3516 1466 ;
3534 1401 3600 1454 El
3623 1401 3686 1454 δὲ

2103 1492 2169 1565 δὴ
2185 1493 2318 1564 φαίη
2342 1510 2427 1557 τις
2443 1493 2639 1557 αὐτοὺς
2663 1495 2757 1548 καὶ
2778 1495 2886 1549 οὐδ’
2921 1493 2999 1567 (1)
3023 1494 3215 1558 ἄλλους
3234 1489 3373 1547 εἶναι
3403 1492 3534 1557 τοὺς
3558 1492 3687 1546 καθ’

2104 1588 2338 1641 ἕκαστον
2364 1586 2515 1651 ἔθνος
2534 1586 2838 1660 ἀνθρώπων
2867 1586 3310 1660 νομοθετοῦντας,
3333 1588 3428 1642 καὶ
3459 1587 3545 1652 τίς
3571 1582 3690 1659 ἄρα

2107 1682 2314 1746 ἐκεῖνος
2344 1682 2436 1735 καὶ
2472 1682 2733 1748 ποταπὸς,
2755 1682 2982 1747 εἰπάτω,
3009 1681 3148 1747 θεὸς,
3182 1683 3211 1735 ό
3233 1681 3486 1745 Σκύθαις,
3522 1680 3685 1751 φέρε,

427 1763 852 1834 stitutionesque
871 1761 1080 1828 civiles,
1118 1777 1240 1833 qua:
1268 1777 1380 1832 quo
1413 1763 1577 1818 modo
1605 1778 1796 1819 omnes
1829 1765 2005 1819 homi-

2107 1770 2543 1843 ἀνθρωποδορεῖν
2581 1770 2990 1842 διαταξάμενος,
3023 1772 3057 1843 ἢ
3090 1773 3121 1825 ό
3165 1772 3435 1843 μητράσιν
3474 1772 3689 1843 ἑτέροις

427 1871 530 1912 nes
556 1857 738 1912 vivere
769 1862 1040 1926 Oporteat,
1075 1854 1478 1925 praeceperint:
1513 1864 1607 1909 aut
1648 1854 2005 1925 philosophia:

427 1950 650 2007 decreta
693 1963 758 2003 ac
790 1947 1130 2019 disciplinas,
1171 1962 1295 2017 qua:
1340 1946 1703 2017 philosophiae
1742 1948 2005 2002 amatori-

428 2041 537 2097 lms
571 2041 643 2099 ab
669 2039 805 2111 ipsis
831 2039 939 2097 diis
971 2054 1211 2110 unquam
1254 2039 1535 2109 proposita
1566 2037 1773 2094 fuerint
1806 2057 1820 2092 :
1854 2038 2006 2109 atqui

427 2148 591 2189 nemo
642 2140 733 2190 est
766 2132 861 2204 qui
904 2131 1076 2204 possit
1096 2129 1365 2186 allirmare
1404 2131 1515 2187 tale
1564 2146 1805 2203 unquam
1842 2131 2006 2202 quid-

426 2240 592 2297 quam
633 2227 716 2281 vel
761 2224 1244 2282 celeberrimorum
1302 2224 1651 2281 oraculorum
1703 2224 2002 2291 beneﬁcio,

424 2316 589 2388 205
613 2316 739 2373 vitae
761 2315 1045 2375 hominum
1078 2315 1421 2387 contigisse;
1453 2330 1585 2371 nam
1617 2317 1667 2372 si
1704 2315 1836 2371 talia
1863 2314 2003 2372 fuis-

427 2419 583 2476 sent,
602 2423 884 2480 nunquam
914 2407 1183 2474 homines,
1208 2408 1458 2479 quibusa
1486 2406 1595 2464 diis
1617 2408 1765 2480 leges
1790 2407 2007 2463 tradita:

427 2507 579 2564 sunt,
622 2499 857 2563 diversis
896 2499 980 2554 usi
1009 2506 1395 2570 essentatqne
1427 2499 1573 2555 inter
1616 2514 1678 2555 se
1712 2498 2006 2570 pugnanti-

425 2593 533 2649 hus
579 2592 837 2663 legibus:
870 2606 997 2646 nam
1042 2591 1137 2662 qui
1183 2590 1261 2646 dii
1287 2599 1474 2647 essent
1506 2600 1565 2647 et
1605 2592 1683 2647 dii
1726 2591 1876 2656 boni,
1909 2592 2003 2662 qui

428 2684 543 2741 fieri
576 2691 773 2755 posset
799 2693 860 2739 ut
889 2697 998 2743 non
1031 2684 1205 2754 aquis
1231 2683 1672 2741 institutionibus
1695 2693 1998 2752 uterentur,

422 2792 600 2848 quare
638 2784 821 2831 autem
867 2790 980 2830 non
1025 2774 1446 2832 modestissimis
1482 2791 1548 2831 ac
1577 2775 1900 2847 iustissimis
1926 2776 2007 2833 le-

427 2867 623 2940 gibus?
678 2865 816 2934 Quis
864 2881 997 2939 ergo
1048 2877 1143 2923 aut
1183 2865 1421 2934 Solonis,
1454 2876 1551 2924 aut
1589 2868 1880 2933 Draconis,
1911 2876 2007 2925 aut

427 2959 656 3015 aliorum
696 2956 791 3027 qui
828 2956 915 3012 vel
954 2954 1160 3014 Graecis
1193 2957 1279 3013 vel
1313 2958 1567 3015 barbaris
1615 2960 1765 3033 leges
1799 2958 2010 3016 descri-

429 3051 660 3123 pserint,
690 3067 826 3108 usus
858 3050 1073 3118 luisset,
1113 3067 1237 3108 cum
1270 3051 1329 3113 in
1364 3051 1613 3123 proximo
1642 3054 1893 3110 adessent
1925 3052 2002 3109 dii

426 3144 524 3202 oui
550 3144 800 3201 oraculis
820 3151 1042 3215 possent
1076 3159 1201 3215 quae
1242 3143 1471 3201 honesta
1499 3153 1561 3200 et
1582 3146 1892 3202 necessaria
1918 3145 2002 3202 vi-

426 3244 642 3307 derent,
685 3237 1023 3311 praecipere?
1060 3236 1223 3304 Quod
1256 3237 1304 3293 si
1336 3237 1463 3309 quis
1507 3235 1653 3292 dicat
1692 3238 1854 3309 plane
1878 3237 2004 3293 illos

427 3333 581 3403 ipsos
618 3346 731 3386 non
763 3331 901 3387 alios
926 3329 1117 3395 fuisse,
1147 3330 1241 3400 qui
1280 3345 1378 3400 per
1402 3329 1652 3401 singulas
1686 3337 1876 3401 gentes
1903 3330 2005 3391 ho-

427 3424 668 3481 minibus
694 3423 847 3494 leges
867 3421 1136 3489 dederint,
1158 3422 1304 3477 dicat
1344 3421 1532 3487 etiam,
1571 3437 1779 3492 quaeso,
1812 3422 2007 3493 ecquis

429 3519 520 3575 ille
548 3527 642 3577 aut
664 3516 976 3588 cuiusmodi
1004 3514 1171 3573 fuerit
1186 3515 1347 3583 deus,
1371 3516 1464 3588 qui
1489 3514 1747 3587 Scythas,
1768 3516 2003 3586 exempli

428 3609 907 3677 gratia,devorare
934 3607 1189 3665 homines
1222 3606 1493 3671 docuerit,
1529 3615 1623 3667 aut
1655 3607 2005 3679 quinonnula

428 3704 507 3758 iis
527 3702 677 3773 leges
703 3700 934 3768 dederit,
989 3708 1050 3756 ut
1073 3699 1439 3767 matribus-ac
1463 3700 1681 3763 ﬁliabus
1706 3700 2003 3761 misceren-

427 3805 539 3865 tur,
568 3804 663 3861 aut
698 3796 794 3867 qui
830 3811 925 3852 eos
957 3797 1049 3867 qui
1090 3797 1527 3861 consenuissent,
1573 3795 1803 3851 canibus
1834 3794 2005 3866 proji-

427 3906 573 3957 cere,
601 3892 761 3962 quasi
793 3905 910 3946 rem
942 3890 1141 3947 bonam
1179 3890 1550 3961 imperaverit,
1582 3897 1676 3944 aut
1706 3888 2001 3958 quisoro—

429 3998 525 4043 res
569 3982 773 4039 habere
817 3981 876 4037 in
919 3981 1283 4037 matrimonio.
1316 3981 1651 4052 permiserit,
1695 3988 1790 4037 aut
1820 3995 2005 4038 mares

427 4074 673 4137 maribus
700 4075 1070 4139 commisceri,
1099 4073 1167 4135 Et
1185 4074 1318 4145 quid
1344 4089 1430 4133 me
1468 4081 1705 4146 oportet,
1733 4074 2005 4130 narratio-

427 4184 537 4225 nes.
561 4184 595 4226 ι
632 4169 845 4240 legibus
881 4175 937 4224 et
975 4168 1124 4224 omni
1157 4169 1285 4239 jure
1314 4168 1529 4224 alienas
1566 4169 1636 4225 de
1667 4168 1738 4225 iis
1763 4183 1887 4239 quae
1911 4175 2006 4222 aut

427 4258 574 4330 apud
594 4256 834 4326 Graecos,
863 4266 958 4314 aut
978 4258 1125 4329 apud
1154 4258 1425 4315 barbaros
1448 4257 1664 4325 ﬁerent,
1688 4273 2005 4327 numerare,

428 4356 489 4404 ut
513 4356 773 4406 auctores
791 4351 921 4408 illos
938 4351 1288 4411 oraculorum
1317 4351 1618 4418 mirabiles,
1644 4352 1787 4422 apud
1818 4362 1999 4409 utros-

2108 1863 2203 1916 καὶ
2227 1863 2529 1935 θυγατράσι
2568 1863 2862 1935 μίγνυσθαι
2882 1861 3269 1934 νομοθετήσας,
3306 1862 3339 1933 ἢ
3366 1865 3396 1916 ὁ
3426 1864 3553 1917 κυσὶ
3576 1879 3686 1915 πα-

2110 1954 2397 2026 ραὸἀλλειν
2439 1955 2566 2018 τοὺς
2603 1954 2999 2026 γεγηρακότας,
3056 1954 3132 2017 ὡς
3177 1953 3398 2022 ἀγαθὸν,
3431 1952 3685 2006 διατεταο

2103 2047 2322 2118 γμένος,
2360 2046 2393 2118 ἢ
2431 2049 2459 2101 ό
2496 2045 2789 2119 ἐπιτρέψας
2820 2045 3055 2116 ἀδελφὰς
3088 2049 3284 2117 γαμεῖν
3325 2046 3419 2099 καὶ
3442 2045 3685 2117 ἄρρενας

2104 2140 2329 2212 ἄρρεσιν
2362 2140 2776 2211 ὲπιμίγνυσθαις
2801 2142 2911 2194 Καὶ
2943 2140 2996 2193 τί
3032 2156 3100 2210 με
3118 2138 3199 2191 δεῖ
3219 2138 3349 2202 τοὺς
3375 2139 3685 2209 ὲκθέσμους

2103 2231 2215 2286 τῶν
2249 2233 2382 2305 παρ’
2408 2232 2632 2304 Ἕλλησι
2667 2233 2760 2287 καὶ
2796 2232 3092 2307 βαρϐάροις
3122 2231 3314 2301 λόγους
3344 2231 3683 2303 ἀπαριθμεῖν

2105 2320 2185 2387 είς
2216 2323 2435 2395 ἔλεγχον
2452 2322 2547 2376 τοῦ
2583 2324 2655 2395 μὴ
2684 2324 2839 2389 θεοὺς
2862 2323 3163 2394 γεγονέναι,
3194 2324 3465 2396 πονηροὺς
3493 2322 3548 2376 δὲ
3581 2324 3682 2379 καὶ

2105 2416 2416 2488 ἀλιτηρίους
2466 2414 2748 2487 δαίμονας,
2794 2420 2922 2479 τοὺς
2963 2414 3306 2487 θαυμαστοὺς
3338 2415 3517 2470 αὐτῶν
3540 2432 3687 2488 χρη-

2107 2508 2390 2580 σμοδὸτας,
2423 2508 2515 2561 ἐπὶ
2565 2506 2636 2562 τά
2676 2507 2829 2579 παρά
2861 2506 3024 2578 φύσιν
3070 2508 3396 2580 ἀτοπηματα
3428 2509 3492 2563 τὸ
3527 2526 3688 2580 τρισ-

2104 2599 2287 2656 άθλιον
2317 2599 2425 2653 τῶν
2471 2599 2773 2671 ἀνθρώπων
2802 2599 2957 2670 γένος
2989 2599 3493 2672 καταϐεϐληκὸταςς
3523 2601 3681 2657 ὁπότ’

2105 2688 2216 2743 οὐδ’
2255 2692 2306 2743 oi
2361 2693 2495 2762 παρ’
2535 2690 2757 2763 Ἕλλησι
2805 2689 3122 2762 βεδοημένοι
3169 2688 3284 2742 θεοὶ
3328 2691 3422 2744 acati.
3455 2690 3685 2761 μάντεις

2103 2783 2424 2856 ὀνησιφόρον
2453 2801 2507 2838 τι
2539 2787 2634 2838 καὶ
2658 2785 2935 2850 λυσιτελὲς
2964 2788 3045 2852 εἰς
3068 2786 3247 2858 ψυχῆς
3277 2783 3543 2854 ὠφέλειαν
3564 2786 3685 2848 τοῖς

2105 2875 2406 2947 χρωμένοις
2445 2877 2854 2932 ἀποδείκνυνται
2894 2879 3317 2950 παρεσχημένοι.
3349 2878 3413 2931 Τί
3444 2876 3556 2948 γὰρ
3580 2877 3685 2948 δή⁴

2106 2985 2237 3022 ποτε
2290 2969 2683 3034 καταλιπόντες
2727 2971 2917 3043 ἄνδρες
2949 2971 3208 3043 Ἕλληνες
3251 2969 3350 3042 τὴν
3399 2970 3459 3037 ὲξ
3498 2970 3687 3025 αὐτῶν

2104 3061 2393 3132 ὠφέλειαν,
2431 3064 2525 3117 ἐπὶ
2565 3064 2662 3136 τὴν
2702 3063 2974 3136 βάρϐαρον
3008 3064 3316 3117 ἐστέλλοντο
3353 3064 3477 3134 γῆν,
3506 3066 3688 3134 ἐμπο-

2110 3152 2231 3224 ρίαν
2273 3152 2611 3225 μαθημάτων
2643 3152 2841 3221 έξωθέν
2876 3153 3043 3207 ποθεν
3076 3152 3465 3225 ὲρανιζόμενοι,
3504 3153 3687 3224 παρὸν

2102 3245 2441 3312 διδασκάλοις
2462 3249 2576 3313 τοῖς
2597 3247 2741 3312 θεοῖς
2770 3246 3033 3320 χρῆσθαι;
3063 3247 3213 3301 Θεῶν
3244 3245 3360 3318 γάρ
3386 3245 3420 3317 ἢ
3445 3245 3540 3299 καὶ
3558 3245 3685 3299 δαι-

2107 3340 2282 3411 μόνων
2304 3341 2523 3410 ἀγαθῶν
2554 3340 3017 3414 χρηματιζόντων,
3046 3341 3140 3394 καὶ
3171 3339 3301 3393 τοτὲ
3337 3338 3434 3409 μὲν
3458 3336 3545 3390 διὰ
3578 3337 3689 3408 τῆς

2103 3434 2462 3509 προγνώσεως
2499 3435 2593 3489 καὶ
2630 3434 2732 3505 τῆς
2778 3433 2943 3505 ἄλλης
2979 3430 3430 3504 παραδοξοποιίας
3464 3429 3565 3502 τὴν
3598 3430 3687 3484 oi-

2102 3531 2255 3585 κείαν
2289 3529 2515 3599 δύναμιν
2553 3525 3024 3597 παραφαινὸντων,
3059 3523 3180 3577 τοτὲ
3204 3524 3260 3577 δὲ
3278 3522 3367 3577 διά
3384 3524 3498 3594 ’τῆς
3520 3524 3685 3580 ἀδια-

2102 3620 2313 3676 πτὼτου
2344 3619 2453 3673 τῶν
2491 3618 2827 3691 μαθημάτων
2866 3615 3122 3689 ἀληθείας
3151 3615 3249 3686 τὴν
3273 3613 3443 3685 ἀληθῆ
3481 3616 3684 3684 σοφίαν

2101 3711 2543 3772 ἐκδιδασκόντων,
2578 3708 2632 3761 τί
2663 3709 2779 3761 ποτ’
2807 3703 2877 3780 ἦν
2908 3709 3015 3781 ἄρα
3039 3707 3103 3761 τὸ
3143 3705 3216 3778 μὴ
3246 3705 3454 3769 τούτοις
3493 3704 3684 3778 μαθη-

2099 3803 2356 3874 τευθῆναι
2393 3801 2697 3872 φιλοσόφων
2729 3800 2942 3864 παῖδας,
2977 3798 3151 3855 ἄλλων
3186 3798 3244 3852 δὲ
3284 3797 3377 3851 ἀπ’
3398 3796 3560 3852 ἄλλου
3586 3797 3683 3852 δο-

2100 3894 2325 3966 γμάτων
2356 3893 2516 3953 τινῶν
2542 3891 2781 3956 ἐπινοίας
2804 3890 3194 3964 ποριζομένων,
3229 3894 3292 3945 ὲκ
3324 3890 3424 3961 τῆς
3458 3891 3686 3963 μακρᾶς

2102 3985 2396 4056 διαφωνίας
2441 3984 2691 4049 ποικίλας
2735 3984 2976 4054 αἱρέσεις
3022 3982 3323 4052 φιλοσόφων
3372 3981 3635 4052 συστῆναι
3659 3998 3685 4048 ;

2115 4075 2253 4130 Ἀλλ’
2298 4078 2348 4130 εί
2388 4075 2463 4148 μὴ
2506 4079 2790 4148 προσεῖχον
2815 4075 3000 4141 αὐτοῖς
3029 4075 3080 4126 οί
3109 4072 3294 4127 πολλοὶ
3324 4074 3432 4127 τῶν
3468 4072 3689 4145 ἀνθρώ-

2104 4186 2240 4234 πων,
2269 4169 2397 4232 τοὺς
2420 4167 2665 4232 εὐσεϐεῖς
2695 4162 2850 4221 δὀὖν
2875 4167 2971 4220 καὶ⁸
3013 4165 3153 4230 θεοῖς
3183 4165 3504 4238 προσιόντας
3535 4166 3689 4238 χρῆν

2101 4260 2275 4333 δήπου
2307 4259 2369 4312 τὸ
2399 4257 2733 4314 ἀδιάπτωτον
2769 4260 2835 4312 ὲκ
2862 4258 2962 4330 τῆς
2987 4257 3094 4312 τῶν
3117 4256 3252 4311 θεῶν
3278 4256 3546 4325 ὠφελείας
3576 4273 3686 4310 πε-

2104 4351 2379 4424 πορίσθαι.
2417 4349 2575 4413 Τίνες
2610 4344 2702 4403 οὖν
2733 4342 2914 4414 οὖτοις
2957 4346 3052 4411 οὓς
3076 4347 3185 4419 γάρ
3208 4346 3274 4401 ἂν
3304 4349 3430 4418 φῇς,
3452 4345 3691 4411 τούτους

429 4453 539 4509 quc
581 4453 695 4495 non
733 4440 888 4506 deos,
939 4441 1033 4499 sed
1064 4456 1263 4513 pravos
1290 4456 1356 4496 ac
1393 4442 1701 4502 sceleratos.
1728 4442 2003 4500 daemones

2107 4442 2463 4515 ἀπελέγχουσι
2506 4440 2891 4512 πλανωμένους
2928 4441 2981 4493 oi
3031 4439 3478 4506 ἀπιδοξάζοντες.
3516 4436 3691 4492 Ἀλλά

430 4529 603 4587 fuisse
623 4531 992 4589 demonstrem
1009 4535 1041 4599 ί,
1057 4534 1259 4606 quippe
1275 4535 1370 4607 qui
1391 4534 1829 4595 infelicissimum
1859 4553 2006 4592 mor-

428 4620 621 4679 talium
653 4636 849 4695 genus,
882 4622 939 4679 in
965 4624 1336 4689 absurditates
1375 4626 1444 4682 ab
1469 4628 1619 4683 omni
1656 4633 1850 4685 natura
1874 4628 2007 4684 alie-

429 4726 545 4777 nas.
561 4713 896 4787 conjecerint
922 4735 936 4772 :
958 4717 1175 4788 quando
1206 4733 1276 4777 ne
1306 4716 1391 4777 dii
1408 4718 1626 4790 quidem
1656 4719 1734 4784 illi
1757 4726 1812 4775 et
1831 4725 2006 4783 vates,

429 4806 522 4876 qui
555 4805 701 4878 apud
729 4805 951 4865 Graecos
985 4807 1123 4864 fama
1173 4810 1555 4880 celebrantur,
1573 4821 1635 4867 ut
1662 4812 2006 4875 conducibile

427 4899 724 4971 quidquam
754 4910 809 4956 et
834 4918 936 4959 suo
966 4901 1137 4974 pretio
1157 4902 1564 4979 aestimandum,
1587 4906 1658 4961 ad
1677 4907 1873 4963 animm
1898 4906 2017 4962 uti-v.

429 4992 638 5055 litatem
674 4992 744 5049 iis
790 4993 1139 5058 tradiderint,
1169 4995 1265 5065 qui
1294 4996 1364 5055 ad
1406 4997 1629 5052 oracula
1657 4997 2005 5066 accederent,

428 5083 796 5169 demonstrari
826 5087 1078 5158 possint?
1104 5086 1220 5150 Cur,
1249 5088 1396 5145 enim
1424 5105 1662 5160 unquam
1701 5089 1878 5151 Graeci
1904 5091 2005 5147 hos-

428 5178 628 5244 mines,
655 5178 846 5239 relicto
868 5179 1088 5235 illorum
1132 5196 1262 5247 usu,
1298 5181 1586 5247 barbaram
1618 5191 1822 5239 terram
1853 5190 2004 5254 pete-

424 5288 485 5329 re
522 5271 675 5329 soliti
719 5278 886 5339 sunt,
936 5278 997 5328 ut
1039 5280 1405 5329 mercatorum
1444 5274 1651 5340 instar,
1685 5276 2009 5347 disciplinas

426 5363 777 5423 extrinsecus
813 5364 1034 5424 aliunde
1062 5352 1469 5437 conquirerent,
1504 5381 1627 5422 cum
1664 5368 1719 5431 in
1756 5370 2013 5438 proximo.

425 5466 619 5511 essent
671 5455 748 5513 dii
795 5458 998 5530 quibus
1038 5458 1320 5531 magistris
1375 5461 1705 5520 uterentur?
1757 5458 1815 5514 Si
1836 5461 2006 5516 aenim

423 5548 495 5603 dii
558 5557 653 5604 aut
699 5552 861 5611 etiam
932 5552 1062 5609 boni
1120 5553 1397 5611 daamones
1453 5553 1866 5626 respondissent
1894 5593 1917 5619 ,,
1954 5561 2008 5608 et

424 5640 568 5697 alias
583 5641 803 5710 quidem
829 5642 1258 5702 divinationibus
1281 5647 1513 5716 aliisque
1535 5646 1814 5705 miraculis
1828 5654 2008 5706 osten-

501 5737 577 5809 (ί)
625 5735 784 5793 Οὐδ’.
825 5735 985 5793 Forte
1018 5740 1140 5792 οὐκ.
1170 5739 1330 5796 Enn.

2107 4536 2237 4608 γὰρ,
2262 4535 2339 4600 ῶς
2371 4534 2536 4599 ἔοικε,
2565 4533 2835 4604 δαιμόνων
2861 4529 2936 4605 ἦν
2967 4531 3214 4604 μαντεία,
3251 4532 3411 4604 μέχρι
3442 4530 3689 4585 κλέπτου

2110 4629 2319 4703 φωρᾶς,
2347 4627 2382 4699 ἦ
2428 4626 2655 4691 σκεύους
2677 4624 2971 4690 ἀπωλείας,
3022 4626 3056 4697 η
3079 4642 3226 4689 τινος
3249 4623 3406 4679 ἄλλου
3436 4622 3690 4677 τοιούτου

2107 4719 2395 4791 φθάνοντα,
2416 4713 2498 4773 ὧν.
2521 4719 2626 4773 ούκ
2653 4718 2878 4782 ἀπεικὸς
2906 4713 2975 4790 ἦν
2994 4717 3210 4783 αὐτοὺς,
3241 4717 3300 4769 ὲν
3328 4715 3407 4788 τῷ
3431 4715 3560 4785 περὶ
3574 4715 3689 4786 γῆν

2107 4811 2231 4884 ἀέρι
2260 4810 2361 4875 τάς
2389 4808 2671 4883 διατριϐάς
2695 4807 3072 4881 ποιουμένους,
3103 4808 3204 4881 τὴν
3223 4807 3426 4879 εἴδησιν
3444 4805 3690 4877 ἐσχηκέ-

2106 4922 2227 4963 .vat'
2267 4901 2519 4959 καλοῦ.δὲ
2567 4904 2662 4957 καὶ
2707 4901 2873 4973 σοφοῦ
2915 4900 3140 4973 μηδενὸς
3191 4898 3491 4971 ἐπηϐόλους
3537 4895 3691 4952 εἶναι

2105 4997 2371 5069 δόγματος
2417 4995 2725 5067 φιλοσόφου,
2784 4995 2859 5066 μὴ
2888 4992 3179 5059 πολιτείας,
3225 4992 3299 5064 μὴ
3333 4991 3495 5062 νόμου
3532 4988 3695 5061 ὀρθῷ

2106 5089 2249 5161 λόγῳ
2267 5089 2518 5161 κειμένου
2536 5106 2550 5120 ο
2577 5086 2774 5159 μᾶλλον
2798 5086 2879 5152 δὲ,
2899 5087 2948 5138 εί
2974 5085 3078 5158 χρὴ
3106 5083 3364 5156 ἐλευθέρᾳ
3396 5084 3545 5153 φωνῇ
3576 5083 3687 5136 τά-

2106 5183 2267 5256 ληθὲς
2300 5183 2495 5247 εἰπεῖν,
2529 5181 2748 5244 τούτους
2779 5180 3024 5261 ἅπαντας
3045 5177 3387 5253 ἀρχεκάκους
3422 5175 3677 5249 ἡγεῖσθαι

2106 5277 2242 5348 χρῆν
2262 5274 2541 5345 γεγονέναι
2558 5290 2572 5303 ’
2595 5275 2649 5331 oi
2676 5272 2741 5346 δὴ
2771 5271 2898 5343 περὶ
2920 5270 3069 5342 σφῶν
3095 5269 3293 5335 αὐτῶν,
3319 5269 3563 5340 μοιχείας
3584 5268 3689 5322 καὶ

2107 5364 2507 5441 ἀῤῥενομιξίας,
2563 5362 2943 5436 μητρογαμίας
2991 5377 3073 5424 τε,
3117 5358 3212 5413 καὶ
3251 5357 3492 5427 ἀδελφῶν
3523 5354 3691 5415 ἐκθέ-

2109 5478 2279 5536 σμους
2307 5458 2608 5530 κοινωνίας,
2633 5456 2728 5514 καὶ
2753 5453 2950 5526 μυρίας
2965 5452 3128 5517 ἄλλας
3154 5451 3466 5523 θεομαχίας,
3484 5448 3699 5521 ἔχθρας

2106 5573 2167 5609 τε
2222 5556 2315 5609 καὶ
2369 5552 2635 5624 πτολέμους
2690 5548 2827 5603 θεῶν
2876 5546 3013 5621 πρὸς
3062 5545 3236 5611 θεοὺς,
3279 5541 3582 5613 ἀνθρώπων
3625 5559 3693 5595 τε

2108 5646 2272 5720 ᾠδαῖς
2322 5647 2415 5701 καὶ
2464 5644 2653 5719 ὕμνοις
2694 5643 2787 5713 καὶ
2829 5641 3144 5715 διηγήμασι,
3182 5635 3494 5711 μυστηρίων
3528 5651 3607 5701 τεζ
3628 5634 3699 5717 ἔτι
