3930 6202
261 311 364 366 541

1130 304 1777 364 ΒΕΜΟΝΞΤΚᾹΤΙΟΜΞ
1816 296 2265 358 ΕΥΑΝΟΕῙᾸΟΔΕ
2306 302 2431 358 LIB.
2469 302 2535 361 V.

3372 308 3477 363 349.

253 431 586 500 ἀπορρήτοις
641 430 877 494 τελεταῖς
928 431 1185 500 λεγόντων
1239 430 1591 501 ἀκροώμενοι.
1637 429 1804 490 Οὐδεὶς

1922 409 2131 482 disserit
2171 427 2277 480 vim
2315 442 2499 493 suam,
2541 423 2676 480 alias
2709 440 2839 480 vero
2863 440 2929 481 ex
2963 427 3235 482 constanti
3285 434 3338 481 et
3383 444 3481 483 ne-

250 521 385 589 γοῦν
420 520 594 573 αὐτῶν
622 522 837 574 πώποτε
863 524 952 574 ἐπὶ
978 524 1088 584 τοῖς
1118 522 1443 593 εἰρημένοις,
1476 520 1550 582 ὡς
1576 520 1660 571 ἐπ’
1690 521 1816 572 ἁκο-

250 613 490 675 λάστοις,
544 614 635 665 καὶ
690 614 822 683 μηδὲ
871 612 1138 685 σώφροσιν
1186 611 1488 683 ἀνθρώποις
1520 610 1813 681 ἅρμόζουσι

252 704 470 774 φρονεῖν
504 703 535 772 ἢ
569 702 743 770 λέγειν
776 703 842 754 τὰ
867 703 1105 767 τοιαῦτα,
1140 703 1521 771 ἀγανακτήσας
1549 702 1809 770 φαίνεται.

250 798 360 849 Καὶ
394 797 445 847 τί
474 812 538 865 με
570 796 673 866 χρὴ
701 796 1073 859 διατείνεσθαι,
1108 797 1278 867 παρὸν
1304 795 1361 859 ἐξ
1389 795 1506 858 ἑνὸς
1538 794 1631 847 τοῦ
1663 795 1816 864 μεγί-

253 904 379 938 στου
410 887 841 955 παραδείγματος
884 888 944 939 τὸ
992 889 1134 956 ὠμὸν
1172 888 1263 940 καὶ
1298 886 1675 957 ἀπάνθρωπον,
1721 885 1813 938 καὶ

248 977 324 1038 ὡς
347 977 561 1047 ἀληθῶς
593 977 911 1048 μιαρὸν-τῶν
944 978 1280 1049 δηλουμένων
1309 981 1563 1049 συνορᾷν;
1590 978 1730 1045 λέγω
1754 976 1811 1029 δὲ

246 1069 311 1118 ἐκ
366 1068 463 1136 τῆς
504 1067 962 1138 ἀνθρωποθυσίας.
1020 1070 1090 1121 Τὸ
1142 1068 1248 1140 γὰρ
1292 1069 1364 1140 μὴ
1414 1070 1568 1140 μόνον
1605 1069 1809 1137 ἀλόγων

245 1158 403 1222 ζώων
462 1162 695 1225 σφαγαῖς
749 1160 975 1230 χαίρειν,
1030 1159 1163 1213 ἀλλά
1213 1162 1305 1213 καὶ
1365 1161 1661 1234 ἀνθρώπων
1707 1162 1811 1213 ἀπ-

243 1250 484 1313 ωλείαις,
500 1250 651 1312 ποίας
664 1250 939 1321 ὠμότητος
955 1251 1253 1323 ὑπερϐολὴν
1277 1253 1372 1322 οὐχ
1388 1253 1488 1303 ὑπε
1497 1253 1805 1323 ρηκόντισε;

242 1343 417 1395 ταῦτα
462 1342 570 1413 γὰρ
610 1340 697 1414 ἦν,
728 1343 800 1405 ὡς
832 1343 985 1414 ἔφην,
1010 1344 1076 1397 τά
1110 1344 1196 1397 διὰ
1230 1346 1327 1415 τῆς
1354 1345 1807 1415 προπαρασκευῆς

242 1434 305 1499 ἐξ
328 1432 499 1486 αὐτῶν
530 1432 638 1484 τῶν
678 1431 996 1501 Ἑλληνικῶν
1026 1431 1320 1499 φιλοσόφων
1353 1449 1409 1483 τε
1441 1432 1533 1484 καὶ
1568 1447 1806 1499 συγγρα-

243 1520 395 1587 φέων
436 1520 891 1590 μεμαρτυρημένα
913 1538 924 1549 ο
962 1517 1020 1583 ἐξ
1054 1512 1126 1573 ὧν
1164 1522 1256 1572 καὶ
1296 1521 1525 1591 μάλιστα
1558 1521 1807 1590 δαίμονες

239 1613 401 1676 ὄντες
426 1615 643 1684 πονηροὶ
692 1613 1040 1676 πολυπλόκοις
1084 1616 1364 1685 μηχαναῖς,
1403 1614 1521 1666 τοτὲ
1560 1614 1653 1682 μὲν
1686 1618 1806 1677 ταῖς

237 1704 334 1757 διὰ
368 1705 651 1774 μαντειῶν,
686 1706 806 1758 τοτὲ
831 1708 886 1758 δὲ
911 1709 1030 1769 ταῖς
1054 1706 1117 1759 δι’
1138 1706 1338 1759 οἰωνῶν
1369 1707 1401 1777 ἢ
1440 1707 1739 1776 συμϐόλων,
1769 1707 1801 1777 ἢ

1922 522 2154 576 eessaria
2200 520 2608 589 disciplinarum
2639 517 2884 577 veritate,
2937 533 3119 573 veram
3164 518 3476 574 docuissent

1922 612 2274 680 sapientiam,
2323 610 2452 680 quid
2501 607 2715 662 tandem
2762 609 3143 678 impedimento
3186 609 3375 664 fuisset
3412 627 3476 663 ne

1920 704 1987 757 ab
2033 704 2140 758 illis
2181 702 2625 773 philosophorum
2670 699 2762 754 ﬁlii
2809 700 3255 763 institueremur,
3301 708 3359 754 ut
3400 702 3474 755 ita

1920 795 2027 848 illis
2074 794 2369 857 institutis,
2416 807 2681 862 nusquam
2720 791 2837 845 alia:
2884 792 2951 844 ab
2990 792 3109 847 aliis
3150 792 3433 861 opiniones
3458 832 3471 855 ,

1919 886 2035 938 aliae
2084 886 2395 942 sententiae.
2443 884 2547 937 aiia
2600 881 2817 937 decreta
2877 881 3257 945 traderentur,
3302 897 3477 951 neque

1917 991 2043 1030 vero
2082 992 2149 1030 ex
2205 977 2362 1045 longa
2412 974 2759 1037 diversitate,
2812 973 2975 1025 varia:
3030 973 3474 1043 philosophorum

1917 1078 2080 1122 secta:
2125 1067 2517 1121 nascerentur?
2563 1066 2716 1131 Quod
2772 1064 2817 1118 si
2862 1064 2983 1118 illos
3032 1065 3308 1133 popularis
3361 1073 3477 1119 tur-

1916 1159 1983 1213 ba
2027 1174 2133 1212 non
2174 1158 2523 1219 attendebat,
2579 1164 2631 1210 at
2690 1156 2882 1210 saltem
2944 1156 3049 1225 piis
3106 1157 3477 1227 religiosisque

1916 1245 2244 1310 hominibus,
2278 1246 2370 1314 qui
2396 1245 2515 1299 illos
2538 1244 2906 1307 consulerent,
2930 1251 3268 1298 constantem
3292 1260 3478 1314 quam-

1914 1339 2038 1392 dam
2067 1338 2366 1391 doctrinam
2386 1379 2399 1403 ,
2432 1336 2692 1391 beneficio
2722 1336 2935 1388 illorum
2971 1336 3301 1405 suppeditari
3323 1353 3479 1406 opor-

1914 1429 2075 1483 tehat.
2109 1430 2269 1500 206
2298 1427 2399 1483 Sed
2429 1430 2520 1499 qui
2554 1437 2681 1483 sunt
2701 1427 2752 1478 hi
2779 1422 3032 1480 tandem?
3056 1441 3177 1481 nam
3204 1443 3479 1497 quoscun-

1911 1536 2016 1591 que
2044 1521 2251 1575 dixeris
2289 1522 2446 1586 tales,
2481 1536 2575 1575 eos
2612 1529 2670 1575 ut
2703 1530 2950 1576 errantes
2988 1522 3321 1591 redarguunt
3349 1521 3475 1590 qui-

1911 1628 2124 1682 cunque
2155 1613 2376 1667 diversa
2402 1622 2495 1667 aut
2525 1613 2797 1667 contraria
2829 1613 3088 1668 sentiunt.
3123 1612 3386 1668 Caeterum
3417 1621 3476 1668 ut

1910 1720 2009 1774 par
2056 1711 2159 1768 est,
2207 1704 2509 1759 daemonum
2553 1712 2709 1759 erant
2757 1705 3009 1771 oracula,
3044 1720 3162 1775 quas
3192 1721 3365 1776 usque
3406 1705 3475 1760 ad

241 1795 521 1865 θυμάτων,
556 1796 589 1866 ἢ
638 1797 744 1849 τῶν
798 1797 1212 1867 παραπλησίων,
1240 1798 1301 1849 τὸ
1331 1796 1661 1867 ἀνθρώπειον
1694 1798 1804 1853 δια-

1910 1796 2047 1850 furis
2105 1795 2565 1863 compilationem,
2626 1807 2719 1851 aut
2765 1797 3113 1866 supellectilis
3168 1796 3470 1862 interitum,

243 1889 565 1959 στρέφοντες
591 1889 743 1956 γένος
773 1890 1090 1943 δείκνυνται.
1126 1891 1320 1961 Διόπερ
1352 1890 1685 1958 ἀποφαντέον
1720 1890 1807 1943 αὐ-

237 1979 349 2032 τῶν
384 1978 453 2031 τά
491 1981 793 2049 χρηστήρια
853 1980 926 2049 μὴ
970 1978 1063 2031 τοῦ
1117 1980 1206 2031 ἐπὶ
1254 1979 1468 2031 πάντων
1525 1979 1804 2046 γεγονέναι

238 2069 396 2123 Θεοῦ.
464 2070 667 2123 Οὐκοῦν
726 2070 849 2124 οὐδὲ
894 2071 1198 2141 συγκρίνειν
1233 2069 1371 2123 αὑτά
1396 2073 1506 2133 τοῖς
1543 2070 1803 2141 Ἐϐραίων

237 2163 546 2231 προφήταις
578 2161 789 2232 θεμιτὸν
836 2162 1040 2232 ἂνεῖη,
1068 2157 1140 2214 ὧν
1172 2165 1200 2215 ό
1241 2162 1450 2233 πρῶτος
1486 2162 1804 2232 ἱεροφάντης

235 2254 331 2305 καὶ
362 2254 606 2321 θεολόγος
638 2254 872 2322 γεγονὼς
904 2256 1123 2325 Μωσῆς,
1166 2254 1262 2307 θέα
1304 2255 1441 2307 ὂσων
1476 2252 1694 2322 ἀγαθῶν
1723 2253 1800 2325 τῷ

233 2344 337 2418 βίῳ
371 2345 654 2415 παραίτιος
680 2346 935 2414 κατέστη.

1909 1896 2002 1940 aut
2043 1886 2189 1939 aliud
2221 1887 2496 1955 quidpiam
2526 1888 2766 1957 ejusdem
2797 1889 3011 1959 generis
3041 1889 3148 1941 vim
3182 1905 3332 1943 suam
3358 1904 3478 1958 por-

1908 1979 2165 2047 rigerent,
2198 1994 2428 2047 quarum
2457 1995 2588 2034 sane
2627 1995 2809 2035 rerum
2846 1980 2987 2034 haud
3033 1981 3351 2036 incredibile
3393 1991 3477 2037 est

1907 2070 2050 2130 illos,
2090 2078 2273 2139 utpote
2306 2071 2397 2139 qui
2450 2072 2505 2124 in
2540 2072 2640 2125 hoc
2667 2088 2790 2127 aere
2819 2072 2909 2140 qui
2945 2080 3141 2127 terram
3169 2076 3356 2137 ambit,
3382 2090 3476 2128 va-

1908 2161 2022 2230 gari
2057 2162 2458 2227 consueverint,
2489 2163 2743 2217 habuisse
2777 2166 3087 2230 scientiam;
3116 2166 3357 2220 honestae
3379 2181 3477 2220 au-

1905 2261 2011 2307 tem
2043 2263 2237 2308 etcum
2277 2254 2540 2323 sapientia
2577 2255 2881 2323 conjunctae
2904 2256 3002 2317 rei,
3032 2257 3145 2311 sive
3197 2260 3477 2312 sententiae

1905 2351 2065 2414 atque
2107 2346 2240 2399 artis
2291 2345 2601 2400 inventores
2638 2346 2826 2409 fuisse,
2876 2362 3152 2416 nunquam
3187 2348 3471 2414 ostendes;

232 2458 342 2498 non
379 2443 710 2510 reipublicae,
745 2458 852 2495 non
896 2442 1027 2505 legis
1060 2450 1260 2495 arecta
1321 2440 1526 2493 ratione
1589 2438 1862 2509 profectae,
1897 2456 2005 2493 non
2065 2439 2298 2493 instituti
2354 2440 2656 2509 cujuspiam
2710 2441 2997 2496 laudabilis
3036 2484 3049 2507 ,
3110 2442 3216 2495 imo
3247 2457 3372 2496 vero
3427 2443 3472 2496 si

231 2536 518 2604 aliquanto
575 2534 798 2593 liberius
855 2534 1034 2587 dicere
1078 2540 1331 2602 oportet,
1385 2532 1506 2585 illos
1557 2532 1797 2585 omnium
1838 2532 2102 2585 malorum
2149 2541 2397 2587 auctores
2442 2541 2494 2587 et
2556 2534 2830 2601 principes
2893 2533 3163 2587 exstitisse
3204 2534 3472 2587 allirmare

230 2644 462 2685 necesse
521 2636 603 2683 est
672 2647 685 2681 :
746 2628 840 2696 qui
875 2626 939 2680 de
982 2627 1177 2695 seipsis
1221 2625 1521 2688 adulteria,
1561 2632 1614 2679 et
1652 2624 1954 2693 impudicos
2015 2627 2247 2679 marium
2301 2627 2544 2690 abusus,
2595 2634 2647 2679 et
2699 2642 2822 2680 cum
2871 2627 3136 2681 matribus
3212 2636 3263 2680 et
3318 2643 3471 2681 soro-

230 2726 388 2779 ribus
435 2723 687 2793 nuptias,
742 2720 1173 2790 concubitusque
1213 2718 1488 2785 nefarios,
1552 2724 1606 2772 et
1669 2718 1772 2771 alia
1824 2717 2237 2773 innumerabilia
2270 2736 2389 2790 quae
2422 2720 2647 2774 deorum
2688 2728 2896 2774 natura:
2949 2720 3323 2783 adversantur,
3362 2721 3469 2775 ini-

231 2816 583 2885 micitiasque
612 2822 664 2869 et
687 2814 821 2869 bella
843 2812 1065 2866 deorum
1117 2810 1378 2865 adversus
1414 2810 1565 2873 deos,
1601 2809 1656 2862 in
1707 2809 1946 2878 ipsorum
2005 2808 2283 2865 hominum
2344 2812 2573 2866 canticis
2627 2819 2789 2880 atque
2821 2812 3034 2883 hymnis
3064 2820 3118 2866 et
3154 2813 3471 2867 uarrationi'

230 2916 335 2970 bus
361 2921 418 2969 et
448 2928 731 2969 sacrorum
764 2911 979 2966 arcanis
1010 2910 1227 2973 ritibus,
1264 2908 1392 2963 ferri
1437 2924 1545 2963 non
1573 2914 1908 2968 recusarent,
1948 2921 2011 2960 ac
2051 2909 2233 2977 potius
2264 2910 2620 2964 libentissime
2663 2909 2931 2963 audirent.
2984 2908 3145 2964 Certe
3193 2924 3466 2978 nunquam

227 3024 421 3064 eorum
464 3010 752 3079 quisquam
804 3022 863 3061 se
914 3012 1102 3060 contra
1150 3005 1396 3058 homines
1443 3002 1810 3073 indignatione
1838 3011 2147 3071 correptum
2182 3003 2442 3064 ostendit,
2476 3003 2619 3073 quod
2653 3004 2836 3071 qualia
2880 3003 3022 3057 dicta
3055 3016 3082 3054 a
3117 3002 3274 3057 nobis
3321 3010 3469 3067 sunt,

228 3105 365 3158 talia
403 3104 534 3172 ipsis
563 3111 654 3155 aut
691 3102 997 3172 cogitando,
1058 3109 1151 3155 aut
1196 3100 1426 3153 dicendo
1456 3099 1612 3169 quasi
1672 3097 1914 3167 nequitia
1966 3098 2146 3165 plena,
2207 3116 2383 3170 neque
2446 3101 2555 3153 ulla
2594 3098 2858 3153 modestia
2901 3096 3098 3152 referta
3144 3098 3468 3153 tribuerunt.

228 3196 303 3252 Et
338 3198 467 3267 quid
504 3214 584 3252 me
612 3204 824 3267 Oportet
853 3196 1099 3250 oratione
1132 3196 1381 3265 progredi
1406 3194 1656 3265 longius?
1710 3208 1833 3246 cum
1869 3191 2025 3261 plane
2077 3193 2143 3247 de
2176 3211 2284 3248 uno
2317 3195 2559 3249 omnium
2596 3194 2965 3263 exemplorum
3024 3192 3281 3256 maximo,
3312 3193 3467 3248 liccat

228 3296 290 3345 et
329 3288 699 3341 crudelitatem
738 3295 793 3341 et
819 3285 1209 3342 immanitatem
1253 3292 1307 3339 et
1346 3291 1545 3337 tetrum
1609 3299 1669 3337 re
1724 3301 1857 3339 vera
1886 3286 2191 3341 institutum
2244 3285 2460 3338 illorum
2504 3285 2734 3338 intueri?
2768 3284 2888 3339 dico
2920 3290 3098 3337 autem
3125 3282 3192 3337 de
3225 3294 3473 3335 mactan-

228 3383 433 3436 dorum
462 3381 734 3434 hominum
797 3382 924 3435 ritu.
975 3378 1128 3445 Quod
1186 3379 1328 3434 enim
1382 3394 1490 3432 non
1543 3378 1715 3433 solum
1774 3381 2056 3434 brutorum
2114 3380 2430 3433 animalium
2504 3378 2786 3432 sacriﬁciis
2854 3378 3190 3448 gauderent,
3277 3391 3465 3431 verum

226 3475 397 3528 etiam
433 3474 709 3528 hominum
760 3476 999 3544 ipsorum
1052 3474 1291 3535 interitu,
1327 3472 1483 3541 cujus
1540 3473 1757 3526 tandem
1816 3474 2154 3529 crudelitatis
2214 3487 2496 3527 excessum
2558 3486 2665 3525 non
2715 3471 3104 3542 superaverit?
3158 3468 3282 3523 Ilaec
3327 3469 3472 3523 enim

226 3574 412 3631 crant,
448 3573 508 3619 ut
543 3567 676 3630 dixi,
711 3582 830 3635 qua:
870 3567 925 3619 in
976 3566 1366 3635 praeparatione
1427 3573 1479 3619 et
1522 3565 1918 3635 philosophiet
1974 3562 2217 3620 historici
2276 3564 2415 3634 apud
2451 3562 2666 3617 Graecos
2702 3565 2975 3617 memoriae
3008 3563 3340 3634 prodiderint
3367 3576 3380 3616 :
3406 3576 3471 3618 ex

227 3662 435 3732 quibus
474 3665 706 3718 maxime
753 3678 913 3731 quam
970 3662 1260 3731 perniciosi
1318 3661 1426 3715 sint
1486 3661 1794 3725 daemones,
1836 3677 2106 3731 quamque
2157 3659 2546 3729 multiplicibus
2591 3659 2875 3721 machinis,
2932 3660 3091 3713 modo
3111 3660 3323 3728 quidem
3350 3673 3473 3711 ora-

229 3758 439 3821 culum,
479 3757 638 3811 modo
672 3773 798 3812 vero
822 3758 1211 3828 auspiciorum,
1245 3766 1336 3810 aut
1371 3759 1668 3828 signorum,
1706 3765 1797 3811 aut
1832 3759 2167 3821 hostiarum,
2209 3766 2301 3810 aut
2333 3757 2561 3810 aliorum
2606 3754 2882 3819 similium,
2929 3755 3208 3809 hominum
3254 3770 3472 3824 perver-

230 3859 352 3905 tant
418 3859 583 3922 atque
642 3853 917 3923 implicent
978 3870 1189 3923 genus,
1266 3854 1797 3908 demonstrabantur.
1840 3853 2018 3920 Quare
2068 3853 2478 3914 allirmandum,
2529 3844 2742 3905 illorum
2801 3850 3077 3903 oraculum
3131 3865 3470 3919 nequaquam

229 3957 547 4014 supremum
581 3945 746 4001 Deum
778 3956 1051 4001 auctorem
1081 3947 1358 4003 habuisse.
1394 3946 1578 4018 Neque
1631 3949 1795 4019 igitur
1829 3949 1918 4002 illa
1981 3949 2258 4019 prophetis
2316 3945 2662 4001 Hebraeorum
2727 3958 3043 4014 comparare
3076 3944 3163 4023 fas.
3191 3950 3294 4008 est,
3335 3959 3471 4014 quo-

230 4054 356 4093 rum
402 4042 613 4111 primus
662 4042 905 4107 initiator
948 4057 1010 4097 ac
1049 4042 1334 4113 theologus
1388 4045 1596 4098 exstitit
1662 4044 1859 4104 Moses.
1897 4044 2000 4109 Qui
2060 4043 2275 4113 quidem
2327 4048 2656 4111 quantorum
2706 4038 3053 4108 qualiumqne
3099 4038 3362 4092 bonorum
3417 4038 3471 4091 in

231 4137 343 4190 vita
373 4144 561 4191 auctor
584 4135 765 4202 fuerit,
785 4138 896 4207 jam
924 4137 1050 4191 hinc
1073 4136 1229 4192 facile
1251 4138 1603 4207 contemplari
1633 4148 1807 4209 potes.

303 4246 527 4319 Πρῶτον
544 4252 640 4320 μὲν
659 4252 939 4321 δογμάτων
954 4252 1319 4320 εὐαγγελικῶν
1337 4254 1428 4307 καὶ
1444 4254 1656 4325 ἀληθῶν
1674 4257 1799 4327 περί

1972 4254 2129 4324 207
2144 4253 2384 4309 Primum
2404 4253 2723 4319 sententias,
2738 4251 3126 4323 opinionesque
3138 4250 3471 4320 evangelicas

230 4339 327 4393 τοῦ
356 4341 578 4411 ποιητοῦ
607 4344 699 4395 καὶ
718 4342 1046 4414 δημιουργοῦ
1074 4344 1180 4397 τῶν
1209 4345 1461 4407 ἁπάντων
1491 4346 1647 4409 Θεοῦ,
1672 4347 1796 4418 περί

229 4448 288 4484 τε
316 4430 413 4482 τοῦ
439 4431 691 4502 δευτέρου
726 4434 897 4485 αἰτίου
942 4432 1048 4486 τῶν
1103 4437 1218 4510 μετ’
1254 4435 1412 4488 αὑτὸν
1445 4436 1674 4505 λογικῶν
1707 4437 1799 4490 καὶ

229 4540 319 4575 νοε
328 4521 438 4592 ρῶν
461 4522 676 4585 οὐσιῶν,
710 4524 834 4594 περί
868 4541 925 4575 τε
956 4527 1312 4594 κοσμογονίας
1337 4528 1429 4579 καὶ
1455 4527 1801 4597 ἀνθρωπογο-

230 4615 356 4675 νίας
384 4613 599 4684 Γραφὴν
646 4613 794 4684 ἱερὰν
839 4614 1120 4679 ἐξέδωκεν,
1172 4615 1250 4668 ἔτι
1280 4633 1339 4668 τε
1390 4616 1495 4671 τῶν
1536 4615 1799 4668 θεοσεὸῶν

233 4705 475 4775 ἱστορίας
503 4706 608 4759 τῶν
641 4706 805 4759 πάλαι
833 4707 1090 4776 θεοφιλῶν
1131 4706 1415 4778 Ἐϐραίων,
1442 4709 1627 4780 ὥσπερ
1650 4706 1801 4771 τινάς

230 4799 445 4868 ἀρετῶν
494 4798 704 4862 εἰκόνας
769 4789 1292 4869 ὑποτυπωσαμενος,
1340 4803 1418 4863 είς
1478 4798 1637 4869 ζῆλον
1692 4800 1800 4852 τῶν

231 4888 457 4955 ἀγαθῶν
483 4889 687 4959 ἀνδρῶν
714 4890 837 4952 τοὺς
865 4890 1136 4960 ὑπηκόους
1171 4891 1451 4960 ἀνεκίνησε
1472 4907 1484 4919 °
1520 4892 1612 4943 καὶ
1641 4906 1801 4961 νομο-

232 4980 421 5043 θεσίας
474 4981 653 5033 ἐνθέου
688 4981 778 5033 καὶ
823 4981 1155 5051 καταλλήλου
1189 4985 1297 5044 τοῖς
1351 4982 1469 5033 τότε
1502 4981 1801 5051 χρωμένοις

233 5073 413 5141 φωτὸς
461 5074 738 5144 ἀπήρξατο
788 5074 993 5141 λόγων⁸
1038 5077 1128 5128 καὶ
1174 5074 1466 5145 θρησκείας
1517 5072 1801 5136 θεοσεϐοῦς

232 5160 476 5226 πέφηνεν
527 5160 885 5229 είσαγωγεύςσ
931 5164 1023 5215 καὶ
1075 5164 1165 5216 ἐπὶ
1222 5166 1356 5216 πᾶσι
1405 5162 1510 5215 τῶν
1573 5166 1802 5234 μακροῖς

233 5249 462 5320 ὕστερον
501 5252 709 5321 χρόνοις
743 5251 955 5305 ἔσεσθαι
1004 5253 1299 5323 μελλόντων
1341 5254 1438 5315 τὰς
1472 5254 1802 5325 προρρήσεις

232 5344 682 5415 ἀναπεφώνηκεν,
704 5347 777 5409 ὡς
807 5347 997 5419 μικρὸν
1025 5346 1246 5419 ὕστερον
1277 5348 1798 5419 μνημονευθήσεται.

237 5436 348 5489 Καὶ
383 5437 619 5499 τοιοῦτος
657 5438 753 5507 μὲν
800 5431 982 5502 οὗτος·
1017 5439 1154 5491 κατά
1199 5439 1269 5493 τὰ
1325 5440 1466 5493 αὑτά
1512 5442 1569 5494 δὲ
1623 5442 1716 5494 καί¹
1754 5443 1802 5494 οἱ

239 5531 356 5597 μετ’
387 5528 547 5582 αὑτὸν
590 5531 860 5599 προφῆται
920 5531 1191 5602 πάρεργον
1251 5531 1380 5602 μὲν,
1425 5533 1576 5586 εἵπου
1601 5550 1653 5585 τι
1695 5532 1801 5586 τῶν

236 5620 531 5692 ἐφημέρων
566 5620 822 5690 ἐζητεῖτο,
864 5622 1133 5675 καὶτοῦτο
1166 5621 1459 5693 προῦλεγον
1510 5627 1621 5687 τοῖς
1661 5626 1797 5695 ὲρωο

237 5709 401 5762 τῶσιο
450 5712 507 5763 τὸ
556 5710 611 5762 δὲ
645 5709 933 5779 κεφάλαιον
982 5713 1078 5783 τῆς
1125 5714 1459 5784 προφητείας
1487 5714 1666 5777 αὐτοῖς
1710 5714 1799 5767 ἐπὶ

1903 4359 1967 4400 ac
1994 4360 2149 4400 veras
2205 4344 2448 4413 protulit,
2479 4344 2544 4397 de
2575 4342 2816 4409 omnium
2845 4357 3025 4397 rerum
3055 4348 3276 4395 auctore
3309 4348 3471 4408 atque

1901 4436 2093 4507 opifice
2119 4433 2257 4501 Deo;
2300 4442 2415 4487 tum
2439 4435 2506 4489 de
2532 4433 2775 4504 ejusdem
2800 4430 2968 4497 Filio,
3012 4430 3360 4485 rationalium
3390 4429 3474 4482 in-

1903 4528 2371 4598 tel‘ligentiumque
2410 4534 2729 4580 naturarum
2758 4533 3007 4585 auctore,
3028 4538 3213 4578 earum
3243 4522 3429 4591 utique
3456 4561 3471 4585 ,

1901 4637 2020 4691 quae
2051 4630 2173 4691 post
2220 4621 2397 4691 ipsum
2458 4620 2721 4676 exsistere
2772 4618 3186 4688 intelliguntur:
3231 4615 3357 4667 item
3408 4613 3474 4668 de

1902 4713 2088 4766 mundi
2142 4720 2303 4782 atque
2349 4713 2585 4776 hominis
2630 4712 2940 4773 creatione,
2998 4708 3333 4778 Scripturam
3385 4719 3475 4760 sa-

1902 4819 2049 4856 cram
2079 4805 2320 4858 exaravit
2365 4811 2527 4875 atque
2587 4803 2777 4857 edidit.
2811 4800 3079 4855 Przeterea
3125 4812 3248 4853 cum
3301 4796 3475 4849 histo-

1902 4895 2012 4949 rias
2041 4894 2415 4963 religiosorum
2466 4895 2744 4949 hominum
2772 4932 2786 4957 ,
2820 4900 2873 4947 et
2905 4891 2997 4963 qui
3043 4890 3170 4943 olim
3199 4886 3305 4940 Deo
3335 4884 3473 4954 grati

1903 4984 2044 5052 apud
2094 4982 2348 5039 Hebraeos
2391 4983 2661 5047 vixerint,
2701 4982 2857 5052 quasi
2911 4979 3154 5051 qumdam
3214 4974 3474 5028 virtutum

1902 5074 2229 5144 exemplaria
2266 5076 2633 5143 expresserit,
2704 5089 2797 5128 eos
2830 5074 2921 5143 qui
2968 5071 3071 5126 sibi
3119 5065 3345 5122 dictanti
3379 5080 3475 5135 pa-

1902 5174 2118 5229 rerent,
2168 5168 2234 5231 ad
2276 5167 2630 5222 imitationem
2661 5166 2903 5220 virorum
2960 5164 3225 5219 bonorum
3261 5159 3472 5212 excita—

1902 5258 2000 5313 vit.
2038 5256 2165 5328 Legi
2200 5273 2327 5312 vero
2351 5258 2568 5321 divinae,
2598 5265 2759 5328 atque
2806 5256 2873 5310 iis
2902 5254 2991 5325 qui
3028 5261 3065 5305 ta
3098 5272 3160 5305 ne
3193 5256 3475 5304 uterentur

1904 5345 2343 5411 accommodatae,
2377 5349 2584 5417 primus
2613 5344 2877 5399 orationis
2926 5344 3269 5411 Splendorem
3318 5338 3473 5395 adhi-

1903 5437 2019 5489 buit
2045 5437 2523 5507 adorationemque
2556 5436 2861 5505 religiosam
2900 5450 2963 5487 ac
3001 5448 3185 5487 veram
3222 5430 3474 5487 introdu-

1904 5528 2001 5580 xit.
2030 5526 2309 5582 Postremo
2342 5529 2429 5591 iis,
2459 5528 2549 5597 qui
2582 5538 2701 5596 post
2732 5543 2791 5582 se
2825 5525 3011 5581 multis
3045 5524 3259 5579 saeculis
3306 5524 3475 5579 futuri

1910 5630 2085 5685 erant,
2132 5622 2505 5689 praedictiones
2544 5620 2877 5683 enuntiavit,
2915 5619 3056 5675 sicut
3090 5619 3251 5689 paulo
3286 5626 3407 5688 post
3445 5631 3474 5669 a

1910 5716 2067 5772 nobis
2125 5710 2680 5773 commemorabitur:
2720 5723 2772 5773 et
2822 5715 2909 5770 hic
2942 5715 3158 5781 quidem
3202 5714 3347 5769 talis.
3395 5708 3475 5764 Ad
