3866 6202
440 225 546 281 543

1003 228 1274 286 EUSEBII
1304 227 1778 284 CESARIENSIS
1817 227 1966 286 OPP.
2007 231 2208 294 PARS.
2246 229 2310 285 ll.
2351 261 2422 272 —
2452 230 2953 291 APOLOGETICA.

3561 234 3664 291 3M

441 339 690 395 eumdem
715 355 845 396 vero
873 335 1089 395 modum
1113 341 1273 396 etiam
1297 339 1574 412 propheta
1594 343 1685 412 qui
1712 317 1833 417 post
1851 343 1981 396 illun

2107 342 2359 414 μεγάλοις
2414 343 2763 397 συνετελείτο.
2797 343 2872 396 Οὐ
2902 343 3011 414 γάρ
3043 343 3134 396 ἐπὶ
3173 346 3398 416 μαντείᾳ
3434 345 3544 400 τῶν
3572 349 3668 416 ego-.-

437 433 785 489 exstiterunt.
847 433 1112 488 Cancrum
1154 441 1314 488 extra
1359 437 1693 504 propositum
1723 435 2000 492 existime-

435 533 547 592 tur,
575 526 751 580 sicubi
779 539 966 579 eorum
997 525 1274 595 quidpiam
1315 542 1435 596 quae
1459 527 1512 580 in
1534 527 1676 582 diem
1713 529 1880 598 quaeri
1907 544 1999 584 so-

436 613 565 678 lcnt,
604 613 706 681 ipsi
739 611 1147 681 respondissent
1175 613 1607 672 sciscitantibus.
1649 614 1870 681 Summa
1895 634 1996 672 au-

432 713 539 760 tem
576 702 753 757 omnis
780 703 994 758 illorum
1023 707 1322 776 prophetia:
1342 706 1398 760 in
1432 707 1595 763 rebus
1626 710 1837 784 magnis
1866 725 1994 764 con-

432 797 768 851 sumebatur.
800 795 915 852 Non
951 797 1096 854 enim
1129 799 1184 852 in
1211 797 1544 854 divinatione
1568 815 1750 854 rerum
1787 817 1910 870 qua:
1941 802 1996 856 in

430 887 569 941 diem
614 897 707 943 aut
737 890 793 945 in
825 906 1063 959 praesens
1111 899 1324 961 tempus
1365 901 1764 962 quaererentur,
1822 909 1998 962 neque

430 980 612 1049 parvis
642 989 734 1036 aut
769 981 1063 1037 humilibus
1116 984 1347 1053 negotiis
1399 999 1593 1047 suum,
1640 985 1782 1054 quod
1820 1000 1850 1038 a
1887 973 1996 1042 Deo

430 1081 772 1142 acceperant,
813 1090 1030 1138 munus,
1061 1074 1283 1145 dignum
1335 1077 1615 1143 putabant.
1677 1076 1782 1132 Sed
1833 1095 1996 1150 super

427 1165 574 1220 omni
600 1181 796 1236 genere
820 1166 1098 1220 hominum
1147 1166 1317 1220 divini
1367 1167 1422 1222 in
1469 1169 1574 1223 illis
1607 1167 1842 1238 Spiritus
1873 1171 1996 1226 illu-

428 1261 620 1314 stratio
648 1261 836 1330 ingens
864 1260 1107 1328 amplexa
1158 1267 1276 1313 erat
1301 1269 1678 1329 argumentum
1703 1302 1717 1323 .
1764 1279 1870 1317 non
1902 1264 1992 1318 illa

427 1353 643 1421 quidem
674 1359 734 1405 ut
781 1351 848 1405 de
879 1351 1192 1420 aegrotantis
1233 1351 1471 1406 hominis
1504 1367 1732 1422 corpore
1753 1394 1766 1417 ,
1820 1370 1993 1426 neque

426 1445 492 1496 de
524 1443 847 1512 temporaria
873 1441 974 1496 hac
1003 1449 1056 1496 et
1088 1443 1341 1498 omnibus
1367 1443 1572 1498 morbis
1600 1443 1832 1498 obnoxia
1863 1447 1988 1513 vita,

425 1534 815 1588 divinationem
866 1533 1249 1604 profiteretur:
1289 1549 1391 1589 nec
1429 1535 1634 1604 alioqui
1665 1536 1733 1590 de
1763 1536 1995 1606 quibusa

426 1626 547 1679 dam
585 1625 778 1680 mediis
811 1633 975 1694 alque
1024 1625 1477 1687 indiﬂ’erentibus.
1512 1641 1631 1696 qua:
1681 1644 1888 1698 neque,
1942 1629 1987 1695 si

2101 451 2134 504 η
2142 434 2318 504 μέρων
2338 435 2429 487 καὶ
2455 435 2589 506 πρὸς
2607 435 2696 487 τὸν
2729 435 2967 506 παρόντα
2990 436 3175 507 καιρὸν
3202 435 3664 508 ἐπιζητουμένων,

2099 525 2217 576 οὐδέ
2249 542 2311 593 γε
2361 527 2606 596 σμικρῶν
2661 527 2756 579 καὶ
2803 521 3070 584 ταπεινῶν
3115 527 3183 580 τὰ
3232 529 3330 599 τῆς
3377 528 3667 601 θεοφορίας

2097 616 2368 686 ἠξιοῦντοε
2401 619 2514 680 ἀλλ’
2540 619 2632 672 ἐπὶ
2686 619 2779 672 τοῦ
2827 619 3024 686 παντὸς
3074 619 3373 690 ἀνθρώπων
3417 623 3663 696 γένουςὴ

2097 706 2189 759 τοῦ
2216 706 2358 760 θείου
2386 708 2699 778 Πνεύματος
2743 709 2800 760 ὲν
2844 709 3025 772 αὐτοῖς
3067 709 3326 779 ἐλλαμψις
3350 750 3364 774 ,
3404 711 3663 782 μεγίστην

2098 797 2348 850 ὑπόθεσιν
2378 799 2721 870 περιέχουσα,
2755 799 2814 851 οὐ
2837 799 2962 870 περὶ
2989 798 3266 862 νοσοῦντος
3297 801 3580 871 ἀνθρώπου
3602 802 3662 855 τὸ

2099 887 2276 960 σῶμα,
2310 890 2432 943 οὐδὲ
2483 890 2612 961 περ)⁸
2659 889 2759 960 τῆς
2801 891 3130 962 προσκαίρου
3178 894 3273 945 καὶ
3320 893 3663 957 πολυπαθοῦς

2095 981 2300 1052 ταύτης
2341 981 2485 1053 ζωῆς
2537 983 2634 1054 τὴν
2679 983 2975 1054 πρόρρησιν
3035 983 3508 1057 ἐπαγγελλομένη,
3545 987 3664 1040 οὐδὲ

2096 1073 2222 1142 περί
2244 1089 2385 1136 τινος
2416 1071 2772 1138 ἀπολωλότος,
2798 1072 2902 1125 οὐδ’
2932 1072 3104 1137 ἄλλως
3131 1076 3256 1145 περί
3293 1093 3452 1128 τινων
3485 1077 3664 1146 μέσων

2094 1165 2186 1218 καὶ
2232 1164 2538 1238 ἀδιαφόρων
2561 1209 2576 1232 ,
2613 1165 2649 1220 ἃ.
2703 1165 2824 1219 οὐτε
2883 1168 3121 1238 παρόντα
3169 1167 3343 1238 ψυχῆς
3383 1168 3663 1238 βελτιώσει

2095 1257 2495 1328 συμϐάλλεται,
2547 1258 2670 1312 οὔτε
2728 1258 2801 1330 μὴ
2845 1260 3085 1331 παρόντα
3131 1259 3331 1330 ζημίαν
3380 1261 3413 1330 ἢ
3457 1260 3663 1329 βλάϐην

2094 1352 2366 1420 περιποιεῖ
2405 1348 2558 1422 (ἀλλ’
2605 1347 2673 1422 ἦν
2710 1352 2830 1421 μὲν,
2871 1352 2947 1414 ὼς
2993 1351 3150 1422 έφην,
3204 1353 3290 1406 ὅτε
3338 1353 3432 1406 καὶ
3489 1351 3663 1405 ταῦτα

2095 1442 2412 1514 προῦλεγον,
2435 1445 2496 1498 οὐ
2526 1443 2665 1497 κατὰ
2684 1444 2775 1496 τὸν
2803 1443 3207 1515 προηγούμενον
3234 1444 3290 1497 δὲ
3314 1444 3497 1508 λόγον’
3525 1443 3663 1498 ἀλλά

2092 1533 2232 1587 κατά
2263 1535 2578 1589 ἀκολουθίαν
2611 1537 2708 1606 τῆς
2733 1537 2838 1592 τῶν
2867 1537 3188 1608 κρειττόνων
3221 1535 3621 1606 καταλήψεως)
3645 1554 3659 1568 ·

2094 1624 2310 1694 μείζονα
2335 1627 2430 1696 μὲν
2453 1627 2702 1680 ὑπόθεσιν
2718 1630 2750 1698 ἢ
2769 1628 2910 1681 κατὰ
2927 1627 2994 1680 τά
3012 1629 3129 1698 είρη
3139 1629 3271 1698 μένα
3285 1631 3578 1698 περιεῖχεν.
3597 1629 3661 1682 ΕΞ

425 1718 626 1782 adsint,
657 1719 722 1772 ad
757 1717 1052 1787 profectum
1084 1718 1280 1772 animae
1313 1694 1677 1772 conducibilia
1701 1759 1716 1780 ,
1769 1694 1946 1790 neque
1969 1762 1981 1783 ,

2090 1715 2133 1767 δ’
2145 1712 2237 1768 οὖν
2259 1694 2344 1780 τις
2358 1718 2454 1789 τὴν
2471 1721 2645 1771 πᾶσαν
2658 1694 2916 1790 περιοχὴν
2931 1720 3028 1790 τῆς
3051 1694 3292 1780 Μῶσέως
3307 1694 3544 1790 γραφῆς,
3565 1719 3660 1771 καὶ

424 1810 468 1863 si
497 1825 604 1863 non
633 1809 850 1872 adsint,
878 1810 1133 1864 damnum
1164 1808 1383 1879 aliquod
1414 1818 1507 1864 aut
1531 1811 1822 1879 perniciem
1859 1812 1988 1866 all'e-

425 1910 584 1961 rant.
630 1901 844 1956 tametsi
885 1916 1272 1970 nonnunquam
1313 1901 1425 1954 haec
1475 1916 1689 1971 quoque
1728 1903 1983 1971 przedice-

422 1992 573 2054 hant,
606 2007 714 2046 non
743 1993 996 2062 primaria
1027 1992 1258 2062 quadam
1287 1993 1529 2058 ratione,
1582 1991 1678 2046 sed
1709 1993 1855 2063 quod
1900 2009 1986 2047 re-

419 2099 539 2136 rum
576 2085 882 2154 graviorum
915 2083 1316 2156 perceptionem
1350 2085 1765 2149 comitarentur,
1797 2085 1986 2154 eisque

418 2184 601 2242 essent
631 2175 902 2245 adjuncta.
955 2175 1024 2228 At
1065 2190 1193 2230 vero
1220 2191 1339 2244 qua:
1385 2175 1441 2228 in
1477 2175 1660 2230 causis
1704 2175 1872 2241 divini
1917 2177 1984 2230 ab

418 2269 526 2324 illis
552 2269 848 2339 accipiendi
887 2267 1162 2338 Spiritus,
1206 2267 1273 2322 ad
1322 2269 1726 2324 vaticinandum
1782 2270 1983 2339 princi—

419 2376 536 2428 pem
567 2361 746 2415 locum
770 2361 1077 2416 obtinerent
1097 2401 1110 2423 .
1141 2375 1205 2416 ea
1233 2361 1411 2431 majus
1439 2361 1708 2432 quoddam
1735 2363 1981 2416 contine-

419 2451 546 2522 bant
575 2458 974 2521 argumentum,
1001 2466 1162 2520 quam
1197 2458 1254 2504 ut
1293 2452 1358 2505 ad
1390 2467 1452 2506 ea
1481 2469 1600 2524 qua:
1651 2453 1794 2506 dicta
1822 2461 1976 2516 sunt,

415 2529 688 2610 pertinere
717 2551 960 2612 possent.
993 2543 1148 2612 Quod
1180 2545 1224 2598 si
1249 2545 1374 2614 quis
1398 2553 1566 2598 totum
1595 2546 1751 2614 quasi
1779 2561 1978 2614 corpus

412 2650 600 2702 eorum
628 2650 749 2704 quae
781 2650 810 2687 a
842 2633 989 2688 Mosa
1031 2641 1084 2688 et
1113 2635 1236 2690 aliis
1265 2645 1386 2704 post
1441 2635 1641 2689 Mosem
1698 2637 1978 2706 prophetis

414 2728 614 2798 sei-ipta
644 2736 793 2790 sunt,
834 2729 1250 2798 diligentissime
1277 2729 1521 2798 exploret
1546 2771 1560 2790 ,
1618 2730 1860 2798 profecto
1915 2747 1976 2786 ea

415 2823 545 2874 nihil
579 2820 726 2874 aliud
755 2821 999 2890 amplexa
1047 2821 1302 2882 inveniat,
1328 2837 1489 2890 quam
1539 2823 1973 2878 adhortationem

412 2923 572 2982 atque
597 2914 900 2970 doctrinam
934 2913 1102 2967 divini
1132 2914 1314 2968 cultus
1337 2955 1350 2974 ,
1403 2915 1494 2983 qui
1552 2913 1657 2968 Deo
1712 2916 1970 2979 universi,

411 3007 514 3075 ipsi
546 3006 730 3075 utique
758 3004 935 3075 opiﬁci
984 3020 1164 3058 rerum.
1195 3005 1434 3058 omnium
1470 3006 1540 3061 sit
1595 3007 1931 3063 exhibendus
1955 3051 1969 3073 ,

410 3099 882 3168 cognitionemque
931 3111 994 3150 ac
1029 3097 1351 3168 theologiam
1385 3112 1692 3166 supremam
1725 3099 1791 3154 de
1821 3097 1975 3156 Filio.

409 3191 498 3256 qni
533 3205 636 3243 una
685 3205 807 3243 cum
849 3187 1007 3243 Patre
1041 3189 1155 3258 ipse
1201 3205 1418 3258 quoque
1466 3206 1643 3243 rerum
1672 3192 1742 3244 sit
1767 3200 1974 3247 auctor.

409 3283 577 3353 203
603 3280 868 3337 Praeterea
894 3281 1325 3348 dehortationem
1365 3290 1527 3351 atque
1569 3284 1904 3338 eversionem
1947 3301 1977 3338 a

410 3357 587 3434 fallaci
626 3375 918 3430 multorum
971 3375 1197 3430 deorum
1225 3375 1373 3428 cultu
1397 3414 1412 3438 ,
1473 3374 1536 3428 ad
1575 3375 1687 3430 haec
1737 3385 1976 3431 veterum

409 3473 718 3538 sanctorum
763 3465 1037 3527 virorum,
1097 3465 1189 3534 qui
1240 3465 1400 3535 primi
1447 3467 1608 3521 talem
1663 3468 1976 3538 religionem

409 3557 850 3622 observaverint,
887 3557 1206 3613 memoriam
1265 3559 1752 3630 praedictionesque
1800 3569 1852 3616 et
1889 3577 1975 3616 re-

409 3663 610 3718 sponsa
640 3647 707 3704 de
753 3647 822 3704 iis
869 3648 963 3717 qui
1017 3647 1203 3702 multis
1230 3657 1353 3717 post
1391 3651 1607 3704 sazculis
1647 3650 1714 3703 ad
1760 3650 1976 3704 illorum

410 3727 536 3812 vitae
565 3725 830 3812 regulam,
857 3755 1011 3802 suam
1037 3740 1139 3812 ipsi
1172 3739 1336 3795 vitam
1372 3740 1638 3796 directuri
1673 3750 1851 3806 erant,
1882 3741 1979 3814 per

408 3825 695 3895 adventum
720 3827 812 3884 Dei
829 3829 894 3884 ad
923 3828 1170 3885 homines
1198 3837 1362 3901 atque
1393 3831 1758 3901 praesentiam,
1780 3833 1972 3902 ipsius,

408 3922 654 3996 inquam,
686 3920 830 3985 Filii,
856 3931 910 3978 et
935 3924 1050 3994 ipse
1084 3922 1327 3993 ejusdem
1346 3923 1604 3982 docendae
1629 3926 1846 3994 pietatis
1867 3942 1972 3980 mu.

406 4029 534 4068 nere
586 4013 892 4076 iuncturus,
929 3997 983 4070 et
1025 4015 1092 4068 ad
1117 4015 1348 4069 salutem
1387 4017 1511 4071 vita:
1539 4015 1816 4070 hominum
1846 4015 1976 4070 καθ’

407 4106 629 4170 rendam
661 4116 942 4171 venturus,
974 4107 1027 4161 in
1061 4108 1341 4176 responsis
1363 4108 1666 4172 dicebatur,
1697 4109 1854 4179 cujus
1883 4109 1976 4164 be-

409 4199 602 4266 neﬂcio
635 4199 710 4254 illi
743 4201 958 4256 cunctis
984 4191 1240 4273 gentibus
1269 4207 1326 4255 et
1356 4199 1561 4257 Graecis
1585 4202 1745 4256 simul
1776 4212 1828 4258 et
1851 4203 1976 4257 bar-

405 4291 583 4368 baris,
635 4291 882 4346 eumdem
929 4291 1098 4346 divini
1132 4293 1312 4348 cultus
1342 4308 1569 4358 morem,
1619 4311 1779 4365 quem
1833 4307 1978 4352 vete-

2091 1809 2198 1862 τῶν
2228 1810 2342 1880 μετ’
2371 1811 2529 1864 αὐτὸν
2557 1811 2797 1882 ἀκριϐῶς
2823 1811 3232 1882 διερευνήσειεν,
3256 1810 3404 1880 εὖροι
3428 1810 3494 1863 ἂν
3521 1827 3659 1880 προ-

2091 1901 2296 1973 τροπὴν
2327 1904 2421 1955 καὶ
2458 1901 2796 1956 διδασκαλίαν
2842 1901 3120 1965 εὐσεϐείας
3154 1903 3252 1972 τῆς
3298 1905 3376 1965 είς
3407 1903 3497 1955 τὸν
3548 1904 3658 1955 τῶν

2090 1991 2224 2044 ὅλων
2249 1990 2402 2054 Θεὸν,
2427 1991 2585 2044 αὐτὸν
2617 1992 2680 2064 δὴ
2728 1993 2818 2045 τὸν
2850 1993 3174 2064 δημιουργὸν
3209 1993 3464 2047 ἀπάντων
3499 2012 3657 2066 περι-

2092 2083 2344 2152 έχουσαν,
2372 2083 2569 2151 γνῶσίν
2601 2101 2660 2136 τε
2699 2085 2790 2137 καὶ
2826 2083 3103 2152 θεολογίαν
3123 2085 3222 2155 τὴν
3266 2084 3524 2138 ἀνωτάτω
3557 2083 3654 2137 τοῦ

2088 2173 2336 2247 δευτέρου
2370 2176 2563 2240 αἰτίου,
2597 2177 2774 2246 πάσης
2800 2177 2856 2228 δὲ
2899 2175 3154 2228 πολυθέου
3189 2175 3396 2246 πλάνης
3428 2177 3658 2248 ἀποτρο-

2090 2267 2216 2338 πην,
2246 2265 2361 2321 εἶτα
2388 2268 2495 2320 τῶν
2557 2268 2724 2322 πάλαι
2759 2267 3020 2337 θεοφιλῶν
3058 2267 3266 2338 ἀνδρῶν
3311 2267 3418 2320 τῶν
3451 2267 3516 2336 δὴ
3559 2267 3654 2320 καὶ

2088 2359 2481 2430 ἀπαρξαμένων
2551 2359 2653 2428 τῆς
2704 2359 2996 2429 εἰρημένης
3055 2358 3333 2420 εὐσεϐείας
3388 2359 3649 2428 μνήμην,

2086 2455 2420 2524 προρρήσεις
2448 2469 2507 2505 τε
2553 2451 2645 2504 καὶ¹
2679 2452 3050 2521 ἀναφωνήσεις
3094 2449 3234 2502 κατὰ
3277 2449 3368 2503 τὸν
3429 2451 3655 2508 ἐκείνων

2086 2543 2230 2614 βίον,
2276 2543 2520 2614 ὑστέροις
2569 2543 2697 2597 ποτὲ
2735 2543 2945 2614 χρόνοις
2987 2541 3286 2612 μελλόντων
3339 2535 3654 2610 βιώσεσθαι,

2083 2635 2148 2688 δι’
2187 2634 2503 2705 ἐπιφανείας
2537 2635 2629 2687 καὶ
2675 2634 2975 2705 παρουσίας
3029 2634 3107 2695 εἰς
3149 2631 3467 2702 ἀνθρώπους
3491 2629 3654 2696 Θεοῦ,

2087 2727 2254 2783 αὐτοῦ
2295 2729 2357 2799 δὴ
2393 2728 2486 2781 τοῦ
2517 2728 2767 2797 δευτέρου
2803 2725 3003 2794 Κυρίου
3029 2766 3043 2788 ,
3083 2727 3175 2778 καὶ
3206 2723 3339 2777 Θεοῦ
3389 2722 3526 2794 μετά
3561 2723 3658 2776 τὸν

2082 2821 2337 2874 ἀνωτάτω
2372 2819 2609 2891 Πατέρα,
2646 2819 2737 2872 καὶ
2760 2817 2922 2873 αὐτοῦ
2946 2817 3368 2891 χρηματίζοντος
3399 2817 3657 2870 διδασκάρ

2081 2909 2170 2962 λου
2198 2910 2296 2978 τῆς
2321 2909 2491 2978 αὐτῆς
2516 2907 2813 2971 εὐσεϐείας,
2845 2908 2936 2961 κει)⁵
2974 2907 3222 2977 Σωτῆρος
3253 2905 3656 2976 ἐπιφανησομέ-

2079 3017 2170 3055 νου
2215 3001 2291 3071 τῷ
2324 3001 2432 3054 τῶν
2485 3000 2783 3072 ἀνθρώπων
2825 2999 2944 3068 βίῳ,
2989 2997 3054 3050 δι’
3082 2992 3142 3050 οῦ
3179 2998 3308 3050 πᾶσι
3341 3001 3448 3059 τοίς
3499 2995 3655 3048 ἔθνε-

2081 3107 2198 3155 σιν,
2251 3091 2506 3163 Ἕλλησιν
2557 3087 2690 3161 ὁμοῦ
2743 3091 2836 3143 καὶ
2889 3089 3198 3161 βαρϐάροις,
3233 3087 3527 3157 προῦλεγον
3560 3089 3656 3142 τὸν

2077 3185 2175 3254 τῆς
2198 3182 2503 3246 θεοσεϐείας
2528 3182 2635 3236 τῶν
2664 3182 2829 3236 πάλαι
2863 3180 3121 3250 θεοφιλῶν
3159 3179 3421 3251 Ἐϐραίων
3449 3180 3656 3250 τρόπον

2079 3272 2565 3345 παραδοθήσεσθαι.
2602 3273 2785 3326 Ταῦτα
2815 3273 3051 3342 Μωσῆς,
3105 3270 3276 3324 ταῦτα
3323 3271 3379 3325 δὲ
3421 3273 3514 3325 καὶ
3540 3273 3656 3325 τῶν

2077 3367 2274 3420 λοιπῶν
2303 3364 2595 3437 προφητῶν
2618 3361 2823 3428 παῖδες,
2854 3364 2901 3417 οἳ
2932 3365 3128 3427 πάντες
3155 3362 3216 3429 ἐξ
3241 3365 3358 3428 ἑνὸς
3385 3365 3657 3434 στόματος

2080 3459 2500 3530 προεκήρυττον.
2535 3458 2642 3510 Καὶ
2685 3455 2827 3509 τοῦτ’
2861 3452 2928 3527 ἦν
2960 3456 3020 3509 τὸ
3069 3456 3168 3526 τῆς
3211 3458 3289 3520 είς
3333 3455 3657 3528 ἀνθρώπους

2077 3551 2169 3604 τοῦ
2199 3549 2342 3603 θείου
2377 3549 2690 3620 Πνεύματος
2722 3551 2990 3619 ἐπιφορᾶς
3037 3550 3244 3611 αἴτιον,
3279 3546 3482 3612 διδάξαι
3527 3546 3655 3600 θεο-

2077 3642 2309 3711 γνωσίαν
2339 3639 2674 3716 ἀνθρώπους,
2708 3639 2801 3690 καὶ
2837 3637 2933 3710 τὴν
2977 3639 3235 3692 ἀνωτάτω
3262 3637 3390 3708 περὶ
3437 3636 3655 3707 Πατρὸς

2078 3735 2170 3787 καὶ
2204 3732 2334 3786 Υίοῦ
2381 3730 2690 3798 θεολογίαν,
2728 3729 3014 3782 παιδεῦσαί
3068 3747 3128 3782 τε
3174 3730 3369 3798 τρόπον
3415 3727 3655 3798 ἀληθοῦς

2077 3823 2377 3886 εὐσεϐείας,
2414 3821 2508 3876 καὶ
2541 3821 2910 3892 μνημονεῦσαι
2935 3820 3042 3878 τῶν
3079 3821 3244 3874 πάλαι
3287 3819 3652 3890 κατωρθωκό-

2075 3934 2203 3978 των,
2229 3915 2319 3968 τόν
2344 3931 2401 3966 τε
2429 3912 2566 3984 μετά
2589 3911 2792 3965 τούτων
2815 3911 3031 3982 ἔλεγχον
3057 3910 3145 3962 διά
3166 3909 3392 3981 μακρῶν
3416 3911 3652 3978 ἐκφᾶναι

2077 4008 2266 4076 λόγων,
2291 4007 2541 4060 θεσπίσαι
2569 4022 2626 4057 τε
2658 4005 2755 4077 τὴν
2796 4003 3096 4074 παρουσίαν
3121 4004 3212 4056 τοῦ
3257 4002 3505 4072 Σωτῆρος
3548 4001 3654 4053 καὶ

2075 4097 2392 4152 διδασκάλου
2416 4096 2508 4149 τοῦ
2545 4097 2743 4158 παντὸς
2765 4094 3064 4167 ἀνθρώπων
3090 4095 3299 4162 γένους,
3326 4093 3419 4146 καὶ
3457 4093 3555 4162 τὴν
3575 4092 3656 4145 δ.’

2076 4191 2237 4245 αὐτοῦ
2265 4191 2363 4261 τῆς
2391 4189 2624 4253 παλαιᾶς
2640 4188 2696 4255 ἐξ
2731 4188 2996 4260 Ἐϐραίων
3019 4187 3325 4250 θεοσεϐείας
3351 4189 3429 4250 εἰς
3472 4186 3656 4239 πάντα

2076 4285 2144 4336 τά
2196 4282 2322 4353 ἔθνη
2364 4281 2645 4352 μετάδοσιν
2699 4279 3059 4351 προκηρύξαι.
3123 4279 3306 4332 Ταῦτα
3365 4275 3432 4350 ἦν
3473 4276 3538 4329 τὰ
3591 4279 3658 4344 ἐξ

403 4398 494 4458 res
524 4381 871 4436 Hebraeorum
918 4384 1200 4454 religionis
1253 4393 1522 4441 amatores
1581 4397 1970 4452 servaverant,

2083 4375 2267 4438 αἰῶνος
2311 4373 2530 4444 στήλαις
2566 4373 2660 4426 καὶ⁹
2701 4372 2899 4443 βίϐλοις
2966 4373 3137 4443 ἱεραῖς
3178 4372 3286 4423 τῶν
3353 4369 3658 4441 προφητῶν

403 4473 738 4550 prodendum
792 4489 912 4529 esse
969 4477 1255 4532 canebant.
1299 4477 1423 4531 llzec
1456 4477 1652 4542 Moses,
1695 4480 1808 4536 haec
1845 4480 1970 4535 reli-

403 4565 494 4633 qui
551 4565 677 4636 item
730 4566 1024 4644 pruphelw,
1057 4569 1149 4641 qui
1209 4585 1398 4626 omnes
1433 4571 1486 4624 in
1521 4587 1630 4625 uno
1660 4586 1790 4641 ore,
1825 4575 1970 4643 quod

402 4645 518 4724 erat
547 4655 807 4722 futurum,
834 4659 1194 4728 nuntiabant;
1233 4671 1394 4731 atque
1413 4663 1526 4717 [nec
1547 4672 1664 4717 erat
1687 4679 1850 4719 causa
1872 4680 1972 4718 cur

402 4748 619 4823 divinus
640 4749 876 4820 Spiritus
900 4750 1104 4806 amaret
1135 4753 1382 4822 homines
1432 4763 1486 4808 et
1540 4755 1875 4826 corriperet,
1911 4763 1971 4810 ut

407 4840 661 4912 videlicet
693 4840 784 4895 Dei
815 4842 1183 4912 cognitionem
1228 4845 1398 4916 ipsos,
1459 4863 1876 4917 supremamque
1905 4849 1972 4904 de

400 4930 563 4999 Patre
592 4947 655 4988 ac
690 4931 829 4988 Filio
859 4935 1186 5006 theologiam
1221 4937 1474 5006 doceret,
1520 4938 1822 5010 iisdemque
1861 4949 1972 4995 tra-

401 5021 554 5092 deret
583 5039 724 5079 vera:
768 5025 914 5082 illius
939 5027 1156 5094 pietatis
1189 5044 1394 5084 morem
1423 5069 1438 5088 .
1473 5035 1526 5084 et
1546 5030 1614 5084 ad
1658 5033 1972 5087 memoriam

400 5115 673 5185 redigeret
701 5131 796 5172 eos
826 5117 921 5187 qui
950 5117 1226 5187 quondam
1249 5132 1437 5184 omnes
1462 5107 1763 5174 honestatis
1792 5124 1975 5192 partes

401 5205 854 5282 complevissent,
889 5224 1103 5264 necnon
1139 5225 1234 5266 eos
1283 5211 1374 5280 qui
1403 5212 1802 5282 posterioribus
1840 5197 1984 5266 tem?

401 5295 624 5368 poribus
649 5311 679 5350 a
700 5297 900 5367 pietate
928 5299 1144 5370 rituque
1172 5299 1440 5368 majorum
1475 5314 1703 5354 suorum
1737 5298 1975 5354 excidis-

400 5397 553 5461 sent,
597 5403 799 5464 eosque
847 5391 1008 5462 longa
1040 5391 1290 5446 oratione
1334 5391 1795 5461 reprehenderet:
1848 5391 1975 5446 item

399 5489 620 5534 caneret
663 5481 952 5538 adventum
1001 5483 1300 5539 Salvatoris
1343 5500 1404 5539 ac
1438 5483 1686 5563 Doctoris
1739 5484 1976 5540 universi

399 5569 624 5624 humani
659 5576 895 5643 generis.
927 5583 982 5629 et
1018 5592 1112 5645 per
1141 5559 1375 5631 illum‘in
1408 5582 1638 5630 cunctas
1671 5559 1858 5647 gentes
1883 5591 1982 5630 an-

401 5664 566 5749 tiqua:
583 5661 933 5719 Hebraeorum
953 5667 1229 5738 religionis
1249 5667 1695 5754 prepagationem
1717 5666 1975 5734 futuram,

2073 4468 2376 4540 συμφώνως
2419 4464 2914 4537 ἀναπεφωνημένα.
2957 4463 3106 4516 Αὐτά
3150 4463 3214 4533 δὴ
3239 4461 3440 4524 ταῦτα,
3485 4460 3519 4513 ἃ.
3551 4462 3656 4513 καὶ

2071 4564 2235 4633 ἡμῖν,
2287 4561 2467 4623 αὐτοῖς
2510 4558 2806 4629 ὀφθαλμοῖς
2857 4555 2993 4628 μετά
3031 4556 3121 4609 τὸν
3173 4556 3384 4626 μακρὸν
3433 4552 3610 4607 αἰῶνα
3637 4595 3653 4618 ,

2071 4657 2240 4708 εἰσέτι
2293 4654 2386 4708 νῦν
2447 4652 2795 4725 πληρούμενα
2844 4652 3132 4722 συνορᾶται
3161 4667 3175 4679 ·
3235 4650 3334 4719 μιᾷ
3391 4648 3447 4700 δὲ
3491 4649 3654 4718 φωνῇ

2073 4754 2270 4816 πάντες
2308 4747 2450 4806 οῦτοι
2482 4751 2575 4804 καὶ
2597 4751 2725 4822 θείῳ
2752 4749 3032 4820 Πνεύματι
3073 4748 3312 4818 κάτοχοι,
3348 4749 3513 4800 πᾶσιν
3552 4749 3656 4800 ἀν·-

2073 4845 2308 4916 θρώποις
2352 4845 2412 4897 τὸ
2460 4843 2573 4913 φῶς
2622 4844 2719 4912 τῆς
2763 4838 2994 4912 ἀληθοῦς
3045 4841 3444 4912 προεκήρυττον
3491 4838 3656 4891 εὐσε-

2073 4935 2254 4998 ϐείαςο
2290 4936 2510 5003 ἁγνείαν
2551 4951 2608 4986 τε
2644 4933 2822 5003 ψυχῆς
2863 4933 2955 4986 καὶ
2991 4931 3260 5001 σώματος,
3306 4928 3538 5000 παντελῆ
3587 4947 3652 4984 τε

2075 5027 2335 5098 κάθαρσιν
2357 5025 2614 5088 διανοίας,
2637 5025 2702 5096 ἣν
2728 5024 2879 5078 αὐτοὶ
2903 5023 3163 5096 πρότερον
3186 5020 3504 5092 ἠσκηκότες,
3531 5023 3654 5082 τοῖς

2076 5119 2333 5188 ὑπηκόοις
2359 5115 2752 5187 προύϐάλλοντο
2774 5156 2788 5180 ,
2840 5115 3017 5185 πάσης
3050 5113 3345 5167 ἀκολάστου
3394 5111 3652 5181 πράξεως

2075 5211 2197 5274 τούς
2246 5209 2564 5282 προσιόντας
2613 5208 2964 5278 ἀπείργοντες
3001 5246 3014 5269 ,
3064 5205 3195 5277 μηδὲ
3227 5207 3324 5275 τῆς
3383 5201 3650 5256 πολυθέου

2077 5303 2283 5373 πλάνης
2319 5299 2710 5372 ἀπομιμεῖσθαι
2741 5298 2838 5361 τὰς
2883 5297 3181 5368 ἐκθέσμους
3234 5293 3647 5364 ἐπιτηδεύσεις,

2078 5391 2456 5464 προτροπάδην
2471 5389 2526 5442 δὲ
2548 5388 2768 5458 φεύγειν
2779 5387 3114 5450 διδάσκοντες
3136 5387 3312 5439 πᾶσαν
3325 5385 3410 5438 δαι
3419 5383 3648 5454 μανικὴν

2079 5484 2409 5555 ἐγχείρησιν,
2436 5482 2530 5535 κα)⁸
2563 5481 2661 5544 τάς
2693 5479 2857 5533 πάλαι
2896 5477 3388 5548 περισπουδάστους
3427 5477 3648 5541 ὲκείνας

2078 5573 2560 5647 ἀνθρωποθυσίας,
2619 5570 2718 5636 τάς
2768 5563 3102 5642 τεάίοχράς
3169 5570 3260 5622 καὶ
3315 5563 3646 5639 ὲπιρῤήτους

2085 5669 2210 5738 περὶ
2248 5666 2383 5719 θεῶν
2421 5665 2728 5737 διηγήσεις,
2759 5659 2832 5717 ὧν
2880 5663 3227 5733 ἀπείργοντες
3248 5702 3261 5727 v
3300 5660 3443 5730 μόνῳ
3475 5675 3646 5730 προσ·
