3930 6202
250 253 361 307 343

1162 254 1805 313 DEMONSTRATIONIS
1844 256 2299 314 EVANGELICIE
2333 254 2461 310 LIB.
2503 254 2567 312 ν.

3378 256 3483 315 5έῦ

249 373 465 447 ἀνέχειν
516 375 897 432 συνιϐούλευον
943 377 1019 449 τῷ
1042 380 1258 433 πάντων
1299 380 1613 450 δημιουργῷ
1670 380 1787 451 Θεῷ

1913 382 2210 435 nuntiaret.
2264 378 2388 433 Haec
2420 385 2545 435 sunt
2578 392 2697 449 qme
2736 377 2804 431 ab
2859 376 3016 430 initio
3041 382 3094 430 et
3124 375 3313 430 titulus
3342 384 3395 431 et
3415 377 3484 430 li-

246 460 336 517 οἵα
369 465 549 537 ὲφόρῳ
595 470 688 521 καὶ
737 473 890 543 κριτῇ
939 472 1253 542 τυγχάνοντι
1283 471 1387 527 τῶν
1422 474 1477 524 ὲν
1508 471 1811 542 ἀνθρώποις

248 558 635 630 πραττομένων
656 576 671 590 °
708 561 839 630 μηδὲ
868 564 1077 631 ἀγνοεῖν
1103 564 1196 616 τὸν
1230 562 1487 634 μέλλοντα
1514 564 1591 626 εἰς
1614 562 1813 634 ἀνθρώ-

248 665 384 711 πους
430 644 713 719 ἐπιδημεῖν
745 651 972 722 Χριστὸν
1015 652 1108 705 τοῦ
1158 652 1311 718 Θεοῦ,
1346 653 1568 723 Σωτῆρα
1616 652 1813 716 παντὸς

243 737 437 805 γένους
487 737 808 811 ἀνθρώπων,
842 743 936 795 κα)⁸
983 743 1293 799 διδάσκαλον
1342 743 1628 814 βαρϐάρων
1677 743 1810 813 ὁμοῦ

241 829 338 881 καὶ
379 829 641 900 Ἑλλήνων
672 832 949 897 εὐσεϐείας
1003 835 1097 905 τῆς
1142 833 1372 905 ἀληθοῦς
1403 833 1811 904 καταστησόμε-

239 937 353 974 νον.
386 921 648 975 Τοσοῦτόν
674 940 725 975 τι
764 918 831 994 ἦν
859 924 920 977 τὺ
946 925 1195 997 διάφορον
1227 926 1331 979 τῶν
1378 928 1480 979 ὑπὸ
1531 926 1622 980 τοῦ
1667 926 1809 979 θείου

240 1012 561 1084 Πνεύματος
586 1014 828 1084 κατόχων
876 1016 969 1068 καὶ
1018 1015 1123 1070 τῶν
1175 1018 1278 1070 ὑπὸ
1322 1017 1636 1088 δαιμονικῆς
1663 1020 1811 1088 ἐνερ-

239 1104 401 1172 γείας
431 1104 785 1174 μαντεύεσθαι
822 1108 1315 1179 προσποιουμένων.
1345 1105 1476 1162 Εἶτα
1506 1109 1566 1161 τὸ
1591 1109 1685 1179 μὲν
1712 1126 1810 1161 πο-

238 1196 405 1267 νηρὸν
458 1195 752 1267 δαιμόνιον,
795 1192 883 1251 οἷα
944 1200 1164 1263 σκότους
1212 1201 1429 1266 οἰκεῖον,
1478 1200 1663 1254 σκότον
1716 1199 1809 1252 καὶ

235 1285 408 1355 ἀχλὺν
440 1284 760 1355 περιϐάλλον
785 1289 850 1357 τῇ
878 1286 1019 1359 ψυχῇ
1055 1288 1141 1341 διά
1166 1289 1263 1357 τῆς
1297 1289 1691 1359 ὲμφοιτήσεως,
1716 1288 1808 1341 τοῦ

242 1375 523 1447 ὑποφήτου
571 1371 657 1429 οἷα
706 1379 897 1450 νεκρὸν
947 1378 1177 1451 ὲξήπλου
1223 1380 1316 1433 τοῦ
1364 1380 1505 1434 κατά
1538 1379 1695 1448 φύσιν
1720 1380 1807 1432 λο-

233 1464 442 1536 γισμοῦ
481 1468 967 1538 παρενηνεγμένον,
999 1470 1106 1523 οὐδ’
1139 1471 1397 1541 ἑπόμενον
1434 1474 1545 1534 τοῖς
1586 1470 1809 1542 λεγομέ-

236 1573 357 1619 νοις
384 1556 418 1626 ﬁ
452 1558 840 1629 πραττομένοις
868 1560 933 1613 δι’
960 1561 1145 1625 αὐτοῦ,
1180 1563 1453 1637 παντελῶς
1483 1564 1527 1617 δ’
1553 1564 1809 1637 ἀναίσθη-

230 1660 332 1698 τον
360 1646 449 1697 καὶ
481 1646 797 1718 παράφρονα
816 1664 828 1677 ⁸
863 1650 989 1721 παρ’
1022 1650 1049 1702 δ
1076 1650 1169 1703 καὶ
1201 1634 1476 1721 μαντείαν,
1509 1652 1697 1725 ῶσπερ
1722 1634 1805 1706 τι-

1913 470 2026 525 bris
2060 471 2232 525 sacris
2261 470 2643 540 prephetarum
2668 507 2682 531 ,
2716 464 2971 521 concordi
3024 481 3156 520 voce
3205 467 3483 521 enuntiata

1914 560 2155 625 fuerunt;
2181 562 2317 632 ipsa,
2348 562 2589 631 inquam,
2620 559 2753 625 hare,
2774 574 2894 629 qua:
2914 559 3076 613 etiam
3100 574 3203 613 nos
3226 567 3349 629 post
3363 560 3482 615 lon-

1911 655 2195 726 gissimum
2240 662 2474 723 tempus,
2508 651 2773 706 hodierno
2808 651 2926 719 ipso
2956 649 3043 705 die
3064 651 3325 718 compleri
3350 666 3482 704 ocu—

1912 747 1979 801 lis
2008 747 2209 801 nostris
2239 746 2531 799 intuemur.
2563 742 2628 798 Hi
2658 758 2785 798 vero
2812 758 3002 797 omnes
3024 756 3133 795 uno
3155 757 3269 806 ore,
3298 741 3481 797 divino

1914 836 2118 907 Spiritu
2148 836 2332 902 afllati,
2369 836 2581 891 cunctis
2611 835 2922 888 hominibus
2969 834 3149 886 lumen
3193 848 3334 887 verae
3378 834 3483 902 pie-

1911 928 2038 981 tatis
2069 927 2401 997 aperiebant,
2435 932 2595 995 atque
2628 926 2821 978 animae
2864 930 2919 976 et
2974 922 3219 992 corporis
3267 922 3482 977 castita-

1911 1028 2016 1073 tem
2056 1018 2459 1089 perfectamque
2490 1015 2687 1070 mentis
2715 1014 3093 1083 purgationem
3128 1011 3481 1067 commenda-

1910 1108 2059 1162 bant.
2094 1108 2266 1174 Quam
2291 1122 2416 1162 eum
2439 1107 2540 1176 ipsi
2568 1107 2719 1176 prius
2742 1105 3133 1167 exercuissent,
3163 1104 3229 1157 iis
3252 1103 3345 1172 qui
3374 1102 3476 1157 sibi

1910 1200 2319 1261 auscultarent,
2368 1197 2777 1267 proponebant,
2814 1203 2867 1250 et
2901 1196 2967 1250 ab
2996 1195 3144 1250 omni
3176 1196 3356 1249 minus
3383 1195 3478 1248 ho-

1910 1298 2062 1343 nesta
2092 1292 2303 1343 actione
2329 1305 2424 1343 eos
2452 1288 2543 1358 qui
2569 1288 2636 1341 ad
2663 1302 2721 1341 se
2748 1286 3086 1350 accederent,
3118 1284 3477 1354 prohibebant

1909 1378 2381 1449 deterrebantque,
2409 1394 2476 1432 ne
2508 1376 2687 1432 studia
2731 1375 2822 1428 illa
2868 1374 3072 1428 nefaria
3131 1373 3478 1426 imitarentur

1908 1487 2036 1542 quae
2049 1472 2114 1525 ab
2138 1487 2320 1525 errore
2337 1471 2551 1525 colendi
2571 1468 2772 1522 multos
2788 1468 2919 1522 deos
2949 1465 3191 1537 profecta
3218 1464 3432 1517 fuerant
3458 1482 3472 1516 :

1910 1574 2024 1619 tum
2056 1564 2319 1634 praecipiti
2350 1564 2588 1633 quodam
2619 1578 2784 1618 cursu
2813 1561 3100 1623 docebant,
3142 1568 3201 1612 ut
3229 1556 3477 1627 fugerent

1910 1670 2127 1709 omnem
2140 1653 2496 1708 dzemonicam
2514 1652 2885 1712 traditionem,
2894 1649 3211 1718 priscasque
3227 1647 3347 1701 illas
3364 1661 3476 1700 om-

232 1735 299 1789 νά
336 1736 558 1806 μανίαν,
586 1738 810 1802 εἰκότως
846 1739 1052 1794 ἐοίκασι
1096 1741 1191 1811 τὴν
1220 1741 1424 1794 τοιάνδε
1456 1743 1794 1797 κατάπτωσιι

1908 1745 1964 1798 ni
1982 1745 2163 1800 studio
2176 1744 2765 1799 celebratashominum
2784 1740 3165 1802 mactationes,
3180 1738 3475 1811 obscenas-

232 1828 653 1900 ἑπικεκληκέναι
672 1848 684 1860 ·
712 1830 775 1882 τὸ
820 1831 876 1884 δέ
918 1849 979 1900 γε
1007 1832 1219 1901 ἀληθῶς
1241 1835 1334 1886 καὶ
1355 1833 1531 1886 ἔνθεον
1562 1835 1803 1906 Πνεῦμα,

232 1922 541 1989 φωτοειδὲς,
575 1923 774 1994 μᾶλλον
799 1924 853 1978 δὲ
884 1925 998 1993 φῶς
1026 1926 1154 1979 αὐτὸ
1190 1928 1473 1997 τυγχάνον,
1564 1927 1628 1980 ἂν
1658 1929 1808 1981 ἐπέλ-

228 2011 298 2084 θῃ
325 2012 496 2083 ψυκῇν
523 2014 712 2087 καινὴν
741 2018 1074 2089 παραχρῆμα
1104 2020 1195 2071 καὶ
1223 2018 1609 2091 λαμπροτάτην
1631 2021 1806 2090 φωτὸς

229 2101 447 2173 ἡμέραν
494 2105 551 2156 ὲν
597 2104 735 2176 αὐτῇ
765 2107 1170 2178 κατειργάζετο,
1205 2108 1585 2180 διαυγεστέραν
1617 2128 1673 2163 τε
1714 2112 1804 2164 καὶ

229 2193 714 2267 θεωρητικωτέραν
760 2198 891 2251 πολὺ
941 2198 1101 2253 πλέον
1152 2198 1247 2252 νῦν
1286 2201 1319 2271 ἢ
1354 2202 1614 2273 πρότερον
1638 2201 1804 2272 αὐτὴν

230 2283 400 2352 αὐτῆς
422 2286 739 2354 ἀποφαῖνον,
786 2286 924 2341 ὥστε
943 2292 1133 2360 νήφειν
1158 2291 1250 2343 καὶ¹
1269 2292 1647 2363 ἐγρηγορέναι,
1679 2310 1803 2345 συν-

229 2376 360 2446 ορᾷν
390 2392 450 2428 τε
468 2378 683 2431 πάντων
720 2379 950 2449 μάλιστα
985 2383 1076 2434 καὶ
1110 2382 1417 2453 συγκρίνειν
1450 2383 1519 2437 τά
1558 2384 1804 2448 θεσπιζό-

233 2479 401 2533 μενα·
434 2467 561 2534 παρ’
588 2467 615 2519 ὃ
644 2484 732 2537 μοι
762 2468 1023 2540 δοκοῦμεν
1051 2466 1109 2524 εὖ
1141 2472 1235 2525 καὶ
1266 2472 1479 2542 ἀληθῶς
1524 2478 1803 2546 προφήτας

229 2556 521 2609 ἀποκαλεῖν
544 2560 667 2622 τοὺς
689 2561 947 2621 τοιούσδε,
969 2563 1118 2634 παρά
1137 2564 1200 2616 τὸ
1224 2566 1538 2637 προφαίνειν
1560 2568 1653 2621 καὶ
1673 2585 1803 2640 προ-

231 2648 485 2715 φωτίζειν
515 2650 571 2701 ὲν
600 2650 782 2715 αὐτοῖς
809 2654 869 2705 τὸ
896 2652 1034 2708 θεῖον
1062 2655 1283 2726 Πνεῦμα
1312 2658 1384 2728 μὴ
1411 2658 1569 2723 μόνον
1595 2657 1661 2710 τά
1696 2677 1801 2711 πα-

232 2740 412 2809 ρόντα,
442 2740 578 2794 ἀλλά
620 2744 714 2795 καὶ
762 2743 870 2795 τῶν
923 2744 1222 2814 μελλόντων
1266 2746 1436 2818 ἀληθῆ
1470 2748 1563 2800 καὶ
1601 2748 1798 2820 ἀκριϐῆ

230 2828 451 2895 γνῶσιν.
483 2829 761 2899 Σκέψασθε
791 2832 845 2884 δὲ
875 2834 923 2886 εἰ
956 2835 1029 2904 μὴ
1062 2834 1193 2887 πολὺ
1233 2836 1492 2907 κρείττων
1521 2830 1673 2901 οὗτος
1708 2838 1801 2891 καὶ

228 2922 434 2994 ἀληθὴς
462 2925 491 2977 ό
517 2924 693 2993 λόγος,
727 2925 949 2994 φάσκων
1000 2927 1220 2998 Πνεῦμα
1269 2928 1407 2981 θεῖον
1439 2930 1639 2999 ψυχαῖς
1684 2931 1801 2981 ὲπι-

1914 1846 2018 1900 que
2049 1831 2116 1885 de
2134 1831 2242 1886 diis
2275 1838 2328 1886 et
2361 1831 2626 1885 nefandas
2658 1828 3036 1883 narrationes:
3070 1843 3098 1882 a
3128 1827 3326 1896 quibus
3350 1841 3472 1879 cum

1906 1920 2155 1974 homines
2175 1922 2545 1990 prohiberent,
2568 1936 2734 1975 unum
2754 1918 2990 1973 universi
3014 1919 3258 1988 opificem
3278 1915 3470 1983 Deum,

1907 2011 2070 2081 209
2101 2013 2257 2081 quasi
2289 2012 2572 2081 praesidem
2608 2026 2671 2065 ac
2706 2010 2946 2079 judicem
2980 2010 3223 2063 omnium
3251 2023 3370 2076 qua:
3401 2008 3472 2064 ab

1906 2101 2218 2154 hominibus
2264 2108 2516 2168 agantur,
2565 2107 2625 2153 ut
2655 2098 3016 2161 attenderent,
3060 2096 3467 2150 hortabantur:

1905 2200 2067 2262 atque
2122 2193 2339 2246 interim
2392 2208 2459 2245 ne
2499 2193 2814 2262 ignorarent
2864 2206 3009 2253 eum,
3062 2190 3154 2259 qui
3205 2195 3469 2251 venturus

1902 2290 2017 2335 erat
2049 2282 2115 2335 ad
2141 2282 2407 2345 homines,
2444 2282 2723 2337 Christum
2761 2282 2946 2351 utique
2987 2279 3099 2343 Dei,
3131 2278 3465 2332 Salvatorem

1903 2373 2145 2427 universi
2182 2373 2404 2426 humani
2429 2374 2667 2443 generis,
2700 2388 2763 2426 ac
2790 2373 3073 2426 Doetorem
3127 2386 3233 2423 non
3283 2368 3466 2422 minus

1902 2462 2149 2518 barbaris
2197 2478 2359 2532 quam
2412 2464 2614 2518 Graecis
2666 2480 2802 2518 vera:
2852 2464 3066 2534 pietatis
3112 2462 3463 2515 destinatum.

1902 2552 2028 2608 Haec
2080 2569 2211 2609 sane
2263 2560 2381 2608 erat
2434 2554 2741 2609 differentia
2777 2555 2920 2609 inter
2948 2569 3042 2608 eos
3076 2553 3167 2623 qui
3201 2550 3464 2621 Spiritum

1904 2645 1998 2701 Dei
2026 2655 2361 2717 receperant,
2394 2655 2448 2702 et
2476 2663 2571 2702 eos
2600 2647 2693 2716 qui
2738 2647 3039 2701 daemonico
3092 2645 3353 2699 instinctu
3380 2642 3465 2697 di-

1901 2738 2229 2791 vinationem
2291 2736 2707 2807 profitebantur.
2760 2734 2962 2790 Deinde
2991 2749 3214 2805 pravum
3245 2731 3461 2802 quidem

1903 2828 2327 2899 unumquodque
2396 2829 2719 2883 daemonium
2789 2836 3045 2896 tanquam
3116 2823 3462 2877 tenebrarum

1900 2922 2153 2988 amicum,
2202 2920 2442 2974 animum
2488 2921 2726 2974 tenebris
2766 2927 2821 2973 et
2875 2918 3105 2987 caligine
3160 2914 3461 2980 involvens,

228 3016 418 3107 φοιτᾷν
454 3014 911 3086 κεκαθαρμέναις,
940 3017 1032 3070 καὶ
1076 3016 1152 3088 νῷ
1202 3017 1404 3090 λογικῷ
1452 3020 1545 3073 καὶ
1591 3021 1794 3089 διαυγεῖ

1901 3028 2126 3067 accessu
2166 3026 2267 3067 suo
2296 3026 2676 3082 quemcunque
2713 3008 2815 3063 sibi
2852 3008 3180 3077 subjecerat,
3227 3004 3461 3057 naturali

223 3101 360 3175 πρὸς
386 3104 648 3176 ὑποδοχὴν
672 3104 767 3157 τοῦ
800 3105 954 3159 Θείου
986 3110 1540 3179 παρεσκευασμέναις,
1575 3111 1606 3183 ἢ
1634 3113 1660 3164 ό
1688 3111 1797 3165 τῶν

223 3193 285 3245 ἐν
316 3192 512 3263 ἀψύχῳ
538 3194 634 3267 ὖλῃ
667 3195 761 3250 καὶ
786 3196 1018 3259 σκοτίοις
1048 3200 1236 3267 μυχοῖς
1260 3199 1710 3252 ὲναποκλειόντων
1738 3198 1798 3251 τὸ

218 3281 407 3347 Θεῖον,
434 3282 491 3333 ἐν
520 3300 574 3336 τε
604 3283 872 3352 γυναικῶν
905 3284 999 3337 καὶ
1031 3284 1238 3355 ἀνδρῶν
1290 3285 1350 3337 ού
1393 3284 1659 3355 καθαραῖς
1703 3283 1799 3354 ψυ-

222 3375 373 3442 χαῖς,
407 3371 503 3444 ἤδη
533 3374 587 3427 δὲ
615 3375 707 3427 καὶ
734 3374 827 3427 ἐπὶ
853 3374 1091 3447 κόρακας
1122 3376 1214 3427 καὶ
1244 3375 1466 3445 ἱέρακας
1492 3376 1585 3428 καὶ
1606 3375 1797 3438 ἄλλους

219 3464 469 3528 οἰωνοὺς,
499 3465 589 3518 ἐπί
619 3483 680 3518 τε
708 3462 867 3535 αἶγας
891 3468 983 3520 καὶ
1010 3466 1144 3521 ἀλλα
1171 3466 1306 3531 ζῶα,
1333 3467 1420 3521 ναι
1452 3467 1559 3537 μὴν
1588 3467 1681 3520 καί⁵
1704 3468 1795 3520 ἐπὶ

221 3554 430 3608 ὑδάτων
471 3556 773 3620 συστάσεις,
803 3556 859 3610 ἐν
889 3574 949 3610 τε
979 3557 1427 3628 ήπατοσκοπίαις,
1465 3558 1557 3611 καὶ
1599 3556 1793 3628 αἵμασι

221 3647 460 3719 νοσερῶν
497 3650 592 3702 καὶ
617 3648 1201 3719 είδεχθῶνεκνωδάλων,
1233 3649 1477 3722 ἑρπετῶν
1492 3667 1552 3703 τε
1576 3649 1793 3703 ἰοϐόλων

220 3737 487 3809 σώμασιν,
517 3734 626 3792 οἷον
664 3740 968 3811 δρακόντων
1016 3739 1110 3797 καὶ
1155 3741 1353 3810 γαλῶν,
1389 3741 1482 3797 καί
1512 3759 1671 3795 τινων
1700 3740 1792 3795 an.

215 3829 321 3881 λων
350 3830 796 3901 τοιουτοτρόπων,
825 3832 891 3884 δι’
922 3827 995 3885 ὧν
1026 3830 1125 3903 τὴν
1174 3832 1281 3885 τῶν
1332 3833 1630 3904 μελλόντων
1658 3832 1790 3905 πρό-

217 3940 419 3991 γνωσιν
451 3925 502 3977 οἰ
529 3924 819 3995 θαυμάσιοι
846 3925 937 3979 τὸν
976 3928 1068 3979 ἐπὶ
1102 3927 1316 3981 πάντων
1344 3928 1477 3981 Θεὸν
1514 3930 1789 3998 ἐκφαίνειν

217 4015 571 4087 ὑπειλήφασι.
605 4016 773 4070 Τοῦτο
815 4018 860 4071 δ’
890 4018 1101 4090 ἀνδρῶν
1142 4014 1210 4090 ἦν
1260 4018 1333 4095 μὴ
1368 4021 1786 4091 συνεωρακότων

215 4108 351 4161 Θεοῦ
386 4108 565 4177 φύσιν,
589 4108 736 4188 ,μηδέ
766 4125 829 4178 γε
859 4109 1002 4164 θείου
1025 4110 1335 4181 Πνεύματος
1363 4110 1588 4182 δύναμιν
1612 4113 1789 4165 ἐπινε-

212 4199 509 4269 νοηκότων,
545 4199 788 4270 οὐδαμῶς
841 4202 936 4272 μὲν
991 4202 1467 4274 ὲμφιλοχωροῦσαν
1498 4202 1721 4274 ἀψύχοις
1751 4205 1782 4274 ἢ

210 4290 430 4358 ἀλόγοις
479 4289 654 4355 ζώοις,
688 4291 801 4344 ἀλλ’
829 4292 936 4346 οὐδ’
966 4294 1023 4345 ὲν
1069 4293 1303 4361 λογικοῖς
1354 4293 1575 4358 ἀπασιν,
1608 4297 1655 4347 εἰ
1710 4297 1781 4367 μή

1900 3123 2001 3162 usu
2032 3106 2262 3162 rationis
2294 3106 2662 3169 deturbatum,
2695 3103 2849 3172 quasi
2879 3109 3150 3157 mortuum
3184 3097 3461 3154 distende-

1897 3199 2009 3253 bat.
2048 3196 2235 3268 Itaque
2269 3197 2359 3252 ille
2378 3205 2637 3266 tanquam
2679 3196 2823 3249 omni
2861 3209 3022 3248 sensu
3057 3192 3344 3261 spoliatus,
3377 3188 3460 3242 fa-

1896 3298 2124 3358 ctusque
2154 3303 2360 3349 amens,
2392 3286 2521 3356 quid
2560 3301 2590 3338 a
2634 3301 2693 3341 se
2722 3284 2803 3338 vel
2844 3284 3115 3337 diceretur
3146 3281 3229 3335 vel
3265 3295 3453 3349 agere-

1896 3389 2003 3443 tur,
2032 3378 2342 3448 neutiquam
2373 3378 2725 3447 intelligentia
2759 3375 3211 3445 consequebatur.
3249 3371 3324 3426 Ex
3349 3387 3456 3442 qua

1894 3488 1953 3527 re
1988 3471 2182 3526 merito
2216 3465 2525 3525 istiusmodi
2574 3468 2886 3524 alienationi
2936 3482 3131 3521 nomen
3178 3465 3455 3535 imposne-

1894 3570 2044 3628 runt,
2076 3562 2222 3631 quod
2262 3576 2385 3616 cum
2417 3560 2806 3615 divinationem
2853 3558 3135 3629 significet.
3193 3572 3224 3611 a
3272 3555 3456 3612 furore

1890 3655 2107 3710 videtur
2147 3669 2269 3711 esse
2308 3652 2622 3708 deductum.
2678 3648 2853 3705 Verus
2900 3660 3079 3705 autem
3128 3649 3456 3720 divinosque

1893 3746 2133 3819 Spiritus
2166 3760 2289 3801 cum
2337 3742 2729 3806 lucidissimus,
2770 3758 2832 3795 ac
2873 3743 3053 3811 potius
3087 3741 3204 3811 ipsa
3238 3742 3329 3795 lux
3359 3742 3452 3805 sit,

1892 3840 1958 3894 ad
1987 3853 2368 3908 quamcunque
2400 3837 2636 3889 animam
2660 3841 2991 3895 accesserat,
3023 3837 3077 3886 in
3103 3848 3165 3887 ea
3193 3836 3453 3887 continuo

1889 3948 2088 3987 novum
2147 3947 2211 3986 ac
2262 3930 2763 4002 splendidissimum
2816 3928 2954 3982 lucis
2997 3927 3138 3982 diem
3170 3941 3452 3996 compara-

1886 4027 2001 4089 bat,
2032 4025 2387 4095 eamdemque
2415 4031 2468 4077 et
2501 4024 2730 4078 nitidam
2771 4029 2824 4078 et
2864 4020 2931 4075 ad
2974 4020 3450 4090 contemplandum

1889 4114 2157 4179 idoneam,
2183 4117 2354 4169 multo
2385 4115 2617 4183 amplius
2647 4129 2792 4167 nunc
2815 4127 2975 4182 quam
3002 4111 3151 4181 prius
3172 4127 3294 4166 esse
3318 4126 3451 4164 con-

1887 4207 2178 4270 suevisset,
2214 4206 2493 4260 reddebat.
2526 4203 2714 4275 Itaque
2748 4220 2870 4259 cum
2906 4205 3140 4258 maxime
3180 4210 3233 4258 et
3276 4202 3448 4258 sobrii

1887 4307 2064 4361 erant,
2089 4307 2143 4353 et
2172 4299 2485 4369 vigilabant,
2518 4306 2571 4353 ct
2602 4313 2709 4370 prae
2743 4298 2864 4351 aliis
2910 4296 3163 4351 omnibus
3197 4311 3318 4366 quae
3351 4310 3446 4349 ca-

210 4398 345 4435 ⁴ποτε
417 4383 524 4452 ἄρα
571 4382 601 4453 ῆ
656 4383 828 4453 μόνων
859 4384 1042 4455 ψυχῶν
1086 4385 1180 4437 καὶ
1226 4386 1501 4457 ἐναρέτοις
1555 4386 1782 4457 ψυχαῖς,

1895 4393 2109 4454 nebant,
2145 4391 2249 4461 ipsi
2283 4392 2635 4445 intuebantur
2685 4399 2738 4446 et
2786 4378 3193 4460 comparabant.
3231 4388 3309 4443 Ex
3337 4406 3447 4460 quo

208 4473 359 4535 οἴους
403 4473 532 4542 ἡμῖν
579 4474 779 4544 ἀρτίως
806 4476 834 4526 ὁ
856 4474 1009 4543 λόγος
1036 4476 1162 4538 τοὺς
1202 4475 1464 4547 Ἐϐραίων
1501 4477 1782 4548 ὑπέγραψε

216 4566 524 4636 προφήτας·
558 4566 651 4630 οὓς
680 4566 773 4619 τοῦ
806 4566 950 4619 θείου
980 4567 1292 4638 Πνεύματός
1329 4587 1505 4641 φαμεν
1549 4568 1782 4641 ἀξιωθῆ-

212 4674 295 4709 ναι
334 4657 584 4726 μεγάλων
625 4658 808 4711 ἕνεκεν
841 4660 1180 4729 πραγμάτων
1206 4661 1527 4731 οἰκουμένης
1567 4662 1782 4732 ἁπάσης

212 4747 513 4819 ἀνθρώπων
553 4748 829 4819 βελτιώσει
873 4751 1339 4821 συμϐαλλομένων.
1369 4753 1429 4804 Εἰ
1454 4752 1510 4804 δέ
1545 4753 1656 4804 ποτ’
1679 4753 1779 4805 αύ-

209 4842 321 4902 τοίς
357 4840 509 4903 σκιᾶς
537 4839 691 4911 δίκην
720 4840 1071 4912 ἐπηκολούθει
1100 4842 1159 4895 τὸ
1183 4843 1276 4895 καὶ
1302 4842 1370 4896 τά
1405 4844 1647 4913 παρόντα
1671 4843 1779 4896 τῶν

214 4928 396 4998 μέσων
424 4929 515 4980 καὶ
540 4928 845 5000 ἀδιαφόρων
872 4930 1175 5001 γνωρίζειν,
1206 4932 1298 4984 καὶ
1333 4932 1614 5003 προλέγειν
1642 4933 1780 4987 κατά

210 5019 401 5090 καιρὸν
440 5020 506 5074 τά
534 5022 868 5093 ἀγνοούμενα
899 5026 1011 5087 τοῖς
1044 5024 1318 5095 ἐρωτῶσιν
1348 5026 1655 5094 ἀναγκαίως
1685 5028 1777 5080 καὶ

207 5113 368 5166 τοῦτο
404 5117 517 5177 τοῖς
559 5115 728 5169 πάλαι
761 5117 943 5179 αὐτοῖς
990 5116 1345 5188 πλησιάζουσι
1396 5122 1673 5192 παρεῖχον,
1701 5119 1776 5184 ὼς

205 5203 272 5259 ἂν
311 5205 385 5275 μὴ
414 5206 615 5261 δοκοῖεν
643 5209 693 5262 οἱ
715 5208 880 5279 λίχνοι
902 5211 1029 5283 περί
1051 5211 1149 5274 τὰς
1177 5210 1511 5284 προγνώσεις
1542 5212 1774 5280 εὐλόγως

206 5294 519 5353 ἀποκλίνειν
554 5300 647 5353 ἐπὶ
688 5300 757 5352 τά
787 5300 889 5365 ἔξω
937 5301 1044 5353 τῶν
1089 5301 1398 5371 ἀλλοφύλων
1428 5301 1594 5354 ἐθνῶν
1638 5319 1771 5372 μαν-

206 5391 328 5441 τεῖα
362 5391 551 5443 σπάνει
582 5393 873 5463 προφητῶν
896 5393 1129 5448 οἰκείων.
1149 5393 1307 5447 Ἀλλά
1337 5393 1509 5447 ταῦτα
1545 5393 1642 5464 μὲν
1669 5387 1770 5447 ὧδε

206 5480 359 5543 τέλος
387 5482 574 5550 ἐχέτω,
606 5484 704 5555 τῆς
737 5486 794 5537 ὲν
840 5489 948 5549 τοῖς
989 5476 1252 5555 Ἑϐραίων
1288 5488 1590 5558 προφήταις
1623 5486 1773 5550 θείας,

206 5571 485 5641 δυνάμεως
518 5574 643 5628 ὄντα
675 5579 1217 5650 παραστατικά.“ορα
1245 5577 1308 5649 δὴ
1332 5574 1424 5631 οῦν
1449 5580 1648 5642 αὐτοῖς,
1681 5575 1769 5641 οἵα

206 5662 270 5737 δὴ
300 5663 501 5729 ἐνθέοις
527 5666 747 5747 ἀνδράσι
775 5668 865 5721 καὶ
894 5672 1095 5739 σοφοῖς,
1123 5669 1184 5722 οὐ
1214 5668 1332 5723 κατ’
1362 5668 1644 5741 ἄνθρωπον
1675 5669 1765 5734 γέ-

1886 4478 2016 4532 mihi
2051 4480 2184 4533 bene
2213 4494 2445 4548 vereque
2476 4479 2723 4533 videmur
2762 4494 2855 4534 eos
2899 4479 2992 4549 qui
3040 4480 3174 4535 tales
3223 4479 3447 4535 exstite-

1884 4571 2012 4633 rint,
2045 4585 2241 4625 vocare
2270 4571 2580 4640 prOphetas,
2608 4569 2753 4640 quod
2778 4570 2993 4625 divinus
3028 4570 3083 4624 in
3106 4571 3184 4626 eis
3208 4569 3443 4640 Spiritus

1882 4667 2007 4715 ante
2032 4660 2341 4723 ostendere,
2367 4667 2421 4714 et
2454 4660 2657 4715 lumine
2691 4676 2791 4715 suo
2813 4661 3131 4730 anticipare,
3165 4675 3274 4714 non
3304 4676 3442 4730 pra:-

1881 4748 2114 4801 sentium
2166 4746 2348 4812 modo,
2400 4762 2583 4801 verum
2637 4748 2797 4802 etiam
2869 4746 3174 4801 futurorum
3235 4761 3437 4810 veram,

1879 4851 2190 4909 certamque
2214 4840 2576 4909 cognitionem
2600 4839 2959 4893 consueverit.
2996 4838 3285 4899 Caeterum,
3309 4853 3441 4892 eon-

1878 4931 2233 5000 templamini,
2269 4947 2472 5001 qumso,
2512 4930 2739 5000 longene
2792 4929 2983 4983 melior
3018 4929 3132 4983 hmc
3165 4935 3220 4983 et
3258 4929 3439 4983 verior

1875 5026 2068 5089 oratio,
2100 5039 2220 5094 qua:
2249 5025 2325 5077 ait
2346 5023 2588 5079 divinum
2622 5023 2882 5093 Spiritum
2920 5023 2974 5076 in
3007 5022 3216 5075 animas
3240 5035 3439 5090 expur-

1876 5125 2050 5187 gatas,
2085 5125 2139 5172 et
2167 5117 2231 5171 ad
2269 5117 2673 5187 suscipiendam
2702 5109 3044 5170 Divinitatem
3078 5111 3437 5181 intelligentia

1874 5217 1929 5265 et
1962 5210 2171 5264 ratione
2212 5210 2383 5263 nitida
2435 5218 2800 5280 comparatas,
2849 5206 3057 5278 ingredi
3089 5204 3332 5264 solitum,
3366 5219 3434 5256 an

1872 5316 2061 5356 eorum
2093 5300 2184 5370 qui
2228 5301 2283 5354 in
2313 5302 2540 5356 materia
2580 5301 2819 5355 inanima
2850 5307 2904 5354 et
2943 5295 3302 5352 tenebricosis
3345 5310 3433 5347 se-

1870 5394 2137 5458 cessibus,
2188 5391 2430 5447 divinum
2482 5394 2626 5464 quod
2677 5394 2767 5456 sit,
2814 5390 3338 5456 includuntaatque
3373 5388 3427 5439 in

1870 5485 2193 5539 feminarum
2224 5485 2575 5556 virorumque
2606 5486 2835 5556 impuris
2861 5483 3079 5547 animis,
3123 5496 3333 5537 necnon
3368 5479 3424 5533 in

1869 5579 2047 5635 corvis
2102 5586 2263 5648 atque
2310 5578 2661 5650 accipitribus
2692 5578 2991 5647 avibusque
3028 5575 3259 5638 caeteris,
3294 5588 3432 5645 pra:-

1869 5679 2015 5749 terea
2048 5669 2102 5725 in
2134 5669 2311 5741 capris
2332 5676 2383 5739 et
2417 5670 2643 5740 reliquis
2674 5669 3021 5735 animalibus,
3053 5666 3350 5740 quinetiam
3374 5664 3430 5720 in
