3930 6202
486 257 592 313 34⁸1

1100 256 1369 313 EUSEBII
1407 248 1889 313 CASSARIENSIS
1925 257 2074 313 OPP.
2106 257 2302 315 PARS.
2342 258 2411 316 lt.
2450 288 2519 300 —
2548 253 3045 313 APOLOGETICA.

3610 254 3720 312 548

487 389 751 445 aquarum
775 373 1207 437 collectionibus,
1237 373 1293 429 in
1316 372 1641 445 extispiciis,
1674 376 1730 429 in
1759 376 2042 431 cruoribus

2153 375 2415 447 νομένοις,
2430 375 2549 429 κατ’
2566 375 2847 428 ἐπίπνοιαν
2869 374 2926 427 δὲ
2944 371 3087 426 θείου
3104 369 3418 441 Πνεῦματος
3433 368 3717 425 πείθεσθαι

485 468 795 520 odiosarum
832 481 893 519 ac
926 464 1250 520 deformium
1306 467 1632 532 belluarum,
1664 468 1720 522 in
1751 476 2049 523 venenato-

484 573 604 611 rum
637 560 968 628 serpentium
1001 558 1346 628 corporibus,
1372 566 1430 612 ut
1452 557 1751 613 draconum
1775 569 1828 614 et
1851 569 2054 613 muste-

483 649 680 714 larum,
711 659 764 703 et
795 649 1027 704 aliorum
1074 651 1313 718 ejusdem
1337 650 1574 721 generis,
1612 666 1706 721 per
1736 666 1858 720 quae
1906 649 2054 703 futu-

481 756 665 796 rarum
703 756 882 795 rerum
915 743 1280 812 cognitionem
1317 758 1347 796 a
1379 758 1636 813 supremo
1678 742 1787 797 Deo
1817 742 2051 797 indicari

480 834 535 883 et
565 829 741 899 prodi.
765 831 1112 888 admirabiles
1137 833 1226 887 isti
1249 839 1302 888 et
1324 833 1525 902 egregii
1552 840 1830 898 auctores,
1857 839 2049 885 contra

480 934 618 989 quos
647 920 904 985 dicimus,
952 933 1299 993 putaverunt.
1335 924 1498 993 210
1530 922 1700 979 Porro
1764 923 1909 978 istuc
1952 922 2051 977 bo-

480 1011 688 1064 minum
718 1011 823 1066 fuit
853 1014 1056 1067 nullam
1083 1015 1280 1070 divina:
1306 1025 1515 1070 naturae
1555 1015 1823 1069 rationem
1852 1014 2053 1069 haben-

480 1106 638 1168 tium,
681 1122 857 1176 neque
889 1122 1016 1162 vero
1047 1123 1294 1177 quaenam
1348 1107 1418 1162 sit
1463 1106 1631 1161 divini
1680 1105 1915 1177 Spiritus
1941 1106 2047 1169 vis,

479 1197 971 1264 considerantium,
1001 1216 1123 1270 quae
1153 1200 1302 1254 nullo
1328 1197 1489 1253 modo
1513 1198 1753 1253 inanima
1775 1199 2048 1267 brutaque

480 1287 737 1341 animalia
777 1289 1012 1344 incolere
1057 1289 1275 1361 gaudet,
1309 1303 1373 1342 ac
1407 1304 1476 1344 ne
1510 1289 1797 1342 rationalia
1828 1287 2046 1357 quidem

480 1386 699 1442 cuncta,
726 1379 819 1432 sed
847 1394 911 1433 ea
939 1388 1147 1434 tantum
1178 1381 1232 1433 in
1262 1395 1495 1450 quorum
1527 1380 1725 1435 animis
1760 1379 1933 1433 virtus
1962 1377 2049 1431 in-

479 1467 553 1522 sit
600 1469 862 1537 perl‘ecta,
904 1471 1092 1541 quales
1124 1472 1283 1541 paulo
1320 1483 1443 1526 ante
1472 1472 1765 1541 prophetas
1792 1468 2050 1524 Hebraeo-

480 1573 599 1611 rum
624 1560 800 1613 oratio
823 1570 1012 1616 nostra
1037 1560 1350 1631 descripsit.
1381 1576 1520 1631 quos
1550 1561 1791 1615 diximus
1824 1573 2048 1629 magna-

478 1664 601 1702 rum
636 1665 816 1704 rerum
862 1666 1051 1716 causa,
1090 1652 1273 1706 divino
1310 1651 1515 1721 Spiritu
1547 1651 1741 1722 dignos
1791 1666 1913 1705 esse
1947 1650 2044 1703 ha-

2151 468 2477 531 διδάσκουσι,
2505 465 2848 520 παιδεύεσθαί
2879 482 2939 518 τε
2967 464 3036 518 τὰ
3066 462 3198 534 παρ’
3224 463 3407 525 αὐτοῖς
3451 461 3717 532 δόγματα,

2152 558 2245 611 καὶ
2288 558 2385 621 τὰς
2415 556 2657 620 εὐσεϐεῖς
2690 557 2784 610 καὶ
2816 554 3183 617 ἁδιαπτώτους
3211 552 3506 620 θεολογίας,
3535 553 3719 607 οὐκέτ’

2151 648 2476 719 ἀμφιϐολίαν
2514 648 2723 719 ἔχοντα,
2758 649 2829 720 μή
2862 665 2937 717 πη
2964 648 3162 718 ἀρετῆς
3203 645 3298 700 καὶ
3340 644 3591 716 ἀληθείας
3616 645 3721 699 ἀλα

2148 741 2355 812 λότριον
2381 740 2694 809 ἐπάγονται.
2723 740 2845 813 αἰθέρ’
2872 736 2963 794 οὖν
2994 739 3093 811 ἤδη
3120 739 3325 803 λοιπὸν,
3356 738 3720 803 ἀναλαϐόντες

2148 831 2207 897 ἐξ
2236 830 2484 903 ὑπαρχῆς
2524 831 2614 884 τὸν
2656 831 2830 899 λόγον,
2858 830 2954 902 τὴν
2986 831 3045 883 ὲν
3071 833 3182 893 τοῖς
3209 829 3557 898 Εὑαγγελίοις
3584 828 3719 902 περὶ

2145 923 2245 995 τὴν
2272 921 2367 975 τοῦ
2388 922 2635 993 Σωτῆρος
2658 923 2813 994 ήμῶν
2839 922 3010 994 Ἰησοῦ
3038 922 3130 975 τοῦ
3158 921 3395 994 Χριστοῦ
3417 921 3718 991 θεολογίαν,

2146 1012 2255 1065 ἀπὸ
2308 1013 2407 1083 τῆς
2469 1014 2807 1083 προφητικῆς
2859 1012 3159 1084 μαρτυρίας
3218 1010 3721 1084 πιπωσιῦμεθιᾚ

2150 1105 2248 1176 μὲν
2290 1100 2383 1158 οὖν
2425 1105 2750 1176 εὐαγγελικὴ
2770 1103 3053 1176 ,μαρτυρία
3086 1098 3188 1157 ὦδε
3218 1104 3310 1158 τὸν
3340 1104 3575 1176 Χριστὸν
3600 1103 3721 1158 θεο-

2145 1195 2324 1265 λογεῖ·
2358 1215 2377 1248 ι
2401 1198 2488 1250 Ἐν
2519 1200 2657 1269 ἀρχῇ
2692 1192 2759 1267 ἧν
2805 1198 2833 1250 ό
2872 1195 3062 1265 Λόγος,
3088 1197 3180 1249 καὶ
3215 1198 3243 1248 ό
3282 1196 3452 1264 Λόγος
3478 1191 3549 1267 ἦν
3581 1195 3720 1267 πρὸς

2144 1289 2236 1342 τὸν
2265 1289 2414 1353 Θεὸν,
2440 1290 2533 1343 καὶ
2561 1289 2693 1353 Θεὸς
2723 1285 2790 1360 ἦν
2819 1290 2848 1340 ό
2876 1287 3064 1357 Λόγος.
3096 1289 3281 1342 Πάντα
3305 1289 3372 1342 δι’
3403 1288 3568 1343 αὑτοῦ
3596 1288 3720 1357 ἐγέ-

2145 1396 2285 1441 νετο,
2322 1379 2413 1433 καὶ
2446 1380 2612 1451 χωρὶς
2659 1378 2824 1431 αὐτοῦ
2860 1379 3074 1447 ἐγένετο
3117 1379 3237 1432 οὐδὲ
3263 1379 3343 1432 ἓν.
3378 1398 3397 1432 ι
3444 1379 3621 1433 Καλεῖ
3668 1379 3716 1432 δ’

2144 1471 2303 1525 αὑτὸν
2335 1472 2427 1524 καὶ
2450 1472 2563 1540 φῶς
2587 1471 2790 1542 νοερὸν,
2821 1471 2981 1525 καλεῖ
3018 1471 3074 1524 δὲ
3118 1473 3212 1525 καὶ
3248 1472 3470 1544 Κύριον,
3500 1472 3719 1545 ὠσπερ-

2142 1562 2235 1615 οῦν
2280 1563 2374 1616 καὶ
2418 1562 2568 1616 Θεόν.
2600 1564 2707 1617 Καὶ
2744 1565 2772 1617 ό
2819 1562 3104 1627 θεσπέσιος
3154 1564 3210 1618 δὲ
3248 1564 3478 1628 Παῦλος,
3505 1560 3596 1619 οἵα
3621 1564 3717 1618 τοῦ

2143 1654 2375 1726 Χριστοῦ
2414 1653 2658 1726 μαθητὴς
2689 1653 2762 1709 ὣν
2791 1656 2885 1708 καὶ
2913 1654 3229 1718 ἀπόστολος,
3254 1654 3466 1727 συνᾴδει
3496 1658 3563 1727 τῇ
3593 1654 3718 1708 θεο-

474 1740 644 1803 bitos,
676 1749 862 1811 utpote
894 1742 986 1811 qui
1020 1741 1170 1797 orbis
1204 1742 1443 1797 universi
1479 1741 1794 1796 hominibus
1822 1756 1885 1795 ea
1911 1756 2041 1810 pro-

2143 1746 2319 1817 λογίᾳ,
2351 1746 2523 1800 ταῦτα
2567 1747 2693 1818 περὶ
2729 1744 2892 1800 αὐτοῦ
2934 1744 3176 1829 διεξιών·
3214 1748 3344 1809 «Ὃς
3369 1748 3520 1801 ἐστιν
3551 1745 3720 1801 είκὼν

477 1830 669 1887 derent
700 1848 821 1902 qum
848 1832 914 1886 ad
956 1832 1197 1903 ipsorum
1234 1832 1289 1886 in
1338 1836 1540 1887 virtute
1585 1832 1886 1903 profectum
1916 1847 2045 1886 con-

477 1923 772 1990 ducerent;
837 1924 979 1994 qnod
1038 1924 1084 1979 si
1135 1924 1354 1995 quando
1416 1924 1539 1979 illos
1591 1924 1764 1979 instar
1816 1925 2041 1989 umbrae,

477 2013 644 2067 etiam
694 2029 877 2068 rerum
914 2016 1261 2085 prasentium
1307 2030 1371 2071 ac
1403 2015 1706 2075 mediarum
1757 2023 1920 2086 atque
1958 2015 2045 2068 in-

477 2103 842 2159 ditl‘erentium
873 2107 1113 2177 cognitio
1144 2107 1403 2163 comitata
1450 2114 1556 2170 εει,
1601 2122 1774 2178 usque
1822 2107 1956 2161 adeo
1985 2113 2044 2160 ut

475 2192 887 2251 sciscitantibus
939 2212 1059 2267 quae
1105 2197 1438 2267 ignorarent,
1488 2195 1555 2250 ad
1586 2203 1797 2266 tempus
1826 2209 2044 2266 quoque

474 2285 856 2357 praedicerent,
902 2289 1063 2344 etiam
1098 2288 1203 2345 hoc
1236 2288 1412 2360 ipsum
1447 2288 1760 2343 necessario
1798 2289 1906 2343 illis
1948 2287 2041 2358 qui

473 2373 542 2429 ad
581 2376 728 2447 ipsos
759 2377 1114 2442 accederent,
1157 2379 1466 2448 praebebant
1495 2397 1508 2432 ε
1562 2378 1821 2432 nimirum
1852 2396 1921 2434 ne
1952 2379 2039 2436 isti

474 2467 679 2523 curiosi
717 2482 781 2523 ac
837 2484 1100 2542 perquam
1148 2469 1290 2524 avidi
1341 2468 1759 2531 divinationum,
1790 2468 1915 2538 jure
1968 2470 2038 2525 ad

474 2565 718 2613 extrema
748 2558 976 2613 aliarum
1005 2560 1286 2613 nationum
1314 2559 1557 2622 oracula,
1591 2560 1816 2628 penuria
1846 2559 2037 2616 dome-

475 2649 740 2706 sticorum
788 2649 1200 2719 prophetarum,
1253 2648 1512 2705 secedere
1558 2649 1892 2705 viderentur.
1930 2649 2035 2706 Sed

472 2736 590 2790 haec
612 2736 880 2791 hactenus
906 2737 1051 2792 dicta
1083 2738 1213 2803 sint,
1247 2738 1315 2793 ad
1351 2738 1499 2793 illam
1540 2740 1651 2793 vim
1676 2740 1914 2795 divinam
1943 2740 2039 2796 de-

473 2827 884 2882 monstrandam
912 2844 1034 2905 qua;
1054 2829 1112 2883 in
1148 2830 1429 2901 prophetis
1458 2828 1805 2885 Hebraeorum
1838 2830 2034 2887 inerat.

473 2914 717 2989 Tempus
754 2917 920 2989 igitur
958 2919 1071 2988 jam
1106 2928 1190 2976 est
1220 2927 1277 2974 ut
1309 2920 1387 2974 illi
1417 2927 1675 2990 tanquam
1714 2921 1752 2975 ii
1792 2921 1886 2998 qui
1933 2921 2037 2976 viri

473 3009 644 3064 divini
690 3010 1095 3080 sapientesque,
1142 3026 1251 3066 non
1302 3011 1541 3067 humano
1590 3026 1762 3076 more,
1807 3012 2038 3068 exstite-

2144 1840 2236 1892 τοῦ
2265 1837 2397 1894 Θεοῦ
2426 1838 2674 1910 ἀοράτου,
2708 1838 3053 1910 Πρωτότοκος
3079 1839 3259 1910 πάσης
3270 1838 3516 1904 κτίσεως,
3545 1840 3629 1893 ὃτι
3659 1841 3717 1894 ἐν

2144 1929 2293 2000 αὐτῷ
2309 1928 2527 2000 ἐκτίσθη
2558 1928 2625 1981 τὰ
2642 1929 2834 1993 πάντα,
2848 1929 2917 1982 τὰ
2933 1932 2990 1982 ὲν
3018 1931 3131 1993 τοῖς
3154 1930 3401 2002 οὐρανοῖς
3416 1930 3511 1984 καὶ
3530 1930 3602 1983 τὰ
3624 1931 3719 1984 ἐπὶ

2140 2022 2239 2091 τῆς
2271 2022 2391 2093 γῆς,
2410 2022 2519 2074 εἴτε
2546 2020 2746 2092 θρόνοι,
2764 2023 2872 2076 εἴτε
2891 2021 3230 2093 κυριότητες,
3256 2022 3363 2075 εἴτε
3389 2024 3575 2095 ἀρχαὶ.
3606 2024 3717 2077 εἴτε

2141 2111 2400 2177 ἐξουσίαι.
2426 2110 2506 2165 Τὰ
2538 2110 2714 2164 πάντα
2741 2111 2806 2163 δι’
2839 2110 3006 2165 αὐτοῦ
3032 2112 3125 2167 καὶ
3145 2114 3225 2175 είς
3254 2111 3414 2165 αὑτὸν
3447 2112 3715 2177 ἔκτισται,

2140 2205 2233 2258 καὶ⁵
2251 2203 2412 2267 αὐτός
2426 2204 2541 2255 ἐστι
2563 2203 2669 2274 πρὸ
2687 2203 2923 2267 πάντων,
2947 2204 3038 2257 καὶ
3052 2202 3120 2256 τὰ
3140 2204 3315 2256 πάντα
3332 2203 3398 2256 δι’
3411 2203 3575 2256 αὐτοῦ
3591 2220 3716 2257 συν-

2142 2296 2357 2367 έστηκε.
2382 2315 2400 2348 ι
2418 2294 2693 2367 Κέκληται
2727 2296 2821 2349 καὶ
2845 2295 2979 2348 Θεοῦ
3000 2294 3225 2365 δύναμις
3251 2297 3341 2348 καὶ
3358 2294 3493 2348 Θεοῦ
3525 2296 3708 2363 σοφία.

2138 2386 2287 2441 Αὑτὰ
2320 2386 2387 2459 δὴ
2417 2382 2509 2439 οὖν
2539 2386 2713 2439 ταῦτα
2759 2385 3042 2458 πρόκειται
3069 2387 3163 2439 καὶ
3187 2384 3282 2439 νῦν
3312 2384 3419 2439 ἀπὸ
3444 2384 3551 2437 τῶν
3576 2385 3710 2456 παρ’

2151 2477 2418 2549 Ἑϐραίοις
2457 2475 2811 2548 προφητικῶν
2839 2476 3066 2548 γραφῶν
3098 2475 3477 2543 ὲξανθίσασθαι
3497 2515 3513 2538 ,
3537 2476 3615 2539 ὡς
3646 2474 3713 2530 ἂν

2136 2567 2225 2622 διὰ
2252 2570 2351 2639 τῆς
2382 2572 2439 2622 ὲν
2474 2568 2752 2640 ἑκατέροις
2792 2571 2904 2632 τοῖς
2955 2568 3145 2640 μέρεσι
3182 2569 3501 2639 συμφωνίας
3536 2568 3572 2638 ἡ
3618 2565 3711 2620 τοῦ

2136 2663 2368 2736 ἀληθοῦς
2396 2660 2668 2727 ἀπόδειξις
2703 2662 3096 2736 παρασταθείη.
3124 2664 3244 2735 Χρὴ
3273 2663 3329 2717 δὲ
3359 2664 3434 2734 μὴ
3468 2663 3709 2731 ἀγνοεῖν,

2135 2755 2217 2809 ὅτι
2243 2756 2292 2807 οἱ
2322 2754 2421 2824 μὲν
2449 2753 2583 2807 θεῖοι
2612 2756 2870 2825 χρησμοὶ,
2899 2755 3034 2808 πολὺ
3061 2756 3121 2809 τὸ
3148 2755 3242 2808 καὶ
3272 2754 3408 2826 πρὸς
3436 2753 3587 2819 λέξιν
3616 2754 3713 2811 καὶ

2136 2846 2273 2917 πρὸς
2314 2844 2557 2903 διάνοιαν
2619 2845 2893 2919 ὑπερφυὲς
2928 2849 2995 2917 τῇ
3026 2845 3316 2917 .Ἑὸραίων
3359 2848 3512 2917 φωνῇ
3558 2862 3717 2918 περι-

2137 2938 2369 3010 έχοντες,
2417 2937 2670 3012 διαφόρου
2715 2940 2811 3009 τῆς
2835 2939 2927 2995 ἐπὶ
2971 2939 3029 2993 τὸ
3074 2937 3380 3010 Ἑλληνικὸν
3412 2938 3713 3010 ἑρμηνείας

2135 3033 2485 3103 τετυχήκασι,
2503 3030 2595 3084 τοῦ
2615 3029 2995 3102 δυσθεωρήτου
3023 3030 3201 3102 χάριν.
3236 3031 3298 3084 Oi
3324 3030 3368 3084 δ’
3392 3025 3485 3083 οὖν
3518 3029 3712 3102 ἄνδρες

472 3109 622 3164 runt,
650 3100 744 3156 sed
768 3100 926 3155 alllati
950 3102 1134 3159 divino
1160 3102 1383 3174 Spiritu,
1406 3119 1526 3175 quae
1543 3102 1811 3160 credenda
1834 3110 2038 3168 essent,

2141 3100 2348 3195 ἀθρόως
2390 3121 2627 3194 Ἑϐραῖοι
2669 3100 2969 3193 συμφώνως
3009 3100 3177 3185 αὑτὰς
3213 3100 3709 3192 μεταϐεϐλήκασιν,

471 3192 780 3257 docuerint,
841 3209 942 3249 sua
991 3195 1232 3265 ipsorum
1283 3194 1524 3258 decreta,
1576 3201 1629 3250 et
1680 3210 1805 3250 cum
1838 3194 2038 3265 pietate

472 3286 799 3357 coniunctas
830 3288 1287 3357 incorruptasque
1341 3287 1667 3359 theologias,
1720 3289 1837 3343 sine
1886 3287 2036 3342 omni

470 3393 701 3449 prorsus
724 3380 1081 3450 ambiguitate
1108 3395 1208 3434 nos
1238 3379 1489 3446 doceant,
1517 3389 1575 3435 ut
1604 3382 1882 3436 videamus
1904 3397 2032 3435 num

469 3486 704 3547 usquam
744 3470 1049 3542 quidquam
1094 3486 1124 3533 ε
1182 3472 1384 3527 virtute
1427 3488 1492 3528 ac
1526 3473 1755 3528 veritate
1795 3473 2030 3527 alienum

469 3561 788 3632 importem.
854 3561 1094 3633 Agedum
1157 3561 1322 3631 igitur
1386 3561 1497 3631 jam
1556 3561 1832 3635 deinceps,
1895 3579 2033 3617 novo

468 3651 707 3724 quodam
738 3651 957 3708 dicendi
982 3653 1138 3709 initio
1159 3663 1464 3723 assumpto,
1498 3669 1619 3725 quae
1640 3654 1703 3708 in
1728 3654 2034 3724 Evangeliis

470 3743 540 3801 de
572 3743 857 3801 Salvatore
903 3761 1093 3802 neStro
1135 3744 1264 3802 Jesu
1304 3746 1522 3802 Christo
1552 3746 1820 3815 theologia
1859 3746 2034 3801 conti-

465 3844 645 3900 netur,
680 3851 801 3890 eam
849 3837 1181 3907 propheticis
1238 3851 1457 3907 quoque
1505 3836 1832 3891 testimoniis
1880 3852 2032 3891 com—

465 3927 779 3996 probemus.
828 3926 1151 3997 Evangelica
1207 3926 1371 3998 igitur
1413 3926 1725 3981 testiﬁcatio
1768 3928 1926 3982 talem
1972 3927 2040 3982 de

2135 3213 2215 3282 οἷς
2250 3218 2478 3290 μάλιστα
2509 3218 2600 3271 τὸν
2628 3216 2752 3270 νοῦν
2778 3214 3132 3287 προσέξομεν,
3167 3215 3250 3267 ὅτι
3287 3213 3351 3285 δὴ
3387 3215 3483 3267 καὶ
3515 3216 3583 3285 τῇ
3613 3211 3707 3267 τοῦ

2135 3310 2371 3384 Χριστοῦ
2417 3308 2712 3380 Ἐκκλησία
2744 3307 2952 3372 τούτοις
2982 3304 3283 3377 κεχρῆσθαι
3324 3304 3497 3374 φίλον.
3540 3305 3608 3357 Εί
3650 3303 3707 3358 δέ

2135 3420 2237 3456 που
2265 3403 2464 3471 γίνοιτο
2497 3402 2677 3473 χρεία,
2707 3400 2829 3454 οὐδὲ
2854 3399 2952 3463 τὰς
2982 3399 3091 3453 τῶν
3129 3398 3269 3470 μετὰ
3304 3397 3476 3451 ταῦτα
3506 3396 3709 3450 νεωτέ-

2134 3514 2241 3567 ρων
2281 3495 2630 3568 ὲρμηνευτῶν
2666 3494 2929 3557 ἐκδόσεις,
2961 3487 3049 3556 αἷς
3088 3490 3258 3545 εἰσέτι
3288 3489 3382 3543 νῦν
3427 3488 3708 3551 Ἰουδαίοις

2128 3585 2363 3656 χρῆσθαι
2387 3584 2558 3654 φίλον,
2590 3583 3056 3656 παραιτησόμεθα·
3076 3583 3153 3645 ὡς
3178 3581 3244 3635 ἂν
3271 3579 3610 3650 πανταχόθεν
3637 3579 3709 3633 τὰ

2134 3676 2233 3745 τῆς
2280 3673 2604 3741 ἀποδείξεως
2649 3675 2777 3744 ἡμῖν
2827 3671 3175 3744 βεδαιοτέρας
3220 3669 3370 3741 τύχοι
3421 3669 3707 3737 παραστά-

2142 3784 2298 3832 σεως.
2331 3766 2545 3820 Τούτων
2584 3768 2716 3837 ἡμῖν
2749 3763 3317 3836 πεπροοιμιασμένων,
3348 3761 3578 3815 καὶτῶν
3615 3761 3704 3813 ὲν-

2137 3856 2273 3913 θέων
2301 3856 2492 3927 φωνῶν
2525 3857 2625 3928 ήδη
2652 3856 2833 3910 λοιπὸν
2862 3852 3199 3928 εφαιζώμεθα.

463 4017 683 4074 Christo
730 4019 934 4090 profert
988 4020 1314 4084 theologiam
1351 4039 1363 4074 :
1405 4038 1424 4072 ι
1480 4018 1540 4075 In
1590 4021 1858 4095 principio
1901 4028 2020 4075 erat
2060 4017 2321 4083 Verbum,
2376 4024 2432 4073 et
2488 4015 2724 4073 Verbum
2762 4025 2879 4070 erat
2937 4013 3078 4085 apud
3110 4010 3282 4068 Deum
3320 4029 3335 4066 :
3374 4008 3559 4065 omnia
3600 4020 3704 4077 per

463 4107 641 4181 ipsum
672 4110 815 4169 facta
840 4120 991 4177 sunt,
1036 4121 1092 4167 et
1134 4113 1253 4169 sine
1278 4112 1400 4183 ipso
1437 4112 1642 4168 factum
1666 4122 1753 4170 est
1782 4114 1918 4168 nihil
1939 4114 2007 4172 ".
2049 4134 2068 4167 ι
2108 4112 2277 4167 Vocat
2308 4127 2470 4182 porro
2524 4111 2677 4165 illum
2704 4110 2878 4165 lucem
2904 4108 3512 4179 intelligentem,ovocat
3531 4101 3699 4156 etiam

463 4197 778 4265 Dominum,
834 4202 976 4259 sicut
1025 4203 1241 4260 interim
1292 4203 1458 4261 Deum
1507 4221 1744 4276 quoque.
1796 4204 2020 4261 Divinus
2059 4213 2239 4261 autem
2284 4202 2508 4267 Paulus,
2570 4210 2828 4272 tanquam
2863 4199 3064 4256 Christi
3110 4194 3413 4266 discipulus
3474 4198 3527 4248 ct
3563 4204 3699 4260 apo-

464 4296 661 4360 stolus,
692 4297 865 4352 eidem
900 4298 1190 4370 theologia:
1233 4299 1554 4367 concordat,
1601 4299 1693 4354 ubi
1745 4300 1813 4355 de
1852 4300 1948 4355 illo
1980 4300 2095 4356 base
2133 4307 2319 4354 narrat
2348 4317 2362 4353 :
2393 4316 2411 4350 ι
2447 4295 2551 4365 Qui
2573 4305 2658 4352 est
2679 4297 2858 4366 imago
2886 4294 2981 4349 Dei
3021 4290 3337 4355 invisibilis,
3366 4284 3701 4360 primogeni-

462 4397 554 4446 tus
584 4390 764 4447 omnis
789 4402 1072 4458 creaturae,
1115 4394 1380 4467 quoniam
1411 4394 1467 4448 in
1497 4394 1617 4464 ipso
1645 4394 1867 4450 condita
1924 4401 2052 4451 sunt
2085 4394 2364 4457 universa,
2426 4391 2481 4447 in
2519 4391 2658 4448 caelo
2681 4400 2736 4445 et
2763 4390 2817 4444 in
2847 4398 3017 4452 terra,
3046 4382 3281 4444 visibilia
3301 4392 3355 4439 et
3374 4376 3696 4441 invisibilia,

462 4478 578 4535 sive
590 4478 927 4549 throni,sive
942 4485 1364 4548 dominationes,
1401 4484 1517 4541 sive
1535 4483 1899 4556 principatus,
1923 4485 2038 4540 sive
2072 4490 2389 4554 potestates,
2405 4481 2590 4537 omnia
2606 4496 2702 4552 per
2719 4480 2898 4552 ipsum
2918 4488 2972 4534 et
2997 4478 3054 4533 in
3088 4478 3210 4547 ipso
3253 4468 3436 4528 creata
3456 4477 3610 4532 sunt,
3629 4472 3687 4522 et

464 4577 582 4642 ipse
607 4579 692 4628 εει
729 4581 854 4630 ante
890 4575 1093 4639 omnia,
1140 4585 1194 4631 et
1240 4577 1424 4631 omnia
1462 4592 1559 4648 per
1596 4577 1775 4648 ipsum
1822 4578 2154 4632 censtant”.
2181 4595 2199 4628 ι
2234 4573 2476 4628 Vocatur
2506 4580 2687 4630 autem
2737 4580 2790 4627 et
2821 4570 2917 4627 Dei
2971 4573 3141 4624 virtus
3197 4572 3254 4620 et
3287 4562 3693 4635 Deisapientia.

459 4665 618 4734 211
655 4664 777 4720 Haec
808 4666 924 4735 ipsa
972 4667 1136 4736 igitur
1164 4666 1269 4722 hoc
1330 4676 1572 4738 tempore
1607 4668 1675 4724 de
1717 4668 2048 4740 prepheticis
2086 4666 2439 4723 Hebraeorum
2479 4666 2879 4732 monumentis,
2929 4663 3087 4734 quasi
3124 4661 3190 4716 de
3249 4656 3417 4712 variis
3466 4656 3695 4710 tioribus

459 4756 759 4827 colligenda
789 4759 946 4817 nobis
998 4762 1275 4833 proposita
1329 4771 1458 4817 sunt
1486 4770 1548 4818 ut
1578 4779 1673 4834 per
1714 4765 1995 4834 utriusque
2054 4765 2225 4834 partis
2282 4763 2698 4819 consensionem
2751 4757 3143 4816 demonsuatio
3177 4760 3390 4810 constet
3421 4750 3691 4809 veritatis.

458 4848 749 4913 Craterum,
803 4851 1056 4921 ignorare
1106 4854 1418 4922 neutiquam
1453 4862 1686 4925 oportet,
1733 4856 2186 4927 quemadmodum
2216 4855 2401 4913 divina
2434 4855 2677 4921 oracula,
2729 4868 2854 4908 cum
2890 4852 3118 4904 multum
3150 4847 3317 4918 quod,
3349 4843 3545 4898 tumin
3570 4857 3694 4896 ver-

457 4941 566 5005 bis,
598 4948 710 4994 tum
743 4939 799 4994 in
846 4942 1155 5007 sententiis,
1184 4944 1413 5000 miriﬁce
1448 4946 1695 5009 excellat,
1729 4944 1991 5001 llebraica
2024 4948 2205 5017 lingua
2238 4948 2574 5012 contineant,
2610 4946 2814 5001 variam
2850 4944 3226 5011 diversamque
3273 4940 3326 4992 in
3368 4936 3556 4991 Graeca
3586 4936 3695 4990 lin.

458 5051 565 5105 gua
598 5036 1124 5104 interpretationem,
1179 5038 1249 5092 ob
1307 5036 1675 5097 difﬁcultatem
1733 5042 2157 5111 contemplandi,
2203 5043 2396 5098 sortita
2451 5042 2581 5097 sint.
2643 5039 2748 5096 Sed
2799 5054 2923 5096 cum
2961 5039 3089 5094 olim
3132 5035 3233 5089 viri
3269 5033 3481 5089 Hebraei
3532 5032 3692 5086 multi

458 5129 622 5182 snnul
657 5132 1031 5195 convenerint,
1081 5138 1135 5187 et
1168 5147 1274 5186 una
1333 5133 1629 5203 eademque
1683 5150 1812 5190 voce
1873 5137 1965 5191 illa
2006 5139 2186 5194 omnia
2226 5138 2614 5202 converterint,
2647 5150 2743 5191 eos
2808 5134 3043 5188 maxime
3092 5146 3405 5201 sequemur,
3448 5128 3691 5198 quando-

455 5218 672 5285 quidem
699 5222 902 5279 Christi
929 5238 1145 5293 quoque
1178 5225 1433 5280 Ecclesiae
1489 5225 1681 5281 iisdem
1719 5228 1798 5281 uti
1830 5228 2051 5298 placuit.
2099 5228 2282 5284 Sicubi
2314 5238 2494 5284 autem
2541 5243 2644 5282 usu
2699 5226 2928 5290 venerit,
2960 5241 3028 5280 ne
3050 5223 3327 5293 iuniorum
3357 5223 3578 5293 quidem
3607 5222 3689 5274 in-

457 5318 753 5379 terpretum
783 5329 952 5370 novas
979 5314 1269 5383 editiones,
1300 5332 1435 5387 quas
1465 5317 1628 5371 etiam
1676 5333 1820 5374 nunc
1861 5320 2030 5376 Judaei
2070 5321 2301 5377 libenter
2327 5327 2609 5389 usurpant,
2676 5319 3050 5374 recusabimus
3103 5335 3116 5370 :
3180 5322 3236 5369 ut
3260 5328 3474 5385 eaquae
3498 5312 3567 5367 ad
3592 5327 3691 5367 nec

461 5408 632 5454 stram
685 5402 823 5458 hanc
853 5404 1371 5461 demonstrationem
1429 5407 1720 5476 pertinent,
1751 5424 1820 5464 ex
1864 5411 2013 5464 omni
2052 5410 2501 5480 parte_stabilius
2550 5410 2867 5480 ﬁrmiusque
2921 5408 3245 5464 consistant.
3271 5405 3406 5463 Cum
3430 5405 3693 5460 hachac-

456 5497 617 5551 tcnus
642 5495 852 5561 praefati
874 5499 1068 5564 simus,
1108 5499 1377 5570 reliquum
1422 5500 1538 5571 jam
1566 5509 1673 5567 est,
1699 5510 1757 5557 ut
1790 5503 1846 5560 in
1875 5504 2026 5577 ipsas
2058 5503 2272 5561 divinas
2304 5520 2465 5561 voces
2497 5504 2838 5561 insiStamus.

526 5603 574 5640 "
595 5602 751 5665 Ioan.
780 5624 822 5676 ι,
853 5609 966 5664 1-5.
1042 5610 1091 5643 ⁸⁸
1112 5609 1323 5668 Coloss.
1353 5626 1393 5679 ι,
1432 5610 1620 5668 15-17.
