3930 6202
219 229 329 285 549

752 348 1142 401 ΚΕΦΑΛΑΙΟΝ
1171 351 1228 400 A'
1239 389 1252 400 .

228 457 332 526 Ὠς
358 461 494 528 παρ’
533 459 823 528 Ἑϐραίοις
846 461 878 512 ὀ
906 458 1248 527 σοφώτατος
1276 457 1557 526 Σολομὼν
1575 457 1645 510 ἐν
1675 461 1796 511 Πα-

283 531 545 598 ροιμίαις
573 527 697 583 οἷδὲ
738 545 867 581 τινα
896 532 1273 596 πρωτότοκον
1305 528 1410 581 τοῦ
1443 529 1587 582 Θεοῦ
1619 528 1798 582 δύνα-

286 619 414 670 μιν,
448 600 526 666 ἡν
569 602 664 653 καὶ
701 600 920 668 σοφίαν
959 599 1125 670 Θεοῦ,
1167 599 1263 652 καὶ
1306 598 1566 668 γέννημα
1593 599 1798 670 αὐτοῦ

293 668 744 742 προσαγορεύει,
779 668 1094 738 ὠσπεροῦν
1126 670 1224 722 καὶ
1256 670 1426 738 ἡμεῖς
1456 668 1795 739 δοξάζομεν.

302 871 322 903 ι
375 848 516 920 Ἐγὼ
543 848 764 920 ἡΣοφία
794 848 1180 917 κατεσκήνωσα
1211 847 1424 918 βουλὴν,
1455 849 1548 900 καὶ
1577 846 1797 915 γνῶσιν,

223 946 322 1000 καὶ
351 943 558 996 ἔννοιαν
600 942 710 1010 ἐγὼ
736 939 1172 1012 ἐπεκαλεσάμην.
1209 940 1372 1003 Φόϐος
1407 940 1610 1011 Κυρίου
1653 943 1802 1010 μισεῖ

222 1038 462 1100 ἀδικίαν,
489 1034 645 1106 ὓϐριν
676 1051 734 1086 τε
766 1035 860 1086 καὶ
893 1033 1291 1104 ὑπερηφανίαν,
1323 1034 1416 1085 καὶ
1446 1033 1598 1094 ὁδοὺς
1631 1047 1798 1102 πονη-

227 1130 360 1201 ρῶν.
391 1127 690 1198 Μεμίσηκα
717 1124 772 1176 δέ
801 1123 910 1192 ἐγὼ
942 1124 1376 1196 διεστραμμένας
1406 1123 1557 1185 ὁδοὺς
1591 1121 1797 1174 κακῶν.

235 1219 379 1292 Ἐμὴ
432 1217 596 1288 βουλὴ
643 1217 736 1269 καὶ
789 1215 1075 1285 ἀσφάλεια,
1123 1215 1228 1286 ἐμὴ
1275 1215 1554 1285 φρόνησις,
1601 1214 1706 1284 ἐμὴ
1743 1212 1800 1264 δὲ

225 1313 405 1383 ἰσχύς.
437 1312 514 1362 Δι’
546 1308 677 1380 ἐμοῦ
705 1308 939 1379 βασιλεῖς
967 1307 1328 1378 βασιλεύουσι,
1355 1307 1446 1360 καί
1471 1308 1518 1358 οἱ
1548 1305 1802 1358 δυνάσται

222 1406 498 1478 γραφουσι
535 1401 916 1473 δικαιοσύνην·
959 1400 1028 1454 δι’
1075 1399 1207 1471 ἐμοῦ
1257 1402 1579 1470 μεγιστᾶνες
1630 1415 1801 1469 μεγα-

221 1497 499 1560 λύνονται,
542 1495 634 1549 καὶ
659 1494 910 1566 τύραννοι
939 1493 1007 1546 δι’
1037 1492 1170 1564 ἐμοῦ
1215 1491 1474 1563 κρατοῦσι
1517 1493 1619 1562 γῆς
1641 1509 1654 1521 ο
1692 1491 1803 1560 ἐγὼ

219 1593 360 1653 τοὺς
387 1591 484 1660 ἐμὲ
517 1588 800 1658 φιλοῦντας
829 1585 1052 1656 ἀγαπῶ’
1085 1588 1134 1638 οἱ
1157 1585 1213 1638 δὲ
1254 1586 1353 1656 ἐμὲ
1386 1583 1675 1655 ζητοῦντες
1713 1585 1803 1638 εὑ-

226 1686 457 1757 ρήσουσι
485 1683 670 1755 χάριν·
709 1681 936 1744 πλοῦτος
963 1681 1058 1734 καὶ
1098 1680 1219 1746 δόξα
1248 1679 1373 1751 ἐμοὶ
1413 1679 1670 1750 ὑπάρχει,
1707 1680 1802 1732 καὶ

223 1778 421 1845 κτῆσις
447 1774 653 1828 πολλῶν
683 1773 777 1828 καὶ
804 1772 1134 1844 δικαιοσύνη.
1173 1772 1388 1825 Βέλτιον
1409 1771 1510 1842 ἐμὲ
1538 1772 1801 1843 καρπίζε-

225 1868 352 1920 σθαι
396 1867 537 1938 ὑπὲρ
585 1865 818 1939 χρυσίον.
856 1865 948 1918 καὶ
990 1863 1133 1916 λίθον
1183 1864 1360 1935 τίμιον
1408 1862 1603 1917 πολύν’
1640 1862 1708 1915 τὰ
1744 1863 1800 1916 δὲ

221 1957 337 2027 ἐμὲ
391 1957 706 2027 γεννήματα
766 1959 1014 2027 κρεῖσσον
1061 1954 1319 2026 ἀργυρίου
1373 1952 1652 2009 ἐκλεκτοῦ.
1713 1954 1800 2007 Ἐν

219 2049 366 2112 ὁδοῖς
402 2047 750 2118 δικαιοσύνης
798 2045 1104 2118 περιπατῶ,
1137 2048 1229 2099 καὶ
1267 2047 1325 2098 ἐν
1360 2045 1496 2108 ὁδοῖς
1527 2045 1798 2099 δικαιοσύ-

217 2160 324 2214 νης
368 2142 815 2213 ἀναστρέφομαι,
852 2141 937 2193 ἵνα
979 2140 1186 2211 μερίσω
1227 2141 1338 2201 τοῖς
1378 2139 1477 2207 ἐμὲ
1518 2137 1800 2206 ἀγαπῶσιν

223 2232 486 2304 ὓπαρξιν,
521 2233 614 2284 καὶ
655 2233 780 2294 τοὺς
815 2231 1119 2302 θησαυροὺς
1154 2229 1330 2282 αὐτῶν
1364 2228 1629 2300 ἐμπλήσω
1667 2230 1802 2297 ἀγα-

223 2324 370 2378 θῶν·
405 2323 500 2377 ἐὰν
535 2323 835 2392 ἀναγγείλω
867 2325 994 2393 ὑμῖν
1027 2323 1094 2376 τὰ
1128 2322 1247 2376 καθ’
1282 2321 1493 2393 ἡμέραν
1522 2323 1798 2392 γινόμενα,

227 2415 591 2488 μνημονεύσω
626 2416 694 2468 τὰ
722 2414 780 2481 ἐξ
811 2415 1002 2477 αἰῶνος
1031 2413 1353 2484 ἀριθμῆσαι.
1389 2412 1591 2484 Κύριος
1621 2413 1799 2467 ἐκτισέ

226 2525 297 2580 με
325 2508 503 2579 ἀρχὴν
526 2507 659 2561 ὁδῶν
681 2505 844 2560 αὑτοῦ
871 2508 950 2570 είς
976 2506 1111 2577 ἔργα
1138 2505 1301 2559 αὑτοῦ
1322 2523 1334 2536 ·
1365 2505 1469 2576 πρὸ
1490 2504 1582 2558 τοῦ
1609 2505 1801 2568 αἰῶνος

223 2600 560 2670 ἐθεμελίωσέ
607 2617 696 2670 με,
745 2601 802 2652 ἐν
833 2600 973 2670 ἀρχῇ
1011 2597 1116 2669 πρὸ
1150 2598 1241 2650 τοῦ
1284 2597 1381 2669 τὴν
1415 2597 1519 2668 γῆν
1556 2597 1798 2666 ποιῆσαι,

224 2695 323 2746 καὶ
343 2693 452 2764 πρὸ
471 2693 566 2745 τοῦ
596 2693 692 2755 τὰς
713 2691 978 2755 ἀὸύσσους
1006 2691 1248 2760 ποιῆσαι,
1273 2691 1376 2761 πρὸ
1397 2691 1491 2744 τοῦ
1523 2689 1800 2762 προελθεῖν

224 2787 327 2848 τὰς
350 2785 534 2855 πηγὰς
560 2784 667 2838 τῶν
695 2783 920 2848 ὑδάτων,
951 2783 1056 2854 πρὸ
1078 2783 1171 2836 τοῦ
1201 2783 1301 2854 ὅρη
1326 2783 1668 2854 ἑδρασθῆναι,
1696 2781 1801 2853 πρὸ

223 2879 284 2932 δὲ
337 2877 554 2929 πάντων
606 2874 807 2945 βουνῶν
845 2875 1006 2943 γεννᾷ
1053 2890 1141 2943 με.
1177 2873 1380 2944 Κύριος
1429 2872 1650 2942 ἐποίησε
1693 2871 1800 2942 χώ-

226 2990 331 3044 ρας
359 2973 645 3042 ἀοικήτους
677 2970 771 3022 καὶ
812 2968 955 3040 ἄκρα
983 2965 1274 3036 οἰκούμενα
1306 2966 1404 3036 τῆς
1431 2965 1522 3018 ὑπ’
1552 2965 1797 3037 οὐρανόν.

1132 225 1785 284 DEMONSTRATIONIS
1816 225 2272 285 EVANGELICIE
2315 226 2442 283 LIB.
2489 226 2553 282 γ.

1821 355 1866 412 Α

3359 231 3463 288 5350

2522 344 2754 401 CAPUT
2786 346 2827 400 Ι.

1901 462 2354 530 Quemadmodum
2381 460 2521 530 apud
2561 461 2808 516 llebro'os
2839 461 3264 528 sapientissimus
3301 463 3464 519 Salo-

1974 550 2113 604 mon,
2150 534 2204 585 in
2240 531 2536 585 Proverbiis
2563 536 2703 585 novit
2742 538 3030 604 quamdam
3063 536 3464 604 primogenitum

1973 602 2068 656 Dei
2091 605 2366 666 virtutem,
2398 619 2553 671 quant
2579 614 2628 655 et
2659 606 2969 670 sapientiam
3001 603 3118 666 Dei,
3155 619 3201 656 et
3233 602 3464 672 ejusdem

1969 673 2198 745 sobolem
2242 674 2471 742 appellat
2503 689 2520 725 :
2575 675 2709 726 sicut
2738 675 2946 726 interim
2975 691 3068 727 nos
3096 691 3297 745 quoque
3321 693 3467 730 cam-

1968 743 2081 798 dem
2099 745 2483 814 gloriﬁcamus.

1973 876 1993 909 ι
2031 856 2143 928 Ego
2189 855 2463 926 Sapientia
2496 854 2734 909 habitavi
2765 856 3076 917 consilium,
3115 864 3167 910 et
3195 855 3464 928 cognitio-

1899 967 2042 1016 nem,
2067 959 2120 1004 et
2147 949 2528 1019 cogitationem
2575 963 2673 1018 ego
2707 948 2953 1002 invocavi
2981 968 2994 1003 :
3042 949 3204 1003 tin‘ior
3252 927 3464 1003 Domini

1899 1042 2014 1095 odit
2041 1041 2382 1109 injustitiam,
2419 1040 2910 1109 contumeliamque
2934 1048 2988 1095 et
3037 1043 3370 1110 superbiam,
3410 1052 3466 1098 et

1901 1135 2016 1188 vias
2047 1150 2336 1203 pravorum
2369 1150 2382 1184 :
2414 1133 2504 1186 odi
2539 1149 2665 1186 vero
2685 1149 2783 1204 ego
2831 1150 3114 1204 perversas
3143 1135 3258 1190 vius
3289 1138 3462 1190 malo-

1902 1240 2021 1278 rum
2058 1244 2070 1278 :
2124 1241 2302 1279 meum
2331 1231 2411 1279 est
2438 1225 2727 1278 consilium
2761 1233 2814 1279 et
2849 1227 3120 1280 stabilitas
3149 1245 3163 1280 :
3219 1243 3342 1280 mea
3380 1236 3464 1283 est

1901 1315 2210 1386 prudentia,
2241 1331 2362 1370 mea
2397 1325 2576 1369 autem
2610 1314 2876 1370 fortitudo
2914 1337 2926 1371 :
2961 1335 3056 1387 per
3083 1333 3167 1372 me
3201 1333 3354 1387 reges
3377 1335 3464 1374 re-

1901 1418 2088 1479 gnant,
2112 1416 2165 1465 et
2198 1420 2441 1479 potentes
2466 1409 2989 1477 scribuntjustitiam
3019 1428 3144 1480 :per
3173 1426 3258 1464 me
3288 1412 3467 1482 magni

1901 1500 2004 1553 viri
2031 1498 2444 1569 magniﬁcantur
2463 1537 2477 1560 ,
2509 1506 2562 1551 et
2592 1497 2806 1568 tyranni
2843 1513 2942 1567 per
2971 1515 3057 1552 me
3083 1499 3333 1552 obtinent
3359 1507 3468 1553 ter-

1903 1607 2019 1646 ram
2051 1613 2063 1647 :
2093 1607 2192 1663 ego
2225 1601 2467 1646 amantes
2520 1605 2606 1644 me
2649 1589 2835 1660 diligo,
2873 1600 2927 1646 et
2953 1591 3047 1661 qui
3095 1598 3344 1660 quierunt
3384 1607 3469 1648 me

1804 1701 1873 1768 ’Β
1905 1686 2178 1740 invenient
2208 1685 2436 1753 gratiam
2466 1703 2479 1737 :
2507 1683 2707 1736 divitiae
2733 1690 2788 1738 et
2817 1683 2983 1753 gloria
3007 1683 3136 1736 mihi
3167 1683 3386 1747 adsunt,
3415 1692 3471 1739 et

1903 1777 2178 1848 possessio
2193 1775 2732 1845 multorumjustitia.
2752 1774 3040 1829 Meliusest
3055 1773 3161 1828 frui
3178 1791 3280 1836 me,
3305 1791 3468 1845 quam

1901 1887 2035 1925 auro
2067 1879 2121 1925 et
2151 1871 2326 1940 lapide
2359 1872 2596 1941 pretioso
2624 1870 2792 1923 multo
2818 1889 2830 1923 :
2869 1870 2972 1922 mei
3000 1884 3130 1923 vero
3155 1867 3318 1932 fetus,
3356 1883 3471 1923 me-

1900 1963 2066 2016 liores
2097 1969 2320 2032 argento
2349 1963 2543 2016 electo.
2579 1961 2741 2029 212
2765 1957 2824 2014 ιη
2851 1960 3196 2029 viisjustitia:
3228 1959 3468 2024 ambulo,

1900 2063 1954 2111 et
1987 2056 2129 2110 inter
2149 2055 2266 2110 vias
2297 2055 2542 2108 veritatis
2576 2067 2789 2116 versor,
2825 2061 2886 2106 ut
2916 2051 3154 2106 dividam
3195 2051 3472 2120 diligenti-

1901 2149 2003 2204 bus
2035 2163 2121 2202 me
2149 2147 2537 2209 substantiam,
2569 2154 2622 2201 et
2651 2147 2940 2200 thesauros
2973 2160 3162 2199 eorum
3220 2144 3470 2212 impleam

1899 2239 2055 2294 bonis
2083 2258 2094 2293 :
2127 2239 2174 2294 si
2209 2238 2610 2293 annuntiavero
2669 2237 2824 2291 vobis
2871 2251 2990 2305 qua:
3016 2234 3262 2304 quotidie
3311 2235 3470 2298 fiunt,

1900 2346 2270 2388 memoravero
2317 2345 2439 2401 qua:
2482 2346 2513 2384 a
2569 2331 2768 2386 saeculo
2793 2337 2920 2385 sunt
2953 2328 3019 2382 ad
3051 2326 3484 2382 numerandum.

1900 2424 2164 2481 Dominus
2196 2425 2400 2480 creavit
2425 2439 2509 2478 me
2528 2422 2742 2476 initium
2766 2421 2976 2474 viarum
3003 2434 3226 2475 suarum
3258 2418 3312 2471 in
3337 2431 3472 2486 ope-

1900 2531 1962 2570 ra
1995 2529 2092 2570 sua
2131 2534 2143 2569 :
2191 2524 2314 2569 ante
2357 2515 2619 2569 saeculum
2673 2512 2918 2566 fundavit
2951 2526 3070 2574 me,
3113 2511 3167 2564 in
3202 2508 3476 2578 principio

1902 2614 2187 2676 antequam
2220 2612 2420 2659 terram
2459 2603 2682 2665 faceret,
2717 2611 2770 2657 et
2804 2609 3095 2671 antequam
3119 2600 3350 2670 abyssos
3384 2596 3468 2651 fa-

1900 2705 2066 2762 ceret,
2117 2703 2407 2765 autequam
2449 2692 2730 2763 prodirent
2762 2691 2940 2746 fontes
2988 2704 3274 2760 aquarum,
3310 2695 3466 2742 ante-

1901 2806 2063 2860 quam
2099 2796 2312 2844 montes
2339 2788 2453 2842 suis
2484 2786 2707 2840 sedibus
2736 2785 3099 2842 firmarentur.
3119 2790 3244 2836 ante
3278 2797 3471 2837 omnes

1901 2878 2066 2932 colles
2097 2875 2266 2946 gignit
2299 2891 2414 2930 me:
2443 2873 2706 2929 Dominus
2729 2873 2856 2928 fecit
2884 2872 3152 2943 regiones,
3167 2881 3220 2926 et
3242 2887 3335 2927 eas
3352 2885 3473 2941 quae

1902 2985 2010 3024 non
2069 2969 2416 3031 habitantur,
2453 2974 2508 3022 et
2554 2967 2790 3020 vertices
2824 2965 2918 3035 qui
2953 2965 3305 3030 habitantur,
3347 2964 3469 3033 ejus

233 3065 436 3118 Ἢνίκα
479 3060 736 3134 ἡτοίμαζε
779 3061 870 3114 τὸν
919 3059 1168 3131 οὐρανὸν,
1219 3059 1594 3130 συμπαρήμην
1634 3057 1798 3130 αὑτῷ,

1908 3074 2022 3130 qua:
2052 3059 2156 3114 sub
2187 3058 2324 3113 cmlo
2353 3063 2437 3112 est
2468 3076 2481 3111 :
2534 3057 2751 3128 quando
2790 3059 3016 3128 parabat
3046 3057 3268 3122 coelum,
3307 3055 3471 3110 simul

221 3157 330 3228 καὶ
371 3157 461 3208 ὅτε
511 3153 746 3228 ἀφώριζε
795 3154 884 3206 τὸν
936 3153 1129 3206 ἑαυτοῦ
1183 3151 1368 3223 θρόνον
1413 3153 1500 3204 ἐπ’
1550 3151 1797 3222 ἀνέμων·

221 3248 404 3320 ἡνίκα
451 3247 637 3318 ισχυρὰ
669 3245 839 3298 ἐποίει
871 3245 941 3298 τὰ
967 3243 1079 3298 ἄνω
1122 3245 1279 3315 νέφη,
1309 3245 1404 3296 καὶ
1441 3243 1516 3306 ὡς
1546 3243 1803 3311 ἀσφαλεῖς

221 3338 402 3392 ἐτίθει
435 3338 611 3407 πηγὰς
639 3337 738 3406 τῆς
773 3337 864 3389 ὑπ“
894 3336 1139 3407 οὐρανὸν,
1175 3335 1232 3386 ἐν
1261 3333 1338 3404 τῷ
1367 3332 1574 3386 τιθέναι
1607 3335 1684 3404 τῇ
1709 3332 1804 3385 θα-

221 3431 408 3501 λάσσῃ
436 3427 773 3500 ἀκριϐασμὸν
804 3427 987 3491 αὑτοῦ,
1039 3427 1132 3480 καὶ⁵
1165 3425 1330 3479 ὕδατα
1353 3426 1413 3478 οὐ
1442 3423 1802 3496 παρελεύσον-

221 3541 317 3576 ται
358 3523 534 3593 στόμα
586 3519 748 3573 αὑτοῦ
775 3537 788 3550 ·
824 3519 982 3591 ἡνίκα
1031 3519 1224 3590 ἰσχυρὰ
1261 3520 1430 3572 ἐποίει
1463 3517 1532 3570 τὰ
1581 3517 1802 3588 θεμέλια

221 3615 324 3685 τῆς
361 3614 487 3684 γῆς,
520 3613 666 3683 ήμην
709 3612 837 3685 παρ’
885 3610 1034 3682 αὑτῷ
1081 3610 1414 3682 ἁρμόζουσα.
1473 3608 1612 3678 Ἐγὼ
1657 3609 1802 3680 ἥμην

224 3699 260 3776 ᾗ
283 3702 636 3774 προσέχαιρε.
659 3701 794 3754 Καθ’
815 3700 1025 3771 ἡμέραν
1054 3699 1111 3752 δὲ
1144 3700 1514 3771 εὑφραινόμην
1542 3701 1599 3751 ἐν
1633 3715 1800 3769 προσ-

227 3792 368 3863 ὡπῳ
424 3790 612 3854 αὑτοῦ,
660 3791 716 3842 ἐν
765 3791 925 3843 παντὶ
967 3787 1163 3859 καιρῷ,
1207 3788 1294 3840 ὅτε
1337 3787 1665 3859 ηὐφραίνετο
1704 3783 1800 3856 τὴν

225 3883 556 3954 οἰκουμένην
601 3881 936 3945 συντελέσας,
974 3880 1067 3934 καὶ
1098 3880 1426 3951 ηὐφραίνετο
1457 3881 1513 3932 ὲν
1544 3881 1677 3941 υἱοῖς
1713 3878 1803 3930 ἀν-

230 3975 492 4046 θρώπων.
543 3974 606 4027 Ἠ
640 3974 745 4045 πρὸ
779 3973 886 4026 τῶν
913 3971 1184 4044 γεννητῶν
1224 3972 1342 4026 θεία
1369 3972 1464 4025 καὶ
1499 3971 1802 4042 πανάρετος

229 4067 414 4132 οὐσία,
463 4066 498 4135 ἡ
533 4063 692 4136 νοερὰ
727 4063 820 4116 καὶ
859 4062 1198 4132 πρωτότοκος
1232 4063 1331 4132 τῆς
1372 4063 1667 4130 ἀγεννήτου
1699 4060 1800 4128 φύε

231 4173 373 4220 σεως
413 4154 596 4219 εἰκὼν,
630 4157 658 4209 ὁ
682 4155 900 4225 γνήσιος
931 4154 1025 4222 καὶ
1065 4153 1355 4224 μονογενὴς
1387 4152 1478 4206 τοῦ
1513 4153 1621 4205 τῶν
1666 4153 1802 4206 ὅλων

228 4249 370 4302 Θεοῦ
420 4249 571 4319 Υἱὸς,
620 4246 965 4318 πολυώνυμός
1015 4263 1097 4310 τις
1141 4244 1236 4309 ὣν,
1285 4246 1379 4300 καὶ
1409 4245 1494 4299 διὰ
1535 4245 1802 4297 πλείστων

229 4343 593 4415 προσρήσεων
626 4341 1057 4411 θεολογούμενος,
1097 4339 1175 4409 τῷ
1225 4339 1324 4408 τῆς
1356 4338 1542 4406 σοφίας
1576 4337 1668 4389 ἐπὶ
1707 4334 1800 4387 τοῦ

230 4435 500 4505 παρόντος
552 4431 817 4503 ἀξιώματί
856 4448 914 4484 τε
957 4433 1050 4486 καὶ
1100 4430 1438 4500 προσηγορία
1491 4427 1798 4498 τετίμηται.

229 4527 406 4594 Λόγον
431 4526 488 4593 δέ
515 4525 649 4578 Θεοῦ
690 4525 869 4586 αὐτὸν,
905 4526 999 4578 καὶ
1017 4524 1156 4588 Φῶς,
1197 4524 1290 4578 καὶ
1325 4523 1498 4593 Ζωὴν,
1535 4522 1626 4575 καὶ
1650 4519 1803 4590 Ἀλή-

231 4615 410 4680 θειαν,
438 4618 532 4671 καὶ
564 4618 655 4670 ἐπὶ
688 4618 820 4670 πᾶσι
852 4617 1082 4688 Χριστὸν
1117 4615 1250 4668 Θεοῦ
1283 4613 1508 4684 δύναμιν
1545 4612 1638 4668 xui.
1669 4610 1802 4664 θεοῦ

233 4707 438 4777 Σοφίαν
481 4706 903 4779 προσαγορεύειν
950 4705 1368 4777 μεμαθήκαμεν.
1401 4706 1463 4758 Εἰ
1521 4703 1582 4776 δὴ
1624 4698 1716 4755 οὖν
1735 4702 1804 4755 τὰ

231 4799 382 4872 μετὰ
420 4801 606 4870 χεῖρας
648 4799 811 4860 αὐτὸς
840 4797 968 4868 περ)⁸
1006 4796 1216 4862 ἐαυτοῦ,
1259 4797 1333 4860 ὡς
1374 4796 1440 4850 ἂν
1469 4793 1603 4849 Θεοῦ
1636 4793 1804 4861 Σοφία

227 4892 388 4957 ζῶσα
427 4891 520 4944 καὶ
553 4891 672 4944 καθ’
703 4890 872 4959 αὑτὴν
907 4888 1216 4958 ὑφεστῶσα,
1248 4888 1336 4942 διὰ
1365 4887 1458 4940 τοῦ
1492 4887 1803 4956 σοφωτάτου

229 4982 577 5053 ὣλομῶντος
603 4981 936 5055 διεξέρχεται
961 4983 1156 5051 λέγων,
1200 5001 1218 5033 ι
1265 4983 1406 5049 Ἐγὼ
1435 4982 1468 5051 ἡ
1495 4979 1664 5047 Σοφία
1703 4995 1804 5031 κα-

229 5074 553 5142 τεσκήνωσα
608 5072 822 5144 βουλὴν,
887 5073 977 5126 καὶ
1007 5073 1226 5142 γνῶσιν,
1284 5072 1378 5124 καὶ
1432 5071 1638 5123 ἔννοιαν
1695 5067 1806 5135 ἐγὼ

230 5164 653 5235 ἐπεκαλεσάμην
707 5185 728 5213 ι
770 5167 865 5229 καὶ
907 5166 977 5219 τὰ
1028 5164 1235 5228 τούτοις
1281 5165 1629 5234 ἐπαγόμενα·
1672 5160 1807 5214 ἀλλὰ

233 5259 336 5311 καὶ
407 5257 482 5321 ὡς
532 5259 630 5330 τὴν
683 5260 790 5318 τῶν
859 5261 994 5315 ὅλων
1069 5260 1332 5330 διοίκησιν
1413 5258 1506 5310 καὶ
1552 5255 1806 5328 πρόνοιαν

234 5351 660 5422 ἀναδεδεγμένος
706 5354 990 5425 ἐπιφέρειῇ
1032 5370 1051 5403 ι
1095 5353 1171 5404 Δι’
1204 5349 1337 5422 ἐμοῦ
1374 5347 1612 5420 βασιλεῖς
1656 5345 1808 5416 βασι-

234 5443 478 5509 λεύουσι,
536 5447 628 5498 καὶ
675 5447 724 5499 οἱ
774 5447 1029 5513 δυνάσται
1095 5445 1362 5514 γράφουσι
1427 5438 1803 5509 δικαιοσύνην·

235 5536 304 5587 ει*
360 5535 493 5606 ἐμοῦ
551 5539 868 5606 μεγιστᾶνες
937 5535 1354 5608 μεγαλύνονται’
1435 5553 1454 5587 ι
1523 5528 1661 5598 εἶτα,
1734 5529 1808 5582 εί-

315 5691 360 5724 ”
388 5692 544 5748 Prov.
579 5709 693 5760 vui,
733 5693 916 5750 l2-3l.

1833 4405 1876 4460 D

1901 3167 2025 3206 cum
2056 3167 2122 3206 eo
2151 3151 2394 3215 aderam,
2429 3151 2648 3220 quando
2711 3151 3028 3220 segregabat
3079 3147 3259 3203 sedem
3317 3163 3470 3204 suam

1904 3257 2066 3311 super
2120 3236 2332 3303 ventos,
2376 3241 2596 3308 quando
2647 3240 2818 3296 fortes
2874 3239 3108 3294 faciebat
3163 3224 3473 3308 superiores

1902 3335 2096 3398 nubes,
2124 3339 2176 3387 et
2207 3341 2264 3386 ut
2292 3331 2519 3387 stabiles
2552 3331 2785 3402 ponebat
2821 3330 3000 3386 fontes
3031 3331 3172 3400 ejus,
3223 3345 3344 3400 quae
3367 3331 3471 3386 sub

1902 3425 2042 3480 coelo
2060 3433 2163 3484 est.
2188 3423 2316 3477 dum
2340 3434 2567 3493 poneret
2591 3427 2727 3479 mari
2741 3424 3271 3479 consummationem
3291 3429 3468 3488 Suam,

1903 3525 1956 3572 et
1986 3531 2142 3586 aquae
2175 3531 2284 3570 non
2317 3516 2671 3586 praeteribunt
2702 3531 2765 3571 os
2786 3515 2928 3583 ejus,
2951 3514 3172 3584 quando
3207 3514 3368 3569 fortia
3397 3513 3474 3569 fa-

1903 3609 2080 3663 ciebat
2103 3607 2456 3663 fundamenta
2481 3614 2670 3672 terrm,
2708 3623 2857 3662 eram
2882 3607 3024 3674 apud
3056 3608 3206 3660 illum
3251 3621 3472 3676 compo—

1902 3719 2040 3761 nens
2066 3725 2078 3759 :
2103 3719 2201 3773 ego
2229 3718 2376 3757 eram
2409 3699 2550 3772 apud
2571 3715 2734 3770 quam
2766 3699 3054 3768 gaudebat,
3090 3698 3329 3768 quotidie
3344 3711 3472 3752 vero

1902 3798 2124 3852 lxtabar
2157 3792 2212 3848 in
2244 3793 2394 3847 vultu
2441 3791 2587 3846 illius
2635 3789 2690 3843 in
2717 3789 2862 3842 omni
2909 3798 3191 3858 tempore:
3254 3787 3470 3857 quando

1902 3889 2186 3944 imitabatur
2213 3885 2358 3956 quod
2384 3883 2572 3938 orbem
2609 3891 2877 3937 terrarum
2903 3879 3253 3950 perfecisset,
3291 3887 3343 3934 et
3378 3880 3468 3933 lae-

1902 3979 2196 4035 tabaturin
2239 3977 2364 4030 filiis
2410 3974 2690 4030 hominum
2727 3973 2794 4025 9".
2833 3991 2851 4022 ι
2891 3972 3132 4024 Divinam
3167 3977 3220 4024 et
3255 3984 3466 4024 omnem

1902 4074 1958 4127 in
1987 4088 2045 4126 se
2078 4071 2284 4124 habens
2342 4067 2622 4128 virtutem,
2653 4080 2774 4134 quae
2799 4064 3012 4118 cunctis
3059 4063 3222 4118 rebus
3273 4062 3471 4129 genitis

1902 4165 2176 4235 antiquior
2205 4169 2288 4217 est
2320 4160 2583 4224 essentia,
2613 4175 2734 4228 quae
2771 4157 3076 4228 intelligens
3108 4169 3159 4211 et
3199 4157 3470 4226 primoge-

1903 4258 2016 4312 nita
2049 4254 2302 4325 ingenitae
2361 4260 2571 4305 natura:
2627 4251 2806 4319 imago
2835 4257 2957 4311 est,
3001 4248 3274 4318 legitimus
3308 4255 3470 4315 atque

1903 4351 2100 4406 unicus
2122 4349 2344 4403 maximi
2368 4347 2460 4400 Dei
2499 4346 2695 4410 Filius,
2734 4345 2824 4414 qui
2853 4343 3039 4399 multis
3067 4342 3376 4397 nominibus
3395 4340 3475 4395 di-

1904 4443 2046 4497 citur
2075 4482 2090 4506 ,
2122 4440 2190 4496 de
2221 4455 2330 4510 quo
2364 4447 2424 4493 ut
2454 4439 2522 4493 de
2553 4437 2662 4493 Deo
2704 4437 2953 4508 pluribus
3015 4435 3472 4506 appellationibus

1904 4535 2196 4604 loquimur,
2229 4531 2331 4586 hoc
2377 4531 2429 4585 in
2466 4531 2586 4585 loco
2616 4529 2907 4598 Sapientiae
2937 4527 3255 4598 dignitatem
3313 4533 3473 4594 atque

1904 4625 2340 4696 appellationem,
2371 4621 2595 4677 honoris
2627 4628 2681 4675 et
2717 4620 3092 4690 amplitudinis
3119 4605 3293 4690 gratia
3315 4631 3474 4670 acce—

1906 4718 2003 4788 pit,
2024 4714 2254 4770 Verbum
2269 4723 2448 4769 autem
2478 4712 2568 4766 Dei
2591 4712 2862 4773 eumdem,
2881 4720 2934 4766 et
2954 4709 3174 4774 Lucem,
3197 4717 3248 4763 et
3269 4705 3468 4766 Vitam,

1906 4815 1958 4861 et
1993 4804 2308 4864 Veritatem,
2343 4810 2396 4858 et
2425 4812 2699 4872 postremo
2733 4801 3011 4854 Christum
3051 4798 3140 4852 Dei
3187 4795 3469 4859 Virtutem,

1906 4907 1959 4953 et
1991 4897 2084 4952 Dei
2137 4895 2469 4966 Sapientiam
2531 4895 2804 4964 appellare
2833 4892 2944 4960 jam
2989 4889 3282 4944 didicimus
3311 4905 3324 4940 :
3356 4886 3471 4954 jam

1908 4990 2070 5060 igitur
2098 4990 2152 5042 in
2186 4989 2270 5042 his
2295 5003 2415 5058 qua:
2443 5003 2587 5041 nunc
2611 4988 2665 5040 in
2692 4985 2942 5039 manibus
2967 4990 3111 5042 sunt,
3143 4980 3258 5048 ipse
3292 4977 3358 5031 de
3384 4991 3473 5030 se-

1909 5084 2048 5152 ipso,
2076 5089 2332 5150 tanquam
2359 5080 2450 5134 Dei
2481 5080 2667 5133 vivens
2695 5076 2993 5146 Sapientia,
3020 5085 3070 5127 et
3097 5087 3218 5141 qua:
3249 5085 3342 5138 per
3377 5082 3466 5122 se-

1908 5176 2081 5245 ipsam
2141 5172 2436 5232 consistat,
2474 5186 2571 5241 per
2599 5166 3061 5238 sapientissimum
3117 5164 3465 5216 Salomonem

1909 5265 2071 5322 verba
2104 5263 2266 5328 facit,
2335 5262 2463 5317 dum
2497 5263 2628 5316 dicit
2660 5277 2702 5312 ι(
2754 5258 2863 5328 Ego
2895 5256 3170 5325 Sapientia
3230 5250 3470 5307 habitavi

1909 5358 2220 5421 consilium,
2281 5364 2335 5411 et
2367 5355 2766 5426 cognitionem,
2823 5357 2879 5406 et
2933 5348 3318 5419 cogitationem
3369 5359 3472 5414 ego

1911 5449 2178 5515 invocavi,
2219 5469 2238 5503 ι
2275 5460 2329 5506 et
2359 5465 2479 5520 quae
2511 5447 2598 5502 bis
2645 5445 2901 5516 adjuncta
2956 5448 3103 5497 sunt.
3149 5439 3255 5496 Sed
3303 5438 3470 5493 etiam

1910 5541 2063 5616 quasi
2097 5541 2145 5598 is
2175 5541 2266 5610 qui
2310 5540 2483 5618 ipsius
2535 5537 2775 5594 universi
2832 5534 3361 5596 administrationem
3417 5536 3472 5584 et
