3866 6202
444 221 542 288 551

1076 219 1350 287 EUSEBII
1387 221 1867 286 C‘ESARIENSIS
1891 229 2044 286 OPP.
2082 228 2281 285 PARS.
2321 229 2389 290 ll.
2426 259 2495 272 —
2529 229 3026 288 APOLOCETICA.

3574 235 3684 290 55?.

444 346 845 417 providentiam
879 346 1175 415 acceperit,
1207 345 1474 418 adiungit,
1512 365 1530 398 ι
1586 345 1691 402 Per
1733 363 1822 402 me
1865 359 2013 416 reges

2120 344 2235 398 πὼν
2310 347 2702 418 μνημονεύσειν
2771 345 2839 400 τά
2911 346 2971 411 ἐξ
3039 347 3265 412 αἰῶνος,
3322 348 3518 417 ἐπάγει
3587 351 3682 403 λέ-

446 447 677 511 regnant
717 481 730 505 ,
773 446 826 492 et
863 445 1109 507 potentes
1147 438 1400 493 scribunt
1433 439 1704 508 justitiam
1735 479 1750 502 ,
1789 455 1888 508 per
1924 455 2012 495 me

446 533 628 603 magni
679 530 780 583 viri
833 529 1298 598 magniﬁcantur;
1347 549 1365 582 ι
1410 531 1606 587 deinde
1646 531 1739 586 ubi
1777 531 1915 585 dixit
1953 547 2012 587 se

446 633 869 683 memoraturum
901 639 1023 694 qua:
1041 625 1289 679 assmulo
1313 633 1460 688 sunt,
1501 625 1751 696 adjungit
1786 625 2008 681 dicens:

449 736 469 769 ι
521 716 783 770 Dominus
822 716 1029 770 creavit
1067 731 1154 771 me
1194 717 1409 770 initium
1443 716 1656 771 viarum
1693 732 1914 773 suarum
1956 718 2009 771 in

444 823 608 878 opera
647 824 768 872 sua,
829 817 952 862 ante
1012 809 1268 863 saeculum
1325 808 1572 864 fundavit
1620 825 1723 866 me.
1773 830 1792 864 ι
1848 810 2010 881 213

453 899 664 966 Quibus
714 900 894 954 verbis
950 900 1166 955 interim
1209 899 1447 970 seipsnm
1509 900 1769 970 genitum,
1838 915 2012 969 neque

441 989 691 1046 eumdem
736 1006 859 1044 cum
915 990 1155 1061 lngenito
1197 990 1354 1046 docet
1377 1007 1531 1055 esse,
1564 1007 1688 1046 eum
1741 1006 1871 1046 sane
1916 991 2009 1061 qui

443 1089 570 1136 ante
622 1097 784 1137 omne
821 1097 994 1137 aevum
1023 1082 1318 1137 essentiam
1363 1084 1653 1154 acceperit,
1695 1091 1749 1137 et
1792 1083 1846 1136 in
1897 1097 2014 1135 mo-

444 1176 573 1231 dum
625 1163 965 1231 fundamenti
1011 1176 1222 1230 cnnetis
1248 1178 1444 1247 genitis
1493 1176 1658 1230 rebus
1698 1177 2012 1246 praemissus

445 1270 537 1324 sit.
572 1267 646 1321 Ex
681 1283 790 1338 quo
821 1268 1062 1323 divinum
1097 1268 1416 1338 Apostolum
1447 1274 1822 1338 argumentum
1855 1281 2011 1322 acce-

445 1359 594 1428 pisse
621 1358 880 1414 credibile
905 1367 1008 1420 est,
1038 1366 1098 1412 ut
1126 1357 1194 1413 de
1222 1358 1316 1412 illo
1346 1356 1574 1421 diceret,
1613 1375 1630 1408 ι
1651 1356 1754 1422 Qui
1784 1363 1868 1411 est
1889 1358 2016 1410 ima-

451 1465 520 1520 go
573 1449 666 1505 Dei
715 1449 1037 1513 invisibilis,
1078 1449 1469 1520 primogenitus
1514 1449 1691 1504 omnis
1732 1457 2011 1516 creatum,

445 1542 704 1612 quoniam
739 1542 794 1596 in
821 1542 1188 1612 ipsocondita
1237 1551 1365 1596 sunt
1390 1541 1666 1605 universa,
1698 1541 1752 1594 in
1794 1542 1932 1597 casio
1961 1551 2014 1598 et

447 1633 502 1688 in
548 1642 692 1688 terra
726 1632 791 1686 ’⁸.
841 1650 860 1683 ι
908 1630 1186 1702 Siquidem
1219 1631 1613 1702 primogenitus
1650 1631 1830 1687 omnis
1861 1647 2016 1687 crea-

445 1733 584 1780 turae
611 1725 790 1780 dictus
817 1731 902 1779 est
933 1725 984 1776 in
1020 1724 1152 1778 illo:
1189 1743 1207 1774 ι
1253 1722 1511 1777 Dominus
1550 1723 1751 1778 ereavit
1785 1737 1870 1778 me
1912 1723 2016 1776 ini-

449 1815 588 1870 tium
621 1817 828 1870 viarum
879 1831 1102 1870 suarum
1139 1815 1192 1869 in
1238 1829 1403 1885 opera
1449 1830 1566 1870 sua.
1609 1834 1626 1865 ι
1661 1813 1792 1868 Jure
1837 1825 2014 1870 autem

447 1905 629 1977 imago
693 1907 785 1962 Dei
838 1907 1198 1977 intelligetur,
1258 1913 1442 1976 utpote
1493 1907 1586 1975 qui
1641 1906 1888 1975 genitura
1945 1907 2016 1960 sit

446 1998 698 2069 ingenitae
730 2007 955 2053 naturze.
987 1997 1100 2053 Hoc
1150 1999 1314 2069 igitur
1371 1999 1425 2052 in
1479 1997 1563 2051 his
1617 2013 1736 2068 qua:
1799 2000 1851 2053 in
1899 2015 2016 2053 ma.

447 2092 610 2147 nibus
641 2100 769 2146 sunt
817 2092 1126 2154 conﬁtetur,
1147 2091 1237 2145 ubi
1260 2092 1335 2145 ait
1364 2112 1376 2146 :
1414 2111 1433 2142 ι
1462 2095 1760 2162 Antequam
1807 2101 2017 2148 montes

452 2185 567 2242 suis
597 2186 818 2240 sedibus
853 2184 1220 2248 ﬁrmarentur,
1255 2203 1271 2234 ι
1301 2191 1375 2248 et,
1407 2205 1424 2235 ι
1451 2185 1590 2240 Ante
1611 2200 1800 2239 omnes
1825 2185 2013 2248 colles,

445 2275 619 2346 gignit
656 2291 758 2330 me.
798 2295 816 2327 ι
849 2275 980 2330 lnde
1009 2275 1159 2328 illum
1198 2273 1390 2328 Filium
1422 2275 1665 2338 unicum,
1699 2283 1751 2330 et
1783 2275 2013 2344 primum

453 2369 691 2438 genitu-tn
729 2367 821 2422 Dei
853 2366 1088 2422 Verbum
1115 2368 1472 2438 appellamus,
1502 2368 1594 2438 qui
1626 2369 1843 2438 quidem
1873 2368 2013 2423 idem

452 2459 524 2513 sit
554 2473 677 2512 cum
705 2472 768 2512 ea
803 2457 1081 2528 Sapientia
1114 2457 1314 2526 de-qua
1346 2459 1552 2512 dictum
1597 2467 1702 2514 est.
1735 2457 2016 2524 Quomodo

450 2558 630 2604 autem
657 2549 962 2618 genituram
987 2549 1140 2604 illum
1174 2565 1296 2604 esse
1327 2548 1418 2604 Dei
1449 2550 1717 2613 dicamus,
1745 2550 1884 2604 alius
1913 2551 2016 2604 erit

447 2646 503 2692 et
527 2638 782 2709 proprius
811 2639 1101 2710 indagandi
1126 2640 1296 2706 locus,
1328 2643 1585 2710 quoniam
1617 2656 1792 2711 neque
1821 2657 2016 2696 secun-

455 2730 584 2784 dum
623 2730 1032 2800 projectionem,
1066 2747 1241 2801 neque
1285 2731 1580 2786 secundum
1621 2731 2010 2798 diductionem,

452 2828 546 2886 aut
575 2820 919 2884 divisionem,
963 2829 1056 2876 aut
1089 2820 1528 2886 diminutionem,
1573 2831 1665 2876 aut
1695 2825 2010 2889 sectionem,

450 2922 544 2966 aut
563 2911 786 2966 omnino
811 2911 1108 2967 secundum
1126 2913 1330 2983 aliquid
1347 2928 1534 2969 eorum
1553 2930 1673 2986 qua:
1689 2915 1744 2970 in
1767 2918 2014 2987 genitura

457 3003 668 3058 mortali
716 3003 858 3073 exigi
909 3003 1104 3076 solent,
1139 3003 1462 3060 ineffabilem
1499 3007 1644 3064 illius
1678 3009 2015 3078 procreatio-
2043 3039 2085 3096 ο

455 3110 578 3149 nem
624 3094 925 3164 cogitamus
963 3115 975 3149 :
1010 3111 1184 3167 neque
1218 3093 1300 3152 fas
1344 3104 1428 3152 est
1460 3098 1580 3153 ullis
1625 3099 1821 3169 genitis
1852 3100 2016 3156 rebus

457 3185 603 3241 illius
641 3193 735 3239 aut
762 3187 1086 3257 genituram,
1127 3189 1715 3260 autpropagationem,
1751 3207 1872 3262 quae
1895 3193 2016 3263 qui-

450 3277 572 3331 dem
609 3278 770 3333 nullis
801 3279 1194 3348 nequeverbis,
1227 3296 1402 3350 neque
1429 3283 1741 3339 nominibus
1769 3299 2018 3354 compre-

453 3368 613 3424 hendi
641 3379 838 3441 potest,
871 3372 1101 3427 similem
1126 3373 1401 3440 arbitrari,
1427 3390 1603 3445 neque
1630 3391 1756 3430 vero
1781 3375 2014 3446 aliquam

449 3461 530 3515 illi
559 3475 748 3531 eorum
783 3478 904 3532 quae
947 3465 1272 3534 temporaria
1304 3473 1358 3520 et
1403 3467 1654 3521 mortalia
1686 3476 1833 3530 sunt,
1867 3483 2016 3522 com-

454 3567 649 3622 parare
689 3553 976 3624 imaginem
1013 3573 1028 3610 :
1060 3557 1316 3626 quoniam
1351 3571 1528 3627 neque
1579 3559 1878 3614 secundum
1922 3574 2016 3615 eas

454 3640 768 3694 animalium
799 3644 1224 3713 procreationes,
1271 3659 1392 3716 quae
1423 3645 1564 3716 apud
1597 3663 1697 3702 nos
1739 3649 2012 3712 visuntur,

452 3730 747 3786 essentiam
788 3733 855 3787 de
882 3736 1138 3802 essentia,
1179 3751 1408 3806 eamque
1451 3736 1778 3793 divisibilem
1811 3748 1904 3793 aut
1933 3755 2018 3794 se-

455 3823 774 3894 parabilem,
800 3823 994 3881 Filium
1025 3827 1092 3882 de
1121 3827 1301 3893 Patre,
1326 3829 1582 3900 patiendo
1605 3840 1698 3884 aut
1728 3829 2016 3887 dividendo

451 3915 742 3986 prodiisse,
775 3919 862 3987 pie
889 3919 1068 3974 dicere
1099 3935 1390 3990 possumus
1423 3939 1436 3974 :
1460 3929 1643 3990 partes
1669 3923 1812 3976 enim
1841 3923 2016 3979 nullas

454 4008 636 4075 habet,
670 4011 1070 4081 insecabileque
1095 4020 1198 4074 est,
1225 4013 1368 4082 quod
1399 4013 1640 4067 divinum
1665 4022 1767 4078 est,
1795 4031 1900 4068 non
1930 4030 2017 4070 se-

453 4110 630 4169 catur,
665 4118 775 4157 non
822 4104 1100 4168 dividitur,
1139 4119 1248 4157 non
1277 4105 1608 4172 extenditur,
1643 4121 1750 4159 non
1781 4107 2014 4176 corripi-

453 4201 564 4258 tur,
596 4210 706 4248 non
754 4195 1110 4257 dimiuuitur,
1142 4211 1250 4249 non
1295 4195 1492 4265 maius,
1522 4213 1630 4250 non
1681 4197 1858 4267 pejus,
1907 4213 2015 4252 non

454 4286 646 4340 melius
671 4287 761 4353 iit;
784 4303 890 4341 non
908 4287 1069 4341 habet
1098 4288 1150 4340 in
1177 4287 1357 4356 seipso
1377 4288 1578 4358 aliquid
1602 4289 1746 4358 quod
1776 4305 1804 4341 a
1835 4291 2014 4359 seipso

2111 449 2242 501 γων·
2293 453 2310 486 ι
2366 436 2570 506 Κύριος
2613 435 2796 488 ἐκτισέ
2851 453 2918 507 με
2969 437 3138 508 ἀρχὴν
3183 437 3315 492 οδῶν
3367 439 3533 493 αὑτοῦ
3601 443 3682 504 είς

2111 523 2246 595 ἔργα
2310 525 2504 579 αὐτοῦ·
2570 528 2676 598 πρὸ
2725 527 2817 580 τοῦ
2880 527 3072 593 αἰῶνος
3121 529 3447 601 ὲθεμελίωσέ
3505 550 3570 603 με
3607 552 3621 562 ·
3655 553 3675 584 ι

2110 620 2177 672 δι’
2208 612 2282 673 ὧν
2310 619 2444 690 ὁμοῦ
2474 621 2566 676 καὶ
2605 623 2827 691 γενητὸν
2872 622 3080 686 ἑαυτὸν,
3117 623 3236 693 οὐχὶ
3277 623 3335 677 δὲ
3381 625 3470 677 τὸν
3517 626 3679 680 αὐτὸν

2111 709 2237 762 ὅντα
2260 709 2338 780 τῷ
2365 711 2662 782 Ἀγεννήτῳ
2701 711 2957 774 διδάσκει,
3001 712 3104 782 πρὸ
3138 713 3338 776 παντὸς
3366 712 3557 779 αἰῶνος
3582 716 3679 768 οὐ-

2114 802 2396 872 σιωμένον,
2443 802 2690 873 θεμελίου
2720 821 2777 856 τε
2820 805 3015 876 τρόπον
3045 805 3150 857 τῶν
3185 807 3455 876 γεννητῶν
3501 809 3678 862 ἁπάν-

2111 910 2218 946 των
2251 892 2701 965 προϐεϐλημένον.
2728 894 2885 947 Ὅθεν
2907 895 2996 948 τὸν
3021 895 3160 948 θεῖον
3185 897 3502 951 ’Λπόστολον
3534 901 3682 964 εἰκὸς

2111 983 2430 1057 ὁρμώμενον
2461 987 2586 1057 περὶ
2627 986 2788 1040 αὐτοῦ
2821 987 2981 1056 φάναι
3007 1003 3021 1016 ο
3048 1007 3066 1039 ι
3099 990 3196 1052 ’Ὀς
3225 991 3370 1042 ἐστιν
3401 991 3561 1044 εἰκὼν
3586 992 3682 1046 τοῦ

2125 1077 2398 1146 Ἀοράτου,
2430 1078 2768 1149 πρωτότοκος
2793 1079 2974 1149 πάσης
3020 1080 3248 1146 κτίσεως
3268 1099 3282 1112 ο
3327 1083 3404 1135 ὅτι
3436 1085 3494 1136 ἐν
3533 1083 3686 1154 αὐτῷ

2113 1168 2335 1238 ἐκτίσθη
2367 1167 2436 1222 τὰ
2471 1169 2664 1234 πάντα,
2702 1169 2769 1222 τὰ
2803 1172 2860 1223 ὲν
2883 1170 2959 1241 τῷ
2984 1171 3195 1243 οὐρανῷ
3240 1173 3329 1226 καὶ
3366 1173 3434 1227 τά
3463 1175 3556 1228 ἐπὶ
3584 1176 3686 1246 τῆς

2111 1261 2232 1330 γῆς-
2268 1280 2285 1311 ³
2333 1261 2679 1332 Πρωτότοκος
2722 1263 2820 1333 μὲν
2864 1263 2971 1336 γὰρ
3017 1264 3196 1336 πάσης
3243 1266 3521 1337 ἀνείρηται
3569 1268 3688 1320 κτί-

2114 1341 2269 1416 σεως,
2303 1353 2442 1406 κατὰ
2473 1353 2551 1417 τὸ,
2589 1373 2606 1404 ι
2663 1354 2864 1426 Κύριος
2897 1354 3074 1408 ἔκτισέ
3107 1374 3174 1426 με
3208 1358 3378 1429 ἀρχὴν
3417 1360 3554 1412 ὁδῶν
3587 1361 3688 1413 αὖ·

2111 1441 2204 1496 τοῦ
2231 1445 2308 1506 εἰς
2329 1443 2465 1514 ἔργα
2490 1444 2652 1498 αὑτοῦ
2677 1462 2690 1475 ο
2735 1465 2752 1497 ι
2791 1449 2960 1500 νοοῖτο
2980 1447 3023 1499 δ’
3054 1447 3119 1500 ἂν
3153 1449 3371 1514 εἰκότως
3402 1451 3565 1506 εἰκὼν
3591 1453 3686 1506 τοῦ

2113 1535 2266 1600 Θεοῦ,
2295 1535 2369 1598 ὼς
2399 1535 2464 1589 ἂν
2500 1537 2741 1607 γέννημα
2767 1537 2866 1608 τῆς
2908 1539 3200 1610 ἁγεννήτου
3232 1541 3445 1610 φύσεως
3484 1545 3690 1614 τυγχάο

2115 1645 2238 1682 νων.
2275 1626 2444 1680 Τοῦτο
2472 1627 2529 1682 δὲ
2562 1623 2654 1680 οὖν
2692 1629 2748 1680 ὲν
2789 1632 2901 1693 τοῖς
2937 1630 3070 1700 μετά
3097 1634 3284 1703 χεῖρας
3319 1633 3588 1703 ὁμολογεῖ,
3616 1635 3687 1688 δι’

2047 1686 2090 1745 Β
2116 1714 2189 1774 ὧν
2223 1739 2351 1794 φησι
2375 1739 2387 1752 ⁸
2431 1742 2449 1773 ι
2496 1723 2608 1794 Πρὸ
2647 1722 2739 1776 τοῦ
2775 1686 3302 1796 ὅρηνέδρασθὲνάιίι
3351 1686 3464 1792 καὶ,
3493 1686 3521 1779 ,ι

2117 1813 2172 1867 δὲ
2219 1814 2435 1868 πάντων
2477 1813 2678 1884 βουνῶν
2719 1817 2880 1885 γεννᾷ
2931 1832 3015 1886 με.
3058 1833 3075 1867 ι
3133 1816 3323 1868 Ἔνθεν
3355 1818 3516 1870 αὐτὸν
3556 1818 3688 1871 Υἱδν

2121 1906 2403 1977 μονογενῆ,
2452 1907 2546 1958 καὶ
2587 1906 2926 1976 πρωτότοκον
2970 1905 3060 1958 τοῦ
3109 1905 3244 1958 Θεοῦ
3289 1908 3458 1976 Λόγον
3490 1910 3690 1976 ἀναγο-

2119 1997 2346 2072 ρεύομεν
2374 1998 2460 2050 τὸν
2491 1997 2650 2051 αὑτὸν
2693 1996 2818 2050 ὄντα
2848 1999 2913 2067 τῇ
2951 1995 3250 2068 δηλουμένη
3278 1999 3465 2070 Σοφίᾳ.
3496 2000 3688 2062 Ὅπως

2117 2089 2172 2142 δὲ
2199 2089 2440 2160 γέννημα
2466 2089 2598 2142 Θεοῦ
2643 2089 2801 2143 αὑτὸν
2840 2085 2977 2143 εἷναί
3019 2107 3219 2160 φαμεν,
3260 2091 3394 2154 ἰδίας
3420 2091 3486 2144 ἂν
3514 2091 3691 2145 δέοιτο

2117 2180 2446 2246 ἐξετάσεως·
2487 2183 2607 2234 ἐπεὶ
2657 2183 2794 2252 μήτε
2827 2183 2968 2236 κατὰ
2998 2182 3294 2247 διάστασιν,
3326 2184 3358 2256 ἢ
3399 2183 3682 2254 διαίρεσιν,

2117 2273 2148 2342 ἢ
2184 2271 2422 2342 μείωσιν,
2451 2273 2483 2344 ἢ
2519 2271 2707 2342 τομὴν,
2733 2272 2765 2342 ἢ
2798 2273 2940 2326 κατά
2960 2290 3011 2326 τι
3034 2273 3170 2336 ὅλως
3197 2273 3301 2326 τῶν
3327 2274 3418 2327 ἐπὶ
3440 2275 3537 2345 τῆς
3564 2274 3688 2344 8w;-

2115 2361 2213 2431 τῆς
2239 2361 2504 2429 γενέσεως
2536 2361 2996 2432 ἐπιτελουμένων,
3040 2363 3137 2434 τὴν
3178 2363 3483 2434 ἀπόρρητον
3515 2365 3683 2417 αὑτοῦ

2117 2449 2520 2520 γενεσιουργίαν
2563 2449 2898 2518 ἐπινοοῦμεν.
2953 2451 3085 2504 Οὐδὲ
3124 2453 3231 2522 γὰρ
3279 2451 3436 2522 Θέμις
3478 2453 3588 2506 τῶν
3625 2457 3686 2507 ὲν

2117 2543 2360 2609 γενητοῖς
2406 2557 2514 2592 τισι
2555 2540 2652 2611 τὴν
2685 2541 2921 2613 ἄρρητον
2967 2543 3061 2595 καὶ
3105 2543 3541 2613 ἀκατονόμαστον
3584 2549 3685 2600 αὐ-

2117 2630 2208 2684 τοῦ
2243 2631 2452 2700 γένεσίν
2473 2648 2532 2683 τε
2561 2633 2653 2684 καὶ
2675 2633 2924 2687 οὐσίωσιν
2947 2633 3259 2704 ἀφομοιοῦν,
3287 2636 3406 2689 οὐδέ
3431 2655 3555 2690 τινα
3574 2639 3686 2691 τῶν

2117 2721 2414 2791 ἐπικαίρων
2466 2721 2559 2773 καὶ
2592 2721 2798 2791 θνητῶν
2849 2723 3215 2794 παραϐάλλειν
3265 2725 3410 2797 αὑτῴ
3453 2727 3640 2782 εἰκόνα
3667 2745 3684 2760 ο

2117 2813 2237 2865 ἐπεὶ
2271 2812 2404 2883 μηδὲ
2452 2813 2593 2865 κατὰ
2627 2814 2725 2877 τὰς
2772 2816 2898 2886 παρ’
2928 2818 3060 2887 ἡμῖν
3106 2815 3214 2870 τῶν
3246 2815 3399 2880 ζώων
3438 2818 3688 2886 γενέσεις

2117 2911 2302 2964 οὐσίαν
2333 2910 2390 2977 ἐξ
2437 2911 2621 2975 οὐσίας
2650 2911 2789 2965 κατὰ
2820 2912 2990 2976 πάθος
3017 2914 3049 2983 ἢ
3095 2913 3374 2987 διαίρεσιν,
3420 2917 3688 2990 μεριστὴν

2118 3005 2212 3058 καὶ
2240 3003 2510 3075 χωριστὴν
2549 3005 2612 3057 ὲκ
2636 3003 2727 3057 τοῦ
2763 3005 2974 3078 Πατρὸς
3003 3007 3416 3079 προεληλυθέναι
3439 3009 3530 3062 τὸν
3554 3009 3686 3063 Υἱὸν

2118 3096 2278 3165 φάναι
2328 3097 2490 3149 ὅσιον.
2545 3096 2769 3168 Ἀμερὲς
2817 3095 2922 3167 γὰρ
2967 3098 3060 3150 καί
3087 3098 3284 3169 ἄτομον
3313 3098 3374 3151 τὸ
3414 3099 3585 3164 Θείον,
3618 3103 3686 3153 οὐ

2117 3186 2464 3257 τεμνόμενον,
2508 3185 2567 3238 οὐ
2613 3185 3003 3258 διαιρούμενον,
3041 3188 3141 3241 οὐκ
3185 3189 3573 3260 ἐκτεινόμενον,
3618 3192 3685 3245 οὐ

2119 3278 2453 3349 μειούμενον,
2483 3279 2542 3330 οὐ
2584 3278 3016 3350 συστελλόμενον,
3051 3281 3110 3333 οὐ
3155 3281 3355 3350 μεῖζον,
3387 3283 3446 3335 οὐ
3477 3285 3685 3354 χεῖρον,

2117 3370 2176 3422 οὐ
2207 3373 2450 3441 κρεῖττον
2485 3369 2648 3422 αὑτοῦ
2685 3371 2988 3442 γινόμενον,
3031 3371 3129 3425 οὐκ
3175 3371 3293 3442 ἔχον
3335 3390 3385 3425 τι
3425 3375 3480 3426 ἐν
3504 3375 3687 3445 ἑαυτῷ

2115 3457 2299 3528 ἔτερόν
2329 3475 2380 3510 τι
2420 3457 2604 3523 αὑτοῦ,
2641 3458 2724 3511 ἵνα
2753 3459 2846 3512 καὶ
2879 3460 3110 3532 πρόηται
3146 3460 3322 3514 τοῦτο.
3350 3464 3464 3516 Πᾶν
3489 3451 3688 3534 γὰρτὸ

2117 3545 2171 3598 έν
2194 3563 2299 3600 τινι
2329 3546 2411 3612 ὃν,
2449 3545 2482 3618 ἦ
2516 3545 2591 3611 ὡς
2619 3547 2981 3619 συμϐεϐηκὸς,
3015 3545 3125 3604 οἷον
3147 3551 3334 3605 λευκὸν
3365 3555 3419 3608 ὲν
3444 3552 3681 3624 σώματι,

2117 3639 2148 3712 ἢ
2176 3641 2251 3704 ὼς
2278 3640 2464 3712 ἕτερον
2493 3642 2550 3694 ὲν
2585 3641 2754 3711 ἑτέρῳ
2784 3641 3058 3712 τυγχάνει,
3099 3643 3176 3706 ὡς
3206 3644 3265 3696 τὸ
3294 3645 3350 3697 έν
3379 3647 3443 3716 τῇ
3479 3663 3685 3715 κυοφο-

2120 3732 2286 3805 ροῦσῃ
2325 3731 2464 3786 κατὰ
2504 3733 2738 3804 γαστρὸς
2768 3735 3271 3805 κυοφορούμενον,ἢ
3303 3735 3378 3798 ὡς
3421 3737 3584 3806 μέρος
3621 3740 3686 3794 ὲν

2116 3825 2191 3898 τῷ
2238 3827 2360 3899 ὅλῳ,
2391 3827 2464 3890 ὡς
2494 3827 2558 3882 ἂν
2598 3830 2655 3881 ὲν
2700 3827 2908 3898 σώματι
2937 3828 3057 3899 χεὶρ
3089 3827 3120 3898 ἢ
3149 3828 3302 3891 ποῦς,
3348 3829 3380 3898 ἢ
3423 3829 3686 3894 δάκτυλος

2117 3919 2210 3972 τοῦ
2241 3919 2435 3983 παντὸς
2457 3918 2585 3972 ὅντα
2617 3919 2778 3990 μέρη,
2803 3911 2877 3971 ὧν
2906 3918 3187 3989 ἀποκοπὴν
3217 3919 3249 3988 ἧ
3276 3936 3396 3971 τινα
3436 3919 3606 3991 τομὴν
3642 3922 3682 3990 ἦ

2115 4009 2374 4082 διαίρεσιν
2407 4011 2765 4075 πεπονθότων,
2791 4010 2976 4073 ἀτελὲς
2999 4010 3091 4063 καὶ
3113 4009 3346 4074 κολοϐὸν,
3384 4009 3458 4073 t'og
3485 4011 3550 4064 ἂν
3583 4011 3683 4066 τοῦ

2119 4101 2315 4174 μέρους
2333 4101 2867 4174 ἡκρωτηριασμένου,
2892 4102 3270 4156 ἀπολέλειπται
3290 4104 3348 4156 τὸ
3376 4105 3499 4156 πᾶν.
3518 4102 3684 4158 Ἀλλὰ

2115 4193 2223 4264 γὰρ
2262 4195 2352 4246 καὶ
2383 4194 2443 4246 τὸ
2480 4195 2647 4247 εἰκόνι
2675 4192 2848 4264 τοιᾷδε
2882 4193 2974 4246 καὶ
3006 4192 3257 4263 ὁμοιώσει
3303 4193 3533 4265 χρῆσθαι
3585 4195 3690 4254 ἐπὶ.⁴

2115 4289 2212 4358 τῆς
2242 4287 2532 4357 ἁγεννήτου
2563 4286 2774 4354 φύσεως
2803 4285 2895 4340 τοῦ
2927 4287 3033 4338 τῶν
3078 4286 3211 4338 ὅλων
3253 4285 3406 4351 Θεοῦ,
3454 4285 3545 4339 καὶ
3577 4285 3687 4355 τῆς

449 4377 524 4432 sit
561 4377 728 4442 aliud,
774 4385 832 4431 ut
854 4377 982 4432 illud
1019 4377 1197 4446 possit
1231 4378 1469 4445 abjicere
1501 4397 1513 4433 :
1557 4379 1820 4449 quidquid
1865 4383 2008 4435 enim

2115 4379 2206 4431 τοῦ
2266 4378 2598 4447 Μονογενοῦς
2642 4378 2804 4431 αὑτοῦ
2851 4379 2945 4432 καὶ
2985 4378 3331 4448 Πρωτοτόκου
3392 4378 3682 4446 γενέσεως,

453 4469 510 4522 in
535 4468 718 4539 aliquo
751 4477 854 4532 est,
891 4477 986 4524 aut
1015 4478 1099 4525 est
1130 4471 1694 4539 tunquamaccidens.
1737 4479 1798 4526 ut
1829 4473 2011 4527 album

453 4558 510 4612 in
543 4573 789 4628 corpore,
825 4567 920 4614 aut
959 4569 1214 4631 tanquam
1244 4559 1392 4614 aliud
1440 4561 1495 4614 in
1523 4562 1650 4624 alio,
1681 4569 1741 4614 ut
1789 4562 1841 4615 in
1873 4577 2014 4632 prae-

453 4659 652 4723 gnante
693 4651 834 4708 fetus
876 4668 1036 4723 quem
1077 4654 1132 4707 in
1177 4659 1330 4708 utero
1373 4661 1574 4724 gestat,
1619 4663 1713 4708 aut
1755 4661 2012 4724 tanquam

453 4759 580 4813 pars
605 4743 660 4797 in
693 4750 828 4808 toto,
865 4753 922 4797 ut
949 4743 1007 4798 in
1049 4758 1277 4814 corpore
1306 4758 1521 4808 manus,
1556 4743 1638 4798 vel
1667 4759 1782 4813 pes,
1817 4744 1900 4798 vel
1929 4743 2016 4798 di-

451 4836 618 4906 gitus,
650 4851 771 4906 qua:
803 4835 967 4890 totius
997 4842 1124 4892 sunt
1157 4846 1357 4906 partes,
1381 4850 1610 4906 quarum
1643 4835 1689 4890 si
1719 4835 2016 4890 abscissio-

453 4942 598 4990 nem,
651 4935 744 4981 aut
787 4927 1083 4982 sectionem
1127 4928 1384 4996 aliquam,
1429 4934 1522 4980 aut
1563 4925 1882 4981 divisionem
1917 4941 2014 4996 pa—

454 5021 659 5073 tiantur
707 5033 956 5088 corpora,
1001 5017 1374 5087 imperfectum
1423 5032 1488 5072 ac
1535 5017 1785 5071 mutilum
1836 5017 2014 5087 ipsum

454 5113 650 5170 totum,
685 5107 848 5162 veluti
901 5121 1104 5164 summa
1146 5114 1296 5178 parte
1325 5112 1623 5176 amputata,
1665 5107 2010 5176 relinquitur.

454 5196 524 5250 At
551 5197 696 5252 enim
739 5199 793 5251 in
836 5195 1074 5270 ingenita
1109 5196 1329 5250 maximi
1370 5193 1464 5250 Dei
1495 5205 1721 5259 natura,
1754 5197 1919 5269 214
1960 5206 2014 5254 et

457 5289 510 5342 in
543 5290 689 5344 unici
715 5290 954 5359 ejusdem
983 5289 1266 5360 primoque
1279 5288 1445 5358 geniti
1471 5287 1590 5342 Filii
1618 5291 2012 5358 procreatione,

454 5381 616 5434 talem
660 5397 924 5452 usurpare
963 5381 1252 5453 imaginem
1300 5387 1394 5434 aut
1421 5381 1853 5447 similitudinem,
1896 5397 2014 5437 om-

456 5469 606 5526 nium
635 5488 757 5542 qua:
774 5473 938 5544 impia
967 5481 1115 5540 sunt,
1140 5473 1372 5529 maxime
1400 5471 1627 5542 impium
1652 5473 1740 5531 sit.
1771 5472 1892 5530 Non
1915 5474 2015 5546 igi-

528 5613 777 5712 "Colos.
817 5672 854 5723 ι,
897 5657 985 5713 15.

2115 4471 2330 4524 πάντων
2353 4470 2418 4523 ἂν
2452 4469 2535 4530 εἴη
2563 4469 2939 4523 ἀσεϐέστατον.
2971 4470 3045 4522 Οὐ
3085 4468 3263 4522 τοίνυν
3290 4469 3366 4534 ὡς
3401 4469 3586 4541 ἕτερον
3622 4473 3686 4523 ἐν

2114 4563 2302 4634 ἑτέρῳ,
2330 4562 2385 4629 ἐξ
2419 4562 2656 4630 ἀπείρων
2707 4563 2800 4614 καὶ
2841 4561 3088 4632 ἀνάρχων
3133 4561 3342 4614 αἰώνων
3379 4558 3445 4632 ἦν
3483 4563 3512 4614 ὁ
3552 4563 3687 4626 Υἱὸς

2113 4656 2401 4728 ἀγέννητος
2429 4657 2486 4708 ἐν
2508 4656 2584 4726 τῷ
2606 4657 2800 4728 Πατρὶ,
2835 4656 2996 4727 μέρος
3023 4654 3097 4708 ὢν
3135 4654 3319 4718 αὑτοῦ,
3351 4654 3378 4706 ὃ
3409 4654 3686 4725 μεταϐλη-

2114 4746 2202 4800 θὲν
2234 4746 2454 4817 ὕστερον
2482 4745 2574 4800 καὶ
2610 4745 2840 4799 κενωθὲν
2870 4745 3023 4810 ἐκτὸς
3054 4745 3212 4798 αὑτοῦ
3243 4745 3429 4814 γέγονε
3454 4762 3468 4775 ·
3501 4749 3681 4818 τροπῇ

2114 4839 2221 4912 γὰρ
2260 4840 2396 4912 αὐτῇ
2439 4839 2540 4911 ἤδη
2585 4838 2739 4892 τοῦτο
2776 4839 2970 4891 οίκεῖον
2995 4855 3009 4868 ο
3055 4843 3148 4892 καὶ
3183 4836 3276 4890 δύο
3310 4838 3361 4906 γ’
3405 4835 3470 4890 ἂν
3500 4835 3684 4900 οὕτως

2113 4931 2380 5001 ἀγέννητα
2406 4926 2534 4995 εἷεν,
2562 4930 2622 4984 τὸ
2661 4929 3030 5000 προϐεϐληκὸς
3069 4929 3160 4982 καὶ
3191 4929 3252 4981 τὸ
3298 4926 3682 4999 προϐεϐλημέ-

2113 5040 2219 5079 νον.
2252 5024 2362 5076 Kal
2404 5025 2486 5087 τίς
2508 5019 2576 5094 ἦν
2614 5023 2943 5087 κατάστασις
2983 5023 3242 5095 κρείττων
3267 5040 3281 5089 ;
3309 5019 3454 5092 Ἀρα
3493 5023 3524 5092 ἡ
3575 5021 3684 5093 πρὸ

2113 5115 2210 5184 τῆς
2260 5114 2468 5184 τροπῆς
2519 5113 2615 5184 τῆς
2663 5115 2800 5168 κατὰ
2849 5115 2948 5186 τὴν
2996 5113 3260 5185 προϐολὴν
3306 5113 3679 5177 διαστάσεωςς

2113 5205 2322 5261 Οὔκουν
2352 5206 2426 5270 ὼς
2459 5205 2620 5278 μέρος
2648 5206 2680 5278 ἢ
2734 5205 2893 5275 μέλος
2937 5207 3245 5278 ἀγεννήτως
3288 5205 3566 5276 ἡνωμένον
3591 5209 3684 5260 ἀεὶ

2113 5297 2391 5370 πρότερον,
2440 5297 2721 5351 ἐπειταδὲ
2771 5297 2991 5352 διαστὰν
3037 5299 3131 5352 καὶ
3173 5299 3337 5369 χωρὶς
3386 5297 3682 5367 γενόμενον

2111 5389 2203 5444 τοῦ
2233 5389 2374 5452 ὅλου,
2399 5389 2490 5442 τὸν
2519 5388 2647 5442 Υίδν
2691 5389 2798 5464 ἀπὸ
2833 5388 2928 5442 τοῦ
2957 5389 3167 5460 Πατρὸς
3197 5385 3306 5444 οἷόν
3332 5406 3391 5442 τε
3416 5390 3680 5444 ἐπινοεῖν.

2119 5481 2361 5552 Ἀῥρητα
2391 5481 2497 5552 γὰρ
2540 5482 2634 5536 καὶ
2675 5481 2929 5554 ἄντικρυς
2956 5481 3128 5552 ἀσεϐῆ
3176 5481 3365 5549 ταῦτα,
3401 5481 3535 5555 ὕλης
3577 5482 3682 5556 μιν
