  <div class='ocr_page' id='page_1' title='image "/cluster/home/n/w/nwhite01/storage/ocr_20150623/22/hvd.32044073501132/182.png"; bbox 0 0 3916 6200; ppageno 0'>
   <div class='ocr_carea' id='block_1_1' title="bbox 272 273 388 328">
    <p class='ocr_par' dir='ltr' id='par_1_1' title="bbox 272 273 388 328">
     <span class='ocr_line' id='line_1_1' title="bbox 272 273 388 328; baseline -0.017 0"><span class='ocrx_word' id='word_1_1' title='bbox 272 273 388 328; x_wconf 75' lang='lat'><strong>353</strong></span> 
     </span>
    </p>
   </div>
   <div class='ocr_carea' id='block_1_2' title="bbox 1199 265 2636 327">
    <p class='ocr_par' dir='ltr' id='par_1_2' title="bbox 1199 265 2636 327">
     <span class='ocr_line' id='line_1_2' title="bbox 1199 265 2636 327; baseline 0.001 -3"><span class='ocrx_word' id='word_1_2' title='bbox 1199 265 1852 326; x_wconf 71' lang='lat' dir='ltr'><strong>DEMONSTHATIONIS</strong></span> <span class='ocrx_word' id='word_1_3' title='bbox 1891 269 2346 327; x_wconf 64' lang='lat' dir='ltr'><strong>EVANGELICE</strong></span> <span class='ocrx_word' id='word_1_4' title='bbox 2393 271 2524 326; x_wconf 86' lang='lat' dir='ltr'><strong>LIB.</strong></span> <span class='ocrx_word' id='word_1_5' title='bbox 2571 268 2636 326; x_wconf 72' lang='grc' dir='ltr'>ν.</span> 
     </span>
    </p>
   </div>
   <div class='ocr_carea' id='block_1_3' title="bbox 3408 276 3513 332">
    <p class='ocr_par' dir='ltr' id='par_1_3' title="bbox 3408 276 3513 332">
     <span class='ocr_line' id='line_1_3' title="bbox 3408 276 3513 332; baseline 0.019 -3"><span class='ocrx_word' id='word_1_6' title='bbox 3408 276 3513 332; x_wconf 75' lang='grc'><strong>354</strong></span> 
     </span>
    </p>
   </div>
   <div class='ocr_carea' id='block_1_4' title="bbox 265 359 1830 465">
    <p class='ocr_par' dir='ltr' id='par_1_4' title="bbox 265 359 1830 460">
     <span class='ocr_line' id='line_1_4' title="bbox 265 359 1830 460; baseline 0.001 -18"><span class='ocrx_word' id='word_1_7' title='bbox 265 391 403 444; x_wconf 71' lang='grc' dir='ltr'>ὄντα</span> <span class='ocrx_word' id='word_1_8' title='bbox 446 387 713 459; x_wconf 88' lang='grc' dir='ltr'>σωμάτων</span> <span class='ocrx_word' id='word_1_9' title='bbox 759 389 951 449; x_wconf 74' lang='grc' dir='ltr'>οἰκεῖα,</span> <span class='ocrx_word' id='word_1_10' title='bbox 993 388 1089 459; x_wconf 85' lang='grc' dir='ltr'>τῆς</span> <span class='ocrx_word' id='word_1_11' title='bbox 1115 389 1171 442; x_wconf 75' lang='grc' dir='ltr'>δὲ</span> <span class='ocrx_word' id='word_1_12' title='bbox 1204 359 1506 460; x_wconf 28' lang='grc' dir='ltr'>ἀσωμάτου.</span> <span class='ocrx_word' id='word_1_13' title='bbox 1547 390 1640 443; x_wconf 74' lang='grc' dir='ltr'>καὶ</span> <span class='ocrx_word' id='word_1_14' title='bbox 1681 391 1830 444; x_wconf 80' lang='grc' dir='ltr'>ἀΰλοι</span> 
     </span>
    </p>
   </div>
   <div class='ocr_carea' id='block_1_5' title="bbox 1930 359 3516 465">
    <p class='ocr_par' dir='ltr' id='par_1_5' title="bbox 1953 389 3516 465">
     <span class='ocr_line' id='line_1_5' title="bbox 1953 389 3516 465; baseline 0.003 -22"><span class='ocrx_word' id='word_1_15' title='bbox 1953 397 2042 444; x_wconf 92' lang='lat' dir='ltr'><strong>tur</strong></span> <span class='ocrx_word' id='word_1_16' title='bbox 2076 401 2336 460; x_wconf 87' lang='lat' dir='ltr'><strong>tanquam</strong></span> <span class='ocrx_word' id='word_1_17' title='bbox 2383 389 2528 444; x_wconf 99' lang='lat' dir='ltr'><strong>aliud</strong></span> <span class='ocrx_word' id='word_1_18' title='bbox 2563 391 2616 444; x_wconf 92' lang='lat' dir='ltr'><strong>in</strong></span> <span class='ocrx_word' id='word_1_19' title='bbox 2651 391 2778 455; x_wconf 89' lang='lat' dir='ltr'><strong>alio,</strong></span> <span class='ocrx_word' id='word_1_20' title='bbox 2811 407 2876 446; x_wconf 82' lang='lat' dir='ltr'><strong>ex</strong></span> <span class='ocrx_word' id='word_1_21' title='bbox 2907 389 3135 448; x_wconf 81' lang='lat' dir='ltr'><strong>inﬁnitis</strong></span> <span class='ocrx_word' id='word_1_22' title='bbox 3163 401 3216 448; x_wconf 91' lang='lat' dir='ltr'><strong>et</strong></span> <span class='ocrx_word' id='word_1_23' title='bbox 3251 393 3516 465; x_wconf 86' lang='lat' dir='ltr'><strong>principio</strong></span> 
     </span>
    </p>
   </div>
   <div class='ocr_carea' id='block_1_6' title="bbox 269 477 1840 550">
    <p class='ocr_par' dir='ltr' id='par_1_6' title="bbox 269 477 1840 550">
     <span class='ocr_line' id='line_1_6' title="bbox 269 477 1840 550; baseline 0 -18"><span class='ocrx_word' id='word_1_24' title='bbox 269 482 488 548; x_wconf 60' lang='grc' dir='ltr'>φύσεως</span> <span class='ocrx_word' id='word_1_25' title='bbox 526 477 798 549; x_wconf 82' lang='grc' dir='ltr'>ἀλλότρια.</span> <span class='ocrx_word' id='word_1_26' title='bbox 831 478 919 530; x_wconf 72' lang='grc' dir='ltr'><strong>Διὸ</strong></span> <span class='ocrx_word' id='word_1_27' title='bbox 965 477 1104 530; x_wconf 81' lang='grc' dir='ltr'>κατὰ</span> <span class='ocrx_word' id='word_1_28' title='bbox 1152 479 1340 550; x_wconf 85' lang='grc' dir='ltr'>καιρὸν</span> <span class='ocrx_word' id='word_1_29' title='bbox 1392 481 1613 543; x_wconf 76' lang='grc' dir='ltr'><strong>εἰκότως</strong></span> <span class='ocrx_word' id='word_1_30' title='bbox 1656 480 1716 534; x_wconf 76' lang='grc' dir='ltr'>ἄν</span> <span class='ocrx_word' id='word_1_31' title='bbox 1757 497 1840 543; x_wconf 88' lang='grc' dir='ltr'><strong>τις</strong></span> 
     </span>
    </p>
   </div>
   <div class='ocr_carea' id='block_1_7' title="bbox 269 567 1839 643">
    <p class='ocr_par' dir='ltr' id='par_1_7' title="bbox 269 567 1839 643">
     <span class='ocr_line' id='line_1_7' title="bbox 269 567 1839 643; baseline -0.001 -18"><span class='ocrx_word' id='word_1_32' title='bbox 269 571 509 625; x_wconf 74' lang='grc' dir='ltr'>ἐνταῦθα</span> <span class='ocrx_word' id='word_1_33' title='bbox 541 571 698 624; x_wconf 86' lang='grc' dir='ltr'>πάλιν</span> <span class='ocrx_word' id='word_1_34' title='bbox 723 570 803 633; x_wconf 77' lang='grc' dir='ltr'><strong>τὸ,</strong></span> <span class='ocrx_word' id='word_1_35' title='bbox 845 590 861 620; x_wconf 81' lang='grc' dir='ltr'><strong>ι</strong></span> <span class='ocrx_word' id='word_1_36' title='bbox 891 569 1000 641; x_wconf 78' lang='grc' dir='ltr'>Τὴν</span> <span class='ocrx_word' id='word_1_37' title='bbox 1030 571 1241 638; x_wconf 85' lang='grc' dir='ltr'>γένεσιν</span> <span class='ocrx_word' id='word_1_38' title='bbox 1279 571 1442 634; x_wconf 85' lang='grc' dir='ltr'>αὐτοῦ</span> <span class='ocrx_word' id='word_1_39' title='bbox 1469 571 1551 634; x_wconf 86' lang='grc' dir='ltr'><strong>τίς</strong></span> <span class='ocrx_word' id='word_1_40' title='bbox 1581 567 1839 643; x_wconf 75' lang='grc' dir='ltr'>διηγήσε-</span> 
     </span>
    </p>
   </div>
   <div class='ocr_carea' id='block_1_8' title="bbox 268 663 1840 737">
    <p class='ocr_par' dir='ltr' id='par_1_8' title="bbox 268 663 1840 737">
     <span class='ocr_line' id='line_1_8' title="bbox 268 663 1840 737; baseline 0.002 -21"><span class='ocrx_word' id='word_1_41' title='bbox 268 681 393 728; x_wconf 68' lang='lat' dir='ltr'><strong>tat;</strong></span> <span class='ocrx_word' id='word_1_42' title='bbox 438 685 456 716; x_wconf 87' lang='grc'><strong>›</strong></span> <span class='ocrx_word' id='word_1_43' title='bbox 495 663 886 732; x_wconf 65' lang='grc' dir='ltr'><strong>ἀναφθέγξαιτο</strong></span> <span class='ocrx_word' id='word_1_44' title='bbox 947 664 1046 718; x_wconf 79' lang='grc' dir='ltr'><strong>ἄν·</strong></span> <span class='ocrx_word' id='word_1_45' title='bbox 1099 664 1282 735; x_wconf 76' lang='grc' dir='ltr'>ἐπειδὴ</span> <span class='ocrx_word' id='word_1_46' title='bbox 1328 666 1421 718; x_wconf 70' lang='grc' dir='ltr'><strong>καὶ</strong></span> <span class='ocrx_word' id='word_1_47' title='bbox 1453 665 1549 737; x_wconf 77' lang='grc' dir='ltr'>τὴν</span> <span class='ocrx_word' id='word_1_48' title='bbox 1595 663 1840 720; x_wconf 78' lang='grc' dir='ltr'><strong>ἐναντίαν</strong></span> 
     </span>
    </p>
   </div>
   <div class='ocr_carea' id='block_1_9' title="bbox 269 755 1842 823">
    <p class='ocr_par' dir='ltr' id='par_1_9' title="bbox 269 755 1842 823">
     <span class='ocr_line' id='line_1_9' title="bbox 269 755 1842 823; baseline -0.001 -12"><span class='ocrx_word' id='word_1_49' title='bbox 269 759 448 811; x_wconf 76' lang='grc' dir='ltr'>ἐλθεῖν</span> <span class='ocrx_word' id='word_1_50' title='bbox 473 759 572 810; x_wconf 86' lang='grc' dir='ltr'><strong>οὐκ</strong></span> <span class='ocrx_word' id='word_1_51' title='bbox 598 756 892 820; x_wconf 83' lang='grc' dir='ltr'>ἀκίνδυνον,</span> <span class='ocrx_word' id='word_1_52' title='bbox 924 757 1017 809; x_wconf 71' lang='grc' dir='ltr'><strong>καὶ</strong></span> <span class='ocrx_word' id='word_1_53' title='bbox 1048 756 1231 818; x_wconf 81' lang='grc' dir='ltr'>ἅπλῶς</span> <span class='ocrx_word' id='word_1_54' title='bbox 1255 755 1426 810; x_wconf 76' lang='grc' dir='ltr'>οὕτως</span> <span class='ocrx_word' id='word_1_55' title='bbox 1452 757 1510 823; x_wconf 77' lang='grc' dir='ltr'>ἐξ</span> <span class='ocrx_word' id='word_1_56' title='bbox 1549 757 1647 810; x_wconf 90' lang='grc' dir='ltr'><strong>οὐκ</strong></span> <span class='ocrx_word' id='word_1_57' title='bbox 1672 758 1842 811; x_wconf 72' lang='grc' dir='ltr'>ὄντων</span> 
     </span>
    </p>
   </div>
   <div class='ocr_carea' id='block_1_10' title="bbox 265 848 1841 920">
    <p class='ocr_par' dir='ltr' id='par_1_10' title="bbox 265 848 1841 920">
     <span class='ocr_line' id='line_1_10' title="bbox 265 848 1841 920; baseline -0.001 -16"><span class='ocrx_word' id='word_1_58' title='bbox 265 850 529 920; x_wconf 71' lang='grc' dir='ltr'>γεννητδν</span> <span class='ocrx_word' id='word_1_59' title='bbox 595 849 683 902; x_wconf 82' lang='grc' dir='ltr'><strong>τὸν</strong></span> <span class='ocrx_word' id='word_1_60' title='bbox 725 848 849 900; x_wconf 64' lang='lat' dir='ltr'><strong>rem</strong></span> <span class='ocrx_word' id='word_1_61' title='bbox 895 850 1007 911; x_wconf 87' lang='grc' dir='ltr'>τοῖς</span> <span class='ocrx_word' id='word_1_62' title='bbox 1056 848 1259 912; x_wconf 80' lang='grc' dir='ltr'>λοιποῖς</span> <span class='ocrx_word' id='word_1_63' title='bbox 1306 852 1582 918; x_wconf 80' lang='grc' dir='ltr'>γεννητοῖς</span> <span class='ocrx_word' id='word_1_64' title='bbox 1642 849 1841 919; x_wconf 86' lang='grc' dir='ltr'>ὁμοίως</span> 
     </span>
    </p>
   </div>
   <div class='ocr_carea' id='block_1_11' title="bbox 264 939 1836 1012">
    <p class='ocr_par' dir='ltr' id='par_1_11' title="bbox 264 939 1836 1012">
     <span class='ocr_line' id='line_1_11' title="bbox 264 939 1836 1012; baseline -0.001 -17"><span class='ocrx_word' id='word_1_65' title='bbox 264 940 689 1012; x_wconf 67' lang='grc' dir='ltr'>ἀποφήνασθαι·</span> <span class='ocrx_word' id='word_1_66' title='bbox 735 939 863 1010; x_wconf 76' lang='grc' dir='ltr'>άλλη</span> <span class='ocrx_word' id='word_1_67' title='bbox 912 939 1018 1010; x_wconf 79' lang='grc' dir='ltr'>γὰρ</span> <span class='ocrx_word' id='word_1_68' title='bbox 1066 940 1194 992; x_wconf 84' lang='grc' dir='ltr'>Υίοῦ</span> <span class='ocrx_word' id='word_1_69' title='bbox 1245 939 1474 1008; x_wconf 87' lang='grc' dir='ltr'>γένεσις,</span> <span class='ocrx_word' id='word_1_70' title='bbox 1515 941 1606 992; x_wconf 69' lang='grc' dir='ltr'>καὶ</span> <span class='ocrx_word' id='word_1_71' title='bbox 1637 941 1769 1012; x_wconf 85' lang='grc' dir='ltr'>άλλη</span> <span class='ocrx_word' id='word_1_72' title='bbox 1805 943 1836 1012; x_wconf 88' lang='grc' dir='ltr'><strong>ἡ</strong></span> 
     </span>
    </p>
   </div>
   <div class='ocr_carea' id='block_1_12' title="bbox 263 1032 1840 1106">
    <p class='ocr_par' dir='ltr' id='par_1_12' title="bbox 263 1032 1840 1106">
     <span class='ocr_line' id='line_1_12' title="bbox 263 1032 1840 1106; baseline -0.001 -17"><span class='ocrx_word' id='word_1_73' title='bbox 263 1036 356 1089; x_wconf 72' lang='grc' dir='ltr'>διὰ</span> <span class='ocrx_word' id='word_1_74' title='bbox 393 1034 486 1088; x_wconf 89' lang='grc' dir='ltr'><strong>τοῦ</strong></span> <span class='ocrx_word' id='word_1_75' title='bbox 530 1033 658 1086; x_wconf 87' lang='grc' dir='ltr'>Υίοῦ</span> <span class='ocrx_word' id='word_1_76' title='bbox 703 1032 1045 1103; x_wconf 80' lang='grc' dir='ltr'><strong>δημιουργία.</strong></span> <span class='ocrx_word' id='word_1_77' title='bbox 1094 1032 1251 1085; x_wconf 72' lang='grc' dir='ltr'>Ἀλλὰ</span> <span class='ocrx_word' id='word_1_78' title='bbox 1281 1032 1387 1106; x_wconf 79' lang='grc' dir='ltr'>γὰρ</span> <span class='ocrx_word' id='word_1_79' title='bbox 1421 1032 1672 1104; x_wconf 78' lang='grc' dir='ltr'>ὥσπερὴ</span> <span class='ocrx_word' id='word_1_80' title='bbox 1721 1033 1840 1088; x_wconf 86' lang='grc' dir='ltr'>θεία</span> 
     </span>
    </p>
   </div>
   <div class='ocr_carea' id='block_1_13' title="bbox 265 1123 1840 1196">
    <p class='ocr_par' dir='ltr' id='par_1_13' title="bbox 265 1123 1840 1196">
     <span class='ocr_line' id='line_1_13' title="bbox 265 1123 1840 1196; baseline -0.001 -17"><span class='ocrx_word' id='word_1_81' title='bbox 265 1127 459 1196; x_wconf 72' lang='grc' dir='ltr'>Γραφὴ</span> <span class='ocrx_word' id='word_1_82' title='bbox 491 1124 608 1178; x_wconf 82' lang='grc' dir='ltr'>τοτὲ</span> <span class='ocrx_word' id='word_1_83' title='bbox 639 1123 737 1194; x_wconf 82' lang='grc' dir='ltr'><strong>μὲν</strong></span> <span class='ocrx_word' id='word_1_84' title='bbox 765 1123 1103 1194; x_wconf 79' lang='grc' dir='ltr'>πρωτότοκον</span> <span class='ocrx_word' id='word_1_85' title='bbox 1133 1123 1312 1194; x_wconf 86' lang='grc' dir='ltr'>πάσης</span> <span class='ocrx_word' id='word_1_86' title='bbox 1345 1125 1571 1187; x_wconf 79' lang='grc' dir='ltr'><strong>κτίσεως</strong></span> <span class='ocrx_word' id='word_1_87' title='bbox 1597 1125 1685 1177; x_wconf 77' lang='grc' dir='ltr'>τὸν</span> <span class='ocrx_word' id='word_1_88' title='bbox 1715 1124 1840 1177; x_wconf 79' lang='grc' dir='ltr'>Υίὸν</span> 
     </span>
    </p>
   </div>
   <div class='ocr_carea' id='block_1_14' title="bbox 263 1214 1840 1289">
    <p class='ocr_par' dir='ltr' id='par_1_14' title="bbox 263 1214 1840 1289">
     <span class='ocr_line' id='line_1_14' title="bbox 263 1214 1840 1289; baseline -0.003 -15"><span class='ocrx_word' id='word_1_89' title='bbox 263 1217 587 1289; x_wconf 79' lang='grc' dir='ltr'>ἀναγορεύει</span> <span class='ocrx_word' id='word_1_90' title='bbox 620 1216 678 1282; x_wconf 83' lang='grc' dir='ltr'><strong>ὲξ</strong></span> <span class='ocrx_word' id='word_1_91' title='bbox 707 1215 869 1269; x_wconf 86' lang='grc' dir='ltr'>αὐτοῦ</span> <span class='ocrx_word' id='word_1_92' title='bbox 899 1214 1209 1286; x_wconf 83' lang='grc' dir='ltr'>προσώπου,</span> <span class='ocrx_word' id='word_1_93' title='bbox 1239 1215 1320 1278; x_wconf 86' lang='grc' dir='ltr'>τὸ,</span> <span class='ocrx_word' id='word_1_94' title='bbox 1379 1235 1396 1266; x_wconf 76' lang='grc' dir='ltr'><strong>ι</strong></span> <span class='ocrx_word' id='word_1_95' title='bbox 1429 1216 1630 1287; x_wconf 80' lang='grc' dir='ltr'>Κύριος</span> <span class='ocrx_word' id='word_1_96' title='bbox 1661 1217 1840 1271; x_wconf 80' lang='grc' dir='ltr'>ἕκτισέ</span> 
     </span>
    </p>
   </div>
   <div class='ocr_carea' id='block_1_15' title="bbox 268 1293 1839 1381">
    <p class='ocr_par' dir='ltr' id='par_1_15' title="bbox 268 1293 1839 1381">
     <span class='ocr_line' id='line_1_15' title="bbox 268 1293 1839 1381; baseline -0.001 -18"><span class='ocrx_word' id='word_1_97' title='bbox 268 1328 338 1381; x_wconf 81' lang='grc' dir='ltr'><strong>με</strong></span> <span class='ocrx_word' id='word_1_98' title='bbox 365 1293 535 1380; x_wconf 77' lang='grc' dir='ltr'>ἀρχὴν</span> <span class='ocrx_word' id='word_1_99' title='bbox 561 1308 692 1362; x_wconf 81' lang='grc' dir='ltr'>όδῶν</span> <span class='ocrx_word' id='word_1_100' title='bbox 725 1308 908 1371; x_wconf 88' lang='grc' dir='ltr'>αὐτοῦ,</span> <span class='ocrx_word' id='word_1_101' title='bbox 943 1327 961 1358; x_wconf 74' lang='grc' dir='ltr'><strong>ι</strong></span> <span class='ocrx_word' id='word_1_102' title='bbox 1001 1307 1279 1376; x_wconf 82' lang='grc' dir='ltr'>φάσκουσα</span> <span class='ocrx_word' id='word_1_103' title='bbox 1306 1323 1319 1337; x_wconf 90' lang='grc'>·</span> <span class='ocrx_word' id='word_1_104' title='bbox 1357 1303 1475 1361; x_wconf 78' lang='grc' dir='ltr'>τοτὲ</span> <span class='ocrx_word' id='word_1_105' title='bbox 1508 1308 1563 1361; x_wconf 86' lang='grc' dir='ltr'>δὲ</span> <span class='ocrx_word' id='word_1_106' title='bbox 1598 1309 1839 1381; x_wconf 82' lang='grc' dir='ltr'>γέννημα</span> 
     </span>
    </p>
   </div>
   <div class='ocr_carea' id='block_1_16' title="bbox 264 1397 1839 1473">
    <p class='ocr_par' dir='ltr' id='par_1_16' title="bbox 264 1397 1839 1473">
     <span class='ocr_line' id='line_1_16' title="bbox 264 1397 1839 1473; baseline 0 -17"><span class='ocrx_word' id='word_1_107' title='bbox 264 1402 362 1456; x_wconf 71' lang='grc' dir='ltr'><strong>τοῦ</strong></span> <span class='ocrx_word' id='word_1_108' title='bbox 400 1401 608 1471; x_wconf 68' lang='grc' dir='ltr'>[ἰατρὸς</span> <span class='ocrx_word' id='word_1_109' title='bbox 651 1397 813 1463; x_wconf 70' lang='grc' dir='ltr'>εἶναι,</span> <span class='ocrx_word' id='word_1_110' title='bbox 842 1400 988 1468; x_wconf 86' lang='grc' dir='ltr'>λέγει</span> <span class='ocrx_word' id='word_1_111' title='bbox 1029 1400 1166 1454; x_wconf 83' lang='grc' dir='ltr'><strong>κατά</strong></span> <span class='ocrx_word' id='word_1_112' title='bbox 1201 1402 1279 1466; x_wconf 84' lang='grc' dir='ltr'><strong>τὸ,</strong></span> <span class='ocrx_word' id='word_1_113' title='bbox 1327 1421 1344 1452; x_wconf 76' lang='grc' dir='ltr'><strong>ι</strong></span> <span class='ocrx_word' id='word_1_114' title='bbox 1385 1401 1497 1473; x_wconf 74' lang='grc' dir='ltr'><strong>Πρὸ</strong></span> <span class='ocrx_word' id='word_1_115' title='bbox 1538 1402 1594 1454; x_wconf 80' lang='grc' dir='ltr'><strong>δὲ</strong></span> <span class='ocrx_word' id='word_1_116' title='bbox 1626 1403 1839 1456; x_wconf 86' lang='grc' dir='ltr'>πάντων</span> 
     </span>
    </p>
   </div>
   <div class='ocr_carea' id='block_1_17' title="bbox 265 1488 1840 1564">
    <p class='ocr_par' dir='ltr' id='par_1_17' title="bbox 265 1488 1840 1564">
     <span class='ocr_line' id='line_1_17' title="bbox 265 1488 1840 1564; baseline 0 -20"><span class='ocrx_word' id='word_1_117' title='bbox 265 1491 476 1564; x_wconf 81' lang='grc' dir='ltr'>βουνῶν</span> <span class='ocrx_word' id='word_1_118' title='bbox 507 1493 670 1562; x_wconf 81' lang='grc' dir='ltr'>γεννᾷ</span> <span class='ocrx_word' id='word_1_119' title='bbox 707 1508 772 1561; x_wconf 86' lang='grc' dir='ltr'><strong>με</strong></span> <span class='ocrx_word' id='word_1_120' title='bbox 801 1507 814 1521; x_wconf 88' lang='grc'><strong>·</strong></span> <span class='ocrx_word' id='word_1_121' title='bbox 858 1511 875 1541; x_wconf 74' lang='grc' dir='ltr'><strong>ι</strong></span> <span class='ocrx_word' id='word_1_122' title='bbox 911 1488 1082 1564; x_wconf 81' lang='grc' dir='ltr'>ταύτῃ</span> <span class='ocrx_word' id='word_1_123' title='bbox 1127 1493 1217 1546; x_wconf 74' lang='grc' dir='ltr'><strong>καὶ</strong></span> <span class='ocrx_word' id='word_1_124' title='bbox 1262 1494 1387 1562; x_wconf 73' lang='grc' dir='ltr'>ἡμῖν</span> <span class='ocrx_word' id='word_1_125' title='bbox 1421 1493 1646 1546; x_wconf 74' lang='grc' dir='ltr'>ἕπεσθαι</span> <span class='ocrx_word' id='word_1_126' title='bbox 1675 1493 1840 1561; x_wconf 83' lang='grc' dir='ltr'>ὑγιῶς</span> 
     </span>
    </p>
   </div>
   <div class='ocr_carea' id='block_1_18' title="bbox 265 1582 1840 1655">
    <p class='ocr_par' dir='ltr' id='par_1_18' title="bbox 265 1582 1840 1655">
     <span class='ocr_line' id='line_1_18' title="bbox 265 1582 1840 1655; baseline 0 -19"><span class='ocrx_word' id='word_1_127' title='bbox 265 1582 340 1636; x_wconf 80' lang='grc' dir='ltr'>ειν</span> <span class='ocrx_word' id='word_1_128' title='bbox 379 1583 506 1653; x_wconf 84' lang='grc' dir='ltr'>ἔχοι,</span> <span class='ocrx_word' id='word_1_129' title='bbox 534 1583 628 1635; x_wconf 69' lang='grc' dir='ltr'><strong>καὶ</strong></span> <span class='ocrx_word' id='word_1_130' title='bbox 659 1584 718 1636; x_wconf 78' lang='grc' dir='ltr'><strong>τὸ</strong></span> <span class='ocrx_word' id='word_1_131' title='bbox 752 1583 855 1655; x_wconf 85' lang='grc' dir='ltr'><strong>πρὸ</strong></span> <span class='ocrx_word' id='word_1_132' title='bbox 880 1584 1093 1652; x_wconf 88' lang='grc' dir='ltr'>πάντων</span> <span class='ocrx_word' id='word_1_133' title='bbox 1119 1583 1324 1643; x_wconf 78' lang='grc' dir='ltr'>αἰώνων</span> <span class='ocrx_word' id='word_1_134' title='bbox 1350 1583 1488 1637; x_wconf 79' lang='grc' dir='ltr'>εἶναι</span> <span class='ocrx_word' id='word_1_135' title='bbox 1516 1585 1684 1653; x_wconf 82' lang='grc' dir='ltr'>Λόγον</span> <span class='ocrx_word' id='word_1_136' title='bbox 1713 1585 1840 1637; x_wconf 76' lang='grc' dir='ltr'>ὄντα</span> 
     </span>
    </p>
   </div>
   <div class='ocr_carea' id='block_1_19' title="bbox 261 1671 1836 1748">
    <p class='ocr_par' dir='ltr' id='par_1_19' title="bbox 261 1671 1836 1748">
     <span class='ocr_line' id='line_1_19' title="bbox 261 1671 1836 1748; baseline 0 -20"><span class='ocrx_word' id='word_1_137' title='bbox 261 1677 402 1730; x_wconf 76' lang='grc' dir='ltr'>θεοῦ</span> <span class='ocrx_word' id='word_1_138' title='bbox 434 1671 840 1746; x_wconf 66' lang='grc' dir='ltr'>δημιουργικόν,</span> <span class='ocrx_word' id='word_1_139' title='bbox 868 1676 962 1728; x_wconf 77' lang='grc' dir='ltr'><strong>καὶ</strong></span> <span class='ocrx_word' id='word_1_140' title='bbox 989 1675 1050 1728; x_wconf 80' lang='grc' dir='ltr'>τὸ</span> <span class='ocrx_word' id='word_1_141' title='bbox 1079 1676 1253 1748; x_wconf 77' lang='grc' dir='ltr'>Πατρὶ</span> <span class='ocrx_word' id='word_1_142' title='bbox 1288 1679 1540 1742; x_wconf 87' lang='grc' dir='ltr'>συνεῖναι,</span> <span class='ocrx_word' id='word_1_143' title='bbox 1578 1675 1836 1748; x_wconf 87' lang='grc' dir='ltr'>μονογενῆ</span> 
     </span>
    </p>
   </div>
   <div class='ocr_carea' id='block_1_20' title="bbox 1939 482 3515 557">
    <p class='ocr_par' dir='ltr' id='par_1_20' title="bbox 1939 482 3515 557">
     <span class='ocr_line' id='line_1_20' title="bbox 1939 482 3515 557; baseline 0.006 -21"><span class='ocrx_word' id='word_1_144' title='bbox 1939 483 2257 537; x_wconf 79' lang='lat' dir='ltr'><strong>carentibus</strong></span> <span class='ocrx_word' id='word_1_145' title='bbox 2303 482 2538 549; x_wconf 61' lang='lat' dir='ltr'><strong>saeculis,</strong></span> <span class='ocrx_word' id='word_1_146' title='bbox 2563 491 2681 538; x_wconf 90' lang='lat' dir='ltr'><strong>erat</strong></span> <span class='ocrx_word' id='word_1_147' title='bbox 2719 482 2890 539; x_wconf 81' lang='lat' dir='ltr'><strong>Filius</strong></span> <span class='ocrx_word' id='word_1_148' title='bbox 2925 486 3200 555; x_wconf 85' lang='lat' dir='ltr'><strong>ingenitus</strong></span> <span class='ocrx_word' id='word_1_149' title='bbox 3246 489 3301 543; x_wconf 91' lang='lat' dir='ltr'><strong>in</strong></span> <span class='ocrx_word' id='word_1_150' title='bbox 3337 487 3515 557; x_wconf 83' lang='lat' dir='ltr'><strong>Patre,</strong></span> 
     </span>
    </p>
   </div>
   <div class='ocr_carea' id='block_1_21' title="bbox 1940 573 3516 649">
    <p class='ocr_par' dir='ltr' id='par_1_21' title="bbox 1940 573 3516 649">
     <span class='ocr_line' id='line_1_21' title="bbox 1940 573 3516 649; baseline 0.006 -22"><span class='ocrx_word' id='word_1_151' title='bbox 1940 575 2032 645; x_wconf 87' lang='lat' dir='ltr'><strong>qui</strong></span> <span class='ocrx_word' id='word_1_152' title='bbox 2066 590 2193 645; x_wconf 85' lang='lat' dir='ltr'><strong>pars</strong></span> <span class='ocrx_word' id='word_1_153' title='bbox 2225 575 2371 630; x_wconf 89' lang='lat' dir='ltr'><strong>illius</strong></span> <span class='ocrx_word' id='word_1_154' title='bbox 2397 573 2644 644; x_wconf 82' lang='lat' dir='ltr'><strong>quaedam</strong></span> <span class='ocrx_word' id='word_1_155' title='bbox 2674 583 2839 642; x_wconf 88' lang='lat' dir='ltr'><strong>esset,</strong></span> <span class='ocrx_word' id='word_1_156' title='bbox 2863 592 2983 646; x_wconf 75' lang='lat' dir='ltr'><strong>qua:</strong></span> <span class='ocrx_word' id='word_1_157' title='bbox 3003 578 3218 648; x_wconf 90' lang='lat' dir='ltr'><strong>quidem</strong></span> <span class='ocrx_word' id='word_1_158' title='bbox 3242 582 3516 649; x_wconf 75' lang='lat' dir='ltr'><strong>posterius</strong></span> 
     </span>
    </p>
   </div>
   <div class='ocr_carea' id='block_1_22' title="bbox 1939 667 3506 744">
    <p class='ocr_par' dir='ltr' id='par_1_22' title="bbox 1939 667 3506 744">
     <span class='ocr_line' id='line_1_22' title="bbox 1939 667 3506 744; baseline 0.004 -23"><span class='ocrx_word' id='word_1_159' title='bbox 1939 677 2271 722; x_wconf 89' lang='lat' dir='ltr'><strong>commutata</strong></span> <span class='ocrx_word' id='word_1_160' title='bbox 2327 676 2382 722; x_wconf 92' lang='lat' dir='ltr'><strong>et</strong></span> <span class='ocrx_word' id='word_1_161' title='bbox 2428 667 2598 736; x_wconf 88' lang='lat' dir='ltr'><strong>ejecta</strong></span> <span class='ocrx_word' id='word_1_162' title='bbox 2645 675 2800 722; x_wconf 78' lang='lat' dir='ltr'><strong>extra</strong></span> <span class='ocrx_word' id='word_1_163' title='bbox 2833 670 2985 723; x_wconf 91' lang='lat' dir='ltr'><strong>illum</strong></span> <span class='ocrx_word' id='word_1_164' title='bbox 3033 673 3322 727; x_wconf 85' lang='lat' dir='ltr'><strong>secesserit</strong></span> <span class='ocrx_word' id='word_1_165' title='bbox 3353 692 3366 726; x_wconf 75' lang='grc' dir='ltr'><em>τ</em></span> <span class='ocrx_word' id='word_1_166' title='bbox 3395 673 3506 744; x_wconf 76' lang='lat' dir='ltr'><strong>jam</strong></span> 
     </span>
    </p>
   </div>
   <div class='ocr_carea' id='block_1_23' title="bbox 1937 758 3516 833">
    <p class='ocr_par' dir='ltr' id='par_1_23' title="bbox 1937 758 3516 833">
     <span class='ocr_line' id='line_1_23' title="bbox 1937 758 3516 833; baseline 0.004 -20"><span class='ocrx_word' id='word_1_167' title='bbox 1937 758 2083 813; x_wconf 89' lang='lat' dir='ltr'><strong>enim</strong></span> <span class='ocrx_word' id='word_1_168' title='bbox 2115 759 2259 814; x_wconf 90' lang='lat' dir='ltr'><strong>istud</strong></span> <span class='ocrx_word' id='word_1_169' title='bbox 2291 763 2666 818; x_wconf 80' lang='lat' dir='ltr'><strong>conversionis</strong></span> <span class='ocrx_word' id='word_1_170' title='bbox 2694 763 2971 833; x_wconf 91' lang='lat' dir='ltr'><strong>pr0prium</strong></span> <span class='ocrx_word' id='word_1_171' title='bbox 3006 761 3164 828; x_wconf 81' lang='lat' dir='ltr'><strong>foret,</strong></span> <span class='ocrx_word' id='word_1_172' title='bbox 3194 770 3248 818; x_wconf 91' lang='lat' dir='ltr'><strong>et</strong></span> <span class='ocrx_word' id='word_1_173' title='bbox 3281 764 3360 818; x_wconf 91' lang='lat' dir='ltr'><strong>sic</strong></span> <span class='ocrx_word' id='word_1_174' title='bbox 3386 780 3516 820; x_wconf 87' lang='lat' dir='ltr'><strong>sane</strong></span> 
     </span>
    </p>
   </div>
   <div class='ocr_carea' id='block_1_24' title="bbox 1939 849 3508 927">
    <p class='ocr_par' dir='ltr' id='par_1_24' title="bbox 1939 849 3508 927">
     <span class='ocr_line' id='line_1_24' title="bbox 1939 849 3508 927; baseline 0.006 -24"><span class='ocrx_word' id='word_1_175' title='bbox 1939 849 2049 906; x_wconf 91' lang='lat' dir='ltr'><strong>duo</strong></span> <span class='ocrx_word' id='word_1_176' title='bbox 2096 862 2280 908; x_wconf 84' lang='lat' dir='ltr'><strong>essent</strong></span> <span class='ocrx_word' id='word_1_177' title='bbox 2333 855 2601 926; x_wconf 89' lang='lat' dir='ltr'><strong>ingenita,</strong></span> <span class='ocrx_word' id='word_1_178' title='bbox 2641 869 2808 908; x_wconf 91' lang='lat' dir='ltr'><strong>unum</strong></span> <span class='ocrx_word' id='word_1_179' title='bbox 2861 855 2914 908; x_wconf 91' lang='lat' dir='ltr'><strong>id</strong></span> <span class='ocrx_word' id='word_1_180' title='bbox 2960 856 3105 924; x_wconf 87' lang='lat' dir='ltr'><strong>quod</strong></span> <span class='ocrx_word' id='word_1_181' title='bbox 3155 857 3508 927; x_wconf 82' lang='lat' dir='ltr'><strong>projecisset,</strong></span> 
     </span>
    </p>
   </div>
   <div class='ocr_carea' id='block_1_25' title="bbox 1939 943 3510 1020">
    <p class='ocr_par' dir='ltr' id='par_1_25' title="bbox 1939 943 3510 1020">
     <span class='ocr_line' id='line_1_25' title="bbox 1939 943 3510 1020; baseline 0.005 -24"><span class='ocrx_word' id='word_1_182' title='bbox 1939 943 2169 998; x_wconf 90' lang='lat' dir='ltr'><strong>alterum</strong></span> <span class='ocrx_word' id='word_1_183' title='bbox 2202 947 2346 1016; x_wconf 91' lang='lat' dir='ltr'><strong>quod</strong></span> <span class='ocrx_word' id='word_1_184' title='bbox 2377 947 2674 1017; x_wconf 84' lang='lat' dir='ltr'><strong>projectum</strong></span> <span class='ocrx_word' id='word_1_185' title='bbox 2714 949 2892 1002; x_wconf 89' lang='lat' dir='ltr'><strong>esset!</strong></span> <span class='ocrx_word' id='word_1_186' title='bbox 2923 946 2988 1001; x_wconf 88' lang='lat' dir='ltr'><strong>Et</strong></span> <span class='ocrx_word' id='word_1_187' title='bbox 3018 949 3260 1018; x_wconf 87' lang='lat' dir='ltr'><strong>quinam,</strong></span> <span class='ocrx_word' id='word_1_188' title='bbox 3305 966 3510 1020; x_wconf 74' lang='lat' dir='ltr'><strong>qtueso,</strong></span> 
     </span>
    </p>
   </div>
   <div class='ocr_carea' id='block_1_26' title="bbox 1941 1037 3508 1108">
    <p class='ocr_par' dir='ltr' id='par_1_26' title="bbox 1941 1037 3508 1108">
     <span class='ocr_line' id='line_1_26' title="bbox 1941 1037 3508 1108; baseline 0.006 -20"><span class='ocrx_word' id='word_1_189' title='bbox 1941 1042 2115 1091; x_wconf 90' lang='lat' dir='ltr'><strong>status</strong></span> <span class='ocrx_word' id='word_1_190' title='bbox 2145 1040 2374 1094; x_wconf 83' lang='lat' dir='ltr'><strong>melior?</strong></span> <span class='ocrx_word' id='word_1_191' title='bbox 2400 1037 2539 1093; x_wconf 85' lang='lat' dir='ltr'><strong>Num</strong></span> <span class='ocrx_word' id='word_1_192' title='bbox 2573 1039 2618 1092; x_wconf 89' lang='lat' dir='ltr'><strong>is</strong></span> <span class='ocrx_word' id='word_1_193' title='bbox 2650 1039 2741 1108; x_wconf 85' lang='lat' dir='ltr'><strong>qui</strong></span> <span class='ocrx_word' id='word_1_194' title='bbox 2774 1047 2898 1094; x_wconf 86' lang='lat' dir='ltr'><strong>ante</strong></span> <span class='ocrx_word' id='word_1_195' title='bbox 2943 1043 3353 1097; x_wconf 74' lang='lat' dir='ltr'><strong>conversionem</strong></span> <span class='ocrx_word' id='word_1_196' title='bbox 3387 1043 3508 1106; x_wconf 83' lang='lat' dir='ltr'><strong>fuit,</strong></span> 
     </span>
    </p>
   </div>
   <div class='ocr_carea' id='block_1_27' title="bbox 1939 1131 3510 1205">
    <p class='ocr_par' dir='ltr' id='par_1_27' title="bbox 1939 1131 3510 1205">
     <span class='ocr_line' id='line_1_27' title="bbox 1939 1131 3510 1205; baseline 0.007 -25"><span class='ocrx_word' id='word_1_197' title='bbox 1939 1143 2048 1196; x_wconf 92' lang='lat' dir='ltr'><strong>quo</strong></span> <span class='ocrx_word' id='word_1_198' title='bbox 2077 1145 2172 1198; x_wconf 91' lang='lat' dir='ltr'><strong>per</strong></span> <span class='ocrx_word' id='word_1_199' title='bbox 2201 1132 2588 1201; x_wconf 88' lang='lat' dir='ltr'><strong>projectionem</strong></span> <span class='ocrx_word' id='word_1_200' title='bbox 2611 1131 2854 1186; x_wconf 84' lang='lat' dir='ltr'><strong>diductio</strong></span> <span class='ocrx_word' id='word_1_201' title='bbox 2880 1132 3017 1186; x_wconf 84' lang='lat' dir='ltr'><strong>facta</strong></span> <span class='ocrx_word' id='word_1_202' title='bbox 3041 1135 3164 1188; x_wconf 90' lang='lat' dir='ltr'><strong>est?</strong></span> <span class='ocrx_word' id='word_1_203' title='bbox 3187 1134 3328 1204; x_wconf 85' lang='lat' dir='ltr'><strong>Ergo</strong></span> <span class='ocrx_word' id='word_1_204' title='bbox 3351 1139 3510 1205; x_wconf 92' lang='lat' dir='ltr'><strong>quasi</strong></span> 
     </span>
    </p>
   </div>
   <div class='ocr_carea' id='block_1_28' title="bbox 1941 1223 3508 1295">
    <p class='ocr_par' dir='ltr' id='par_1_28' title="bbox 1941 1223 3508 1295">
     <span class='ocr_line' id='line_1_28' title="bbox 1941 1223 3508 1295; baseline 0.008 -25"><span class='ocrx_word' id='word_1_205' title='bbox 1941 1235 2065 1289; x_wconf 85' lang='lat' dir='ltr'><strong>pars</strong></span> <span class='ocrx_word' id='word_1_206' title='bbox 2098 1223 2179 1275; x_wconf 89' lang='lat' dir='ltr'><strong>vel</strong></span> <span class='ocrx_word' id='word_1_207' title='bbox 2204 1223 2503 1276; x_wconf 83' lang='lat' dir='ltr'><strong>membrum</strong></span> <span class='ocrx_word' id='word_1_208' title='bbox 2534 1230 2692 1278; x_wconf 85' lang='lat' dir='ltr'><strong>antea</strong></span> <span class='ocrx_word' id='word_1_209' title='bbox 2713 1239 2927 1293; x_wconf 79' lang='lat' dir='ltr'><strong>semper</strong></span> <span class='ocrx_word' id='word_1_210' title='bbox 2948 1225 3181 1294; x_wconf 84' lang='lat' dir='ltr'><strong>ingenite</strong></span> <span class='ocrx_word' id='word_1_211' title='bbox 3209 1227 3508 1295; x_wconf 65' lang='lat' dir='ltr'><strong>adhaerens,</strong></span> 
     </span>
    </p>
   </div>
   <div class='ocr_carea' id='block_1_29' title="bbox 1939 1311 3512 1385">
    <p class='ocr_par' dir='ltr' id='par_1_29' title="bbox 1939 1311 3512 1385">
     <span class='ocr_line' id='line_1_29' title="bbox 1939 1311 3512 1385; baseline 0.008 -22"><span class='ocrx_word' id='word_1_212' title='bbox 1939 1311 2135 1366; x_wconf 88' lang='lat' dir='ltr'><strong>deinde</strong></span> <span class='ocrx_word' id='word_1_213' title='bbox 2167 1313 2444 1368; x_wconf 84' lang='lat' dir='ltr'><strong>diductum</strong></span> <span class='ocrx_word' id='word_1_214' title='bbox 2489 1325 2543 1370; x_wconf 91' lang='lat' dir='ltr'><strong>et</strong></span> <span class='ocrx_word' id='word_1_215' title='bbox 2583 1331 2828 1372; x_wconf 88' lang='lat' dir='ltr'><strong>seorsum</strong></span> <span class='ocrx_word' id='word_1_216' title='bbox 2864 1316 3050 1372; x_wconf 88' lang='lat' dir='ltr'><strong>abiens</strong></span> <span class='ocrx_word' id='word_1_217' title='bbox 3081 1335 3109 1370; x_wconf 84' lang='lat' dir='ltr'><strong>a</strong></span> <span class='ocrx_word' id='word_1_218' title='bbox 3138 1327 3272 1385; x_wconf 90' lang='lat' dir='ltr'><strong>toto,</strong></span> <span class='ocrx_word' id='word_1_219' title='bbox 3307 1322 3385 1375; x_wconf 89' lang='lat' dir='ltr'><strong>sic</strong></span> <span class='ocrx_word' id='word_1_220' title='bbox 3419 1321 3512 1376; x_wconf 88' lang='lat' dir='ltr'><strong>Fi-</strong></span> 
     </span>
    </p>
   </div>
   <div class='ocr_carea' id='block_1_30' title="bbox 1939 1403 3510 1480">
    <p class='ocr_par' dir='ltr' id='par_1_30' title="bbox 1939 1403 3510 1480">
     <span class='ocr_line' id='line_1_30' title="bbox 1939 1403 3510 1480; baseline 0.009 -24"><span class='ocrx_word' id='word_1_221' title='bbox 1939 1403 2046 1458; x_wconf 89' lang='lat' dir='ltr'><strong>lius</strong></span> <span class='ocrx_word' id='word_1_222' title='bbox 2087 1419 2116 1457; x_wconf 91' lang='lat' dir='ltr'><strong>a</strong></span> <span class='ocrx_word' id='word_1_223' title='bbox 2145 1403 2303 1462; x_wconf 69' lang='lat' dir='ltr'><strong>Patre</strong></span> <span class='ocrx_word' id='word_1_224' title='bbox 2353 1408 2578 1478; x_wconf 85' lang='lat' dir='ltr'><strong>cogitari</strong></span> <span class='ocrx_word' id='word_1_225' title='bbox 2613 1410 2831 1480; x_wconf 82' lang='lat' dir='ltr'><strong>poterit.</strong></span> <span class='ocrx_word' id='word_1_226' title='bbox 2871 1409 2976 1466; x_wconf 91' lang='lat' dir='ltr'><strong>Sed</strong></span> <span class='ocrx_word' id='word_1_227' title='bbox 3017 1413 3158 1465; x_wconf 85' lang='lat' dir='ltr'><strong>enim</strong></span> <span class='ocrx_word' id='word_1_228' title='bbox 3205 1411 3427 1467; x_wconf 82' lang='lat' dir='ltr'><strong>infanda</strong></span> <span class='ocrx_word' id='word_1_229' title='bbox 3455 1423 3510 1470; x_wconf 71' lang='grc' dir='ltr'><strong>οι</strong></span> 
     </span>
    </p>
   </div>
   <div class='ocr_carea' id='block_1_31' title="bbox 1939 1497 3508 1577">
    <p class='ocr_par' dir='ltr' id='par_1_31' title="bbox 1939 1497 3508 1577">
     <span class='ocr_line' id='line_1_31' title="bbox 1939 1497 3508 1577; baseline 0.011 -32"><span class='ocrx_word' id='word_1_230' title='bbox 1939 1508 2166 1562; x_wconf 87' lang='lat' dir='ltr'><strong>prorsus</strong></span> <span class='ocrx_word' id='word_1_231' title='bbox 2197 1497 2358 1567; x_wconf 89' lang='lat' dir='ltr'><strong>impia</strong></span> <span class='ocrx_word' id='word_1_232' title='bbox 2387 1499 2520 1562; x_wconf 79' lang='lat' dir='ltr'><strong>lucc.</strong></span> <span class='ocrx_word' id='word_1_233' title='bbox 2547 1519 2666 1571; x_wconf 66' lang='lat' dir='ltr'><strong>quae</strong></span> <span class='ocrx_word' id='word_1_234' title='bbox 2697 1504 2937 1558; x_wconf 68' lang='lat' dir='ltr'><strong>materia:</strong></span> <span class='ocrx_word' id='word_1_235' title='bbox 2967 1505 3183 1574; x_wconf 88' lang='lat' dir='ltr'><strong>quidem</strong></span> <span class='ocrx_word' id='word_1_236' title='bbox 3215 1523 3508 1577; x_wconf 85' lang='lat' dir='ltr'><strong>corporum</strong></span> 
     </span>
    </p>
   </div>
   <div class='ocr_carea' id='block_1_32' title="bbox 1940 1586 3508 1664">
    <p class='ocr_par' dir='ltr' id='par_1_32' title="bbox 1940 1586 3508 1664">
     <span class='ocr_line' id='line_1_32' title="bbox 1940 1586 3508 1664; baseline 0.008 -27"><span class='ocrx_word' id='word_1_237' title='bbox 1940 1586 2270 1640; x_wconf 85' lang='lat' dir='ltr'><strong>conveniunt</strong></span> <span class='ocrx_word' id='word_1_238' title='bbox 2304 1596 2357 1643; x_wconf 89' lang='lat' dir='ltr'><strong>et</strong></span> <span class='ocrx_word' id='word_1_239' title='bbox 2389 1589 2666 1646; x_wconf 73' lang='lat' dir='ltr'><strong>adhaerent</strong></span> <span class='ocrx_word' id='word_1_240' title='bbox 2699 1599 2756 1647; x_wconf 91' lang='lat' dir='ltr'><strong>ut</strong></span> <span class='ocrx_word' id='word_1_241' title='bbox 2807 1595 3046 1663; x_wconf 86' lang='lat' dir='ltr'><strong>propria,</strong></span> <span class='ocrx_word' id='word_1_242' title='bbox 3091 1594 3160 1648; x_wconf 91' lang='lat' dir='ltr'><strong>ab</strong></span> <span class='ocrx_word' id='word_1_243' title='bbox 3188 1599 3508 1664; x_wconf 78' lang='lat' dir='ltr'><strong>incm-porea</strong></span> 
     </span>
    </p>
   </div>
   <div class='ocr_carea' id='block_1_33' title="bbox 1938 1681 3506 1752">
    <p class='ocr_par' dir='ltr' id='par_1_33' title="bbox 1938 1681 3506 1752">
     <span class='ocr_line' id='line_1_33' title="bbox 1938 1681 3506 1752; baseline 0.008 -23"><span class='ocrx_word' id='word_1_244' title='bbox 1938 1692 2069 1730; x_wconf 88' lang='lat' dir='ltr'><strong>vero</strong></span> <span class='ocrx_word' id='word_1_245' title='bbox 2105 1688 2158 1733; x_wconf 92' lang='lat' dir='ltr'><strong>et</strong></span> <span class='ocrx_word' id='word_1_246' title='bbox 2189 1681 2430 1735; x_wconf 69' lang='lat' dir='ltr'><strong>materia:</strong></span> <span class='ocrx_word' id='word_1_247' title='bbox 2467 1691 2687 1752; x_wconf 83' lang='lat' dir='ltr'><strong>experte</strong></span> <span class='ocrx_word' id='word_1_248' title='bbox 2720 1692 2936 1748; x_wconf 86' lang='lat' dir='ltr'><strong>natura,</strong></span> <span class='ocrx_word' id='word_1_249' title='bbox 2971 1685 3266 1740; x_wconf 84' lang='lat' dir='ltr'><strong>abhorrent</strong></span> <span class='ocrx_word' id='word_1_250' title='bbox 3294 1687 3506 1740; x_wconf 85' lang='lat' dir='ltr'><strong>aliena-</strong></span> 
     </span>
    </p>
   </div>
   <div class='ocr_carea' id='block_1_34' title="bbox 263 1751 1830 1846">
    <p class='ocr_par' dir='ltr' id='par_1_34' title="bbox 263 1761 1830 1838">
     <span class='ocr_line' id='line_1_34' title="bbox 263 1761 1830 1838; baseline -0.001 -18"><span class='ocrx_word' id='word_1_251' title='bbox 263 1785 324 1820; x_wconf 87' lang='grc' dir='ltr'><strong>τε</strong></span> <span class='ocrx_word' id='word_1_252' title='bbox 363 1763 490 1819; x_wconf 72' lang='grc' dir='ltr'>Υἱδν</span> <span class='ocrx_word' id='word_1_253' title='bbox 537 1761 673 1818; x_wconf 68' lang='grc' dir='ltr'>εἶναι</span> <span class='ocrx_word' id='word_1_254' title='bbox 710 1765 804 1818; x_wconf 87' lang='grc' dir='ltr'><strong>τοῦ</strong></span> <span class='ocrx_word' id='word_1_255' title='bbox 847 1765 954 1818; x_wconf 83' lang='grc' dir='ltr'><strong>τῶν</strong></span> <span class='ocrx_word' id='word_1_256' title='bbox 985 1766 1120 1819; x_wconf 78' lang='grc' dir='ltr'>ὅλων</span> <span class='ocrx_word' id='word_1_257' title='bbox 1157 1766 1310 1831; x_wconf 85' lang='grc' dir='ltr'>Θεοῦ,</span> <span class='ocrx_word' id='word_1_258' title='bbox 1345 1767 1613 1838; x_wconf 79' lang='grc' dir='ltr'>ὑπουργὸν</span> <span class='ocrx_word' id='word_1_259' title='bbox 1652 1784 1708 1820; x_wconf 89' lang='grc' dir='ltr'><strong>τε</strong></span> <span class='ocrx_word' id='word_1_260' title='bbox 1744 1766 1830 1822; x_wconf 64' lang='grc' dir='ltr'>καὶ</span> 
     </span>
    </p>
   </div>
   <div class='ocr_carea' id='block_1_35' title="bbox 1930 1751 3508 1846">
    <p class='ocr_par' dir='ltr' id='par_1_35' title="bbox 1939 1772 3508 1846">
     <span class='ocr_line' id='line_1_35' title="bbox 1939 1772 3508 1846; baseline 0.007 -22"><span class='ocrx_word' id='word_1_261' title='bbox 1939 1787 2043 1841; x_wconf 81' lang='lat' dir='ltr'><strong>que</strong></span> <span class='ocrx_word' id='word_1_262' title='bbox 2070 1781 2214 1826; x_wconf 92' lang='lat' dir='ltr'><strong>sunt.</strong></span> <span class='ocrx_word' id='word_1_263' title='bbox 2253 1772 2517 1838; x_wconf 89' lang='lat' dir='ltr'><strong>Quocirca</strong></span> <span class='ocrx_word' id='word_1_264' title='bbox 2546 1777 2740 1832; x_wconf 87' lang='lat' dir='ltr'><strong>merito</strong></span> <span class='ocrx_word' id='word_1_265' title='bbox 2782 1777 3053 1846; x_wconf 84' lang='lat' dir='ltr'><strong>quispiam</strong></span> <span class='ocrx_word' id='word_1_266' title='bbox 3081 1778 3182 1832; x_wconf 93' lang='lat' dir='ltr'><strong>hoc</strong></span> <span class='ocrx_word' id='word_1_267' title='bbox 3214 1778 3266 1832; x_wconf 90' lang='lat' dir='ltr'><strong>in</strong></span> <span class='ocrx_word' id='word_1_268' title='bbox 3300 1779 3419 1834; x_wconf 92' lang='lat' dir='ltr'><strong>loco</strong></span> <span class='ocrx_word' id='word_1_269' title='bbox 3453 1788 3508 1835; x_wconf 93' lang='lat' dir='ltr'><strong>et</strong></span> 
     </span>
    </p>
   </div>
   <div class='ocr_carea' id='block_1_36' title="bbox 266 1855 1837 1930">
    <p class='ocr_par' dir='ltr' id='par_1_36' title="bbox 266 1855 1837 1930">
     <span class='ocr_line' id='line_1_36' title="bbox 266 1855 1837 1930; baseline 0.001 -19"><span class='ocrx_word' id='word_1_270' title='bbox 266 1857 526 1930; x_wconf 66' lang='grc' dir='ltr'>σδνεργὸν</span> <span class='ocrx_word' id='word_1_271' title='bbox 557 1857 634 1928; x_wconf 85' lang='grc' dir='ltr'>τῷ</span> <span class='ocrx_word' id='word_1_272' title='bbox 666 1855 840 1928; x_wconf 68' lang='grc' dir='ltr'>Πατρὶ</span> <span class='ocrx_word' id='word_1_273' title='bbox 875 1858 972 1929; x_wconf 84' lang='grc' dir='ltr'>τῆς</span> <span class='ocrx_word' id='word_1_274' title='bbox 999 1857 1107 1910; x_wconf 81' lang='grc' dir='ltr'><strong>τῶν</strong></span> <span class='ocrx_word' id='word_1_275' title='bbox 1142 1858 1277 1911; x_wconf 78' lang='grc' dir='ltr'>ὅλων</span> <span class='ocrx_word' id='word_1_276' title='bbox 1315 1857 1619 1922; x_wconf 88' lang='grc' dir='ltr'>οὐσιώσεώς</span> <span class='ocrx_word' id='word_1_277' title='bbox 1657 1877 1715 1912; x_wconf 86' lang='grc' dir='ltr'><strong>τε</strong></span> <span class='ocrx_word' id='word_1_278' title='bbox 1745 1861 1837 1914; x_wconf 73' lang='grc' dir='ltr'><strong>καὶ</strong></span> 
     </span>
    </p>
   </div>
   <div class='ocr_carea' id='block_1_37' title="bbox 259 1947 1835 2022">
    <p class='ocr_par' dir='ltr' id='par_1_37' title="bbox 259 1947 1835 2022">
     <span class='ocr_line' id='line_1_37' title="bbox 259 1947 1835 2022; baseline 0.001 -18"><span class='ocrx_word' id='word_1_279' title='bbox 259 1949 673 2019; x_wconf 75' lang='grc' dir='ltr'>διακοσμήσεως</span> <span class='ocrx_word' id='word_1_280' title='bbox 718 1948 1107 2019; x_wconf 77' lang='grc' dir='ltr'>γεγεννημένον</span> <span class='ocrx_word' id='word_1_281' title='bbox 1149 1949 1447 2020; x_wconf 82' lang='grc' dir='ltr'>ὁμολογεῖν.</span> <span class='ocrx_word' id='word_1_282' title='bbox 1481 1950 1544 2002; x_wconf 82' lang='grc' dir='ltr'><strong>Εἰ</strong></span> <span class='ocrx_word' id='word_1_283' title='bbox 1591 1949 1699 2022; x_wconf 77' lang='grc' dir='ltr'>γὰρ</span> <span class='ocrx_word' id='word_1_284' title='bbox 1744 1947 1835 2005; x_wconf 84' lang='grc' dir='ltr'><strong>οῦν</strong></span> 
     </span>
    </p>
   </div>
   <div class='ocr_carea' id='block_1_38' title="bbox 261 2040 1835 2113">
    <p class='ocr_par' dir='ltr' id='par_1_38' title="bbox 261 2040 1835 2113">
     <span class='ocr_line' id='line_1_38' title="bbox 261 2040 1835 2113; baseline 0.001 -19"><span class='ocrx_word' id='word_1_285' title='bbox 261 2044 358 2094; x_wconf 75' lang='grc' dir='ltr'><strong>καὶ</strong></span> <span class='ocrx_word' id='word_1_286' title='bbox 385 2041 513 2096; x_wconf 68' lang='grc' dir='ltr'>ἄλλο</span> <span class='ocrx_word' id='word_1_287' title='bbox 534 2059 586 2094; x_wconf 90' lang='grc' dir='ltr'><strong>τι</strong></span> <span class='ocrx_word' id='word_1_288' title='bbox 611 2041 847 2112; x_wconf 71' lang='grc' dir='ltr'>ἄρρητον</span> <span class='ocrx_word' id='word_1_289' title='bbox 875 2040 966 2093; x_wconf 70' lang='grc' dir='ltr'><strong>καὶ</strong></span> <span class='ocrx_word' id='word_1_290' title='bbox 991 2040 1368 2110; x_wconf 82' lang='grc' dir='ltr'>ἀκατάληπτον</span> <span class='ocrx_word' id='word_1_291' title='bbox 1393 2043 1522 2112; x_wconf 80' lang='grc' dir='ltr'>ἡμῖν</span> <span class='ocrx_word' id='word_1_292' title='bbox 1555 2044 1612 2095; x_wconf 80' lang='grc' dir='ltr'>ὲν</span> <span class='ocrx_word' id='word_1_293' title='bbox 1637 2045 1701 2113; x_wconf 84' lang='grc' dir='ltr'>τῇ</span> <span class='ocrx_word' id='word_1_294' title='bbox 1730 2043 1835 2096; x_wconf 83' lang='grc' dir='ltr'><strong>τῶν</strong></span> 
     </span>
    </p>
   </div>
   <div class='ocr_carea' id='block_1_39' title="bbox 257 2127 1836 2204">
    <p class='ocr_par' dir='ltr' id='par_1_39' title="bbox 257 2127 1836 2204">
     <span class='ocr_line' id='line_1_39' title="bbox 257 2127 1836 2204; baseline 0.001 -17"><span class='ocrx_word' id='word_1_295' title='bbox 257 2135 398 2188; x_wconf 80' lang='grc' dir='ltr'>ὅλων</span> <span class='ocrx_word' id='word_1_296' title='bbox 429 2127 807 2188; x_wconf 80' lang='grc' dir='ltr'>ἀπολέλειπται</span> <span class='ocrx_word' id='word_1_297' title='bbox 834 2132 1010 2202; x_wconf 77' lang='grc' dir='ltr'>φύσει,</span> <span class='ocrx_word' id='word_1_298' title='bbox 1039 2133 1204 2204; x_wconf 85' lang='grc' dir='ltr'>μυρία</span> <span class='ocrx_word' id='word_1_299' title='bbox 1234 2134 1289 2187; x_wconf 86' lang='grc' dir='ltr'>δὲ</span> <span class='ocrx_word' id='word_1_300' title='bbox 1319 2133 1385 2186; x_wconf 77' lang='grc' dir='ltr'><strong>τὰ</strong></span> <span class='ocrx_word' id='word_1_301' title='bbox 1413 2133 1654 2200; x_wconf 85' lang='grc' dir='ltr'>τοιαῦτα,</span> <span class='ocrx_word' id='word_1_302' title='bbox 1680 2137 1836 2188; x_wconf 76' lang='grc' dir='ltr'>ὁποῖα</span> 
     </span>
    </p>
   </div>
   <div class='ocr_carea' id='block_1_40' title="bbox 259 2225 1835 2296">
    <p class='ocr_par' dir='ltr' id='par_1_40' title="bbox 259 2225 1835 2296">
     <span class='ocr_line' id='line_1_40' title="bbox 259 2225 1835 2296; baseline 0 -16"><span class='ocrx_word' id='word_1_303' title='bbox 259 2227 357 2280; x_wconf 75' lang='grc' dir='ltr'>καὶ</span> <span class='ocrx_word' id='word_1_304' title='bbox 381 2225 450 2278; x_wconf 86' lang='grc' dir='ltr'><strong>τά</strong></span> <span class='ocrx_word' id='word_1_305' title='bbox 485 2229 596 2290; x_wconf 88' lang='grc' dir='ltr'>τοῖς</span> <span class='ocrx_word' id='word_1_306' title='bbox 626 2225 921 2293; x_wconf 67' lang='grc' dir='ltr'>θεοφιλέσιν</span> <span class='ocrx_word' id='word_1_307' title='bbox 966 2225 1347 2295; x_wconf 76' lang='grc' dir='ltr'>ἐπηγγελμένα</span> <span class='ocrx_word' id='word_1_308' title='bbox 1391 2227 1668 2296; x_wconf 83' lang='grc' dir='ltr'>τυγχάνει,</span> <span class='ocrx_word' id='word_1_309' title='bbox 1703 2244 1723 2277; x_wconf 74' lang='grc' dir='ltr'><strong>ι</strong></span> <span class='ocrx_word' id='word_1_310' title='bbox 1770 2229 1835 2280; x_wconf 77' lang='grc' dir='ltr'><strong>Ἀ</strong></span> 
     </span>
    </p>
   </div>
   <div class='ocr_carea' id='block_1_41' title="bbox 258 2314 1834 2390">
    <p class='ocr_par' dir='ltr' id='par_1_41' title="bbox 258 2314 1834 2390">
     <span class='ocr_line' id='line_1_41' title="bbox 258 2314 1834 2390; baseline 0.001 -20"><span class='ocrx_word' id='word_1_311' title='bbox 258 2318 539 2389; x_wconf 60' lang='grc' dir='ltr'>ὀφθαλμὸς</span> <span class='ocrx_word' id='word_1_312' title='bbox 565 2319 662 2371; x_wconf 90' lang='grc' dir='ltr'><strong>οὐκ</strong></span> <span class='ocrx_word' id='word_1_313' title='bbox 684 2314 811 2383; x_wconf 80' lang='grc' dir='ltr'>εἶδε,</span> <span class='ocrx_word' id='word_1_314' title='bbox 843 2317 935 2372; x_wconf 74' lang='grc' dir='ltr'><strong>καὶ</strong></span> <span class='ocrx_word' id='word_1_315' title='bbox 955 2315 1045 2382; x_wconf 79' lang='grc' dir='ltr'><strong>οῦς</strong></span> <span class='ocrx_word' id='word_1_316' title='bbox 1078 2321 1176 2372; x_wconf 87' lang='grc' dir='ltr'><strong>οὐκ</strong></span> <span class='ocrx_word' id='word_1_317' title='bbox 1200 2317 1416 2389; x_wconf 74' lang='grc' dir='ltr'>ἤκουσε,</span> <span class='ocrx_word' id='word_1_318' title='bbox 1448 2319 1540 2371; x_wconf 71' lang='grc' dir='ltr'><strong>καὶ</strong></span> <span class='ocrx_word' id='word_1_319' title='bbox 1578 2319 1668 2371; x_wconf 75' lang='grc' dir='ltr'>ἐπὶ</span> <span class='ocrx_word' id='word_1_320' title='bbox 1699 2336 1834 2390; x_wconf 85' lang='grc' dir='ltr'>καρ-</span> 
     </span>
    </p>
   </div>
   <div class='ocr_carea' id='block_1_42' title="bbox 259 2407 1836 2482">
    <p class='ocr_par' dir='ltr' id='par_1_42' title="bbox 259 2407 1836 2482">
     <span class='ocr_line' id='line_1_42' title="bbox 259 2407 1836 2482; baseline 0.001 -20"><span class='ocrx_word' id='word_1_321' title='bbox 259 2411 380 2463; x_wconf 89' lang='grc' dir='ltr'>δίαν</span> <span class='ocrx_word' id='word_1_322' title='bbox 408 2408 820 2480; x_wconf 62' lang='grc' dir='ltr'>ἀνθρώπουζιδύκ</span> <span class='ocrx_word' id='word_1_323' title='bbox 843 2410 1029 2482; x_wconf 77' lang='grc' dir='ltr'>ἀνέϐη,</span> <span class='ocrx_word' id='word_1_324' title='bbox 1070 2429 1086 2461; x_wconf 77' lang='grc' dir='ltr'><strong>ι</strong></span> <span class='ocrx_word' id='word_1_325' title='bbox 1121 2410 1261 2462; x_wconf 84' lang='grc' dir='ltr'><strong>κατά</strong></span> <span class='ocrx_word' id='word_1_326' title='bbox 1284 2407 1374 2465; x_wconf 78' lang='grc' dir='ltr'>τὸν</span> <span class='ocrx_word' id='word_1_327' title='bbox 1404 2410 1545 2482; x_wconf 84' lang='grc' dir='ltr'>ἱερὸν</span> <span class='ocrx_word' id='word_1_328' title='bbox 1583 2411 1836 2464; x_wconf 84' lang='grc' dir='ltr'>Ἀπόστο-</span> 
     </span>
    </p>
   </div>
   <div class='ocr_carea' id='block_1_43' title="bbox 258 2502 1834 2574">
    <p class='ocr_par' dir='ltr' id='par_1_43' title="bbox 258 2502 1834 2574">
     <span class='ocr_line' id='line_1_43' title="bbox 258 2502 1834 2574; baseline 0.001 -20"><span class='ocrx_word' id='word_1_329' title='bbox 258 2502 384 2555; x_wconf 86' lang='grc' dir='ltr'>λον·</span> <span class='ocrx_word' id='word_1_330' title='bbox 438 2502 572 2554; x_wconf 86' lang='grc' dir='ltr'><strong>πολύ</strong></span> <span class='ocrx_word' id='word_1_331' title='bbox 619 2502 876 2574; x_wconf 86' lang='grc' dir='ltr'>πρότερον</span> <span class='ocrx_word' id='word_1_332' title='bbox 925 2502 1106 2573; x_wconf 81' lang='grc' dir='ltr'>πάσης</span> <span class='ocrx_word' id='word_1_333' title='bbox 1153 2502 1359 2565; x_wconf 79' lang='grc' dir='ltr'>ἐννοίας</span> <span class='ocrx_word' id='word_1_334' title='bbox 1412 2502 1692 2564; x_wconf 78' lang='grc' dir='ltr'>ἐπέκεινα,</span> <span class='ocrx_word' id='word_1_335' title='bbox 1734 2503 1834 2574; x_wconf 82' lang='grc' dir='ltr'><strong>ἄῤ-</strong></span> 
     </span>
    </p>
   </div>
   <div class='ocr_carea' id='block_1_44' title="bbox 261 2593 1836 2666">
    <p class='ocr_par' dir='ltr' id='par_1_44' title="bbox 261 2593 1836 2666">
     <span class='ocr_line' id='line_1_44' title="bbox 261 2593 1836 2666; baseline 0.001 -21"><span class='ocrx_word' id='word_1_336' title='bbox 261 2595 404 2666; x_wconf 77' lang='grc' dir='ltr'>ῥητα</span> <span class='ocrx_word' id='word_1_337' title='bbox 452 2593 545 2646; x_wconf 76' lang='grc' dir='ltr'><strong>καὶ</strong></span> <span class='ocrx_word' id='word_1_338' title='bbox 587 2593 1020 2663; x_wconf 86' lang='grc' dir='ltr'>άκατονόμαστα,</span> <span class='ocrx_word' id='word_1_339' title='bbox 1065 2593 1391 2663; x_wconf 72' lang='grc' dir='ltr'>ἀνεπινόητα</span> <span class='ocrx_word' id='word_1_340' title='bbox 1435 2610 1495 2646; x_wconf 88' lang='grc' dir='ltr'><strong>τε</strong></span> <span class='ocrx_word' id='word_1_341' title='bbox 1544 2594 1638 2647; x_wconf 74' lang='grc' dir='ltr'>καὶ</span> <span class='ocrx_word' id='word_1_342' title='bbox 1684 2595 1836 2648; x_wconf 86' lang='grc' dir='ltr'>ἀνεν-</span> 
     </span>
    </p>
   </div>
   <div class='ocr_carea' id='block_1_45' title="bbox 259 2683 1836 2756">
    <p class='ocr_par' dir='ltr' id='par_1_45' title="bbox 259 2683 1836 2756">
     <span class='ocr_line' id='line_1_45' title="bbox 259 2683 1836 2756; baseline 0 -20"><span class='ocrx_word' id='word_1_343' title='bbox 259 2683 480 2755; x_wconf 79' lang='grc' dir='ltr'>θύμητα</span> <span class='ocrx_word' id='word_1_344' title='bbox 512 2684 714 2752; x_wconf 88' lang='grc' dir='ltr'>γένοιτο</span> <span class='ocrx_word' id='word_1_345' title='bbox 744 2684 808 2738; x_wconf 84' lang='grc' dir='ltr'><strong>ἂν</strong></span> <span class='ocrx_word' id='word_1_346' title='bbox 833 2683 899 2736; x_wconf 83' lang='grc' dir='ltr'><strong>τά</strong></span> <span class='ocrx_word' id='word_1_347' title='bbox 922 2685 1049 2756; x_wconf 70' lang='grc' dir='ltr'>περὶ</span> <span class='ocrx_word' id='word_1_348' title='bbox 1086 2683 1434 2756; x_wconf 80' lang='grc' dir='ltr'>τῆςπρώτης</span> <span class='ocrx_word' id='word_1_349' title='bbox 1465 2683 1558 2736; x_wconf 89' lang='grc' dir='ltr'><strong>τοῦ</strong></span> <span class='ocrx_word' id='word_1_350' title='bbox 1602 2685 1836 2752; x_wconf 87' lang='grc' dir='ltr'>Μονογε-</span> 
     </span>
    </p>
   </div>
   <div class='ocr_carea' id='block_1_46' title="bbox 258 2776 1834 2847">
    <p class='ocr_par' dir='ltr' id='par_1_46' title="bbox 258 2776 1834 2847">
     <span class='ocr_line' id='line_1_46' title="bbox 258 2776 1834 2847; baseline 0 -16"><span class='ocrx_word' id='word_1_351' title='bbox 258 2776 388 2839; x_wconf 87' lang='grc' dir='ltr'>νοῦς</span> <span class='ocrx_word' id='word_1_352' title='bbox 432 2777 526 2830; x_wconf 88' lang='grc' dir='ltr'><strong>τοῦ</strong></span> <span class='ocrx_word' id='word_1_353' title='bbox 565 2776 697 2830; x_wconf 88' lang='grc' dir='ltr'><strong>Θεοῦ</strong></span> <span class='ocrx_word' id='word_1_354' title='bbox 735 2777 1012 2844; x_wconf 86' lang='grc' dir='ltr'>γενέσεως,</span> <span class='ocrx_word' id='word_1_355' title='bbox 1043 2776 1165 2830; x_wconf 82' lang='grc' dir='ltr'>ἄλλο</span> <span class='ocrx_word' id='word_1_356' title='bbox 1218 2776 1380 2847; x_wconf 81' lang='grc' dir='ltr'>μηδὲν</span> <span class='ocrx_word' id='word_1_357' title='bbox 1411 2776 1569 2842; x_wconf 86' lang='grc' dir='ltr'>πλέον</span> <span class='ocrx_word' id='word_1_358' title='bbox 1602 2777 1834 2846; x_wconf 81' lang='grc' dir='ltr'>ἑχόντων</span> 
     </span>
    </p>
   </div>
   <div class='ocr_carea' id='block_1_47' title="bbox 258 2867 1833 2941">
    <p class='ocr_par' dir='ltr' id='par_1_47' title="bbox 258 2867 1833 2941">
     <span class='ocr_line' id='line_1_47' title="bbox 258 2867 1833 2941; baseline 0.001 -22"><span class='ocrx_word' id='word_1_359' title='bbox 258 2867 422 2938; x_wconf 69' lang='grc' dir='ltr'>ἡμῶν</span> <span class='ocrx_word' id='word_1_360' title='bbox 444 2869 572 2940; x_wconf 75' lang='grc' dir='ltr'>περὶ</span> <span class='ocrx_word' id='word_1_361' title='bbox 600 2867 761 2921; x_wconf 89' lang='grc' dir='ltr'>αὐτοῦ</span> <span class='ocrx_word' id='word_1_362' title='bbox 785 2867 961 2936; x_wconf 89' lang='grc' dir='ltr'>λέγειν</span> <span class='ocrx_word' id='word_1_363' title='bbox 983 2886 1038 2921; x_wconf 88' lang='grc' dir='ltr'><strong>τε</strong></span> <span class='ocrx_word' id='word_1_364' title='bbox 1077 2869 1170 2921; x_wconf 78' lang='grc' dir='ltr'><strong>καὶ</strong></span> <span class='ocrx_word' id='word_1_365' title='bbox 1189 2871 1326 2923; x_wconf 82' lang='grc' dir='ltr'>νοεῖν</span> <span class='ocrx_word' id='word_1_366' title='bbox 1465 2885 1484 2918; x_wconf 79' lang='grc' dir='ltr'><strong>ι</strong></span> <span class='ocrx_word' id='word_1_367' title='bbox 1511 2869 1620 2941; x_wconf 80' lang='grc' dir='ltr'><strong>Τὴν</strong></span> <span class='ocrx_word' id='word_1_368' title='bbox 1643 2869 1833 2936; x_wconf 81' lang='grc' dir='ltr'>γενεάν</span> 
     </span>
    </p>
   </div>
   <div class='ocr_carea' id='block_1_48' title="bbox 258 2959 1832 3032">
    <p class='ocr_par' dir='ltr' id='par_1_48' title="bbox 258 2959 1832 3032">
     <span class='ocr_line' id='line_1_48' title="bbox 258 2959 1832 3032; baseline 0 -18"><span class='ocrx_word' id='word_1_369' title='bbox 258 2959 428 3014; x_wconf 85' lang='grc' dir='ltr'>αὐτοῦ</span> <span class='ocrx_word' id='word_1_370' title='bbox 456 2961 539 3023; x_wconf 84' lang='grc' dir='ltr'><strong>τίς</strong></span> <span class='ocrx_word' id='word_1_371' title='bbox 566 2962 911 3032; x_wconf 75' lang='grc' dir='ltr'>διηγήσεταις</span> <span class='ocrx_word' id='word_1_372' title='bbox 953 2980 972 3013; x_wconf 75' lang='grc' dir='ltr'><strong>ι</strong></span> <span class='ocrx_word' id='word_1_373' title='bbox 1007 2961 1069 3014; x_wconf 82' lang='lat' dir='ltr'><strong>El</strong></span> <span class='ocrx_word' id='word_1_374' title='bbox 1103 2961 1160 3014; x_wconf 84' lang='grc' dir='ltr'><strong>δέ</strong></span> <span class='ocrx_word' id='word_1_375' title='bbox 1190 2978 1272 3023; x_wconf 89' lang='grc' dir='ltr'><strong>τις</strong></span> <span class='ocrx_word' id='word_1_376' title='bbox 1303 2959 1492 3013; x_wconf 82' lang='grc' dir='ltr'>τούτου</span> <span class='ocrx_word' id='word_1_377' title='bbox 1527 2960 1832 3032; x_wconf 87' lang='grc' dir='ltr'>περαιτέρω</span> 
     </span>
    </p>
   </div>
   <div class='ocr_carea' id='block_1_49' title="bbox 257 3053 1902 3154">
    <p class='ocr_par' dir='ltr' id='par_1_49' title="bbox 257 3053 1902 3154">
     <span class='ocr_line' id='line_1_49' title="bbox 257 3053 1902 3154; baseline -0.001 -48"><span class='ocrx_word' id='word_1_378' title='bbox 257 3053 457 3124; x_wconf 69' lang='grc' dir='ltr'>χωρῶν</span> <span class='ocrx_word' id='word_1_379' title='bbox 487 3053 656 3126; x_wconf 80' lang='grc' dir='ltr'>τόλμῃ</span> <span class='ocrx_word' id='word_1_380' title='bbox 673 3053 964 3124; x_wconf 82' lang='grc' dir='ltr'>προαχθείη</span> <span class='ocrx_word' id='word_1_381' title='bbox 991 3055 1058 3106; x_wconf 82' lang='grc' dir='ltr'><strong>τά</strong></span> <span class='ocrx_word' id='word_1_382' title='bbox 1094 3053 1266 3123; x_wconf 84' lang='grc' dir='ltr'>πάντη</span> <span class='ocrx_word' id='word_1_383' title='bbox 1300 3053 1630 3124; x_wconf 88' lang='grc' dir='ltr'>ἀπερινόητα</span> <span class='ocrx_word' id='word_1_384' title='bbox 1649 3054 1826 3126; x_wconf 83' lang='grc' dir='ltr'>ὁρατι-</span> <span class='ocrx_word' id='word_1_385' title='bbox 1859 3095 1902 3154; x_wconf 76' lang='lat' dir='ltr'>c</span> 
     </span>
    </p>
   </div>
   <div class='ocr_carea' id='block_1_50' title="bbox 263 3145 1830 3217">
    <p class='ocr_par' dir='ltr' id='par_1_50' title="bbox 263 3145 1830 3217">
     <span class='ocr_line' id='line_1_50' title="bbox 263 3145 1830 3217; baseline -0.001 -17"><span class='ocrx_word' id='word_1_386' title='bbox 263 3149 388 3206; x_wconf 82' lang='grc' dir='ltr'>κοῖς</span> <span class='ocrx_word' id='word_1_387' title='bbox 416 3147 509 3198; x_wconf 65' lang='grc' dir='ltr'>καὶ</span> <span class='ocrx_word' id='word_1_388' title='bbox 540 3149 865 3216; x_wconf 84' lang='grc' dir='ltr'>σωματικοῖς</span> <span class='ocrx_word' id='word_1_389' title='bbox 887 3145 1250 3217; x_wconf 81' lang='grc' dir='ltr'>παραϐάλλειν</span> <span class='ocrx_word' id='word_1_390' title='bbox 1287 3146 1662 3216; x_wconf 81' lang='grc' dir='ltr'>ὐποδείγμασι,</span> <span class='ocrx_word' id='word_1_391' title='bbox 1693 3146 1830 3216; x_wconf 86' lang='grc' dir='ltr'>τάχα</span> 
     </span>
    </p>
   </div>
   <div class='ocr_carea' id='block_1_51' title="bbox 262 3238 1832 3309">
    <p class='ocr_par' dir='ltr' id='par_1_51' title="bbox 262 3238 1832 3309">
     <span class='ocr_line' id='line_1_51' title="bbox 262 3238 1832 3309; baseline -0.001 -15"><span class='ocrx_word' id='word_1_392' title='bbox 262 3239 338 3294; x_wconf 75' lang='grc' dir='ltr'>ἂν</span> <span class='ocrx_word' id='word_1_393' title='bbox 371 3238 512 3291; x_wconf 83' lang='grc' dir='ltr'>είποι</span> <span class='ocrx_word' id='word_1_394' title='bbox 533 3239 627 3308; x_wconf 77' lang='grc' dir='ltr'>τῆς</span> <span class='ocrx_word' id='word_1_395' title='bbox 653 3238 744 3291; x_wconf 92' lang='grc' dir='ltr'><strong>τοῦ</strong></span> <span class='ocrx_word' id='word_1_396' title='bbox 780 3239 989 3309; x_wconf 80' lang='grc' dir='ltr'>Πατρὸς</span> <span class='ocrx_word' id='word_1_397' title='bbox 1028 3239 1318 3309; x_wconf 79' lang='grc' dir='ltr'>ἀγεννήτου</span> <span class='ocrx_word' id='word_1_398' title='bbox 1360 3238 1571 3308; x_wconf 76' lang='grc' dir='ltr'>φύσεως</span> <span class='ocrx_word' id='word_1_399' title='bbox 1608 3238 1702 3292; x_wconf 69' lang='grc' dir='ltr'>καὶ</span> <span class='ocrx_word' id='word_1_400' title='bbox 1733 3238 1832 3308; x_wconf 73' lang='grc' dir='ltr'>τῆς</span> 
     </span>
    </p>
   </div>
   <div class='ocr_carea' id='block_1_52' title="bbox 261 3331 1832 3404">
    <p class='ocr_par' dir='ltr' id='par_1_52' title="bbox 261 3331 1832 3404">
     <span class='ocr_line' id='line_1_52' title="bbox 261 3331 1832 3404; baseline 0.001 -20"><span class='ocrx_word' id='word_1_401' title='bbox 261 3331 641 3403; x_wconf 80' lang='grc' dir='ltr'>ἀνεκφράστου</span> <span class='ocrx_word' id='word_1_402' title='bbox 670 3331 872 3396; x_wconf 78' lang='grc' dir='ltr'>οὐσίας,</span> <span class='ocrx_word' id='word_1_403' title='bbox 907 3332 1095 3404; x_wconf 82' lang='grc' dir='ltr'>ὥσπερ</span> <span class='ocrx_word' id='word_1_404' title='bbox 1123 3332 1349 3386; x_wconf 83' lang='grc' dir='ltr'>εὐωδίαν</span> <span class='ocrx_word' id='word_1_405' title='bbox 1389 3331 1511 3385; x_wconf 84' lang='grc' dir='ltr'>τινὰ</span> <span class='ocrx_word' id='word_1_406' title='bbox 1541 3333 1633 3385; x_wconf 55' lang='grc' dir='ltr'><strong>καί¹</strong></span> <span class='ocrx_word' id='word_1_407' title='bbox 1651 3332 1832 3400; x_wconf 72' lang='grc' dir='ltr'>,φωτὸς</span> 
     </span>
    </p>
   </div>
   <div class='ocr_carea' id='block_1_53' title="bbox 259 3424 1831 3498">
    <p class='ocr_par' dir='ltr' id='par_1_53' title="bbox 259 3424 1831 3498">
     <span class='ocr_line' id='line_1_53' title="bbox 259 3424 1831 3498; baseline -0.003 -17"><span class='ocrx_word' id='word_1_408' title='bbox 259 3425 436 3496; x_wconf 76' lang='grc' dir='ltr'>αὐγὴν</span> <span class='ocrx_word' id='word_1_409' title='bbox 466 3426 552 3478; x_wconf 85' lang='grc' dir='ltr'>τὸν</span> <span class='ocrx_word' id='word_1_410' title='bbox 601 3427 726 3480; x_wconf 84' lang='grc' dir='ltr'>Υίὸν</span> <span class='ocrx_word' id='word_1_411' title='bbox 757 3427 814 3493; x_wconf 77' lang='grc' dir='ltr'>ἐξ</span> <span class='ocrx_word' id='word_1_412' title='bbox 847 3426 1086 3498; x_wconf 87' lang='grc' dir='ltr'>ἀπείρων</span> <span class='ocrx_word' id='word_1_413' title='bbox 1131 3426 1362 3492; x_wconf 87' lang='grc' dir='ltr'>αἰώνων,</span> <span class='ocrx_word' id='word_1_414' title='bbox 1401 3426 1598 3498; x_wconf 79' lang='grc' dir='ltr'>μᾶλλον</span> <span class='ocrx_word' id='word_1_415' title='bbox 1637 3425 1692 3478; x_wconf 80' lang='grc' dir='ltr'><strong>δὲ</strong></span> <span class='ocrx_word' id='word_1_416' title='bbox 1726 3424 1831 3496; x_wconf 82' lang='grc' dir='ltr'><strong>πρὸ</strong></span> 
     </span>
    </p>
   </div>
   <div class='ocr_carea' id='block_1_54' title="bbox 261 3517 1826 3590">
    <p class='ocr_par' dir='ltr' id='par_1_54' title="bbox 261 3517 1826 3590">
     <span class='ocr_line' id='line_1_54' title="bbox 261 3517 1826 3590; baseline -0.001 -18"><span class='ocrx_word' id='word_1_417' title='bbox 261 3518 483 3572; x_wconf 82' lang='grc' dir='ltr'>πάντων</span> <span class='ocrx_word' id='word_1_418' title='bbox 529 3517 737 3572; x_wconf 75' lang='grc' dir='ltr'>αἰώνων</span> <span class='ocrx_word' id='word_1_419' title='bbox 795 3518 1112 3586; x_wconf 79' lang='grc' dir='ltr'>ὑποστῆναι,</span> <span class='ocrx_word' id='word_1_420' title='bbox 1151 3518 1440 3590; x_wconf 90' lang='grc' dir='ltr'>γενόμενόν</span> <span class='ocrx_word' id='word_1_421' title='bbox 1483 3535 1540 3572; x_wconf 91' lang='grc' dir='ltr'><strong>τε</strong></span> <span class='ocrx_word' id='word_1_422' title='bbox 1572 3521 1826 3580; x_wconf 65' lang='grc' dir='ltr'>συνεῖναι,</span> 
     </span>
    </p>
   </div>
   <div class='ocr_carea' id='block_1_55' title="bbox 263 3607 1829 3682">
    <p class='ocr_par' dir='ltr' id='par_1_55' title="bbox 263 3607 1829 3682">
     <span class='ocr_line' id='line_1_55' title="bbox 263 3607 1829 3682; baseline -0.001 -19"><span class='ocrx_word' id='word_1_423' title='bbox 263 3609 359 3663; x_wconf 65' lang='grc' dir='ltr'><strong>καὶ</strong></span> <span class='ocrx_word' id='word_1_424' title='bbox 398 3609 788 3681; x_wconf 84' lang='grc' dir='ltr'>συγγενόμενον</span> <span class='ocrx_word' id='word_1_425' title='bbox 840 3610 926 3663; x_wconf 84' lang='grc' dir='ltr'><strong>άεὶ</strong></span> <span class='ocrx_word' id='word_1_426' title='bbox 979 3609 1057 3682; x_wconf 82' lang='grc' dir='ltr'>τῷ</span> <span class='ocrx_word' id='word_1_427' title='bbox 1105 3611 1280 3682; x_wconf 73' lang='grc' dir='ltr'>Πατρὶ</span> <span class='ocrx_word' id='word_1_428' title='bbox 1337 3612 1412 3674; x_wconf 85' lang='grc' dir='ltr'>ὡς</span> <span class='ocrx_word' id='word_1_429' title='bbox 1461 3611 1538 3681; x_wconf 83' lang='grc' dir='ltr'>τῷ</span> <span class='ocrx_word' id='word_1_430' title='bbox 1582 3610 1737 3682; x_wconf 80' lang='grc' dir='ltr'>μύρῳ</span> <span class='ocrx_word' id='word_1_431' title='bbox 1769 3607 1829 3662; x_wconf 83' lang='grc' dir='ltr'>τὸ</span> 
     </span>
    </p>
   </div>
   <div class='ocr_carea' id='block_1_56' title="bbox 258 3700 1829 3773">
    <p class='ocr_par' dir='ltr' id='par_1_56' title="bbox 258 3700 1829 3773">
     <span class='ocr_line' id='line_1_56' title="bbox 258 3700 1829 3773; baseline -0.001 -19"><span class='ocrx_word' id='word_1_432' title='bbox 258 3700 480 3764; x_wconf 73' lang='grc' dir='ltr'>συῶδες,</span> <span class='ocrx_word' id='word_1_433' title='bbox 521 3700 718 3772; x_wconf 75' lang='grc' dir='ltr'>καὶτῷ</span> <span class='ocrx_word' id='word_1_434' title='bbox 755 3701 892 3770; x_wconf 77' lang='grc' dir='ltr'>φωτὶ</span> <span class='ocrx_word' id='word_1_435' title='bbox 950 3701 1049 3773; x_wconf 82' lang='grc' dir='ltr'>τὴν</span> <span class='ocrx_word' id='word_1_436' title='bbox 1089 3701 1281 3772; x_wconf 81' lang='grc' dir='ltr'>αὐγὴν,</span> <span class='ocrx_word' id='word_1_437' title='bbox 1316 3700 1429 3754; x_wconf 84' lang='grc' dir='ltr'>ἀλλ’</span> <span class='ocrx_word' id='word_1_438' title='bbox 1467 3702 1528 3754; x_wconf 91' lang='grc' dir='ltr'><strong>οὐ</strong></span> <span class='ocrx_word' id='word_1_439' title='bbox 1565 3703 1676 3764; x_wconf 86' lang='grc' dir='ltr'>τοῖς</span> <span class='ocrx_word' id='word_1_440' title='bbox 1700 3701 1829 3753; x_wconf 86' lang='grc' dir='ltr'>ὐπο-</span> 
     </span>
    </p>
   </div>
   <div class='ocr_carea' id='block_1_57' title="bbox 256 3790 1824 3863">
    <p class='ocr_par' dir='ltr' id='par_1_57' title="bbox 256 3790 1824 3863">
     <span class='ocr_line' id='line_1_57' title="bbox 256 3790 1824 3863; baseline -0.001 -19"><span class='ocrx_word' id='word_1_441' title='bbox 256 3792 513 3862; x_wconf 77' lang='grc' dir='ltr'>δείγμασι</span> <span class='ocrx_word' id='word_1_442' title='bbox 545 3791 683 3845; x_wconf 85' lang='grc' dir='ltr'><strong>κατά</strong></span> <span class='ocrx_word' id='word_1_443' title='bbox 732 3792 907 3846; x_wconf 89' lang='grc' dir='ltr'>πάντα</span> <span class='ocrx_word' id='word_1_444' title='bbox 931 3792 1129 3862; x_wconf 83' lang='grc' dir='ltr'>τρόπον</span> <span class='ocrx_word' id='word_1_445' title='bbox 1159 3793 1377 3862; x_wconf 85' lang='grc' dir='ltr'>ὁμοίως,</span> <span class='ocrx_word' id='word_1_446' title='bbox 1418 3791 1698 3863; x_wconf 87' lang='grc' dir='ltr'>ώσπεροῦν</span> <span class='ocrx_word' id='word_1_447' title='bbox 1727 3790 1824 3862; x_wconf 74' lang='grc' dir='ltr'>ἤδη</span> 
     </span>
    </p>
   </div>
   <div class='ocr_carea' id='block_1_58' title="bbox 258 3882 1827 3956">
    <p class='ocr_par' dir='ltr' id='par_1_58' title="bbox 258 3882 1827 3956">
     <span class='ocr_line' id='line_1_58' title="bbox 258 3882 1827 3956; baseline -0.001 -20"><span class='ocrx_word' id='word_1_448' title='bbox 258 3885 524 3956; x_wconf 86' lang='grc' dir='ltr'>πρότερον</span> <span class='ocrx_word' id='word_1_449' title='bbox 576 3884 807 3956; x_wconf 85' lang='grc' dir='ltr'>εἴρηται.</span> <span class='ocrx_word' id='word_1_450' title='bbox 865 3885 944 3938; x_wconf 82' lang='grc' dir='ltr'><strong>Τὰ</strong></span> <span class='ocrx_word' id='word_1_451' title='bbox 995 3885 1092 3956; x_wconf 80' lang='grc' dir='ltr'>μὲν</span> <span class='ocrx_word' id='word_1_452' title='bbox 1139 3884 1246 3955; x_wconf 86' lang='grc' dir='ltr'>γὰρ</span> <span class='ocrx_word' id='word_1_453' title='bbox 1278 3885 1456 3955; x_wconf 62' lang='grc' dir='ltr'>ἄψυχα</span> <span class='ocrx_word' id='word_1_454' title='bbox 1501 3882 1724 3954; x_wconf 85' lang='grc' dir='ltr'>σώματα</span> <span class='ocrx_word' id='word_1_455' title='bbox 1767 3883 1827 3936; x_wconf 86' lang='grc' dir='ltr'><strong>τὸ</strong></span> 
     </span>
    </p>
   </div>
   <div class='ocr_carea' id='block_1_59' title="bbox 258 3975 1822 4047">
    <p class='ocr_par' dir='ltr' id='par_1_59' title="bbox 258 3975 1822 4047">
     <span class='ocr_line' id='line_1_59' title="bbox 258 3975 1822 4047; baseline -0.001 -18"><span class='ocrx_word' id='word_1_456' title='bbox 258 3976 606 4047; x_wconf 77' lang='grc' dir='ltr'>συμϐεϐηκὸς</span> <span class='ocrx_word' id='word_1_457' title='bbox 639 3979 692 4028; x_wconf 77' lang='grc' dir='ltr'><strong>ἐν</strong></span> <span class='ocrx_word' id='word_1_458' title='bbox 727 3976 974 4046; x_wconf 84' lang='grc' dir='ltr'>ποιότησι</span> <span class='ocrx_word' id='word_1_459' title='bbox 1012 3975 1339 4046; x_wconf 83' lang='grc' dir='ltr'>κέκτηνται·</span> <span class='ocrx_word' id='word_1_460' title='bbox 1378 3975 1412 4046; x_wconf 69' lang='grc' dir='ltr'>ἦ</span> <span class='ocrx_word' id='word_1_461' title='bbox 1439 3992 1494 4028; x_wconf 88' lang='grc' dir='ltr'><strong>τε</strong></span> <span class='ocrx_word' id='word_1_462' title='bbox 1519 3975 1626 4046; x_wconf 79' lang='grc' dir='ltr'>γὰρ</span> <span class='ocrx_word' id='word_1_463' title='bbox 1649 3975 1822 4045; x_wconf 81' lang='grc' dir='ltr'>αὐγὴ,</span> 
     </span>
    </p>
   </div>
   <div class='ocr_carea' id='block_1_60' title="bbox 257 4064 1826 4140">
    <p class='ocr_par' dir='ltr' id='par_1_60' title="bbox 257 4064 1826 4140">
     <span class='ocr_line' id='line_1_60' title="bbox 257 4064 1826 4140; baseline -0.004 -17"><span class='ocrx_word' id='word_1_464' title='bbox 257 4068 540 4140; x_wconf 82' lang='grc' dir='ltr'>σύμφυτος</span> <span class='ocrx_word' id='word_1_465' title='bbox 567 4064 699 4122; x_wconf 78' lang='grc' dir='ltr'>οὖσα</span> <span class='ocrx_word' id='word_1_466' title='bbox 740 4071 804 4140; x_wconf 84' lang='grc' dir='ltr'>τῇ</span> <span class='ocrx_word' id='word_1_467' title='bbox 855 4068 949 4122; x_wconf 89' lang='grc' dir='ltr'><strong>τοῦ</strong></span> <span class='ocrx_word' id='word_1_468' title='bbox 997 4068 1172 4139; x_wconf 80' lang='grc' dir='ltr'>φωτὸς</span> <span class='ocrx_word' id='word_1_469' title='bbox 1213 4067 1389 4137; x_wconf 75' lang='grc' dir='ltr'>φύσει,</span> <span class='ocrx_word' id='word_1_470' title='bbox 1426 4067 1516 4120; x_wconf 71' lang='grc' dir='ltr'><strong>καὶ</strong></span> <span class='ocrx_word' id='word_1_471' title='bbox 1556 4065 1826 4128; x_wconf 85' lang='grc' dir='ltr'>οὐσιωδῶς</span> 
     </span>
    </p>
   </div>
   <div class='ocr_carea' id='block_1_61' title="bbox 259 4157 1824 4232">
    <p class='ocr_par' dir='ltr' id='par_1_61' title="bbox 259 4157 1824 4232">
     <span class='ocr_line' id='line_1_61' title="bbox 259 4157 1824 4232; baseline -0.003 -18"><span class='ocrx_word' id='word_1_472' title='bbox 259 4161 678 4232; x_wconf 84' lang='grc' dir='ltr'>συνυπάρχουσα</span> <span class='ocrx_word' id='word_1_473' title='bbox 727 4159 807 4232; x_wconf 82' lang='grc' dir='ltr'><strong>τῷ</strong></span> <span class='ocrx_word' id='word_1_474' title='bbox 833 4160 992 4229; x_wconf 75' lang='grc' dir='ltr'>φωτὶ,</span> <span class='ocrx_word' id='word_1_475' title='bbox 1033 4161 1132 4213; x_wconf 86' lang='grc' dir='ltr'><strong>οὐκ</strong></span> <span class='ocrx_word' id='word_1_476' title='bbox 1163 4160 1229 4214; x_wconf 84' lang='grc' dir='ltr'>ἂν</span> <span class='ocrx_word' id='word_1_477' title='bbox 1259 4159 1471 4212; x_wconf 87' lang='grc' dir='ltr'>δύναιτο</span> <span class='ocrx_word' id='word_1_478' title='bbox 1527 4157 1682 4220; x_wconf 81' lang='grc' dir='ltr'>ἐκτὸς</span> <span class='ocrx_word' id='word_1_479' title='bbox 1727 4157 1824 4226; x_wconf 69' lang='grc' dir='ltr'><strong>ὐφο</strong></span> 
     </span>
    </p>
   </div>
   <div class='ocr_carea' id='block_1_62' title="bbox 254 4247 1821 4322">
    <p class='ocr_par' dir='ltr' id='par_1_62' title="bbox 254 4247 1821 4322">
     <span class='ocr_line' id='line_1_62' title="bbox 254 4247 1821 4322; baseline -0.005 -13"><span class='ocrx_word' id='word_1_480' title='bbox 254 4257 479 4309; x_wconf 74' lang='grc' dir='ltr'>εστάναι</span> <span class='ocrx_word' id='word_1_481' title='bbox 509 4253 601 4308; x_wconf 90' lang='grc' dir='ltr'><strong>τοῦ</strong></span> <span class='ocrx_word' id='word_1_482' title='bbox 624 4257 682 4308; x_wconf 80' lang='grc' dir='ltr'>ὲν</span> <span class='ocrx_word' id='word_1_483' title='bbox 712 4247 755 4322; x_wconf 80' lang='grc' dir='ltr'>ᾧ</span> <span class='ocrx_word' id='word_1_484' title='bbox 778 4255 925 4307; x_wconf 75' lang='grc' dir='ltr'>ἐστιν</span> <span class='ocrx_word' id='word_1_485' title='bbox 944 4273 958 4284; x_wconf 73' lang='grc' dir='ltr'><strong>ο</strong></span> <span class='ocrx_word' id='word_1_486' title='bbox 993 4255 1022 4307; x_wconf 88' lang='grc' dir='ltr'>ὁ</span> <span class='ocrx_word' id='word_1_487' title='bbox 1050 4253 1107 4306; x_wconf 80' lang='grc' dir='ltr'><strong>δέ</strong></span> <span class='ocrx_word' id='word_1_488' title='bbox 1131 4269 1194 4321; x_wconf 88' lang='grc' dir='ltr'><strong>γε</strong></span> <span class='ocrx_word' id='word_1_489' title='bbox 1226 4251 1317 4306; x_wconf 91' lang='grc' dir='ltr'><strong>τοῦ</strong></span> <span class='ocrx_word' id='word_1_490' title='bbox 1342 4249 1474 4304; x_wconf 88' lang='grc' dir='ltr'>Θεοῦ</span> <span class='ocrx_word' id='word_1_491' title='bbox 1507 4250 1676 4319; x_wconf 87' lang='grc' dir='ltr'>Λόγος</span> <span class='ocrx_word' id='word_1_492' title='bbox 1699 4247 1821 4302; x_wconf 76' lang='grc' dir='ltr'>καθ’</span> 
     </span>
    </p>
   </div>
   <div class='ocr_carea' id='block_1_63' title="bbox 260 4339 1822 4413">
    <p class='ocr_par' dir='ltr' id='par_1_63' title="bbox 260 4339 1822 4413">
     <span class='ocr_line' id='line_1_63' title="bbox 260 4339 1822 4413; baseline -0.008 -12"><span class='ocrx_word' id='word_1_493' title='bbox 260 4347 453 4401; x_wconf 65' lang='grc' dir='ltr'>ἑαυτὸν</span> <span class='ocrx_word' id='word_1_494' title='bbox 478 4346 732 4400; x_wconf 85' lang='grc' dir='ltr'>οὐσίωταί</span> <span class='ocrx_word' id='word_1_495' title='bbox 759 4362 817 4398; x_wconf 86' lang='grc' dir='ltr'><strong>τε</strong></span> <span class='ocrx_word' id='word_1_496' title='bbox 845 4345 937 4398; x_wconf 76' lang='grc' dir='ltr'>καὶ</span> <span class='ocrx_word' id='word_1_497' title='bbox 972 4344 1263 4413; x_wconf 78' lang='grc' dir='ltr'>ὑφέστηκε,</span> <span class='ocrx_word' id='word_1_498' title='bbox 1285 4342 1375 4395; x_wconf 76' lang='grc' dir='ltr'><strong>καὶ</strong></span> <span class='ocrx_word' id='word_1_499' title='bbox 1393 4341 1492 4394; x_wconf 89' lang='grc' dir='ltr'><strong>οὐκ</strong></span> <span class='ocrx_word' id='word_1_500' title='bbox 1519 4339 1822 4409; x_wconf 82' lang='grc' dir='ltr'>άγεννήτως</span> 
     </span>
    </p>
   </div>
   <div class='ocr_carea' id='block_1_64' title="bbox 259 4430 1894 4510">
    <p class='ocr_par' dir='ltr' id='par_1_64' title="bbox 259 4430 1894 4510">
     <span class='ocr_line' id='line_1_64' title="bbox 259 4430 1894 4510; baseline -0.006 -16"><span class='ocrx_word' id='word_1_501' title='bbox 259 4440 594 4510; x_wconf 86' lang='grc' dir='ltr'>συνυπάρχει</span> <span class='ocrx_word' id='word_1_502' title='bbox 621 4438 698 4509; x_wconf 80' lang='grc' dir='ltr'><strong>τῷ</strong></span> <span class='ocrx_word' id='word_1_503' title='bbox 725 4439 915 4509; x_wconf 65' lang='lat' dir='ltr'><strong>Ila—cpi,</strong></span> <span class='ocrx_word' id='word_1_504' title='bbox 944 4438 1057 4492; x_wconf 84' lang='grc' dir='ltr'>ἀλλ’</span> <span class='ocrx_word' id='word_1_505' title='bbox 1085 4438 1160 4501; x_wconf 87' lang='grc' dir='ltr'>ὡς</span> <span class='ocrx_word' id='word_1_506' title='bbox 1194 4434 1482 4508; x_wconf 77' lang='grc' dir='ltr'>μονογενὴς</span> <span class='ocrx_word' id='word_1_507' title='bbox 1507 4432 1634 4497; x_wconf 79' lang='grc' dir='ltr'>Υἱὸς</span> <span class='ocrx_word' id='word_1_508' title='bbox 1665 4433 1819 4503; x_wconf 86' lang='grc' dir='ltr'>μόνος</span> <span class='ocrx_word' id='word_1_509' title='bbox 1851 4430 1894 4484; x_wconf 90' lang='lat' dir='ltr'><strong>D</strong></span> 
     </span>
    </p>
   </div>
   <div class='ocr_carea' id='block_1_65' title="bbox 257 4523 1817 4604">
    <p class='ocr_par' dir='ltr' id='par_1_65' title="bbox 257 4523 1817 4604">
     <span class='ocr_line' id='line_1_65' title="bbox 257 4523 1817 4604; baseline -0.005 -21"><span class='ocrx_word' id='word_1_510' title='bbox 257 4530 368 4604; x_wconf 73' lang='grc' dir='ltr'><strong>πρὸ</strong></span> <span class='ocrx_word' id='word_1_511' title='bbox 390 4532 603 4585; x_wconf 86' lang='grc' dir='ltr'>πάντων</span> <span class='ocrx_word' id='word_1_512' title='bbox 630 4529 732 4582; x_wconf 85' lang='grc' dir='ltr'><strong>τῶν</strong></span> <span class='ocrx_word' id='word_1_513' title='bbox 747 4527 955 4582; x_wconf 76' lang='grc' dir='ltr'>αἰώνων</span> <span class='ocrx_word' id='word_1_514' title='bbox 980 4529 1044 4582; x_wconf 82' lang='grc' dir='ltr'>ὲκ</span> <span class='ocrx_word' id='word_1_515' title='bbox 1059 4527 1150 4582; x_wconf 88' lang='grc' dir='ltr'><strong>τοῦ</strong></span> <span class='ocrx_word' id='word_1_516' title='bbox 1169 4526 1378 4597; x_wconf 77' lang='grc' dir='ltr'>[ἰατρὸς</span> <span class='ocrx_word' id='word_1_517' title='bbox 1409 4523 1817 4594; x_wconf 84' lang='grc' dir='ltr'>γεγεννημένος’</span> 
     </span>
    </p>
   </div>
   <div class='ocr_carea' id='block_1_66' title="bbox 251 4613 1822 4693">
    <p class='ocr_par' dir='ltr' id='par_1_66' title="bbox 251 4613 1822 4693">
     <span class='ocr_line' id='line_1_66' title="bbox 251 4613 1822 4693; baseline -0.007 -17"><span class='ocrx_word' id='word_1_518' title='bbox 251 4623 292 4693; x_wconf 71' lang='grc' dir='ltr'>ἦ</span> <span class='ocrx_word' id='word_1_519' title='bbox 320 4639 379 4675; x_wconf 89' lang='grc' dir='ltr'><strong>τε</strong></span> <span class='ocrx_word' id='word_1_520' title='bbox 404 4621 618 4683; x_wconf 78' lang='grc' dir='ltr'>εὐωδία,</span> <span class='ocrx_word' id='word_1_521' title='bbox 642 4621 882 4692; x_wconf 81' lang='grc' dir='ltr'>ἀπορῤοή</span> <span class='ocrx_word' id='word_1_522' title='bbox 898 4636 980 4684; x_wconf 90' lang='grc' dir='ltr'><strong>τις</strong></span> <span class='ocrx_word' id='word_1_523' title='bbox 1011 4615 1144 4672; x_wconf 76' lang='grc' dir='ltr'>οὖσα</span> <span class='ocrx_word' id='word_1_524' title='bbox 1174 4614 1455 4688; x_wconf 80' lang='grc' dir='ltr'>σωματικὴ</span> <span class='ocrx_word' id='word_1_525' title='bbox 1486 4613 1580 4667; x_wconf 90' lang='grc' dir='ltr'><strong>τοῦ</strong></span> <span class='ocrx_word' id='word_1_526' title='bbox 1602 4614 1822 4667; x_wconf 82' lang='grc' dir='ltr'>ὑποκει-</span> 
     </span>
    </p>
   </div>
   <div class='ocr_carea' id='block_1_67' title="bbox 257 4704 1820 4785">
    <p class='ocr_par' dir='ltr' id='par_1_67' title="bbox 257 4704 1820 4785">
     <span class='ocr_line' id='line_1_67' title="bbox 257 4704 1820 4785; baseline -0.007 -17"><span class='ocrx_word' id='word_1_527' title='bbox 257 4713 447 4785; x_wconf 78' lang='grc' dir='ltr'>μένου,</span> <span class='ocrx_word' id='word_1_528' title='bbox 483 4714 601 4767; x_wconf 79' lang='grc' dir='ltr'>καθ’</span> <span class='ocrx_word' id='word_1_529' title='bbox 631 4714 825 4784; x_wconf 77' lang='grc' dir='ltr'>ἑαυτὴν</span> <span class='ocrx_word' id='word_1_530' title='bbox 856 4711 1010 4774; x_wconf 80' lang='grc' dir='ltr'>ἐκτὸς</span> <span class='ocrx_word' id='word_1_531' title='bbox 1037 4709 1130 4764; x_wconf 90' lang='grc' dir='ltr'><strong>τοῦ</strong></span> <span class='ocrx_word' id='word_1_532' title='bbox 1154 4708 1368 4781; x_wconf 83' lang='grc' dir='ltr'>πρώτου</span> <span class='ocrx_word' id='word_1_533' title='bbox 1391 4707 1561 4762; x_wconf 78' lang='grc' dir='ltr'>αἰτίου</span> <span class='ocrx_word' id='word_1_534' title='bbox 1593 4707 1655 4759; x_wconf 86' lang='grc' dir='ltr'><strong>τὸ</strong></span> <span class='ocrx_word' id='word_1_535' title='bbox 1683 4704 1820 4777; x_wconf 86' lang='grc' dir='ltr'>πλη-</span> 
     </span>
    </p>
   </div>
   <div class='ocr_carea' id='block_1_68' title="bbox 257 4794 1822 4876">
    <p class='ocr_par' dir='ltr' id='par_1_68' title="bbox 257 4794 1822 4876">
     <span class='ocr_line' id='line_1_68' title="bbox 257 4794 1822 4876; baseline -0.008 -16"><span class='ocrx_word' id='word_1_536' title='bbox 257 4803 448 4870; x_wconf 78' lang='grc' dir='ltr'>σιάζον</span> <span class='ocrx_word' id='word_1_537' title='bbox 479 4804 776 4876; x_wconf 86' lang='grc' dir='ltr'>πληροῦσα,</span> <span class='ocrx_word' id='word_1_538' title='bbox 815 4803 968 4856; x_wconf 82' lang='grc' dir='ltr'>οὐδὲν</span> <span class='ocrx_word' id='word_1_539' title='bbox 1005 4798 1167 4874; x_wconf 82' lang='grc' dir='ltr'>ἦττον</span> <span class='ocrx_word' id='word_1_540' title='bbox 1211 4799 1493 4870; x_wconf 83' lang='grc' dir='ltr'>σωματικὴ</span> <span class='ocrx_word' id='word_1_541' title='bbox 1553 4794 1685 4852; x_wconf 76' lang='grc' dir='ltr'>οὖσα</span> <span class='ocrx_word' id='word_1_542' title='bbox 1728 4796 1822 4850; x_wconf 77' lang='grc' dir='ltr'><strong>καὶ</strong></span> 
     </span>
    </p>
   </div>
   <div class='ocr_carea' id='block_1_69' title="bbox 255 4889 1822 4971">
    <p class='ocr_par' dir='ltr' id='par_1_69' title="bbox 255 4889 1822 4971">
     <span class='ocr_line' id='line_1_69' title="bbox 255 4889 1822 4971; baseline -0.007 -17"><span class='ocrx_word' id='word_1_543' title='bbox 255 4899 400 4971; x_wconf 77' lang='grc' dir='ltr'>αὐτὴ</span> <span class='ocrx_word' id='word_1_544' title='bbox 425 4899 694 4970; x_wconf 82' lang='grc' dir='ltr'>τυγχάνει.</span> <span class='ocrx_word' id='word_1_545' title='bbox 721 4898 794 4951; x_wconf 90' lang='grc' dir='ltr'>Οὐ</span> <span class='ocrx_word' id='word_1_546' title='bbox 823 4895 992 4966; x_wconf 80' lang='grc' dir='ltr'>ταύτῃ</span> <span class='ocrx_word' id='word_1_547' title='bbox 1009 4890 1100 4948; x_wconf 79' lang='grc' dir='ltr'><strong>οῦν</strong></span> <span class='ocrx_word' id='word_1_548' title='bbox 1121 4895 1250 4965; x_wconf 80' lang='grc' dir='ltr'>ἡμῖν</span> <span class='ocrx_word' id='word_1_549' title='bbox 1279 4893 1598 4962; x_wconf 80' lang='grc' dir='ltr'>νοηθήσεται</span> <span class='ocrx_word' id='word_1_550' title='bbox 1632 4892 1724 4944; x_wconf 79' lang='grc' dir='ltr'>καὶ</span> <span class='ocrx_word' id='word_1_551' title='bbox 1755 4889 1822 4943; x_wconf 77' lang='grc' dir='ltr'>τὰ</span> 
     </span>
    </p>
   </div>
   <div class='ocr_carea' id='block_1_70' title="bbox 257 4978 1818 5063">
    <p class='ocr_par' dir='ltr' id='par_1_70' title="bbox 257 4978 1818 5063">
     <span class='ocr_line' id='line_1_70' title="bbox 257 4978 1818 5063; baseline -0.007 -18"><span class='ocrx_word' id='word_1_552' title='bbox 257 4991 393 5063; x_wconf 77' lang='grc' dir='ltr'>περὶ</span> <span class='ocrx_word' id='word_1_553' title='bbox 441 4990 541 5060; x_wconf 83' lang='grc' dir='ltr'>τῆς</span> <span class='ocrx_word' id='word_1_554' title='bbox 595 4989 817 5060; x_wconf 82' lang='grc' dir='ltr'>πρώτης</span> <span class='ocrx_word' id='word_1_555' title='bbox 882 4984 1184 5048; x_wconf 87' lang='grc' dir='ltr'>οὐσιώσεως</span> <span class='ocrx_word' id='word_1_556' title='bbox 1236 4981 1330 5037; x_wconf 86' lang='grc' dir='ltr'><strong>τοῦ</strong></span> <span class='ocrx_word' id='word_1_557' title='bbox 1356 4981 1602 5051; x_wconf 75' lang='grc' dir='ltr'>Σωτῆρος</span> <span class='ocrx_word' id='word_1_558' title='bbox 1643 4978 1818 5051; x_wconf 72' lang='grc' dir='ltr'>ἡμῶν.</span> 
     </span>
    </p>
   </div>
   <div class='ocr_carea' id='block_1_71' title="bbox 259 5067 1820 5152">
    <p class='ocr_par' dir='ltr' id='par_1_71' title="bbox 259 5067 1820 5152">
     <span class='ocr_line' id='line_1_71' title="bbox 259 5067 1820 5152; baseline -0.006 -21"><span class='ocrx_word' id='word_1_559' title='bbox 259 5082 401 5136; x_wconf 77' lang='grc' dir='ltr'>οὐδὲ</span> <span class='ocrx_word' id='word_1_560' title='bbox 430 5079 536 5152; x_wconf 81' lang='grc' dir='ltr'><strong>γάρ</strong></span> <span class='ocrx_word' id='word_1_561' title='bbox 567 5078 627 5144; x_wconf 84' lang='grc' dir='ltr'><strong>ὲξ</strong></span> <span class='ocrx_word' id='word_1_562' title='bbox 671 5077 858 5140; x_wconf 87' lang='grc' dir='ltr'>οὐσίας</span> <span class='ocrx_word' id='word_1_563' title='bbox 889 5077 986 5147; x_wconf 83' lang='grc' dir='ltr'>τῆς</span> <span class='ocrx_word' id='word_1_564' title='bbox 1018 5074 1308 5144; x_wconf 87' lang='grc' dir='ltr'>ἀγεννήτου</span> <span class='ocrx_word' id='word_1_565' title='bbox 1338 5070 1478 5124; x_wconf 89' lang='grc' dir='ltr'>κατά</span> <span class='ocrx_word' id='word_1_566' title='bbox 1502 5087 1554 5123; x_wconf 90' lang='grc' dir='ltr'><strong>τι</strong></span> <span class='ocrx_word' id='word_1_567' title='bbox 1584 5068 1750 5132; x_wconf 84' lang='grc' dir='ltr'>πάθος</span> <span class='ocrx_word' id='word_1_568' title='bbox 1787 5067 1820 5137; x_wconf 84' lang='grc' dir='ltr'>ἢ</span> 
     </span>
    </p>
   </div>
   <div class='ocr_carea' id='block_1_72' title="bbox 257 5160 1820 5243">
    <p class='ocr_par' dir='ltr' id='par_1_72' title="bbox 257 5160 1820 5243">
     <span class='ocr_line' id='line_1_72' title="bbox 257 5160 1820 5243; baseline -0.008 -18"><span class='ocrx_word' id='word_1_569' title='bbox 257 5173 520 5243; x_wconf 85' lang='grc' dir='ltr'>διαίρεσιν</span> <span class='ocrx_word' id='word_1_570' title='bbox 545 5169 889 5240; x_wconf 81' lang='grc' dir='ltr'>οὐσιωμένος,</span> <span class='ocrx_word' id='word_1_571' title='bbox 923 5166 1041 5220; x_wconf 85' lang='grc' dir='ltr'>οὐδέ</span> <span class='ocrx_word' id='word_1_572' title='bbox 1075 5183 1134 5236; x_wconf 92' lang='grc' dir='ltr'><strong>γε</strong></span> <span class='ocrx_word' id='word_1_573' title='bbox 1169 5166 1417 5237; x_wconf 86' lang='grc' dir='ltr'>ἀνάρχως</span> <span class='ocrx_word' id='word_1_574' title='bbox 1454 5160 1820 5232; x_wconf 74' lang='grc' dir='ltr'>συνυφέστηκε</span> 
     </span>
    </p>
   </div>
   <div class='ocr_carea' id='block_1_73' title="bbox 259 5251 1821 5334">
    <p class='ocr_par' dir='ltr' id='par_1_73' title="bbox 259 5251 1821 5334">
     <span class='ocr_line' id='line_1_73' title="bbox 259 5251 1821 5334; baseline -0.009 -17"><span class='ocrx_word' id='word_1_575' title='bbox 259 5263 340 5334; x_wconf 83' lang='grc' dir='ltr'>τῷ</span> <span class='ocrx_word' id='word_1_576' title='bbox 365 5262 538 5334; x_wconf 83' lang='grc' dir='ltr'>Πατρί</span> <span class='ocrx_word' id='word_1_577' title='bbox 556 5279 569 5291; x_wconf 90' lang='grc'>·</span> <span class='ocrx_word' id='word_1_578' title='bbox 599 5260 719 5315; x_wconf 71' lang='grc' dir='ltr'>ἐπεὶ</span> <span class='ocrx_word' id='word_1_579' title='bbox 743 5263 771 5313; x_wconf 86' lang='grc' dir='ltr'><strong>ό</strong></span> <span class='ocrx_word' id='word_1_580' title='bbox 802 5261 898 5331; x_wconf 81' lang='grc' dir='ltr'><strong>μὲν</strong></span> <span class='ocrx_word' id='word_1_581' title='bbox 928 5257 1238 5328; x_wconf 89' lang='grc' dir='ltr'>ἀγέννητος,</span> <span class='ocrx_word' id='word_1_582' title='bbox 1274 5258 1302 5308; x_wconf 83' lang='grc' dir='ltr'>ὁ</span> <span class='ocrx_word' id='word_1_583' title='bbox 1333 5255 1388 5308; x_wconf 78' lang='grc' dir='ltr'>δὲ</span> <span class='ocrx_word' id='word_1_584' title='bbox 1413 5252 1665 5324; x_wconf 88' lang='grc' dir='ltr'>γεννητός</span> <span class='ocrx_word' id='word_1_585' title='bbox 1685 5268 1697 5281; x_wconf 87' lang='grc'><strong>·</strong></span> <span class='ocrx_word' id='word_1_586' title='bbox 1727 5251 1821 5304; x_wconf 71' lang='grc' dir='ltr'><strong>καὶ</strong></span> 
     </span>
    </p>
   </div>
   <div class='ocr_carea' id='block_1_74' title="bbox 257 5346 1819 5427">
    <p class='ocr_par' dir='ltr' id='par_1_74' title="bbox 257 5346 1819 5427">
     <span class='ocr_line' id='line_1_74' title="bbox 257 5346 1819 5427; baseline -0.008 -18"><span class='ocrx_word' id='word_1_587' title='bbox 257 5358 288 5410; x_wconf 86' lang='grc' dir='ltr'><strong>ό</strong></span> <span class='ocrx_word' id='word_1_588' title='bbox 312 5357 413 5427; x_wconf 81' lang='grc' dir='ltr'>μὲν</span> <span class='ocrx_word' id='word_1_589' title='bbox 439 5353 646 5426; x_wconf 82' lang='grc' dir='ltr'>Πατὴρ,</span> <span class='ocrx_word' id='word_1_590' title='bbox 692 5357 720 5407; x_wconf 84' lang='grc' dir='ltr'>ὁ</span> <span class='ocrx_word' id='word_1_591' title='bbox 756 5352 811 5405; x_wconf 86' lang='grc' dir='ltr'>δὲ</span> <span class='ocrx_word' id='word_1_592' title='bbox 843 5351 987 5414; x_wconf 81' lang='grc' dir='ltr'>Υἱός.</span> <span class='ocrx_word' id='word_1_593' title='bbox 1044 5349 1422 5421; x_wconf 82' lang='grc' dir='ltr'>Προύπάρχειν</span> <span class='ocrx_word' id='word_1_594' title='bbox 1456 5347 1512 5400; x_wconf 69' lang='grc' dir='ltr'>δὲ</span> <span class='ocrx_word' id='word_1_595' title='bbox 1554 5346 1646 5398; x_wconf 71' lang='grc' dir='ltr'><strong>καὶ</strong></span> <span class='ocrx_word' id='word_1_596' title='bbox 1683 5361 1819 5416; x_wconf 88' lang='grc' dir='ltr'>προ-</span> 
     </span>
    </p>
   </div>
   <div class='ocr_carea' id='block_1_75' title="bbox 257 5437 1816 5515">
    <p class='ocr_par' dir='ltr' id='par_1_75' title="bbox 257 5437 1816 5515">
     <span class='ocr_line' id='line_1_75' title="bbox 257 5437 1816 5515; baseline -0.01 -13"><span class='ocrx_word' id='word_1_597' title='bbox 257 5446 556 5515; x_wconf 67' lang='grc' dir='ltr'>ϋφεστάναι</span> <span class='ocrx_word' id='word_1_598' title='bbox 590 5443 802 5514; x_wconf 88' lang='grc' dir='ltr'>Πατέρα</span> <span class='ocrx_word' id='word_1_599' title='bbox 823 5441 984 5505; x_wconf 81' lang='grc' dir='ltr'>Υίοῦ,</span> <span class='ocrx_word' id='word_1_600' title='bbox 1015 5441 1122 5502; x_wconf 78' lang='grc' dir='ltr'>πᾶς</span> <span class='ocrx_word' id='word_1_601' title='bbox 1153 5439 1396 5492; x_wconf 82' lang='grc' dir='ltr'>ὁστισοῦν</span> <span class='ocrx_word' id='word_1_602' title='bbox 1417 5437 1816 5512; x_wconf 81' lang='grc' dir='ltr'>ὁμολογήσειεν.</span> 
     </span>
    </p>
   </div>
   <div class='ocr_carea' id='block_1_76' title="bbox 259 5526 1819 5608">
    <p class='ocr_par' dir='ltr' id='par_1_76' title="bbox 259 5526 1819 5608">
     <span class='ocr_line' id='line_1_76' title="bbox 259 5526 1819 5608; baseline -0.008 -18"><span class='ocrx_word' id='word_1_603' title='bbox 259 5537 361 5608; x_wconf 85' lang='grc' dir='ltr'>Εῖη</span> <span class='ocrx_word' id='word_1_604' title='bbox 391 5536 434 5588; x_wconf 71' lang='grc' dir='ltr'>δ’</span> <span class='ocrx_word' id='word_1_605' title='bbox 463 5536 526 5589; x_wconf 84' lang='grc' dir='ltr'>ἇν</span> <span class='ocrx_word' id='word_1_606' title='bbox 559 5534 729 5603; x_wconf 79' lang='grc' dir='ltr'>ταύτῃ</span> <span class='ocrx_word' id='word_1_607' title='bbox 761 5532 850 5586; x_wconf 82' lang='grc' dir='ltr'>καὶ</span> <span class='ocrx_word' id='word_1_608' title='bbox 875 5530 1034 5584; x_wconf 78' lang='grc' dir='ltr'>εἰκὼν</span> <span class='ocrx_word' id='word_1_609' title='bbox 1068 5529 1222 5596; x_wconf 83' lang='grc' dir='ltr'>Θεοῦ,</span> <span class='ocrx_word' id='word_1_610' title='bbox 1256 5531 1508 5601; x_wconf 67' lang='grc' dir='ltr'>ἀρρήτως</span> <span class='ocrx_word' id='word_1_611' title='bbox 1539 5527 1696 5581; x_wconf 86' lang='grc' dir='ltr'>πάλιν</span> <span class='ocrx_word' id='word_1_612' title='bbox 1728 5526 1819 5580; x_wconf 76' lang='grc' dir='ltr'>καὶ</span> 
     </span>
    </p>
   </div>
   <div class='ocr_carea' id='block_1_77' title="bbox 333 5705 1201 5777">
    <p class='ocr_par' dir='ltr' id='par_1_77' title="bbox 333 5705 1201 5777">
     <span class='ocr_line' id='line_1_77' title="bbox 333 5705 1201 5777; baseline -0.012 -10"><span class='ocrx_word' id='word_1_613' title='bbox 333 5715 381 5747; x_wconf 84' lang='lat'>”</span> <span class='ocrx_word' id='word_1_614' title='bbox 413 5713 516 5770; x_wconf 81' lang='lat' dir='ltr'><strong>lsa.</strong></span> <span class='ocrx_word' id='word_1_615' title='bbox 547 5727 667 5777; x_wconf 76' lang='lat' dir='ltr'><strong>vni,</strong></span> <span class='ocrx_word' id='word_1_616' title='bbox 697 5711 745 5766; x_wconf 90' lang='lat'><strong>8.</strong></span> <span class='ocrx_word' id='word_1_617' title='bbox 825 5713 840 5743; x_wconf 65' lang='grc' dir='ltr'><strong>ι</strong></span> <span class='ocrx_word' id='word_1_618' title='bbox 869 5709 1033 5766; x_wconf 87' lang='lat' dir='ltr'><strong>lCor.</strong></span> <span class='ocrx_word' id='word_1_619' title='bbox 1057 5722 1117 5770; x_wconf 86' lang='grc' dir='ltr'><strong>ιι,</strong></span> <span class='ocrx_word' id='word_1_620' title='bbox 1149 5705 1201 5758; x_wconf 89' lang='lat'><strong>9.</strong></span> 
     </span>
    </p>
   </div>
   <div class='ocr_carea' id='block_1_78' title="bbox 1937 1866 3503 1938">
    <p class='ocr_par' dir='ltr' id='par_1_78' title="bbox 1937 1866 3503 1938">
     <span class='ocr_line' id='line_1_78' title="bbox 1937 1866 3503 1938; baseline 0.005 -20"><span class='ocrx_word' id='word_1_621' title='bbox 1937 1871 2241 1932; x_wconf 86' lang='lat' dir='ltr'><strong>opportune</strong></span> <span class='ocrx_word' id='word_1_622' title='bbox 2275 1881 2468 1922; x_wconf 90' lang='lat' dir='ltr'><strong>rursus</strong></span> <span class='ocrx_word' id='word_1_623' title='bbox 2514 1866 2644 1920; x_wconf 89' lang='lat' dir='ltr'><strong>illud</strong></span> <span class='ocrx_word' id='word_1_624' title='bbox 2683 1869 2918 1938; x_wconf 83' lang='lat' dir='ltr'><strong>proferet</strong></span> <span class='ocrx_word' id='word_1_625' title='bbox 2957 1888 2969 1924; x_wconf 94' lang='lat'><strong>:</strong></span> <span class='ocrx_word' id='word_1_626' title='bbox 3015 1889 3034 1920; x_wconf 71' lang='grc' dir='ltr'><strong>ι</strong></span> <span class='ocrx_word' id='word_1_627' title='bbox 3089 1868 3503 1926; x_wconf 82' lang='lat' dir='ltr'><strong>Gcnerationem</strong></span> 
     </span>
    </p>
   </div>
   <div class='ocr_carea' id='block_1_79' title="bbox 1935 1955 3502 2028">
    <p class='ocr_par' dir='ltr' id='par_1_79' title="bbox 1935 1955 3502 2028">
     <span class='ocr_line' id='line_1_79' title="bbox 1935 1955 3502 2028; baseline 0.005 -19"><span class='ocrx_word' id='word_1_628' title='bbox 1935 1955 2056 2022; x_wconf 92' lang='lat' dir='ltr'><strong>cjus</strong></span> <span class='ocrx_word' id='word_1_629' title='bbox 2096 1956 2220 2024; x_wconf 90' lang='lat' dir='ltr'><strong>quis</strong></span> <span class='ocrx_word' id='word_1_630' title='bbox 2262 1957 2583 2012; x_wconf 82' lang='lat' dir='ltr'><strong>enarrabit?</strong></span> <span class='ocrx_word' id='word_1_631' title='bbox 2615 1959 2660 1990; x_wconf 67' lang='grc' dir='ltr'>θ’</span> <span class='ocrx_word' id='word_1_632' title='bbox 2697 1979 2714 2011; x_wconf 77' lang='grc' dir='ltr'><strong>ι</strong></span> <span class='ocrx_word' id='word_1_633' title='bbox 2757 1957 3033 2028; x_wconf 83' lang='lat' dir='ltr'><strong>Siquidem</strong></span> <span class='ocrx_word' id='word_1_634' title='bbox 3077 1961 3130 2015; x_wconf 92' lang='lat' dir='ltr'><strong>in</strong></span> <span class='ocrx_word' id='word_1_635' title='bbox 3173 1965 3502 2017; x_wconf 84' lang='lat' dir='ltr'><strong>contrariam</strong></span> 
     </span>
    </p>
   </div>
   <div class='ocr_carea' id='block_1_80' title="bbox 1935 2045 3504 2118">
    <p class='ocr_par' dir='ltr' id='par_1_80' title="bbox 1935 2045 3504 2118">
     <span class='ocr_line' id='line_1_80' title="bbox 1935 2045 3504 2118; baseline 0.006 -20"><span class='ocrx_word' id='word_1_636' title='bbox 1935 2045 2086 2101; x_wconf 84' lang='lat' dir='ltr'><strong>abire</strong></span> <span class='ocrx_word' id='word_1_637' title='bbox 2111 2057 2338 2115; x_wconf 88' lang='lat' dir='ltr'><strong>partem,</strong></span> <span class='ocrx_word' id='word_1_638' title='bbox 2376 2057 2427 2100; x_wconf 86' lang='lat' dir='ltr'><strong>et</strong></span> <span class='ocrx_word' id='word_1_639' title='bbox 2453 2047 2774 2118; x_wconf 78' lang='lat' dir='ltr'><strong>simpliciter</strong></span> <span class='ocrx_word' id='word_1_640' title='bbox 2809 2049 2886 2104; x_wconf 80' lang='lat' dir='ltr'><strong>sic</strong></span> <span class='ocrx_word' id='word_1_641' title='bbox 2915 2053 3221 2115; x_wconf 88' lang='lat' dir='ltr'><strong>enuntiare,</strong></span> <span class='ocrx_word' id='word_1_642' title='bbox 3246 2068 3311 2108; x_wconf 87' lang='lat' dir='ltr'><strong>ex</strong></span> <span class='ocrx_word' id='word_1_643' title='bbox 3337 2055 3504 2107; x_wconf 90' lang='lat' dir='ltr'><strong>nihilo</strong></span> 
     </span>
    </p>
   </div>
   <div class='ocr_carea' id='block_1_81' title="bbox 1935 2135 3505 2214">
    <p class='ocr_par' dir='ltr' id='par_1_81' title="bbox 1935 2135 3505 2214">
     <span class='ocr_line' id='line_1_81' title="bbox 1935 2135 3505 2214; baseline 0.006 -24"><span class='ocrx_word' id='word_1_644' title='bbox 1935 2137 2172 2207; x_wconf 84' lang='lat' dir='ltr'><strong>genitum</strong></span> <span class='ocrx_word' id='word_1_645' title='bbox 2203 2152 2325 2192; x_wconf 92' lang='lat' dir='ltr'><strong>esse</strong></span> <span class='ocrx_word' id='word_1_646' title='bbox 2353 2135 2548 2191; x_wconf 85' lang='lat' dir='ltr'><strong>Filium</strong></span> <span class='ocrx_word' id='word_1_647' title='bbox 2578 2139 2764 2194; x_wconf 90' lang='lat' dir='ltr'><strong>eadem</strong></span> <span class='ocrx_word' id='word_1_648' title='bbox 2792 2143 2999 2196; x_wconf 85' lang='lat' dir='ltr'><strong>ratione</strong></span> <span class='ocrx_word' id='word_1_649' title='bbox 3020 2160 3124 2212; x_wconf 90' lang='lat' dir='ltr'><strong>qua</strong></span> <span class='ocrx_word' id='word_1_650' title='bbox 3153 2145 3358 2214; x_wconf 90' lang='lat' dir='ltr'><strong>reliqua</strong></span> <span class='ocrx_word' id='word_1_651' title='bbox 3383 2159 3505 2214; x_wconf 70' lang='lat' dir='ltr'><strong>quae</strong></span> 
     </span>
    </p>
   </div>
   <div class='ocr_carea' id='block_1_82' title="bbox 1936 2223 3502 2298">
    <p class='ocr_par' dir='ltr' id='par_1_82' title="bbox 1936 2223 3502 2298">
     <span class='ocr_line' id='line_1_82' title="bbox 1936 2223 3502 2298; baseline 0.008 -22"><span class='ocrx_word' id='word_1_652' title='bbox 1936 2223 2077 2277; x_wconf 79' lang='lat' dir='ltr'><strong>facta</strong></span> <span class='ocrx_word' id='word_1_653' title='bbox 2111 2233 2260 2289; x_wconf 86' lang='lat' dir='ltr'><strong>sunt,</strong></span> <span class='ocrx_word' id='word_1_654' title='bbox 2299 2242 2406 2279; x_wconf 91' lang='lat' dir='ltr'><strong>non</strong></span> <span class='ocrx_word' id='word_1_655' title='bbox 2443 2227 2648 2298; x_wconf 85' lang='lat' dir='ltr'><strong>absque</strong></span> <span class='ocrx_word' id='word_1_656' title='bbox 2687 2230 2933 2298; x_wconf 79' lang='lat' dir='ltr'><strong>periculo</strong></span> <span class='ocrx_word' id='word_1_657' title='bbox 2962 2231 3031 2285; x_wconf 92' lang='lat' dir='ltr'><strong>sit</strong></span> <span class='ocrx_word' id='word_1_658' title='bbox 3063 2250 3076 2284; x_wconf 89' lang='lat'><strong>:</strong></span> <span class='ocrx_word' id='word_1_659' title='bbox 3109 2233 3211 2292; x_wconf 84' lang='lat' dir='ltr'><strong>alia</strong></span> <span class='ocrx_word' id='word_1_660' title='bbox 3245 2241 3328 2287; x_wconf 89' lang='lat' dir='ltr'><strong>est</strong></span> <span class='ocrx_word' id='word_1_661' title='bbox 3357 2235 3502 2288; x_wconf 91' lang='lat' dir='ltr'><strong>enim</strong></span> 
     </span>
    </p>
   </div>
   <div class='ocr_carea' id='block_1_83' title="bbox 1931 2313 3502 2391">
    <p class='ocr_par' dir='ltr' id='par_1_83' title="bbox 1931 2313 3502 2391">
     <span class='ocr_line' id='line_1_83' title="bbox 1931 2313 3502 2391; baseline 0.006 -22"><span class='ocrx_word' id='word_1_662' title='bbox 1931 2313 2054 2369; x_wconf 87' lang='lat' dir='ltr'><strong>Filii</strong></span> <span class='ocrx_word' id='word_1_663' title='bbox 2103 2319 2398 2387; x_wconf 77' lang='lat' dir='ltr'><strong>generatio,</strong></span> <span class='ocrx_word' id='word_1_664' title='bbox 2433 2326 2486 2373; x_wconf 90' lang='lat' dir='ltr'><strong>et</strong></span> <span class='ocrx_word' id='word_1_665' title='bbox 2537 2321 2642 2374; x_wconf 87' lang='lat' dir='ltr'><strong>alia</strong></span> <span class='ocrx_word' id='word_1_666' title='bbox 2687 2337 2782 2391; x_wconf 82' lang='lat' dir='ltr'><strong>per</strong></span> <span class='ocrx_word' id='word_1_667' title='bbox 2805 2319 2998 2374; x_wconf 84' lang='lat' dir='ltr'><strong>Filium</strong></span> <span class='ocrx_word' id='word_1_668' title='bbox 3047 2323 3274 2378; x_wconf 88' lang='lat' dir='ltr'><strong>aliarum</strong></span> <span class='ocrx_word' id='word_1_669' title='bbox 3322 2339 3502 2380; x_wconf 87' lang='lat' dir='ltr'><strong>rerum</strong></span> 
     </span>
    </p>
   </div>
   <div class='ocr_carea' id='block_1_84' title="bbox 1933 2411 3501 2487">
    <p class='ocr_par' dir='ltr' id='par_1_84' title="bbox 1933 2411 3501 2487">
     <span class='ocr_line' id='line_1_84' title="bbox 1933 2411 3501 2487; baseline 0.009 -25"><span class='ocrx_word' id='word_1_670' title='bbox 1933 2411 2154 2465; x_wconf 87' lang='lat' dir='ltr'><strong>creatio.</strong></span> <span class='ocrx_word' id='word_1_671' title='bbox 2184 2411 2364 2478; x_wconf 85' lang='lat' dir='ltr'><strong>Quare</strong></span> <span class='ocrx_word' id='word_1_672' title='bbox 2393 2427 2516 2467; x_wconf 90' lang='lat' dir='ltr'><strong>cum</strong></span> <span class='ocrx_word' id='word_1_673' title='bbox 2546 2413 2727 2468; x_wconf 82' lang='lat' dir='ltr'><strong>divina</strong></span> <span class='ocrx_word' id='word_1_674' title='bbox 2775 2413 3053 2485; x_wconf 87' lang='lat' dir='ltr'><strong>Scriptura</strong></span> <span class='ocrx_word' id='word_1_675' title='bbox 3087 2415 3247 2471; x_wconf 86' lang='lat' dir='ltr'><strong>modo</strong></span> <span class='ocrx_word' id='word_1_676' title='bbox 3283 2417 3501 2487; x_wconf 88' lang='lat' dir='ltr'><strong>quidem</strong></span> 
     </span>
    </p>
   </div>
   <div class='ocr_carea' id='block_1_85' title="bbox 1933 2491 3534 2580">
    <p class='ocr_par' dir='ltr' id='par_1_85' title="bbox 1933 2491 3534 2580">
     <span class='ocr_line' id='line_1_85' title="bbox 1933 2491 3534 2580; baseline 0.009 -27"><span class='ocrx_word' id='word_1_677' title='bbox 1933 2501 2350 2572; x_wconf 79' lang='lat' dir='ltr'><strong>primogenitum</strong></span> <span class='ocrx_word' id='word_1_678' title='bbox 2405 2504 2582 2559; x_wconf 89' lang='lat' dir='ltr'><strong>omnis</strong></span> <span class='ocrx_word' id='word_1_679' title='bbox 2627 2516 2888 2562; x_wconf 70' lang='lat' dir='ltr'><strong>creatura:</strong></span> <span class='ocrx_word' id='word_1_680' title='bbox 2916 2505 3111 2562; x_wconf 84' lang='lat' dir='ltr'><strong>Filium</strong></span> <span class='ocrx_word' id='word_1_681' title='bbox 3143 2511 3393 2580; x_wconf 85' lang='lat' dir='ltr'><strong>appellet,</strong></span> <span class='ocrx_word' id='word_1_682' title='bbox 3434 2491 3534 2568; x_wconf 31' lang='lat' dir='ltr'><strong>ex&#39;</strong></span> 
     </span>
    </p>
   </div>
   <div class='ocr_carea' id='block_1_86' title="bbox 1933 2591 3503 2663">
    <p class='ocr_par' dir='ltr' id='par_1_86' title="bbox 1933 2591 3503 2663">
     <span class='ocr_line' id='line_1_86' title="bbox 1933 2591 3503 2663; baseline 0.008 -19"><span class='ocrx_word' id='word_1_683' title='bbox 1933 2591 2106 2660; x_wconf 88' lang='lat' dir='ltr'><strong>ipsius</strong></span> <span class='ocrx_word' id='word_1_684' title='bbox 2131 2608 2362 2663; x_wconf 84' lang='lat' dir='ltr'><strong>persona</strong></span> <span class='ocrx_word' id='word_1_685' title='bbox 2395 2595 2474 2648; x_wconf 91' lang='lat' dir='ltr'><strong>sic</strong></span> <span class='ocrx_word' id='word_1_686' title='bbox 2515 2595 2703 2650; x_wconf 90' lang='lat' dir='ltr'><strong>dicens</strong></span> <span class='ocrx_word' id='word_1_687' title='bbox 2739 2615 2751 2650; x_wconf 89' lang='lat'>:</span> <span class='ocrx_word' id='word_1_688' title='bbox 2793 2615 2812 2648; x_wconf 73' lang='grc' dir='ltr'><strong>ι</strong></span> <span class='ocrx_word' id='word_1_689' title='bbox 2854 2597 3118 2655; x_wconf 89' lang='lat' dir='ltr'><strong>Dominus</strong></span> <span class='ocrx_word' id='word_1_690' title='bbox 3167 2603 3371 2657; x_wconf 83' lang='lat' dir='ltr'><strong>creavit</strong></span> <span class='ocrx_word' id='word_1_691' title='bbox 3417 2619 3503 2657; x_wconf 90' lang='lat' dir='ltr'><strong>me</strong></span> 
     </span>
    </p>
   </div>
   <div class='ocr_carea' id='block_1_87' title="bbox 1931 2681 3498 2762">
    <p class='ocr_par' dir='ltr' id='par_1_87' title="bbox 1931 2681 3498 2762">
     <span class='ocr_line' id='line_1_87' title="bbox 1931 2681 3498 2762; baseline 0.009 -28"><span class='ocrx_word' id='word_1_692' title='bbox 1931 2681 2143 2735; x_wconf 89' lang='lat' dir='ltr'><strong>initium</strong></span> <span class='ocrx_word' id='word_1_693' title='bbox 2179 2683 2386 2738; x_wconf 83' lang='lat' dir='ltr'><strong>viarum</strong></span> <span class='ocrx_word' id='word_1_694' title='bbox 2419 2701 2663 2750; x_wconf 91' lang='lat' dir='ltr'><strong>suarum,</strong></span> <span class='ocrx_word' id='word_1_695' title='bbox 2706 2706 2724 2740; x_wconf 71' lang='grc' dir='ltr'><strong>ι</strong></span> <span class='ocrx_word' id='word_1_696' title='bbox 2763 2687 2924 2744; x_wconf 91' lang='lat' dir='ltr'><strong>modo</strong></span> <span class='ocrx_word' id='word_1_697' title='bbox 2969 2698 3149 2746; x_wconf 88' lang='lat' dir='ltr'><strong>autem</strong></span> <span class='ocrx_word' id='word_1_698' title='bbox 3196 2694 3498 2762; x_wconf 79' lang='lat' dir='ltr'><strong>genituram</strong></span> 
     </span>
    </p>
   </div>
   <div class='ocr_carea' id='block_1_88' title="bbox 1931 2771 3504 2856">
    <p class='ocr_par' dir='ltr' id='par_1_88' title="bbox 1931 2771 3504 2856">
     <span class='ocr_line' id='line_1_88' title="bbox 1931 2771 3504 2856; baseline 0.009 -32"><span class='ocrx_word' id='word_1_699' title='bbox 1931 2771 2109 2827; x_wconf 86' lang='lat' dir='ltr'><strong>Patris</strong></span> <span class='ocrx_word' id='word_1_700' title='bbox 2150 2775 2326 2837; x_wconf 85' lang='lat' dir='ltr'><strong>dicat,</strong></span> <span class='ocrx_word' id='word_1_701' title='bbox 2360 2776 2452 2830; x_wconf 91' lang='lat' dir='ltr'><strong>ubi</strong></span> <span class='ocrx_word' id='word_1_702' title='bbox 2500 2777 2615 2832; x_wconf 88' lang='lat' dir='ltr'><strong>ait:</strong></span> <span class='ocrx_word' id='word_1_703' title='bbox 2659 2797 2676 2828; x_wconf 73' lang='grc' dir='ltr'><strong>ι</strong></span> <span class='ocrx_word' id='word_1_704' title='bbox 2719 2777 2784 2832; x_wconf 88' lang='lat' dir='ltr'><strong>Et</strong></span> <span class='ocrx_word' id='word_1_705' title='bbox 2819 2787 2947 2834; x_wconf 89' lang='lat' dir='ltr'><strong>ante</strong></span> <span class='ocrx_word' id='word_1_706' title='bbox 2992 2797 3181 2838; x_wconf 84' lang='lat' dir='ltr'><strong>omnes</strong></span> <span class='ocrx_word' id='word_1_707' title='bbox 3214 2785 3381 2840; x_wconf 88' lang='lat' dir='ltr'><strong>colles</strong></span> <span class='ocrx_word' id='word_1_708' title='bbox 3422 2785 3504 2856; x_wconf 85' lang='lat' dir='ltr'><strong>gi-</strong></span> 
     </span>
    </p>
   </div>
   <div class='ocr_carea' id='block_1_89' title="bbox 1931 2865 3503 2944">
    <p class='ocr_par' dir='ltr' id='par_1_89' title="bbox 1931 2865 3503 2944">
     <span class='ocr_line' id='line_1_89' title="bbox 1931 2865 3503 2944; baseline 0.01 -28"><span class='ocrx_word' id='word_1_709' title='bbox 1931 2865 2044 2933; x_wconf 89' lang='lat' dir='ltr'><strong>gnit</strong></span> <span class='ocrx_word' id='word_1_710' title='bbox 2076 2881 2180 2930; x_wconf 92' lang='lat' dir='ltr'><strong>me,</strong></span> <span class='ocrx_word' id='word_1_711' title='bbox 2223 2886 2242 2918; x_wconf 72' lang='grc' dir='ltr'><strong>ι</strong></span> <span class='ocrx_word' id='word_1_712' title='bbox 2278 2867 2416 2921; x_wconf 90' lang='lat' dir='ltr'><strong>hanc</strong></span> <span class='ocrx_word' id='word_1_713' title='bbox 2449 2868 2574 2924; x_wconf 91' lang='lat' dir='ltr'><strong>item</strong></span> <span class='ocrx_word' id='word_1_714' title='bbox 2599 2885 2698 2926; x_wconf 87' lang='lat' dir='ltr'><strong>nos</strong></span> <span class='ocrx_word' id='word_1_715' title='bbox 2721 2871 2873 2941; x_wconf 90' lang='lat' dir='ltr'><strong>sequi</strong></span> <span class='ocrx_word' id='word_1_716' title='bbox 2906 2873 3232 2944; x_wconf 87' lang='lat' dir='ltr'><strong>sanijudicii</strong></span> <span class='ocrx_word' id='word_1_717' title='bbox 3264 2879 3355 2943; x_wconf 89' lang='lat' dir='ltr'><strong>sit,</strong></span> <span class='ocrx_word' id='word_1_718' title='bbox 3375 2893 3503 2932; x_wconf 85' lang='lat' dir='ltr'><strong>con-</strong></span> 
     </span>
    </p>
   </div>
   <div class='ocr_carea' id='block_1_90' title="bbox 1933 2955 3502 3026">
    <p class='ocr_par' dir='ltr' id='par_1_90' title="bbox 1933 2955 3502 3026">
     <span class='ocr_line' id='line_1_90' title="bbox 1933 2955 3502 3026; baseline 0.012 -18"><span class='ocrx_word' id='word_1_719' title='bbox 1933 2955 2178 3026; x_wconf 79' lang='lat' dir='ltr'><strong>ﬁteriquc</strong></span> <span class='ocrx_word' id='word_1_720' title='bbox 2207 2967 2333 3015; x_wconf 89' lang='lat' dir='ltr'><strong>ante</strong></span> <span class='ocrx_word' id='word_1_721' title='bbox 2363 2963 2542 3016; x_wconf 89' lang='lat' dir='ltr'><strong>omnia</strong></span> <span class='ocrx_word' id='word_1_722' title='bbox 2572 2963 2769 3017; x_wconf 69' lang='lat' dir='ltr'><strong>saecula</strong></span> <span class='ocrx_word' id='word_1_723' title='bbox 2800 2980 2920 3020; x_wconf 89' lang='lat' dir='ltr'><strong>esse</strong></span> <span class='ocrx_word' id='word_1_724' title='bbox 2950 2965 3185 3022; x_wconf 84' lang='lat' dir='ltr'><strong>Verbum</strong></span> <span class='ocrx_word' id='word_1_725' title='bbox 3224 2968 3314 3026; x_wconf 88' lang='lat' dir='ltr'><strong>Dei</strong></span> <span class='ocrx_word' id='word_1_726' title='bbox 3345 2985 3502 3026; x_wconf 90' lang='lat' dir='ltr'><strong>crea-</strong></span> 
     </span>
    </p>
   </div>
   <div class='ocr_carea' id='block_1_91' title="bbox 1934 3049 3501 3126">
    <p class='ocr_par' dir='ltr' id='par_1_91' title="bbox 1934 3049 3501 3126">
     <span class='ocr_line' id='line_1_91' title="bbox 1934 3049 3501 3126; baseline 0.01 -28"><span class='ocrx_word' id='word_1_727' title='bbox 1934 3049 2068 3102; x_wconf 89' lang='lat' dir='ltr'><strong>toris</strong></span> <span class='ocrx_word' id='word_1_728' title='bbox 2101 3049 2505 3116; x_wconf 88' lang='lat' dir='ltr'><strong>administrum,</strong></span> <span class='ocrx_word' id='word_1_729' title='bbox 2535 3069 2762 3123; x_wconf 90' lang='lat' dir='ltr'><strong>esseque</strong></span> <span class='ocrx_word' id='word_1_730' title='bbox 2795 3071 2904 3110; x_wconf 91' lang='lat' dir='ltr'><strong>una</strong></span> <span class='ocrx_word' id='word_1_731' title='bbox 2937 3071 3059 3111; x_wconf 91' lang='lat' dir='ltr'><strong>cum</strong></span> <span class='ocrx_word' id='word_1_732' title='bbox 3090 3057 3270 3126; x_wconf 83' lang='lat' dir='ltr'><strong>Patre,</strong></span> <span class='ocrx_word' id='word_1_733' title='bbox 3307 3072 3359 3117; x_wconf 91' lang='lat' dir='ltr'><strong>et</strong></span> <span class='ocrx_word' id='word_1_734' title='bbox 3386 3063 3501 3116; x_wconf 89' lang='lat' dir='ltr'><strong>uni-</strong></span> 
     </span>
    </p>
   </div>
   <div class='ocr_carea' id='block_1_92' title="bbox 1935 3141 3495 3222">
    <p class='ocr_par' dir='ltr' id='par_1_92' title="bbox 1935 3141 3495 3222">
     <span class='ocr_line' id='line_1_92' title="bbox 1935 3141 3495 3222; baseline 0.011 -32"><span class='ocrx_word' id='word_1_735' title='bbox 1935 3153 2201 3193; x_wconf 86' lang='lat' dir='ltr'><strong>cumesse</strong></span> <span class='ocrx_word' id='word_1_736' title='bbox 2231 3142 2449 3196; x_wconf 86' lang='lat' dir='ltr'><strong>maximi</strong></span> <span class='ocrx_word' id='word_1_737' title='bbox 2483 3143 2572 3197; x_wconf 86' lang='lat' dir='ltr'><strong>Dei</strong></span> <span class='ocrx_word' id='word_1_738' title='bbox 2598 3141 2814 3212; x_wconf 86' lang='lat' dir='ltr'><strong>Filium,</strong></span> <span class='ocrx_word' id='word_1_739' title='bbox 2843 3145 2934 3216; x_wconf 89' lang='lat' dir='ltr'><strong>qui</strong></span> <span class='ocrx_word' id='word_1_740' title='bbox 2970 3145 3117 3202; x_wconf 90' lang='lat' dir='ltr'><strong>Patri</strong></span> <span class='ocrx_word' id='word_1_741' title='bbox 3140 3150 3228 3204; x_wconf 91' lang='lat' dir='ltr'><strong>det</strong></span> <span class='ocrx_word' id='word_1_742' title='bbox 3253 3165 3495 3222; x_wconf 89' lang='lat' dir='ltr'><strong>operam,</strong></span> 
     </span>
    </p>
   </div>
   <div class='ocr_carea' id='block_1_93' title="bbox 1932 3227 3498 3308">
    <p class='ocr_par' dir='ltr' id='par_1_93' title="bbox 1932 3227 3498 3308">
     <span class='ocr_line' id='line_1_93' title="bbox 1932 3227 3498 3308; baseline 0.011 -26"><span class='ocrx_word' id='word_1_743' title='bbox 1932 3227 2157 3297; x_wconf 86' lang='lat' dir='ltr'><strong>ejusque</strong></span> <span class='ocrx_word' id='word_1_744' title='bbox 2191 3232 2262 3284; x_wconf 91' lang='lat' dir='ltr'><strong>sit</strong></span> <span class='ocrx_word' id='word_1_745' title='bbox 2292 3233 2495 3296; x_wconf 89' lang='lat' dir='ltr'><strong>socius,</strong></span> <span class='ocrx_word' id='word_1_746' title='bbox 2542 3233 2670 3288; x_wconf 90' lang='lat' dir='ltr'><strong>dum</strong></span> <span class='ocrx_word' id='word_1_747' title='bbox 2719 3237 2901 3291; x_wconf 88' lang='lat' dir='ltr'><strong>omnia</strong></span> <span class='ocrx_word' id='word_1_748' title='bbox 2931 3254 3050 3308; x_wconf 76' lang='lat' dir='ltr'><strong>qua:</strong></span> <span class='ocrx_word' id='word_1_749' title='bbox 3085 3249 3234 3304; x_wconf 89' lang='lat' dir='ltr'><strong>sunt,</strong></span> <span class='ocrx_word' id='word_1_750' title='bbox 3275 3243 3402 3297; x_wconf 80' lang='lat' dir='ltr'><strong>facit</strong></span> <span class='ocrx_word' id='word_1_751' title='bbox 3438 3257 3498 3300; x_wconf 88' lang='lat' dir='ltr'><strong>nt</strong></span> 
     </span>
    </p>
   </div>
   <div class='ocr_carea' id='block_1_94' title="bbox 1932 3321 3498 3407">
    <p class='ocr_par' dir='ltr' id='par_1_94' title="bbox 1932 3321 3498 3407">
     <span class='ocr_line' id='line_1_94' title="bbox 1932 3321 3498 3407; baseline 0.01 -32"><span class='ocrx_word' id='word_1_752' title='bbox 1932 3321 2060 3389; x_wconf 88' lang='lat' dir='ltr'><strong>sint,</strong></span> <span class='ocrx_word' id='word_1_753' title='bbox 2085 3323 2378 3394; x_wconf 86' lang='lat' dir='ltr'><strong>eademque</strong></span> <span class='ocrx_word' id='word_1_754' title='bbox 2399 3325 2656 3396; x_wconf 88' lang='lat' dir='ltr'><strong>disponit.</strong></span> <span class='ocrx_word' id='word_1_755' title='bbox 2691 3327 2900 3384; x_wconf 89' lang='lat' dir='ltr'><strong>Etenim</strong></span> <span class='ocrx_word' id='word_1_756' title='bbox 2932 3333 2976 3385; x_wconf 91' lang='lat' dir='ltr'><strong>si</strong></span> <span class='ocrx_word' id='word_1_757' title='bbox 3011 3333 3136 3386; x_wconf 81' lang='lat' dir='ltr'><strong>item</strong></span> <span class='ocrx_word' id='word_1_758' title='bbox 3167 3335 3311 3388; x_wconf 90' lang='lat' dir='ltr'><strong>aliud</strong></span> <span class='ocrx_word' id='word_1_759' title='bbox 3336 3339 3498 3407; x_wconf 87' lang='lat' dir='ltr'><strong>quid-</strong></span> 
     </span>
    </p>
   </div>
   <div class='ocr_carea' id='block_1_95' title="bbox 1930 3416 3496 3496">
    <p class='ocr_par' dir='ltr' id='par_1_95' title="bbox 1930 3416 3496 3496">
     <span class='ocr_line' id='line_1_95' title="bbox 1930 3416 3496 3496; baseline 0.013 -29"><span class='ocrx_word' id='word_1_760' title='bbox 1930 3417 2095 3484; x_wconf 89' lang='lat' dir='ltr'><strong>piam,</strong></span> <span class='ocrx_word' id='word_1_761' title='bbox 2131 3416 2271 3485; x_wconf 94' lang='lat' dir='ltr'><strong>quod</strong></span> <span class='ocrx_word' id='word_1_762' title='bbox 2297 3433 2470 3488; x_wconf 92' lang='lat' dir='ltr'><strong>neque</strong></span> <span class='ocrx_word' id='word_1_763' title='bbox 2493 3420 2622 3484; x_wconf 85' lang='lat' dir='ltr'><strong>diei,</strong></span> <span class='ocrx_word' id='word_1_764' title='bbox 2659 3437 2834 3491; x_wconf 82' lang='lat' dir='ltr'><strong>neque</strong></span> <span class='ocrx_word' id='word_1_765' title='bbox 2863 3426 3245 3496; x_wconf 85' lang='lat' dir='ltr'><strong>comprehendi</strong></span> <span class='ocrx_word' id='word_1_766' title='bbox 3272 3443 3301 3482; x_wconf 92' lang='lat' dir='ltr'><strong>a</strong></span> <span class='ocrx_word' id='word_1_767' title='bbox 3336 3431 3496 3488; x_wconf 77' lang='lat' dir='ltr'><strong>nobis</strong></span> 
     </span>
    </p>
   </div>
   <div class='ocr_carea' id='block_1_96' title="bbox 1932 3507 3493 3590">
    <p class='ocr_par' dir='ltr' id='par_1_96' title="bbox 1932 3507 3493 3590">
     <span class='ocr_line' id='line_1_96' title="bbox 1932 3507 3493 3590; baseline 0.015 -32"><span class='ocrx_word' id='word_1_768' title='bbox 1932 3507 2124 3575; x_wconf 85' lang='lat' dir='ltr'><strong>possit,</strong></span> <span class='ocrx_word' id='word_1_769' title='bbox 2175 3508 2228 3562; x_wconf 89' lang='lat' dir='ltr'><strong>in</strong></span> <span class='ocrx_word' id='word_1_770' title='bbox 2272 3518 2466 3564; x_wconf 86' lang='lat' dir='ltr'><strong>natura</strong></span> <span class='ocrx_word' id='word_1_771' title='bbox 2507 3512 2746 3568; x_wconf 88' lang='lat' dir='ltr'><strong>universi</strong></span> <span class='ocrx_word' id='word_1_772' title='bbox 2796 3518 3056 3572; x_wconf 89' lang='lat' dir='ltr'><strong>remansit</strong></span> <span class='ocrx_word' id='word_1_773' title='bbox 3111 3521 3261 3590; x_wconf 91' lang='lat' dir='ltr'><strong>(sunt</strong></span> <span class='ocrx_word' id='word_1_774' title='bbox 3313 3527 3493 3582; x_wconf 71' lang='lat' dir='ltr'><strong>autem</strong></span> 
     </span>
    </p>
   </div>
   <div class='ocr_carea' id='block_1_97' title="bbox 1930 3596 3497 3678">
    <p class='ocr_par' dir='ltr' id='par_1_97' title="bbox 1930 3596 3497 3678">
     <span class='ocr_line' id='line_1_97' title="bbox 1930 3596 3497 3678; baseline 0.013 -30"><span class='ocrx_word' id='word_1_775' title='bbox 1930 3596 2344 3651; x_wconf 87' lang='lat' dir='ltr'><strong>innumerabilia</strong></span> <span class='ocrx_word' id='word_1_776' title='bbox 2385 3598 2806 3670; x_wconf 88' lang='lat' dir='ltr'><strong>hujuscemodi),</strong></span> <span class='ocrx_word' id='word_1_777' title='bbox 2840 3605 3001 3672; x_wconf 89' lang='lat' dir='ltr'><strong>quale</strong></span> <span class='ocrx_word' id='word_1_778' title='bbox 3049 3608 3234 3678; x_wconf 91' lang='lat' dir='ltr'><strong>utique</strong></span> <span class='ocrx_word' id='word_1_779' title='bbox 3266 3610 3497 3668; x_wconf 84' lang='lat' dir='ltr'><strong>habetur</strong></span> 
     </span>
    </p>
   </div>
   <div class='ocr_carea' id='block_1_98' title="bbox 1928 3687 3485 3761">
    <p class='ocr_par' dir='ltr' id='par_1_98' title="bbox 1928 3687 3485 3761">
     <span class='ocr_line' id='line_1_98' title="bbox 1928 3687 3485 3761; baseline 0.011 -22"><span class='ocrx_word' id='word_1_780' title='bbox 1928 3687 2070 3756; x_wconf 90' lang='lat' dir='ltr'><strong>quod</strong></span> <span class='ocrx_word' id='word_1_781' title='bbox 2105 3687 2197 3743; x_wconf 91' lang='lat' dir='ltr'><strong>Dei</strong></span> <span class='ocrx_word' id='word_1_782' title='bbox 2223 3689 2412 3746; x_wconf 89' lang='lat' dir='ltr'><strong>amicis</strong></span> <span class='ocrx_word' id='word_1_783' title='bbox 2429 3691 2758 3760; x_wconf 88' lang='lat' dir='ltr'><strong>promissum</strong></span> <span class='ocrx_word' id='word_1_784' title='bbox 2789 3702 2891 3755; x_wconf 81' lang='lat' dir='ltr'><strong>est.</strong></span> <span class='ocrx_word' id='word_1_785' title='bbox 2920 3714 2938 3746; x_wconf 77' lang='grc' dir='ltr'><strong>ι</strong></span> <span class='ocrx_word' id='word_1_786' title='bbox 2963 3694 3118 3761; x_wconf 83' lang='lat' dir='ltr'><strong>Quod</strong></span> <span class='ocrx_word' id='word_1_787' title='bbox 3153 3700 3346 3756; x_wconf 90' lang='lat' dir='ltr'><strong>oculus</strong></span> <span class='ocrx_word' id='word_1_788' title='bbox 3378 3717 3485 3760; x_wconf 90' lang='lat' dir='ltr'><strong>non</strong></span> 
     </span>
    </p>
   </div>
   <div class='ocr_carea' id='block_1_99' title="bbox 1927 3781 3492 3849">
    <p class='ocr_par' dir='ltr' id='par_1_99' title="bbox 1927 3781 3492 3849">
     <span class='ocr_line' id='line_1_99' title="bbox 1927 3781 3492 3849; baseline 0.01 -14"><span class='ocrx_word' id='word_1_789' title='bbox 1927 3781 2082 3846; x_wconf 85' lang='lat' dir='ltr'><strong>vidit,</strong></span> <span class='ocrx_word' id='word_1_790' title='bbox 2126 3796 2224 3837; x_wconf 90' lang='lat' dir='ltr'><strong>nec</strong></span> <span class='ocrx_word' id='word_1_791' title='bbox 2251 3783 2399 3837; x_wconf 91' lang='lat' dir='ltr'><strong>auris</strong></span> <span class='ocrx_word' id='word_1_792' title='bbox 2431 3783 2656 3848; x_wconf 81' lang='lat' dir='ltr'><strong>audivit,</strong></span> <span class='ocrx_word' id='word_1_793' title='bbox 2686 3800 2787 3840; x_wconf 90' lang='lat' dir='ltr'><strong>nec</strong></span> <span class='ocrx_word' id='word_1_794' title='bbox 2821 3785 2876 3839; x_wconf 91' lang='lat' dir='ltr'><strong>in</strong></span> <span class='ocrx_word' id='word_1_795' title='bbox 2902 3803 2998 3842; x_wconf 91' lang='lat' dir='ltr'><strong>cor</strong></span> <span class='ocrx_word' id='word_1_796' title='bbox 3025 3789 3263 3847; x_wconf 84' lang='lat' dir='ltr'><strong>hominis</strong></span> <span class='ocrx_word' id='word_1_797' title='bbox 3295 3809 3492 3849; x_wconf 88' lang='lat' dir='ltr'><strong>ascen-</strong></span> 
     </span>
    </p>
   </div>
   <div class='ocr_carea' id='block_1_100' title="bbox 1927 3871 3490 3952">
    <p class='ocr_par' dir='ltr' id='par_1_100' title="bbox 1927 3871 3490 3952">
     <span class='ocr_line' id='line_1_100' title="bbox 1927 3871 3490 3952; baseline 0.009 -27"><span class='ocrx_word' id='word_1_798' title='bbox 1927 3871 2026 3937; x_wconf 90' lang='lat' dir='ltr'><strong>dit,</strong></span> <span class='ocrx_word' id='word_1_799' title='bbox 2072 3891 2091 3923; x_wconf 75' lang='grc' dir='ltr'><strong>ι</strong></span> <span class='ocrx_word' id='word_1_800' title='bbox 2121 3881 2177 3926; x_wconf 91' lang='lat' dir='ltr'><strong>ut</strong></span> <span class='ocrx_word' id='word_1_801' title='bbox 2211 3881 2432 3928; x_wconf 89' lang='lat' dir='ltr'><strong>sanctus</strong></span> <span class='ocrx_word' id='word_1_802' title='bbox 2462 3875 2536 3927; x_wconf 89' lang='lat' dir='ltr'><strong>ait</strong></span> <span class='ocrx_word' id='word_1_803' title='bbox 2564 3874 2857 3944; x_wconf 82' lang='lat' dir='ltr'><strong>Apostolus</strong></span> <span class='ocrx_word' id='word_1_804' title='bbox 2888 3877 2928 3942; x_wconf 88' lang='grc'><strong>¹,</strong></span> <span class='ocrx_word' id='word_1_805' title='bbox 2958 3879 3128 3932; x_wconf 89' lang='lat' dir='ltr'><strong>multo</strong></span> <span class='ocrx_word' id='word_1_806' title='bbox 3149 3881 3300 3949; x_wconf 91' lang='lat' dir='ltr'><strong>prius</strong></span> <span class='ocrx_word' id='word_1_807' title='bbox 3328 3898 3490 3952; x_wconf 88' lang='lat' dir='ltr'><strong>supra</strong></span> 
     </span>
    </p>
   </div>
   <div class='ocr_carea' id='block_1_101' title="bbox 1926 3966 3494 4046">
    <p class='ocr_par' dir='ltr' id='par_1_101' title="bbox 1926 3966 3494 4046">
     <span class='ocr_line' id='line_1_101' title="bbox 1926 3966 3494 4046; baseline 0.01 -31"><span class='ocrx_word' id='word_1_808' title='bbox 1926 3979 2141 4018; x_wconf 91' lang='lat' dir='ltr'><strong>omnem</strong></span> <span class='ocrx_word' id='word_1_809' title='bbox 2175 3966 2558 4034; x_wconf 85' lang='lat' dir='ltr'><strong>cogitationem</strong></span> <span class='ocrx_word' id='word_1_810' title='bbox 2599 3968 2844 4023; x_wconf 79' lang='lat' dir='ltr'><strong>ferantur</strong></span> <span class='ocrx_word' id='word_1_811' title='bbox 2874 3984 2938 4023; x_wconf 90' lang='lat' dir='ltr'><strong>ac</strong></span> <span class='ocrx_word' id='word_1_812' title='bbox 2971 3986 3148 4041; x_wconf 81' lang='lat' dir='ltr'><strong>neque</strong></span> <span class='ocrx_word' id='word_1_813' title='bbox 3178 3973 3285 4027; x_wconf 92' lang='lat' dir='ltr'><strong>dici</strong></span> <span class='ocrx_word' id='word_1_814' title='bbox 3314 3990 3494 4046; x_wconf 87' lang='lat' dir='ltr'><strong>neque</strong></span> 
     </span>
    </p>
   </div>
   <div class='ocr_carea' id='block_1_102' title="bbox 1925 4053 3492 4138">
    <p class='ocr_par' dir='ltr' id='par_1_102' title="bbox 1925 4053 3492 4138">
     <span class='ocr_line' id='line_1_102' title="bbox 1925 4053 3492 4138; baseline 0.01 -30"><span class='ocrx_word' id='word_1_815' title='bbox 1925 4053 2286 4120; x_wconf 90' lang='lat' dir='ltr'><strong>denominari,</strong></span> <span class='ocrx_word' id='word_1_816' title='bbox 2318 4073 2492 4128; x_wconf 81' lang='lat' dir='ltr'><strong>neque</strong></span> <span class='ocrx_word' id='word_1_817' title='bbox 2516 4059 2764 4131; x_wconf 80' lang='lat' dir='ltr'><strong>intelligi,</strong></span> <span class='ocrx_word' id='word_1_818' title='bbox 2791 4076 2890 4116; x_wconf 86' lang='lat' dir='ltr'><strong>nec</strong></span> <span class='ocrx_word' id='word_1_819' title='bbox 2917 4063 3099 4118; x_wconf 90' lang='lat' dir='ltr'><strong>animo</strong></span> <span class='ocrx_word' id='word_1_820' title='bbox 3127 4066 3337 4135; x_wconf 91' lang='lat' dir='ltr'><strong>concipi</strong></span> <span class='ocrx_word' id='word_1_821' title='bbox 3365 4082 3492 4138; x_wconf 86' lang='lat' dir='ltr'><strong>pos-</strong></span> 
     </span>
    </p>
   </div>
   <div class='ocr_carea' id='block_1_103' title="bbox 1926 4143 3488 4226">
    <p class='ocr_par' dir='ltr' id='par_1_103' title="bbox 1926 4143 3488 4226">
     <span class='ocr_line' id='line_1_103' title="bbox 1926 4143 3488 4226; baseline 0.01 -29"><span class='ocrx_word' id='word_1_822' title='bbox 1926 4143 2054 4203; x_wconf 87' lang='lat' dir='ltr'><strong>sint,</strong></span> <span class='ocrx_word' id='word_1_823' title='bbox 2093 4159 2214 4214; x_wconf 59' lang='lat' dir='ltr'><strong>quae</strong></span> <span class='ocrx_word' id='word_1_824' title='bbox 2249 4146 2315 4200; x_wconf 88' lang='lat' dir='ltr'><strong>ad</strong></span> <span class='ocrx_word' id='word_1_825' title='bbox 2352 4149 2583 4218; x_wconf 89' lang='lat' dir='ltr'><strong>primam</strong></span> <span class='ocrx_word' id='word_1_826' title='bbox 2622 4151 2766 4205; x_wconf 90' lang='lat' dir='ltr'><strong>unici</strong></span> <span class='ocrx_word' id='word_1_827' title='bbox 2805 4150 2896 4207; x_wconf 88' lang='lat' dir='ltr'><strong>Dei</strong></span> <span class='ocrx_word' id='word_1_828' title='bbox 2931 4151 3050 4207; x_wconf 84' lang='lat' dir='ltr'><strong>Filii</strong></span> <span class='ocrx_word' id='word_1_829' title='bbox 3087 4159 3488 4226; x_wconf 80' lang='lat' dir='ltr'><strong>generationem</strong></span> 
     </span>
    </p>
   </div>
   <div class='ocr_carea' id='block_1_104' title="bbox 1923 4233 3489 4320">
    <p class='ocr_par' dir='ltr' id='par_1_104' title="bbox 1923 4233 3489 4320">
     <span class='ocr_line' id='line_1_104' title="bbox 1923 4233 3489 4320; baseline 0.014 -37"><span class='ocrx_word' id='word_1_830' title='bbox 1923 4233 2212 4300; x_wconf 88' lang='lat' dir='ltr'><strong>pertinent.</strong></span> <span class='ocrx_word' id='word_1_831' title='bbox 2241 4235 2314 4292; x_wconf 91' lang='lat' dir='ltr'><strong>De</strong></span> <span class='ocrx_word' id='word_1_832' title='bbox 2338 4254 2446 4308; x_wconf 93' lang='lat' dir='ltr'><strong>quo</strong></span> <span class='ocrx_word' id='word_1_833' title='bbox 2475 4255 2605 4296; x_wconf 89' lang='lat' dir='ltr'><strong>sane</strong></span> <span class='ocrx_word' id='word_1_834' title='bbox 2629 4243 2764 4296; x_wconf 90' lang='lat' dir='ltr'><strong>nihil</strong></span> <span class='ocrx_word' id='word_1_835' title='bbox 2799 4243 3064 4303; x_wconf 86' lang='lat' dir='ltr'><strong>habemus</strong></span> <span class='ocrx_word' id='word_1_836' title='bbox 3080 4248 3314 4318; x_wconf 84' lang='lat' dir='ltr'><strong>amplius</strong></span> <span class='ocrx_word' id='word_1_837' title='bbox 3343 4249 3489 4320; x_wconf 83' lang='lat' dir='ltr'><strong>quod</strong></span> 
     </span>
    </p>
   </div>
   <div class='ocr_carea' id='block_1_105' title="bbox 1923 4321 3488 4401">
    <p class='ocr_par' dir='ltr' id='par_1_105' title="bbox 1923 4321 3488 4401">
     <span class='ocr_line' id='line_1_105' title="bbox 1923 4321 3488 4401; baseline 0.012 -25"><span class='ocrx_word' id='word_1_838' title='bbox 1923 4321 2170 4380; x_wconf 86' lang='lat' dir='ltr'><strong>dicamus</strong></span> <span class='ocrx_word' id='word_1_839' title='bbox 2197 4336 2290 4381; x_wconf 86' lang='lat' dir='ltr'><strong>aut</strong></span> <span class='ocrx_word' id='word_1_840' title='bbox 2326 4329 2625 4401; x_wconf 87' lang='lat' dir='ltr'><strong>cogitemus</strong></span> <span class='ocrx_word' id='word_1_841' title='bbox 2649 4348 2808 4401; x_wconf 90' lang='lat' dir='ltr'><strong>quam</strong></span> <span class='ocrx_word' id='word_1_842' title='bbox 2833 4333 2998 4391; x_wconf 76' lang='lat' dir='ltr'><strong>illud:</strong></span> <span class='ocrx_word' id='word_1_843' title='bbox 3029 4356 3047 4388; x_wconf 77' lang='grc' dir='ltr'><strong>ι</strong></span> <span class='ocrx_word' id='word_1_844' title='bbox 3073 4335 3488 4396; x_wconf 88' lang='lat' dir='ltr'><strong>Generationem</strong></span> 
     </span>
    </p>
   </div>
   <div class='ocr_carea' id='block_1_106' title="bbox 1923 4414 3491 4497">
    <p class='ocr_par' dir='ltr' id='par_1_106' title="bbox 1923 4414 3491 4497">
     <span class='ocr_line' id='line_1_106' title="bbox 1923 4414 3491 4497; baseline 0.011 -28"><span class='ocrx_word' id='word_1_845' title='bbox 1923 4414 2042 4484; x_wconf 89' lang='lat' dir='ltr'><strong>ejus</strong></span> <span class='ocrx_word' id='word_1_846' title='bbox 2060 4416 2220 4487; x_wconf 76' lang='lat'><strong>215</strong></span> <span class='ocrx_word' id='word_1_847' title='bbox 2242 4420 2365 4489; x_wconf 90' lang='lat' dir='ltr'><strong>quis</strong></span> <span class='ocrx_word' id='word_1_848' title='bbox 2383 4422 2698 4477; x_wconf 87' lang='lat' dir='ltr'><strong>enarrabit?</strong></span> <span class='ocrx_word' id='word_1_849' title='bbox 2719 4444 2738 4476; x_wconf 68' lang='grc' dir='ltr'><strong>ι</strong></span> <span class='ocrx_word' id='word_1_850' title='bbox 2761 4423 2915 4490; x_wconf 90' lang='lat' dir='ltr'><strong>Quod</strong></span> <span class='ocrx_word' id='word_1_851' title='bbox 2933 4426 2976 4480; x_wconf 92' lang='lat' dir='ltr'><strong>si</strong></span> <span class='ocrx_word' id='word_1_852' title='bbox 2999 4427 3122 4497; x_wconf 92' lang='lat' dir='ltr'><strong>quis</strong></span> <span class='ocrx_word' id='word_1_853' title='bbox 3139 4428 3240 4483; x_wconf 90' lang='lat' dir='ltr'><strong>hoc</strong></span> <span class='ocrx_word' id='word_1_854' title='bbox 3262 4430 3491 4486; x_wconf 88' lang='lat' dir='ltr'><strong>ulterius</strong></span> 
     </span>
    </p>
   </div>
   <div class='ocr_carea' id='block_1_107' title="bbox 1922 4511 3490 4590">
    <p class='ocr_par' dir='ltr' id='par_1_107' title="bbox 1922 4511 3490 4590">
     <span class='ocr_line' id='line_1_107' title="bbox 1922 4511 3490 4590; baseline 0.011 -31"><span class='ocrx_word' id='word_1_855' title='bbox 1922 4511 2278 4580; x_wconf 85' lang='lat' dir='ltr'><strong>progrediens</strong></span> <span class='ocrx_word' id='word_1_856' title='bbox 2327 4529 2392 4568; x_wconf 86' lang='lat' dir='ltr'><strong>eo</strong></span> <span class='ocrx_word' id='word_1_857' title='bbox 2447 4515 2780 4584; x_wconf 85' lang='lat' dir='ltr'><strong>provehatur</strong></span> <span class='ocrx_word' id='word_1_858' title='bbox 2807 4518 3068 4584; x_wconf 63' lang='lat' dir='ltr'><strong>audaciae,</strong></span> <span class='ocrx_word' id='word_1_859' title='bbox 3102 4527 3161 4573; x_wconf 93' lang='lat' dir='ltr'><strong>ut</strong></span> <span class='ocrx_word' id='word_1_860' title='bbox 3193 4537 3312 4590; x_wconf 67' lang='lat' dir='ltr'><strong>quae</strong></span> <span class='ocrx_word' id='word_1_861' title='bbox 3341 4523 3490 4576; x_wconf 85' lang='lat' dir='ltr'><strong>nulla</strong></span> 
     </span>
    </p>
   </div>
   <div class='ocr_carea' id='block_1_108' title="bbox 1924 4603 3490 4681">
    <p class='ocr_par' dir='ltr' id='par_1_108' title="bbox 1924 4603 3490 4681">
     <span class='ocr_line' id='line_1_108' title="bbox 1924 4603 3490 4681; baseline 0.01 -28"><span class='ocrx_word' id='word_1_862' title='bbox 1924 4616 2154 4671; x_wconf 88' lang='lat' dir='ltr'><strong>prorsus</strong></span> <span class='ocrx_word' id='word_1_863' title='bbox 2185 4603 2542 4675; x_wconf 87' lang='lat' dir='ltr'><strong>intelligentia</strong></span> <span class='ocrx_word' id='word_1_864' title='bbox 2564 4609 2950 4678; x_wconf 88' lang='lat' dir='ltr'><strong>comprehendi</strong></span> <span class='ocrx_word' id='word_1_865' title='bbox 2982 4618 3232 4681; x_wconf 87' lang='lat' dir='ltr'><strong>possunt,</strong></span> <span class='ocrx_word' id='word_1_866' title='bbox 3263 4628 3326 4667; x_wconf 88' lang='lat' dir='ltr'><strong>ea</strong></span> <span class='ocrx_word' id='word_1_867' title='bbox 3357 4615 3490 4669; x_wconf 86' lang='lat' dir='ltr'><strong>visi-</strong></span> 
     </span>
    </p>
   </div>
   <div class='ocr_carea' id='block_1_109' title="bbox 1923 4693 3486 4776">
    <p class='ocr_par' dir='ltr' id='par_1_109' title="bbox 1923 4693 3486 4776">
     <span class='ocr_line' id='line_1_109' title="bbox 1923 4693 3486 4776; baseline 0.008 -29"><span class='ocrx_word' id='word_1_868' title='bbox 1923 4693 2126 4750; x_wconf 86' lang='lat' dir='ltr'><strong>hilibus</strong></span> <span class='ocrx_word' id='word_1_869' title='bbox 2174 4705 2228 4750; x_wconf 91' lang='lat' dir='ltr'><strong>et</strong></span> <span class='ocrx_word' id='word_1_870' title='bbox 2281 4699 2564 4776; x_wconf 86' lang='lat' dir='ltr'><strong>corporeis</strong></span> <span class='ocrx_word' id='word_1_871' title='bbox 2608 4701 2870 4770; x_wconf 85' lang='lat' dir='ltr'><strong>exemplis</strong></span> <span class='ocrx_word' id='word_1_872' title='bbox 2915 4702 3202 4766; x_wconf 87' lang='lat' dir='ltr'><strong>assimilet,</strong></span> <span class='ocrx_word' id='word_1_873' title='bbox 3257 4703 3486 4759; x_wconf 82' lang='lat' dir='ltr'><strong>forsitan</strong></span> 
     </span>
    </p>
   </div>
   <div class='ocr_carea' id='block_1_110' title="bbox 1923 4785 3486 4864">
    <p class='ocr_par' dir='ltr' id='par_1_110' title="bbox 1923 4785 3486 4864">
     <span class='ocr_line' id='line_1_110' title="bbox 1923 4785 3486 4864; baseline 0.007 -24"><span class='ocrx_word' id='word_1_874' title='bbox 1923 4785 2089 4851; x_wconf 89' lang='lat' dir='ltr'><strong>dicat,</strong></span> <span class='ocrx_word' id='word_1_875' title='bbox 2126 4789 2347 4859; x_wconf 87' lang='lat' dir='ltr'><strong>ingeniti</strong></span> <span class='ocrx_word' id='word_1_876' title='bbox 2385 4788 2564 4845; x_wconf 86' lang='lat' dir='ltr'><strong>Patris</strong></span> <span class='ocrx_word' id='word_1_877' title='bbox 2602 4799 2810 4848; x_wconf 64' lang='lat' dir='ltr'><strong>naturae</strong></span> <span class='ocrx_word' id='word_1_878' title='bbox 2859 4801 3020 4864; x_wconf 85' lang='lat' dir='ltr'><strong>atque</strong></span> <span class='ocrx_word' id='word_1_879' title='bbox 3081 4793 3370 4851; x_wconf 79' lang='lat' dir='ltr'><strong>ineﬂ‘abilis</strong></span> <span class='ocrx_word' id='word_1_880' title='bbox 3397 4811 3486 4850; x_wconf 87' lang='lat' dir='ltr'><strong>es-</strong></span> 
     </span>
    </p>
   </div>
   <div class='ocr_carea' id='block_1_111' title="bbox 1923 4881 3486 4958">
    <p class='ocr_par' dir='ltr' id='par_1_111' title="bbox 1923 4881 3486 4958">
     <span class='ocr_line' id='line_1_111' title="bbox 1923 4881 3486 4958; baseline 0.004 -22"><span class='ocrx_word' id='word_1_881' title='bbox 1923 4882 2130 4946; x_wconf 71' lang='lat' dir='ltr'><strong>sentiae,</strong></span> <span class='ocrx_word' id='word_1_882' title='bbox 2155 4883 2313 4951; x_wconf 88' lang='lat' dir='ltr'><strong>quasi</strong></span> <span class='ocrx_word' id='word_1_883' title='bbox 2339 4881 2691 4953; x_wconf 77' lang='lat' dir='ltr'><strong>fragrantiam</strong></span> <span class='ocrx_word' id='word_1_884' title='bbox 2711 4887 3024 4955; x_wconf 88' lang='lat' dir='ltr'><strong>quamdam,</strong></span> <span class='ocrx_word' id='word_1_885' title='bbox 3047 4901 3110 4942; x_wconf 89' lang='lat' dir='ltr'><strong>ac</strong></span> <span class='ocrx_word' id='word_1_886' title='bbox 3144 4887 3283 4943; x_wconf 88' lang='lat' dir='ltr'><strong>lucis</strong></span> <span class='ocrx_word' id='word_1_887' title='bbox 3305 4888 3486 4958; x_wconf 85' lang='lat' dir='ltr'><strong>splen-</strong></span> 
     </span>
    </p>
   </div>
   <div class='ocr_carea' id='block_1_112' title="bbox 1923 4973 3487 5049">
    <p class='ocr_par' dir='ltr' id='par_1_112' title="bbox 1923 4973 3487 5049">
     <span class='ocr_line' id='line_1_112' title="bbox 1923 4973 3487 5049; baseline 0.005 -23"><span class='ocrx_word' id='word_1_888' title='bbox 1923 4973 2130 5037; x_wconf 87' lang='lat' dir='ltr'><strong>dorem,</strong></span> <span class='ocrx_word' id='word_1_889' title='bbox 2167 4975 2341 5045; x_wconf 90' lang='lat' dir='ltr'><strong>ipsum</strong></span> <span class='ocrx_word' id='word_1_890' title='bbox 2379 4975 2569 5030; x_wconf 84' lang='lat' dir='ltr'><strong>Filium</strong></span> <span class='ocrx_word' id='word_1_891' title='bbox 2598 4993 2663 5032; x_wconf 85' lang='lat' dir='ltr'><strong>ex</strong></span> <span class='ocrx_word' id='word_1_892' title='bbox 2689 4977 2915 5033; x_wconf 82' lang='lat' dir='ltr'><strong>inﬁnitis</strong></span> <span class='ocrx_word' id='word_1_893' title='bbox 2947 4979 3184 5044; x_wconf 67' lang='lat' dir='ltr'><strong>saeculis,</strong></span> <span class='ocrx_word' id='word_1_894' title='bbox 3218 4993 3280 5033; x_wconf 87' lang='lat' dir='ltr'><strong>ac</strong></span> <span class='ocrx_word' id='word_1_895' title='bbox 3306 4980 3487 5049; x_wconf 89' lang='lat' dir='ltr'><strong>potius</strong></span> 
     </span>
    </p>
   </div>
   <div class='ocr_carea' id='block_1_113' title="bbox 1923 5067 3487 5138">
    <p class='ocr_par' dir='ltr' id='par_1_113' title="bbox 1923 5067 3487 5138">
     <span class='ocr_line' id='line_1_113' title="bbox 1923 5067 3487 5138; baseline 0.004 -21"><span class='ocrx_word' id='word_1_896' title='bbox 1923 5071 2050 5118; x_wconf 89' lang='lat' dir='ltr'><strong>ante</strong></span> <span class='ocrx_word' id='word_1_897' title='bbox 2078 5067 2260 5118; x_wconf 90' lang='lat' dir='ltr'><strong>omnia</strong></span> <span class='ocrx_word' id='word_1_898' title='bbox 2291 5067 2493 5120; x_wconf 69' lang='lat' dir='ltr'><strong>saecula</strong></span> <span class='ocrx_word' id='word_1_899' title='bbox 2526 5068 2849 5134; x_wconf 79' lang='lat' dir='ltr'><strong>exstitisse;</strong></span> <span class='ocrx_word' id='word_1_900' title='bbox 2871 5068 3110 5138; x_wconf 88' lang='lat' dir='ltr'><strong>dumque</strong></span> <span class='ocrx_word' id='word_1_901' title='bbox 3145 5069 3359 5124; x_wconf 81' lang='lat' dir='ltr'><strong>exsistit</strong></span> <span class='ocrx_word' id='word_1_902' title='bbox 3409 5071 3487 5123; x_wconf 88' lang='lat' dir='ltr'><strong>si-</strong></span> 
     </span>
    </p>
   </div>
   <div class='ocr_carea' id='block_1_114' title="bbox 1922 5157 3484 5230">
    <p class='ocr_par' dir='ltr' id='par_1_114' title="bbox 1922 5157 3484 5230">
     <span class='ocr_line' id='line_1_114' title="bbox 1922 5157 3484 5230; baseline 0.002 -19"><span class='ocrx_word' id='word_1_903' title='bbox 1922 5157 2034 5211; x_wconf 89' lang='lat' dir='ltr'><strong>mul</strong></span> <span class='ocrx_word' id='word_1_904' title='bbox 2067 5172 2208 5221; x_wconf 87' lang='lat' dir='ltr'><strong>esse,</strong></span> <span class='ocrx_word' id='word_1_905' title='bbox 2252 5173 2427 5228; x_wconf 84' lang='lat' dir='ltr'><strong>neque</strong></span> <span class='ocrx_word' id='word_1_906' title='bbox 2454 5157 2668 5215; x_wconf 84' lang='lat' dir='ltr'><strong>Patrem</strong></span> <span class='ocrx_word' id='word_1_907' title='bbox 2709 5175 2948 5230; x_wconf 90' lang='lat' dir='ltr'><strong>unquam</strong></span> <span class='ocrx_word' id='word_1_908' title='bbox 2984 5160 3307 5230; x_wconf 90' lang='lat' dir='ltr'><strong>relinquere,</strong></span> <span class='ocrx_word' id='word_1_909' title='bbox 3343 5162 3484 5216; x_wconf 87' lang='lat' dir='ltr'><strong>sicut</strong></span> 
     </span>
    </p>
   </div>
   <div class='ocr_carea' id='block_1_115' title="bbox 1921 5251 3486 5321">
    <p class='ocr_par' dir='ltr' id='par_1_115' title="bbox 1921 5251 3486 5321">
     <span class='ocr_line' id='line_1_115' title="bbox 1921 5251 3486 5321; baseline 0.003 -20"><span class='ocrx_word' id='word_1_910' title='bbox 1921 5263 2023 5302; x_wconf 88' lang='lat' dir='ltr'><strong>nec</strong></span> <span class='ocrx_word' id='word_1_911' title='bbox 2052 5258 2384 5318; x_wconf 87' lang='lat' dir='ltr'><strong>unguentum</strong></span> <span class='ocrx_word' id='word_1_912' title='bbox 2443 5251 2620 5305; x_wconf 90' lang='lat' dir='ltr'><strong>bonus</strong></span> <span class='ocrx_word' id='word_1_913' title='bbox 2655 5251 2824 5315; x_wconf 89' lang='lat' dir='ltr'><strong>odor,</strong></span> <span class='ocrx_word' id='word_1_914' title='bbox 2859 5266 2958 5306; x_wconf 89' lang='lat' dir='ltr'><strong>nec</strong></span> <span class='ocrx_word' id='word_1_915' title='bbox 3009 5251 3182 5306; x_wconf 90' lang='lat' dir='ltr'><strong>lucem</strong></span> <span class='ocrx_word' id='word_1_916' title='bbox 3229 5253 3486 5321; x_wconf 79' lang='lat' dir='ltr'><strong>splendor</strong></span> 
     </span>
    </p>
   </div>
   <div class='ocr_carea' id='block_1_116' title="bbox 1921 5343 3484 5414">
    <p class='ocr_par' dir='ltr' id='par_1_116' title="bbox 1921 5343 3484 5414">
     <span class='ocr_line' id='line_1_116' title="bbox 1921 5343 3484 5414; baseline 0.002 -19"><span class='ocrx_word' id='word_1_917' title='bbox 1921 5343 2212 5412; x_wconf 91' lang='lat' dir='ltr'><strong>relinquit;</strong></span> <span class='ocrx_word' id='word_1_918' title='bbox 2245 5360 2428 5398; x_wconf 86' lang='lat' dir='ltr'><strong>verum</strong></span> <span class='ocrx_word' id='word_1_919' title='bbox 2447 5345 2691 5414; x_wconf 79' lang='lat' dir='ltr'><strong>exempla</strong></span> <span class='ocrx_word' id='word_1_920' title='bbox 2723 5344 2835 5399; x_wconf 65' lang='lat' dir='ltr'><strong>haec</strong></span> <span class='ocrx_word' id='word_1_921' title='bbox 2868 5360 2975 5398; x_wconf 92' lang='lat' dir='ltr'><strong>non</strong></span> <span class='ocrx_word' id='word_1_922' title='bbox 3002 5345 3314 5399; x_wconf 87' lang='lat' dir='ltr'><strong>omnimodo</strong></span> <span class='ocrx_word' id='word_1_923' title='bbox 3344 5345 3484 5398; x_wconf 83' lang='lat' dir='ltr'><strong>inte-</strong></span> 
     </span>
    </p>
   </div>
   <div class='ocr_carea' id='block_1_117' title="bbox 1919 5436 3485 5508">
    <p class='ocr_par' dir='ltr' id='par_1_117' title="bbox 1919 5436 3485 5508">
     <span class='ocr_line' id='line_1_117' title="bbox 1919 5436 3485 5508; baseline 0.003 -20"><span class='ocrx_word' id='word_1_924' title='bbox 1919 5451 2070 5505; x_wconf 85' lang='lat' dir='ltr'><strong>gram</strong></span> <span class='ocrx_word' id='word_1_925' title='bbox 2098 5445 2354 5506; x_wconf 54' lang='lat' dir='ltr'><strong>praestant</strong></span> <span class='ocrx_word' id='word_1_926' title='bbox 2385 5437 2817 5502; x_wconf 86' lang='lat' dir='ltr'><strong>similitudinem,</strong></span> <span class='ocrx_word' id='word_1_927' title='bbox 2849 5437 2941 5491; x_wconf 89' lang='lat' dir='ltr'><strong>sed</strong></span> <span class='ocrx_word' id='word_1_928' title='bbox 2962 5436 3231 5508; x_wconf 89' lang='lat' dir='ltr'><strong>quomodo</strong></span> <span class='ocrx_word' id='word_1_929' title='bbox 3254 5437 3364 5506; x_wconf 88' lang='lat' dir='ltr'><strong>jam</strong></span> <span class='ocrx_word' id='word_1_930' title='bbox 3385 5455 3485 5492; x_wconf 88' lang='lat' dir='ltr'><strong>an-</strong></span> 
     </span>
    </p>
   </div>
   <div class='ocr_carea' id='block_1_118' title="bbox 1921 5526 3489 5599">
    <p class='ocr_par' dir='ltr' id='par_1_118' title="bbox 1921 5526 3489 5599">
     <span class='ocr_line' id='line_1_118' title="bbox 1921 5526 3489 5599; baseline 0.004 -20"><span class='ocrx_word' id='word_1_931' title='bbox 1921 5533 2006 5582; x_wconf 90' lang='lat' dir='ltr'><strong>tea</strong></span> <span class='ocrx_word' id='word_1_932' title='bbox 2035 5527 2238 5581; x_wconf 90' lang='lat' dir='ltr'><strong>dictum</strong></span> <span class='ocrx_word' id='word_1_933' title='bbox 2273 5535 2351 5582; x_wconf 89' lang='lat' dir='ltr'><strong>est</strong></span> <span class='ocrx_word' id='word_1_934' title='bbox 2383 5544 2398 5582; x_wconf 87' lang='lat'><strong>:</strong></span> <span class='ocrx_word' id='word_1_935' title='bbox 2438 5541 2561 5582; x_wconf 86' lang='lat' dir='ltr'><strong>nam</strong></span> <span class='ocrx_word' id='word_1_936' title='bbox 2587 5540 2820 5599; x_wconf 86' lang='lat' dir='ltr'><strong>corpora</strong></span> <span class='ocrx_word' id='word_1_937' title='bbox 2853 5526 3147 5583; x_wconf 82' lang='lat' dir='ltr'><strong>inanimata</strong></span> <span class='ocrx_word' id='word_1_938' title='bbox 3179 5527 3357 5597; x_wconf 91' lang='lat' dir='ltr'><strong>ipsum</strong></span> <span class='ocrx_word' id='word_1_939' title='bbox 3391 5542 3489 5585; x_wconf 70' lang='lat' dir='ltr'><strong>ae-</strong></span> 
     </span>
    </p>
   </div>
  </div>
