3916 6200
463 156 572 215 355

1105 165 1379 223 EUSEBII
1413 165 1897 224 CASSARIENSIS
1935 164 2087 223 OPP.
2121 165 2323 225 PARS.
2364 168 2429 225 ll.
2467 199 2538 210 —-
2569 169 3071 229 APOLOGETICA.

3599 172 3716 231 356

460 277 655 334 cide‘ns
685 278 740 334 in
754 279 1114 350 qualitatibus
1144 284 1412 354 retinent;
1444 285 1702 356 splendor
1727 286 1998 350 enim,cul

2099 317 2110 345 ι
2137 284 2556 355 ἀνεπιλογίστως
2593 290 2744 360 ἡμῖν,
2774 287 2971 355 ζῶντος
2996 287 3133 343 Θεοῦ
3159 288 3308 356 ζῶσά
3330 307 3436 357 τις,
3463 290 3556 344 καὶ⁸
3580 285 3714 346 καθ’

463 370 640 441 ipsam
664 373 804 429 lucis
830 383 1079 429 naturam
1114 377 1426 443 comitetur,
1460 394 1563 435 nec
1590 380 1760 450 ipsam
1791 395 2030 450 unquam

458 462 604 521 lucis
630 466 925 521 essentiam
980 469 1275 539 relinquat,
1307 478 1462 525 extra
1489 471 1557 525 ad
1594 471 1796 543 ipsum,
1838 471 1892 526 in
1922 487 2031 542 quo

457 566 564 620 est,
589 565 736 613 stare
788 574 897 613 non
943 568 1122 631 potest
1151 579 1164 615 :
1199 569 1254 615 at
1298 577 1425 617 vero
1453 563 1630 637 ipsum
1664 562 1759 618 Dei
1792 561 2029 619 Verbum

454 660 557 718 per
583 648 823 720 seipsum
855 655 909 703 et
950 652 1252 707 essentiam
1286 653 1496 709 obtinet
1523 660 1579 710 et
1621 655 1896 720 consistit,
1927 670 2029 712 nec

456 738 664 810 absque
688 741 945 812 gignendi
987 744 1201 798 ratione
1231 760 1355 799 cum
1402 745 1565 803 Patre
1594 748 1808 803 exsistit
1839 748 2024 817 simul,

455 831 551 887 sed
581 841 838 903 tanquam
886 835 1081 891 unicus
1116 833 1308 904 Filius,
1341 838 1436 908 qui
1469 839 1622 895 solus
1668 848 1795 896 ante
1840 843 2026 898 omnia

452 922 650 978 saecula
684 939 749 979 ex
778 923 939 980 Patre
963 926 1035 981 sit
1060 928 1279 998 genitus
1307 946 1321 982 :
1356 928 1534 984 bonus
1565 929 1692 985 item
1724 931 1878 996 odor,
1898 946 2023 985 cum

450 1014 687 1084 subjecti
713 1017 965 1087 corporis
1002 1019 1276 1074 emanatio
1307 1019 1557 1090 quaedam
1600 1022 1691 1088 sit,
1724 1021 1843 1093 ipsa
1885 1037 2023 1093 quo-

448 1124 555 1179 que
585 1122 873 1180 corporea,
908 1125 1085 1182 neque
1112 1112 1344 1167 seorsim
1397 1127 1429 1167 a
1485 1113 1657 1183 prima
1705 1128 1873 1172 causa
1926 1132 2021 1187 per

448 1199 688 1268 seipsum
706 1201 926 1272 impleat
951 1202 1026 1266 id,
1053 1202 1199 1273 quod
1226 1203 1330 1274 ipsi
1358 1205 1666 1275 proximum
1690 1214 1795 1275 est,
1820 1208 2021 1264 nihilo-

446 1292 633 1349 minus
665 1292 831 1348 etiam
862 1293 981 1364 ipse
1018 1310 1049 1349 a
1082 1301 1280 1350 natura
1317 1311 1582 1368 corporea
1637 1314 1746 1353 non
1790 1299 2014 1355 recedit.

444 1384 563 1441 Non
594 1386 683 1449 sic.
706 1387 872 1458 igitur
900 1404 932 1443 a
964 1389 1122 1444 nobis
1149 1405 1212 1445 ea
1254 1406 1377 1462 quae
1413 1391 1479 1446 ad
1510 1392 1741 1462 primam
1771 1391 2019 1450 Salvato-

445 1475 524 1534 ris
575 1479 751 1534 nostri
812 1481 1260 1552 propagationem
1308 1482 1614 1553 pertinent,
1666 1483 2015 1555 intelligenda

443 1577 614 1638 sunt;
653 1587 832 1642 neque
847 1573 995 1628 enim
1025 1589 1092 1630 ex
1124 1581 1323 1629 natura
1347 1575 1469 1645 ejus
1487 1575 1582 1646 qui
1612 1575 1884 1647 ingenitus
1905 1583 2012 1644 est,

2135 378 2313 461 αὐτὴνὴ
2354 381 2641 461 ύφεστῶσα
2699 382 2896 450 ἀῦλως,
2948 382 3044 438 καὶ
3079 384 3407 456 ἀσωμάτως,
3461 388 3554 441 καὶ
3604 386 3707 442 τοῦ

2134 455 2376 527 ὲναντίοῦ
2413 468 2612 540 παντὸς
2660 476 2895 547 ἀμιγῶς,
2929 470 3044 531 ἀλλ’
3070 474 3169 548 οὐχ
3201 455 3289 531 οἶα
3319 496 3403 543 τις
3449 479 3606 533 πάλιν
3667 481 3706 553 ἡ

2133 567 2263 638 παρ’
2298 566 2427 638 ἡμῖν
2478 569 2662 634 εἰκὼν,
2699 568 2883 641 ἕτερον
2913 570 3011 641 μὲν
3039 568 3239 642 ἔχουσα
3257 569 3319 625 τὸ
3343 573 3462 626 κατ’
3505 572 3706 628 οὐσίαν

2133 652 2509 730 ὖποκείμενον,
2536 659 2724 731 ἕτερον
2755 660 2812 713 δὲ
2840 661 2900 714 τὸ
2910 657 3072 726 εἶδος,
3108 654 3222 715 ἀλλ’
3236 661 3356 716 ὅλον
3383 660 3529 728 αὐτὸ,
3551 660 3705 728 εἷῶς

2130 746 2227 813 ὢν,
2261 749 2355 803 καὶ
2413 748 2700 824 αὐτοουσίᾳ
2729 751 2808 823 τῷ
2840 750 3015 824 Πατρὶ
3053 751 3495 824 ἀφομοιούμενος.
3536 748 3702 807 Οῦτω

2128 834 2186 892 δὲ
2237 840 2331 894 καὶ
2381 839 2729 914 ζωτικωτάτη
2777 841 2872 896 τοῦ
2922 842 3131 914 Πατρός
3189 842 3386 897 εὐωδία
3418 843 3699 914 τυγχάνει,

2127 930 2379 1003 ἀρρήτως
2411 924 2541 1001 ἡμῖν
2592 929 2750 984 πάλιν
2782 930 2876 984 καὶ
2932 924 3386 999 ἀνεπιλογίστωςο
3434 929 3557 983 ἐπεὶ
3596 922 3703 982 καὶ

2127 1018 2304 1075 πάντα
2333 1022 2434 1075 ὅσα
2455 1022 2571 1075 ἐστὶ
2594 1021 2721 1093 περὶ
2758 1020 2920 1075 αὑτὸν
2947 1018 3142 1091 ἀληθῆ,
3165 1022 3378 1093 ἀρρητα
3402 1019 3468 1074 ἂν
3488 1020 3573 1091 εἴη
3594 1019 3700 1073 ἀνι

2126 1105 2356 1180 θρὼπων
2374 1111 2598 1180 φωναῖς,
2629 1110 2722 1163 καὶ
2747 1109 3024 1181 λογισμοῖς
3047 1109 3257 1181 θνητῶν
3284 1108 3695 1178 ἀνεπιλόγιστα,

2124 1196 2263 1251 κατά
2289 1196 2381 1253 τὸν
2413 1199 2613 1272 ἀκριϐῆ
2644 1199 2817 1269 λόγον.
2869 1199 3026 1253 Ἀλλά
3063 1199 3172 1273 γὰρ
3202 1198 3278 1264 ὡς
3308 1201 3441 1272 ἡμῖν
3472 1201 3695 1255 ἀκούειν

2123 1288 2294 1358 φίλον,
2342 1289 2564 1344 τοιῶσδε
2622 1292 2715 1345 καὶ
2742 1291 2809 1346 τὰ
2858 1291 3012 1361 λόγια
3047 1288 3304 1346 παιδεύει.
3344 1292 3415 1345 Ἦ
3442 1292 3564 1364 οὐχὶ
3596 1292 3695 1348 καὶ

2122 1381 2356 1456 Χριστοῦ
2389 1383 2614 1438 εὐωδίαν
2645 1384 2807 1448 αὐτὸς
2834 1382 3044 1451 ἑαυτὸν,
3071 1386 3309 1450 καὶτοὺς
3338 1385 3489 1458 αὐτῷ
3512 1404 3694 1460 παρα-

2122 1473 2380 1547 πλησίους
2441 1475 2471 1527 6
2519 1475 2663 1548 ἱερὸς
2699 1475 3019 1542 Ἀπόστολος
3051 1474 3312 1549 προσεῖπε
3337 1475 3426 1533 διά
3443 1478 3545 1551 τὴν
3590 1478 3690 1533 τοῦ

2120 1566 2354 1639 Χριστοῦ
2418 1567 2726 1640 πνεύματος
2768 1569 3036 1641 μετοχήνς
3091 1566 3260 1641 μύρον
3282 1578 3342 1623 τε
3384 1569 3689 1625 ἑκκενωθὲν

442 1660 729 1731 partiendo
751 1662 956 1733 aliquid
969 1673 1064 1718 aut
1079 1662 1371 1722 dividendo
1399 1673 1651 1721 naturam
1673 1646 1758 1723 est
1777 1677 1971 1725 nactus
1996 1692 1998 1721 ;

2118 1658 2148 1713 ό
2171 1659 2416 1732 οὐράνιος
2445 1659 2694 1732 Νυμφίος
2737 1662 2795 1714 ὲν
2833 1664 2945 1725 τοῖς
2985 1661 3257 1733 ’ᾼσμασιν
3288 1659 3685 1733 ἀνηγόρευταις

442 1767 619 1823 neque
649 1769 781 1809 vero
809 1754 1017 1825 absque
1052 1754 1328 1826 principio
1378 1771 1502 1810 cum
1533 1754 1696 1812 Patre
1728 1757 1891 1837 simul
1928 1775 2018 1815 ex-

440 1844 604 1911 stitit,
635 1846 857 1916 quando
888 1846 978 1902 ille
1006 1847 1226 1917 quidem
1253 1847 1554 1918 ingenitus,
1590 1848 1681 1904 hic
1713 1865 1841 1905 vero
1863 1851 2017 1921 geni-

440 1946 531 1994 tus
560 1944 666 2001 est,
707 1946 762 1993 et
793 1938 885 1993 ille
935 1936 1118 2004 Pater,
1151 1937 1241 1993 hic
1289 1936 1460 1994 Filius
1495 1957 1508 1993 :
1539 1946 1594 1993 at
1622 1955 1753 1995 vero
1792 1938 2014 1998 Patrem

437 2027 725 2095 exsistere,
762 2035 817 2084 et
845 2038 1096 2083 naturam
1147 2044 1301 2086 suam
1352 2030 1604 2088 obtinere
1636 2047 1743 2087 non
1788 2050 1819 2087 a
1850 2033 2009 2100 Filio,

437 2124 818 2194 unusquisque
849 2122 1009 2178 facile
1038 2123 1405 2189 conﬁtebitur,
1438 2124 1626 2181 eadem
1654 2140 1819 2197 porro
1844 2128 2014 2183 ratio-

436 2228 509 2269 ne
538 2212 716 2285 imago
742 2212 835 2268 Dei
860 2213 983 2278 erit,
1008 2213 1084 2268 ita
1119 2215 1361 2285 quidem,
1387 2223 1446 2270 ut
1478 2233 1673 2274 rursus
1711 2220 1878 2277 nullis
1915 2237 2011 2278 ne-

434 2320 539 2378 que
581 2305 783 2371 verbis,
816 2320 994 2376 neque
1033 2306 1362 2374 rationibus,
1419 2311 1695 2380 quomodo
1729 2313 1823 2376 sit,
1859 2328 2011 2369 com-

396 2400 409 2413 '
433 2396 769 2468 prehendere
802 2398 1079 2467 possimus
1100 2437 1116 2462 ,
1143 2398 1345 2469 quippe
1388 2414 1511 2454 cum
1552 2402 1783 2457 viventis
1808 2401 1904 2458 Dei
1925 2404 2009 2458 vi-

432 2503 565 2545 vens
598 2489 715 2559 ipsa
740 2488 814 2543 sit
842 2497 897 2544 et
936 2503 1032 2559 per
1053 2489 1292 2560 seipsam
1322 2491 1658 2557 consistens,
1689 2493 1807 2548 sine
1834 2502 2008 2550 mate-

432 2578 534 2643 ria,
567 2579 686 2635 sine
716 2593 971 2648 corpore,
1006 2578 1141 2633 nihil
1180 2593 1407 2650 prorsus
1454 2581 1665 2638 habens
1710 2583 2005 2640 admistum

430 2671 725 2738 contrarii;
751 2685 929 2741 neque
964 2686 1095 2726 vero
1137 2672 1446 2741 cujusmodi
1492 2675 1600 2728 ulla
1637 2676 1711 2731 sit
1736 2676 1878 2749 apud
1901 2693 2002 2734 nos

429 2762 631 2833 imago.
669 2777 791 2833 quae
822 2769 877 2819 et
926 2761 1073 2817 aliud
1119 2765 1374 2821 essentia:
1425 2766 1730 2837 subjectum
1781 2768 1999 2837 haheat,

428 2860 483 2908 et
521 2853 685 2908 aliam
717 2853 974 2923 speciem,
999 2853 1095 2908 sed
1120 2838 1243 2924 quae
1278 2862 1394 2911 tota
1424 2855 1544 2926 ipsa
1570 2858 1639 2912 sit
1671 2858 1904 2928 Species,
1943 2865 2000 2915 et

428 2959 548 3016 Ipsa
592 2945 853 3011 essentia,
911 2944 1322 3016 similitudinem
1374 2947 1618 3005 referens
1668 2948 1870 3007 Patris.
1903 2949 1995 3007 Sic

425 3008 611 3092 autem
647 3008 1077 3107 Patriquuoque
1100 3035 1401 3108 fragrantia
1422 3039 1549 3105 erit,
1585 3057 1705 3112 qua:
1730 3042 1995 3101 eﬁicacis-
2019 3008 2065 3070 α

424 3127 618 3183 simam
659 3127 950 3198 largiendae
977 3128 1103 3183 vita:
1143 3127 1256 3181 vim
1288 3128 1506 3197 habeat,
1529 3131 1625 3186 sed
1672 3131 1747 3187 ita
1798 3149 1992 3194 rursus

423 3232 599 3289 neque
625 3217 735 3273 dici
775 3233 806 3272 a
840 3218 1021 3285 nobis,
1046 3232 1225 3288 neque
1261 3219 1567 3276 rationibus
1582 3222 1762 3295 colligi
1780 3224 1988 3294 possit:

422 3309 691 3380 siquidem
721 3310 907 3365 omnia
940 3324 1279 3380 quaecunque
1308 3311 1375 3366 de
1405 3311 1499 3367 illo
1536 3328 1665 3369 vera
1690 3321 1839 3380 sunt,
1855 3314 1993 3370 inef-

420 3397 605 3456 fabilia
639 3411 767 3459 sunt
797 3403 1079 3457 hominum
1111 3402 1372 3467 vocibus,
1406 3411 1461 3459 et
1496 3406 1808 3460 mortalium
1835 3406 1984 3478 cogi-

420 3494 743 3558 tationibus,
787 3495 1090 3551 secundum
1125 3495 1452 3566 exquisitam
1482 3498 1749 3554 rationem
1780 3498 1990 3571 incogi-

419 3588 625 3643 tabilia.
657 3589 823 3660 216
851 3587 957 3644 Sed
1003 3589 1149 3644 enim
1187 3604 1408 3660 quoquo
1453 3589 1617 3645 modo
1660 3591 1849 3647 audire
1886 3607 1987 3648 nos

418 3685 589 3749 juvat,
627 3680 811 3735 itidem
867 3695 1023 3735 sacra
1063 3696 1166 3737 nos
1219 3681 1475 3737 erudiunt
1504 3684 1748 3737 oracula.
1787 3684 1986 3741 Annon

417 3770 619 3825 Christi
648 3771 849 3826 bonum
872 3771 1094 3827 odorem
1132 3771 1248 3843 ipse
1287 3773 1552 3844 seipsum,
1574 3784 1623 3830 el
1665 3776 1750 3831 sui
1781 3776 1986 3835 similes

416 3871 639 3919 sanctus
663 3864 957 3935 Apostolus
972 3866 1016 3930 ’,
1044 3873 1334 3935 propterea
1355 3864 1499 3937 quod
1526 3864 1763 3938 Spiritus
1779 3869 1981 3927 Christi

416 3956 685 4026 particeps
707 3965 875 4022 esset,
905 3959 1239 4028 appellavit?
1267 3957 1458 4016 Nonne
1495 3944 1832 4032 unguentum
1855 3977 1985 4019 eva-

414 4055 634 4103 cuatum
670 4049 787 4118 ipse
837 4050 1079 4106 cmlestis
1111 4049 1356 4121 Sponsus
1394 4052 1451 4106 in
1491 4051 1772 4109 Canticis'
1802 4054 1982 4113 dictus

413 4147 516 4204 est,
542 4141 751 4195 idcirco
795 4141 942 4211 quod
986 4156 1110 4197 cum
1153 4143 1298 4197 illam
1342 4143 1516 4213 ipsius
1545 4146 1978 4215 evacuationem,

411 4246 539 4289 cum
583 4230 843 4291 omnibus
871 4239 984 4286 tam
1030 4230 1344 4287 visibilibus
1380 4247 1542 4303 quam
1586 4234 1976 4303 invisibilibus,

411 4328 521 4376 tam
555 4322 836 4390 corporeis
878 4338 1044 4392 quam
1096 4322 1451 4395 incorporeis,
1488 4333 1596 4380 tam
1619 4326 1978 4383 rationalibus
2008 4350 2055 4408 ι)

409 4425 573 4483 quam
624 4410 803 4468 brutis
830 4414 1338 4480 communicavertt,
1389 4422 1506 4471 tum
1557 4432 1622 4474 ea
1673 4420 1975 4477 secundum

409 4502 816 4574 proportionem
840 4502 1003 4575 digna
1023 4502 1211 4560 eﬂ‘ecta
1234 4514 1384 4570 sunt.
1412 4522 1533 4578 quae
1559 4507 1613 4563 in
1644 4516 1851 4580 partem
1886 4525 1977 4567 ac-

407 4595 739 4666 ciperentur,
806 4604 863 4652 et
915 4597 1084 4653 divini
1137 4597 1302 4655 Verbi
1360 4600 1684 4657 liberalitate
1740 4601 1973 4673 quadam

406 4685 763 4751 fruerentur?
784 4687 961 4760 Hujus
983 4690 1202 4761 quidem
1235 4692 1407 4748 divini
1426 4692 1641 4749 aﬂlatus
1671 4695 1975 4766 susceptio-

404 4796 555 4848 nem,
584 4781 653 4837 iis
677 4781 769 4851 qui
805 4783 1101 4841 rationales
1141 4800 1335 4841 sensus
1382 4785 1681 4843 diminutos
1724 4802 1835 4843 non
1876 4788 1975 4843 ha-

404 4873 558 4937 bent,
594 4875 885 4933 universus
938 4876 1181 4947 impertit
1223 4877 1480 4943 mundus,
1517 4895 1689 4951 usque
1738 4881 1875 4937 adeo
1913 4889 1974 4937 ut

405 4983 526 5038 quae
563 4977 778 5025 terrena
820 4979 875 5025 et
913 4971 1245 5040 corruptioni
1290 4971 1525 5026 obnoxia
1563 4980 1691 5026 sunt
1717 4988 1969 5044 corpora,

403 5060 583 5115 omnis
617 5060 858 5116 materia:
884 5068 1160 5131 expertem
1200 5062 1685 5134 incorruptamque
1714 5062 1969 5136 fragran-

404 5153 535 5205 tiam
568 5151 872 5215 redoleant,
904 5154 1032 5208 dum
1066 5153 1285 5224 quidem
1321 5170 1574 5226 superne,
1602 5157 1777 5214 instar
1800 5158 1969 5216 fontis

404 5251 589 5298 manat
622 5242 764 5301 Deus
794 5244 1055 5311 universi,
1083 5246 1175 5317 qui
1209 5261 1335 5301 cum
1378 5248 1522 5303 unici
1547 5246 1711 5305 Verbi
1759 5251 1845 5306 sui
1895 5253 1969 5307 sit

403 5333 587 5402 Pater,
612 5338 752 5392 idem
786 5339 857 5393 sit
887 5337 1123 5408 primum
1146 5353 1204 5393 re
1233 5351 1361 5393 vera
1402 5338 1629 5406 bonum,
1661 5342 1806 5412 quod
1836 5343 1967 5399 boni

401 5427 656 5499 gignendi
681 5431 786 5487 vim
810 5431 1028 5500 habeat,
1059 5430 1298 5504 dumque
1314 5434 1621 5506 genituram
1655 5435 1888 5507 obtinet,
1910 5447 1965 5497 et

464 5611 486 5641 ³
513 5610 563 5667 II
586 5608 709 5666 Cor.
748 5626 812 5669 ιι.
850 5611 935 5668 15.
1008 5606 1204 5665 'Cant.
1236 5621 1275 5678 ι,
1307 5607 1360 5664 2.

2115 1751 2206 1805 Διὸ
2223 1749 2323 1822 τῆς
2358 1750 2521 1806 αὐτοῦ
2550 1750 2895 1817 ὲκκενὼσεως
2945 1751 3014 1807 τά
3052 1752 3247 1819 πάντα,
3284 1752 3457 1823 ὁρατά
3485 1769 3546 1805 τε
3586 1754 3688 1807 καὶ

2113 1843 2337 1915 ἀόρατα,
2393 1842 2618 1916 σώματά
2671 1858 2729 1899 τε
2777 1842 2872 1900 καῖ.
2912 1844 3195 1917 dcimam,
3244 1845 3435 1915 λογικά
3472 1862 3535 1899 τε
3584 1861 3686 1898 και

2112 1936 2301 2006 ἄλογα,
2339 1937 2695 2009 μετασχόντα,
2722 1936 3001 2008 ἀναλόγως
3024 1937 3354 2008 κατηξίωται
3389 1938 3685 2009 μετουσίας

2111 2029 2206 2083 καὶ
2227 2029 2326 2099 τῆς
2345 2029 2438 2083 τοῦ
2479 2026 2624 2083 θείου
2658 2023 2832 2100 Λόγου
2885 2029 3175 2104 μετείληφε
3208 2030 3513 2094 κοινωνίας.
3535 2029 3686 2083 Ταύει

2108 2137 2208 2191 της
2224 2137 2288 2190 γε
2321 2120 2419 2192 τῆς
2447 2118 2631 2175 ἐνθέου
2664 2120 2832 2193 πνοῆς
2849 2122 2947 2192 τὴν
2961 2121 3245 2193 ἀντίληψιν
3268 2123 3381 2184 τοῖς
3401 2119 3502 2184 τάς
3532 2119 3684 2189 λογι-⁵

2108 2212 2212 2277 κὰς
2263 2213 2538 2285 αἰσθήσεις
2575 2211 2652 2286 μὴ
2701 2215 3117 2287 πεπηρωμένοις
3147 2215 3176 2268 ό
3229 2213 3447 2299 σύμπας
3482 2212 3676 2266 ἀποδί-

2106 2304 2237 2360 δωσι
2285 2300 2507 2377 κόσμος,
2565 2305 2641 2371 ὡς
2679 2306 2746 2360 τὰ
2805 2310 2871 2379 τῇ
2907 2306 3067 2377 φύσει
3107 2304 3281 2379 γεώδη
3316 2307 3413 2360 καὶ
3454 2304 3678 2377 φθαρτὰ

2107 2396 2333 2468 σώματα
2372 2394 2469 2470 τῆς
2515 2399 2677 2453 ἀΰλου
2707 2400 2800 2453 καὶ
2826 2399 3103 2471 ἀκηράτου
3136 2398 3363 2462 εὐωδίας
3385 2399 3673 2461 ἀποπνεῖν,

2106 2488 2439 2561 πηγάζοντος
2470 2490 2567 2563 μὲν
2604 2491 2809 2547 ἀνωθεν
2846 2492 2940 2547 τοῦ
2971 2493 3079 2546 τῶν
3105 2492 3241 2548 ὅλων
3263 2490 3422 2555 Θεοῦ,
3454 2488 3548 2556 δς,
3575 2486 3677 2544 τοῦ

2106 2578 2425 2652 μονογενοῦς
2449 2580 2614 2636 αὐτοῦ
2644 2582 2815 2651 Λόγου
2852 2581 3041 2655 Πατὴρ
3081 2581 3178 2647 ὣν,
3229 2582 3388 2646 αὐτὸς
3410 2580 3479 2635 ἀν
3505 2580 3593 2653 εἴη
3615 2581 3680 2634 τδ

2103 2670 2317 2742 πρῶτον
2351 2671 2443 2725 καὶ
2484 2670 2672 2744 κύριον
2706 2671 2799 2725 καὶ
2846 2671 3005 2742 μόνον
3031 2671 3247 2744 ἀληθῶς
3277 2672 3501 2741 ἀγαθὸν,
3533 2672 3678 2741 ἀγα-

2103 2764 2195 2819 θοῦ
2231 2766 2549 2837 γεννητικὸν
2572 2805 2587 2831 ,
2632 2765 3041 2838 δευτερεύοντος
3087 2764 3164 2830 δὲ,
3210 2767 3304 2819 καὶ
3354 2766 3508 2819 ὼσὰν
3564 2762 3677 2819 ἀπὸ

2099 2851 2321 2929 πρώτης
2351 2856 2446 2911 καὶ
2498 2852 2804 2929 ἡγουμένης
2830 2855 3018 2920 οὐσίας
3055 2850 3545 2927 ἐπιχορηγουμένου
3576 2850 3676 2909 τοῦ

2100 2948 2253 3014 Υἱοῦ,
2299 2949 2358 3013 ὃς
2402 2949 2495 3004 καὶ
2523 2946 2682 3020 μόνος
2717 2944 2817 3020 τῆς
2848 2948 3120 3021 πατρικῆς
3149 2948 3334 3012 οὐσίας
3359 2947 3556 3001 εὐωδία
3590 2962 3677 3009 τις

2094 3040 2228 3111 ἡμῖν
2285 3037 2570 3111 ἀνείρηται
2618 3038 2924 3092 δουλεύουσι
2973 3037 3136 3108 λογίῳ
3187 3036 3494 3091 παιδεύοντι
3540 3036 3676 3109 περὶ

2095 3130 2280 3198 αὐτοῦ,
2308 3131 2388 3184 ὅτι
2421 3128 2506 3203 δὴ,
2548 3149 2567 3182 ‹
2601 3129 2787 3202 Ἀτμίς
2814 3132 2928 3183 ἐστι
2964 3128 3061 3199 τῆς
3080 3127 3172 3182 τοῦ
3201 3127 3334 3181 Θεοῦ
3366 3128 3672 3198 δυνάμεως,

2091 3222 2187 3278 καὶ
2218 3223 2485 3297 ἀπόρῤοια
2516 3223 2611 3294 τῆς
2658 3221 2752 3276 τοῦ
2788 3221 3231 3295 Παντοκράτορος
3261 3220 3416 3292 δόξης
3441 3219 3671 3292 εἰλικριο

2091 3316 2207 3388 νὴς,
2247 3315 2342 3370 καὶ
2388 3315 2726 3386 ἀπαύγασμα
2777 3311 2951 3385 φωτὸς
2996 3314 3200 3379 ἀϊδίου,
3255 3313 3347 3367 καὶ
3402 3312 3670 3381 ἔσοπτρον

2090 3403 2421 3478 ἀκηλίδωτον
2464 3404 2563 3480 τῆς
2594 3407 2685 3461 τοῦ
2723 3404 2858 3461 Θεοῦ
2892 3406 3189 3479 ἐνεργείας,
3218 3405 3310 3459 καὶ
3360 3401 3523 3457 εἰκὼν
3568 3402 3670 3473 τῆς

2089 3497 2424 3569 ἀγαθότητος
2469 3497 2655 3552 αὐτοῦ.
2701 3516 2718 3549 ι
2753 3496 2900 3569 Πλὴν
2964 3495 3100 3550 ἀλλά
3131 3495 3301 3578 ταῦτα
3334 3495 3443 3564 ὅπη
3480 3493 3545 3548 ἀν
3579 3505 3667 3555 τις

2089 3590 2183 3643 καὶ
2215 3588 2376 3655 θέλοι,
2395 3589 2563 3662 ταύτῃ
2594 3589 2824 3645 τιθέσθω
2847 3607 2859 3619 ο
2886 3591 3015 3661 ἡμῖν
3052 3588 3109 3642 δὲ
3133 3588 3355 3659 ἐξαρκεῖ
3377 3585 3439 3640 τὸ
3463 3584 3666 3656 ἀληθὲς

2087 3681 2266 3735 έκεῖνο
2294 3682 2387 3735 καὶ
2433 3682 2653 3748 εὐσεϐὲς
2689 3678 2846 3746 αὖθις
2882 3680 3349 3752 ἐπαναλαμϐάνειν
3391 3679 3564 3750 ῥῆμα,
3592 3674 3665 3730 δι’

2085 3765 2148 3825 οῦ
2186 3774 2279 3827 καὶ
2298 3774 2399 3845 τὴν
2430 3772 2581 3829 λύσιν
2627 3775 2957 3847 ἐπιθήσομεν
3001 3772 3114 3838 τοῖς
3160 3772 3509 3848 ἐξῃτημένοις
3531 3770 3667 3824 πολ-

2085 3860 2241 3925 λάκις
2274 3864 2374 3936 ἤδη
2425 3864 2778 3929 ὲπειπόντες·
2816 3882 2835 3917 ι
2872 3865 2983 3936 Τὴν
3024 3863 3218 3935 γενεὰν
3272 3862 3438 3917 αὐτοῦ
3473 3862 3561 3927 τίς
3582 3863 3666 3917 δι·

2085 3957 2386 4026 ηγήσεται;
2418 3972 2437 4005 ι
2457 3954 2766 4024 Ἀνέφικτος
2800 3954 2908 4026 γὰρ
2949 3953 3024 4018 ὡς
3049 3952 3285 4027 ἀληθῶς,
3316 3953 3411 4008 καὶ
3441 3952 3661 4007 οὐκᾶν.

2083 4046 2321 4120 θρώποις
2337 4048 2495 4121 μόνον
2517 4089 2532 4115 ,
2565 4046 2701 4101 ἀλλά
2726 4047 2820 4101 καὶ
2837 4050 2957 4113 ταῖς
2989 4048 3166 4118 πάσης
3194 4046 3447 4101 ἐπέκεινα
3466 4045 3662 4110 οὐσίας

2081 4136 2395 4211 δυνάμεσιν,
2429 4139 2462 4212 ἡ
2495 4139 2588 4193 τοῦ
2625 4139 2961 4208 Μονογενοῦς
2984 4138 3078 4194 τοῦ
3113 4137 3247 4192 Θεοῦ
3279 4137 3537 4209 τυγχάνει
3564 4136 3662 4207 γέ-

2081 4248 2246 4298 νεσις,
2277 4230 2558 4305 ὡσπεροῦν
2589 4232 2681 4286 καὶ
2710 4232 2870 4296 αὐτὸς
2892 4232 2922 4284 ό
2948 4232 3137 4304 Σωτήρ
3161 4231 3253 4285 καὶ
3271 4231 3475 4302 Κύριος
3490 4232 3526 4302 ἡ
3535 4230 3660 4301 μῶν

2081 4325 2207 4389 τοὺς
2233 4323 2465 4388 οἰκείους
2497 4323 2742 4396 μαθητὰς
2782 4323 2922 4377 αὐτά
2957 4323 3021 4394 δὴ
3054 4323 3222 4380 ταῦτα
3251 4322 3658 4395 μυσταγωγῶν,

2085 4432 2106 4466 ι
2137 4413 2324 4479 Οὐδεὶς
2359 4412 2521 4483 ἔγνω,
2558 4432 2577 4465 ι
2604 4412 2759 4484 φησὶ,
2783 4432 2803 4464 ι
2830 4411 2921 4465 τὸν
2954 4410 3196 4483 Πατέρα,
3218 4412 3267 4463 εί
3292 4408 3368 4483 μὴ
3391 4410 3420 4463 6
3446 4408 3579 4473 Υἱός
3596 4424 3651 4461 ο»

2076 4497 2122 4574 ᾧ
2168 4506 2262 4560 καὶ
2301 4504 2571 4574 ἐπιλέγει*
2600 4523 2619 4556 ‹
2664 4504 2774 4558 Καὶ
2803 4502 2977 4567 οὐδεὶς
3011 4502 3150 4571 ἔγνω
3186 4502 3277 4555 τὸν
3308 4499 3458 4568 Υἱὸν,
3492 4501 3545 4552 εί
3575 4500 3654 4572 μὴ

2075 4600 2105 4651 6
2134 4598 2344 4670 Πατήρ.
2370 4617 2389 4648 ι
2432 4595 2734 4666 Ἀγνώστου
2758 4596 2934 4649 τοίνυν
2959 4593 3158 4667 ὁμοίως
3188 4593 3286 4664 τῆς
3310 4592 3516 4665 τεπερὶ
3552 4588 3653 4644 τοῦ

2076 4689 2290 4762 Πατρὸς
2322 4688 2416 4743 καί
2474 4689 2572 4760 τῆς
2605 4689 2731 4761 περὶ
2754 4686 2850 4742 τοῦ
2887 4686 3018 4741 Υίοῦ
3049 4683 3324 4754 θεολογίας
3343 4685 3458 4747 τοῖς
3486 4686 3650 4747 πᾶσι,

2077 4780 2216 4853 πλὴν
2247 4781 2432 4845 αὐτοῖς
2449 4779 2844 4851 τυγχανούσης,
2870 4778 2946 4843 ὡς
2978 4779 3037 4833 έν
3071 4777 3398 4850 ἀπορρήτοις
3429 4775 3487 4827 ὲν
3525 4776 3651 4837 ταῖς

2077 4872 2497 4946 παρατεθείσαις
2539 4871 2635 4926 τοῦ
2684 4871 3024 4943 Σολομῶντος
3076 4869 3272 4935 λέξεσι,
3311 4868 3412 4939 τῆς
3444 4867 3649 4939 Σοφίας

2073 4965 2362 5020 ἀκουστέον
2422 4962 2686 5036 λεγούσης
2708 4980 2723 4995 ·
2753 4982 2771 5015 ι
2795 4965 2908 5033 Πρὸ
2932 4961 3025 5017 τοῦ
3060 4960 3160 5035 ὅρη
3194 4959 3519 5033 ἑδρασθῆναι
3551 4960 3648 5014 καὶ

2074 5054 2482 5128 πλασθῆναιτὴν
2500 5055 2626 5127 γῆν,
2647 5055 2752 5127 πρὸ
2770 5055 2828 5109 δὲ
2855 5054 3070 5109 πάντων
3096 5051 3299 5124 βουνῶν
3321 5053 3488 5123 γεννᾷ
3512 5069 3600 5124 με.
3614 5071 3637 5103 ο

2074 5150 2196 5203 Ἔτι
2231 5148 2290 5203 δέ
2335 5165 2469 5220 φησι
2525 5149 2890 5220 συμπαρεῖναι
2943 5144 3019 5218 τῷ
3054 5145 3231 5218 Πατρὶ
3281 5143 3372 5198 τὸν
3410 5142 3644 5215 οὐρανὸν

2071 5237 2565 5305 κατασκευάζοντι·
2597 5257 2617 5291 ι
2656 5239 2848 5311 Ἠνίκα
2870 5238 3272 5313 γοῦνήτοίμαζε
3288 5236 3640 5310 τὸνούρανὺν.

2071 5331 2447 5405 συμπαρήμην
2500 5328 2671 5401 αὐτῷ.
2721 5348 2740 5381 ι
2785 5330 2896 5385 Καὶ
2936 5329 2997 5384 τὸ
3036 5328 3097 5394 ἐξ
3133 5327 3374 5401 ἀπείρων
3414 5326 3473 5381 δὲ
3509 5325 3642 5380 αἰώι

2067 5440 2172 5479 νων
2218 5421 2383 5477 ἀΐδιον
2426 5421 2525 5494 τῆς
2552 5422 2663 5496 ,σὺν
2700 5420 2878 5494 Πατρὶ
2918 5420 3178 5493 διαμονῆς
3220 5417 3472 5492 ἐμφαίνει
3496 5456 3513 5483 ,
3555 5410 3643 5482 οἷς
