  <div class='ocr_page' id='page_1' title='image "/cluster/home/n/w/nwhite01/storage/ocr_20150623/22/hvd.32044073501132/184.png"; bbox 0 0 3916 6200; ppageno 0'>
   <div class='ocr_carea' id='block_1_1' title="bbox 206 191 321 248">
    <p class='ocr_par' dir='ltr' id='par_1_1' title="bbox 206 191 321 248">
     <span class='ocr_line' id='line_1_1' title="bbox 206 191 321 248; baseline -0.026 0"><span class='ocrx_word' id='word_1_1' title='bbox 206 191 321 248; x_wconf 72' lang='lat'><strong>551</strong></span> 
     </span>
    </p>
   </div>
   <div class='ocr_carea' id='block_1_2' title="bbox 203 310 1777 393">
    <p class='ocr_par' dir='ltr' id='par_1_2' title="bbox 203 310 1777 393">
     <span class='ocr_line' id='line_1_2' title="bbox 203 310 1777 393; baseline 0.006 -30"><span class='ocrx_word' id='word_1_2' title='bbox 203 310 480 380; x_wconf 73' lang='grc' dir='ltr'>ἐπιλέγειο</span> <span class='ocrx_word' id='word_1_3' title='bbox 538 331 558 365; x_wconf 83' lang='grc'><em>‹</em></span> <span class='ocrx_word' id='word_1_4' title='bbox 619 315 804 388; x_wconf 85' lang='grc' dir='ltr'>Ἥμην</span> <span class='ocrx_word' id='word_1_5' title='bbox 868 320 996 389; x_wconf 82' lang='grc' dir='ltr'>παρ’</span> <span class='ocrx_word' id='word_1_6' title='bbox 1056 320 1201 391; x_wconf 80' lang='grc' dir='ltr'>αὐτῷ</span> <span class='ocrx_word' id='word_1_7' title='bbox 1260 320 1601 393; x_wconf 74' lang='grc' dir='ltr'><strong>ἁρμόζουσα·</strong></span> <span class='ocrx_word' id='word_1_8' title='bbox 1668 320 1777 389; x_wconf 71' lang='grc' dir='ltr'><strong>ἐγὼ</strong></span> 
     </span>
    </p>
   </div>
   <div class='ocr_carea' id='block_1_3' title="bbox 199 399 1776 485">
    <p class='ocr_par' dir='ltr' id='par_1_3' title="bbox 199 399 1776 485">
     <span class='ocr_line' id='line_1_3' title="bbox 199 399 1776 485; baseline 0.003 -25"><span class='ocrx_word' id='word_1_9' title='bbox 199 403 356 474; x_wconf 76' lang='grc' dir='ltr'>ἤμην</span> <span class='ocrx_word' id='word_1_10' title='bbox 525 408 890 479; x_wconf 77' lang='grc' dir='ltr'>προσέχαιρεο</span> <span class='ocrx_word' id='word_1_11' title='bbox 937 411 1054 464; x_wconf 78' lang='grc' dir='ltr'>καθ’</span> <span class='ocrx_word' id='word_1_12' title='bbox 1109 413 1319 484; x_wconf 78' lang='grc' dir='ltr'>ἡμέραν</span> <span class='ocrx_word' id='word_1_13' title='bbox 1377 414 1434 466; x_wconf 81' lang='grc' dir='ltr'>δὲ</span> <span class='ocrx_word' id='word_1_14' title='bbox 1504 412 1776 485; x_wconf 81' lang='grc' dir='ltr'>προσώπῳ</span> 
     </span>
    </p>
   </div>
   <div class='ocr_carea' id='block_1_4' title="bbox 200 496 1776 575">
    <p class='ocr_par' dir='ltr' id='par_1_4' title="bbox 200 496 1776 575">
     <span class='ocr_line' id='line_1_4' title="bbox 200 496 1776 575; baseline 0.004 -25"><span class='ocrx_word' id='word_1_15' title='bbox 200 496 371 550; x_wconf 69' lang='grc' dir='ltr'>αὑτοῦ</span> <span class='ocrx_word' id='word_1_16' title='bbox 418 500 798 571; x_wconf 50' lang='grc' dir='ltr'>προσέχαιρον.</span> <span class='ocrx_word' id='word_1_17' title='bbox 848 522 867 554; x_wconf 76' lang='grc' dir='ltr'><strong>ι</strong></span> <span class='ocrx_word' id='word_1_18' title='bbox 911 505 1021 557; x_wconf 75' lang='grc' dir='ltr'><strong>Καὶ</strong></span> <span class='ocrx_word' id='word_1_19' title='bbox 1067 504 1337 569; x_wconf 77' lang='grc' dir='ltr'>ἀϐύσσους</span> <span class='ocrx_word' id='word_1_20' title='bbox 1371 505 1428 557; x_wconf 82' lang='grc' dir='ltr'>δὲ</span> <span class='ocrx_word' id='word_1_21' title='bbox 1462 506 1555 557; x_wconf 75' lang='grc' dir='ltr'>καὶ</span> <span class='ocrx_word' id='word_1_22' title='bbox 1594 504 1776 575; x_wconf 78' lang='grc' dir='ltr'>πηγὰς</span> 
     </span>
    </p>
   </div>
   <div class='ocr_carea' id='block_1_5' title="bbox 200 589 1777 663">
    <p class='ocr_par' dir='ltr' id='par_1_5' title="bbox 200 589 1777 663">
     <span class='ocr_line' id='line_1_5' title="bbox 200 589 1777 663; baseline 0.005 -22"><span class='ocrx_word' id='word_1_23' title='bbox 200 589 413 641; x_wconf 76' lang='grc' dir='ltr'>ὑδάτων</span> <span class='ocrx_word' id='word_1_24' title='bbox 433 628 449 651; x_wconf 90' lang='grc'><strong>,</strong></span> <span class='ocrx_word' id='word_1_25' title='bbox 484 590 583 660; x_wconf 75' lang='grc' dir='ltr'>ὅρη</span> <span class='ocrx_word' id='word_1_26' title='bbox 617 608 674 643; x_wconf 85' lang='grc' dir='ltr'><strong>τε</strong></span> <span class='ocrx_word' id='word_1_27' title='bbox 700 598 792 644; x_wconf 79' lang='grc' dir='ltr'>καὶ</span> <span class='ocrx_word' id='word_1_28' title='bbox 824 592 1042 663; x_wconf 78' lang='grc' dir='ltr'>βουνοὺς</span> <span class='ocrx_word' id='word_1_29' title='bbox 1060 637 1074 657; x_wconf 84' lang='grc'><strong>,</strong></span> <span class='ocrx_word' id='word_1_30' title='bbox 1104 597 1197 649; x_wconf 77' lang='grc' dir='ltr'>καὶ</span> <span class='ocrx_word' id='word_1_31' title='bbox 1225 597 1325 649; x_wconf 84' lang='grc' dir='ltr'><strong>ὃσα</strong></span> <span class='ocrx_word' id='word_1_32' title='bbox 1356 596 1488 649; x_wconf 83' lang='grc' dir='ltr'>ἄλλα</span> <span class='ocrx_word' id='word_1_33' title='bbox 1515 596 1656 649; x_wconf 76' lang='grc' dir='ltr'>κατὰ</span> <span class='ocrx_word' id='word_1_34' title='bbox 1687 596 1777 649; x_wconf 84' lang='grc' dir='ltr'><strong>τὸν</strong></span> 
     </span>
    </p>
   </div>
   <div class='ocr_carea' id='block_1_6' title="bbox 198 680 1777 759">
    <p class='ocr_par' dir='ltr' id='par_1_6' title="bbox 198 680 1777 759">
     <span class='ocr_line' id='line_1_6' title="bbox 198 680 1777 759; baseline 0.006 -28"><span class='ocrx_word' id='word_1_35' title='bbox 198 680 368 732; x_wconf 83' lang='grc' dir='ltr'>τόπον</span> <span class='ocrx_word' id='word_1_36' title='bbox 412 683 610 745; x_wconf 86' lang='grc' dir='ltr'>κοινοῖς</span> <span class='ocrx_word' id='word_1_37' title='bbox 655 683 893 753; x_wconf 76' lang='grc' dir='ltr'>ῥήμασιν</span> <span class='ocrx_word' id='word_1_38' title='bbox 927 680 1008 749; x_wconf 73' lang='grc' dir='ltr'>οἷς</span> <span class='ocrx_word' id='word_1_39' title='bbox 1037 688 1454 757; x_wconf 79' lang='grc' dir='ltr'>ἐπωνόμασται.</span> <span class='ocrx_word' id='word_1_40' title='bbox 1481 688 1598 758; x_wconf 76' lang='grc' dir='ltr'>ἦτοι</span> <span class='ocrx_word' id='word_1_41' title='bbox 1645 689 1777 759; x_wconf 73' lang='grc' dir='ltr'>περὶ</span> 
     </span>
    </p>
   </div>
   <div class='ocr_carea' id='block_1_7' title="bbox 196 772 1775 851">
    <p class='ocr_par' dir='ltr' id='par_1_7' title="bbox 196 772 1775 851">
     <span class='ocr_line' id='line_1_7' title="bbox 196 772 1775 851; baseline 0.008 -29"><span class='ocrx_word' id='word_1_42' title='bbox 196 772 300 841; x_wconf 72' lang='grc' dir='ltr'>τῆς</span> <span class='ocrx_word' id='word_1_43' title='bbox 373 772 469 824; x_wconf 87' lang='grc' dir='ltr'><strong>τοῦ</strong></span> <span class='ocrx_word' id='word_1_44' title='bbox 530 774 733 844; x_wconf 88' lang='grc' dir='ltr'>κόσμου</span> <span class='ocrx_word' id='word_1_45' title='bbox 796 778 1134 841; x_wconf 78' lang='grc' dir='ltr'><strong>συστάσεως,</strong></span> <span class='ocrx_word' id='word_1_46' title='bbox 1202 782 1265 832; x_wconf 82' lang='grc' dir='ltr'>ὲκ</span> <span class='ocrx_word' id='word_1_47' title='bbox 1307 780 1505 851; x_wconf 79' lang='grc' dir='ltr'>μέρους</span> <span class='ocrx_word' id='word_1_48' title='bbox 1567 780 1626 833; x_wconf 84' lang='grc' dir='ltr'><strong>τὸ</strong></span> <span class='ocrx_word' id='word_1_49' title='bbox 1670 783 1775 834; x_wconf 78' lang='grc' dir='ltr'><strong>πᾶν</strong></span> 
     </span>
    </p>
   </div>
   <div class='ocr_carea' id='block_1_8' title="bbox 195 858 1770 940">
    <p class='ocr_par' dir='ltr' id='par_1_8' title="bbox 195 858 1770 940">
     <span class='ocr_line' id='line_1_8' title="bbox 195 858 1770 940; baseline 0.01 -31"><span class='ocrx_word' id='word_1_50' title='bbox 195 858 486 927; x_wconf 73' lang='grc' dir='ltr'>δηλοῦντος</span> <span class='ocrx_word' id='word_1_51' title='bbox 538 862 856 930; x_wconf 73' lang='grc' dir='ltr'><strong>ἀκουστέον,</strong></span> <span class='ocrx_word' id='word_1_52' title='bbox 901 867 934 936; x_wconf 81' lang='grc' dir='ltr'>ἦ</span> <span class='ocrx_word' id='word_1_53' title='bbox 985 868 1381 940; x_wconf 68' lang='grc' dir='ltr'>τροπικιίπερον</span> <span class='ocrx_word' id='word_1_54' title='bbox 1440 871 1770 940; x_wconf 77' lang='grc' dir='ltr'>ὲκΛηπτέον,</span> 
     </span>
    </p>
   </div>
   <div class='ocr_carea' id='block_1_9' title="bbox 195 951 1771 1031">
    <p class='ocr_par' dir='ltr' id='par_1_9' title="bbox 195 951 1771 1031">
     <span class='ocr_line' id='line_1_9' title="bbox 195 951 1771 1031; baseline 0.008 -28"><span class='ocrx_word' id='word_1_55' title='bbox 195 951 374 1005; x_wconf 85' lang='grc' dir='ltr'>ταῦτα</span> <span class='ocrx_word' id='word_1_56' title='bbox 410 954 784 1026; x_wconf 84' lang='grc' dir='ltr'>μεταφέροντα</span> <span class='ocrx_word' id='word_1_57' title='bbox 820 957 886 1010; x_wconf 80' lang='grc' dir='ltr'><strong>τὰ</strong></span> <span class='ocrx_word' id='word_1_58' title='bbox 927 961 1292 1031; x_wconf 80' lang='grc' dir='ltr'>σημαινόμενα</span> <span class='ocrx_word' id='word_1_59' title='bbox 1332 962 1423 1015; x_wconf 74' lang='grc' dir='ltr'><strong>ἐπὶ</strong></span> <span class='ocrx_word' id='word_1_60' title='bbox 1456 963 1650 1031; x_wconf 75' lang='grc' dir='ltr'>νοητὰς</span> <span class='ocrx_word' id='word_1_61' title='bbox 1678 964 1771 1015; x_wconf 84' lang='grc' dir='ltr'><strong>οὐ-</strong></span> 
     </span>
    </p>
   </div>
   <div class='ocr_carea' id='block_1_10' title="bbox 195 1041 1772 1123">
    <p class='ocr_par' dir='ltr' id='par_1_10' title="bbox 195 1041 1772 1123">
     <span class='ocr_line' id='line_1_10' title="bbox 195 1041 1772 1123; baseline 0.008 -31"><span class='ocrx_word' id='word_1_62' title='bbox 195 1041 324 1103; x_wconf 88' lang='grc' dir='ltr'>σίας</span> <span class='ocrx_word' id='word_1_63' title='bbox 372 1043 465 1095; x_wconf 74' lang='grc' dir='ltr'><strong>καὶ</strong></span> <span class='ocrx_word' id='word_1_64' title='bbox 512 1042 660 1107; x_wconf 76' lang='grc' dir='ltr'>θείας</span> <span class='ocrx_word' id='word_1_65' title='bbox 705 1045 986 1117; x_wconf 76' lang='grc' dir='ltr'>δυνάμεις,</span> <span class='ocrx_word' id='word_1_66' title='bbox 1032 1041 1106 1101; x_wconf 85' lang='grc' dir='ltr'>ὧν</span> <span class='ocrx_word' id='word_1_67' title='bbox 1160 1051 1377 1104; x_wconf 82' lang='grc' dir='ltr'>πάντων</span> <span class='ocrx_word' id='word_1_68' title='bbox 1432 1052 1772 1123; x_wconf 86' lang='grc' dir='ltr'>πρωτότοκος</span> 
     </span>
    </p>
   </div>
   <div class='ocr_carea' id='block_1_11' title="bbox 194 1133 1771 1215">
    <p class='ocr_par' dir='ltr' id='par_1_11' title="bbox 194 1133 1771 1215">
     <span class='ocr_line' id='line_1_11' title="bbox 194 1133 1771 1215; baseline 0.007 -30"><span class='ocrx_word' id='word_1_69' title='bbox 194 1133 372 1200; x_wconf 65' lang='grc' dir='ltr'>Σοφία</span> <span class='ocrx_word' id='word_1_70' title='bbox 399 1135 492 1187; x_wconf 76' lang='grc' dir='ltr'>καὶ</span> <span class='ocrx_word' id='word_1_71' title='bbox 522 1136 809 1209; x_wconf 80' lang='grc' dir='ltr'>μονογενὴς</span> <span class='ocrx_word' id='word_1_72' title='bbox 836 1140 927 1192; x_wconf 72' lang='grc' dir='ltr'>καὶ</span> <span class='ocrx_word' id='word_1_73' title='bbox 955 1142 1291 1213; x_wconf 80' lang='grc' dir='ltr'>πρωτόγονος</span> <span class='ocrx_word' id='word_1_74' title='bbox 1320 1142 1413 1195; x_wconf 85' lang='grc' dir='ltr'><strong>τοῦ</strong></span> <span class='ocrx_word' id='word_1_75' title='bbox 1447 1142 1581 1195; x_wconf 86' lang='grc' dir='ltr'>Θεοῦ</span> <span class='ocrx_word' id='word_1_76' title='bbox 1640 1161 1771 1215; x_wconf 86' lang='grc' dir='ltr'>προ-</span> 
     </span>
    </p>
   </div>
   <div class='ocr_carea' id='block_1_12' title="bbox 196 1225 1768 1306">
    <p class='ocr_par' dir='ltr' id='par_1_12' title="bbox 196 1225 1768 1306">
     <span class='ocr_line' id='line_1_12' title="bbox 196 1225 1768 1306; baseline 0.007 -30"><span class='ocrx_word' id='word_1_77' title='bbox 196 1225 412 1293; x_wconf 68' lang='grc' dir='ltr'>ὖπέστη</span> <span class='ocrx_word' id='word_1_78' title='bbox 443 1226 631 1293; x_wconf 84' lang='grc' dir='ltr'>Λόγος,</span> <span class='ocrx_word' id='word_1_79' title='bbox 654 1229 829 1283; x_wconf 83' lang='grc' dir='ltr'>ὅντινα</span> <span class='ocrx_word' id='word_1_80' title='bbox 846 1232 1072 1302; x_wconf 86' lang='grc' dir='ltr'>Χριστὸν</span> <span class='ocrx_word' id='word_1_81' title='bbox 1090 1236 1246 1304; x_wconf 82' lang='grc' dir='ltr'>ἡμεῖς</span> <span class='ocrx_word' id='word_1_82' title='bbox 1276 1234 1768 1306; x_wconf 81' lang='grc' dir='ltr'>προσαγορεύομεν,</span> 
     </span>
    </p>
   </div>
   <div class='ocr_carea' id='block_1_13' title="bbox 193 1318 1764 1397">
    <p class='ocr_par' dir='ltr' id='par_1_13' title="bbox 193 1318 1764 1397">
     <span class='ocr_line' id='line_1_13' title="bbox 193 1318 1764 1397; baseline 0.007 -27"><span class='ocrx_word' id='word_1_83' title='bbox 193 1318 502 1389; x_wconf 70' lang='grc' dir='ltr'><strong>διδασκάλῳ</strong></span> <span class='ocrx_word' id='word_1_84' title='bbox 553 1320 973 1394; x_wconf 83' lang='grc' dir='ltr'>μαθητευόμενοι</span> <span class='ocrx_word' id='word_1_85' title='bbox 1028 1325 1106 1396; x_wconf 82' lang='grc' dir='ltr'>τῷ</span> <span class='ocrx_word' id='word_1_86' title='bbox 1164 1327 1468 1397; x_wconf 82' lang='grc' dir='ltr'>Ἀποστόλῳ</span> <span class='ocrx_word' id='word_1_87' title='bbox 1521 1327 1764 1396; x_wconf 82' lang='grc' dir='ltr'>λέγοντι’</span> 
     </span>
    </p>
   </div>
   <div class='ocr_carea' id='block_1_14' title="bbox 202 1410 1770 1491">
    <p class='ocr_par' dir='ltr' id='par_1_14' title="bbox 202 1410 1770 1491">
     <span class='ocr_line' id='line_1_14' title="bbox 202 1410 1770 1491; baseline 0.006 -29"><span class='ocrx_word' id='word_1_88' title='bbox 202 1430 223 1462; x_wconf 77' lang='grc' dir='ltr'><strong>σ</strong></span> <span class='ocrx_word' id='word_1_89' title='bbox 254 1410 488 1481; x_wconf 76' lang='grc' dir='ltr'>Χριστὸς</span> <span class='ocrx_word' id='word_1_90' title='bbox 519 1412 652 1466; x_wconf 88' lang='grc' dir='ltr'>Θεοῦ</span> <span class='ocrx_word' id='word_1_91' title='bbox 675 1414 1030 1485; x_wconf 75' lang='grc' dir='ltr'>ὁύναμις,καὶ</span> <span class='ocrx_word' id='word_1_92' title='bbox 1054 1416 1187 1471; x_wconf 80' lang='grc' dir='ltr'>Θεοῦ</span> <span class='ocrx_word' id='word_1_93' title='bbox 1222 1420 1402 1489; x_wconf 80' lang='grc' dir='ltr'>σοφία.</span> <span class='ocrx_word' id='word_1_94' title='bbox 1444 1438 1462 1472; x_wconf 75' lang='grc' dir='ltr'><strong>ι</strong></span> <span class='ocrx_word' id='word_1_95' title='bbox 1495 1420 1770 1491; x_wconf 83' lang='grc' dir='ltr'>Κέκληται</span> 
     </span>
    </p>
   </div>
   <div class='ocr_carea' id='block_1_15' title="bbox 190 1503 1765 1582">
    <p class='ocr_par' dir='ltr' id='par_1_15' title="bbox 190 1503 1765 1582">
     <span class='ocr_line' id='line_1_15' title="bbox 190 1503 1765 1582; baseline 0.006 -27"><span class='ocrx_word' id='word_1_96' title='bbox 190 1503 255 1555; x_wconf 82' lang='grc' dir='ltr'>δὲ</span> <span class='ocrx_word' id='word_1_97' title='bbox 324 1503 548 1556; x_wconf 74' lang='grc' dir='ltr'>ἐνταῦθα</span> <span class='ocrx_word' id='word_1_98' title='bbox 594 1504 668 1574; x_wconf 82' lang='grc' dir='ltr'>τῷ</span> <span class='ocrx_word' id='word_1_99' title='bbox 707 1506 806 1576; x_wconf 83' lang='grc' dir='ltr'>τῆς</span> <span class='ocrx_word' id='word_1_100' title='bbox 849 1508 1044 1577; x_wconf 66' lang='grc' dir='ltr'>Σοφίας</span> <span class='ocrx_word' id='word_1_101' title='bbox 1089 1510 1313 1574; x_wconf 77' lang='grc' dir='ltr'>εἰκότως</span> <span class='ocrx_word' id='word_1_102' title='bbox 1374 1512 1765 1582; x_wconf 88' lang='grc' dir='ltr'>προσρήματι,</span> 
     </span>
    </p>
   </div>
   <div class='ocr_carea' id='block_1_16' title="bbox 194 1594 1768 1672">
    <p class='ocr_par' dir='ltr' id='par_1_16' title="bbox 194 1594 1768 1672">
     <span class='ocr_line' id='line_1_16' title="bbox 194 1594 1768 1672; baseline 0.005 -26"><span class='ocrx_word' id='word_1_103' title='bbox 194 1594 276 1658; x_wconf 87' lang='grc' dir='ltr'><strong>ὡς</strong></span> <span class='ocrx_word' id='word_1_104' title='bbox 314 1594 406 1647; x_wconf 88' lang='grc' dir='ltr'><strong>τοῦ</strong></span> <span class='ocrx_word' id='word_1_105' title='bbox 445 1597 604 1665; x_wconf 86' lang='grc' dir='ltr'>μόνου</span> <span class='ocrx_word' id='word_1_106' title='bbox 640 1597 801 1667; x_wconf 79' lang='grc' dir='ltr'>σοφοῦ</span> <span class='ocrx_word' id='word_1_107' title='bbox 832 1600 1041 1672; x_wconf 89' lang='grc' dir='ltr'>Πατρὸς</span> <span class='ocrx_word' id='word_1_108' title='bbox 1070 1602 1165 1665; x_wconf 82' lang='grc' dir='ltr'><strong>τὰς</strong></span> <span class='ocrx_word' id='word_1_109' title='bbox 1200 1601 1504 1670; x_wconf 76' lang='grc' dir='ltr'>πανσόφους</span> <span class='ocrx_word' id='word_1_110' title='bbox 1531 1602 1622 1654; x_wconf 76' lang='grc' dir='ltr'><strong>καὶ</strong></span> <span class='ocrx_word' id='word_1_111' title='bbox 1650 1604 1768 1654; x_wconf 80' lang='grc' dir='ltr'>ἐπι-</span> 
     </span>
    </p>
   </div>
   <div class='ocr_carea' id='block_1_17' title="bbox 200 1687 1693 1763">
    <p class='ocr_par' dir='ltr' id='par_1_17' title="bbox 200 1687 1693 1763">
     <span class='ocr_line' id='line_1_17' title="bbox 200 1687 1693 1763; baseline 0.006 -27"><span class='ocrx_word' id='word_1_112' title='bbox 200 1701 296 1755; x_wconf 86' lang='grc' dir='ltr'><strong>στη</strong></span> <span class='ocrx_word' id='word_1_113' title='bbox 307 1687 532 1754; x_wconf 74' lang='grc' dir='ltr'>μονικὰς</span> <span class='ocrx_word' id='word_1_114' title='bbox 556 1687 660 1740; x_wconf 83' lang='grc' dir='ltr'>τῶν</span> <span class='ocrx_word' id='word_1_115' title='bbox 681 1689 814 1743; x_wconf 81' lang='grc' dir='ltr'>ὅλων</span> <span class='ocrx_word' id='word_1_116' title='bbox 846 1691 1077 1763; x_wconf 80' lang='grc' dir='ltr'>Θεωρίας</span> <span class='ocrx_word' id='word_1_117' title='bbox 1105 1711 1230 1748; x_wconf 90' lang='grc' dir='ltr'>τε...</span> <span class='ocrx_word' id='word_1_118' title='bbox 1255 1694 1457 1748; x_wconf 79' lang='grc' dir='ltr'>Λείπει</span> <span class='ocrx_word' id='word_1_119' title='bbox 1480 1694 1693 1747; x_wconf 71' lang='grc' dir='ltr'><strong>τᾶλλα.</strong></span> 
     </span>
    </p>
   </div>
   <div class='ocr_carea' id='block_1_18' title="bbox 1120 193 2534 255">
    <p class='ocr_par' dir='ltr' id='par_1_18' title="bbox 1120 193 2534 255">
     <span class='ocr_line' id='line_1_18' title="bbox 1120 193 2534 255; baseline -0.001 -3"><span class='ocrx_word' id='word_1_120' title='bbox 1120 196 1769 255; x_wconf 73' lang='lat' dir='ltr'><strong>DEMONSTRATIONIS</strong></span> <span class='ocrx_word' id='word_1_121' title='bbox 1806 194 2262 252; x_wconf 70' lang='lat' dir='ltr'><strong>EVANGELICAS</strong></span> <span class='ocrx_word' id='word_1_122' title='bbox 2297 193 2425 253; x_wconf 80' lang='lat' dir='ltr'><strong>LIB.</strong></span> <span class='ocrx_word' id='word_1_123' title='bbox 2466 194 2534 252; x_wconf 73' lang='grc' dir='ltr'>ν.</span> 
     </span>
    </p>
   </div>
   <div class='ocr_carea' id='block_1_19' title="bbox 3346 202 3450 258">
    <p class='ocr_par' dir='ltr' id='par_1_19' title="bbox 3346 202 3450 258">
     <span class='ocr_line' id='line_1_19' title="bbox 3346 202 3450 258; baseline 0 0"><span class='ocrx_word' id='word_1_124' title='bbox 3346 202 3450 258; x_wconf 75' lang='lat'><strong>558</strong></span> 
     </span>
    </p>
   </div>
   <div class='ocr_carea' id='block_1_20' title="bbox 1878 302 3450 399">
    <p class='ocr_par' dir='ltr' id='par_1_20' title="bbox 1878 302 3450 399">
     <span class='ocr_line' id='line_1_20' title="bbox 1878 302 3450 399; baseline 0.006 -26"><span class='ocrx_word' id='word_1_125' title='bbox 1878 321 2035 391; x_wconf 89' lang='lat' dir='ltr'><strong>quasi</strong></span> <span class='ocrx_word' id='word_1_126' title='bbox 2081 336 2112 374; x_wconf 92' lang='lat' dir='ltr'><strong>a</strong></span> <span class='ocrx_word' id='word_1_127' title='bbox 2160 320 2338 390; x_wconf 91' lang='lat' dir='ltr'><strong>primo</strong></span> <span class='ocrx_word' id='word_1_128' title='bbox 2376 326 2430 374; x_wconf 89' lang='lat' dir='ltr'><strong>et</strong></span> <span class='ocrx_word' id='word_1_129' title='bbox 2469 319 2710 389; x_wconf 87' lang='lat' dir='ltr'><strong>ingenito</strong></span> <span class='ocrx_word' id='word_1_130' title='bbox 2756 318 2917 376; x_wconf 75' lang='lat' dir='ltr'><strong>Patre</strong></span> <span class='ocrx_word' id='word_1_131' title='bbox 2950 302 3215 379; x_wconf 71' lang='lat' dir='ltr'><strong>sufﬁcitur</strong></span> <span class='ocrx_word' id='word_1_132' title='bbox 3256 324 3450 399; x_wconf 86' lang='lat' dir='ltr'><strong>Filius,</strong></span> 
     </span>
    </p>
   </div>
   <div class='ocr_carea' id='block_1_21' title="bbox 1885 409 3451 485">
    <p class='ocr_par' dir='ltr' id='par_1_21' title="bbox 1885 409 3451 485">
     <span class='ocr_line' id='line_1_21' title="bbox 1885 409 3451 485; baseline 0.001 -21"><span class='ocrx_word' id='word_1_133' title='bbox 1885 412 1977 483; x_wconf 90' lang='lat' dir='ltr'><strong>qui</strong></span> <span class='ocrx_word' id='word_1_134' title='bbox 2012 411 2173 466; x_wconf 89' lang='lat' dir='ltr'><strong>etiam</strong></span> <span class='ocrx_word' id='word_1_135' title='bbox 2208 410 2358 463; x_wconf 86' lang='lat' dir='ltr'><strong>solus</strong></span> <span class='ocrx_word' id='word_1_136' title='bbox 2402 414 2640 476; x_wconf 76' lang='lat' dir='ltr'><strong>paterna:</strong></span> <span class='ocrx_word' id='word_1_137' title='bbox 2677 409 2927 463; x_wconf 69' lang='lat' dir='ltr'><strong>essentia:</strong></span> <span class='ocrx_word' id='word_1_138' title='bbox 2979 413 3274 480; x_wconf 76' lang='lat' dir='ltr'><strong>fragrantia</strong></span> <span class='ocrx_word' id='word_1_139' title='bbox 3302 432 3451 485; x_wconf 42' lang='lat' dir='ltr'><strong>qua).-</strong></span> 
     </span>
    </p>
   </div>
   <div class='ocr_carea' id='block_1_22' title="bbox 1883 495 3450 572">
    <p class='ocr_par' dir='ltr' id='par_1_22' title="bbox 1883 495 3450 572">
     <span class='ocr_line' id='line_1_22' title="bbox 1883 495 3450 572; baseline 0.004 -21"><span class='ocrx_word' id='word_1_140' title='bbox 1883 498 2008 551; x_wconf 91' lang='lat' dir='ltr'><strong>dam</strong></span> <span class='ocrx_word' id='word_1_141' title='bbox 2051 498 2231 552; x_wconf 81' lang='lat' dir='ltr'><strong>dictus</strong></span> <span class='ocrx_word' id='word_1_142' title='bbox 2272 504 2355 551; x_wconf 90' lang='lat' dir='ltr'><strong>est</strong></span> <span class='ocrx_word' id='word_1_143' title='bbox 2392 512 2420 548; x_wconf 91' lang='lat' dir='ltr'><strong>a</strong></span> <span class='ocrx_word' id='word_1_144' title='bbox 2452 495 2629 560; x_wconf 86' lang='lat' dir='ltr'><strong>nobis,</strong></span> <span class='ocrx_word' id='word_1_145' title='bbox 2682 498 2776 566; x_wconf 90' lang='lat' dir='ltr'><strong>qui</strong></span> <span class='ocrx_word' id='word_1_146' title='bbox 2822 500 3044 553; x_wconf 79' lang='lat' dir='ltr'><strong>oraculo</strong></span> <span class='ocrx_word' id='word_1_147' title='bbox 3097 502 3450 572; x_wconf 84' lang='lat' dir='ltr'><strong>obsequiniur</strong></span> 
     </span>
    </p>
   </div>
   <div class='ocr_carea' id='block_1_23' title="bbox 1883 582 3448 662">
    <p class='ocr_par' dir='ltr' id='par_1_23' title="bbox 1883 582 3448 662">
     <span class='ocr_line' id='line_1_23' title="bbox 1883 582 3448 662; baseline 0.007 -22"><span class='ocrx_word' id='word_1_148' title='bbox 1883 588 2047 643; x_wconf 90' lang='lat' dir='ltr'><strong>talem</strong></span> <span class='ocrx_word' id='word_1_149' title='bbox 2080 589 2145 643; x_wconf 87' lang='lat' dir='ltr'><strong>de</strong></span> <span class='ocrx_word' id='word_1_150' title='bbox 2173 590 2265 643; x_wconf 90' lang='lat' dir='ltr'><strong>illo</strong></span> <span class='ocrx_word' id='word_1_151' title='bbox 2292 582 2597 642; x_wconf 67' lang='lat' dir='ltr'><strong>doctrinam</strong></span> <span class='ocrx_word' id='word_1_152' title='bbox 2634 590 2865 643; x_wconf 89' lang='lat' dir='ltr'><strong>tradenti</strong></span> <span class='ocrx_word' id='word_1_153' title='bbox 2905 609 2918 644; x_wconf 73' lang='grc' dir='ltr'><strong>ι</strong></span> <span class='ocrx_word' id='word_1_154' title='bbox 2958 610 2975 641; x_wconf 86' lang='grc'>‹</span> <span class='ocrx_word' id='word_1_155' title='bbox 3017 589 3199 662; x_wconf 84' lang='lat' dir='ltr'><strong>Vapor</strong></span> <span class='ocrx_word' id='word_1_156' title='bbox 3236 604 3338 659; x_wconf 91' lang='lat' dir='ltr'><strong>cst,</strong></span> <span class='ocrx_word' id='word_1_157' title='bbox 3366 598 3448 651; x_wconf 87' lang='lat' dir='ltr'><strong>in-</strong></span> 
     </span>
    </p>
   </div>
   <div class='ocr_carea' id='block_1_24' title="bbox 1882 679 3447 753">
    <p class='ocr_par' dir='ltr' id='par_1_24' title="bbox 1882 679 3447 753">
     <span class='ocr_line' id='line_1_24' title="bbox 1882 679 3447 753; baseline 0.005 -20"><span class='ocrx_word' id='word_1_158' title='bbox 1882 681 2019 748; x_wconf 91' lang='lat' dir='ltr'><strong>quit,</strong></span> <span class='ocrx_word' id='word_1_159' title='bbox 2052 680 2269 734; x_wconf 90' lang='lat' dir='ltr'><strong>virtutis</strong></span> <span class='ocrx_word' id='word_1_160' title='bbox 2294 679 2407 745; x_wconf 87' lang='lat' dir='ltr'><strong>Dei,</strong></span> <span class='ocrx_word' id='word_1_161' title='bbox 2439 687 2492 733; x_wconf 91' lang='lat' dir='ltr'><strong>et</strong></span> <span class='ocrx_word' id='word_1_162' title='bbox 2529 682 2801 735; x_wconf 89' lang='lat' dir='ltr'><strong>emanatio</strong></span> <span class='ocrx_word' id='word_1_163' title='bbox 2822 682 3007 752; x_wconf 72' lang='lat' dir='ltr'><strong>gloria:</strong></span> <span class='ocrx_word' id='word_1_164' title='bbox 3041 683 3447 753; x_wconf 84' lang='lat' dir='ltr'><strong>Omnipotentis</strong></span> 
     </span>
    </p>
   </div>
   <div class='ocr_carea' id='block_1_25' title="bbox 1881 775 3445 849">
    <p class='ocr_par' dir='ltr' id='par_1_25' title="bbox 1881 775 3445 849">
     <span class='ocr_line' id='line_1_25' title="bbox 1881 775 3445 849; baseline 0.006 -20"><span class='ocrx_word' id='word_1_165' title='bbox 1881 777 2117 839; x_wconf 88' lang='lat' dir='ltr'><strong>sincera,</strong></span> <span class='ocrx_word' id='word_1_166' title='bbox 2137 782 2190 829; x_wconf 90' lang='lat' dir='ltr'><strong>et</strong></span> <span class='ocrx_word' id='word_1_167' title='bbox 2221 775 2475 846; x_wconf 90' lang='lat' dir='ltr'><strong>splendor</strong></span> <span class='ocrx_word' id='word_1_168' title='bbox 2504 775 2641 830; x_wconf 91' lang='lat' dir='ltr'><strong>lucis</strong></span> <span class='ocrx_word' id='word_1_169' title='bbox 2665 785 2901 842; x_wconf 72' lang='lat' dir='ltr'><strong>aeternae,</strong></span> <span class='ocrx_word' id='word_1_170' title='bbox 2936 786 2988 833; x_wconf 88' lang='lat' dir='ltr'><strong>et</strong></span> <span class='ocrx_word' id='word_1_171' title='bbox 3023 782 3301 849; x_wconf 89' lang='lat' dir='ltr'><strong>speculum</strong></span> <span class='ocrx_word' id='word_1_172' title='bbox 3326 784 3445 839; x_wconf 86' lang='lat' dir='ltr'><strong>sine</strong></span> 
     </span>
    </p>
   </div>
   <div class='ocr_carea' id='block_1_26' title="bbox 1880 867 3433 941">
    <p class='ocr_par' dir='ltr' id='par_1_26' title="bbox 1880 867 3433 941">
     <span class='ocr_line' id='line_1_26' title="bbox 1880 867 3433 941; baseline 0.006 -23"><span class='ocrx_word' id='word_1_173' title='bbox 1880 867 2091 919; x_wconf 78' lang='lat' dir='ltr'><strong>macula</strong></span> <span class='ocrx_word' id='word_1_174' title='bbox 2139 867 2232 921; x_wconf 86' lang='lat' dir='ltr'><strong>Dei</strong></span> <span class='ocrx_word' id='word_1_175' title='bbox 2272 867 2522 923; x_wconf 69' lang='lat' dir='ltr'><strong>efﬁcacia:</strong></span> <span class='ocrx_word' id='word_1_176' title='bbox 2548 906 2565 933; x_wconf 94' lang='lat'><strong>,</strong></span> <span class='ocrx_word' id='word_1_177' title='bbox 2596 876 2650 924; x_wconf 88' lang='lat' dir='ltr'><strong>et</strong></span> <span class='ocrx_word' id='word_1_178' title='bbox 2692 869 2870 939; x_wconf 89' lang='lat' dir='ltr'><strong>imago</strong></span> <span class='ocrx_word' id='word_1_179' title='bbox 2899 870 3309 941; x_wconf 85' lang='lat' dir='ltr'><strong>bonitatis-ejus</strong></span> <span class='ocrx_word' id='word_1_180' title='bbox 3335 875 3375 929; x_wconf 64' lang='grc' dir='ltr'><strong>δ.</strong></span> <span class='ocrx_word' id='word_1_181' title='bbox 3413 894 3433 927; x_wconf 75' lang='grc' dir='ltr'><strong>ι</strong></span> 
     </span>
    </p>
   </div>
   <div class='ocr_carea' id='block_1_27' title="bbox 1878 955 3441 1035">
    <p class='ocr_par' dir='ltr' id='par_1_27' title="bbox 1878 955 3441 1035">
     <span class='ocr_line' id='line_1_27' title="bbox 1878 955 3441 1035; baseline 0.005 -24"><span class='ocrx_word' id='word_1_182' title='bbox 1878 955 2265 1013; x_wconf 76' lang='lat' dir='ltr'><strong>Verumtamen</strong></span> <span class='ocrx_word' id='word_1_183' title='bbox 2312 961 2428 1014; x_wconf 73' lang='lat' dir='ltr'><strong>hazc</strong></span> <span class='ocrx_word' id='word_1_184' title='bbox 2471 975 2578 1031; x_wconf 84' lang='lat' dir='ltr'><strong>quo</strong></span> <span class='ocrx_word' id='word_1_185' title='bbox 2623 961 2742 1015; x_wconf 91' lang='lat' dir='ltr'><strong>loco</strong></span> <span class='ocrx_word' id='word_1_186' title='bbox 2782 962 2903 1030; x_wconf 88' lang='lat' dir='ltr'><strong>quis</strong></span> <span class='ocrx_word' id='word_1_187' title='bbox 2938 963 3086 1027; x_wconf 76' lang='lat' dir='ltr'><strong>velit,</strong></span> <span class='ocrx_word' id='word_1_188' title='bbox 3142 964 3213 1018; x_wconf 90' lang='lat' dir='ltr'><strong>ibi</strong></span> <span class='ocrx_word' id='word_1_189' title='bbox 3255 967 3441 1035; x_wconf 85' lang='lat' dir='ltr'><strong>utique</strong></span> 
     </span>
    </p>
   </div>
   <div class='ocr_carea' id='block_1_28' title="bbox 1878 1050 3440 1121">
    <p class='ocr_par' dir='ltr' id='par_1_28' title="bbox 1878 1050 3440 1121">
     <span class='ocr_line' id='line_1_28' title="bbox 1878 1050 3440 1121; baseline 0.006 -18"><span class='ocrx_word' id='word_1_190' title='bbox 1878 1059 2079 1118; x_wconf 87' lang='lat' dir='ltr'><strong>ponat:</strong></span> <span class='ocrx_word' id='word_1_191' title='bbox 2113 1051 2273 1103; x_wconf 89' lang='lat' dir='ltr'><strong>nobis</strong></span> <span class='ocrx_word' id='word_1_192' title='bbox 2304 1057 2483 1105; x_wconf 85' lang='lat' dir='ltr'><strong>autem</strong></span> <span class='ocrx_word' id='word_1_193' title='bbox 2519 1050 2655 1105; x_wconf 89' lang='lat' dir='ltr'><strong>satis</strong></span> <span class='ocrx_word' id='word_1_194' title='bbox 2685 1067 2955 1121; x_wconf 88' lang='lat' dir='ltr'><strong>superque</strong></span> <span class='ocrx_word' id='word_1_195' title='bbox 2980 1054 3071 1119; x_wconf 92' lang='lat' dir='ltr'><strong>sit,</strong></span> <span class='ocrx_word' id='word_1_196' title='bbox 3094 1070 3279 1109; x_wconf 89' lang='lat' dir='ltr'><strong>verum</strong></span> <span class='ocrx_word' id='word_1_197' title='bbox 3308 1055 3440 1112; x_wconf 91' lang='lat' dir='ltr'><strong>illud</strong></span> 
     </span>
    </p>
   </div>
   <div class='ocr_carea' id='block_1_29' title="bbox 1876 1144 3437 1214">
    <p class='ocr_par' dir='ltr' id='par_1_29' title="bbox 1876 1144 3437 1214">
     <span class='ocr_line' id='line_1_29' title="bbox 1876 1144 3437 1214; baseline 0.004 -20"><span class='ocrx_word' id='word_1_198' title='bbox 1876 1157 1941 1195; x_wconf 90' lang='lat' dir='ltr'><strong>ac</strong></span> <span class='ocrx_word' id='word_1_199' title='bbox 1980 1144 2127 1211; x_wconf 91' lang='lat' dir='ltr'><strong>pium</strong></span> <span class='ocrx_word' id='word_1_200' title='bbox 2148 1159 2338 1197; x_wconf 85' lang='lat' dir='ltr'><strong>rursus</strong></span> <span class='ocrx_word' id='word_1_201' title='bbox 2368 1144 2595 1197; x_wconf 89' lang='lat' dir='ltr'><strong>verbum</strong></span> <span class='ocrx_word' id='word_1_202' title='bbox 2628 1151 2892 1212; x_wconf 87' lang='lat' dir='ltr'><strong>repetere,</strong></span> <span class='ocrx_word' id='word_1_203' title='bbox 2929 1160 3037 1214; x_wconf 91' lang='lat' dir='ltr'><strong>quo</strong></span> <span class='ocrx_word' id='word_1_204' title='bbox 3060 1148 3222 1200; x_wconf 91' lang='lat' dir='ltr'><strong>etiam</strong></span> <span class='ocrx_word' id='word_1_205' title='bbox 3248 1164 3437 1203; x_wconf 91' lang='lat' dir='ltr'><strong>eorum</strong></span> 
     </span>
    </p>
   </div>
   <div class='ocr_carea' id='block_1_30' title="bbox 1876 1234 3438 1308">
    <p class='ocr_par' dir='ltr' id='par_1_30' title="bbox 1876 1234 3438 1308">
     <span class='ocr_line' id='line_1_30' title="bbox 1876 1234 3438 1308; baseline 0.004 -19"><span class='ocrx_word' id='word_1_206' title='bbox 1876 1234 1941 1289; x_wconf 90' lang='lat' dir='ltr'><strong>de</strong></span> <span class='ocrx_word' id='word_1_207' title='bbox 1958 1235 2155 1304; x_wconf 89' lang='lat' dir='ltr'><strong>quibus</strong></span> <span class='ocrx_word' id='word_1_208' title='bbox 2178 1235 2462 1305; x_wconf 61' lang='lat' dir='ltr'><strong>qumsitum</strong></span> <span class='ocrx_word' id='word_1_209' title='bbox 2494 1235 2672 1298; x_wconf 82' lang='lat' dir='ltr'><strong>fuerit,</strong></span> <span class='ocrx_word' id='word_1_210' title='bbox 2693 1235 3034 1292; x_wconf 88' lang='lat' dir='ltr'><strong>dillicultates</strong></span> <span class='ocrx_word' id='word_1_211' title='bbox 3052 1238 3438 1308; x_wconf 83' lang='lat' dir='ltr'><strong>dissolvemus,</strong></span> 
     </span>
    </p>
   </div>
   <div class='ocr_carea' id='block_1_31' title="bbox 1875 1326 3441 1398">
    <p class='ocr_par' dir='ltr' id='par_1_31' title="bbox 1875 1326 3441 1398">
     <span class='ocr_line' id='line_1_31' title="bbox 1875 1326 3441 1398; baseline 0.004 -20"><span class='ocrx_word' id='word_1_212' title='bbox 1875 1326 2052 1396; x_wconf 90' lang='lat' dir='ltr'><strong>ipsum</strong></span> <span class='ocrx_word' id='word_1_213' title='bbox 2081 1328 2298 1396; x_wconf 90' lang='lat' dir='ltr'><strong>inquam</strong></span> <span class='ocrx_word' id='word_1_214' title='bbox 2339 1327 2495 1390; x_wconf 89' lang='lat' dir='ltr'><strong>illud,</strong></span> <span class='ocrx_word' id='word_1_215' title='bbox 2522 1326 2666 1396; x_wconf 87' lang='lat' dir='ltr'><strong>quod</strong></span> <span class='ocrx_word' id='word_1_216' title='bbox 2710 1335 2867 1382; x_wconf 83' lang='lat' dir='ltr'><strong>antea</strong></span> <span class='ocrx_word' id='word_1_217' title='bbox 2912 1331 3107 1398; x_wconf 66' lang='lat' dir='ltr'><strong>sarpius</strong></span> <span class='ocrx_word' id='word_1_218' title='bbox 3149 1331 3295 1386; x_wconf 80' lang='lat' dir='ltr'><strong>eﬁ&#39;ati</strong></span> <span class='ocrx_word' id='word_1_219' title='bbox 3347 1348 3441 1386; x_wconf 88' lang='lat' dir='ltr'><strong>su-</strong></span> 
     </span>
    </p>
   </div>
   <div class='ocr_carea' id='block_1_32' title="bbox 1873 1417 3443 1490">
    <p class='ocr_par' dir='ltr' id='par_1_32' title="bbox 1873 1417 3443 1490">
     <span class='ocr_line' id='line_1_32' title="bbox 1873 1417 3443 1490; baseline 0.003 -17"><span class='ocrx_word' id='word_1_220' title='bbox 1873 1434 2042 1473; x_wconf 86' lang='lat' dir='ltr'><strong>mus:</strong></span> <span class='ocrx_word' id='word_1_221' title='bbox 2084 1437 2101 1467; x_wconf 75' lang='grc' dir='ltr'><strong>ι</strong></span> <span class='ocrx_word' id='word_1_222' title='bbox 2148 1417 2562 1473; x_wconf 86' lang='lat' dir='ltr'><strong>Generationem</strong></span> <span class='ocrx_word' id='word_1_223' title='bbox 2595 1420 2714 1489; x_wconf 89' lang='lat' dir='ltr'><strong>ejus</strong></span> <span class='ocrx_word' id='word_1_224' title='bbox 2760 1422 2885 1490; x_wconf 87' lang='lat' dir='ltr'><strong>quis</strong></span> <span class='ocrx_word' id='word_1_225' title='bbox 2930 1423 3248 1478; x_wconf 86' lang='lat' dir='ltr'><strong>enarrabit?</strong></span> <span class='ocrx_word' id='word_1_226' title='bbox 3289 1444 3307 1477; x_wconf 73' lang='grc' dir='ltr'><strong>ι</strong></span> <span class='ocrx_word' id='word_1_227' title='bbox 3361 1424 3443 1483; x_wconf 81' lang='lat' dir='ltr'><strong>Ro</strong></span> 
     </span>
    </p>
   </div>
   <div class='ocr_carea' id='block_1_33' title="bbox 1871 1509 3442 1580">
    <p class='ocr_par' dir='ltr' id='par_1_33' title="bbox 1871 1509 3442 1580">
     <span class='ocr_line' id='line_1_33' title="bbox 1871 1509 3442 1580; baseline 0.006 -17"><span class='ocrx_word' id='word_1_228' title='bbox 1871 1525 1998 1565; x_wconf 85' lang='lat' dir='ltr'><strong>vera</strong></span> <span class='ocrx_word' id='word_1_229' title='bbox 2030 1509 2174 1563; x_wconf 90' lang='lat' dir='ltr'><strong>enim</strong></span> <span class='ocrx_word' id='word_1_230' title='bbox 2229 1525 2335 1563; x_wconf 91' lang='lat' dir='ltr'><strong>non</strong></span> <span class='ocrx_word' id='word_1_231' title='bbox 2392 1509 2567 1564; x_wconf 81' lang='lat' dir='ltr'><strong>solum</strong></span> <span class='ocrx_word' id='word_1_232' title='bbox 2598 1527 2627 1564; x_wconf 92' lang='lat' dir='ltr'><strong>a</strong></span> <span class='ocrx_word' id='word_1_233' title='bbox 2667 1512 2832 1568; x_wconf 90' lang='lat' dir='ltr'><strong>nullis</strong></span> <span class='ocrx_word' id='word_1_234' title='bbox 2878 1513 3216 1580; x_wconf 90' lang='lat' dir='ltr'><strong>hominibus,</strong></span> <span class='ocrx_word' id='word_1_235' title='bbox 3244 1515 3338 1570; x_wconf 91' lang='lat' dir='ltr'><strong>sed</strong></span> <span class='ocrx_word' id='word_1_236' title='bbox 3371 1531 3442 1575; x_wconf 85' lang='lat' dir='ltr'><strong>ne</strong></span> 
     </span>
    </p>
   </div>
   <div class='ocr_carea' id='block_1_34' title="bbox 1872 1602 3436 1675">
    <p class='ocr_par' dir='ltr' id='par_1_34' title="bbox 1872 1602 3436 1675">
     <span class='ocr_line' id='line_1_34' title="bbox 1872 1602 3436 1675; baseline 0.004 -19"><span class='ocrx_word' id='word_1_237' title='bbox 1872 1603 1940 1657; x_wconf 88' lang='lat' dir='ltr'><strong>ab</strong></span> <span class='ocrx_word' id='word_1_238' title='bbox 1974 1602 2099 1657; x_wconf 83' lang='lat' dir='ltr'><strong>ullis</strong></span> <span class='ocrx_word' id='word_1_239' title='bbox 2153 1602 2369 1671; x_wconf 89' lang='lat' dir='ltr'><strong>quidem</strong></span> <span class='ocrx_word' id='word_1_240' title='bbox 2421 1604 2805 1672; x_wconf 89' lang='lat' dir='ltr'><strong>potestatibus,</strong></span> <span class='ocrx_word' id='word_1_241' title='bbox 2849 1621 2970 1675; x_wconf 68' lang='lat' dir='ltr'><strong>qua:</strong></span> <span class='ocrx_word' id='word_1_242' title='bbox 3025 1608 3165 1659; x_wconf 90' lang='lat' dir='ltr'><strong>ultra</strong></span> <span class='ocrx_word' id='word_1_243' title='bbox 3218 1623 3436 1663; x_wconf 83' lang='lat' dir='ltr'><strong>omnem</strong></span> 
     </span>
    </p>
   </div>
   <div class='ocr_carea' id='block_1_35' title="bbox 1870 1693 3445 1766">
    <p class='ocr_par' dir='ltr' id='par_1_35' title="bbox 1870 1693 3445 1766">
     <span class='ocr_line' id='line_1_35' title="bbox 1870 1693 3445 1766; baseline 0.004 -20"><span class='ocrx_word' id='word_1_244' title='bbox 1870 1700 2117 1746; x_wconf 89' lang='lat' dir='ltr'><strong>naturam</strong></span> <span class='ocrx_word' id='word_1_245' title='bbox 2148 1694 2441 1755; x_wconf 86' lang='lat' dir='ltr'><strong>evaserint,</strong></span> <span class='ocrx_word' id='word_1_246' title='bbox 2476 1695 2624 1747; x_wconf 86' lang='lat' dir='ltr'><strong>unici</strong></span> <span class='ocrx_word' id='word_1_247' title='bbox 2664 1693 2756 1749; x_wconf 88' lang='lat' dir='ltr'><strong>Dei</strong></span> <span class='ocrx_word' id='word_1_248' title='bbox 2786 1694 2910 1749; x_wconf 89' lang='lat' dir='ltr'><strong>Filii</strong></span> <span class='ocrx_word' id='word_1_249' title='bbox 2952 1698 3228 1766; x_wconf 81' lang='lat' dir='ltr'><strong>generatio</strong></span> <span class='ocrx_word' id='word_1_250' title='bbox 3262 1696 3445 1766; x_wconf 73' lang='lat' dir='ltr'><strong>potest</strong></span> 
     </span>
    </p>
   </div>
   <div class='ocr_carea' id='block_1_36' title="bbox 193 1781 3438 1861">
    <p class='ocr_par' dir='ltr' id='par_1_36' title="bbox 193 1781 3438 1861">
     <span class='ocr_line' id='line_1_36' title="bbox 193 1781 3438 1861; baseline 0.006 -30"><span class='ocrx_word' id='word_1_251' title='bbox 193 1781 609 1849; x_wconf 85' lang='lat' dir='ltr'><strong>comprehendi,</strong></span> <span class='ocrx_word' id='word_1_252' title='bbox 639 1798 769 1838; x_wconf 89' lang='lat' dir='ltr'><strong>sane</strong></span> <span class='ocrx_word' id='word_1_253' title='bbox 811 1801 920 1839; x_wconf 92' lang='lat' dir='ltr'><strong>non</strong></span> <span class='ocrx_word' id='word_1_254' title='bbox 951 1788 1110 1843; x_wconf 87' lang='lat' dir='ltr'><strong>aliter</strong></span> <span class='ocrx_word' id='word_1_255' title='bbox 1144 1803 1306 1859; x_wconf 91' lang='lat' dir='ltr'><strong>quam</strong></span> <span class='ocrx_word' id='word_1_256' title='bbox 1348 1789 1463 1859; x_wconf 89' lang='lat' dir='ltr'><strong>ipse</strong></span> <span class='ocrx_word' id='word_1_257' title='bbox 1504 1789 1750 1843; x_wconf 85' lang='lat' dir='ltr'><strong>Salvator</strong></span> <span class='ocrx_word' id='word_1_258' title='bbox 1780 1803 1843 1843; x_wconf 91' lang='lat' dir='ltr'><strong>ac</strong></span> <span class='ocrx_word' id='word_1_259' title='bbox 1870 1787 2137 1841; x_wconf 90' lang='lat' dir='ltr'><strong>Dominus</strong></span> <span class='ocrx_word' id='word_1_260' title='bbox 2194 1797 2402 1852; x_wconf 89' lang='lat' dir='ltr'><strong>noster,</strong></span> <span class='ocrx_word' id='word_1_261' title='bbox 2455 1789 2607 1844; x_wconf 90' lang='lat' dir='ltr'><strong>hisce</strong></span> <span class='ocrx_word' id='word_1_262' title='bbox 2667 1790 2801 1861; x_wconf 91' lang='lat' dir='ltr'><strong>ipsis</strong></span> <span class='ocrx_word' id='word_1_263' title='bbox 2849 1792 3014 1847; x_wconf 82' lang='lat' dir='ltr'><strong>rebus</strong></span> <span class='ocrx_word' id='word_1_264' title='bbox 3047 1810 3176 1848; x_wconf 92' lang='lat' dir='ltr'><strong>suos</strong></span> <span class='ocrx_word' id='word_1_265' title='bbox 3213 1793 3438 1851; x_wconf 87' lang='lat' dir='ltr'><strong>initians</strong></span> 
     </span>
    </p>
   </div>
   <div class='ocr_carea' id='block_1_37' title="bbox 197 1875 3439 1954">
    <p class='ocr_par' dir='ltr' id='par_1_37' title="bbox 197 1875 3439 1954">
     <span class='ocr_line' id='line_1_37' title="bbox 197 1875 3439 1954; baseline 0.004 -24"><span class='ocrx_word' id='word_1_266' title='bbox 197 1875 498 1944; x_wconf 77' lang='lat' dir='ltr'><strong>discipulos</strong></span> <span class='ocrx_word' id='word_1_267' title='bbox 564 1897 576 1931; x_wconf 94' lang='lat'>:</span> <span class='ocrx_word' id='word_1_268' title='bbox 633 1897 654 1929; x_wconf 67' lang='grc' dir='ltr'><strong>ι</strong></span> <span class='ocrx_word' id='word_1_269' title='bbox 705 1878 895 1943; x_wconf 86' lang='lat' dir='ltr'><strong>Nemo,</strong></span> <span class='ocrx_word' id='word_1_270' title='bbox 956 1882 1152 1953; x_wconf 87' lang='lat' dir='ltr'><strong>inquit,</strong></span> <span class='ocrx_word' id='word_1_271' title='bbox 1232 1884 1381 1938; x_wconf 84' lang='lat' dir='ltr'><strong>novit</strong></span> <span class='ocrx_word' id='word_1_272' title='bbox 1442 1884 1653 1938; x_wconf 88' lang='lat' dir='ltr'><strong>Patrem</strong></span> <span class='ocrx_word' id='word_1_273' title='bbox 1702 1884 1807 1938; x_wconf 91' lang='lat' dir='ltr'><strong>nisi</strong></span> <span class='ocrx_word' id='word_1_274' title='bbox 1865 1882 2037 1938; x_wconf 88' lang='lat' dir='ltr'><strong>Filius</strong></span> <span class='ocrx_word' id='word_1_275' title='bbox 2084 1884 2149 1949; x_wconf 70' lang='grc' dir='ltr'>’ς</span> <span class='ocrx_word' id='word_1_276' title='bbox 2205 1902 2223 1935; x_wconf 73' lang='grc' dir='ltr'><strong>ι</strong></span> <span class='ocrx_word' id='word_1_277' title='bbox 2278 1893 2329 1937; x_wconf 89' lang='lat' dir='ltr'><strong>et</strong></span> <span class='ocrx_word' id='word_1_278' title='bbox 2414 1884 2660 1953; x_wconf 84' lang='lat' dir='ltr'><strong>adjungit</strong></span> <span class='ocrx_word' id='word_1_279' title='bbox 2712 1887 2959 1954; x_wconf 88' lang='lat' dir='ltr'><strong>protinus</strong></span> <span class='ocrx_word' id='word_1_280' title='bbox 3006 1905 3020 1941; x_wconf 86' lang='lat'><strong>:</strong></span> <span class='ocrx_word' id='word_1_281' title='bbox 3074 1906 3092 1938; x_wconf 87' lang='grc'><em>‹</em></span> <span class='ocrx_word' id='word_1_282' title='bbox 3151 1886 3217 1940; x_wconf 88' lang='lat' dir='ltr'><strong>Et</strong></span> <span class='ocrx_word' id='word_1_283' title='bbox 3277 1902 3439 1944; x_wconf 79' lang='lat' dir='ltr'><strong>nemo</strong></span> 
     </span>
    </p>
   </div>
   <div class='ocr_carea' id='block_1_38' title="bbox 196 1970 3441 2051">
    <p class='ocr_par' dir='ltr' id='par_1_38' title="bbox 196 1970 3441 2051">
     <span class='ocr_line' id='line_1_38' title="bbox 196 1970 3441 2051; baseline 0.005 -29"><span class='ocrx_word' id='word_1_284' title='bbox 196 1970 347 2023; x_wconf 81' lang='lat' dir='ltr'><strong>novit</strong></span> <span class='ocrx_word' id='word_1_285' title='bbox 377 1970 596 2038; x_wconf 84' lang='lat' dir='ltr'><strong>Filium,</strong></span> <span class='ocrx_word' id='word_1_286' title='bbox 621 1974 725 2029; x_wconf 88' lang='lat' dir='ltr'><strong>nisi</strong></span> <span class='ocrx_word' id='word_1_287' title='bbox 760 1974 920 2031; x_wconf 89' lang='lat' dir='ltr'><strong>Pater</strong></span> <span class='ocrx_word' id='word_1_288' title='bbox 948 1978 987 2032; x_wconf 78' lang='grc'><strong>⁸.</strong></span> <span class='ocrx_word' id='word_1_289' title='bbox 1015 1997 1038 2030; x_wconf 62' lang='grc' dir='ltr'><em>θ</em></span> <span class='ocrx_word' id='word_1_290' title='bbox 1066 1978 1202 2032; x_wconf 88' lang='lat' dir='ltr'><strong>Cum</strong></span> <span class='ocrx_word' id='word_1_291' title='bbox 1226 1994 1356 2049; x_wconf 88' lang='lat' dir='ltr'><strong>ergo</strong></span> <span class='ocrx_word' id='word_1_292' title='bbox 1383 1980 1651 2048; x_wconf 85' lang='lat' dir='ltr'><strong>theologia</strong></span> <span class='ocrx_word' id='word_1_293' title='bbox 1681 1980 1747 2033; x_wconf 88' lang='lat' dir='ltr'><strong>de</strong></span> <span class='ocrx_word' id='word_1_294' title='bbox 1776 1979 1934 2033; x_wconf 87' lang='lat' dir='ltr'><strong>Patre</strong></span> <span class='ocrx_word' id='word_1_295' title='bbox 1986 1985 2039 2033; x_wconf 86' lang='lat' dir='ltr'><strong>et</strong></span> <span class='ocrx_word' id='word_1_296' title='bbox 2080 1976 2219 2032; x_wconf 87' lang='lat' dir='ltr'><strong>Filio</strong></span> <span class='ocrx_word' id='word_1_297' title='bbox 2246 1993 2397 2047; x_wconf 64' lang='lat' dir='ltr'><strong>aeque</strong></span> <span class='ocrx_word' id='word_1_298' title='bbox 2434 1980 2722 2047; x_wconf 77' lang='lat' dir='ltr'><strong>omnibus,</strong></span> <span class='ocrx_word' id='word_1_299' title='bbox 2767 1992 2961 2051; x_wconf 61' lang='lat' dir='ltr'><strong>praeter</strong></span> <span class='ocrx_word' id='word_1_300' title='bbox 2992 1996 3132 2037; x_wconf 90' lang='lat' dir='ltr'><strong>unos</strong></span> <span class='ocrx_word' id='word_1_301' title='bbox 3163 1982 3332 2051; x_wconf 86' lang='lat' dir='ltr'><strong>ipsos,</strong></span> <span class='ocrx_word' id='word_1_302' title='bbox 3354 1982 3441 2036; x_wconf 58' lang='lat' dir='ltr'><strong>ir..-</strong></span> 
     </span>
    </p>
   </div>
   <div class='ocr_carea' id='block_1_39' title="bbox 195 2067 3440 2147">
    <p class='ocr_par' dir='ltr' id='par_1_39' title="bbox 195 2067 3440 2147">
     <span class='ocr_line' id='line_1_39' title="bbox 195 2067 3440 2147; baseline 0.004 -28"><span class='ocrx_word' id='word_1_303' title='bbox 195 2067 415 2135; x_wconf 77' lang='lat' dir='ltr'><strong>cognita</strong></span> <span class='ocrx_word' id='word_1_304' title='bbox 446 2068 535 2127; x_wconf 86' lang='lat' dir='ltr'><strong>sit,</strong></span> <span class='ocrx_word' id='word_1_305' title='bbox 555 2071 711 2138; x_wconf 79' lang='lat' dir='ltr'><strong>quasi</strong></span> <span class='ocrx_word' id='word_1_306' title='bbox 744 2071 798 2125; x_wconf 91' lang='lat' dir='ltr'><strong>in</strong></span> <span class='ocrx_word' id='word_1_307' title='bbox 819 2074 1036 2127; x_wconf 90' lang='lat' dir='ltr'><strong>arcanis</strong></span> <span class='ocrx_word' id='word_1_308' title='bbox 1054 2074 1106 2127; x_wconf 92' lang='lat' dir='ltr'><strong>in</strong></span> <span class='ocrx_word' id='word_1_309' title='bbox 1134 2075 1241 2130; x_wconf 89' lang='lat' dir='ltr'><strong>illis</strong></span> <span class='ocrx_word' id='word_1_310' title='bbox 1270 2074 1580 2129; x_wconf 88' lang='lat' dir='ltr'><strong>Salomonis</strong></span> <span class='ocrx_word' id='word_1_311' title='bbox 1600 2075 1779 2129; x_wconf 88' lang='lat' dir='ltr'><strong>verbis</strong></span> <span class='ocrx_word' id='word_1_312' title='bbox 1808 2090 1928 2144; x_wconf 70' lang='lat' dir='ltr'><strong>qua:</strong></span> <span class='ocrx_word' id='word_1_313' title='bbox 1966 2073 2218 2143; x_wconf 90' lang='lat' dir='ltr'><strong>superius</strong></span> <span class='ocrx_word' id='word_1_314' title='bbox 2245 2075 2621 2143; x_wconf 90' lang='lat' dir='ltr'><strong>apposuimus,</strong></span> <span class='ocrx_word' id='word_1_315' title='bbox 2655 2074 2983 2144; x_wconf 87' lang='lat' dir='ltr'><strong>Sapientiam</strong></span> <span class='ocrx_word' id='word_1_316' title='bbox 3007 2077 3194 2132; x_wconf 88' lang='lat' dir='ltr'><strong>audire</strong></span> <span class='ocrx_word' id='word_1_317' title='bbox 3223 2084 3440 2147; x_wconf 85' lang='lat' dir='ltr'><strong>oportet</strong></span> 
     </span>
    </p>
   </div>
   <div class='ocr_carea' id='block_1_40' title="bbox 194 2158 3431 2242">
    <p class='ocr_par' dir='ltr' id='par_1_40' title="bbox 194 2158 3431 2242">
     <span class='ocr_line' id='line_1_40' title="bbox 194 2158 3431 2242; baseline 0.005 -31"><span class='ocrx_word' id='word_1_318' title='bbox 194 2158 463 2214; x_wconf 87' lang='lat' dir='ltr'><strong>dicentem</strong></span> <span class='ocrx_word' id='word_1_319' title='bbox 480 2180 524 2215; x_wconf 76' lang='grc' dir='ltr'>ει</span> <span class='ocrx_word' id='word_1_320' title='bbox 538 2162 836 2235; x_wconf 79' lang='lat' dir='ltr'><strong>Antequam</strong></span> <span class='ocrx_word' id='word_1_321' title='bbox 851 2178 1062 2223; x_wconf 90' lang='lat' dir='ltr'><strong>montes</strong></span> <span class='ocrx_word' id='word_1_322' title='bbox 1080 2169 1196 2223; x_wconf 90' lang='lat' dir='ltr'><strong>suis</strong></span> <span class='ocrx_word' id='word_1_323' title='bbox 1214 2170 1436 2225; x_wconf 88' lang='lat' dir='ltr'><strong>sedibus</strong></span> <span class='ocrx_word' id='word_1_324' title='bbox 1449 2169 1798 2224; x_wconf 87' lang='lat' dir='ltr'><strong>ﬁrmarentur</strong></span> <span class='ocrx_word' id='word_1_325' title='bbox 1825 2179 1878 2224; x_wconf 92' lang='lat' dir='ltr'><strong>et</strong></span> <span class='ocrx_word' id='word_1_326' title='bbox 1891 2169 2276 2224; x_wconf 82' lang='lat' dir='ltr'><strong>informaretur</strong></span> <span class='ocrx_word' id='word_1_327' title='bbox 2293 2179 2515 2233; x_wconf 90' lang='lat' dir='ltr'><strong>terra,et</strong></span> <span class='ocrx_word' id='word_1_328' title='bbox 2544 2178 2668 2224; x_wconf 89' lang='lat' dir='ltr'><strong>ante</strong></span> <span class='ocrx_word' id='word_1_329' title='bbox 2686 2186 2873 2226; x_wconf 88' lang='lat' dir='ltr'><strong>omnes</strong></span> <span class='ocrx_word' id='word_1_330' title='bbox 2901 2172 3086 2237; x_wconf 92' lang='lat' dir='ltr'><strong>colles,</strong></span> <span class='ocrx_word' id='word_1_331' title='bbox 3103 2173 3273 2242; x_wconf 77' lang='lat' dir='ltr'><strong>gignit</strong></span> <span class='ocrx_word' id='word_1_332' title='bbox 3289 2187 3392 2228; x_wconf 86' lang='lat' dir='ltr'><strong>me.</strong></span> <span class='ocrx_word' id='word_1_333' title='bbox 3407 2191 3431 2226; x_wconf 71' lang='grc' dir='ltr'>δ</span> 
     </span>
    </p>
   </div>
   <div class='ocr_carea' id='block_1_41' title="bbox 196 2253 3435 2335">
    <p class='ocr_par' dir='ltr' id='par_1_41' title="bbox 196 2253 3435 2335">
     <span class='ocr_line' id='line_1_41' title="bbox 196 2253 3435 2335; baseline 0.004 -28"><span class='ocrx_word' id='word_1_334' title='bbox 196 2253 355 2324; x_wconf 75' lang='grc'><strong>217</strong></span> <span class='ocrx_word' id='word_1_335' title='bbox 398 2256 487 2309; x_wconf 82' lang='lat' dir='ltr'><strong>Ait</strong></span> <span class='ocrx_word' id='word_1_336' title='bbox 524 2269 802 2327; x_wconf 65' lang='lat' dir='ltr'><strong>praeterea,</strong></span> <span class='ocrx_word' id='word_1_337' title='bbox 859 2278 916 2317; x_wconf 86' lang='lat' dir='ltr'><strong>se</strong></span> <span class='ocrx_word' id='word_1_338' title='bbox 950 2278 1057 2317; x_wconf 88' lang='lat' dir='ltr'><strong>una</strong></span> <span class='ocrx_word' id='word_1_339' title='bbox 1095 2278 1220 2317; x_wconf 90' lang='lat' dir='ltr'><strong>cum</strong></span> <span class='ocrx_word' id='word_1_340' title='bbox 1256 2264 1415 2319; x_wconf 87' lang='lat' dir='ltr'><strong>Patre</strong></span> <span class='ocrx_word' id='word_1_341' title='bbox 1448 2263 1635 2332; x_wconf 84' lang='lat' dir='ltr'><strong>fuisse,</strong></span> <span class='ocrx_word' id='word_1_342' title='bbox 1686 2281 1808 2319; x_wconf 90' lang='lat' dir='ltr'><strong>cum</strong></span> <span class='ocrx_word' id='word_1_343' title='bbox 1848 2265 2043 2319; x_wconf 71' lang='lat' dir='ltr'><strong>cmlum</strong></span> <span class='ocrx_word' id='word_1_344' title='bbox 2076 2265 2389 2319; x_wconf 27' lang='lat' dir='ltr'><strong>instrueret.</strong></span> <span class='ocrx_word' id='word_1_345' title='bbox 2420 2285 2432 2319; x_wconf 89' lang='lat'>:</span> <span class='ocrx_word' id='word_1_346' title='bbox 2468 2286 2485 2315; x_wconf 82' lang='grc'><strong>‹</strong></span> <span class='ocrx_word' id='word_1_347' title='bbox 2523 2265 2773 2331; x_wconf 84' lang='lat' dir='ltr'><strong>Quando,</strong></span> <span class='ocrx_word' id='word_1_348' title='bbox 2822 2266 3017 2335; x_wconf 90' lang='lat' dir='ltr'><strong>inquit,</strong></span> <span class='ocrx_word' id='word_1_349' title='bbox 3057 2265 3281 2334; x_wconf 80' lang='lat' dir='ltr'><strong>parabat</strong></span> <span class='ocrx_word' id='word_1_350' title='bbox 3320 2279 3435 2319; x_wconf 70' lang='lat' dir='ltr'><strong>ea:-</strong></span> 
     </span>
    </p>
   </div>
   <div class='ocr_carea' id='block_1_42' title="bbox 197 2345 3431 2427">
    <p class='ocr_par' dir='ltr' id='par_1_42' title="bbox 197 2345 3431 2427">
     <span class='ocr_line' id='line_1_42' title="bbox 197 2345 3431 2427; baseline 0.003 -29"><span class='ocrx_word' id='word_1_351' title='bbox 197 2345 330 2411; x_wconf 89' lang='lat' dir='ltr'><strong>lum,</strong></span> <span class='ocrx_word' id='word_1_352' title='bbox 380 2365 487 2403; x_wconf 89' lang='lat' dir='ltr'><strong>una</strong></span> <span class='ocrx_word' id='word_1_353' title='bbox 527 2366 650 2406; x_wconf 90' lang='lat' dir='ltr'><strong>cum</strong></span> <span class='ocrx_word' id='word_1_354' title='bbox 702 2370 766 2409; x_wconf 88' lang='lat' dir='ltr'><strong>eo</strong></span> <span class='ocrx_word' id='word_1_355' title='bbox 793 2356 1030 2410; x_wconf 90' lang='lat' dir='ltr'><strong>aderam.</strong></span> <span class='ocrx_word' id='word_1_356' title='bbox 1067 2375 1086 2407; x_wconf 85' lang='grc'><strong>›</strong></span> <span class='ocrx_word' id='word_1_357' title='bbox 1124 2356 1326 2412; x_wconf 86' lang='lat' dir='ltr'><strong>Deinde</strong></span> <span class='ocrx_word' id='word_1_358' title='bbox 1354 2366 1610 2413; x_wconf 79' lang='lat' dir='ltr'><strong>aeternam</strong></span> <span class='ocrx_word' id='word_1_359' title='bbox 1647 2358 1716 2413; x_wconf 90' lang='lat' dir='ltr'><strong>ab</strong></span> <span class='ocrx_word' id='word_1_360' title='bbox 1753 2357 1980 2413; x_wconf 92' lang='lat' dir='ltr'><strong>inﬁnitis</strong></span> <span class='ocrx_word' id='word_1_361' title='bbox 2038 2358 2252 2413; x_wconf 77' lang='lat' dir='ltr'><strong>szeculis</strong></span> <span class='ocrx_word' id='word_1_362' title='bbox 2286 2374 2409 2412; x_wconf 92' lang='lat' dir='ltr'><strong>cum</strong></span> <span class='ocrx_word' id='word_1_363' title='bbox 2456 2357 2619 2412; x_wconf 89' lang='lat' dir='ltr'><strong>Patre</strong></span> <span class='ocrx_word' id='word_1_364' title='bbox 2648 2358 2983 2412; x_wconf 88' lang='lat' dir='ltr'><strong>mansionem</strong></span> <span class='ocrx_word' id='word_1_365' title='bbox 3017 2356 3307 2427; x_wconf 85' lang='lat' dir='ltr'><strong>signiﬁcat,</strong></span> <span class='ocrx_word' id='word_1_366' title='bbox 3337 2355 3431 2409; x_wconf 89' lang='lat' dir='ltr'><strong>ubi</strong></span> 
     </span>
    </p>
   </div>
   <div class='ocr_carea' id='block_1_43' title="bbox 193 2441 3434 2525">
    <p class='ocr_par' dir='ltr' id='par_1_43' title="bbox 193 2441 3434 2525">
     <span class='ocr_line' id='line_1_43' title="bbox 193 2441 3434 2525; baseline 0.003 -30"><span class='ocrx_word' id='word_1_367' title='bbox 193 2441 482 2514; x_wconf 73' lang='lat' dir='ltr'><strong>adiungit:</strong></span> <span class='ocrx_word' id='word_1_368' title='bbox 524 2465 542 2497; x_wconf 78' lang='grc' dir='ltr'><strong>ι</strong></span> <span class='ocrx_word' id='word_1_369' title='bbox 594 2448 752 2502; x_wconf 80' lang='lat' dir='ltr'><strong>Eram</strong></span> <span class='ocrx_word' id='word_1_370' title='bbox 784 2465 904 2503; x_wconf 87' lang='lat' dir='ltr'><strong>cum</strong></span> <span class='ocrx_word' id='word_1_371' title='bbox 956 2452 1050 2505; x_wconf 91' lang='lat' dir='ltr'><strong>illo</strong></span> <span class='ocrx_word' id='word_1_372' title='bbox 1092 2468 1446 2523; x_wconf 89' lang='lat' dir='ltr'><strong>componens,</strong></span> <span class='ocrx_word' id='word_1_373' title='bbox 1483 2469 1580 2524; x_wconf 91' lang='lat' dir='ltr'><strong>ego</strong></span> <span class='ocrx_word' id='word_1_374' title='bbox 1610 2468 1759 2509; x_wconf 86' lang='lat' dir='ltr'><strong>eram</strong></span> <span class='ocrx_word' id='word_1_375' title='bbox 1791 2454 1932 2524; x_wconf 92' lang='lat' dir='ltr'><strong>apud</strong></span> <span class='ocrx_word' id='word_1_376' title='bbox 1983 2469 2143 2523; x_wconf 86' lang='lat' dir='ltr'><strong>quam</strong></span> <span class='ocrx_word' id='word_1_377' title='bbox 2174 2456 2463 2524; x_wconf 87' lang='lat' dir='ltr'><strong>gaudebat,</strong></span> <span class='ocrx_word' id='word_1_378' title='bbox 2494 2454 2739 2525; x_wconf 89' lang='lat' dir='ltr'><strong>quotidie</strong></span> <span class='ocrx_word' id='word_1_379' title='bbox 2769 2470 2897 2508; x_wconf 90' lang='lat' dir='ltr'><strong>vero</strong></span> <span class='ocrx_word' id='word_1_380' title='bbox 2919 2454 3138 2509; x_wconf 70' lang='lat' dir='ltr'><strong>laatabar</strong></span> <span class='ocrx_word' id='word_1_381' title='bbox 3183 2453 3237 2506; x_wconf 91' lang='lat' dir='ltr'><strong>in</strong></span> <span class='ocrx_word' id='word_1_382' title='bbox 3282 2453 3434 2506; x_wconf 88' lang='lat' dir='ltr'><strong>vultu</strong></span> 
     </span>
    </p>
   </div>
   <div class='ocr_carea' id='block_1_44' title="bbox 192 2534 3435 2617">
    <p class='ocr_par' dir='ltr' id='par_1_44' title="bbox 192 2534 3435 2617">
     <span class='ocr_line' id='line_1_44' title="bbox 192 2534 3435 2617; baseline 0.004 -30"><span class='ocrx_word' id='word_1_383' title='bbox 192 2535 333 2603; x_wconf 87' lang='lat' dir='ltr'><strong>ejus.</strong></span> <span class='ocrx_word' id='word_1_384' title='bbox 369 2554 389 2587; x_wconf 72' lang='grc' dir='ltr'><strong>ι</strong></span> <span class='ocrx_word' id='word_1_385' title='bbox 433 2534 604 2592; x_wconf 89' lang='lat' dir='ltr'><strong>Porro</strong></span> <span class='ocrx_word' id='word_1_386' title='bbox 633 2548 811 2594; x_wconf 91' lang='lat' dir='ltr'><strong>autem</strong></span> <span class='ocrx_word' id='word_1_387' title='bbox 852 2542 1078 2612; x_wconf 81' lang='lat' dir='ltr'><strong>abyssos</strong></span> <span class='ocrx_word' id='word_1_388' title='bbox 1104 2553 1159 2599; x_wconf 92' lang='lat' dir='ltr'><strong>et</strong></span> <span class='ocrx_word' id='word_1_389' title='bbox 1186 2543 1361 2601; x_wconf 81' lang='lat' dir='ltr'><strong>fontes</strong></span> <span class='ocrx_word' id='word_1_390' title='bbox 1388 2559 1675 2615; x_wconf 88' lang='lat' dir='ltr'><strong>aquarum,</strong></span> <span class='ocrx_word' id='word_1_391' title='bbox 1727 2554 1781 2599; x_wconf 89' lang='lat' dir='ltr'><strong>et</strong></span> <span class='ocrx_word' id='word_1_392' title='bbox 1817 2553 2031 2600; x_wconf 86' lang='lat' dir='ltr'><strong>montes</strong></span> <span class='ocrx_word' id='word_1_393' title='bbox 2081 2555 2135 2601; x_wconf 91' lang='lat' dir='ltr'><strong>et</strong></span> <span class='ocrx_word' id='word_1_394' title='bbox 2174 2546 2364 2612; x_wconf 90' lang='lat' dir='ltr'><strong>colles,</strong></span> <span class='ocrx_word' id='word_1_395' title='bbox 2425 2554 2479 2601; x_wconf 89' lang='lat' dir='ltr'><strong>et</strong></span> <span class='ocrx_word' id='word_1_396' title='bbox 2520 2546 2626 2599; x_wconf 89' lang='lat' dir='ltr'><strong>alia</strong></span> <span class='ocrx_word' id='word_1_397' title='bbox 2667 2562 3008 2617; x_wconf 70' lang='lat' dir='ltr'><strong>quascunque</strong></span> <span class='ocrx_word' id='word_1_398' title='bbox 3054 2544 3435 2601; x_wconf 79' lang='lat' dir='ltr'><strong>communibus</strong></span> 
     </span>
    </p>
   </div>
   <div class='ocr_carea' id='block_1_45' title="bbox 192 2629 3432 2709">
    <p class='ocr_par' dir='ltr' id='par_1_45' title="bbox 192 2629 3432 2709">
     <span class='ocr_line' id='line_1_45' title="bbox 192 2629 3432 2709; baseline 0.004 -29"><span class='ocrx_word' id='word_1_399' title='bbox 192 2629 376 2683; x_wconf 79' lang='lat' dir='ltr'><strong>verbis</strong></span> <span class='ocrx_word' id='word_1_400' title='bbox 408 2629 508 2685; x_wconf 89' lang='lat' dir='ltr'><strong>hoc</strong></span> <span class='ocrx_word' id='word_1_401' title='bbox 552 2633 606 2686; x_wconf 92' lang='lat' dir='ltr'><strong>in</strong></span> <span class='ocrx_word' id='word_1_402' title='bbox 637 2633 756 2687; x_wconf 90' lang='lat' dir='ltr'><strong>loco</strong></span> <span class='ocrx_word' id='word_1_403' title='bbox 793 2634 1139 2690; x_wconf 88' lang='lat' dir='ltr'><strong>denominata</strong></span> <span class='ocrx_word' id='word_1_404' title='bbox 1179 2644 1326 2699; x_wconf 93' lang='lat' dir='ltr'><strong>sunt,</strong></span> <span class='ocrx_word' id='word_1_405' title='bbox 1381 2644 1474 2690; x_wconf 91' lang='lat' dir='ltr'><strong>aut</strong></span> <span class='ocrx_word' id='word_1_406' title='bbox 1501 2636 1567 2691; x_wconf 90' lang='lat' dir='ltr'><strong>de</strong></span> <span class='ocrx_word' id='word_1_407' title='bbox 1596 2637 1783 2691; x_wconf 91' lang='lat' dir='ltr'><strong>mundi</strong></span> <span class='ocrx_word' id='word_1_408' title='bbox 1823 2640 2231 2702; x_wconf 88' lang='lat' dir='ltr'><strong>constitutione,</strong></span> <span class='ocrx_word' id='word_1_409' title='bbox 2267 2640 2341 2693; x_wconf 88' lang='lat' dir='ltr'><strong>ita</strong></span> <span class='ocrx_word' id='word_1_410' title='bbox 2390 2640 2640 2709; x_wconf 89' lang='lat' dir='ltr'><strong>accipere</strong></span> <span class='ocrx_word' id='word_1_411' title='bbox 2669 2647 2899 2709; x_wconf 85' lang='lat' dir='ltr'><strong>oportet,</strong></span> <span class='ocrx_word' id='word_1_412' title='bbox 2933 2647 2991 2693; x_wconf 90' lang='lat' dir='ltr'><strong>ut</strong></span> <span class='ocrx_word' id='word_1_413' title='bbox 3017 2654 3046 2692; x_wconf 93' lang='lat' dir='ltr'><strong>a</strong></span> <span class='ocrx_word' id='word_1_414' title='bbox 3078 2648 3228 2709; x_wconf 90' lang='lat' dir='ltr'><strong>parte</strong></span> <span class='ocrx_word' id='word_1_415' title='bbox 3257 2648 3432 2695; x_wconf 87' lang='lat' dir='ltr'><strong>totum</strong></span> 
     </span>
    </p>
   </div>
   <div class='ocr_carea' id='block_1_46' title="bbox 189 2724 3434 2802">
    <p class='ocr_par' dir='ltr' id='par_1_46' title="bbox 189 2724 3434 2802">
     <span class='ocr_line' id='line_1_46' title="bbox 189 2724 3434 2802; baseline 0.004 -25"><span class='ocrx_word' id='word_1_416' title='bbox 189 2724 564 2795; x_wconf 81' lang='lat' dir='ltr'><strong>intelligatur,</strong></span> <span class='ocrx_word' id='word_1_417' title='bbox 620 2739 712 2782; x_wconf 91' lang='lat' dir='ltr'><strong>aut</strong></span> <span class='ocrx_word' id='word_1_418' title='bbox 756 2730 862 2783; x_wconf 89' lang='lat' dir='ltr'><strong>alio</strong></span> <span class='ocrx_word' id='word_1_419' title='bbox 904 2746 1098 2800; x_wconf 89' lang='lat' dir='ltr'><strong>genere</strong></span> <span class='ocrx_word' id='word_1_420' title='bbox 1151 2731 1333 2801; x_wconf 73' lang='lat' dir='ltr'><strong>ﬁgura:</strong></span> <span class='ocrx_word' id='word_1_421' title='bbox 1380 2732 1747 2801; x_wconf 89' lang='lat' dir='ltr'><strong>interpretari,</strong></span> <span class='ocrx_word' id='word_1_422' title='bbox 1816 2732 2195 2788; x_wconf 79' lang='lat' dir='ltr'><strong>transferendo</strong></span> <span class='ocrx_word' id='word_1_423' title='bbox 2243 2733 2547 2802; x_wconf 86' lang='lat' dir='ltr'><strong>signiﬁcata</strong></span> <span class='ocrx_word' id='word_1_424' title='bbox 2582 2749 2768 2787; x_wconf 89' lang='lat' dir='ltr'><strong>eorum</strong></span> <span class='ocrx_word' id='word_1_425' title='bbox 2818 2732 2884 2786; x_wconf 92' lang='lat' dir='ltr'><strong>ad</strong></span> <span class='ocrx_word' id='word_1_426' title='bbox 2928 2733 3296 2802; x_wconf 89' lang='lat' dir='ltr'><strong>intelligibiles</strong></span> <span class='ocrx_word' id='word_1_427' title='bbox 3344 2750 3434 2789; x_wconf 89' lang='lat' dir='ltr'><strong>es-</strong></span> 
     </span>
    </p>
   </div>
   <div class='ocr_carea' id='block_1_47' title="bbox 191 2820 3434 2898">
    <p class='ocr_par' dir='ltr' id='par_1_47' title="bbox 191 2820 3434 2898">
     <span class='ocr_line' id='line_1_47' title="bbox 191 2820 3434 2898; baseline 0.003 -27"><span class='ocrx_word' id='word_1_428' title='bbox 191 2820 422 2881; x_wconf 83' lang='lat' dir='ltr'><strong>sentias,</strong></span> <span class='ocrx_word' id='word_1_429' title='bbox 469 2830 873 2893; x_wconf 86' lang='lat' dir='ltr'><strong>potestatesque</strong></span> <span class='ocrx_word' id='word_1_430' title='bbox 920 2826 1132 2881; x_wconf 90' lang='lat' dir='ltr'><strong>divinas</strong></span> <span class='ocrx_word' id='word_1_431' title='bbox 1180 2842 1193 2877; x_wconf 91' lang='lat'><strong>:</strong></span> <span class='ocrx_word' id='word_1_432' title='bbox 1236 2842 1372 2897; x_wconf 90' lang='lat' dir='ltr'><strong>quas</strong></span> <span class='ocrx_word' id='word_1_433' title='bbox 1414 2842 1603 2881; x_wconf 90' lang='lat' dir='ltr'><strong>omnes</strong></span> <span class='ocrx_word' id='word_1_434' title='bbox 1647 2838 1768 2882; x_wconf 86' lang='lat' dir='ltr'><strong>ortu</strong></span> <span class='ocrx_word' id='word_1_435' title='bbox 1826 2844 1925 2883; x_wconf 91' lang='lat' dir='ltr'><strong>suo</strong></span> <span class='ocrx_word' id='word_1_436' title='bbox 1971 2830 2243 2883; x_wconf 89' lang='lat' dir='ltr'><strong>antecedit</strong></span> <span class='ocrx_word' id='word_1_437' title='bbox 2288 2829 2587 2898; x_wconf 84' lang='lat' dir='ltr'><strong>Sapientia,</strong></span> <span class='ocrx_word' id='word_1_438' title='bbox 2642 2830 2947 2898; x_wconf 87' lang='lat' dir='ltr'><strong>quibusque</strong></span> <span class='ocrx_word' id='word_1_439' title='bbox 2991 2829 3242 2882; x_wconf 88' lang='lat' dir='ltr'><strong>omnibus</strong></span> <span class='ocrx_word' id='word_1_440' title='bbox 3292 2829 3434 2882; x_wconf 91' lang='lat' dir='ltr'><strong>anti-</strong></span> 
     </span>
    </p>
   </div>
   <div class='ocr_carea' id='block_1_48' title="bbox 189 2912 3425 2992">
    <p class='ocr_par' dir='ltr' id='par_1_48' title="bbox 189 2912 3425 2992">
     <span class='ocr_line' id='line_1_48' title="bbox 189 2912 3425 2992; baseline 0.004 -30"><span class='ocrx_word' id='word_1_441' title='bbox 189 2912 357 2978; x_wconf 77' lang='lat' dir='ltr'><strong>quius</strong></span> <span class='ocrx_word' id='word_1_442' title='bbox 407 2914 612 2968; x_wconf 75' lang='lat' dir='ltr'><strong>exstitit</strong></span> <span class='ocrx_word' id='word_1_443' title='bbox 666 2917 904 2979; x_wconf 87' lang='lat' dir='ltr'><strong>unicum,</strong></span> <span class='ocrx_word' id='word_1_444' title='bbox 947 2918 1227 2988; x_wconf 89' lang='lat' dir='ltr'><strong>primoque</strong></span> <span class='ocrx_word' id='word_1_445' title='bbox 1289 2920 1525 2990; x_wconf 88' lang='lat' dir='ltr'><strong>genitum</strong></span> <span class='ocrx_word' id='word_1_446' title='bbox 1580 2920 1672 2975; x_wconf 90' lang='lat' dir='ltr'><strong>Dei</strong></span> <span class='ocrx_word' id='word_1_447' title='bbox 1723 2919 1980 2986; x_wconf 83' lang='lat' dir='ltr'><strong>Verbum,</strong></span> <span class='ocrx_word' id='word_1_448' title='bbox 2023 2939 2182 2992; x_wconf 86' lang='lat' dir='ltr'><strong>quem</strong></span> <span class='ocrx_word' id='word_1_449' title='bbox 2224 2938 2323 2977; x_wconf 86' lang='lat' dir='ltr'><strong>nos</strong></span> <span class='ocrx_word' id='word_1_450' title='bbox 2369 2922 2646 2976; x_wconf 89' lang='lat' dir='ltr'><strong>Christum</strong></span> <span class='ocrx_word' id='word_1_451' title='bbox 2703 2923 2974 2992; x_wconf 89' lang='lat' dir='ltr'><strong>appellare</strong></span> <span class='ocrx_word' id='word_1_452' title='bbox 3018 2922 3425 2986; x_wconf 86' lang='lat' dir='ltr'><strong>consuevimus,</strong></span> 
     </span>
    </p>
   </div>
   <div class='ocr_carea' id='block_1_49' title="bbox 187 3005 3426 3084">
    <p class='ocr_par' dir='ltr' id='par_1_49' title="bbox 187 3005 3426 3084">
     <span class='ocr_line' id='line_1_49' title="bbox 187 3005 3426 3084; baseline 0.002 -25"><span class='ocrx_word' id='word_1_453' title='bbox 187 3005 377 3059; x_wconf 86' lang='lat' dir='ltr'><strong>edocti</strong></span> <span class='ocrx_word' id='word_1_454' title='bbox 424 3020 453 3057; x_wconf 86' lang='lat' dir='ltr'><strong>a</strong></span> <span class='ocrx_word' id='word_1_455' title='bbox 495 3009 752 3075; x_wconf 80' lang='lat' dir='ltr'><strong>magistro</strong></span> <span class='ocrx_word' id='word_1_456' title='bbox 777 3010 1033 3079; x_wconf 81' lang='lat' dir='ltr'><strong>Apostolo</strong></span> <span class='ocrx_word' id='word_1_457' title='bbox 1098 3012 1347 3067; x_wconf 89' lang='lat' dir='ltr'><strong>dicente:</strong></span> <span class='ocrx_word' id='word_1_458' title='bbox 1381 3029 1401 3062; x_wconf 88' lang='grc'><strong>‹</strong></span> <span class='ocrx_word' id='word_1_459' title='bbox 1437 3011 1685 3067; x_wconf 88' lang='lat' dir='ltr'><strong>Christus</strong></span> <span class='ocrx_word' id='word_1_460' title='bbox 1727 3012 1819 3068; x_wconf 89' lang='lat' dir='ltr'><strong>Dei</strong></span> <span class='ocrx_word' id='word_1_461' title='bbox 1852 3014 2025 3067; x_wconf 90' lang='lat' dir='ltr'><strong>virtus</strong></span> <span class='ocrx_word' id='word_1_462' title='bbox 2079 3022 2131 3068; x_wconf 91' lang='lat' dir='ltr'><strong>et</strong></span> <span class='ocrx_word' id='word_1_463' title='bbox 2189 3013 2282 3068; x_wconf 90' lang='lat' dir='ltr'><strong>Dei</strong></span> <span class='ocrx_word' id='word_1_464' title='bbox 2337 3013 2664 3084; x_wconf 69' lang='lat' dir='ltr'><strong>sapientia&#39;.</strong></span> <span class='ocrx_word' id='word_1_465' title='bbox 2710 3033 2729 3064; x_wconf 70' lang='grc' dir='ltr'><strong>ι</strong></span> <span class='ocrx_word' id='word_1_466' title='bbox 2768 3012 2873 3067; x_wconf 90' lang='lat' dir='ltr'><strong>Sed</strong></span> <span class='ocrx_word' id='word_1_467' title='bbox 2926 3012 3013 3066; x_wconf 90' lang='lat' dir='ltr'><strong>hic</strong></span> <span class='ocrx_word' id='word_1_468' title='bbox 3066 3012 3426 3081; x_wconf 82' lang='lat' dir='ltr'><strong>appellatione</strong></span> 
     </span>
    </p>
   </div>
   <div class='ocr_carea' id='block_1_50' title="bbox 190 3098 3426 3181">
    <p class='ocr_par' dir='ltr' id='par_1_50' title="bbox 190 3098 3426 3181">
     <span class='ocr_line' id='line_1_50' title="bbox 190 3098 3426 3181; baseline 0.003 -30"><span class='ocrx_word' id='word_1_469' title='bbox 190 3098 492 3168; x_wconf 75' lang='lat' dir='ltr'><strong>Sapientia:</strong></span> <span class='ocrx_word' id='word_1_470' title='bbox 528 3104 717 3157; x_wconf 90' lang='lat' dir='ltr'><strong>merito</strong></span> <span class='ocrx_word' id='word_1_471' title='bbox 751 3114 974 3161; x_wconf 88' lang='lat' dir='ltr'><strong>vocatus</strong></span> <span class='ocrx_word' id='word_1_472' title='bbox 999 3115 1082 3161; x_wconf 86' lang='lat' dir='ltr'><strong>est</strong></span> <span class='ocrx_word' id='word_1_473' title='bbox 1115 3105 1280 3179; x_wconf 86' lang='lat' dir='ltr'><strong>[sicut</strong></span> <span class='ocrx_word' id='word_1_474' title='bbox 1334 3109 1503 3163; x_wconf 87' lang='lat' dir='ltr'><strong>solius</strong></span> <span class='ocrx_word' id='word_1_475' title='bbox 1530 3110 1792 3181; x_wconf 88' lang='lat' dir='ltr'><strong>sapientis</strong></span> <span class='ocrx_word' id='word_1_476' title='bbox 1824 3109 2023 3176; x_wconf 86' lang='lat' dir='ltr'><strong>Patris,</strong></span> <span class='ocrx_word' id='word_1_477' title='bbox 2061 3110 2495 3180; x_wconf 88' lang='lat' dir='ltr'><strong>sapientissimas</strong></span> <span class='ocrx_word' id='word_1_478' title='bbox 2550 3117 2605 3164; x_wconf 89' lang='lat' dir='ltr'><strong>et</strong></span> <span class='ocrx_word' id='word_1_479' title='bbox 2651 3109 2889 3163; x_wconf 80' lang='lat' dir='ltr'><strong>scientiae</strong></span> <span class='ocrx_word' id='word_1_480' title='bbox 2921 3115 3174 3177; x_wconf 88' lang='lat' dir='ltr'><strong>parentes</strong></span> <span class='ocrx_word' id='word_1_481' title='bbox 3209 3109 3426 3163; x_wconf 87' lang='lat' dir='ltr'><strong>univer-</strong></span> 
     </span>
    </p>
   </div>
   <div class='ocr_carea' id='block_1_51' title="bbox 187 3196 1466 3269">
    <p class='ocr_par' dir='ltr' id='par_1_51' title="bbox 187 3196 1466 3269">
     <span class='ocr_line' id='line_1_51' title="bbox 187 3196 1466 3269; baseline 0.005 -21"><span class='ocrx_word' id='word_1_482' title='bbox 187 3207 391 3248; x_wconf 89' lang='lat' dir='ltr'><strong>sorum</strong></span> <span class='ocrx_word' id='word_1_483' title='bbox 417 3196 983 3269; x_wconf 77' lang='lat' dir='ltr'><strong>contemplationes]...</strong></span> <span class='ocrx_word' id='word_1_484' title='bbox 1017 3198 1232 3267; x_wconf 80' lang='lat' dir='ltr'><strong>Reliqua</strong></span> <span class='ocrx_word' id='word_1_485' title='bbox 1262 3199 1466 3255; x_wconf 79' lang='lat' dir='ltr'><strong>desunt.</strong></span> 
     </span>
    </p>
   </div>
   <div class='ocr_carea' id='block_1_52' title="bbox 719 3289 1232 3343">
    <p class='ocr_par' dir='ltr' id='par_1_52' title="bbox 719 3289 1232 3343">
     <span class='ocr_line' id='line_1_52' title="bbox 719 3289 1232 3343; baseline 0.008 -4"><span class='ocrx_word' id='word_1_486' title='bbox 719 3289 1107 3343; x_wconf 78' lang='grc' dir='ltr'><strong>ΚΕΦΑΛΑΙΟΝ</strong></span> <span class='ocrx_word' id='word_1_487' title='bbox 1158 3291 1232 3343; x_wconf 85' lang='lat' dir='ltr'><strong>B’.</strong></span> 
     </span>
    </p>
   </div>
   <div class='ocr_carea' id='block_1_53' title="bbox 778 3381 1183 3453">
    <p class='ocr_par' dir='ltr' id='par_1_53' title="bbox 778 3381 1183 3453">
     <span class='ocr_line' id='line_1_53' title="bbox 778 3381 1183 3453; baseline 0.005 -21"><span class='ocrx_word' id='word_1_488' title='bbox 778 3381 1183 3453; x_wconf 59' lang='grc' dir='ltr'><strong>(Ἂκέφαλον.)</strong></span> 
     </span>
    </p>
   </div>
   <div class='ocr_carea' id='block_1_54' title="bbox 275 3467 1759 3546">
    <p class='ocr_par' dir='ltr' id='par_1_54' title="bbox 275 3467 1759 3546">
     <span class='ocr_line' id='line_1_54' title="bbox 275 3467 1759 3546; baseline 0.006 -27"><span class='ocrx_word' id='word_1_489' title='bbox 275 3467 368 3519; x_wconf 87' lang='grc' dir='ltr'><strong>Ἐν</strong></span> <span class='ocrx_word' id='word_1_490' title='bbox 411 3468 467 3522; x_wconf 78' lang='grc' dir='ltr'>δὲ</span> <span class='ocrx_word' id='word_1_491' title='bbox 617 3469 850 3541; x_wconf 78' lang='grc' dir='ltr'>δευτέρῳ</span> <span class='ocrx_word' id='word_1_492' title='bbox 900 3475 1159 3543; x_wconf 73' lang='grc' dir='ltr'>σκήπτρῳ</span> <span class='ocrx_word' id='word_1_493' title='bbox 1205 3473 1461 3545; x_wconf 80' lang='grc' dir='ltr'>βασιλικῷ</span> <span class='ocrx_word' id='word_1_494' title='bbox 1498 3476 1670 3546; x_wconf 72' lang='grc' dir='ltr'>τιμᾷο</span> <span class='ocrx_word' id='word_1_495' title='bbox 1702 3477 1759 3527; x_wconf 82' lang='grc' dir='ltr'>ἐν</span> 
     </span>
    </p>
   </div>
   <div class='ocr_carea' id='block_1_55' title="bbox 189 3557 1759 3635">
    <p class='ocr_par' dir='ltr' id='par_1_55' title="bbox 189 3557 1759 3635">
     <span class='ocr_line' id='line_1_55' title="bbox 189 3557 1759 3635; baseline 0.005 -26"><span class='ocrx_word' id='word_1_496' title='bbox 189 3557 249 3609; x_wconf 76' lang='grc' dir='ltr'>δὲ</span> <span class='ocrx_word' id='word_1_497' title='bbox 274 3558 355 3628; x_wconf 79' lang='grc' dir='ltr'><strong>τῷ</strong></span> <span class='ocrx_word' id='word_1_498' title='bbox 388 3559 583 3629; x_wconf 83' lang='grc' dir='ltr'>τρίτῳ,</span> <span class='ocrx_word' id='word_1_499' title='bbox 610 3559 704 3630; x_wconf 76' lang='grc' dir='ltr'>τὴν</span> <span class='ocrx_word' id='word_1_500' title='bbox 741 3562 857 3614; x_wconf 82' lang='grc' dir='ltr'>κατ’</span> <span class='ocrx_word' id='word_1_501' title='bbox 888 3562 1083 3632; x_wconf 82' lang='grc' dir='ltr'>ἀρετὴν</span> <span class='ocrx_word' id='word_1_502' title='bbox 1120 3563 1264 3634; x_wconf 71' lang='grc' dir='ltr'>αὐτῷ</span> <span class='ocrx_word' id='word_1_503' title='bbox 1308 3564 1579 3618; x_wconf 83' lang='grc' dir='ltr'>τελείωσιν</span> <span class='ocrx_word' id='word_1_504' title='bbox 1619 3581 1759 3635; x_wconf 85' lang='grc' dir='ltr'>μαρ-</span> 
     </span>
    </p>
   </div>
   <div class='ocr_carea' id='block_1_56' title="bbox 190 3647 1760 3724">
    <p class='ocr_par' dir='ltr' id='par_1_56' title="bbox 190 3647 1760 3724">
     <span class='ocr_line' id='line_1_56' title="bbox 190 3647 1760 3724; baseline 0.005 -23"><span class='ocrx_word' id='word_1_505' title='bbox 190 3655 376 3721; x_wconf 82' lang='grc' dir='ltr'>τυρεῖ·</span> <span class='ocrx_word' id='word_1_506' title='bbox 414 3647 511 3703; x_wconf 74' lang='grc' dir='ltr'>εἶτ’</span> <span class='ocrx_word' id='word_1_507' title='bbox 544 3653 634 3704; x_wconf 73' lang='grc' dir='ltr'><strong>ἐπὶ</strong></span> <span class='ocrx_word' id='word_1_508' title='bbox 664 3653 867 3716; x_wconf 75' lang='grc' dir='ltr'>τούτοις</span> <span class='ocrx_word' id='word_1_509' title='bbox 898 3656 1053 3707; x_wconf 70' lang='grc' dir='ltr'>αὑτὸν</span> <span class='ocrx_word' id='word_1_510' title='bbox 1083 3656 1145 3724; x_wconf 81' lang='grc' dir='ltr'>δὴ</span> <span class='ocrx_word' id='word_1_511' title='bbox 1179 3656 1361 3709; x_wconf 82' lang='grc' dir='ltr'>τοῦτον</span> <span class='ocrx_word' id='word_1_512' title='bbox 1392 3658 1481 3709; x_wconf 86' lang='grc' dir='ltr'><strong>τὸν</strong></span> <span class='ocrx_word' id='word_1_513' title='bbox 1507 3657 1634 3709; x_wconf 86' lang='grc' dir='ltr'>Θεὸν</span> <span class='ocrx_word' id='word_1_514' title='bbox 1667 3658 1760 3709; x_wconf 75' lang='grc' dir='ltr'>καὶ</span> 
     </span>
    </p>
   </div>
   <div class='ocr_carea' id='block_1_57' title="bbox 193 3741 1755 3816">
    <p class='ocr_par' dir='ltr' id='par_1_57' title="bbox 193 3741 1755 3816">
     <span class='ocr_line' id='line_1_57' title="bbox 193 3741 1755 3816; baseline 0.004 -23"><span class='ocrx_word' id='word_1_515' title='bbox 193 3741 418 3810; x_wconf 77' lang='grc' dir='ltr'>βασιλέα</span> <span class='ocrx_word' id='word_1_516' title='bbox 444 3744 721 3813; x_wconf 70' lang='grc' dir='ltr'>κεκρίσθαι</span> <span class='ocrx_word' id='word_1_517' title='bbox 754 3746 886 3816; x_wconf 87' lang='grc' dir='ltr'>πρὸς</span> <span class='ocrx_word' id='word_1_518' title='bbox 917 3746 1009 3798; x_wconf 88' lang='grc' dir='ltr'><strong>τοῦ</strong></span> <span class='ocrx_word' id='word_1_519' title='bbox 1043 3748 1313 3800; x_wconf 79' lang='grc' dir='ltr'>ἁνωτάτου</span> <span class='ocrx_word' id='word_1_520' title='bbox 1341 3748 1576 3801; x_wconf 81' lang='grc' dir='ltr'>διδάσκει</span> <span class='ocrx_word' id='word_1_521' title='bbox 1601 3746 1755 3811; x_wconf 86' lang='grc' dir='ltr'>Θεοῦ,</span> 
     </span>
    </p>
   </div>
   <div class='ocr_carea' id='block_1_58' title="bbox 194 3833 1757 3912">
    <p class='ocr_par' dir='ltr' id='par_1_58' title="bbox 194 3833 1757 3912">
     <span class='ocr_line' id='line_1_58' title="bbox 194 3833 1757 3912; baseline 0.004 -28"><span class='ocrx_word' id='word_1_522' title='bbox 194 3833 484 3906; x_wconf 73' lang='grc' dir='ltr'>καὶταύτῃ</span> <span class='ocrx_word' id='word_1_523' title='bbox 517 3852 577 3902; x_wconf 79' lang='grc' dir='ltr'><strong>γε</strong></span> <span class='ocrx_word' id='word_1_524' title='bbox 611 3837 840 3907; x_wconf 77' lang='grc' dir='ltr'>Χριστὸν</span> <span class='ocrx_word' id='word_1_525' title='bbox 871 3839 1164 3905; x_wconf 78' lang='grc' dir='ltr'>γεγονέναι.</span> <span class='ocrx_word' id='word_1_526' title='bbox 1203 3841 1244 3890; x_wconf 90' lang='grc' dir='ltr'>Τ</span> <span class='ocrx_word' id='word_1_527' title='bbox 1251 3840 1265 3890; x_wconf 86' lang='grc' dir='ltr'><strong>ί</strong></span> <span class='ocrx_word' id='word_1_528' title='bbox 1291 3840 1395 3912; x_wconf 79' lang='grc' dir='ltr'><strong>γὰρ</strong></span> <span class='ocrx_word' id='word_1_529' title='bbox 1430 3840 1492 3892; x_wconf 80' lang='grc' dir='ltr'>ἂν</span> <span class='ocrx_word' id='word_1_530' title='bbox 1521 3841 1612 3892; x_wconf 69' lang='grc' dir='ltr'><strong>καὶ</strong></span> <span class='ocrx_word' id='word_1_531' title='bbox 1640 3841 1757 3891; x_wconf 60' lang='grc' dir='ltr'>ὀνο-</span> 
     </span>
    </p>
   </div>
   <div class='ocr_carea' id='block_1_59' title="bbox 196 3924 1757 3999">
    <p class='ocr_par' dir='ltr' id='par_1_59' title="bbox 196 3924 1757 3999">
     <span class='ocr_line' id='line_1_59' title="bbox 196 3924 1757 3999; baseline 0.004 -24"><span class='ocrx_word' id='word_1_532' title='bbox 196 3924 429 3992; x_wconf 73' lang='grc' dir='ltr'>μάσαιτό</span> <span class='ocrx_word' id='word_1_533' title='bbox 457 3943 540 3987; x_wconf 91' lang='grc' dir='ltr'><strong>τις</strong></span> <span class='ocrx_word' id='word_1_534' title='bbox 576 3926 665 3977; x_wconf 83' lang='grc' dir='ltr'><strong>τὸν</strong></span> <span class='ocrx_word' id='word_1_535' title='bbox 705 3928 776 3996; x_wconf 74' lang='grc' dir='ltr'>μὴ</span> <span class='ocrx_word' id='word_1_536' title='bbox 805 3927 894 3978; x_wconf 80' lang='grc' dir='ltr'><strong>ὑπ’</strong></span> <span class='ocrx_word' id='word_1_537' title='bbox 926 3927 1222 3997; x_wconf 81' lang='grc' dir='ltr'>ἀνθρώπων</span> <span class='ocrx_word' id='word_1_538' title='bbox 1246 3930 1362 3999; x_wconf 79' lang='grc' dir='ltr'>μὲν,</span> <span class='ocrx_word' id='word_1_539' title='bbox 1398 3931 1486 3981; x_wconf 84' lang='grc' dir='ltr'><strong>ὑπ’</strong></span> <span class='ocrx_word' id='word_1_540' title='bbox 1518 3929 1677 3982; x_wconf 78' lang='grc' dir='ltr'>αὑτοῦ</span> <span class='ocrx_word' id='word_1_541' title='bbox 1702 3930 1757 3981; x_wconf 84' lang='grc' dir='ltr'>δὲ</span> 
     </span>
    </p>
   </div>
   <div class='ocr_carea' id='block_1_60' title="bbox 190 4017 1755 4091">
    <p class='ocr_par' dir='ltr' id='par_1_60' title="bbox 190 4017 1755 4091">
     <span class='ocr_line' id='line_1_60' title="bbox 190 4017 1755 4091; baseline 0.004 -24"><span class='ocrx_word' id='word_1_542' title='bbox 190 4017 284 4068; x_wconf 80' lang='grc' dir='ltr'><strong>τοῦ</strong></span> <span class='ocrx_word' id='word_1_543' title='bbox 317 4017 410 4068; x_wconf 68' lang='grc' dir='ltr'><strong>ἐπὶ</strong></span> <span class='ocrx_word' id='word_1_544' title='bbox 447 4018 659 4070; x_wconf 74' lang='grc' dir='ltr'>πάντων</span> <span class='ocrx_word' id='word_1_545' title='bbox 699 4018 830 4070; x_wconf 79' lang='grc' dir='ltr'>Θεοῦ</span> <span class='ocrx_word' id='word_1_546' title='bbox 867 4022 1251 4090; x_wconf 72' lang='grc' dir='ltr'>κεχρισμένονς</span> <span class='ocrx_word' id='word_1_547' title='bbox 1288 4022 1377 4073; x_wconf 77' lang='grc' dir='ltr'><strong>ἐπὶ</strong></span> <span class='ocrx_word' id='word_1_548' title='bbox 1420 4022 1592 4091; x_wconf 76' lang='grc' dir='ltr'>τούτῳ</span> <span class='ocrx_word' id='word_1_549' title='bbox 1628 4020 1755 4089; x_wconf 88' lang='grc' dir='ltr'>γοῦν</span> 
     </span>
    </p>
   </div>
   <div class='ocr_carea' id='block_1_61' title="bbox 192 4105 1752 4182">
    <p class='ocr_par' dir='ltr' id='par_1_61' title="bbox 192 4105 1752 4182">
     <span class='ocr_line' id='line_1_61' title="bbox 192 4105 1752 4182; baseline 0.003 -22"><span class='ocrx_word' id='word_1_550' title='bbox 192 4125 356 4176; x_wconf 76' lang='grc' dir='ltr'>φησιν</span> <span class='ocrx_word' id='word_1_551' title='bbox 374 4125 387 4139; x_wconf 83' lang='lat'><strong><em>°</em></strong></span> <span class='ocrx_word' id='word_1_552' title='bbox 420 4127 440 4158; x_wconf 70' lang='grc' dir='ltr'><strong>ι</strong></span> <span class='ocrx_word' id='word_1_553' title='bbox 479 4105 547 4160; x_wconf 83' lang='grc' dir='ltr'>Ὦ</span> <span class='ocrx_word' id='word_1_554' title='bbox 568 4109 666 4161; x_wconf 84' lang='grc' dir='ltr'>Θεὲ</span> <span class='ocrx_word' id='word_1_555' title='bbox 691 4110 844 4180; x_wconf 84' lang='grc' dir='ltr'>(πρὸς</span> <span class='ocrx_word' id='word_1_556' title='bbox 870 4111 957 4163; x_wconf 90' lang='grc' dir='ltr'><strong>τὸν</strong></span> <span class='ocrx_word' id='word_1_557' title='bbox 987 4112 1273 4182; x_wconf 73' lang='grc' dir='ltr'>χρισθέντα</span> <span class='ocrx_word' id='word_1_558' title='bbox 1302 4112 1752 4181; x_wconf 85' lang='grc' dir='ltr'>ἀποτεινόμενος),</span> 
     </span>
    </p>
   </div>
   <div class='ocr_carea' id='block_1_62' title="bbox 189 4200 1755 4273">
    <p class='ocr_par' dir='ltr' id='par_1_62' title="bbox 189 4200 1755 4273">
     <span class='ocr_line' id='line_1_62' title="bbox 189 4200 1755 4273; baseline 0.003 -22"><span class='ocrx_word' id='word_1_559' title='bbox 189 4201 486 4270; x_wconf 73' lang='grc' dir='ltr'>ἠγάπησας</span> <span class='ocrx_word' id='word_1_560' title='bbox 531 4200 889 4273; x_wconf 77' lang='grc' dir='ltr'>δικαιοσύνην,</span> <span class='ocrx_word' id='word_1_561' title='bbox 941 4204 1034 4255; x_wconf 70' lang='grc' dir='ltr'>καὶ</span> <span class='ocrx_word' id='word_1_562' title='bbox 1078 4204 1343 4273; x_wconf 81' lang='grc' dir='ltr'>ἐμίσησας</span> <span class='ocrx_word' id='word_1_563' title='bbox 1387 4204 1629 4256; x_wconf 85' lang='grc' dir='ltr'>ἀδικίαν·</span> <span class='ocrx_word' id='word_1_564' title='bbox 1668 4202 1755 4256; x_wconf 78' lang='grc' dir='ltr'>διὰ</span> 
     </span>
    </p>
   </div>
   <div class='ocr_carea' id='block_1_63' title="bbox 188 4289 1753 4362">
    <p class='ocr_par' dir='ltr' id='par_1_63' title="bbox 188 4289 1753 4362">
     <span class='ocr_line' id='line_1_63' title="bbox 188 4289 1753 4362; baseline 0.003 -21"><span class='ocrx_word' id='word_1_565' title='bbox 188 4289 349 4342; x_wconf 80' lang='grc' dir='ltr'>τοῦτο</span> <span class='ocrx_word' id='word_1_566' title='bbox 376 4291 483 4362; x_wconf 65' lang='grc' dir='ltr'>γὰρ</span> <span class='ocrx_word' id='word_1_567' title='bbox 510 4291 689 4361; x_wconf 84' lang='grc' dir='ltr'>ἕχρισέ</span> <span class='ocrx_word' id='word_1_568' title='bbox 720 4310 775 4344; x_wconf 84' lang='grc' dir='ltr'><strong>σε</strong></span> <span class='ocrx_word' id='word_1_569' title='bbox 802 4294 829 4343; x_wconf 86' lang='grc' dir='ltr'>ὁ</span> <span class='ocrx_word' id='word_1_570' title='bbox 860 4294 988 4356; x_wconf 80' lang='grc' dir='ltr'>Θεὸς</span> <span class='ocrx_word' id='word_1_571' title='bbox 1013 4295 1042 4344; x_wconf 84' lang='grc' dir='ltr'>ὁ</span> <span class='ocrx_word' id='word_1_572' title='bbox 1069 4294 1202 4356; x_wconf 85' lang='grc' dir='ltr'>Θεός</span> <span class='ocrx_word' id='word_1_573' title='bbox 1235 4312 1347 4348; x_wconf 87' lang='grc' dir='ltr'>σου.</span> <span class='ocrx_word' id='word_1_574' title='bbox 1387 4314 1403 4345; x_wconf 75' lang='grc' dir='ltr'><strong>ι</strong></span> <span class='ocrx_word' id='word_1_575' title='bbox 1457 4295 1597 4346; x_wconf 86' lang='grc' dir='ltr'>Ὠσε“ι</span> <span class='ocrx_word' id='word_1_576' title='bbox 1637 4293 1753 4346; x_wconf 78' lang='grc' dir='ltr'>ἐλε-</span> 
     </span>
    </p>
   </div>
   <div class='ocr_carea' id='block_1_64' title="bbox 188 4380 1754 4455">
    <p class='ocr_par' dir='ltr' id='par_1_64' title="bbox 188 4380 1754 4455">
     <span class='ocr_line' id='line_1_64' title="bbox 188 4380 1754 4455; baseline 0.004 -25"><span class='ocrx_word' id='word_1_577' title='bbox 188 4396 283 4447; x_wconf 71' lang='grc' dir='ltr'>γεν</span> <span class='ocrx_word' id='word_1_578' title='bbox 303 4398 316 4409; x_wconf 76' lang='lat'><strong><em>°</em></strong></span> <span class='ocrx_word' id='word_1_579' title='bbox 355 4380 411 4433; x_wconf 87' lang='grc' dir='ltr'><strong>Ὀ</strong></span> <span class='ocrx_word' id='word_1_580' title='bbox 449 4382 540 4433; x_wconf 77' lang='grc' dir='ltr'>ἐπὶ</span> <span class='ocrx_word' id='word_1_581' title='bbox 585 4383 799 4435; x_wconf 81' lang='grc' dir='ltr'>πάντων</span> <span class='ocrx_word' id='word_1_582' title='bbox 828 4383 957 4446; x_wconf 84' lang='grc' dir='ltr'>Θεὸς</span> <span class='ocrx_word' id='word_1_583' title='bbox 1012 4384 1191 4455; x_wconf 83' lang='grc' dir='ltr'>ἕχρισέ</span> <span class='ocrx_word' id='word_1_584' title='bbox 1223 4400 1280 4435; x_wconf 87' lang='grc' dir='ltr'>σε</span> <span class='ocrx_word' id='word_1_585' title='bbox 1304 4385 1478 4437; x_wconf 78' lang='grc' dir='ltr'>ἔλαιον</span> <span class='ocrx_word' id='word_1_586' title='bbox 1502 4383 1754 4451; x_wconf 80' lang='grc' dir='ltr'>ἀγαλλιά-</span> 
     </span>
    </p>
   </div>
   <div class='ocr_carea' id='block_1_65' title="bbox 190 4474 1751 4545">
    <p class='ocr_par' dir='ltr' id='par_1_65' title="bbox 190 4474 1751 4545">
     <span class='ocr_line' id='line_1_65' title="bbox 190 4474 1751 4545; baseline 0.002 -21"><span class='ocrx_word' id='word_1_587' title='bbox 190 4490 331 4535; x_wconf 86' lang='grc' dir='ltr'>σεως</span> <span class='ocrx_word' id='word_1_588' title='bbox 365 4474 515 4544; x_wconf 81' lang='grc' dir='ltr'>παρὰ</span> <span class='ocrx_word' id='word_1_589' title='bbox 543 4476 665 4537; x_wconf 81' lang='grc' dir='ltr'>τοὺς</span> <span class='ocrx_word' id='word_1_590' title='bbox 694 4476 948 4545; x_wconf 80' lang='grc' dir='ltr'>μετόχους</span> <span class='ocrx_word' id='word_1_591' title='bbox 980 4492 1070 4528; x_wconf 85' lang='grc' dir='ltr'><strong>σου</strong></span> <span class='ocrx_word' id='word_1_592' title='bbox 1090 4494 1102 4505; x_wconf 72' lang='grc'>³</span> <span class='ocrx_word' id='word_1_593' title='bbox 1143 4476 1279 4528; x_wconf 73' lang='grc' dir='ltr'>ὥστε</span> <span class='ocrx_word' id='word_1_594' title='bbox 1306 4477 1423 4528; x_wconf 69' lang='grc' dir='ltr'>οὐδὲ</span> <span class='ocrx_word' id='word_1_595' title='bbox 1456 4476 1629 4527; x_wconf 82' lang='grc' dir='ltr'>κοινὸν</span> <span class='ocrx_word' id='word_1_596' title='bbox 1659 4476 1751 4528; x_wconf 76' lang='grc' dir='ltr'><strong>καὶ</strong></span> 
     </span>
    </p>
   </div>
   <div class='ocr_carea' id='block_1_66' title="bbox 187 4563 1751 4636">
    <p class='ocr_par' dir='ltr' id='par_1_66' title="bbox 187 4563 1751 4636">
     <span class='ocr_line' id='line_1_66' title="bbox 187 4563 1751 4636; baseline 0.001 -21"><span class='ocrx_word' id='word_1_597' title='bbox 187 4564 392 4629; x_wconf 73' lang='grc' dir='ltr'>γεῶδες</span> <span class='ocrx_word' id='word_1_598' title='bbox 434 4564 494 4616; x_wconf 89' lang='grc' dir='ltr'><strong>τὸ</strong></span> <span class='ocrx_word' id='word_1_599' title='bbox 534 4564 852 4635; x_wconf 68' lang='grc' dir='ltr'>δηλούμενον</span> <span class='ocrx_word' id='word_1_600' title='bbox 894 4566 1046 4618; x_wconf 80' lang='grc' dir='ltr'>τοῦτο</span> <span class='ocrx_word' id='word_1_601' title='bbox 1075 4568 1278 4636; x_wconf 86' lang='grc' dir='ltr'>χρίσμα</span> <span class='ocrx_word' id='word_1_602' title='bbox 1305 4563 1370 4636; x_wconf 77' lang='grc' dir='ltr'>ἦν</span> <span class='ocrx_word' id='word_1_603' title='bbox 1391 4606 1403 4626; x_wconf 87' lang='grc'><strong>,</strong></span> <span class='ocrx_word' id='word_1_604' title='bbox 1432 4567 1547 4617; x_wconf 80' lang='grc' dir='ltr'>οὐδὲ</span> <span class='ocrx_word' id='word_1_605' title='bbox 1572 4567 1751 4635; x_wconf 85' lang='grc' dir='ltr'>ὅμοιον</span> 
     </span>
    </p>
   </div>
   <div class='ocr_carea' id='block_1_67' title="bbox 187 4655 1751 4728">
    <p class='ocr_par' dir='ltr' id='par_1_67' title="bbox 187 4655 1751 4728">
     <span class='ocr_line' id='line_1_67' title="bbox 187 4655 1751 4728; baseline 0.001 -22"><span class='ocrx_word' id='word_1_606' title='bbox 187 4655 265 4724; x_wconf 81' lang='grc' dir='ltr'>τῷ</span> <span class='ocrx_word' id='word_1_607' title='bbox 293 4655 444 4725; x_wconf 73' lang='grc' dir='ltr'>παρὰ</span> <span class='ocrx_word' id='word_1_608' title='bbox 462 4658 646 4709; x_wconf 75' lang='grc' dir='ltr'>Μωσεῖ</span> <span class='ocrx_word' id='word_1_609' title='bbox 664 4656 982 4725; x_wconf 77' lang='grc' dir='ltr'>νενομοθετη</span> <span class='ocrx_word' id='word_1_610' title='bbox 994 4658 1134 4726; x_wconf 69' lang='grc' dir='ltr'>μένῳ</span> <span class='ocrx_word' id='word_1_611' title='bbox 1164 4658 1255 4709; x_wconf 74' lang='grc' dir='ltr'>καὶ</span> <span class='ocrx_word' id='word_1_612' title='bbox 1277 4657 1515 4728; x_wconf 70' lang='grc' dir='ltr'>φθαρτῆς</span> <span class='ocrx_word' id='word_1_613' title='bbox 1538 4656 1595 4720; x_wconf 78' lang='grc' dir='ltr'><strong>ἐξ</strong></span> <span class='ocrx_word' id='word_1_614' title='bbox 1622 4656 1751 4727; x_wconf 72' lang='grc' dir='ltr'>ὕλης</span> 
     </span>
    </p>
   </div>
   <div class='ocr_carea' id='block_1_68' title="bbox 187 4742 1750 4819">
    <p class='ocr_par' dir='ltr' id='par_1_68' title="bbox 187 4742 1750 4819">
     <span class='ocr_line' id='line_1_68' title="bbox 187 4742 1750 4819; baseline 0.002 -21"><span class='ocrx_word' id='word_1_615' title='bbox 187 4748 698 4818; x_wconf 78' lang='grc' dir='ltr'>κατεσκευασμένῳ,</span> <span class='ocrx_word' id='word_1_616' title='bbox 789 4748 937 4817; x_wconf 77' lang='grc' dir='ltr'>φίλον</span> <span class='ocrx_word' id='word_1_617' title='bbox 959 4744 1024 4818; x_wconf 83' lang='grc' dir='ltr'>ἦν</span> <span class='ocrx_word' id='word_1_618' title='bbox 1053 4753 1175 4811; x_wconf 81' lang='grc' dir='ltr'>τους</span> <span class='ocrx_word' id='word_1_619' title='bbox 1197 4748 1455 4811; x_wconf 79' lang='grc' dir='ltr'>παλαιοὺς</span> <span class='ocrx_word' id='word_1_620' title='bbox 1490 4748 1750 4819; x_wconf 82' lang='grc' dir='ltr'>Ἑϐραίων</span> 
     </span>
    </p>
   </div>
   <div class='ocr_carea' id='block_1_69' title="bbox 187 4842 1750 4914">
    <p class='ocr_par' dir='ltr' id='par_1_69' title="bbox 187 4842 1750 4914">
     <span class='ocr_line' id='line_1_69' title="bbox 187 4842 1750 4914; baseline -0.001 -20"><span class='ocrx_word' id='word_1_621' title='bbox 187 4843 368 4912; x_wconf 83' lang='grc' dir='ltr'>ἱερέας</span> <span class='ocrx_word' id='word_1_622' title='bbox 411 4843 502 4893; x_wconf 77' lang='grc' dir='ltr'>καὶ</span> <span class='ocrx_word' id='word_1_623' title='bbox 536 4843 781 4911; x_wconf 80' lang='grc' dir='ltr'>βασιλέας</span> <span class='ocrx_word' id='word_1_624' title='bbox 830 4843 1093 4914; x_wconf 81' lang='grc' dir='ltr'>χρίεσθαι.</span> <span class='ocrx_word' id='word_1_625' title='bbox 1125 4842 1313 4896; x_wconf 81' lang='grc' dir='ltr'>Ἔνθεν</span> <span class='ocrx_word' id='word_1_626' title='bbox 1358 4844 1487 4912; x_wconf 81' lang='grc' dir='ltr'>ἡμῖν</span> <span class='ocrx_word' id='word_1_627' title='bbox 1530 4842 1750 4904; x_wconf 85' lang='grc' dir='ltr'>εἰκότως</span> 
     </span>
    </p>
   </div>
   <div class='ocr_carea' id='block_1_70' title="bbox 187 4932 1751 5004">
    <p class='ocr_par' dir='ltr' id='par_1_70' title="bbox 187 4932 1751 5004">
     <span class='ocr_line' id='line_1_70' title="bbox 187 4932 1751 5004; baseline -0.001 -20"><span class='ocrx_word' id='word_1_628' title='bbox 187 4935 279 4985; x_wconf 77' lang='grc' dir='ltr'>καὶ</span> <span class='ocrx_word' id='word_1_629' title='bbox 308 4932 438 4995; x_wconf 83' lang='grc' dir='ltr'>Θεὸς</span> <span class='ocrx_word' id='word_1_630' title='bbox 457 4933 588 5003; x_wconf 78' lang='grc' dir='ltr'>ὁμοῦ</span> <span class='ocrx_word' id='word_1_631' title='bbox 613 4935 703 4987; x_wconf 74' lang='grc' dir='ltr'>καὶ</span> <span class='ocrx_word' id='word_1_632' title='bbox 736 4935 965 5003; x_wconf 71' lang='grc' dir='ltr'>Χριστὸς</span> <span class='ocrx_word' id='word_1_633' title='bbox 987 4934 1343 5004; x_wconf 85' lang='grc' dir='ltr'>ἀνηγόρευται</span> <span class='ocrx_word' id='word_1_634' title='bbox 1363 4971 1376 4995; x_wconf 89' lang='grc'><strong>,</strong></span> <span class='ocrx_word' id='word_1_635' title='bbox 1422 4932 1567 4985; x_wconf 76' lang='grc' dir='ltr'>ὡσὰν</span> <span class='ocrx_word' id='word_1_636' title='bbox 1596 4933 1751 5002; x_wconf 86' lang='grc' dir='ltr'>μόνος</span> 
     </span>
    </p>
   </div>
   <div class='ocr_carea' id='block_1_71' title="bbox 190 5023 1751 5097">
    <p class='ocr_par' dir='ltr' id='par_1_71' title="bbox 190 5023 1751 5097">
     <span class='ocr_line' id='line_1_71' title="bbox 190 5023 1751 5097; baseline 0 -20"><span class='ocrx_word' id='word_1_637' title='bbox 190 5026 263 5096; x_wconf 75' lang='grc' dir='ltr'>μὴ</span> <span class='ocrx_word' id='word_1_638' title='bbox 304 5026 369 5077; x_wconf 75' lang='grc' dir='ltr'>δι’</span> <span class='ocrx_word' id='word_1_639' title='bbox 405 5026 500 5077; x_wconf 82' lang='grc' dir='ltr'>ἀνθ</span> <span class='ocrx_word' id='word_1_640' title='bbox 509 5026 724 5097; x_wconf 81' lang='grc' dir='ltr'>ρώπων,</span> <span class='ocrx_word' id='word_1_641' title='bbox 760 5027 879 5097; x_wconf 75' lang='grc' dir='ltr'>μηδ’</span> <span class='ocrx_word' id='word_1_642' title='bbox 904 5027 960 5091; x_wconf 81' lang='grc' dir='ltr'><strong>ἐξ</strong></span> <span class='ocrx_word' id='word_1_643' title='bbox 985 5026 1282 5096; x_wconf 81' lang='grc' dir='ltr'>ἀνθρώπων</span> <span class='ocrx_word' id='word_1_644' title='bbox 1301 5065 1315 5087; x_wconf 93' lang='grc'><strong>,</strong></span> <span class='ocrx_word' id='word_1_645' title='bbox 1344 5024 1476 5096; x_wconf 88' lang='grc' dir='ltr'>πρὸς</span> <span class='ocrx_word' id='word_1_646' title='bbox 1502 5023 1663 5077; x_wconf 80' lang='grc' dir='ltr'>αὐτοῦ</span> <span class='ocrx_word' id='word_1_647' title='bbox 1695 5025 1751 5077; x_wconf 83' lang='grc' dir='ltr'>δὲ</span> 
     </span>
    </p>
   </div>
   <div class='ocr_carea' id='block_1_72' title="bbox 184 5116 1748 5189">
    <p class='ocr_par' dir='ltr' id='par_1_72' title="bbox 184 5116 1748 5189">
     <span class='ocr_line' id='line_1_72' title="bbox 184 5116 1748 5189; baseline 0.001 -21"><span class='ocrx_word' id='word_1_648' title='bbox 184 5117 279 5168; x_wconf 82' lang='grc' dir='ltr'><strong>τοῦ</strong></span> <span class='ocrx_word' id='word_1_649' title='bbox 307 5117 412 5169; x_wconf 79' lang='grc' dir='ltr'>τῶν</span> <span class='ocrx_word' id='word_1_650' title='bbox 432 5119 563 5169; x_wconf 77' lang='grc' dir='ltr'>ὅλων</span> <span class='ocrx_word' id='word_1_651' title='bbox 600 5118 824 5188; x_wconf 80' lang='grc' dir='ltr'>Ποιητοῦ</span> <span class='ocrx_word' id='word_1_652' title='bbox 851 5120 947 5189; x_wconf 81' lang='grc' dir='ltr'>τῆς</span> <span class='ocrx_word' id='word_1_653' title='bbox 975 5118 1154 5170; x_wconf 82' lang='grc' dir='ltr'>ἐνθέου</span> <span class='ocrx_word' id='word_1_654' title='bbox 1178 5119 1347 5189; x_wconf 78' lang='grc' dir='ltr'>χαρᾶς</span> <span class='ocrx_word' id='word_1_655' title='bbox 1378 5119 1470 5169; x_wconf 72' lang='grc' dir='ltr'>καὶ</span> <span class='ocrx_word' id='word_1_656' title='bbox 1497 5116 1748 5184; x_wconf 81' lang='grc' dir='ltr'>ἀγαλλιά-</span> 
     </span>
    </p>
   </div>
   <div class='ocr_carea' id='block_1_73' title="bbox 187 5205 1742 5278">
    <p class='ocr_par' dir='ltr' id='par_1_73' title="bbox 187 5205 1742 5278">
     <span class='ocr_line' id='line_1_73' title="bbox 187 5205 1742 5278; baseline -0.002 -18"><span class='ocrx_word' id='word_1_657' title='bbox 187 5224 326 5271; x_wconf 85' lang='grc' dir='ltr'>σεως</span> <span class='ocrx_word' id='word_1_658' title='bbox 353 5210 625 5278; x_wconf 76' lang='grc' dir='ltr'>ἀσωμάτῳ</span> <span class='ocrx_word' id='word_1_659' title='bbox 649 5210 739 5261; x_wconf 74' lang='grc' dir='ltr'>καὶ</span> <span class='ocrx_word' id='word_1_660' title='bbox 765 5210 1052 5278; x_wconf 83' lang='grc' dir='ltr'>θεοπρεπεῖ</span> <span class='ocrx_word' id='word_1_661' title='bbox 1085 5209 1337 5278; x_wconf 83' lang='grc' dir='ltr'>χρίσματι</span> <span class='ocrx_word' id='word_1_662' title='bbox 1358 5205 1708 5276; x_wconf 85' lang='grc' dir='ltr'>κεχρισμένος</span> <span class='ocrx_word' id='word_1_663' title='bbox 1727 5221 1742 5236; x_wconf 77' lang='grc'><strong><em>⁸</em></strong></span> 
     </span>
    </p>
   </div>
   <div class='ocr_carea' id='block_1_74' title="bbox 184 5297 1744 5372">
    <p class='ocr_par' dir='ltr' id='par_1_74' title="bbox 184 5297 1744 5372">
     <span class='ocr_line' id='line_1_74' title="bbox 184 5297 1744 5372; baseline -0.003 -19"><span class='ocrx_word' id='word_1_664' title='bbox 184 5300 378 5372; x_wconf 81' lang='grc' dir='ltr'>διόπερ</span> <span class='ocrx_word' id='word_1_665' title='bbox 417 5302 635 5363; x_wconf 80' lang='grc' dir='ltr'>ἐνδίκως</span> <span class='ocrx_word' id='word_1_666' title='bbox 663 5301 818 5370; x_wconf 87' lang='grc' dir='ltr'>μόνος</span> <span class='ocrx_word' id='word_1_667' title='bbox 843 5300 1059 5369; x_wconf 79' lang='grc' dir='ltr'>ἁγαθῶς</span> <span class='ocrx_word' id='word_1_668' title='bbox 1088 5301 1179 5353; x_wconf 72' lang='grc' dir='ltr'>καὶ</span> <span class='ocrx_word' id='word_1_669' title='bbox 1211 5299 1412 5370; x_wconf 84' lang='grc' dir='ltr'>κυρίως</span> <span class='ocrx_word' id='word_1_670' title='bbox 1444 5297 1590 5370; x_wconf 72' lang='grc' dir='ltr'>παρὰ</span> <span class='ocrx_word' id='word_1_671' title='bbox 1620 5298 1744 5359; x_wconf 79' lang='grc' dir='ltr'>τοὺς</span> 
     </span>
    </p>
   </div>
   <div class='ocr_carea' id='block_1_75' title="bbox 185 5388 1746 5462">
    <p class='ocr_par' dir='ltr' id='par_1_75' title="bbox 185 5388 1746 5462">
     <span class='ocr_line' id='line_1_75' title="bbox 185 5388 1746 5462; baseline -0.003 -20"><span class='ocrx_word' id='word_1_672' title='bbox 185 5391 613 5461; x_wconf 72' lang='grc' dir='ltr'>ὀνομαζομένους</span> <span class='ocrx_word' id='word_1_673' title='bbox 638 5390 796 5444; x_wconf 81' lang='grc' dir='ltr'>αὐτοῦ</span> <span class='ocrx_word' id='word_1_674' title='bbox 833 5391 1086 5462; x_wconf 86' lang='grc' dir='ltr'>μετόχους</span> <span class='ocrx_word' id='word_1_675' title='bbox 1115 5388 1340 5460; x_wconf 79' lang='grc' dir='ltr'>Χριστὸς</span> <span class='ocrx_word' id='word_1_676' title='bbox 1370 5388 1433 5440; x_wconf 87' lang='grc' dir='ltr'>ἂν</span> <span class='ocrx_word' id='word_1_677' title='bbox 1454 5388 1746 5458; x_wconf 83' lang='grc' dir='ltr'>ἀναγορευ-</span> 
     </span>
    </p>
   </div>
   <div class='ocr_carea' id='block_1_76' title="bbox 189 5477 1749 5554">
    <p class='ocr_par' dir='ltr' id='par_1_76' title="bbox 189 5477 1749 5554">
     <span class='ocr_line' id='line_1_76' title="bbox 189 5477 1749 5554; baseline -0.002 -20"><span class='ocrx_word' id='word_1_678' title='bbox 189 5482 329 5554; x_wconf 79' lang='grc' dir='ltr'>θεξη.</span> <span class='ocrx_word' id='word_1_679' title='bbox 363 5487 426 5537; x_wconf 75' lang='grc' dir='ltr'><strong>υἱ</strong></span> <span class='ocrx_word' id='word_1_680' title='bbox 459 5484 672 5554; x_wconf 86' lang='grc' dir='ltr'>μέτοχοι</span> <span class='ocrx_word' id='word_1_681' title='bbox 697 5484 751 5536; x_wconf 86' lang='grc' dir='ltr'>δὲ</span> <span class='ocrx_word' id='word_1_682' title='bbox 768 5483 929 5536; x_wconf 76' lang='grc' dir='ltr'>αὐτοῦ</span> <span class='ocrx_word' id='word_1_683' title='bbox 953 5482 1090 5545; x_wconf 86' lang='grc' dir='ltr'>τίνες</span> <span class='ocrx_word' id='word_1_684' title='bbox 1116 5480 1179 5534; x_wconf 76' lang='grc' dir='ltr'><strong>ἃν</strong></span> <span class='ocrx_word' id='word_1_685' title='bbox 1208 5477 1335 5545; x_wconf 80' lang='grc' dir='ltr'>εἷεν,</span> <span class='ocrx_word' id='word_1_686' title='bbox 1352 5480 1384 5550; x_wconf 80' lang='grc' dir='ltr'>ἢ</span> <span class='ocrx_word' id='word_1_687' title='bbox 1404 5481 1452 5532; x_wconf 83' lang='grc' dir='ltr'>οἱ</span> <span class='ocrx_word' id='word_1_688' title='bbox 1468 5477 1567 5532; x_wconf 79' lang='grc' dir='ltr'>οἷοί</span> <span class='ocrx_word' id='word_1_689' title='bbox 1591 5497 1647 5532; x_wconf 86' lang='grc' dir='ltr'><strong>τε</strong></span> <span class='ocrx_word' id='word_1_690' title='bbox 1664 5479 1749 5531; x_wconf 86' lang='grc' dir='ltr'>λέ-</span> 
     </span>
    </p>
   </div>
   <div class='ocr_carea' id='block_1_77' title="bbox 262 5639 1577 5713">
    <p class='ocr_par' dir='ltr' id='par_1_77' title="bbox 262 5639 1577 5713">
     <span class='ocr_line' id='line_1_77' title="bbox 262 5639 1577 5713; baseline 0 -18"><span class='ocrx_word' id='word_1_691' title='bbox 262 5640 286 5672; x_wconf 74' lang='grc' dir='ltr'><strong>δ</strong></span> <span class='ocrx_word' id='word_1_692' title='bbox 315 5639 443 5713; x_wconf 86' lang='lat' dir='ltr'><strong>Sap.</strong></span> <span class='ocrx_word' id='word_1_693' title='bbox 485 5657 583 5712; x_wconf 88' lang='lat' dir='ltr'><strong>vn,</strong></span> <span class='ocrx_word' id='word_1_694' title='bbox 612 5640 799 5696; x_wconf 63' lang='lat'><strong>2526.</strong></span> <span class='ocrx_word' id='word_1_695' title='bbox 828 5643 849 5674; x_wconf 85' lang='grc'>⁸</span> <span class='ocrx_word' id='word_1_696' title='bbox 880 5640 1066 5696; x_wconf 76' lang='lat' dir='ltr'><strong>Matth.</strong></span> <span class='ocrx_word' id='word_1_697' title='bbox 1097 5658 1174 5708; x_wconf 71' lang='grc' dir='ltr'>ιι,</span> <span class='ocrx_word' id='word_1_698' title='bbox 1207 5642 1295 5695; x_wconf 68' lang='grc'><strong>27.</strong></span> <span class='ocrx_word' id='word_1_699' title='bbox 1400 5643 1419 5674; x_wconf 76' lang='grc'>⁸</span> <span class='ocrx_word' id='word_1_700' title='bbox 1449 5642 1577 5697; x_wconf 86' lang='lat' dir='ltr'><strong>ibid.</strong></span> 
     </span>
    </p>
   </div>
   <div class='ocr_carea' id='block_1_78' title="bbox 1698 5640 2158 5708">
    <p class='ocr_par' dir='ltr' id='par_1_78' title="bbox 1698 5640 2158 5708">
     <span class='ocr_line' id='line_1_78' title="bbox 1698 5640 2158 5708; baseline -0.009 -12"><span class='ocrx_word' id='word_1_701' title='bbox 1698 5643 1718 5673; x_wconf 76' lang='grc' dir='ltr'>τ</span> <span class='ocrx_word' id='word_1_702' title='bbox 1757 5642 1774 5696; x_wconf 86' lang='grc'><strong>1</strong></span> <span class='ocrx_word' id='word_1_703' title='bbox 1838 5641 1963 5696; x_wconf 90' lang='lat' dir='ltr'><strong>Cor.</strong></span> <span class='ocrx_word' id='word_1_704' title='bbox 1999 5657 2037 5708; x_wconf 90' lang='grc' dir='ltr'><strong>ι,</strong></span> <span class='ocrx_word' id='word_1_705' title='bbox 2065 5640 2158 5693; x_wconf 68' lang='grc'><strong>24.</strong></span> 
     </span>
    </p>
   </div>
   <div class='ocr_carea' id='block_1_79' title="bbox 2475 3285 2810 3341">
    <p class='ocr_par' dir='ltr' id='par_1_79' title="bbox 2475 3285 2810 3341">
     <span class='ocr_line' id='line_1_79' title="bbox 2475 3285 2810 3341; baseline -0.003 -2"><span class='ocrx_word' id='word_1_706' title='bbox 2475 3285 2703 3339; x_wconf 80' lang='lat' dir='ltr'><strong>CAPUT</strong></span> <span class='ocrx_word' id='word_1_707' title='bbox 2747 3286 2810 3341; x_wconf 89' lang='grc'><strong>11.</strong></span> 
     </span>
    </p>
   </div>
   <div class='ocr_carea' id='block_1_80' title="bbox 2415 3377 2891 3448">
    <p class='ocr_par' dir='ltr' id='par_1_80' title="bbox 2415 3377 2891 3448">
     <span class='ocr_line' id='line_1_80' title="bbox 2415 3377 2891 3448; baseline -0.006 -15"><span class='ocrx_word' id='word_1_708' title='bbox 2415 3377 2561 3448; x_wconf 82' lang='lat' dir='ltr'><strong>(Sine</strong></span> <span class='ocrx_word' id='word_1_709' title='bbox 2592 3379 2891 3447; x_wconf 76' lang='lat' dir='ltr'><strong>principio.)</strong></span> 
     </span>
    </p>
   </div>
   <div class='ocr_carea' id='block_1_81' title="bbox 1928 3466 3419 3541">
    <p class='ocr_par' dir='ltr' id='par_1_81' title="bbox 1928 3466 3419 3541">
     <span class='ocr_line' id='line_1_81' title="bbox 1928 3466 3419 3541; baseline 0.008 -21"><span class='ocrx_word' id='word_1_710' title='bbox 1928 3466 1986 3523; x_wconf 91' lang='lat' dir='ltr'><strong>In</strong></span> <span class='ocrx_word' id='word_1_711' title='bbox 2020 3469 2259 3524; x_wconf 86' lang='lat' dir='ltr'><strong>secundo</strong></span> <span class='ocrx_word' id='word_1_712' title='bbox 2286 3478 2486 3531; x_wconf 88' lang='lat' dir='ltr'><strong>autem,</strong></span> <span class='ocrx_word' id='word_1_713' title='bbox 2520 3471 2720 3539; x_wconf 86' lang='lat' dir='ltr'><strong>sceptri</strong></span> <span class='ocrx_word' id='word_1_714' title='bbox 2753 3473 2950 3541; x_wconf 84' lang='lat' dir='ltr'><strong>regalis</strong></span> <span class='ocrx_word' id='word_1_715' title='bbox 2977 3474 3182 3530; x_wconf 89' lang='lat' dir='ltr'><strong>honore</strong></span> <span class='ocrx_word' id='word_1_716' title='bbox 3214 3474 3419 3532; x_wconf 86' lang='lat' dir='ltr'><strong>donat:</strong></span> 
     </span>
    </p>
   </div>
   <div class='ocr_carea' id='block_1_82' title="bbox 1861 3559 3423 3636">
    <p class='ocr_par' dir='ltr' id='par_1_82' title="bbox 1861 3559 3423 3636">
     <span class='ocr_line' id='line_1_82' title="bbox 1861 3559 3423 3636; baseline 0.007 -25"><span class='ocrx_word' id='word_1_717' title='bbox 1861 3559 1914 3613; x_wconf 91' lang='lat' dir='ltr'><strong>in</strong></span> <span class='ocrx_word' id='word_1_718' title='bbox 1943 3562 2104 3615; x_wconf 89' lang='lat' dir='ltr'><strong>tertio</strong></span> <span class='ocrx_word' id='word_1_719' title='bbox 2125 3578 2254 3615; x_wconf 86' lang='lat' dir='ltr'><strong>vero</strong></span> <span class='ocrx_word' id='word_1_720' title='bbox 2286 3561 2538 3630; x_wconf 74' lang='lat' dir='ltr'><strong>perfecta:</strong></span> <span class='ocrx_word' id='word_1_721' title='bbox 2569 3561 2785 3616; x_wconf 87' lang='lat' dir='ltr'><strong>virtutis</strong></span> <span class='ocrx_word' id='word_1_722' title='bbox 2805 3564 2878 3615; x_wconf 93' lang='lat' dir='ltr'><strong>illi</strong></span> <span class='ocrx_word' id='word_1_723' title='bbox 2903 3564 2994 3617; x_wconf 89' lang='lat' dir='ltr'><strong>dat</strong></span> <span class='ocrx_word' id='word_1_724' title='bbox 3015 3567 3382 3621; x_wconf 90' lang='lat' dir='ltr'><strong>testimonium</strong></span> <span class='ocrx_word' id='word_1_725' title='bbox 3403 3611 3423 3636; x_wconf 86' lang='lat'><strong>,</strong></span> 
     </span>
    </p>
   </div>
   <div class='ocr_carea' id='block_1_83' title="bbox 1860 3653 3422 3726">
    <p class='ocr_par' dir='ltr' id='par_1_83' title="bbox 1860 3653 3422 3726">
     <span class='ocr_line' id='line_1_83' title="bbox 1860 3653 3422 3726; baseline 0.005 -22"><span class='ocrx_word' id='word_1_726' title='bbox 1860 3659 2044 3721; x_wconf 88' lang='lat' dir='ltr'><strong>postea</strong></span> <span class='ocrx_word' id='word_1_727' title='bbox 2087 3654 2260 3721; x_wconf 90' lang='lat' dir='ltr'><strong>ipsum</strong></span> <span class='ocrx_word' id='word_1_728' title='bbox 2302 3653 2445 3705; x_wconf 92' lang='lat' dir='ltr'><strong>hunc</strong></span> <span class='ocrx_word' id='word_1_729' title='bbox 2479 3668 2641 3721; x_wconf 89' lang='lat' dir='ltr'><strong>super</strong></span> <span class='ocrx_word' id='word_1_730' title='bbox 2674 3653 2740 3707; x_wconf 89' lang='lat' dir='ltr'><strong>iis</strong></span> <span class='ocrx_word' id='word_1_731' title='bbox 2771 3660 2825 3706; x_wconf 90' lang='lat' dir='ltr'><strong>et</strong></span> <span class='ocrx_word' id='word_1_732' title='bbox 2854 3653 3021 3707; x_wconf 92' lang='lat' dir='ltr'><strong>Deum</strong></span> <span class='ocrx_word' id='word_1_733' title='bbox 3054 3665 3107 3709; x_wconf 91' lang='lat' dir='ltr'><strong>et</strong></span> <span class='ocrx_word' id='word_1_734' title='bbox 3154 3672 3356 3726; x_wconf 86' lang='lat' dir='ltr'><strong>regem,</strong></span> <span class='ocrx_word' id='word_1_735' title='bbox 3390 3673 3422 3712; x_wconf 87' lang='lat' dir='ltr'><strong>a</strong></span> 
     </span>
    </p>
   </div>
   <div class='ocr_carea' id='block_1_84' title="bbox 1860 3744 3420 3818">
    <p class='ocr_par' dir='ltr' id='par_1_84' title="bbox 1860 3744 3420 3818">
     <span class='ocr_line' id='line_1_84' title="bbox 1860 3744 3420 3818; baseline 0.004 -22"><span class='ocrx_word' id='word_1_736' title='bbox 1860 3758 2114 3811; x_wconf 86' lang='lat' dir='ltr'><strong>supremo</strong></span> <span class='ocrx_word' id='word_1_737' title='bbox 2173 3744 2282 3818; x_wconf 80' lang='lat' dir='ltr'><strong>Deo</strong></span> <span class='ocrx_word' id='word_1_738' title='bbox 2341 3753 2563 3798; x_wconf 91' lang='lat' dir='ltr'><strong>unctum</strong></span> <span class='ocrx_word' id='word_1_739' title='bbox 2618 3761 2737 3799; x_wconf 89' lang='lat' dir='ltr'><strong>esse</strong></span> <span class='ocrx_word' id='word_1_740' title='bbox 2784 3744 2961 3811; x_wconf 86' lang='lat' dir='ltr'><strong>docet,</strong></span> <span class='ocrx_word' id='word_1_741' title='bbox 2999 3754 3052 3799; x_wconf 90' lang='lat' dir='ltr'><strong>et</strong></span> <span class='ocrx_word' id='word_1_742' title='bbox 3101 3763 3163 3801; x_wconf 90' lang='lat' dir='ltr'><strong>ea</strong></span> <span class='ocrx_word' id='word_1_743' title='bbox 3211 3750 3420 3803; x_wconf 85' lang='lat' dir='ltr'><strong>ratione</strong></span> 
     </span>
    </p>
   </div>
   <div class='ocr_carea' id='block_1_85' title="bbox 1857 3833 3421 3906">
    <p class='ocr_par' dir='ltr' id='par_1_85' title="bbox 1857 3833 3421 3906">
     <span class='ocr_line' id='line_1_85' title="bbox 1857 3833 3421 3906; baseline 0.001 -18"><span class='ocrx_word' id='word_1_744' title='bbox 1857 3833 2132 3889; x_wconf 81' lang='lat' dir='ltr'><strong>Christum</strong></span> <span class='ocrx_word' id='word_1_745' title='bbox 2158 3837 2432 3891; x_wconf 77' lang='lat' dir='ltr'><strong>exstitisse</strong></span> <span class='ocrx_word' id='word_1_746' title='bbox 2469 3856 2481 3889; x_wconf 89' lang='lat'><strong>:</strong></span> <span class='ocrx_word' id='word_1_747' title='bbox 2513 3837 2640 3906; x_wconf 91' lang='lat' dir='ltr'><strong>quid</strong></span> <span class='ocrx_word' id='word_1_748' title='bbox 2668 3837 2810 3889; x_wconf 89' lang='lat' dir='ltr'><strong>enim</strong></span> <span class='ocrx_word' id='word_1_749' title='bbox 2843 3837 2988 3889; x_wconf 89' lang='lat' dir='ltr'><strong>aliud</strong></span> <span class='ocrx_word' id='word_1_750' title='bbox 3022 3839 3285 3906; x_wconf 90' lang='lat' dir='ltr'><strong>quispiam</strong></span> <span class='ocrx_word' id='word_1_751' title='bbox 3321 3854 3421 3891; x_wconf 84' lang='lat' dir='ltr'><strong>no-</strong></span> 
     </span>
    </p>
   </div>
   <div class='ocr_carea' id='block_1_86' title="bbox 1857 3925 3419 3996">
    <p class='ocr_par' dir='ltr' id='par_1_86' title="bbox 1857 3925 3419 3996">
     <span class='ocr_line' id='line_1_86' title="bbox 1857 3925 3419 3996; baseline 0.003 -20"><span class='ocrx_word' id='word_1_752' title='bbox 1857 3925 2025 3978; x_wconf 89' lang='lat' dir='ltr'><strong>minet</strong></span> <span class='ocrx_word' id='word_1_753' title='bbox 2077 3941 2222 3988; x_wconf 89' lang='lat' dir='ltr'><strong>eum,</strong></span> <span class='ocrx_word' id='word_1_754' title='bbox 2257 3927 2348 3995; x_wconf 92' lang='lat' dir='ltr'><strong>qui</strong></span> <span class='ocrx_word' id='word_1_755' title='bbox 2403 3942 2510 3979; x_wconf 87' lang='lat' dir='ltr'><strong>non</strong></span> <span class='ocrx_word' id='word_1_756' title='bbox 2572 3928 2639 3980; x_wconf 92' lang='lat' dir='ltr'><strong>ab</strong></span> <span class='ocrx_word' id='word_1_757' title='bbox 2690 3926 3021 3989; x_wconf 88' lang='lat' dir='ltr'><strong>hominibus,</strong></span> <span class='ocrx_word' id='word_1_758' title='bbox 3054 3928 3148 3981; x_wconf 87' lang='lat' dir='ltr'><strong>sed</strong></span> <span class='ocrx_word' id='word_1_759' title='bbox 3190 3928 3259 3981; x_wconf 91' lang='lat' dir='ltr'><strong>ab</strong></span> <span class='ocrx_word' id='word_1_760' title='bbox 3301 3928 3419 3996; x_wconf 86' lang='lat' dir='ltr'><strong>ipso</strong></span> 
     </span>
    </p>
   </div>
   <div class='ocr_carea' id='block_1_87' title="bbox 1857 4013 3416 4084">
    <p class='ocr_par' dir='ltr' id='par_1_87' title="bbox 1857 4013 3416 4084">
     <span class='ocr_line' id='line_1_87' title="bbox 1857 4013 3416 4084; baseline 0.002 -17"><span class='ocrx_word' id='word_1_761' title='bbox 1857 4029 2110 4083; x_wconf 86' lang='lat' dir='ltr'><strong>supremo</strong></span> <span class='ocrx_word' id='word_1_762' title='bbox 2155 4014 2263 4068; x_wconf 89' lang='lat' dir='ltr'><strong>Deo</strong></span> <span class='ocrx_word' id='word_1_763' title='bbox 2304 4016 2374 4070; x_wconf 89' lang='lat' dir='ltr'><strong>sit</strong></span> <span class='ocrx_word' id='word_1_764' title='bbox 2428 4015 2665 4069; x_wconf 88' lang='lat' dir='ltr'><strong>unctus?</strong></span> <span class='ocrx_word' id='word_1_765' title='bbox 2710 4014 2777 4069; x_wconf 88' lang='lat' dir='ltr'><strong>de</strong></span> <span class='ocrx_word' id='word_1_766' title='bbox 2822 4015 2925 4068; x_wconf 89' lang='lat' dir='ltr'><strong>hoc</strong></span> <span class='ocrx_word' id='word_1_767' title='bbox 2967 4015 3130 4084; x_wconf 89' lang='lat' dir='ltr'><strong>igitur</strong></span> <span class='ocrx_word' id='word_1_768' title='bbox 3170 4013 3246 4066; x_wconf 83' lang='lat' dir='ltr'><strong>ait</strong></span> <span class='ocrx_word' id='word_1_769' title='bbox 3306 4030 3318 4063; x_wconf 91' lang='lat'><strong>:</strong></span> <span class='ocrx_word' id='word_1_770' title='bbox 3372 4013 3416 4070; x_wconf 91' lang='grc' dir='ltr'>Ο</span> 
     </span>
    </p>
   </div>
   <div class='ocr_carea' id='block_1_88' title="bbox 1855 4102 3413 4175">
    <p class='ocr_par' dir='ltr' id='par_1_88' title="bbox 1855 4102 3413 4175">
     <span class='ocr_line' id='line_1_88' title="bbox 1855 4102 3413 4175; baseline 0.001 -19"><span class='ocrx_word' id='word_1_771' title='bbox 1855 4102 2019 4168; x_wconf 91' lang='lat' dir='ltr'><strong>Deus,</strong></span> <span class='ocrx_word' id='word_1_772' title='bbox 2049 4104 2114 4158; x_wconf 91' lang='lat' dir='ltr'><strong>ad</strong></span> <span class='ocrx_word' id='word_1_773' title='bbox 2150 4121 2273 4159; x_wconf 89' lang='lat' dir='ltr'><strong>eum</strong></span> <span class='ocrx_word' id='word_1_774' title='bbox 2327 4106 2418 4175; x_wconf 88' lang='lat' dir='ltr'><strong>qui</strong></span> <span class='ocrx_word' id='word_1_775' title='bbox 2460 4114 2657 4159; x_wconf 86' lang='lat' dir='ltr'><strong>unctus</strong></span> <span class='ocrx_word' id='word_1_776' title='bbox 2688 4113 2770 4159; x_wconf 91' lang='lat' dir='ltr'><strong>est</strong></span> <span class='ocrx_word' id='word_1_777' title='bbox 2809 4119 3110 4160; x_wconf 89' lang='lat' dir='ltr'><strong>sermonem</strong></span> <span class='ocrx_word' id='word_1_778' title='bbox 3152 4102 3413 4171; x_wconf 82' lang='lat' dir='ltr'><strong>dirigens,</strong></span> 
     </span>
    </p>
   </div>
   <div class='ocr_carea' id='block_1_89' title="bbox 1856 4191 3415 4263">
    <p class='ocr_par' dir='ltr' id='par_1_89' title="bbox 1856 4191 3415 4263">
     <span class='ocr_line' id='line_1_89' title="bbox 1856 4191 3415 4263; baseline 0.002 -19"><span class='ocrx_word' id='word_1_779' title='bbox 1856 4191 2122 4247; x_wconf 74' lang='lat' dir='ltr'><strong>«dilexisti</strong></span> <span class='ocrx_word' id='word_1_780' title='bbox 2139 4191 2425 4261; x_wconf 87' lang='lat' dir='ltr'><strong>justitiam,</strong></span> <span class='ocrx_word' id='word_1_781' title='bbox 2448 4202 2501 4249; x_wconf 91' lang='lat' dir='ltr'><strong>et</strong></span> <span class='ocrx_word' id='word_1_782' title='bbox 2550 4195 2711 4249; x_wconf 89' lang='lat' dir='ltr'><strong>odisti</strong></span> <span class='ocrx_word' id='word_1_783' title='bbox 2742 4196 3076 4263; x_wconf 86' lang='lat' dir='ltr'><strong>iniquitatem</strong></span> <span class='ocrx_word' id='word_1_784' title='bbox 3112 4213 3123 4246; x_wconf 89' lang='lat'>:</span> <span class='ocrx_word' id='word_1_785' title='bbox 3166 4201 3415 4263; x_wconf 89' lang='lat' dir='ltr'><strong>pr0pter-</strong></span> 
     </span>
    </p>
   </div>
   <div class='ocr_carea' id='block_1_90' title="bbox 1852 4282 3418 4349">
    <p class='ocr_par' dir='ltr' id='par_1_90' title="bbox 1852 4282 3418 4349">
     <span class='ocr_line' id='line_1_90' title="bbox 1852 4282 3418 4349; baseline -0.001 -10"><span class='ocrx_word' id='word_1_786' title='bbox 1852 4302 1914 4340; x_wconf 89' lang='lat' dir='ltr'><strong>ea</strong></span> <span class='ocrx_word' id='word_1_787' title='bbox 1949 4289 2092 4339; x_wconf 91' lang='lat' dir='ltr'><strong>enim</strong></span> <span class='ocrx_word' id='word_1_788' title='bbox 2130 4286 2285 4339; x_wconf 82' lang='lat' dir='ltr'><strong>unxit</strong></span> <span class='ocrx_word' id='word_1_789' title='bbox 2348 4296 2399 4341; x_wconf 90' lang='lat' dir='ltr'><strong>te</strong></span> <span class='ocrx_word' id='word_1_790' title='bbox 2453 4285 2616 4349; x_wconf 89' lang='lat' dir='ltr'><strong>Deus,</strong></span> <span class='ocrx_word' id='word_1_791' title='bbox 2650 4286 2791 4340; x_wconf 85' lang='lat' dir='ltr'><strong>Deus</strong></span> <span class='ocrx_word' id='word_1_792' title='bbox 2823 4284 3004 4339; x_wconf 66' lang='lat' dir='ltr'><strong>tuus”.</strong></span> <span class='ocrx_word' id='word_1_793' title='bbox 3046 4304 3064 4335; x_wconf 73' lang='grc' dir='ltr'><strong>ι</strong></span> <span class='ocrx_word' id='word_1_794' title='bbox 3100 4282 3167 4337; x_wconf 91' lang='lat' dir='ltr'><strong>Ut</strong></span> <span class='ocrx_word' id='word_1_795' title='bbox 3194 4285 3237 4339; x_wconf 92' lang='lat' dir='ltr'><strong>si</strong></span> <span class='ocrx_word' id='word_1_796' title='bbox 3269 4284 3418 4337; x_wconf 86' lang='lat' dir='ltr'><strong>dice-</strong></span> 
     </span>
    </p>
   </div>
   <div class='ocr_carea' id='block_1_91' title="bbox 1851 4376 3414 4446">
    <p class='ocr_par' dir='ltr' id='par_1_91' title="bbox 1851 4376 3414 4446">
     <span class='ocr_line' id='line_1_91' title="bbox 1851 4376 3414 4446; baseline 0.001 -17"><span class='ocrx_word' id='word_1_797' title='bbox 1851 4384 1964 4441; x_wconf 86' lang='lat' dir='ltr'><strong>ret,</strong></span> <span class='ocrx_word' id='word_1_798' title='bbox 1998 4376 2139 4432; x_wconf 86' lang='lat' dir='ltr'><strong>Deus</strong></span> <span class='ocrx_word' id='word_1_799' title='bbox 2182 4377 2341 4432; x_wconf 88' lang='lat' dir='ltr'><strong>Pater</strong></span> <span class='ocrx_word' id='word_1_800' title='bbox 2387 4378 2539 4431; x_wconf 81' lang='lat' dir='ltr'><strong>unxit</strong></span> <span class='ocrx_word' id='word_1_801' title='bbox 2584 4388 2635 4432; x_wconf 90' lang='lat' dir='ltr'><strong>te</strong></span> <span class='ocrx_word' id='word_1_802' title='bbox 2688 4378 2808 4432; x_wconf 89' lang='lat' dir='ltr'><strong>oleo</strong></span> <span class='ocrx_word' id='word_1_803' title='bbox 2866 4378 3263 4442; x_wconf 79' lang='lat' dir='ltr'><strong>exsultationis,</strong></span> <span class='ocrx_word' id='word_1_804' title='bbox 3307 4392 3414 4446; x_wconf 65' lang='lat' dir='ltr'><strong>prae</strong></span> 
     </span>
    </p>
   </div>
   <div class='ocr_carea' id='block_1_92' title="bbox 1853 4469 3408 4539">
    <p class='ocr_par' dir='ltr' id='par_1_92' title="bbox 1853 4469 3408 4539">
     <span class='ocr_line' id='line_1_92' title="bbox 1853 4469 3408 4539; baseline -0.001 -17"><span class='ocrx_word' id='word_1_805' title='bbox 1853 4470 2205 4539; x_wconf 89' lang='lat' dir='ltr'><strong>participibus</strong></span> <span class='ocrx_word' id='word_1_806' title='bbox 2236 4470 2344 4524; x_wconf 89' lang='lat' dir='ltr'><strong>tuis</strong></span> <span class='ocrx_word' id='word_1_807' title='bbox 2378 4488 2390 4522; x_wconf 94' lang='lat'><strong>:</strong></span> <span class='ocrx_word' id='word_1_808' title='bbox 2423 4469 2495 4523; x_wconf 90' lang='lat' dir='ltr'><strong>ita</strong></span> <span class='ocrx_word' id='word_1_809' title='bbox 2534 4485 2706 4539; x_wconf 89' lang='lat' dir='ltr'><strong>neque</strong></span> <span class='ocrx_word' id='word_1_810' title='bbox 2728 4485 3016 4523; x_wconf 89' lang='lat' dir='ltr'><strong>commune</strong></span> <span class='ocrx_word' id='word_1_811' title='bbox 3049 4478 3102 4523; x_wconf 89' lang='lat' dir='ltr'><strong>et</strong></span> <span class='ocrx_word' id='word_1_812' title='bbox 3134 4476 3408 4523; x_wconf 89' lang='lat' dir='ltr'><strong>terrenum</strong></span> 
     </span>
    </p>
   </div>
   <div class='ocr_carea' id='block_1_93' title="bbox 1851 4558 3416 4630">
    <p class='ocr_par' dir='ltr' id='par_1_93' title="bbox 1851 4558 3416 4630">
     <span class='ocr_line' id='line_1_93' title="bbox 1851 4558 3416 4630; baseline -0.001 -16"><span class='ocrx_word' id='word_1_813' title='bbox 1851 4571 1933 4614; x_wconf 88' lang='lat' dir='ltr'><strong>est</strong></span> <span class='ocrx_word' id='word_1_814' title='bbox 1964 4562 2064 4614; x_wconf 90' lang='lat' dir='ltr'><strong>hoc</strong></span> <span class='ocrx_word' id='word_1_815' title='bbox 2086 4561 2153 4615; x_wconf 92' lang='lat' dir='ltr'><strong>de</strong></span> <span class='ocrx_word' id='word_1_816' title='bbox 2188 4577 2295 4630; x_wconf 88' lang='lat' dir='ltr'><strong>quo</strong></span> <span class='ocrx_word' id='word_1_817' title='bbox 2321 4561 2496 4630; x_wconf 84' lang='lat' dir='ltr'><strong>agitur</strong></span> <span class='ocrx_word' id='word_1_818' title='bbox 2528 4572 2881 4629; x_wconf 87' lang='lat' dir='ltr'><strong>unguentum,</strong></span> <span class='ocrx_word' id='word_1_819' title='bbox 2914 4576 3091 4629; x_wconf 88' lang='lat' dir='ltr'><strong>neque</strong></span> <span class='ocrx_word' id='word_1_820' title='bbox 3136 4560 3211 4612; x_wconf 84' lang='lat' dir='ltr'><strong>illi</strong></span> <span class='ocrx_word' id='word_1_821' title='bbox 3240 4558 3416 4613; x_wconf 84' lang='lat' dir='ltr'><strong>simile</strong></span> 
     </span>
    </p>
   </div>
   <div class='ocr_carea' id='block_1_94' title="bbox 1855 4652 3416 4723">
    <p class='ocr_par' dir='ltr' id='par_1_94' title="bbox 1855 4652 3416 4723">
     <span class='ocr_line' id='line_1_94' title="bbox 1855 4652 3416 4723; baseline -0.001 -19"><span class='ocrx_word' id='word_1_822' title='bbox 1855 4652 1997 4721; x_wconf 92' lang='lat' dir='ltr'><strong>quod</strong></span> <span class='ocrx_word' id='word_1_823' title='bbox 2030 4652 2169 4721; x_wconf 90' lang='lat' dir='ltr'><strong>apud</strong></span> <span class='ocrx_word' id='word_1_824' title='bbox 2202 4652 2436 4723; x_wconf 72' lang='lat' dir='ltr'><strong>Moysem</strong></span> <span class='ocrx_word' id='word_1_825' title='bbox 2472 4652 2585 4722; x_wconf 86' lang='lat' dir='ltr'><strong>lege</strong></span> <span class='ocrx_word' id='word_1_826' title='bbox 2611 4653 2877 4707; x_wconf 87' lang='lat' dir='ltr'><strong>sancitum</strong></span> <span class='ocrx_word' id='word_1_827' title='bbox 2908 4660 3011 4714; x_wconf 91' lang='lat' dir='ltr'><strong>est,</strong></span> <span class='ocrx_word' id='word_1_828' title='bbox 3046 4659 3100 4705; x_wconf 93' lang='lat' dir='ltr'><strong>et</strong></span> <span class='ocrx_word' id='word_1_829' title='bbox 3130 4667 3196 4705; x_wconf 79' lang='lat' dir='ltr'><strong>ex</strong></span> <span class='ocrx_word' id='word_1_830' title='bbox 3224 4665 3416 4703; x_wconf 81' lang='lat' dir='ltr'><strong>corru-</strong></span> 
     </span>
    </p>
   </div>
   <div class='ocr_carea' id='block_1_95' title="bbox 1856 4742 3415 4814">
    <p class='ocr_par' dir='ltr' id='par_1_95' title="bbox 1856 4742 3415 4814">
     <span class='ocr_line' id='line_1_95' title="bbox 1856 4742 3415 4814; baseline 0.001 -19"><span class='ocrx_word' id='word_1_831' title='bbox 1856 4742 2027 4813; x_wconf 90' lang='lat' dir='ltr'><strong>ptioni</strong></span> <span class='ocrx_word' id='word_1_832' title='bbox 2049 4744 2281 4797; x_wconf 76' lang='lat' dir='ltr'><strong>obnoxia</strong></span> <span class='ocrx_word' id='word_1_833' title='bbox 2307 4745 2526 4798; x_wconf 87' lang='lat' dir='ltr'><strong>materia</strong></span> <span class='ocrx_word' id='word_1_834' title='bbox 2552 4753 2945 4813; x_wconf 88' lang='lat' dir='ltr'><strong>comparatum,</strong></span> <span class='ocrx_word' id='word_1_835' title='bbox 2965 4760 3071 4814; x_wconf 92' lang='lat' dir='ltr'><strong>quo</strong></span> <span class='ocrx_word' id='word_1_836' title='bbox 3097 4758 3227 4798; x_wconf 89' lang='lat' dir='ltr'><strong>sane</strong></span> <span class='ocrx_word' id='word_1_837' title='bbox 3248 4744 3415 4796; x_wconf 84' lang='lat' dir='ltr'><strong>moris</strong></span> 
     </span>
    </p>
   </div>
   <div class='ocr_carea' id='block_1_96' title="bbox 1855 4836 3413 4907">
    <p class='ocr_par' dir='ltr' id='par_1_96' title="bbox 1855 4836 3413 4907">
     <span class='ocr_line' id='line_1_96' title="bbox 1855 4836 3413 4907; baseline -0.003 -15"><span class='ocrx_word' id='word_1_838' title='bbox 1855 4840 2031 4895; x_wconf 83' lang='lat' dir='ltr'><strong>fuerat</strong></span> <span class='ocrx_word' id='word_1_839' title='bbox 2060 4848 2266 4894; x_wconf 88' lang='lat' dir='ltr'><strong>veteres</strong></span> <span class='ocrx_word' id='word_1_840' title='bbox 2283 4839 2534 4894; x_wconf 70' lang='lat' dir='ltr'><strong>Ilebrzeos</strong></span> <span class='ocrx_word' id='word_1_841' title='bbox 2569 4847 2623 4893; x_wconf 91' lang='lat' dir='ltr'><strong>et</strong></span> <span class='ocrx_word' id='word_1_842' title='bbox 2658 4840 2968 4894; x_wconf 83' lang='lat' dir='ltr'><strong>sacerdotes</strong></span> <span class='ocrx_word' id='word_1_843' title='bbox 2997 4845 3051 4892; x_wconf 86' lang='lat' dir='ltr'><strong>et</strong></span> <span class='ocrx_word' id='word_1_844' title='bbox 3075 4853 3227 4907; x_wconf 88' lang='lat' dir='ltr'><strong>reges</strong></span> <span class='ocrx_word' id='word_1_845' title='bbox 3252 4836 3413 4907; x_wconf 79' lang='lat' dir='ltr'><strong>inun-</strong></span> 
     </span>
    </p>
   </div>
   <div class='ocr_carea' id='block_1_97' title="bbox 1854 4924 3414 5001">
    <p class='ocr_par' dir='ltr' id='par_1_97' title="bbox 1854 4924 3414 5001">
     <span class='ocr_line' id='line_1_97' title="bbox 1854 4924 3414 5001; baseline -0.006 -14"><span class='ocrx_word' id='word_1_846' title='bbox 1854 4948 1982 5001; x_wconf 87' lang='lat' dir='ltr'><strong>gere</strong></span> <span class='ocrx_word' id='word_1_847' title='bbox 2016 4950 2028 4985; x_wconf 92' lang='lat'><strong>:</strong></span> <span class='ocrx_word' id='word_1_848' title='bbox 2065 4933 2189 4986; x_wconf 91' lang='lat' dir='ltr'><strong>inde</strong></span> <span class='ocrx_word' id='word_1_849' title='bbox 2239 4932 2395 4985; x_wconf 91' lang='lat' dir='ltr'><strong>nobis</strong></span> <span class='ocrx_word' id='word_1_850' title='bbox 2442 4932 2653 4993; x_wconf 91' lang='lat' dir='ltr'><strong>merito,</strong></span> <span class='ocrx_word' id='word_1_851' title='bbox 2685 4940 2739 4985; x_wconf 89' lang='lat' dir='ltr'><strong>et</strong></span> <span class='ocrx_word' id='word_1_852' title='bbox 2784 4929 2925 4984; x_wconf 78' lang='lat' dir='ltr'><strong>Deus</strong></span> <span class='ocrx_word' id='word_1_853' title='bbox 2974 4929 3133 4984; x_wconf 86' lang='lat' dir='ltr'><strong>simul</strong></span> <span class='ocrx_word' id='word_1_854' title='bbox 3170 4934 3220 4981; x_wconf 89' lang='lat' dir='ltr'><strong>et</strong></span> <span class='ocrx_word' id='word_1_855' title='bbox 3254 4924 3414 4979; x_wconf 79' lang='lat' dir='ltr'><strong>Chri-</strong></span> 
     </span>
    </p>
   </div>
   <div class='ocr_carea' id='block_1_98' title="bbox 1854 5021 3411 5093">
    <p class='ocr_par' dir='ltr' id='par_1_98' title="bbox 1854 5021 3411 5093">
     <span class='ocr_line' id='line_1_98' title="bbox 1854 5021 3411 5093; baseline -0.006 -15"><span class='ocrx_word' id='word_1_856' title='bbox 1854 5032 1974 5078; x_wconf 82' lang='lat' dir='ltr'><strong>stus</strong></span> <span class='ocrx_word' id='word_1_857' title='bbox 2010 5025 2311 5093; x_wconf 89' lang='lat' dir='ltr'><strong>appellatus</strong></span> <span class='ocrx_word' id='word_1_858' title='bbox 2344 5031 2446 5084; x_wconf 90' lang='lat' dir='ltr'><strong>est,</strong></span> <span class='ocrx_word' id='word_1_859' title='bbox 2478 5032 2731 5091; x_wconf 91' lang='lat' dir='ltr'><strong>tanquam</strong></span> <span class='ocrx_word' id='word_1_860' title='bbox 2774 5023 2819 5075; x_wconf 89' lang='lat' dir='ltr'><strong>is</strong></span> <span class='ocrx_word' id='word_1_861' title='bbox 2846 5022 2935 5089; x_wconf 86' lang='lat' dir='ltr'><strong>qui</strong></span> <span class='ocrx_word' id='word_1_862' title='bbox 2968 5021 3134 5079; x_wconf 84' lang='lat' dir='ltr'><strong>solus.</strong></span> <span class='ocrx_word' id='word_1_863' title='bbox 3169 5035 3273 5072; x_wconf 87' lang='lat' dir='ltr'><strong>non</strong></span> <span class='ocrx_word' id='word_1_864' title='bbox 3316 5034 3411 5088; x_wconf 77' lang='lat' dir='ltr'><strong>per</strong></span> 
     </span>
    </p>
   </div>
   <div class='ocr_carea' id='block_1_99' title="bbox 1854 5111 3411 5183">
    <p class='ocr_par' dir='ltr' id='par_1_99' title="bbox 1854 5111 3411 5183">
     <span class='ocr_line' id='line_1_99' title="bbox 1854 5111 3411 5183; baseline -0.004 -16"><span class='ocrx_word' id='word_1_865' title='bbox 1854 5114 2121 5175; x_wconf 86' lang='lat' dir='ltr'><strong>homines,</strong></span> <span class='ocrx_word' id='word_1_866' title='bbox 2182 5130 2356 5183; x_wconf 88' lang='lat' dir='ltr'><strong>neque</strong></span> <span class='ocrx_word' id='word_1_867' title='bbox 2404 5113 2471 5166; x_wconf 88' lang='lat' dir='ltr'><strong>ab</strong></span> <span class='ocrx_word' id='word_1_868' title='bbox 2522 5114 2851 5173; x_wconf 86' lang='lat' dir='ltr'><strong>hominibus,</strong></span> <span class='ocrx_word' id='word_1_869' title='bbox 2884 5111 2951 5163; x_wconf 90' lang='lat' dir='ltr'><strong>ah</strong></span> <span class='ocrx_word' id='word_1_870' title='bbox 2994 5111 3107 5178; x_wconf 85' lang='lat' dir='ltr'><strong>ipso</strong></span> <span class='ocrx_word' id='word_1_871' title='bbox 3138 5127 3264 5163; x_wconf 68' lang='lat' dir='ltr'><strong>vero</strong></span> <span class='ocrx_word' id='word_1_872' title='bbox 3293 5111 3411 5161; x_wconf 86' lang='lat' dir='ltr'><strong>uni-</strong></span> 
     </span>
    </p>
   </div>
   <div class='ocr_carea' id='block_1_100' title="bbox 1851 5201 3405 5271">
    <p class='ocr_par' dir='ltr' id='par_1_100' title="bbox 1851 5201 3405 5271">
     <span class='ocr_line' id='line_1_100' title="bbox 1851 5201 3405 5271; baseline -0.005 -13"><span class='ocrx_word' id='word_1_873' title='bbox 1851 5205 1993 5259; x_wconf 90' lang='lat' dir='ltr'><strong>versi</strong></span> <span class='ocrx_word' id='word_1_874' title='bbox 2027 5204 2264 5258; x_wconf 87' lang='lat' dir='ltr'><strong>Auctore</strong></span> <span class='ocrx_word' id='word_1_875' title='bbox 2310 5204 2505 5258; x_wconf 69' lang='lat' dir='ltr'><strong>divinas</strong></span> <span class='ocrx_word' id='word_1_876' title='bbox 2540 5204 2735 5257; x_wconf 68' lang='lat' dir='ltr'><strong>[milite</strong></span> <span class='ocrx_word' id='word_1_877' title='bbox 2788 5210 2949 5271; x_wconf 87' lang='lat' dir='ltr'><strong>atque</strong></span> <span class='ocrx_word' id='word_1_878' title='bbox 3007 5201 3405 5260; x_wconf 73' lang='lat' dir='ltr'><strong>exsultatmnis,</strong></span> 
     </span>
    </p>
   </div>
   <div class='ocr_carea' id='block_1_101' title="bbox 1849 5292 3403 5367">
    <p class='ocr_par' dir='ltr' id='par_1_101' title="bbox 1849 5292 3403 5367">
     <span class='ocr_line' id='line_1_101' title="bbox 1849 5292 3403 5367; baseline -0.008 -14"><span class='ocrx_word' id='word_1_879' title='bbox 1849 5302 2170 5367; x_wconf 88' lang='lat' dir='ltr'><strong>incorporeo</strong></span> <span class='ocrx_word' id='word_1_880' title='bbox 2198 5305 2250 5351; x_wconf 92' lang='lat' dir='ltr'><strong>et</strong></span> <span class='ocrx_word' id='word_1_881' title='bbox 2286 5296 2373 5350; x_wconf 85' lang='lat' dir='ltr'><strong>Dei</strong></span> <span class='ocrx_word' id='word_1_882' title='bbox 2402 5297 2682 5365; x_wconf 84' lang='lat' dir='ltr'><strong>majestate</strong></span> <span class='ocrx_word' id='word_1_883' title='bbox 2708 5296 2867 5364; x_wconf 81' lang='lat' dir='ltr'><strong>digno</strong></span> <span class='ocrx_word' id='word_1_884' title='bbox 2894 5300 3168 5363; x_wconf 80' lang='lat' dir='ltr'><strong>unguento</strong></span> <span class='ocrx_word' id='word_1_885' title='bbox 3202 5292 3271 5345; x_wconf 89' lang='lat' dir='ltr'><strong>sit</strong></span> <span class='ocrx_word' id='word_1_886' title='bbox 3301 5308 3403 5341; x_wconf 84' lang='lat' dir='ltr'><strong>nu-</strong></span> 
     </span>
    </p>
   </div>
   <div class='ocr_carea' id='block_1_102' title="bbox 1851 5383 3406 5459">
    <p class='ocr_par' dir='ltr' id='par_1_102' title="bbox 1851 5383 3406 5459">
     <span class='ocr_line' id='line_1_102' title="bbox 1851 5383 3406 5459; baseline -0.007 -16"><span class='ocrx_word' id='word_1_887' title='bbox 1851 5400 1973 5443; x_wconf 83' lang='lat' dir='ltr'><strong>ctus</strong></span> <span class='ocrx_word' id='word_1_888' title='bbox 2016 5408 2029 5442; x_wconf 89' lang='lat'>:</span> <span class='ocrx_word' id='word_1_889' title='bbox 2073 5397 2404 5459; x_wconf 76' lang='lat' dir='ltr'><strong>quapropter</strong></span> <span class='ocrx_word' id='word_1_890' title='bbox 2437 5389 2582 5455; x_wconf 89' lang='lat' dir='ltr'><strong>jusle</strong></span> <span class='ocrx_word' id='word_1_891' title='bbox 2628 5388 2795 5445; x_wconf 88' lang='lat' dir='ltr'><strong>solus,</strong></span> <span class='ocrx_word' id='word_1_892' title='bbox 2829 5385 2947 5437; x_wconf 89' lang='lat' dir='ltr'><strong>sine</strong></span> <span class='ocrx_word' id='word_1_893' title='bbox 2993 5383 3189 5435; x_wconf 85' lang='lat' dir='ltr'><strong>malitia</strong></span> <span class='ocrx_word' id='word_1_894' title='bbox 3235 5383 3406 5447; x_wconf 73' lang='lat' dir='ltr'><strong>solus,</strong></span> 
     </span>
    </p>
   </div>
   <div class='ocr_carea' id='block_1_103' title="bbox 1854 5474 3403 5548">
    <p class='ocr_par' dir='ltr' id='par_1_103' title="bbox 1854 5474 3403 5548">
     <span class='ocr_line' id='line_1_103' title="bbox 1854 5474 3403 5548; baseline -0.005 -15"><span class='ocrx_word' id='word_1_895' title='bbox 1854 5480 1990 5534; x_wconf 88' lang='lat' dir='ltr'><strong>bene</strong></span> <span class='ocrx_word' id='word_1_896' title='bbox 2019 5486 2072 5533; x_wconf 88' lang='lat' dir='ltr'><strong>et</strong></span> <span class='ocrx_word' id='word_1_897' title='bbox 2103 5479 2266 5548; x_wconf 77' lang='lat'><strong>218</strong></span> <span class='ocrx_word' id='word_1_898' title='bbox 2298 5477 2533 5547; x_wconf 86' lang='lat' dir='ltr'><strong>proprie,</strong></span> <span class='ocrx_word' id='word_1_899' title='bbox 2561 5491 2670 5545; x_wconf 76' lang='lat' dir='ltr'><strong>pra:</strong></span> <span class='ocrx_word' id='word_1_900' title='bbox 2692 5476 2757 5530; x_wconf 79' lang='lat' dir='ltr'><strong>iis</strong></span> <span class='ocrx_word' id='word_1_901' title='bbox 2793 5475 2886 5543; x_wconf 91' lang='lat' dir='ltr'><strong>qui</strong></span> <span class='ocrx_word' id='word_1_902' title='bbox 2914 5474 3084 5544; x_wconf 79' lang='lat' dir='ltr'><strong>ipsius</strong></span> <span class='ocrx_word' id='word_1_903' title='bbox 3116 5474 3403 5542; x_wconf 71' lang='lat' dir='ltr'><strong>pzrticipes</strong></span> 
     </span>
    </p>
   </div>
   <div class='ocr_carea' id='block_1_104' title="bbox 2234 5635 2705 5699">
    <p class='ocr_par' dir='ltr' id='par_1_104' title="bbox 2234 5635 2705 5699">
     <span class='ocr_line' id='line_1_104' title="bbox 2234 5635 2705 5699; baseline -0.002 -9"><span class='ocrx_word' id='word_1_904' title='bbox 2234 5639 2255 5670; x_wconf 81' lang='grc'>⁸</span> <span class='ocrx_word' id='word_1_905' title='bbox 2286 5635 2428 5692; x_wconf 86' lang='lat' dir='ltr'><strong>Psal.</strong></span> <span class='ocrx_word' id='word_1_906' title='bbox 2463 5650 2612 5699; x_wconf 59' lang='grc' dir='ltr'>ξων,</span> <span class='ocrx_word' id='word_1_907' title='bbox 2650 5636 2705 5691; x_wconf 86' lang='lat'><strong>8.</strong></span> 
     </span>
    </p>
   </div>
  </div>
