3866 6202
407 290 515 348 359

1045 281 1315 339 EUSEBH
1345 275 1826 339 CIESARIENS-IS
1857 279 2007 338 OPP.
2040 277 2238 335 PARS.
2273 277 2339 335 11.
2379 310 2451 320 -
2488 277 2986 336 APOLOGETICA.

3548 273 3651 329 360

396 404 771 465 nominantur,
819 399 1072 455 Christus
1116 396 1436 468 appelletur.
1489 396 1792 469 Participes
1841 414 1973 454 vero

2075 415 2191 467 γειν
2215 415 2228 428 ο
2265 416 2284 450 ι
2315 398 2548 469 Μέτοχοι
2576 398 2685 471 γὰρ
2705 398 3006 468 γεγόναμεν
3033 393 3269 466 Χριστοῦ
3299 411 3313 460 ;
3353 413 3370 446 ι
3411 395 3542 467 περὶ
3579 388 3654 448 ὧν

392 501 514 570 ejus
536 497 754 568 quinam
781 506 967 563 qmeso
1001 490 1134 554 sint,
1158 489 1266 544 nisi
1293 490 1332 544 ii
1363 491 1455 560 qui
1488 490 1672 546 dicere
1693 498 1923 562 possunt
1950 509 1968 548 :

405 609 424 643 ‹
464 587 763 656 Ροιιιῐοῑροε
780 584 924 639 enim
957 581 1086 636 facti
1107 598 1297 638 sumus
1323 581 1530 656 Christi
1549 583 1606 635 '?
1633 601 1652 635 ι
1675 581 1750 637 De
1774 582 1970 652 quibus

395 683 600 737 dictum
634 683 717 733 est
751 694 763 727 :
807 695 825 727 ‹
873 673 1052 728 Nolite
1085 683 1306 745 tangere
1341 659 1584 730 ’christos
1611 689 1780 738 meos,
1821 681 1875 728 et
1915 675 1972 728 in

395 772 676 844 pr0phetis
726 769 863 824 meis
911 769 1080 823 nolite
1129 767 1504 839 malignari".
1555 788 1573 821 ι
1621 768 1752 822 Item
1808 767 1972 838 igitur

397 877 522 917 cum
560 861 626 914 in‘
663 860 748 914 his
803 859 962 929 plane
997 857 1250 913 Christus
1279 858 1608 926 apparuerit,
1633 864 1687 912 et
1714 856 1968 919 dilectus.

399 960 454 1009 et
485 951 649 1016 Deus,
677 959 732 1006 et
778 966 897 1014 rex,
927 957 1142 1019 tempus
1167 949 1233 1003 de
1261 949 1354 1002 illo
1382 959 1442 1003 ut
1477 962 1808 1018 quaeramus,
1835 962 1972 1017 quo-

396 1044 581 1108 modo,
613 1042 832 1114 quitam
855 1039 1078 1112 grandis
1113 1039 1203 1104 sit,
1236 1039 1486 1094 inimicos
1507 1039 1705 1094 habere
1733 1039 1968 1104 dicatur,

397 1143 454 1190 et
481 1149 746 1206 quosnam
782 1130 940 1195 istos,
971 1139 1022 1185 et
1050 1137 1272 1200 pr0pter
1299 1145 1458 1198 quam
1495 1143 1738 1188 causam.
1777 1128 1972 1183 adver-

399 1244 496 1285 sus
527 1241 666 1298 quos
711 1239 841 1280 suas
887 1223 1134 1294 sagittas,
1164 1238 1432 1293 suumque
1462 1223 1700 1292 gladium
1733 1223 1969 1285 exacuit,

399 1329 453 1378 et
484 1334 591 1390 quo
622 1327 780 1388 pacto
825 1316 990 1372 nullis
1032 1317 1199 1372 armis
1248 1316 1517 1370 instructa
1547 1316 1685 1380 acie,
1718 1316 1810 1370 sed
1847 1331 1973 1386 pro-

399 1422 521 1484 pter
553 1417 834 1465 veritatem
866 1419 920 1463 et
963 1409 1433 1463 mansuetudinem
1464 1416 1519 1462 et
1563 1407 1856 1477 justitiam,
1889 1408 1968 1460 in-

399 1504 766 1560 numerabiles
797 1503 900 1558 sibi
935 1502 1036 1570 ipsi
1071 1502 1347 1572 subegerit
1378 1503 1630 1572 populos.
1669 1502 1770 1568 Qui
1804 1502 1975 1572 igitur

401 1597 519 1652 haec
565 1595 879 1667 diligentius
909 1596 1122 1666 quaerit,
1152 1595 1298 1650 hunc
1327 1602 1545 1664 oportet
1577 1609 1642 1648 ea
1675 1594 1974 1650 transferre

403 1688 469 1744 ad
501 1688 835 1744 Salvatorem
861 1703 924 1743 ac
951 1687 1238 1743 Dominum
1268 1696 1516 1742 nostrum
1537 1685 1744 1749 Iesum,
1767 1688 1860 1757 qui
1886 1694 1968 1742 est

402 1778 656 1834 Christus
683 1775 798 1841 Dei,
828 1787 881 1832 et
916 1777 982 1832 ad
1039 1791 1102 1831 ea
1151 1791 1432 1831 recurrere
1481 1791 1601 1846 quae
1628 1775 1696 1831 de
1714 1776 1876 1831 .illius
1907 1777 1973 1831 ad
2005 1759 2046 1814 Β

403 1869 652 1924 homines
708 1866 941 1922 adventu
985 1882 1016 1920 a
1048 1867 1208 1922 nobis
1227 1868 1478 1936 exposita
1513 1874 1642 1922 sunt
1672 1886 1688 1921 :
1725 1867 1815 1922 ubi
1848 1882 1972 1921 cum

404 1961 712 2018 hostilesoet
741 1959 917 2013 visum
959 1968 1210 2013 nostrum
1240 1957 1558 2028 effugientes
1580 1958 1972 2030 ﬂagitiosorum

404 2065 469 2106 ac
501 2051 788 2105 noxiorum
824 2050 1127 2104 daemonum
1163 2064 1564 2120 pravorumque
1591 2060 1754 2120 atque
1795 2052 1973 2123 impu-

402 2157 589 2199 rorum
606 2143 895 2212 spirituum
925 2149 1222 2212 potestates
1237 2141 1368 2196 dare
1395 2149 1546 2212 terga
1570 2144 1830 2213 coegerit,
1851 2159 1976 2214 per-

403 2251 565 2308 quam
617 2233 1038 2289 innumerabiles
1080 2235 1185 2289 sibi
1219 2235 1322 2305 ipsi
1354 2250 1421 2290 ex
1455 2235 1709 2291 omnibus
1742 2237 1976 2290 nationi-

401 2328 504 2383 bus
528 2329 756 2399 populos
775 2327 1110 2398 comparavit
1165 2346 1179 2382 :
1229 2341 1390 2397 quem
1415 2327 1540 2383 inde
1569 2329 1734 2382 etiam
1783 2343 1973 2383 verum

403 2417 498 2474 Dei
530 2417 807 2474 Christum
845 2419 1120 2489 appellare
1149 2420 1461 2485 conveniat,
1499 2420 1698 2490 quippe
1727 2419 1821 2489 qui
1865 2437 1976 2474 non

403 2511 680 2566 communi
721 2511 862 2573 oleo,
909 2519 969 2566 ut
1023 2511 1190 2580 prisci
1220 2517 1639 2574 consueverant,
1667 2511 1740 2565 sit
1780 2520 1977 2567 unctus

406 2601 605 2670 (neque
635 2601 801 2654 etiam
833 2601 938 2656 tale
975 2603 1268 2673 quidquam
1307 2601 1374 2656 de
1403 2602 1496 2655 illo
1526 2602 1803 2656 memoriae
1852 2618 1978 2672 pro-

404 2691 577 2745 ditum
626 2691 753 2763 est),
818 2693 908 2746 sed
955 2693 1320 2763 praestantiori
1384 2693 1620 2762 quodam
1687 2693 1978 2764 divinoque

405 2791 704 2852 mguento,
734 2799 798 2837 ex
825 2799 932 2854 quo
962 2785 1147 2854 utique
1172 2785 1333 2840 etiam
1376 2801 1474 2856 per
1503 2784 1720 2850 Isaiam,
1755 2787 1836 2842 sic
1863 2789 1974 2842 ait:

410 2892 430 2926 ι
465 2873 702 2944 Spiritus
749 2872 964 2930 Domini
1013 2891 1177 2946 super
1220 2892 1326 2941 me,
1377 2878 1778 2949 pr0pter-quod
1824 2880 1980 2934 unxit

405 2967 582 3020 me“.
619 2985 636 3017 ι
671 2965 942 3031 Quocirca
992 2966 1132 3022 inter
1188 2957 1378 3022 omnes
1426 2969 1807 3039 potissimum,
1857 2971 1980 3041 qui-

405 3073 620 3128 cunque
659 3074 908 3154 -uuq.uam
953 3058 1094 3154 apud
1149 3057 1402 3115 Hebraeos
1455 3062 1794 3154 corporalius
1824 3061 1973 3116 uncti
2003 3097 2044 3154 ρ

407 3157 555 3213 sunt,
593 3148 744 3204 solus
776 3147 832 3201 in
864 3155 979 3202 toto
1015 3147 1146 3202 orbe
1189 3154 1459 3202 terrarum
1507 3148 1653 3217 apud
1689 3149 1976 3206 universos

406 3239 611 3295 Christi
661 3239 881 3294 nomine
927 3239 1257 3302 celebratur,
1307 3247 1362 3294 et
1411 3238 1853 3294 Christianorum
1909 3238 1978 3294 ab

408 3328 528 3400 ipso
573 3328 802 3384 deducta
853 3329 1235 3400 appellatione,
1266 3336 1436 3383 totam
1489 3345 1609 3400 quae
1662 3330 1979 3386 habitantur

407 3426 608 3472 terram
656 3418 896 3488 implevit
934 3438 947 3472 :
979 3418 1377 3488 quodammodo
1445 3429 1627 3476 autem
1680 3421 1832 3476 illum
1876 3438 1978 3476 nn-

407 3516 556 3564 ctum
586 3525 707 3564 esse
735 3508 1002 3572 dicamus,
1037 3518 1092 3564 et
1135 3510 1264 3579 quid
1299 3511 1403 3566 hoc
1433 3511 1507 3565 sit
1539 3521 1898 3583 unguentum,
1924 3523 1979 3570 et

408 3601 664 3674 quisnam
739 3600 1016 3655 unctionis
1072 3601 1288 3665 modus,
1353 3602 1570 3659 abunde
1645 3604 1779 3660 satis
1837 3605 1978 3659 libro

408 3696 590 3765 priore
641 3693 1016 3748 tractavimus.
1057 3692 1227 3748 Porro
1287 3694 1340 3750 in
1394 3695 1557 3764 hujus
1608 3695 1769 3751 labiis
1817 3705 1978 3766 atque

409 3787 660 3842 doctrina
689 3793 840 3840 tanta
873 3783 1044 3840 eﬂ‘usa
1074 3795 1160 3840 est
1189 3785 1388 3856 gratia,
1426 3794 1484 3840 ut
1527 3786 1678 3841 brevi
1713 3794 1975 3857 tempore,

409 3893 473 3933 ea
505 3893 626 3948 qua:
659 3878 726 3932 ab
759 3877 879 3948 ipso
902 3877 1226 3932 denuntiata
1251 3884 1356 3943 est,
1391 3878 1752 3934 sanctimonia
1780 3888 1834 3935 et
1866 3881 1979 3950 pie-

408 3978 539 4034 tate,
565 3985 780 4025 omnem
806 3970 983 4024 locum
1014 3970 1340 4041 impleverit.
1373 3969 1561 4042 Itaque
1589 3971 1701 4040 jam
1735 3987 1880 4026 nunc
1923 3973 1977 4027 in

410 4061 664 4117 omnibus
713 4062 960 4132 gentibus
997 4061 1140 4131 apud
1185 4077 1280 4117 eos
1325 4063 1420 4132 qui
1462 4063 1764 4120 doctrinam
1806 4063 1977 4133 ipsius

411 4151 708 4221 accipiunt,
741 4151 1091 4220 comprobata
1142 4151 1262 4220 ejus
1317 4153 1630 4224 prophetiae,
1669 4169 1789 4224 quae
1835 4171 1980 4209 nunc

411 4243 469 4296 in
533 4243 786 4296 manibus
855 4249 973 4305 est,
1062 4243 1289 4298 veritate
1325 4283 1341 4309 ,
1421 4253 1476 4300 et
1550 4245 1695 4316 regis
1761 4253 1816 4300 et
1884 4245 1978 4301 Dei

412 4331 639 4401 gloriam
707 4329 935 4400 adeptus
979 4337 1083 4396 est,
1139 4338 1193 4386 et
1265 4333 1408 4402 apud
1476 4348 1636 4388 omne
1700 4335 1978 4390 hominum

2070 488 2284 560 εἴρηται
2306 505 2320 518 ·
2351 508 2368 538 ι
2406 489 2498 558 Μὴ
2533 488 2766 542 ἅπτεσθε
2789 486 2896 540 τῶν
2921 485 3156 557 χριστῶν
3181 501 3280 555 μου
3301 523 3316 548 ,
3342 484 3438 537 καὶ
3466 486 3526 538 ἐν
3543 488 3654 550 τοῖς

2070 579 2375 650 προφήταις
2406 595 2507 648 μου
2547 577 2621 649 μὴ
2645 577 3032 649 πονηρεύεσθε.
3066 595 3084 628 ι
3114 577 3224 628 Καὶ
3253 576 3318 644 δὴ
3347 575 3653 645 πεφηνότος

2069 670 2156 723 διὰ
2176 669 2378 722 τούτων
2403 670 2588 739 σαφῶς
2615 668 2706 722 τοῦ
2733 667 2965 740 Χριστοῦ
3002 666 3285 738 ἀγαπητοῦ
3307 707 3320 729 ,
3357 668 3449 719 καὶ
3479 667 3618 720 Θεοῦ
3638 707 3652 728 ,

2070 763 2162 815 καὶ
2192 761 2456 831 βασιλέως
2480 800 2494 824 ,
2523 759 2640 832 ὥρα
2683 775 2741 812 σε
2781 759 2982 830 ζητεῖν,
3019 761 3046 811 ό
3079 757 3394 828 τηλικοῦτος
3418 758 3535 821 πῶς
3565 761 3657 830 ἐχ-

2071 855 2233 926 θροὺς
2263 854 2406 925 ἔχειν
2434 853 2677 922 λέγεται,
2710 853 2804 906 καὶ
2830 853 3001 916 τίνας,
3025 854 3118 906 καὶ
3134 853 3201 905 δι’
3219 853 3286 923 ἢν
3307 852 3503 914 αίτίαν,
3527 851 3657 906 καθ’

2069 943 2145 1002 ὧν
2177 946 2246 1000 τά
2278 946 2469 1000 ἐαυτοῦ
2500 946 2652 1018 βέλη,
2678 944 2772 999 καί
2804 948 2903 1016 τὴν
2932 945 3123 1000 ἐαυτοῦ
3154 946 3427 1017 ῥομφαίαν
3452 946 3656 1015 ἠκονη-

2072 1057 2235 1104 σατο,
2282 1041 2429 1102 ὃπως
2461 1057 2520 1091 τε
2567 1041 2626 1092 οὐ
2678 1039 2743 1091 δι’
2779 1038 3062 1108 ὁπλιτικῆς
3106 1037 3495 1108 παρατάξεως,
3539 1036 3658 1089 ἀλλ’

2069 1131 2251 1184 ἕνεκεν
2289 1129 2544 1200 ἀληθείας
2569 1130 2662 1183 καὶ
2693 1129 2996 1200 πραότητος
3041 1128 3134 1180 καὶ
3169 1125 3519 1196 δικαιοσύνης
3563 1144 3660 1195 μυ-

2073 1225 2221 1296 ρίους
2241 1224 2551 1294 ὑπηγάγετο
2566 1222 2742 1293 ἐαυτῷ
2756 1222 2936 1286 λαούς,
2961 1220 3258 1284 Ζητοῦντας
3281 1220 3390 1292 γὰρ
3413 1218 3661 1291 ἀκριϐῶς

2070 1315 2278 1380 ταῦτα,
2308 1317 2484 1380 καλῶς
2519 1315 2582 1368 ἂν
2613 1315 2723 1385 ἔχοι
2757 1315 3079 1385 μεταφέρειν
3111 1314 3248 1366 αύτά
3285 1313 3378 1366 ἐπὶ
3413 1309 3506 1365 τὸν
3544 1313 3660 1365 Σω-

2071 1409 2210 1479 τῆρα
2232 1409 2328 1462 καὶ
2351 1408 2552 1480 Κύριον
2582 1410 2613 1478 ἡ
2623 1406 2738 1478 μῶν
2761 1407 2967 1478 Ἰησοῦν
2993 1405 3085 1458 τὸν
3113 1404 3346 1476 Χριστὸν
3377 1403 3472 1458 τοῦ
3497 1403 3659 1467 Θεοῦ,

2073 1499 2434 1571 ἀνατρέχοντα
2458 1499 2550 1552 ἐπὶ
2577 1499 2644 1550 τά
2673 1496 2919 1562 διεξωδευ
2928 1497 3062 1569 μένα
3095 1497 3221 1568 περὶ
3238 1496 3338 1566 τῆς
3357 1499 3437 1560 είς
3459 1496 3664 1568 ἀνθρὼ-

2076 1609 2209 1654 πους
2234 1591 2398 1644 αὑτοῦ
2421 1591 2676 1662 παρόδου,
2702 1591 2822 1645 καθ’
2849 1591 2915 1662 ἢν
2937 1590 3035 1654 τάς
3059 1589 3257 1661 ἐχθράς
3279 1588 3374 1644 καὶ
3393 1590 3665 1661 ἀοράτους

2077 1683 2332 1755 δυνάμεις
2373 1683 2480 1735 τῶν
2526 1683 2814 1754 μοχθηρῶν
2846 1686 2940 1738 κα)⁸
2979 1681 3322 1753 λυμαντικῶν
3365 1682 3661 1752 δαιμόνων,

2074 1775 2180 1828 τῶν
2212 1793 2269 1828 τε
2308 1773 2558 1847 πονηρῶν
2595 1775 2688 1829 καί
2715 1773 3044 1845 ἀκαθάρτων
3077 1773 3406 1844 πνευμάτων
3434 1789 3664 1844 τροπω‹

2075 1867 2338 1937 σάμενος,
2384 1865 2608 1937 μυρίους
2648 1866 2807 1928 ὅσους
2860 1863 3041 1934 ἑαυτῷ
3085 1863 3246 1926 λαοὺς
3297 1861 3356 1927 ἐξ
3403 1863 3665 1916 ἁπάντων

2072 1961 2177 2013 τῶν
2203 1960 2370 2013 ἐθνῶν
2404 1960 2795 2030 συνεστήσατο·
2824 1958 2882 2011 ὃν
2907 1959 2998 2010 καὶ
3028 1957 3260 2030 Χριστὸν
3284 1955 3468 2027 ἀληθῆ
3491 1972 3664 2027 προσ-

2073 2052 2194 2123 ήκοι
2226 2051 2290 2106 ἂν
2322 2050 2416 2104 τοῦ
2441 2050 2574 2103 Θεοῦ
2603 2049 2850 2104 ἐνθεῦθεν
2874 2047 3242 2122 ἀναγορεύειν,
3267 2049 3326 2100 ού
3361 2048 3535 2119 κοινῷ
3563 2049 3662 2118 μὲν

2074 2142 2237 2213 ἐλαίῳ
2263 2142 2371 2197 τῶν
2399 2143 2568 2196 πάλαι
2619 2141 2864 2214 συνήθως
2887 2142 3176 2213 χρισθέντα
3219 2140 3376 2212 (οὔτε
3403 2137 3502 2194 οὖν
3530 2142 3666 2193 ἱστο·

2079 2234 2247 2307 ρεῖταί
2284 2251 2334 2288 τι
2386 2235 2515 2307 περὶ
2553 2235 2716 2288 αὑτοῦ
2755 2235 3037 2305 τοιοῦτον),
3066 2234 3334 2306 κρείττονι
3366 2233 3424 2286 δὲ
3450 2233 3551 2286 καὶ
3581 2235 3664 2286 ἐν·

2076 2328 2182 2397 θέῳ
2236 2327 2520 2398 χρίσματι,
2558 2328 2686 2399 παρ’
2735 2325 2764 2380 ὃ
2822 2327 2885 2398 δὴ
2933 2326 3024 2382 καὶ
3071 2326 3156 2380 διὰ
3206 2327 3432 2379 Ἡσαΐου
3489 2323 3628 2396 φησί
3644 2340 3658 2355 ο

2081 2436 2099 2469 ι
2141 2419 2365 2489 Πνεῦμα
2395 2407 2600 2489 Κυρίου
2628 2418 2712 2471 ἐπ’
2760 2418 2858 2488 ἐμὲ
2887 2459 2900 2482 ,
2933 2413 2994 2472 οῦ
3037 2419 3244 2472 εἵνεκεν
3282 2415 3468 2489 ἔχρισέ
3503 2433 3596 2486 με.
3640 2433 3658 2466 ι

2079 2509 2239 2563 Ὅθεν
2256 2511 2348 2564 καὶ
2373 2512 2570 2583 μᾶλλον
2597 2511 2851 2564 ἁπάντων
2869 2511 2975 2564 τῶν
2993 2509 3214 2564 πώποτε
3233 2511 3361 2580 παρ’
3385 2501 3668 2578 Ἑϐραίοις

2078 2602 2528 2673 σωματικώτερον
2555 2601 2888 2674 χρισθέντων
2921 2603 3080 2673 μόνος
3109 2601 3211 2656 ἀνά
3247 2603 3426 2654 πᾶσαν
3461 2600 3566 2669 τὴν
3599 2602 3666 2652 ol-

2078 2695 2351 2768 κουμὲνην
2378 2695 2613 2766 Χριστος
2641 2694 2790 2767 παρά
2815 2698 2927 2758 τοῖς
2966 2696 3099 2748 πᾶσι
3131 2692 3406 2764 βεϐόηται,
3435 2691 3536 2744 καὶ
3565 2691 3668 2760 τῆς

2077 2787 2136 2852 ἐξ
2179 2787 2343 2842 αὐτοῦ
2388 2787 2726 2859 Χριστιανῶν
2781 2786 3154 2859 προσηγορίας
3208 2785 3306 2855 τὴν
3361 2773 3666 2854 σύμπασαν

2077 2878 2310 2950 ἔπλησεν
2325 2879 2668 2949 οἰκουμένην.
2689 2880 2876 2941 Ὅπως
2892 2877 2947 2930 δέ
2965 2895 3140 2949 φαμεν
3169 2869 3327 2929 αὐτὸν
3347 2875 3664 2946 κεχρίσθαι,

2077 2973 2172 3026 καὶ
2197 2971 2248 3025 τί
2269 2970 2331 3025 τὺ
2351 2972 2579 3043 χρίσμα,
2617 2973 2710 3024 καὶ
2733 2970 2817 3034 τίς
2849 2972 2876 3022 ὁ
2908 2971 3006 3041 τῆς
3036 2969 3266 3041 χρίσεως
3295 2968 3527 3038 τρόπος,
3563 2968 3667 3021 αὐ-

2077 3064 2293 3133 τάρκως
2319 3065 2377 3116 ἐν
2399 3061 2476 3132 τῷ
2507 3062 2610 3134 πρὸ
2633 3061 2822 3115 τούτου
2853 3061 3243 3132 συγγράμματι
3275 3059 3665 3130 διειλήφαμεν.

2075 3152 2276 3206 Τούτου
2319 3153 2378 3207 δὲ
2410 3155 2467 3207 ἐν
2503 3155 2615 3216 τοῖς
2654 3152 2857 3224 χείλεσι
2890 3151 2982 3204 καὶ
3028 3153 3084 3204 ὲν
3121 3153 3186 3221 τῇ
3224 3141 3550 3220 διδασκαλίᾳ
3587 3165 3667 3202 τοι

2079 3242 2250 3315 σαύτη
2274 3242 2547 3315 κατεχύθη
2575 3244 2734 3316 χάρις
2751 3283 2766 3308 ,
2802 3243 2878 3305 ὡς
2903 3243 2958 3295 ἐν
2991 3241 3154 3311 ὀλίγῳ
3179 3241 3355 3295 πάντα
3377 3241 3546 3294 τόπον
3577 3242 3667 3309 ἑμ-

2077 3335 2276 3408 πλῆσαι
2319 3336 2416 3408 τῆς
2460 3336 2594 3408 πρὸς
2640 3335 2802 3389 αὑτοῦ
2852 3332 3309 3404 καταγγελθείσης
3344 3332 3665 3395 εὐσεϐείαςδ

2076 3426 2214 3480 ὥστε
2231 3427 2329 3498 ἤδη
2351 3429 2408 3480 ἐν
2431 3428 2595 3479 πᾶσιν
2619 3424 2816 3488 ἔθνεσι,
2847 3424 2997 3496 παρά
3023 3426 3135 3485 τοῖς
3179 3422 3276 3492 τὴν
3306 3420 3668 3474 διδασκαλίαν

2077 3521 2240 3575 αὑτοῦ
2285 3519 2556 3592 μετιοῦσιν
2576 3559 2590 3582 ,
2621 3516 2929 3579 ἀκολούθως
2961 3518 3026 3586 τῇ
3063 3514 3200 3585 μετά
3221 3517 3406 3584 χεῖρας
3440 3529 3668 3583 προς-,ηδ

2075 3615 2214 3685 τείᾳ,
2241 3613 2335 3666 καὶ
2358 3611 2617 3682 βασιλέως
2633 3609 2727 3664 καὶ
2745 3607 2878 3661 Θεοῦ
2895 3607 3052 3674 δόξαν
3079 3603 3500 3679 περιϐεϐλῆσθαι
3523 3645 3541 3668 ,
3569 3605 3670 3660 καὶ

2079 3723 2152 3758 πα
2162 3704 2228 3776 ρά
2241 3706 2401 3758 πᾶσιν
2415 3701 2719 3774 ἀνθρώποις
2733 3700 2962 3772 Χριστὸν
2983 3695 3424 3770 ἀναγορεύεσθαι.
3441 3697 3489 3748 Π
3495 3697 3668 3767 966n-

2077 3795 2156 3849 λοι
2182 3795 2238 3848 δὲ
2263 3797 2356 3848 καὶ
2377 3795 2426 3847 οἱ
2447 3793 2650 3865 ἐχθροὶ,
2669 3794 2730 3846 οὐ
2765 3792 2921 3862 μόνον
2938 3792 2986 3843 oi
3005 3793 3130 3861 πρὶν
3154 3790 3436 3858 γεγονότες
3461 3789 3668 3854 αὑτοῦ,

2078 3887 2210 3943 ἀλλὰ
2245 3889 2339 3941 καὶ
2375 3889 2422 3940 οἱ
2463 3888 2552 3941 ἀεὶ
2590 3884 3095 3957 προσπολεμοῦντες
3139 3881 3302 3936 αὐτοῦ
3352 3881 3430 3951 τῷ
3471 3880 3666 3952 λόγῳ,

2077 3981 2186 4034 εἴτε
2220 3982 2276 4033 ἐν
2310 3977 2638 4050 ἀνθρώποις,
2675 3979 2784 4031 εἴτε
2816 3977 2909 4029 καὶ
2951 3977 3010 4028 ἐν
3041 3973 3291 4044 ἀοράτοις
3335 3971 3669 4042 δυνάμεσιν,

2077 4072 2168 4136 οὓς
2192 4070 2405 4144 ἀοράτῳ
2437 4069 2529 4124 καὶ
2557 4069 2813 4140 λεληθυίᾳ
2843 4067 3071 4137 δυνάμει
3100 4067 3330 4120 πάντοτε
3363 4063 3668 4135 καθαιρῶν

2078 4165 2138 4230 ἐξ
2162 4165 2412 4219 ἀπάντων
2435 4161 2541 4216 τῶν
2567 4161 2737 4215 ἐθνῶν
2778 4161 3061 4223 παντοίους
3105 4156 3280 4228 ἐαυτῷ
3324 4156 3489 4219 λαοὺς
3517 4156 3670 4210 ὑπο-

2077 4255 2311 4326 χειρίους
2366 4253 2678 4323 πεποίηται.
2739 4251 2823 4304 Τά
2875 4250 2930 4304 δὲ
2991 4250 3116 4320 ἑξῆς
3166 4250 3223 4302 ἐν
3277 4247 3355 4319 τῷ
3407 4246 3667 4318 ψαλμῷ,

2085 4366 2103 4399 ι
2139 4346 2378 4419 Σμύρνα,
2408 4345 2502 4400 καὶ
2526 4344 2750 4414 στακτὴ,
2783 4343 2877 4396 καὶ
2904 4343 3102 4395 κασσία
3128 4341 3236 4394 ἀπὸ
3266 4339 3371 4394 τῶν
3416 4339 3669 4410 ἱματίων

415 4436 587 4491 genus
619 4420 871 4476 Christus
899 4423 1220 4494 appellatur.
1249 4421 1388 4478 Sunt
1409 4431 1586 4479 autem
1610 4424 1730 4495 ejus
1763 4442 1975 4496 quoque

2081 4455 2196 4501 σου,
2237 4458 2255 4490 ι
2290 4438 2359 4492 τά
2401 4454 2458 4491 τε
2500 4437 2594 4490 ἐπὶ
2632 4435 2862 4498 τούτοις,
2889 4435 2968 4498 ὡς
2999 4434 3127 4508 περὶ
3163 4431 3426 4504 βασιλίδος
3453 4430 3667 4503 δηλού-

415 4513 623 4568 inimici
677 4513 968 4582 manifesti,
1012 4529 1122 4569 non
1146 4515 1308 4571 modo
1334 4516 1427 4587 qui
1459 4517 1612 4586 prius
1631 4518 1975 4584 exstiterant,

415 4605 514 4660 sed
561 4606 724 4660 etiam
763 4606 855 4675 qui
915 4621 1129 4676 semper
1177 4607 1350 4678 ipsius
1397 4609 1566 4664 verbo
1600 4609 1979 4676 adversantur,

413 4695 580 4768 219
615 4697 730 4752 sive
766 4697 842 4752 illi
883 4701 938 4754 in
971 4701 1318 4768 hominibus,
1355 4700 1471 4755 sive
1498 4700 1554 4754 in
1584 4699 1972 4772 eﬂ‘ugientibus

414 4791 593 4846 visum
633 4799 879 4848 nostrum
918 4793 1279 4864 potestatibus
1318 4793 1465 4858 sint,
1500 4808 1640 4864 quos
1668 4794 1759 4849 ille
1788 4795 1979 4851 invisi-

416 4885 512 4939 bili
543 4886 865 4956 occultaque
899 4887 1100 4944 virtute
1129 4903 1196 4944 ex
1231 4888 1485 4944 omnibus
1524 4889 1780 4959 gentibus
1822 4890 1970 4944 aufe-

418 4989 545 5031 rens
582 4983 636 5030 et
673 4976 1032 5043 subvertens,
1071 4978 1250 5035 omnis
1316 4980 1532 5050 generis
1599 4981 1830 5050 populos
1868 4981 1976 5036 sibi

419 5066 523 5135 ipsi
551 5067 925 5124 auscultantes
953 5069 1152 5125 eﬁ'ecit.
1187 5069 1320 5136 Quae
1348 5085 1477 5126 vero
1519 5071 1575 5125 in
1604 5071 1795 5127 eodem
1825 5073 1972 5142 psal-

419 5172 509 5211 mo
549 5169 945 5229 sequunturzr
974 5159 1224 5234 Myrrha,
1277 5170 1333 5218 et
1385 5170 1572 5234 gutta,
1621 5173 1676 5220 et
1721 5165 1897 5220 cassia
1945 5181 1978 5220 a

2083 4547 2220 4602 μενα
2246 4532 2338 4584 καὶ¹
2367 4528 2633 4601 θυγατρὸς
2662 4529 2753 4582 τὸν
2783 4527 3032 4598 πατρῷον
3068 4523 3215 4580 οἷκον
3251 4525 3664 4597 ἀπολιπούσης,

2079 4623 2172 4676 καὶ
2203 4621 2280 4693 τῷ
2309 4619 2703 4693 προδηλωθέντι
2733 4617 2972 4691 Χριστῷ,
3007 4619 3100 4672 καὶ
3135 4616 3360 4688 βασιλεῖ,
3395 4618 3496 4670 καὶ
3533 4616 3664 4688 Θεῷ

2077 4713 2495 4784 νυμφευθείσης,
2530 4712 2731 4784 Κύριόν
2757 4729 2817 4764 τε
2859 4711 3019 4765 αὑτὸν
3064 4707 3528 4781 ἀναγορευούσης,
3564 4709 3667 4762 ἐπὶ

2074 4807 2172 4878 τὴν
2203 4805 2262 4870 ἐξ
2287 4805 2452 4860 ἐθνῶν
2491 4803 2835 4877 Ἐκκλησίαν,
2864 4803 2961 4874 τὴν
2992 4801 3249 4874 πατρῴαν
3276 4800 3370 4854 καί⁵
3401 4799 3636 4870 δαιμονι
3655 4830 3668 4841 ·

2078 4899 2180 4968 κὴν
2203 4899 2638 4968 ἀποστραφεῖσαν
2664 4897 2888 4967 πλάνην,
2917 4895 3302 4967 καθηραμένην
3339 4910 3421 4956 τε,
3453 4894 3557 4946 καὶ
3584 4897 3661 4964 τῇ

2080 4989 2172 5040 τοῦ
2222 4987 2365 5041 θείου
2403 4987 2558 5056 λόγου
2605 4986 2854 5057 κοινωνίᾳ
2889 4985 3400 5058 καθαρμοσαμένην,
3433 4984 3630 5052 ἀνατρέ

2083 5083 2212 5152 ροιτ⁹
2257 5080 2322 5134 ἂν
2348 5081 2445 5152 τῆς
2484 5079 2864 5151 προσηκούσης
2893 5079 3227 5150 τυγχάνοντα
3259 5077 3396 5131 κατά
3447 5073 3664 5147 σχολὴν

2082 5175 2392 5247 ἑρμηνείας.

418 5298 759 5358 vestimentis
823 5303 933 5358 tuis
965 5303 1030 5370 ι’,
1061 5321 1080 5355 ι
1105 5312 1160 5358 et
1210 5310 1407 5359 caetera
1443 5303 1736 5372 deinceps,
1778 5319 1898 5374 quae
1937 5305 2194 5360 dicuntur
2249 5303 2405 5375 quasi
2437 5302 2502 5358 de
2559 5305 2743 5374 regina
2775 5314 2828 5361 et
2861 5305 3000 5370 tilia,
3053 5322 3174 5376 quae
3212 5313 3497 5376 paternam
3549 5307 3660 5364 do-

418 5402 568 5442 mum
600 5387 894 5456 reliquerit,
924 5398 1149 5456 quaaque
1173 5394 1226 5438 et
1253 5382 1490 5447 Christo,
1525 5393 1579 5438 et
1603 5383 1735 5452 regi,
1762 5393 1814 5437 et
1841 5383 1949 5438 Deo
1980 5383 2046 5437 de
2073 5398 2182 5453 quo
2209 5384 2412 5439 dictum
2447 5395 2549 5450 est,
2581 5386 2902 5456 desponsata
2943 5390 3030 5455 sit,
3067 5391 3469 5464 Dominumque
3493 5395 3671 5453 illum

423 5483 650 5550 appellet
683 5500 695 5535 :
731 5481 797 5536 ad
829 5497 948 5537 eam
983 5496 1103 5551 qua:
1129 5480 1195 5536 de
1232 5479 1478 5551 gentibus
1499 5480 1723 5535 collecta
1759 5488 1843 5536 est
1879 5478 2194 5539 Ecclesiam.
2235 5497 2264 5536 a
2295 5482 2470 5552 patrio
2503 5485 2909 5557 dtemouicoque
2955 5501 3140 5542 errore
3164 5503 3412 5543 aversam
3444 5505 3677 5561 expur-

427 5588 730 5648 gatamque,
779 5593 842 5634 ac
879 5578 1045 5634 divini
1078 5577 1226 5632 verbi
1272 5575 1759 5631 communicatione
1808 5589 2106 5630 connexam
2153 5586 2208 5631 et
2235 5579 2586 5647 compositam
2633 5581 2821 5637 referri
2862 5590 3134 5652 poterunt,
3187 5584 3280 5640 ubi
3323 5599 3423 5656 per
3478 5589 3679 5646 otium

430 5673 887 5729 accommodatam
923 5673 1024 5730 sibi
1060 5671 1549 5743 interpretationem
1577 5681 1734 5727 nacta
1767 5669 1986 5727 fuerint.

500 5769 522 5802 ⁸
555 5767 712 5824 Hebr.
746 5785 830 5835 ιιι,
861 5770 946 5824 14.
1023 5771 1065 5802 ¹⁰
1094 5768 1234 5826 Psal.
1269 5787 1378 5844 etv,
1409 5771 1498 5828 l5.
1573 5771 1612 5804 ¹¹
1643 5768 1748 5827 lsa.
1773 5786 1885 5836 ut,
1923 5770 1974 5826 l.

2075 5773 2094 5803 ¹
2126 5769 2267 5827 Psal.
2295 5785 2440 5835 xuv,
2472 5770 2524 5826 9.
