3916 6200
535 135 648 196 5ΰῦ

1188 139 1456 195 EUSEBII
1492 139 1972 198 CAESARIENSIS
2006 143 2155 201 OPP.
2195 134 2376 233 PARS
2414 143 2478 203 ll.
2520 177 2588 186 —
2623 148 3121 206 APOLOGETICA.

3661 156 3768 211 364

524 267 655 312 sunt
712 271 922 319 omnia,
968 265 1076 309 tam
1126 272 1244 325 qum
1288 263 1416 310 sunt
1455 254 1512 310 in
1551 257 1738 322 cmlis,
1773 273 1935 328 quam
1967 277 2055 330 qu:

2191 264 2352 334 ρικῆς
2401 263 2577 335 ἀρχῆς
2601 281 2659 317 τε
2706 267 2800 319 καὶ
2835 267 3132 338 βασιλείας,
3165 267 3211 320 εί
3257 268 3332 338 μὴ
3362 269 3470 342 ἄρα
3505 272 3583 325 ἐνὶ
3620 273 3773 346 μόνῳ

520 357 649 404 sunt
679 365 840 418 supra
874 358 1070 402 terram
1092 388 1107 410 ,
1145 349 1259 402 sive
1291 347 1548 414 visibilia,
1571 349 1687 405 sive
1718 351 2037 408 invisibilia.
2065 373 2084 406 ι

522 439 759 511 λΕηυυηι
787 439 946 508 igitur
972 433 1076 500 est.
1105 439 1280 493 solum
1304 455 1425 494 eum
1449 453 1688 508 paternae
1715 442 2089 501 similitudinis

521 536 718 589 habere
737 531 1034 586 dominium
1056 573 1070 598 ,
1094 532 1236 606 sith
1257 541 1312 588 et
1331 534 1504 588 solum
1528 549 1651 591 esse
1669 535 1845 593 Patris
1865 553 2088 594 conses-

516 640 692 681 sorem
729 623 1066 678 declaratum
1113 633 1216 680 est.
1249 623 1404 680 Patet
1438 625 1601 696 igitur
1635 627 1770 682 nulli
1809 637 2088 686 creatura-

515 713 635 768 rum
664 715 744 769 fas
765 729 886 769 csse
909 715 1092 769 sortiri
1115 717 1390 771 dexteram
1414 716 1799 787 omnipotentis
1819 719 2088 790 principa-

515 817 602 861 tus
638 816 691 861 et
722 794 974 876 imperii,
1010 808 1117 863 nisi
1148 808 1197 864 ei
1230 809 1324 863 uni
1355 809 1457 864 soli
1491 825 1652 880 quem
1686 827 1753 866 ex
1787 814 2084 882 praemissis

513 899 661 954 varie
693 906 745 953 et
775 898 1080 970 tbeologice
1110 899 1628 958 demonstravimus.
1661 903 1820 974 221
1854 903 2085 962 Attende

513 991 695 1062 igitur,
730 991 1191 1060 quemadmodum
1236 993 1326 1048 hic
1368 1009 1538 1048 unum
1582 1003 1637 1051 et
1685 996 1938 1054 eumdem
1990 1015 2084 1056 su-

511 1097 730 1152 premus
769 1093 823 1137 et
863 1083 1044 1138 omnia
1095 1085 1199 1140 sub
1247 1100 1308 1140 se
1351 1085 1558 1142 habens
1603 1086 1898 1155 Dominus,
1949 1105 2083 1148 voce

510 1175 604 1227 illa
668 1175 875 1240 donat,
923 1194 942 1226 ι
984 1173 1123 1231 Sede
1183 1191 1214 1229 a
1283 1176 1489 1232 dextris
1553 1179 1726 1246 meis;
1770 1197 1790 1232 ι
1830 1188 1885 1236 et
1947 1182 2078 1250 illa,

515 1286 533 1316 ι
573 1276 696 1321 ante
717 1264 1028 1320 Luciferum
1058 1269 1220 1338 genui
1263 1278 1336 1323 te.
1371 1287 1389 1320 ι
1426 1267 1632 1326 Deinde
1674 1286 1799 1326 cum
1848 1272 2080 1344 jurisju-

508 1359 662 1412 randi
700 1359 1138 1428 confirmatione,
1186 1361 1572 1417 inconcussum
1615 1371 1779 1434 atque
1826 1366 2080 1423 immuta-

511 1453 670 1506 bilem
714 1452 767 1505 in
826 1452 1095 1529 inlinitum
1153 1467 1329 1508 aevum
1382 1456 1727 1524 permansuri
1783 1460 2075 1515 sacerdotii

509 1545 770 1600 honorem
816 1545 866 1598 ei
929 1545 1158 1615 largitur
1191 1563 1204 1599 :
1236 1563 1254 1597 ι
1288 1545 1498 1602 Juravit
1528 1546 1822 1614 Dominus,
1865 1561 1920 1606 et
1964 1569 2074 1608 non

2188 353 2266 425 τῷ
2308 353 2396 407 διὰ
2448 354 2556 406 τῶν
2605 357 2982 427 προκειμένων
3035 357 3290 420 ποικίλως
3341 358 3767 435 θεολογουμένῳ,

2200 444 2522 515 Ἐπίστησον
2552 440 2665 510 οὖν,
2693 445 2768 510 ὡς
2801 448 2938 518 πρὸς
2980 449 3076 501 ἕνα
3108 449 3201 501 καὶ
3247 449 3338 502 τόν
3379 451 3538 504 αὐτόν
3566 454 3594 505 ὁ
3621 456 3772 507 ἀνω.

2187 536 2334 588 τάτω
2371 536 2466 589 καὶ
2508 537 2600 589 ἐπὶ
2638 536 2854 590 πάντων
2888 538 3090 607 Κύριος
3131 540 3227 592 καὶ
3257 539 3375 610 τὴν,
3416 561 3434 592 ι
3483 543 3665 597 Κάθου
3701 547 3774 599 ἐκ

2185 624 2376 692 δεξιῶν
2403 643 2526 697 μου,
2559 646 2578 678 ι
2602 627 2853 699 δωρεῖται
2887 628 3088 700 φωνὴν,
3125 629 3218 684 καὶ
3242 632 3362 701 τὴν,
3397 651 3418 681 ο
3449 633 3559 704 Πρὸ
3594 635 3772 688 Ἐωσο

2186 717 2353 788 φόρου
2407 719 2702 788 γενέννηκά
2749 736 2829 772 σε.
2874 738 2893 772 ι
2949 720 3084 773 Μεθ’
3127 722 3290 792 ὅρκου
3339 723 3398 776 δὲ
3444 722 3768 778 διαῦεδαιὼ-

2187 823 2344 872 σεως,
2369 806 2614 862 ἄσειστον
2647 808 2742 862 καὶ
2779 809 3132 882 ἀπαράὗατον
3163 810 3312 882 αύτῷ
3351 811 3450 882 τὴν
3473 813 3630 884 τιμὴν
3659 815 3766 885 τῆς

2183 898 2262 961 εἰς
2293 898 2517 970 ἄπειρον
2543 899 2713 954 αίῶνα
2743 899 2997 972 διαρκοῦς
3032 902 3330 973 ἱερωσύνης
3362 903 3762 974 παραδίδωσιν·

2164 1008 2207 1064 ,ς
2245 991 2446 1061 Ὠμοσε
2469 991 2690 1063 Κύριος,
2719 992 2810 1062 καὶ
2833 994 2895 1046 οὐ
2918 993 3419 1067 μεταμεληθήσεται
3440 1012 3452 1025 ·
3481 997 3552 1048 Σὺ
3581 997 3770 1070 ἱερεὺς

2181 1085 2261 1146 εἰς
2282 1084 2470 1137 αἰῶνα.
2499 1103 2518 1136 ι
2537 1083 2632 1148 Τίς
2662 1084 2707 1137 δ’
2735 1083 2800 1138 ἂν
2829 1087 3124 1153 ἐπινοοίτος
3151 1086 3266 1140 οὔτι
3295 1087 3358 1158 δὴ
3384 1087 3573 1159 θνητὸς
3594 1089 3770 1162 ἀνὴρ,

2180 1175 2316 1230 ἀλλὰ
2343 1177 2462 1230 οὐδὲ
2495 1176 2598 1248 τῆς
2627 1177 2922 1248 άγγελικῆς
2953 1179 3189 1248 φύσεως,
3231 1180 3335 1234 ὑπὸ
3364 1181 3497 1234 Θεοῦ
3543 1183 3646 1253 μὲν
3673 1191 3764 1250 τι.

2178 1268 2526 1340 γεννημένος,
2561 1269 2642 1332 εἰς
2673 1268 2842 1323 αἰῶνα
2879 1269 2936 1323 δέ
2981 1271 3295 1342 ἱερωμένος,
3346 1273 3377 1326 δ
3415 1273 3511 1326 καὶ
3547 1275 3606 1326 ἐν
3647 1273 3764 1332 τοῖς

2180 1359 2411 1434 πρόσθεν
2441 1359 2639 1414 εἰπών·
2677 1379 2696 1432 ι
2740 1359 2943 1432 Κύριος
2971 1361 3151 1416 ἐκτισέ
3187 1379 3253 1434 με
3279 1364 3453 1436 ἀρχὴν
3479 1364 3614 1416 ὁδῶν
3662 1370 3764 1419 αὐ-

2177 1451 2271 1505 τοῦ
2304 1455 2382 1516 είς
2412 1452 2548 1525 ἔργα
2574 1451 2764 1508 αὐτοῦ.
2801 1453 2914 1524 Πρὸ
2943 1453 3038 1506 τοῦ
3077 1453 3271 1519 αἰῶνος
3303 1455 3635 1526 ἐθεμελίωιέ
3667 1473 3758 1527 με,

2179 1545 2236 1598 ἐν
2281 1546 2422 1617 ἀρχῇ
2461 1545 2568 1617 πρὸ
2607 1544 2702 1599 τοῦ
2745 1545 2845 1616 ὄρη
2889 1546 3235 1618 ἑδρασθῆναι,
3280 1549 3385 1618 πρὸ
3430 1547 3487 1601 δὲ
3535 1548 3766 1602 πάντων

508 1639 795 1710 paenitebit
825 1654 984 1693 eum:
1020 1636 1102 1692 Tu
1141 1654 1201 1694 es
1249 1639 1506 1695 sacerdos
1551 1641 1606 1696 in
1636 1652 1919 1698 aeternum.
1955 1666 1973 1698 ι
2005 1648 2055 1700 Α

2178 1636 2380 1708 βουνῶν
2425 1642 2588 1711 γεννᾴ
2631 1658 2718 1712 με.
2759 1659 2778 1692 ι
2810 1641 2921 1694 Καὶ
2970 1640 3207 1712 πρόσχες
3251 1639 3310 1693 δέ
3355 1640 3636 1711 ἐπιμελῶς
3662 1640 3764 1693 τὸν

503 1733 646 1785 enim
701 1733 827 1802 quis
886 1731 975 1785 hic
1024 1731 1244 1786 tandem
1300 1731 1667 1803 intelligatur?
1718 1752 1911 1806 nempe
1963 1754 2072 1794 non

503 1825 587 1877 vir
617 1823 863 1880 mortalis
891 1824 1036 1878 ullus
1055 1863 1070 1882 .
1101 1838 1164 1877 ac
1194 1839 1262 1878 ne
1309 1826 1570 1894 angelicae
1597 1827 1816 1898 quidem
1863 1839 2074 1888 natura:

502 1917 810 1989 quispiam,
847 1917 942 1989 qui
985 1933 1014 1971 a
1057 1916 1169 1972 Deo
1200 1918 1418 1988 quidem
1473 1920 1545 1975 sit
1586 1920 1793 1988 factus,
1831 1924 1886 1978 in
1915 1931 2074 1981 aeter-

504 2027 637 2065 num
691 2026 820 2066 vero
898 2010 1156 2066 sacerdos
1201 2012 1570 2078 constitutus,
1617 2015 1712 2070 sed
1767 2017 1918 2074 solus
1983 2021 2071 2076 ille

499 2101 684 2173 quiin
717 2103 826 2168 iis,
860 2118 981 2174 qua:
1024 2110 1183 2158 antea
1237 2103 1524 2160 cilavimus
1574 2108 1842 2174 oraculis,
1891 2109 2066 2167 dixit:

504 2195 772 2251 «Creavit
823 2209 909 2248 me
969 2193 1182 2248 initimn
1240 2195 1450 2249 viarum
1512 2211 1736 2251 suarum
1794 2198 1850 2253 in
1902 2215 2068 2270 opera

497 2303 616 2342 sua.
676 2285 818 2340 Ante
879 2286 1138 2340 saaculum
1194 2283 1442 2339 fundavit
1500 2302 1623 2352 me,
1681 2289 1736 2342 in
1795 2290 2067 2361 principio

495 2389 785 2449 antequam
846 2384 1059 2432 montes
1113 2377 1509 2441 stabilirentur,
1577 2386 1632 2432 et
1685 2387 1812 2436 ante
1875 2395 2065 2437 omnes

492 2473 661 2528 colles
693 2471 866 2544 gignit
895 2487 978 2525 me
1014 2471 1078 2523 ¹⁶.
1111 2490 1131 2522 ι
1161 2469 1372 2526 Adhibe
1402 2486 1530 2526 vero
1559 2473 1804 2526 animum
1836 2473 2065 2545 diligen-

496 2578 598 2628 ter,
644 2571 698 2618 et
736 2564 1120 2634 cogitationem
1165 2563 1421 2628 intende,
1463 2571 1580 2618 tum
1626 2565 1692 2620 ad
1743 2577 2061 2636 praesentem

493 2655 760 2725 psalmum
785 2694 801 2716 ,
835 2663 948 2707 tum
981 2652 1048 2707 ad
1091 2668 1186 2709 eas
1251 2669 1373 2724 quae
1409 2660 1569 2707 antea
1630 2655 1890 2724 expositae
1935 2663 2063 2711 sunt

497 2762 678 2801 voces.
705 2744 762 2799 ln
787 2745 890 2800 hoc
915 2746 1058 2800 enim
1085 2745 1360 2818 ingenitus
1390 2742 1535 2799 Deus
1564 2759 1688 2798 eum
1716 2744 1809 2814 qui
1844 2745 1913 2800 ab
1941 2746 2061 2816 ipso

488 2845 602 2902 est,
633 2845 687 2892 et
726 2845 917 2893 noster
963 2838 1229 2893 Dominus
1281 2846 1404 2903 est,
1467 2836 1663 2891 sedere
1708 2851 1892 2892 secum
1950 2852 2058 2892 una

2175 1727 2317 1790 νοῦν,
2347 1731 2642 1801 ἐπιστήσας
2671 1730 2750 1801 τῷ
2780 1748 2840 1784 τε
2872 1731 3100 1802 παρόντι
3143 1731 3363 1804 ψαλμῷ.
3397 1734 3492 1786 καὶ
3528 1735 3653 1796 ταῖς
3696 1733 3762 1784 ἐν

2173 1819 2250 1890 τῷ
2278 1821 2380 1894 πρὸ
2417 1822 2604 1875 τούτου
2643 1823 3062 1894 παρατεθείσαις
3100 1828 3321 1894 φωναῖς.
3370 1827 3457 1879 Ἐν
3494 1826 3593 1897 μὲν
3642 1825 3758 1896 γάρ

2173 1911 2343 1983 τούτῳ
2375 1915 2404 1966 ό
2435 1914 2857 1978 ἁνωτάτωρΘεὸς
2891 1914 3180 1987 σύνθρονον
3221 1916 3315 1970 τὸν
3349 1917 3624 1988 δεύτερον,
3657 1918 3754 1970 καὶ

2169 2004 2326 2076 ἡμῶν
2353 2005 2575 2078 Κύριον,
2608 2005 2800 2060 ἐαυτοῦ
2834 2006 3139 2078 καθίστησι,
3167 2007 3366 2077 λέγων’
3404 2028 3424 2058 ε
3463 2009 3655 2062 Κάθου
3689 2009 3758 2062 ἐκ

2169 2095 2352 2161 δεξιῶν
2385 2115 2518 2168 μου·
2557 2119 2574 2150 ι
2609 2099 2663 2150 ἐν
2711 2097 2770 2150 δὲ
2811 2097 2890 2168 τῷ
2933 2099 3038 2170 πρὸ
3075 2099 3266 2154 τούτου
3300 2101 3391 2154 τὸν
3424 2100 3617 2172 θρόνον
3668 2101 3752 2164 εἰς

2169 2188 2338 2242 αἰῶνα
2371 2191 2564 2254 αἰῶνος
2599 2191 2890 2266 διαμένειν,
2923 2196 2952 2248 ό
2983 2195 3138 2262 λόγος
3179 2193 3398 2264 ἐφησεν,
3440 2193 3576 2261 ὁμοῦ
3613 2192 3759 2248 Θεὸν

2169 2279 2326 2333 αὐτὸν
2361 2282 2702 2354 ἀναγορεύων
2732 2284 2798 2338 δι’
2838 2278 2912 2338 ὧν
2945 2301 3137 2356 φησιν·
3175 2304 3193 2336 ι
3238 2285 3296 2337 '0
3329 2283 3516 2352 θρόνος
3552 2301 3673 2347 σου,
3714 2285 3756 2339 6

2167 2371 2316 2435 Θεὸς,
2347 2374 2424 2436 εἰς
2457 2374 2546 2426 τὸν
2576 2374 2746 2430 αἰῶνα
2777 2376 2868 2429 τοῦ
2901 2377 3112 2440 αἰῶνος.
3155 2395 3173 2428 ι
3215 2375 3382 2428 Πάλιν
3416 2377 3474 2428 ἐν
3520 2375 3618 2445 μὲν
3661 2375 3754 2447 τῷ

2169 2461 2306 2532 μετὰ
2337 2465 2540 2534 χεῖρας,
2581 2483 2599 2515 ι
2644 2464 2881 2531 Ῥάὸδον,
2918 2486 2936 2519 ›
2970 2467 3123 2539 φησὶ,
3171 2486 3190 2518 ι
3233 2468 3513 2538 δυνάμεως
3543 2467 3752 2531 ἐξαπο-

2167 2552 2338 2605 στελεῖ
2369 2570 2447 2606 σοι
2477 2554 2676 2625 Κύριος
2701 2559 2766 2610 ἐκ
2794 2557 2958 2611 Σιών⁸
3000 2579 3018 2610 ι
3048 2561 3105 2612 ἐν
3130 2559 3176 2612 δ’
3205 2559 3418 2629 ἐκείνῳ,
3450 2577 3470 2608 ‹
3517 2559 3751 2623 Ῥάϐδος

2163 2644 2451 2716 εὐθύτητος
2479 2649 2512 2718 ἡ
2543 2647 2736 2719 ῥάϐδος
2762 2651 2861 2722 τῆς
2895 2650 3168 2722 βασιλείας
3196 2669 3309 2705 σου.
3352 2672 3371 2704 ι
3406 2655 3518 2706 Καὶ
3537 2649 3746 2716 αὖθιςὸ

2164 2736 2261 2805 μὲν
2309 2737 2496 2808 παρών
2535 2756 2698 2811 φησι’
2736 2759 2755 2792 ι
2796 2741 2977 2796 Κάθου
3025 2745 3088 2797 ἐκ
3127 2743 3316 2809 δεξιῶν
3364 2761 3488 2814 μου,
3523 2745 3636 2808 ἓως
3673 2746 3748 2800 ἂν

2161 2825 2236 2879 θῶ
2266 2829 2392 2892 τοὺς
2430 2829 2656 2902 ἐχθρούς
2695 2849 2788 2886 σου
2827 2833 3116 2891 ὑποπόδιον
3154 2835 3262 2888 τῶν
3289 2835 3464 2889 ποδῶν
3496 2853 3613 2902 σου,
3644 2842 3747 2892 καὶ

483 2929 669 3000 jubet,
721 2929 949 2986 dicens:
985 2949 1002 2981 ι
1035 2928 1174 2986 Sede
1213 2945 1247 2983 a
1291 2929 1500 2985 dextris
1533 2927 1690 2982 meis.
1725 2947 1743 2978 ›
1776 2925 1833 2982 ln
1887 2929 2055 2984 altero

2159 2921 2606 2992 κατακυριεύσεις
2650 2924 2708 2975 ἐν
2761 2926 2911 2997 μέσῳ
2953 2926 3061 2980 τῶν
3117 2927 3322 3000 ἐχθρῶν
3369 2945 3498 2982 σου·
3549 2949 3568 2982 ι
3619 2933 3649 2984 ό
3679 2930 3746 2984 δὲ

488 3037 648 3083 νοω,
679 3037 840 3091 quem
871 3029 1012 3075 =ante
1043 3021 1190 3075 hunc
1220 3021 1394 3092 ipsum
1434 3019 1792 3091 exposuimus
1815 3059 1830 3082 ,
1867 3019 2051 3075 sedem

2158 3010 2420 3082 πρόσθεν·
2458 3032 2475 3064 ‹
2507 3014 2586 3067 Τὰ
2621 3014 2744 3088 βέλη
2780 3033 2872 3070 σου
2905 2997 3236 3090 ἠκονημένα,
3269 3019 3474 3074 δυνατά
3506 3023 3565 3075 ἐν
3601 3040 3746 3093 καρ-

486 3116 540 3167 in
571 3115 828 3169 sacculum
859 3113 1044 3169 saeculi
1088 3128 1342 3178 manere,
1386 3114 1666 3167 oraculum
1717 3112 2050 3177 aliirmabab,

484 3207 655 3262 Deum
691 3207 908 3261 interim
943 3206 1096 3260 illum
1129 3206 1409 3276 appellans
1442 3206 1496 3260 in
1543 3206 1654 3262 illis
1699 3205 1913 3270 verbis,
1959 3205 2050 3260 ubi

481 3299 600 3354 ait:
643 3317 661 3349 ι
703 3297 871 3352 Sedes
909 3305 1012 3352 tua
1068 3297 1212 3352 Deus
1262 3297 1316 3351 in
1369 3298 1628 3352 saculum
1686 3297 1872 3353 saaculi
1920 3297 1984 3353 ⁸⁷.
2025 3317 2044 3349 ι

481 3389 697 3446 Rursus
747 3389 802 3443 in
859 3405 926 3444 eo
977 3389 1071 3460 qui
1128 3404 1274 3444 nunc
1332 3389 1472 3444 inter
1526 3404 1718 3444 manus
1772 3397 2047 3455 versatur,

484 3501 506 3534 ι
536 3483 776 3550 virgam,
831 3481 1046 3549 inquit,
1085 3481 1310 3536 virtutis
1360 3482 1569 3536 emittet
1623 3481 1716 3535 tibi
1785 3481 2046 3537 Dominus

476 3591 545 3631 ex
580 3574 708 3628 Sion
741 3574 806 3637 ⁸⁸,
849 3593 866 3624 ι
905 3574 960 3628 in
1011 3573 1105 3626 illo
1151 3580 1330 3628 autem
1358 3614 1372 3638 ,
1425 3593 1444 3625 ι
1476 3574 1633 3644 virga
1682 3573 1998 3628 directionis
2025 3612 2043 3638 ,

476 3666 642 3736 virga»
683 3665 836 3736 regni
895 3667 974 3719 tui
1007 3665 1069 3719 ³⁸.
1107 3683 1126 3716 ι
1163 3663 1228 3718 Et
1277 3681 1470 3720 rursus
1519 3665 1606 3718 hic
1654 3665 1874 3734 quidem
1925 3666 2041 3718 ait:

480 3777 502 3811 ‹
533 3758 673 3814 Sede
725 3774 754 3812 a
809 3757 1017 3814 dextris
1074 3757 1250 3818 meis.
1299 3757 1474 3813 donec
1534 3771 1730 3828 ponam
1792 3757 2044 3812 inimicos

476 3862 600 3906 tuos
649 3851 949 3910 scabellum
997 3850 1193 3921 pedum
1247 3857 1505 3913 tuorum,
1561 3857 1615 3904 et
1671 3848 2042 3905 dominaberis

475 3943 531 3997 in
566 3941 744 3996 medio
778 3942 1126 3996 inimicorum
1175 3949 1389 3995 tuorum
1421 3941 1490 3994 “.
1521 3959 1540 3991 ι
1567 3938 1661 3996 llle
1695 3955 1830 3996 vero
1851 3982 1865 4006 ,
1905 3959 1922 3993 ι
1951 3955 2042 3995 sa-

471 4034 620 4106 gitur.
669 4042 775 4088 tuae
827 4041 1028 4096 acutae,
1081 4040 1332 4102 potentes
1377 4033 1434 4088 in
1479 4031 1647 4088 corde
1693 4032 2038 4088 inimicorum

471 4125 636 4194 regis.
667 4144 685 4176 ι
712 4123 852 4193 Ergo
883 4123 1046 4179 etiam
1079 4138 1141 4177 ea
1171 4138 1291 4194 qua:
1318 4121 1386 4176 ad
1414 4122 1554 4192 ejus,
1574 4123 1640 4178 de
1667 4138 1774 4192 quo
1804 4123 2036 4194 agimus,

468 4217 725 4272 inimicos
767 4217 1071 4285 pertinent,
1119 4216 1176 4268 in
1217 4222 1451 4284 utroque
1490 4214 1593 4270 sibi
1641 4216 1757 4285 ipsa
1803 4230 2039 4270 consen-

469 4305 636 4359 tiunt.
663 4303 798 4370 Quis
825 4319 954 4375 ergo
985 4307 1144 4360 modo
1176 4305 1294 4360 suis
1319 4303 1496 4360 oculis
1537 4319 1770 4360 cernens
1813 4305 1869 4359 in
1921 4320 2034 4360 me-
2067 4344 2110 4398 ι)

468 4396 576 4449 diis
606 4395 834 4449 urbibus
859 4435 874 4456 .
908 4395 963 4449 in
997 4396 1136 4452 vicis
1171 4411 1237 4452 ac
1277 4396 1623 4468 regionibus,
1657 4396 1710 4450 in
1741 4403 1862 4452 toto
1901 4397 2034 4452 orbe

468 4487 722 4542 ﬂorentes
773 4485 1072 4544 Salvatoris
1121 4488 1294 4543 nostri
1347 4487 1624 4544 Ecclesias
1654 4530 1668 4553 ,
1721 4496 1777 4544 et
1831 4504 1926 4546 eos
1977 4489 2030 4544 in

464 4578 667 4649 quibus
717 4576 1028 4633 dominatur
1077 4580 1340 4649 populos,
1371 4587 1424 4634 et
1456 4579 1839 4634 innumerabili
1885 4581 2034 4635 viro-

467 4684 587 4722 rum
617 4667 963 4723 multitudine
993 4669 1223 4724 refertos
1269 4677 1604 4733 conventus,
1653 4670 1748 4740 qui
1784 4670 1860 4724 illi
1899 4686 2035 4726 con-

464 4759 666 4816 secrati
696 4768 852 4823 sunt,
885 4761 1090 4830 quique
1117 4761 1356 4834 undique
1385 4769 1501 4816 tum
1543 4759 1613 4815 ab
1657 4760 1725 4815 iis
1755 4761 1848 4830 qui
1887 4760 2031 4816 inter

464 4851 712 4908 homines
763 4861 1084 4915 cernuntur,
1135 4863 1246 4907 tum
1298 4853 1366 4907 ab
1417 4851 1801 4922 ell'ugientibus
1851 4853 2029 4909 visum

460 4951 709 4996 nostrum
732 4982 746 5006 ,
791 4951 844 4999 et
883 4943 1116 4998 occultis
1164 4943 1402 4997 inimicis
1432 4950 1596 5012 atque
1626 4943 1874 4998 hostibus
1906 4942 2028 5011 ejus

460 5027 724 5088 doctrina:
757 5051 878 5106 qua:
911 5051 940 5088 a
983 5033 1206 5089 Christo
1239 5035 1436 5088 tradita
1469 5041 1552 5088 est
1576 5075 1590 5097 ,
1629 5035 2022 5098 circumsessi,

461 5141 572 5179 non
603 5125 904 5180 admiretur
933 5141 1173 5196 praesens
1223 5125 1540 5188 oraculum,
1593 5125 1738 5194 quod
1791 5124 1857 5179 ad
1906 5126 2026 5194 ejus

461 5231 752 5285 personam
781 5218 1121 5272 enuntiatum
1152 5224 1265 5279 est,
1298 5223 1350 5270 et
1381 5215 1448 5270 dc
1491 5230 1601 5284 quo
1647 5215 1735 5270 bic
1783 5217 2022 5282 canitur,

459 5308 590 5362 illud
645 5308 872 5379 utique:
913 5327 932 5360 ι
976 5309 1265 5364 Dominare
1321 5308 1376 5361 in
1435 5308 1622 5362 medio
1674 5308 2022 5366 inimicorum

458 5403 722 5456 tuorum?
753 5423 770 5452 ι
802 5401 1004 5459 Deinde
1041 5403 1299 5475 quoniam
1339 5401 1394 5456 in
1433 5417 1498 5457 eo
1545 5405 1639 5473 qui
1689 5406 2020 5470 antecessit,

449 5495 659 5550 dictum
690 5505 774 5552 est
808 5497 958 5550 illum
1005 5507 1229 5554 unctum
1278 5511 1402 5554 esse
1431 5495 1592 5566 222
1620 5497 1740 5553 oleo
1767 5499 2012 5554 exsultm

519 5611 567 5643 η
608 5603 766 5668 Prov.
809 5627 926 5672 \‘lll,
962 5613 1148 5669 ⁸25οὲ5.
1230 5617 1268 5646 ’⁷
1308 5613 1450 5672 Psal.
1479 5630 1624 5680 κων,
1661 5611 1710 5672 7.
1791 5616 1832 5648 ’⁸
1867 5611 1986 5671 Psal
2041 5617 2229 5684 clx,2.

2152 3103 2239 3173 δία
2261 3103 2366 3156 τῶν
2395 3105 2604 3178 ἐχθρῶν
2645 3107 2738 3161 τοῦ
2769 3107 3049 3178 βασιλέως.
3084 3129 3103 3162 ι
3141 3111 3346 3165 Οὐκοῦν
3379 3112 3474 3165 καὶ
3503 3113 3572 3166 τά
3607 3113 3744 3184 περὶ

2151 3193 2258 3248 τῶν
2292 3196 2501 3268 ἐχθρῶν
2523 3197 2615 3251 τοῦ
2659 3199 2988 3272 δηλουμένου
3029 3205 3088 3256 ἐν
3125 3203 3455 3276 ἀμφοήροις
3496 3207 3736 3277 συνᾴδει.

2151 3287 2246 3352 Τίς
2266 3288 2400 3359 δῆτα
2420 3285 2532 3354 οὖν,
2557 3290 2850 3364 ὀφθαλμοῖς
2870 3294 3012 3365 ὁρῶν
3035 3296 3092 3350 ἐν
3119 3295 3310 3366 μέσαις
3339 3299 3461 3360 ταῖς
3489 3298 3738 3368 πόλεσιν,

2150 3378 2206 3433 ἐν
2222 3397 2278 3433 τε
2300 3379 2511 3452 κώμαις
2531 3383 2622 3435 καὶ
2641 3382 2862 3456 χώραις,
2881 3385 3001 3439 καθ’
3025 3387 3151 3458 ὅλης
3171 3405 3231 3440 τε
3259 3388 3358 3458 τῆς
3381 3389 3674 3460 οίκουμένη
3685 3408 3737 3453 ς,

2148 3470 2411 3536 ἀνθούσας
2456 3473 2556 3537 τὰς
2599 3474 2692 3527 τοῦ
2734 3476 2986 3548 Σωτῆρος
3033 3476 3186 3548 ἡμῶν
3221 3478 3574 3549 Ἐκκλησίας,
3606 3482 3740 3544 τούς

2145 3579 2204 3616 τε
2241 3564 2377 3635 πρὸς
2417 3565 2580 3619 αὑτοῦ
2625 3569 3043 3638 κυριευομένους
3088 3569 3272 3633 λαοὺς,
3304 3571 3401 3624 καὶ
3423 3571 3738 3643 μυρίανδρα

2148 3654 2326 3727 πλήθη
2343 3655 2450 3710 τῶν
2468 3658 2619 3734 αὐτῷ
2647 3659 3102 3731 καθωσιωμένων,
3125 3663 3458 3732 πανταχόθεν
3484 3665 3593 3718 ὑπὲρ
3617 3665 3736 3720 τῶν

2142 3748 2432 3820 ὁρωμένων
2465 3767 2524 3803 τε
2554 3751 2613 3803 ἐν
2651 3751 2980 3825 ἀνθρώποις,
3010 3754 3257 3825 ἀοράτων
3289 3773 3349 3808 τε
3377 3758 3473 3809 καὶ
3499 3759 3733 3827 ἀφανῶν

2143 3839 2372 3911 ἐχθρῶν,
2403 3841 2497 3894 καὶ
2546 3842 2816 3913 πολεμίων
2847 3845 2947 3916 τῆς
2971 3844 3069 3898 τοῦ
3109 3847 3343 3919 Χριστοῦ
3373 3848 3733 3914 διδασκαλίας

2143 3932 2504 4004 κυκλούμενα,
2533 3934 2633 3987 οὐκ
2657 3934 2722 3989 ἂν
2749 3936 3044 4007 θαυμάσειε
3071 3937 3162 3992 τὸν
3190 3941 3430 4011 παρόντα
3451 3942 3727 4013 χρησμὸν,

2141 4026 2220 4089 είς
2270 4027 2558 4098 πρόσωπον
2589 4029 3014 4101 ὰναφωνηθέντα
3038 4030 3133 4084 τοῦ
3165 4031 3576 4104 θεσπιζομένου,
3619 4037 3688 4090 τό
3709 4055 3723 4066 ·

2147 4136 2165 4168 ι
2205 4119 2578 4192 Κατακυρίευε
2624 4121 2682 4174 ἐν
2743 4122 2892 4193 μέσῳ
2945 4123 3053 4176 τῶν
3113 4125 3322 4198 ἐχθρῶν
3369 4144 3498 4193 σου;
3555 4148 3575 4180 ι
3607 4131 3729 4184 Καὶ

2139 4213 2434 4286 ἐπειδήπερ
2475 4216 2532 4266 ἐν
2572 4213 2649 4286 τῷ
2689 4215 2923 4287 πρόσθεν
2972 4219 3255 4290 κεχρίσθαι
3295 4221 3374 4292 τῷ
3425 4222 3590 4293 ἐλαίῳ
3619 4225 3730 4295 τῆς

2138 4305 2504 4373 ἀγαλλιάσεως
2537 4308 2687 4380 παρά
2716 4310 2842 4373 τοὺς
2876 4310 3136 4381 μετόχους
3184 4331 3296 4377 σου,
3329 4315 3519 4386 ἱερέων
3547 4316 3605 4370 δέ
3639 4321 3727 4370 οε-

2140 4401 2282 4451 κεῖον
2312 4394 2380 4470 ἦν
2412 4400 2543 4472 παρ’
2582 4400 2850 4471 Ἑϐραίοις
2875 4403 2935 4456 τὸ
2960 4405 3233 4476 χρίεσθαι’
3265 4409 3488 4473 εἰκότως
3513 4412 3544 4464 ό
3579 4412 3727 4480 μετὰ

2139 4493 2324 4562 χεῖρας
2372 4492 2472 4563 ἢδη
2530 4492 2846 4566 λευκότερον
2917 4497 3065 4568 ἱερέα
3130 4500 3290 4554 αὐτὸν
3354 4501 3719 4573 ἐπιπμίζει,

2140 4581 2357 4636 πλείονα
2407 4584 2680 4656 προτιθεὶς
2728 4587 2854 4658 περὶ
2905 4588 3068 4644 αὑτοῦ
3115 4591 3480 4659 διδασκαλίαν,
3536 4596 3603 4649 δι’
3650 4593 3726 4668 ἧς

2141 4673 2299 4744 μόνον
2330 4675 2490 4729 αὑτὸν
2523 4677 2674 4751 παρὰ
2709 4681 2836 4744 τοὺς
2877 4681 3097 4735 πώποτε
3135 4682 3351 4738 αἰώνιον
3381 4686 3534 4758 ἱερέα
3574 4684 3728 4743 εἶναι

2137 4764 2415 4829 παιδεύει,
2460 4770 2596 4841 ὅπερ
2653 4772 2875 4846 οὐδεμιᾷ
2933 4773 3217 4847 ἀνθρώπου
3277 4777 3434 4846 φύσει
3488 4779 3727 4834 δυνατὸν

2138 4856 2486 4928 ἐφαρμόζειν.
2538 4861 2696 4915 Κατὰ
2740 4864 2840 4934 τὴν
2887 4865 3039 4930 τάξιν
3097 4867 3428 4937 Μελχισεδὲκ
3467 4870 3728 4940 ἱερᾶσθαί

2136 4963 2300 5018 φησιν
2336 4949 2516 5012 αὑτὸν,
2549 4953 2684 5024 πρὸς
2731 4954 3127 5028 ἀντιδιαστολὴν
3158 4958 3252 5011 τοῦ
3287 4961 3425 5013 κατὰ
3457 4961 3555 5031 τὴν
3588 4962 3728 5016 Mm-

2136 5039 2272 5104 σέως
2296 5040 2533 5107 διάταξιν
2576 5045 2784 5116 ἱερέως,
2817 5047 2934 5117 ἦτοι
2964 5048 3058 5102 τοῦ
3101 5049 3330 5120 Ἀαρὼν,
3359 5053 3391 5122 ἣ
3444 5071 3534 5106 και
3567 5073 3723 5120 τινος

2132 5132 2240 5185 τῶν
2269 5133 2324 5200 ἐξ
2350 5135 2557 5189 ἐκείνου
2577 5154 2590 5167 ·
2626 5134 2700 5191 ὦν
2725 5139 2952 5204 ἕκαστος
2997 5140 3070 5212 μὴ
3110 5140 3184 5195 ὢν
3213 5143 3474 5215 πρότερον
3508 5147 3718 5218 ἱερεὺς,

2134 5224 2358 5296 ὖστερόν
2384 5243 2514 5280 ποτε
2539 5228 2606 5280 δι’
2623 5229 2923 5302 ἀνθρώπων
2945 5233 3137 5305 ἀλοιφῇ
3159 5251 3263 5288 τινι
3285 5241 3555 5310 σκευαστῇ
3569 5239 3726 5310 χριό-

2135 5332 2313 5380 μενος,
2353 5318 2428 5378 ὼς
2476 5319 2534 5370 ἐν
2579 5318 2766 5381 τύποις
2795 5325 2968 5377 εἰπεῖν
3000 5327 3093 5378 καὶ⁹
3137 5327 3441 5392 συμϐόλοις,
3475 5330 3725 5404 σκιώδης

2129 5419 2212 5468 τις
2243 5408 2336 5460 καὶ
2373 5408 2635 5474 εἰκονικὸς
2667 5411 2900 5483 Χριστὸς
2937 5414 3277 5470 άπετελεῖτοο
3306 5419 3442 5472 ἀλλὰ
3473 5422 3570 5473 καὶ
3613 5423 3724 5476 ἅτε

2123 5498 2312 5568 θνητὸς
2343 5501 2418 5553 ῶν
2445 5503 2543 5555 οὐκ
2583 5505 2663 5567 εἰς
2693 5505 2902 5576 μακρὸν
2932 5506 3216 5561 ἀπετίθετο
3247 5510 3344 5576 τὴν
3381 5512 3724 5584 ἱερωσύνην.

2324 5621 2364 5651 ¹⁹
2400 5617 2542 5676 Psal.
2576 5636 2714 5689 mv,
2761 5623 2810 5676 7.
2915 5625 2956 5656 ²⁰
2988 5623 3130 5682 Psal.
3161 5642 3268 5691 cxx,
3293 5627 3344 5684 9..
