3916 6200
234 245 344 301 503

1124 241 1767 301 DEMONSTBATJONIS
1804 242 2258 302 EV’ANGELICE
2298 245 2423 301 LIB.
2465 246 2529 302 γ.

3352 254 3456 316 5C6

231 358 345 413 Καὶ
378 357 527 431 παρά
597 359 696 428 μὲν
741 357 818 429 τῷ
854 358 1116 412 Ἰουδαίων
1158 359 1301 429 μόνῳ
1356 358 1535 427 ἱερᾶτο
1573 355 1704 425 λαῷ,
1738 354 1799 406 οὐ

1906 354 2066 410 tionis
2096 372 2204 427 prae
2240 358 2593 429 participibus
2623 359 2766 429 tuis,
2793 367 2847 416 et
2875 362 3212 417 sacerdotum
3245 364 3298 417 id
3342 378 3461 422 erat

230 453 343 524 μὴν
377 452 469 505 καὶ
498 450 648 521 παρὰ
680 452 790 513 τοῖς
822 450 996 513 ἄλλοις
1042 448 1265 502 ἔθνεσιν.
1309 448 1466 501 Ἀλλά
1512 446 1631 500 οὐδὲ
1683 446 1798 517 μεθ’

227 545 577 615 ὁρκωμοσίας
598 542 730 595 Θεοῦ
766 543 855 595 ἐπὶ
885 543 982 613 τῆν
1015 541 1348 611 λειτουργίαν
1373 541 1591 613 παρῄει,
1621 540 1799 611 κρίσει

228 638 287 691 δὲ
317 635 617 707 ἀνθρώπων
644 634 965 704 τιμώμενοςι
1014 636 1088 698 ὼς
1140 635 1231 689 καί
1265 652 1394 687 ποτε
1424 634 1498 703 μὴ
1536 633 1683 698 ἄξιον
1712 632 1800 685 εύ-

232 727 519 799 ρίσκεσθαι
561 728 619 780 ὲν
662 727 841 790 αὐτοῖς
878 727 976 798 τῆς
1024 726 1116 779 τοῦ
1156 725 1289 779 Θεοῦ
1335 725 1646 797 θεραπείας,
1691 719 1800 787 οἶος

229 820 642 890 ἀναγέγραπται
669 822 698 872 6
730 818 894 872 Ἠλεί.
941 820 1059 871 Ἔτι
1106 819 1240 890 πρὸς
1267 818 1475 882 τούτοις
1506 819 1535 871 6
1572 816 1799 880 παλαιὸς

230 915 440 975 ἐκεῖνος
473 913 669 982 ἱερεὺς,
701 911 729 962 6
758 911 895 964 κατά
934 911 1032 981 τὴν
1062 910 1299 974 Μωσέως
1319 909 1575 974 διάταξιν,
1617 910 1679 961 ὲκ
1706 908 1800 979 μό-

230 1024 332 1077 νης
358 1005 662 1075 ἐξεκρίνετο
691 1003 859 1074 φυλῆς
897 1005 995 1075 τῆς
1036 1005 1185 1058 Λευῖ’
1238 1004 1343 1057 ἔδει
1381 1004 1437 1057 δὲ
1474 1004 1533 1069 ἐξ
1564 1004 1798 1067 ἅπαντος

228 1100 329 1153 καὶ
352 1098 410 1150 τὸ
434 1098 588 1165 γένος
610 1099 672 1150 ἐκ
698 1098 793 1167 τῆς
812 1095 903 1149 τοῦ
930 1096 1134 1169 Ἀαρὼν
1148 1097 1393 1168 διαδοχῆς
1415 1096 1571 1149 αὐτὸν
1589 1096 1793 1166 φέρειν,

231 1191 435 1259 ῢύμασί
479 1208 537 1243 τε
585 1188 736 1254 ζώων
776 1190 982 1258 ἀλόγων
1028 1190 1118 1243 καὶ
1152 1191 1364 1260 αἵμασι,
1408 1192 1687 1260 σωματικῇ
1733 1205 1796 1256 γε

229 1283 455 1354 λατρεία
487 1282 808 1353 θεραπεύειν
839 1283 897 1335 τὸ
927 1282 1084 1335 θεῖον.
1134 1283 1190 1335 '0
1219 1283 1274 1335 δὲ
1310 1282 1637 1352 Μελχισεδὲκ
1666 1283 1797 1335 ὠνο-

235 1374 534 1445 μασμένος,
565 1373 593 1426 ὂ
621 1372 1087 1443 μεταλαμϐάνεται
1114 1375 1192 1435 είς
1218 1373 1315 1442 τὴν
1349 1374 1568 1428 Ἐλλάδα
1594 1373 1792 1446 φωνὴν,

235 1465 487 1535 βασιλεὺς
517 1463 875 1535 δικαιοσύνης,
911 1465 1097 1518 ἔπειτα
1134 1464 1383 1535 βασιλεὺς
1416 1465 1621 1537 Σαλὴμ,
1651 1465 1679 1518 ὃ
1704 1466 1796 1519 καὶ

232 1555 371 1607 αὐτὸ
402 1556 462 1608 ἂν
506 1554 586 1625 εἴη
640 1537 890 1624 βασιλεὺς
934 1558 1185 1629 εἰρήνης,
1239 1560 1485 1630 ἀπάτωρ,
1544 1561 1791 1632 ἀμήτωρ,

228 1646 672 1716 ἀγενεαλόγητος,
701 1649 799 1700 οὐκ
838 1647 972 1719 ἔχων
1003 1650 1139 1703 κατά
1170 1650 1267 1721 τὴν
1302 1653 1538 1723 ἱστορίαν
1564 1653 1663 1706 οὐκ
1695 1654 1794 1725 ἀρ-

229 1738 335 1809 χὴν
364 1738 602 1809 ἡμερῶν,
636 1740 696 1792 ού
739 1738 883 1812 ζωῆς
927 1742 1096 1808 τέλος,
1125 1742 1237 1796 ἀλλ’
1265 1744 1381 1798 οὐδὲ
1414 1746 1589 1798 κοινόν
1620 1764 1670 1798 τι
1700 1746 1795 1815 φέ-

232 1849 343 1900 ρων
394 1831 529 1900 πρὸς
582 1831 673 1883 τὸν
717 1832 816 1902 τῆς
857 1832 951 1885 τοῦ
987 1832 1191 1905 ’Λαρὼν
1235 1836 1530 1906 ἱερωσύνης
1575 1837 1791 1905 τρόπον.

233 1922 371 1974 υῦτε
410 1922 517 1992 γὰρ
561 1923 649 1975 ὑπ’
692 1923 989 1996 ἀνθρώπων
1023 1925 1221 1997 ᾕρητο,
1262 1926 1361 1979 οὐκ
1402 1927 1563 1997 ἐλαίῳ
1606 1944 1798 1980 σκευα-

236 2013 346 2083 στῷ
379 2013 665 2085 κέχριστο,
702 2017 761 2069 ού
798 2016 870 2087 (l)
896 2018 1050 2085 γένος
1095 2013 1162 2089 ἦν
1206 2018 1314 2070 τῶν
1351 2019 1481 2088 μηδὲ
1526 2020 1798 2088 φανέντων

230 2122 352 2157 πω·
403 2106 497 2159 καὶ
555 2106 615 2160 τὸ
665 2107 877 2161 πάντων
924 2120 987 2175 γε
1031 2107 1484 2181 παραδοξότατον,
1538 2109 1617 2162 ὅτι
1667 2109 1798 2179 μηδὲ

226 2196 330 2268 τὴν
389 2197 565 2268 σάρκα
622 2198 1012 2269 περιτέτμητο,
1067 2198 1160 2251 κει)⁸
1212 2198 1361 2269 ὅμως
1405 2198 1495 2249 τὸν
1555 2196 1800 2268 Ἀϐραάμ

229 2289 483 2357 εῦλογεῖ,
540 2291 689 2343 ὼσὰν
757 2291 891 2345 πολὺ
956 2289 1216 2362 κρείττων
1280 2289 1443 2342 αὑτοῦ
1497 2288 1795 2358 τυγχάνων.

246 2380 408 2433 Ἀλλὰ
467 2381 587 2434 οῦδὲ
639 2381 846 2445 θυσίαις
901 2381 993 2434 καὶ
1046 2380 1291 2443 σπονδαῖς
1338 2378 1414 2450 τῷ
1464 2379 1668 2450 ὑψίστῳ
1725 2380 1801 2432 ἱε-

235 2474 366 2540 ρᾶτο
397 2472 535 2543 Θεῷ,
574 2474 693 2526 οὐδὲ
743 2474 846 2545 μὴν
899 2472 1049 2546 παρὰ
1097 2472 1174 2543 τῷ
1218 2475 1275 2525 ἐν
1318 2470 1664 2543 Ἰερουσαλὴμ
1690 2472 1801 2544 ναῷ

230 2564 329 2633 τὴν
362 2566 698 2636 λειτουργίαν
740 2566 996 2630 ἐξετέλει·
1050 2566 1166 2629 πῶς
1209 2564 1317 2636 γὰρ
1360 2564 1436 2635 τῷ
1484 2564 1615 2636 μηδὲ
1656 2565 1800 2630 livet;

232 2655 471 2719 Εἰκότως
487 2653 597 2721 οὖν,
620 2658 741 2710 ἐπεὶ
774 2660 867 2711 καὶ
880 2658 957 2728 τῷ
976 2656 1224 2729 ἡμετέρῳ
1243 2657 1452 2728 Σωτῆρι
1466 2656 1544 2729 τῷ
1563 2658 1800 2731 Χριστῷ,

226 2748 387 2801 οὐδὲν
421 2749 519 2819 μὲν
559 2749 637 2819 τῷ
676 2749 879 2822 ’Λαρὼν
921 2750 1158 2821 ἐμφερὲς
1188 2749 1378 2821 ἔμελλε
1412 2753 1797 2825 συμϐήσεσθαι.

233 2842 375 2895 Οὔτε
428 2840 537 2914 γὰρ
597 2844 666 2915 μὴ
712 2842 785 2895 ὢν
830 2844 1129 2916 πρότερον,
1179 2844 1405 2918 ὕστερόν
1451 2846 1582 2900 ποθ’
1628 2847 1803 2918 ἱερεὺς

231 2936 637 3000 ἀναδέδεικται,
694 2936 787 2989 καὶ
844 2936 1019 3007 ἱερεὺς
1064 2938 1123 2990 οὐ
1175 2938 1489 3010 γενόμενος,
1531 2938 1664 2992 ἀλλὰ
1707 2937 1800 2992 ῶν.

1902 446 2177 514 proprium
2209 448 2353 517 apud
2384 447 2638 503 Hebrmos
2670 460 2731 505 ut
2763 460 3095 522 ungerentur
3121 472 3136 508 :
3172 467 3369 511 mento
3403 458 3457 513 in

1900 552 1966 592 eo
1995 555 2155 608 quem
2188 556 2334 595 nunc
2369 549 2705 605 tractamus,
2753 542 2867 613 jam
2912 545 3117 600 clarius
3158 556 3212 602 et
3256 551 3459 606 certius

1901 629 2052 682 illum
2086 633 2741 691 consecratsacerdotem
2766 673 2782 699 ,
2816 636 2969 705 plura
2998 635 3159 691 etiam
3200 638 3267 695 de
3312 641 3460 698 illius

1899 722 2146 778 doctrina
2180 740 2525 794 proponens,
2571 742 2666 796 per
2702 741 2865 798 quam
2912 729 3089 796 ipsum
3132 731 3305 786 solum
3350 749 3462 804 pra:

1898 817 2210 872 hominibus
2238 819 2332 889 qui
2363 835 2603 890 unquam
2633 828 2728 873 aut
2761 820 2965 876 fuerint
2990 831 3084 877 aut
3114 823 3282 879 futuri
3313 827 3460 899 sint,

1898 917 2160 961 aeternum
2189 908 2529 964 sacerdotem
2570 924 2694 965 esse
2734 910 3109 977 demonstrat,
3154 915 3300 984 quod
3329 931 3461 973 sane

1898 1014 2167 1069 nusquam
2209 1007 2269 1054 ut
2314 1000 2411 1055 ulli
2461 1009 2668 1056 naturae
2713 1002 2950 1058 hominis
2994 1005 3458 1077 accommodetur,

1899 1090 2015 1145 ﬁeri
2075 1093 2293 1160 poterit.
2333 1091 2642 1148 Secundum
2681 1095 2926 1150 ordinem
2975 1096 3329 1154 Melchisedec
3374 1116 3463 1157 sa-

1896 1185 2171 1241 cerdotem
2233 1189 2495 1242 constitui
2552 1189 2700 1242 illum
2754 1190 2863 1249 ait,
2918 1198 2977 1243 ut
3028 1190 3096 1245 ab
3139 1208 3206 1247 eo
3251 1192 3465 1249 differat

1902 1276 1995 1344 qui
2027 1277 2324 1332 secundum
2362 1276 2527 1334 Mosis
2561 1278 3003 1334 constitutionem
3037 1289 3156 1335 erat
3185 1284 3457 1348 sacerdos,

1894 1369 1989 1437 qui
2023 1369 2239 1438 quidem
2276 1378 2368 1423 aut
2408 1369 2586 1423 Aaron
2633 1370 2705 1423 sit
2753 1368 3135 1438 accipiendos,
3183 1382 3279 1427 aut
3322 1374 3463 1431 alius

1895 1462 2164 1531 quispiam
2199 1477 2261 1516 ex
2294 1461 2363 1516 iis
2405 1462 2497 1530 qui
2556 1462 2624 1516 ab
2657 1462 2749 1515 illo
2789 1462 3005 1516 oriundi
3040 1464 3151 1518 sint
3180 1484 3192 1519 :
3229 1482 3460 1535 quorum

1894 1554 2123 1623 quisque
2152 1568 2274 1607 cum
2304 1552 2456 1622 prius
2486 1552 2742 1607 sacerdos
2786 1569 2894 1607 non
2939 1565 3122 1619 esset,
3182 1560 3458 1627 posterius

1896 1644 2186 1716 aliquando
2231 1659 2325 1713 per
2372 1644 2621 1700 homines
2673 1656 2950 1716 unguento
3006 1650 3241 1718 quodam
3288 1652 3461 1706 artiﬁ-

1896 1737 2045 1793 ciose
2082 1738 2331 1794 confecto
2365 1739 2687 1810 ungebatur,
2729 1746 2784 1793 et
2827 1739 2909 1793 sic
2956 1739 3184 1809 ﬁgurate
3212 1781 3227 1806 ,
3277 1750 3336 1795 ut
3386 1743 3462 1797 ita

1896 1832 2073 1885 dicam
2095 1870 2110 1895 ,
2139 1839 2193 1886 et
2228 1847 2323 1901 per
2350 1834 2503 1901 signa
2534 1831 2779 1901 quaedam
2803 1872 2817 1893 ,
2854 1830 3209 1888 adumbratos
3239 1834 3460 1905 quidam

1896 1930 1950 1978 et
1980 1922 2336 1993 imaginarius
2363 1922 2617 1977 Christus
2646 1920 2977 1977 efﬁciebatur
3006 1943 3019 1977 :
3055 1936 3311 1993 pneterea
3339 1933 3463 1979 tan-

1896 2029 2058 2082 quam
2093 2013 2139 2067 is
2170 2014 2262 2084 qui
2314 2014 2561 2069 mortalis
2598 2023 2776 2079 esset,
2818 2014 2962 2069 haud
3003 2016 3079 2069 ita
3127 2017 3297 2071 multo
3340 2029 3461 2087 post

1899 2104 2266 2159 sacerdotium
2321 2105 2648 2175 deponebat.
2705 2104 2857 2160 Adde
2905 2106 3051 2176 quod
3102 2107 3244 2177 apud
3291 2124 3460 2163 unum

1897 2193 2208 2252 Judmorum
2260 2199 2522 2268 populum
2582 2196 2886 2251 sacerdotio
2942 2197 3289 2268 fungebatur,
3350 2216 3461 2255 non

1899 2296 2082 2344 autem
2124 2290 2266 2361 apud
2295 2291 2431 2346 alias
2465 2291 2592 2346 item
2629 2290 2903 2345 nationes.
2944 2288 3131 2359 Neque
3171 2307 3299 2346 vero
3335 2307 3462 2347 cum

1895 2381 2260 2453 jurejurando
2290 2383 2420 2447 Dei,
2453 2383 2521 2438 ad
2551 2382 2716 2437 talem
2766 2381 3097 2437 functionem
3138 2384 3461 2445 accedebat,

1903 2473 1999 2529 sed
2026 2473 2236 2543 judicio
2281 2474 2563 2529 hominum
2595 2473 2818 2527 eleCtus.
2852 2470 3035 2541 Itaque
3073 2487 3463 2543 nonnunquam

1902 2564 2062 2620 etiam
2106 2566 2305 2637 aliquis
2351 2581 2417 2622 ex
2458 2566 2566 2622 illis
2609 2566 2863 2622 inventus
2900 2574 2983 2621 est
3024 2565 3117 2619 tali
3161 2566 3464 2621 ministerio

1902 2672 2022 2712 non
2042 2657 2273 2729 dignus,
2315 2658 2494 2728 qualis
2527 2656 2645 2712 Heli
2689 2657 2849 2727 plane
2890 2657 3203 2727 descriptus
3244 2668 3347 2713 est.
3384 2658 3466 2713 Ad

1902 2751 2049 2817 haec,
2094 2759 2253 2807 vetus
2302 2751 2392 2807 ille
2442 2751 2739 2814 sacerdos,
2784 2750 2876 2820 qui
2928 2764 2959 2803 a
3004 2748 3151 2806 Mose
3181 2749 3465 2805 institutus

1904 2844 2109 2909 fuerat,
2138 2860 2205 2900 ex
2237 2844 2353 2900 sola
2380 2843 2527 2898 tribu
2559 2838 2685 2898 Levi
2720 2842 2842 2914 eligi
2875 2849 3124 2913 poterat:
3164 2850 3220 2899 et
3244 2851 3468 2913 oporten

1907 2937 2003 2992 hat
2048 2938 2272 2992 omnino
2302 2937 2452 2990 illum
2499 2950 2673 3001 genus
2716 2950 2934 3004 quoque
2972 2934 3187 2989 trahere
3230 2933 3299 2988 de
3335 2948 3465 2988 sue-

233 3029 572 3099 Προσεκτέον
609 3030 716 3101 γὰρ
760 3031 1031 3102 ἐπιμελῶς
1063 3032 1168 3104 τῶν
1217 3054 1235 3085 ι
1272 3035 1343 3088 Σὺ
1376 3035 1551 3107 ἱερεὺς
1598 3038 1675 3099 εἰς
1713 3036 1799 3089 τὸν

1908 3029 2156 3084 cessione
2212 3028 2385 3098 ipsius
2438 3025 2662 3089 Aaron,
2721 3025 3113 3096 sacriﬁciisque
3179 3025 3464 3079 brutorum

233 3121 432 3174 αἰῶνα.
476 3140 492 3172 ι
530 3121 603 3175 Ού
638 3122 746 3194 γὰρ
777 3122 895 3195 ἔσῃ,
922 3125 1073 3196 φησὶ,
1110 3124 1182 3197 μὴ
1221 3126 1295 3179 ὢν
1332 3126 1531 3181 πάλαι·
1559 3126 1671 3181 ἀλλ’
1694 3129 1801 3181 οὐδ’

235 3208 390 3283 ἦσθα
421 3213 514 3283 μὲν
537 3214 699 3269 πάλαι
718 3254 734 3280 ,
757 3213 851 3269 νῦν
882 3216 936 3270 δὲ
964 3216 1043 3269 ob“
1064 3218 1198 3271 ἀλλὰ
1221 3218 1368 3289 παρὰ
1390 3218 1483 3272 τοῦ
1512 3221 1800 3292 φήσαντος,

244 3323 265 3356 ι
329 3305 470 3373 Ἐγώ
491 3308 596 3378 εἰμι
620 3310 650 3361 6
675 3306 770 3373 ῶν,
814 3327 832 3360 ι
872 3310 936 3363 σὺ
965 3305 1048 3374 εἴ,
1077 3312 1169 3364 καὶ
1202 3312 1379 3382 ἱερεὺς
1404 3314 1484 3376 εἰς
1514 3312 1603 3365 τὸν
1632 3313 1803 3368 αἰῶνα

232 3399 531 3469 διαμένεις.
579 3401 727 3456 Ἐπεὶ
757 3397 849 3456 οῦν
874 3402 994 3455 οὗτε
1028 3405 1134 3458 ἀπὸ
1162 3405 1350 3476 χρόνου
1377 3409 1476 3477 τῆς
1509 3407 1804 3478 ἱερωσύνης

236 3491 352 3560 ἀπή
366 3490 542 3560 ρξατο,
576 3487 697 3547 οῦτε
729 3496 793 3549 ἐκ
818 3494 990 3565 φυλῆς
1019 3497 1325 3568 ἱερωμένων
1355 3499 1383 3551 6
1410 3499 1659 3569 Χριστὸς,
1682 3499 1803 3553 οὐδὲ

234 3582 323 3634 διὰ
361 3584 657 3639 σκευαστοῦ
696 3586 789 3639 καὶ
822 3588 1131 3657 σωματικοῦ
1159 3588 1335 3642 ἐλαίου
1367 3590 1649 3661 κέχριστο,
1684 3588 1802 3645 οὐδὲ

235 3675 391 3739 τέλος
419 3676 558 3740 ἕξειν
588 3677 777 3748 ἔμελλε
810 3680 907 3751 τῆς
940 3681 1236 3753 ἱερωσύνης
1255 3723 1269 3747 ,
1308 3683 1426 3736 οὐδὲ
1456 3684 1634 3753 μόνοις
1673 3686 1801 3738 Ἰου-

234 3768 426 3832 δαίοις,
455 3769 589 3822 ἀλλὰ
606 3770 698 3823 καὶ
717 3773 878 3825 πᾶσιν
900 3772 1072 3826 ἔθνεσι
1107 3776 1534 3846 καταστήσεσθαι
1560 3795 1571 3806 ·
1599 3775 1802 3831 τούτων

238 3860 402 3912 ἕνεκα
435 3861 652 3916 πάντων
677 3863 899 3927 εἰκότως
919 3863 1078 3917 αὑτὸν
1101 3860 1197 3935 τῆς
1225 3864 1321 3935 μὲν
1349 3865 1489 3919 κατά
1516 3865 1605 3918 τὸν
1632 3866 1802 3919 τύπον

248 3951 463 4023 Ἀαρὼν
500 3953 835 4026 λειτουργίας
870 3956 1231 4032 ἀπαλλάττει,
1267 3958 1407 4011 κατὰ
1436 3957 1533 4030 τὴν
1563 3957 1713 4025 τάξιν
1744 3958 1801 4011 δὲ

236 4044 572 4114 Μελχισεδὲκ
608 4047 757 4117 ἱερέα
802 4048 964 4118 φησὶν
1002 4047 1238 4101 ἔσεσθαι.
1280 4050 1389 4101 Καὶ
1420 4048 1479 4101 τό
1514 4066 1575 4118 γε
1603 4046 1801 4103 ἀποτέ-

234 4136 415 4207 λεσμα
455 4137 546 4190 τοῦ
599 4139 847 4209 χρησμοῦ
896 4139 1195 4211 θαυμάσιον
1239 4141 1549 4211 συνορῶντι,
1586 4142 1733 4205 ὅπως
1774 4144 1803 4195 6

236 4218 429 4302 Σωτὴρ
449 4231 603 4301 ἡμῶν
636 4230 839 4301 Ἰησοῦς
856 4232 883 4286 6
905 4233 1132 4305 Χριστὸς
1154 4233 1245 4286 τοῦ
1272 4234 1428 4299 Θεοῦ,
1445 4234 1521 4305 τῷ
1544 4235 1633 4288 τοῦ
1663 4235 1803 4288 Μελ-

234 4320 453 4390 χισεδὲκ
474 4321 656 4391 τρόπῳ
679 4323 747 4375 τά
771 4323 867 4392 τῆς
895 4325 950 4375 ὲν
977 4323 1279 4395 ἀνθρώποις
1311 4325 1617 4396 ἱερουργίας
1637 4325 1800 4378 εἰσέτι

236 4413 334 4465 καὶ
353 4412 447 4465 νῦν
473 4411 563 4466 διὰ
592 4414 696 4466 τῶν
726 4414 889 4467 αὑτοῦ
924 4415 1269 4489 θεραπευτῶν
1300 4417 1552 4470 ἐπιτελεῖ.
1591 4418 1800 4488 Ὠσπερ

238 4506 350 4577 γὰρ
373 4508 594 4569 ἐκεῖνος,
629 4508 806 4577 ἱερεὺς
831 4506 998 4560 ἐθνῶν
1018 4508 1316 4578 τυγχάνων,
1350 4508 1584 4581 οὐδαμοῦ
1617 4510 1801 4579 φαίνε-

234 4614 330 4650 ται
366 4597 576 4661 θυσίαις
613 4603 949 4671 σωματικαῖς
982 4602 1348 4671 κεχρημένος,
1383 4601 1509 4672 οἴνῳ
1548 4600 1604 4653 δὲ
1656 4601 1801 4671 μόνῳ

234 4691 332 4743 ea".
362 4690 511 4762 ἄρτῳ
532 4692 621 4744 τὸν
664 4692 910 4764 Ἀϐραὰμ
938 4694 1192 4763 εὐλογῶν,
1217 4694 1306 4747 τὸν
1331 4695 1491 4749 αὐτὸν
1515 4694 1579 4766 δὴ
1602 4693 1799 4765 τρόπον

172 4852 183 4860 σ
232 4782 454 4848 πρῶτος
488 4783 584 4853 μὲν
616 4784 779 4847 αὐτὸς
799 4786 827 4837 ὁ
851 4785 1043 4857 Σωτὴρ
1070 4787 1161 4839 καὶ
1182 4785 1380 4857 Κύριος
1407 4785 1581 4857 ἡμῶν,
1610 4786 1798 4839 ἔπειτα

230 4875 281 4925 οἱ
331 4872 390 4936 ἐξ
426 4874 586 4926 αὐτοῦ
622 4874 819 4939 πάντες
859 4876 1020 4948 ἱερεῖς
1065 4877 1176 4931 ἀνὰ.
1206 4877 1379 4929 πάντα
1427 4876 1495 4929 τὰ
1532 4877 1658 4948 ἔθνη
1703 4878 1800 4947 τὴν

232 4965 608 5037 πνευματικὴν
631 4965 999 5030 ἐπιτελοῦντες
1020 4966 1158 5019 κατὰ
1178 4968 1301 5030 τοὺς
1321 4966 1802 5039 ἐκκλησιαστικοὺς

232 5053 471 5124 θεσμοὺς
506 5056 834 5127 ἱερουργίαν,
862 5056 987 5128 οἴνῳ
1020 5057 1113 5112 καὶ
1140 5059 1287 5129 ἄρτῳ
1310 5097 1325 5120 ,
1359 5056 1449 5110 τοῦ
1466 5074 1525 5111 τε
1556 5056 1802 5128 σώματος

231 5144 403 5197 αὐτοῦ
437 5146 528 5198 καὶ
554 5147 645 5200 τοῦ
675 5149 940 5219 σωτηρίου
976 5149 1204 5219 αἵματος
1236 5149 1555 5202 αἰνίττονται
1591 5149 1660 5203 τὰ
1701 5167 1800 5219 μυ-

235 5237 337 5306 στή
348 5252 456 5305 ρια,
480 5238 574 5290 τοῦ
601 5239 931 5309 Μελχισεδὲκ
958 5239 1128 5293 ταῦτα
1152 5238 1420 5311 πνεύματι
1450 5239 1577 5311 θείῳ
1602 5256 1799 5311 προτε-

233 5330 573 5401 θεωρηκότος
592 5334 732 5397 νκαὶ
763 5333 867 5385 τῶν
902 5332 1198 5402 μελλόντων
1240 5335 1358 5397 ταῖς
1390 5334 1558 5387 εἰκόσι
1599 5350 1799 5404 προκε-

235 5438 341 5494 χρη
350 5422 509 5493 μένου
529 5463 543 5485 ,
570 5424 643 5486 ὡς
668 5425 700 5492 ἡ
723 5423 960 5487 Μωσέως
1005 5424 1193 5495 Γραφὴ
1224 5427 1505 5496 μαρτυρεῖ,
1544 5424 1796 5492 λέγουσαο

239 5535 259 5565 ι
299 5516 411 5569 Καὶ
442 5516 770 5586 Μελχισεδὲκ
802 5516 1050 5587 βασιλεὺς
1082 5516 1267 5588 Σαλὴμ
1293 5517 1580 5588 ἐξήνεγκεν
1603 5518 1798 5590 ἄρτους

304 5638 347 5666 ¹¹
382 5634 553 5692 Exod.
580 5650 664 5700 ιιι,
699 5636 784 5690 Η.

305 5728 512 5801 (1)·Οὐ.
540 5730 695 5787 Anne
723 5725 818 5785 ob?
848 5731 1001 5786 Eutr.

1906 3120 2220 3174 animalium
2266 3125 2320 3173 et
2360 3118 2681 3181 cruoribus,
2726 3119 3107 3188 corporalique
3144 3117 3465 3172 adoratione

1906 3212 1984 3268 rei
2014 3212 2212 3267 divinae.
2245 3211 2533 3267 inservire.
2565 3210 2634 3263 At
2663 3225 2792 3265 vero
2812 3249 2827 3275 ,
2873 3210 2966 3280 qui
2998 3209 3353 3265 Melchisedec
3379 3216 3467 3266 est

1904 3305 2247 3369 nominatus,
2280 3302 2425 3373 quod
2456 3317 2654 3357 nomen
2678 3291 2742 3355 in
2778 3310 3017 3356 nostram
3054 3302 3286 3371 linguam
3330 3316 3465 3356 con-

1901 3411 2127 3453 versum
2151 3436 2166 3459 ,
2205 3410 2384 3467 regem
2425 3394 2650 3465 iustitiae
2683 3392 2986 3464 signiﬁcat,
3030 3400 3083 3449 et
3120 3393 3211 3464 qui
3242 3392 3343 3446 fuit
3370 3406 3467 3448 rex
3551 3411 3561 3420 ·

1906 3489 2120 3551 Salen),
2154 3484 2297 3556 quod
2330 3485 2508 3555 ipsum
2538 3484 2664 3539 item
2693 3484 2794 3545 sit,
2843 3499 2935 3539 rex
2977 3482 3161 3555 pacis,
3207 3483 3326 3539 sine
3368 3500 3466 3554 pa~

1904 3589 2018 3645 tre,
2060 3580 2178 3634 sine
2219 3585 2424 3640 matre,
2468 3575 2588 3631 sine
2630 3575 2846 3645 generis
2887 3577 3057 3641 serie,
3102 3590 3208 3629 non
3256 3575 3466 3630 habens

1904 3675 1959 3728 in
2004 3671 2273 3736 historia,
2333 3683 2508 3739 neque
2553 3665 2770 3723 initium
2818 3666 3065 3730 dierum,
3120 3683 3296 3737 neque
3342 3669 3468 3721 vita:

1905 3765 2098 3829 ﬁnem,
2131 3779 2195 3818 ac
2238 3778 2307 3818 ne
2342 3759 2586 3816 referens
2633 3758 2852 3830 quidem
2897 3773 3021 3813 cum
3063 3758 3244 3813 Aaron
3278 3773 3466 3813 sacer-

1902 3856 2037 3911 dotii
2081 3855 2190 3911 ritu
2220 3867 2514 3909 commune
2542 3849 2840 3921 quidquam
2874 3848 3171 3903 invenitur.
3202 3845 3337 3902 Nam
3370 3863 3462 3903 ne-

1903 3964 2010 4019 que
2040 3946 2109 4003 ab
2136 3944 2452 4001 hominibus
2480 3926 2686 3997 electus
2719 3939 2931 4004 fuerat,
2962 3952 3140 4008 neque
3169 3937 3290 3991 oleo
3314 3952 3464 3992 com-

1904 4039 2082 4110 posito
2110 4044 2306 4092 unctus
2326 4075 2341 4099 ,
2372 4048 2547 4103 neque
2572 4031 2639 4086 de
2670 4045 2865 4102 genere
2888 4029 3105 4085 illorum
3129 4027 3309 4084 editus
3329 4070 3343 4095 ,
3370 4030 3464 4098 qui

1904 4131 2145 4187 nondum
2166 4129 2522 4184 exstiterant:
2542 4133 2595 4180 et
2615 4122 2761 4194 quod
2778 4122 3018 4177 omnium
3039 4118 3272 4175 maxime
3298 4120 3470 4175 admi-

1902 4221 2075 4277 rabile
2101 4228 2217 4284 est,
2248 4234 2316 4273 ne
2344 4229 2570 4285 corpore
2602 4212 2819 4284 quidem
2851 4218 2967 4267 erat
2994 4210 3383 4274 circumcisus,
3414 4220 3469 4265 et

1904 4321 2085 4368 tamen
2112 4311 2217 4382 ipsi
2241 4309 2513 4365 Abraham
2543 4304 2848 4367 benedicit,
2883 4310 3141 4372 tanquam
3173 4302 3220 4356 is
3247 4302 3339 4372 qui
3374 4301 3466 4355 illo

1832 4390 1877 4446 Ῑ)
1907 4406 1979 4460 sit
2010 4409 2165 4474 longe
2192 4398 2557 4472 praestantior.
2601 4394 2757 4450 Adde
2788 4392 2932 4464 quod
2975 4406 3152 4463 neque
3181 4390 3467 4445 sacriﬁciis

1904 4512 2082 4568 neque
2109 4492 2459 4549 libationibus
2482 4529 2497 4555 ,
2543 4487 2809 4543 altissimo
2833 4487 2943 4543 Deo
2981 4486 3329 4557 operabatur,
3368 4500 3467 4540 ne-

1909 4606 2015 4661 que
2038 4602 2167 4644 vero
2193 4587 2247 4641 in
2275 4585 2478 4656 templo
2499 4583 2643 4655 quod
2672 4578 3064 4650 Hierosolymis
3091 4584 3273 4640 esset,
3305 4591 3465 4631 suum

1905 4695 2108 4738 munus
2134 4678 2318 4734 obibat
2342 4696 2354 4731 :
2385 4677 2474 4747 qui
2501 4676 2646 4732 enim
2673 4675 2729 4729 in
2754 4688 2840 4738 eo,
2872 4670 3018 4741 quod
3045 4669 3285 4724 nondum
3315 4668 3470 4723 erat?

1905 4774 2064 4845 223
2097 4771 2163 4826 Et
2192 4768 2388 4825 merito
2437 4782 2600 4831 sane,
2637 4764 2857 4836 quando
2886 4778 2955 4818 ne
3005 4770 3194 4817 nostro
3245 4758 3467 4830 quidem

1905 4864 2176 4922 Salvatori
2227 4863 2444 4919 Christo
2466 4901 2481 4924 ,
2513 4867 2836 4916 eventurum
2869 4854 3166 4927 quidquam
3201 4859 3321 4907 erat
3363 4852 3467 4920 ipsi

1902 4960 2083 5014 Aaron
2134 4955 2333 5011 simile.
2378 4952 2511 5006 Nam
2553 4964 2730 5019 neque
2761 4947 2855 5018 qui
2903 4946 3057 5016 prius
3082 4960 3191 4999 non
3249 4942 3464 5005 fuisset,

1904 5050 2175 5123 posterius
2203 5054 2288 5102 est
2322 5042 2615 5114 aliquando
2640 5037 2900 5096 sacerdos
2916 5037 3273 5143 declaratus",
3292 5048 3470 5103 neque
3503 5042 3517 5143 τ
3578 5066 3579 5069 η

1903 5145 1952 5199 is
1999 5142 2089 5213 qui
2112 5138 2410 5195 exstitisset
2462 5134 2753 5198 sacerdos,
2784 5129 2881 5186 sed
2916 5129 3009 5200 qui
3038 5133 3140 5182 est.
3172 5124 3470 5195 Diligenter
3504 5124 3516 5184 ἐ

1905 5236 2053 5293 enim
2084 5229 2474 5288 attendendum
2504 5236 2588 5283 est
2636 5225 2768 5281 illud
2803 5242 2817 5278 :
2870 5240 2890 5274 ι
2921 5221 3002 5277 'l‘u
3025 5235 3084 5275 es
3120 5218 3379 5273 sacerdos
3415 5217 3467 5271 in

1906 5336 2189 5385 aeternum.
2218 5343 2237 5376 ι
2270 5321 2391 5378 Non
2420 5321 2588 5385 enim,
2623 5320 2754 5383 eris,
2779 5316 2878 5384 ait,
2904 5315 2998 5386 qui
3034 5312 3163 5367 olim
3188 5326 3297 5366 non
3345 5309 3463 5364 fue-

1906 5424 2007 5486 ris,
2032 5436 2096 5475 ac
2126 5434 2194 5474 ne
2222 5415 2373 5472 fuisti
2403 5414 2620 5486 quidem
2651 5418 2831 5473 antea,
2863 5421 3007 5461 nunc
3040 5413 3217 5459 autem
3243 5418 3350 5456 non
3385 5417 3467 5462 es,

1910 5516 2005 5571 sed
2034 5514 2102 5567 ab
2125 5527 2190 5567 eo
2218 5511 2310 5581 qui
2336 5508 2493 5572 dixit,
2531 5524 2549 5557 ι
2587 5503 2697 5574 Ego
2728 5517 2846 5559 sum
2879 5501 2970 5571 qui
3001 5512 3123 5557 sum
3139 5498 3207 5563 ²¹,
3244 5514 3264 5549 ι
3297 5504 3357 5551 tu
3386 5510 3473 5560 es,
