3866 6202
407 221 524 281 367

1045 221 1312 278 EUSEBII
1350 219 1828 278 CAESARI‘ENSlS
1863 223 1978 280 ΟΡῙ

2080 225 2234 281 ’ARS
2273 225 2333 282 ll.
2370 256 2442 269 —
2475 225 2975 283 APOLOGETICA.

3537 232 3642 287 368

414 349 471 396 et
498 339 754 397 sacerdos
783 341 838 395 in
871 348 1128 395 :eternum
1161 351 1468 410 permanes.
1495 337 1763 404 Quoniam
1801 341 1967 413 igitur

2080 347 2162 399 sal
2193 341 2352 400 οἶνον.
2387 341 2495 400 ’Ἦν
2531 346 2588 400 δὲ
2625 347 2803 420 ἱερεὺς
2835 347 2928 401 τοῦ
2961 347 3095 401 Θεοῦ
3129 348 3222 403 τοῦ
3256 350 3476 420 ὑψίστου
3498 390 3514 416 ,
3551 355 3646 408 καὶ

415 448 594 505 neque
617 449 647 488 a
670 443 931 503 tempore,
959 429 1253 488 sacerdotii
1285 430 1500 484 initium
1528 433 1758 502 accepit,
1793 450 1969 505 neque

413 529 484 585 de
515 525 657 580 tribu
712 521 1055 578 sacerdotum
1112 528 1334 576 exortus
1363 528 1448 576 est
1470 520 1742 586 Christus,
1795 540 1970 596 neque

414 617 708 678 artiﬁciose
731 615 998 672 instructo
1032 615 1414 686 corporalique
1441 616 1562 671 oleo
1587 617 1868 684 inunctus,
1901 633 1970 673 ne

416 714 577 768 ﬁnem
607 708 827 780 quidem
860 707 1014 763 illum
1043 709 1337 765 sacerdotii
1365 719 1451 766 est
1483 711 1971 782 habiturus,neque

414 807 542 860 item
562 802 694 858 solis
737 798 964 864 Iudaeis,
999 799 1095 856 sed
1119 801 1376 858 omnibus
1411 797 1670 873 gentibus
1707 803 1974 860 eonstitu»

406 894 609 952 endus.
669 892 898 966 Propter
933 895 1047 948 hzec
1099 897 1282 948 omnia
1303 935 1318 960 ,
1350 895 1546 952 merito
1571 895 1722 951 illum
1752 911 1780 950 a
1812 897 1974 951 mini-

405 989 582 1046 sterio
606 987 789 1043 Aaron
837 988 1050 1052 liberat,
1076 987 1220 1058 quod
1269 988 1494 1060 ﬁguram
1527 991 1772 1060 gerebat,
1801 997 1856 1045 et
1887 1005 1974 1045 se-

413 1081 652 1138 cundum
675 1079 926 1154 ordinem
955 1078 1312 1136 Melchisedec
1344 1081 1683 1137 sacerdotem
1731 1081 1973 1136 futurum

413 1173 660 1228 allirmat.
694 1169 759 1224 Et
796 1185 930 1226 sane
972 1171 1177 1226 oraculi
1206 1171 1386 1227 exitus
1436 1173 1772 1228 admirabilis
1799 1173 1848 1228 ei
1880 1173 1972 1244 qui

415 1263 807 1333 contempletur
859 1262 1311 1333 quemadmodum
1369 1257 1616 1318 Salvator
1669 1272 1853 1319 noster
1883 1264 1974 1320 Je-

415 1370 532 1419 sus,
565 1356 766 1424 quiest
791 1337 1041 1408 Christus
1076 1353 1192 1419 Dei,
1216 1353 1388 1424 ipsius
1449 1353 1806 1411 Melchisedec
1835 1357 1968 1420 ritu,

418 1463 483 1504 ea
509 1463 630 1519 quae
651 1448 720 1502 ad
746 1447 1108 1503 sacerdotium
1132 1447 1185 1500 in
1206 1447 1516 1503 hominibus
1542 1448 1834 1518 gerendum
1853 1465 1977 1521 spe-

413 1547 585 1604 ctant,
617 1555 714 1610 per
741 1553 872 1596 suos
925 1539 1207 1596 ministros
1251 1539 1520 1609 ,perﬁciat.
1553 1537 1686 1593 Nam
1716 1542 1975 1610 quemad-

416 1629 637 1686 modum
667 1630 758 1684 ille
797 1633 892 1700 qui
946 1629 1202 1686 sacerdos
1229 1631 1470 1700 gentium
1500 1638 1648 1696 erat,
1702 1647 1972 1702 nusquam

2071 437 2326 508 εὑλόγησε
2349 437 2438 491 τὸν
2477 439 2738 511 Ἀϐραάμ.
2773 459 2790 491 ι
2830 439 3068 504 Εἰκότως
3089 437 3180 495 οὖν
3211 443 3306 496 καὶ
3342 445 3460 514 μεθ’
3476 445 3644 516 ὅρκου

2071 528 2430 600 παραλήψεως
2465 529 2609 600 μόνῳ
2761 531 3073 602 δηλουμένῳ
3110 550 3128 581 ι
3169 531 3350 603 ῶμοσε
3378 535 3586 608 Κύριος
3614 540 3646 592 ό

2069 620 2221 682 Θεὸς,
2239 619 2333 673 καὶ
2360 622 2418 674 οὑ
2439 622 2964 692 μεταμεληθήσεταιο
2981 624 3054 678 Σὺ
3067 621 3136 690 εἴ,
3167 644 3186 677 ι
3203 626 3396 694 λέγων,
3420 647 3437 678 ι
3463 629 3644 700 ίερεὺς

2071 711 2149 773 εἰς
2169 711 2260 765 τὸν
2289 710 2476 776 αἰῶνα,
2501 712 2638 768 κατὰ
2670 713 2766 784 τὴν
2788 713 2939 780 τάξιν
2960 714 3308 786 Μελχισεδέκ.
3335 736 3353 768 ι
3374 719 3644 774 Ἐπάκουο

2074 819 2164 856 σον
2197 802 2254 855 δὲ
2287 797 2374 856 οἷα
2400 805 2492 858 καὶ
2521 805 2648 877 περὶ
2667 805 2831 859 τῶνδε
2857 808 2884 858 ὁ
2928 808 3244 873 Ἀπόστολός
3267 828 3447 881 φησιν·
3476 831 3496 863 ι
3550 813 3644 869 Ἐν

2071 887 2153 961 ᾧ,
2201 896 2580 968 περισσότερον
2629 897 2947 968 βουλόμενος
2994 902 3022 952 ὁ
3057 900 3189 964 Θεὸς
3231 903 3495 966 ἐπιδεῖξαι
3530 907 3643 969 τοῖς

2073 986 2426 1058 κληρονόμοις
2456 987 2556 1058 τῆς
2581 987 2848 1058 βασιλείας
2871 991 2932 1043 τὸ
2957 991 3285 1061 ἀμετάθετον
3317 995 3416 1065 τῆς
3447 994 3644 1067 βουλῆς

2075 1078 2275 1142 αὑτοῦ,
2309 1079 2657 1150 ἐμεσίτευσεν
2694 1080 2872 1152 ὅρκῳ,
2901 1073 3010 1134 ’ἵνα
3043 1081 3130 1134 διά
3170 1081 3260 1135 δύο
3300 1085 3646 1155 πραγμάτων

2073 1169 2444 1242 ἀμεταθέτων,
2477 1172 2535 1224 ὲν
2567 1165 2648 1235 οἷς
2681 1172 2936 1227 ἀδύνατον
2966 1172 3265 1244 ψεύσασθαι
3299 1173 3452 1239 Θεὸν,
3495 1178 3644 1245 ἰσχυ-

2078 1262 2178 1333 ράν
2205 1262 2545 1334 παράκλησιν
2577 1263 2786 1333 ἔχωμεν
2816 1265 2865 1317 οἱ
2899 1265 3411 1336 προκαταφυγόντες
3438 1265 3648 1337 κρπῆ-
3685 1289 3688 1292 ~

2077 1371 2166 1407 σαι
2188 1353 2288 1424 τῆς
2321 1353 2681 1425 προκειμένης
2707 1353 2934 1418 ἐλπίδος.
2975 1373 2992 1405 ι
3032 1357 3138 1408 Kal
3158 1356 3408 1426 ἐπιφέρει
3434 1355 3644 1423 λέγων·

2081 1465 2100 1497 ι
2141 1445 2250 1498 Kal
2282 1447 2330 1499 οἱ
2367 1445 2464 1516 μὲν
2498 1445 2736 1509 πλείονές
2769 1448 2872 1498 είσι
2905 1447 3185 1514 γεγονότες
3225 1449 3418 1519 ἱερεῖς,
3455 1447 3548 1501 διὰ
3589 1448 3648 1502 τὸ

2077 1535 2290 1606 Θανάτῳ
2312 1534 2612 1589 κωλύεσθαι
2655 1534 2987 1604 παραμένειν
3013 1549 3027 1562 ’
3062 1537 3090 1588 ὁ
3123 1535 3178 1587 δέ
3198 1575 3213 1600 ,
3244 1537 3331 1590 διὰ
3361 1538 3426 1590 τὸ
3463 1537 3648 1607 μένειν

2077 1627 2272 1690 αὑτὸν,
2320 1625 2664 1698 ἀπαράϐατον
2705 1627 2816 1696 ἔχει
2865 1626 2962 1698 τὴν
3001 1627 3314 1698 ἱερωσύνην.
3353 1628 3526 1686 Ὅθεν
3559 1627 3649 1682 καὶ

415 1722 630 1778 videtur
687 1721 976 1777 sacriﬁciis
1029 1720 1404 1792 corporalibus
1449 1721 1690 1784 functus,
1720 1723 1814 1778 sed
1848 1724 1976 1778 vino

2080 1719 2268 1784 σώζειν
2307 1721 2384 1782 εἰς
2409 1719 2468 1772 τὸ
2494 1718 2748 1782 παντελὲς
2779 1719 2996 1774 δύναται
3027 1721 3152 1782 τοὺς
3176 1721 3649 1792 προσερχομένους

415 1815 533 1868 solo
560 1820 614 1869 et
654 1827 810 1883 pane,
838 1811 968 1866 dum
988 1811 1092 1882 ipsi
1119 1812 1394 1867 Abraham
1419 1813 1714 1880 benedicit,
1751 1815 1825 1868 ita
1848 1831 1978 1872 sane

413 1906 625 1978 primus
655 1906 770 1974 ipse
797 1903 1048 1959 Salvator
1076 1919 1140 1959 ac
1183 1904 1444 1960 Dominus
1498 1917 1683 1961 noster
1711 1947 1726 1972 ,
1781 1907 1980 1963 deinde

415 1999 510 2070 qui
544 1998 613 2053 ab
651 1998 770 2068 ipso
824 1995 1050 2067 profecti
1085 2007 1232 2061 sunt,
1285 1999 1593 2053 sacerdotes
1625 2000 1680 2054 in
1725 2000 1979 2058 omnibus

413 2087 690 2160 gentibus,
747 2087 1031 2157 spirituale
1065 2089 1363 2143 secundum
1423 2090 1823 2146 ecclesiasticas
1853 2107 1980 2147 san-

417 2181 628 2236 ctiones
679 2176 972 2234 sacerdotii
1012 2193 1212 2234 munus
1251 2179 1535 2244 obeuntes,
1565 2181 1694 2234 vino
1725 2196 1788 2235 ac
1819 2197 1976 2253 pane,

415 2277 472 2325 et
497 2268 744 2340 corporis
774 2267 923 2322 illius
948 2276 1002 2322 et
1027 2268 1284 2324 salutaris
1312 2269 1596 2340 sanguinis
1612 2271 1869 2340 mysteria
1889 2287 1979 2326 re-

417 2367 770 2434 praesentant,
817 2375 938 2430 quae
965 2375 1096 2416 sane
1127 2361 1388 2432 mysteria
1443 2360 1801 2418 Melchisedec
1832 2372 1981 2422 tanto

417 2461 546 2508 ante
575 2452 769 2524 spiritu
798 2437 982 2506 divino
1011 2460 1358 2522 cognoverat,
1389 2460 1448 2508 et.
1470 2468 1649 2508 rerum
1677 2453 1978 2508 futurarum

418 2543 744 2614 imaginibus
765 2557 899 2598 usus
923 2541 1119 2604 luerat,
1145 2543 1287 2597 sicut
1310 2541 1474 2596 etiam
1500 2541 1666 2599 Mosis
1688 2541 1974 2613 Scriptura

418 2633 760 2697 testiﬁcatur,
791 2631 883 2686 ubi
917 2631 994 2685 ait
1030 2650 1042 2686 :
1085 2649 1103 2680 ι
1144 2629 1209 2684 Et
1235 2629 1593 2686 Melchisedec
1631 2647 1728 2687 rex
1775 2630 1982 2698 Salem,

420 2724 646 2795 protulit
675 2736 844 2792 panes
893 2727 947 2775 et
995 2720 1203 2776 vinum.
1232 2717 1362 2774 Erat
1392 2727 1573 2776 autem
1602 2720 1858 2776 sacerdos
1891 2721 1980 2777 Dei

421 2813 696 2877 altissimi,
729 2819 784 2867 et
833 2811 1112 2866 benedixit
1136 2810 1407 2868 Abraham
1432 2812 1500 2864 η.
1544 2831 1563 2862 ι
1600 2811 1792 2867 Merito
1819 2813 1983 2883 igitur

421 2911 478 2960 et
509 2918 633 2958 cum
656 2900 1019 2973 jurisjurandi
1055 2901 1358 2971 adjectione
1379 2941 1394 2966 ,
1430 2903 1524 2957 uni
1571 2904 1621 2958 ei
1653 2903 1720 2959 de
1747 2920 1856 2974 quo
1893 2904 1982 2959 hic

415 2999 632 3066 agimus
667 2993 795 3048 talia
817 2993 1086 3064 promissa
1117 3000 1246 3048 sunt
1275 3012 1287 3047 :
1323 3011 1342 3045 ι
1372 2991 1603 3060 Iuravit,
1637 2994 1849 3064 inquit,
1882 2993 1983 3050 Do-

421 3059 602 3142 minus
622 3084 799 3162 Deus,
817 3059 886 3140 —et
907 3099 1019 3139 non
1049 3084 1333 3154 paenitebit
1353 3100 1478 3141 eum
1506 3106 1519 3142 :
1547 3059 1604 3142 tu
1633 3101 1693 3142 es
1711 3059 1979 3144 sacerdos
2007 3059 2049 3117 ο

421 3195 480 3235 ιιι
527 3186 790 3234 aeternum
848 3177 1150 3233 secundum
1217 3176 1462 3233 ordinem
1527 3177 1908 3234 Melchisedec.
1953 3197 1972 3231 ι

421 3268 560 3324 Audi
604 3281 732 3322 vero
758 3265 939 3338 qualia
971 3266 1080 3321 sint
1105 3281 1226 3336 quae
1275 3267 1341 3321 de
1387 3266 1578 3322 iisdem
1618 3268 1780 3324 rebus
1816 3272 1980 3324 etiam

420 3361 714 3431 Apostolus
744 3357 891 3413 dicat
919 3375 933 3410 :
965 3376 982 3408 ι
1011 3355 1070 3410 ιιι
1103 3372 1210 3426 quo
1234 3356 1599 3414 abundantius
1621 3359 1808 3416 volens
1837 3359 1980 3416 Deus

423 3449 712 3506 ostendere
735 3446 1042 3503 heredibus
1065 3446 1218 3518 regni
1243 3446 1735 3503 immutabilitatem
1766 3451 1981 3504 consilii

426 3542 532 3605 sui,
557 3538 882 3610 interposuit
929 3537 1314 3608 jusjurandum
1343 3576 1355 3600 ,
1389 3545 1445 3592 ut
1475 3553 1570 3609 per
1601 3539 1737 3596 duas
1765 3556 1849 3595 res
1875 3545 1979 3595 im-

426 3634 715 3700 mutabiles
743 3631 800 3686 in
827 3631 1028 3703 quibus
1051 3629 1387 3700 impossibile
1420 3640 1503 3684 est
1533 3631 1753 3686 mentiri
1789 3631 1978 3699 Deum,

425 3725 588 3798 224
627 3725 984 3782 fortissimum
1034 3723 1290 3779 solatium
1350 3721 1681 3786 habeamus,
1730 3723 1823 3792 qui
1853 3738 1985 3780 con-

322 3825 332 3876 ‘-.
425 3818 661 3887 fugimus
689 3815 758 3870 ad
794 3813 1146 3871 obtinendam
1194 3812 1530 3884 propositam
1565 3828 1716 3884 spem
1748 3813 1793 3845 ²³
1823 3855 1839 3882 ,
1879 3833 1897 3866 ι
1931 3824 1985 3871 et

341 3939 344 3942 ~
427 3908 670 3979 adjungit
700 3925 712 3961 :
757 3926 774 3958 ι
800 3905 864 3961 Ει
903 3905 996 3960 alii
1025 3904 1242 3976 quidem
1274 3905 1458 3974 plures
1491 3904 1619 3959 facti
1643 3913 1770 3961 sunt
1798 3921 1986 3964 sacer-

330 4048 334 4054 .
423 4001 602 4066 dotes,
635 3999 841 4055 idcirco
869 3998 1012 4070 quod
1042 4007 1216 4054 morte
1249 3999 1672 4068 prohiberentur
1699 4015 1985 4070 permane-

333 4085 336 4089 ’
426 4107 486 4147 re
512 4112 525 4148 :
569 4091 656 4146 hic
692 4098 893 4155 autem,
923 4105 990 4146 eo
1011 4089 1156 4160 quod
1188 4090 1304 4160 ipse
1327 4098 1563 4155 maneat,
1595 4091 1986 4160 sempiternum

423 4182 588 4237 habet
617 4180 999 4236 sacerdotium.
1027 4177 1105 4232 Ex
1129 4193 1238 4249 quo
1268 4179 1432 4234 etiam
1469 4195 1688 4236 servare
1719 4181 1772 4235 in
1798 4196 1989 4252 perpe-

429 4279 581 4326 tuum
612 4278 790 4340 potest
839 4269 1159 4326 accedentes
1190 4285 1287 4339 per
1324 4269 1501 4340 ipsum
1535 4271 1603 4326 ad
1631 4272 1820 4338 Deum,
1853 4289 1994 4328 sem-

2078 1811 2145 1864 δι’
2169 1809 2334 1862 αὑτοῦ
2367 1809 2443 1880 τῷ
2475 1809 2625 1880 Θεῷ,
2664 1809 2902 1866 ’πάντοτε
2936 1810 3043 1876 ζῶν
3087 1814 3164 1874 εἰς
3200 1811 3258 1864 τὸ
3297 1812 3650 1882 ἐντυγχάνειν

2079 1898 2217 1970 ὑπὲρ
2248 1898 2446 1952 αὑτῶν.
2483 1897 2732 1962 Τοιοῦτος
2756 1900 2861 1971 γὰρ
2895 1901 3024 1970 ἡμῖν
3057 1899 3152 1952 καὶ
3183 1897 3421 1970 ἔπρεπεν
3456 1901 3650 1973 ἀρχιε-

2079 1992 2238 2062 ρεὺς,
2279 1991 2453 2056 ὅσιος,
2488 1990 2724 2055 ἄκακος,
2773 1991 3050 2062 ἀμίαντος,
3101 1992 3507 2064 κεχωρισμένος
3545 1993 3652 2048 ἀπὸ

2078 2082 2182 2136 τῶν
2213 2081 2570 2154 ἁμαρτωλῶν,
2602 2083 2699 2136 καὶ
2725 2082 3048 2154 ὑψηλότερος
3069 2081 3176 2135 τῶν
3208 2083 3454 2155 οὐρανῶν
3494 2085 3650 2152 γενό-

2079 2189 2259 2245 μενος.
2305 2196 2322 2227 ι
2373 2176 2482 2230 Kal
2534 2175 2771 2244 ἐπιλέγει
2806 2191 2820 2206 ⁸
2880 2194 2899 2226 ι
2933 2175 3238 2244 Κεφάλαιον
3296 2175 3354 2228 δέ
3394 2177 3492 2228 ἐπὶ
3539 2178 3651 2240 τοῖς

2080 2266 2414 2338 εἰρημένοις,
2466 2263 2701 2318 τοιοῦτον
2745 2264 2938 2336 ἔχομεν
2981 2263 3258 2335 ἀρχιερέα,
3299 2263 3356 2327 ὃς
3394 2262 3650 2317 ἐκάθισεν

2081 2359 2138 2410 ὲν
2177 2356 2327 2427 δεξιᾷ
2379 2356 2478 2427 τῆς
2518 2355 2891 2428 μεγαλοσύνης
2937 2357 2993 2409 ἐν
3031 2355 3271 2427 ὑψηλοῖς,
3318 2355 3428 2408 τῶν
3475 2357 3650 2424 ἁγίων

2079 2448 2405 2520 λειτουργὸς,
2436 2448 2528 2502 καὶ
2559 2449 2656 2520 τῆς
2687 2447 2891 2518 σκηνῆς
2917 2448 3013 2518 τῆς
3043 2447 3320 2519 ἀληθινῆς,
3355 2446 3423 2517 ὴν
3447 2446 3651 2516 ἔπηξεν

2073 2541 2110 2593 δ
2134 2540 2353 2612 Κύριος,
2373 2538 2806 2612 οὑκ’άνθρωπος.
2843 2559 2865 2591 ι
2895 2538 3076 2592 Ταὺτα
3109 2539 3207 2610 μὲν
3227 2540 3254 2592 ὁ
3299 2539 3647 2612 Ἀπόεστολος.

2093 2630 2150 2683 Ὁ
2169 2628 2223 2682 δὲ
2251 2628 2458 2700 ψαλμὸς
2479 2629 2702 2692 ὑποὸἀς,
2733 2629 2826 2682 καὶ
2851 2628 2910 2681 τὸ
2934 2628 3102 2694 πάθος
3123 2628 3652 2699 ἐπικεκαλυμμένως

2080 2718 2175 2773 τοῦ
2207 2719 2673 2790 προφητευομένου
2703 2720 2873 2790 δηλοῖ,
2897 2719 3101 2788 λέγων’
3143 2738 3162 2770 ι
3215 2719 3309 2773 Ἐκ
3344 2720 3650 2790 χειμάρρου

2079 2811 2140 2863 ἐν
2172 2807 2274 2879 ὁδῷ
2304 2809 2505 2873 πίεται,
2535 2809 2622 2862 διὰ
2649 2809 2804 2863 τοῦτο
2826 2807 3026 2879 ὑψώσει
3059 2807 3315 2880 κεφαλήν.
3349 2827 3368 2858 ι
3406 2809 3652 2882 Χείμαρο

2082 2903 2172 2970 ρον
2193 2900 2248 2954 δὲ
2273 2899 2361 2952 τὸν
2385 2899 2569 2971 καιρὸν
2589 2898 2694 2952 τῶν
2714 2899 3032 2970 πειρασμῶν
3058 2899 3150 2953 καὶ
3173 2898 3326 2962 ἄλλος
3341 2898 3499 2969 δηλοῖ
3515 2898 3652 2968 ψαλο

2083 2991 2202 3060 μὸς,
2234 2989 2403 3059 λέγων
2431 3006 2476 3041 Ὶ
2504 2988 2815 3061 Χειμάρρου
2840 2988 3100 3060 διῆλθενή
3129 2988 3273 3059 ψυχὴ
3303 2987 3486 3059 ἡμῶν.
3516 2991 3656 3059 Ἀρι

2079 3081 2342 3154 διῆλθενή
2365 3082 2510 3153 ψυχὴ
2544 3083 2698 3153 ἡμῶν
2724 3083 2783 3134 τὸ
2821 3080 2962 3153 ὓδωρ
2986 3082 3045 3134 τὸ
3069 3081 3463 3134 ἀνυπόστατον.
3495 3100 3514 3132 ι
3569 3083 3654 3134 Ἐν

2077 3172 2156 3243 τῷ
2179 3173 2456 3245 χειμάρρῳ
2469 3172 2644 3224 τοίνυν
2673 3171 2876 3232 πίεται,
2909 3170 3042 3241 φησὶ
3059 3210 3074 3234 ,
3097 3169 3156 3223 τὸ
3183 3171 3440 3241 ποτήριον
3473 3171 3653 3242 δηλον-

2078 3265 2189 3332 ότι,
2216 3265 2244 3318 ὃ
2277 3261 2519 3337 ᾐνίττετο
2548 3265 2682 3335 πρὸς
2736 3263 2812 3334 τῷ
2845 3263 3018 3336 καιρῷ
3042 3264 3135 3318 τοῦ
3171 3263 3398 3328 πάθους,
3431 3264 3615 3334 λέγων
3636 3281 3653 3296 ο

2087 3381 2106 3412 ς
2132 3359 2332 3432 Πάτερ,
2359 3361 2408 3412 εί
2430 3357 2670 3422 δυνατὸν,
2695 3356 3007 3426 παρελθέτω
3019 3357 3080 3410 τὸ
3098 3358 3351 3429 ποτήριον
3375 3357 3540 3411 τοῦτο
3561 3358 3655 3412 ἀπ’

2081 3451 2265 3521 ἐμοῦ.»
2291 3452 2400 3506 Kal
2426 3450 2586 3505 πάλιν
2610 3450 2728 3503 ’(Εξ
2764 3451 2837 3520 μὴ
2867 3449 3089 3502 δυνατόν
3113 3450 3261 3520 ἐστιν,
3283 3449 3414 3502 αὑτὸ
3448 3449 3658 3523 παρελ-

2083 3543 2213 3608 θεῖν,
2237 3543 2330 3596 ἐὰν
2352 3542 2425 3614 μὴ
2442 3541 2572 3596 αὑτὸ
2596 3541 2723 3606 πίω,
2747 3541 3027 3613 γενηθήτω
3043 3541 3101 3593 τὸ
3120 3539 3328 3610 θέλημά
3350 3558 3465 3594 σου.
3484 3561 3503 3592 ι
3530 3541 3660 3594 Τοῦ-

2081 3652 2142 3688 το
2169 3634 2232 3705 δὴ
2255 3631 2348 3689 οὖν
2375 3633 2578 3687 ἐκπιὼν
2600 3631 2661 3686 τὸ
2702 3634 2958 3704 ποτήριον
2979 3673 2992 3697 ,
3029 3633 3207 3703 ὑψωσε
3241 3633 3486 3703 κεφαλὴν
3509 3675 3524 3698 ,
3561 3636 3658 3688 xa't

2084 3726 2222 3782 κατά
2242 3725 2332 3778 τὸν
2365 3724 2700 3792 Ἀπόστολον,
2725 3723 2845 3776 ἐπεὶ
2873 3725 2980 3795 γὰρ
3018 3743 3035 3776 ι
3068 3723 3288 3792 γέγονεν
3313 3724 3558 3794 ὑπήκοος
3581 3724 3660 3794 τῷ

2084 3817 2258 3888 Πατρὶ
2279 3816 2440 3888 μέχρι
2460 3815 2706 3880 θανάτου,
2729 3813 2957 3870 θανάτου
2977 3814 3034 3868 δὲ
3055 3813 3307 3886 σταυροῦ,
3327 3813 3417 3867 sta:
3437 3813 3620 3878 τοῦτο,
3635 3833 3652 3864 ι

2087 3909 2269 3980 φησὶν,
2298 3927 2315 3959 ι
2341 3906 2693 3978 ὑπερύψωσεν
2718 3906 2877 3960 αὑτὸν
2902 3907 2930 3959 ὁ
2961 3905 3111 3969 Θεὸς,
3146 3905 3363 3976 ἐγείρας
3393 3903 3559 3957 ἁυτὸν
3594 3905 3660 3957 ἐκ

2085 3997 2192 4053 τῶν
2212 3996 2416 4069 νεκρῶν
2435 4036 2451 4062 ,
2473 3997 2566 4050 καὶ
2585 3995 2810 4060 καθίσας
2835 3997 2993 4049 αὑτὸν
3020 3997 3075 4048 ἐν
3096 3994 3243 4066 δεξιᾷ
3272 3993 3462 4056 αὑτοῦ,
3485 3994 3663 4063 ὑπερ-

2088 4088 2198 4142 ἀνω
2231 4087 2408 4158 πάσης
2433 4087 2604 4158 ἀρχῆς
2629 4125 2644 4151 9
2679 4086 2770 4139 καὶ
2805 4085 3070 4150 ἐξουσίας,
3101 4086 3195 4138 καὶ
3225 4084 3528 4154 δυνάμεως,
3565 4085 3663 4138 καὶ

2087 4179 2432 4252 κυριότητος,
2480 4179 2572 4231 καὶ
2610 4177 2806 4240 παντὸς
2839 4175 3090 4246 ὀνόματος
3123 4172 3526 4245 ὀνομαζομένου
3546 4213 3563 4237 ,
3598 4175 3661 4227 οὑ

2091 4273 2247 4342 μόνον
2281 4273 2336 4324 ἐν
2365 4269 2443 4341 τῷ
2479 4269 2632 4324 αἰῶνι
2670 4268 2864 4339 τούτῳ,
2895 4267 3028 4321 ἀλλὰ
3061 4266 3155 4319 καὶ
3192 4269 3249 4320 ἐν
3277 4266 3353 4336 τῷ
3381 4265 3659 4334 μέλλοντι.

428 4376 527 4432 per
549 4361 733 4416 vivens
787 4361 853 4416 ad
905 4360 1349 4417 intercedendum
1375 4377 1474 4432 pro
1501 4363 1628 4420 illis.
1661 4364 1808 4420 Talis
1840 4365 1978 4420 enim

2089 4363 2198 4418 Kal
2221 4363 2393 4416 πάντα
2410 4360 2662 4426 ὑπέταξε,
2689 4361 2898 4431 φησὶν,
2921 4378 2940 4412 ι
2964 4347 3068 4412 ὑπὸ
3089 4361 3213 4422 τοὺς
3235 4357 3398 4419 πόδας
3417 4355 3614 4420 αὑτοῦ,
3639 4375 3657 4406 ι

431 4451 655 4506 decebat
685 4467 788 4508 nos
844 4451 1110 4521 pontifex,
1165 4461 1412 4519 sanctus,
1463 4454 1758 4522 innocens,
1794 4457 1987 4528 impol-

431 4545 600 4610 lutus,
647 4552 964 4614 segregatus
995 4558 1026 4598 a
1054 4545 1472 4634 peccatoribus,
1505 4553 1559 4602 et
1589 4547 1856 4602 excelsior
1881 4560 1989 4602 ca:-

430 4634 500 4689 lis
530 4632 707 4690 factus
731 4635 796 4689 ".
836 4652 855 4686 ι
890 4631 1092 4690 Deinde
1115 4634 1361 4708 adiungit
1395 4631 1461 4692 τ’(
1491 4636 1666 4708 Caput
1683 4645 1859 4692 autem
1893 4653 1989 4693 su-

431 4741 525 4796 per
555 4725 622 4782 iis
643 4741 763 4796 qua:
788 4724 934 4780 dicta
982 4733 1126 4785 sunt.
1164 4727 1347 4784 Talem
1374 4730 1635 4786 habemus
1658 4731 1987 4801 ponlilicem,

431 4817 524 4888 qui
556 4818 708 4872 sedet
755 4817 813 4872 in
843 4817 1066 4876 dextera
1108 4821 1420 4892 maiestatis
1451 4823 1507 4878 in
1547 4823 1798 4889 excelsis,
1855 4837 1986 4879 san-

2088 4454 2228 4507 κατὰ
2250 4453 2346 4524 τὴν
2373 4453 2506 4525 πρὸς
2533 4453 2690 4506 ἀυτὸν
2711 4451 3060 4521 ἐπαγγελίαν,
3090 4449 3156 4520 ἢν
3182 4449 3269 4502 διὰ
3308 4447 3403 4502 τοῦ
3439 4445 3662 4517 ψαλμοῦ

2088 4543 2400 4615 παρίστησι,
2424 4541 2616 4609 λέγων’
2640 4560 2658 4592 ι
2681 4539 2861 4594 Κάθου
2896 4541 2958 4592 ἐκ
2987 4537 3170 4603 δεξιῶν
3204 4553 3323 4607 μου,
3349 4533 3456 4597 ἓως
3487 4533 3555 4586 ἂν
3584 4533 3665 4585 θῶ

2085 4637 2209 4699 τοὺς
2239 4633 2465 4707 ἐχθρούς
2487 4649 2579 4687 σου
2615 4632 2899 4686 ὑποπόδιον
2918 4630 3026 4684 τῶν
3053 4629 3228 4683 ποδῶν
3261 4645 3375 4681 σου.
3401 4628 3667 4680 Κατακυ-

2089 4726 2235 4800 ρίευε
2261 4728 2317 4779 ἐν
2351 4725 2502 4796 μέσῳ
2522 4725 2630 4778 τῶν
2661 4724 2867 4796 ἐχθρῶν
2897 4740 3012 4776 σου.
3035 4741 3053 4774 ι
3091 4719 3358 4792 Πρόδηλον
3374 4717 3561 4778 παντὶ,
3587 4714 3664 4777 ὡς

2089 4817 2170 4872 ἐτι
2192 4817 2287 4872 νῦν
2309 4819 2342 4888 ἡ
2361 4815 2454 4870 τοῦ
2475 4815 2724 4886 Σωτῆρος
2740 4814 2893 4885 ἡμῶν
2911 4815 3134 4885 δύναμις
3150 4813 3242 4865 καὶ
3261 4812 3289 4862 ό
3303 4811 3401 4875 τῆς
3414 4808 3668 4862 διδασκα-

429 4917 642 4965 ctorum
699 4909 964 4978 minister,
1023 4918 1078 4966 et
1139 4915 1474 4970 tabernaculi
1512 4916 1648 4981 veri,
1687 4915 1832 4986 quod
1871 4915 1978 4970 ﬁxil

2090 4908 2208 4973 λίας
2230 4905 2391 4961 αὑτοῦ
2419 4905 2593 4974 λόγος,
2622 4907 2677 4958 ἐν
2701 4904 2882 4976 μέσοις
2906 4903 3248 4974 τοῖςιέχθροῖς
3267 4901 3361 4954 καὶ
3381 4896 3668 4968 πολεμίοις

432 5002 595 5066 Deus,
641 5009 696 5057 et
727 5016 836 5056 non
863 5001 1024 5058 homo
1072 5004 1138 5058 ⁸⁵.
1179 5024 1198 5057 ι
1247 5005 1374 5061 Haec
1404 5006 1622 5075 quidem
1675 5007 1978 5078 Apostolus.

2092 4998 2280 5063 αὑτοῦ,
2309 4997 2400 5051 καὶ
2451 4995 2558 5050 τῶν
2610 4995 3045 5050 πεπιστευκότων
3090 4996 3168 5056 είς
3197 4992 3357 5047 αὑτὸν
3402 4989 3669 5043 ἁπάντων

431 5092 680 5150 Psalmus
709 5108 860 5160 vero,
897 5093 1124 5150 inferius
1174 5111 1527 5166 progressus,
1560 5098 1722 5152 etiam
1761 5113 1825 5152 ea
1868 5114 1978 5168 quae

2095 5090 2497 5162 κατακυριεὺει.

433 5199 697 5258 passurus
717 5193 834 5240 erat
867 5187 933 5253 is,
982 5185 1050 5241 de
1075 5201 1183 5256 quo
1240 5188 1596 5254 vaticinatur,
1624 5198 1810 5260 aperte
1847 5187 2137 5261 signiﬁcat,
2169 5185 2358 5240 dicens
2387 5202 2400 5238 :
2432 5200 2450 5234 ι
2484 5180 2561 5236 De
2595 5188 2838 5237 torrente
2887 5179 2943 5235 in
3003 5180 3091 5236 via
3138 5180 3321 5244 bibet,
3371 5187 3670 5252 propterea

433 5276 688 5331 exaltabit
710 5285 873 5349 caput
905 5277 972 5334 ".
1014 5296 1033 5330 ι
1065 5276 1383 5334 Torrentem
1406 5294 1592 5350 porro,
1626 5283 1988 5338 tentationum
2027 5290 2239 5350 tempus
2260 5273 2665 5345 intelligendum
2700 5275 2840 5331 alius
2885 5275 3090 5330 indicat
3141 5276 3383 5347 psalmus
3427 5277 3664 5336 dicens:

442 5383 462 5418 ι
505 5365 822 5422 Torrentem
865 5369 1211 5438 pertransivit
1261 5371 1440 5426 anima
1474 5380 1682 5429 nostra.
1731 5371 1985 5429 Forsitan
2023 5370 2342 5444 pertransiit
2389 5368 2572 5424 anima
2601 5377 2786 5425 nostra
2803 5384 2998 5440 aquam
3032 5370 3428 5427 intolerabilem
3457 5373 3528 5429 ⁸⁷.
3563 5390 3584 5425 ι

437 5539 710 5677 nl’uﬁeg:
751 5559 861 5612 xiv,
888 5548 1072 5603 18-19.
1155 5549 1199 5580 ’³
1219 5545 1387 5605 Hebr.
1429 5549 1613 5615 vi,18.
1690 5551 1738 5633 ’.ξ
1773 5549 1932 5605 Hebr.
1975 5565 2067 5614 vn,
2094 5547 2285 5606 23-26.
2335 5547 2406 5635 pq"
2431 5545 2592 5604 Hebr.
2628 5561 2746 5635 vm,
2785 5547 2896 5617 ΗΞ.
2920 5549 2966 5581 ¹⁶
2991 5547 3132 5606 Psal.
3157 5565 3268 5619 cur,
3304 5549 3354 5606 7.
3429 5551 3476 5583 ³⁷
3510 5548 3670 5612 Psal.
