3916 6200
214 341 327 396 369
900 380 903 381 ν
1121 334 1767 395 DEMONSTRATIONIS
1802 331 2262 390 EVANGELICA‘}
2294 331 2423 387 LIB.
2460 328 2525 385 γ.
3329 320 3433 379 370

213 459 275 516 lu
310 466 552 517 torrente
580 458 746 529 igitur
777 459 942 522 bibet,
988 459 1186 529 inquit,
1235 460 1459 515 calicem
1497 455 1769 522 videlicet,
1809 470 1969 527 quem
2007 456 2123 525 ipse
2152 453 2255 510 sub
2292 450 2470 521 ipsum
2503 448 2775 521 passionis
2840 454 3053 515 tempus
3089 438 3435 513 signiﬁcavit,

214 553 448 609 dicens:
487 570 509 604 ι
540 549 724 616 Pater,
759 552 804 609 si
834 551 1093 622 possibile
1119 559 1225 617 est,
1246 559 1488 609 transeat
1514 551 1773 609 calixiste
1808 564 1839 603 a
1868 564 1955 605 me
1980 549 2048 600 ".
2080 566 2099 599 ι
2135 546 2202 601 Et
2244 559 2436 600 rursus
2468 562 2480 597 :
2530 563 2545 597 :
2583 542 2641 599 Si
2700 556 2809 596 non
2873 537 3130 609 possibile
3156 543 3239 590 est
3276 533 3433 589 illum

216 646 476 709 transire,
509 646 617 703 nisi
647 647 799 701 illum
842 648 1021 703 bibam
1046 688 1061 714 ,
1093 647 1184 702 ﬁat
1208 647 1463 703 voluntas
1495 655 1587 701 tua
1630 646 1699 697 ²⁹.
1748 662 1767 695 ι
1805 642 1940 698 Cum
1999 640 2165 712 igitur
2216 641 2360 694 hunc
2413 638 2639 693 calicem
2694 636 2941 698 bibisset,
3005 640 3122 687 tum
3174 628 3427 685 exaltavit

215 746 400 807 caput.
435 737 501 792 Et
528 738 670 795 sicut
701 739 778 793 ait
808 739 1116 809 Apostolus,
1144 739 1402 810 quoniam
1438 758 1458 790 ι
1495 739 1669 793 factus
1722 741 1807 792 est
1839 733 2099 790 obediens
2148 731 2297 786 Patri
2346 745 2518 801 usque
2562 729 2629 784 ad
2694 736 2939 789 mortem,
2978 730 3205 779 mortem
3250 728 3428 776 autem

215 831 424 891 crucis.
477 851 496 882 ι
528 831 752 894 idcirco,
782 832 977 902 inquit,
1022 850 1040 883 ι
1076 832 1362 909 ειοὶιονίῑ,
1389 832 1541 886 illum
1600 830 1744 885 Deus
1784 829 1853 892 ³⁸,
1896 827 2167 883 suscitans
2196 826 2346 881 illum
2369 841 2399 880 a
2431 824 2679 887 mortuis,
2708 830 2763 877 et
2802 821 2990 879 sedere
3033 819 3184 874 illum
3214 816 3341 871 fecit
3372 816 3431 871 in

214 921 441 976 dextera
477 936 597 985 sua,
646 936 813 993 supra
842 936 1054 977 omnem
1084 921 1480 992 principatum,
1538 929 1593 976 et
1657 924 2001 989 potestatem,
2066 923 2121 973 et
2151 917 2429 980 virtutem,
2485 921 2539 970 et
2588 914 3032 978 dominationem,
3064 919 3119 968 et
3146 923 3306 966 omne
3330 923 3431 964 no-

217 1030 343 1070 men
375 1015 519 1086 quod
543 1016 849 1069 nominetur
876 1030 986 1069 non
1011 1016 1187 1072 solum
1214 1015 1271 1069 in
1300 1014 1404 1069 hoc
1429 1012 1648 1079 saeculo,
1668 1010 1763 1067 sed
1801 1010 1962 1066 etiam
1986 1010 2041 1064 in
2063 1008 2266 1065 futuro.
2300 1009 2364 1063 Et
2401 1009 2583 1064 omnia
2633 1006 2885 1077 subjecit,
2943 1003 3138 1075 inquit,
3177 1002 3280 1058 sub
3330 1016 3427 1072 pe-

217 1108 379 1163 dibus
410 1108 614 1177 eius“,
649 1126 669 1159 ι
707 1108 1003 1163 secundum
1036 1123 1177 1173 eam,
1205 1123 1326 1179 quae
1348 1106 1417 1161 ad
1440 1107 1618 1177 ipsum
1640 1104 1781 1159 facta
1819 1110 1923 1168 est,
1973 1103 2409 1174 promissionem,
2451 1116 2613 1172 quam
2654 1101 2709 1154 in
2754 1098 2963 1170 psalmo
3020 1095 3286 1158 declarat,
3343 1091 3432 1149 di-

217 1216 390 1257 eens:
436 1220 455 1251 ι
494 1200 634 1257 Sede
674 1201 936 1257 adextris
993 1202 1153 1267 meis,
1216 1200 1388 1257 donec
1437 1213 1632 1272 ponam
1697 1198 1948 1255 inimicos
1997 1204 2120 1253 tuos
2184 1197 2480 1252 scabellum
2522 1194 2717 1265 pedum
2758 1200 2994 1247 tuorum.
3054 1188 3342 1245 Dominare
3369 1185 3425 1239 in

219 1292 402 1347 medio
445 1292 790 1347 inimicorum
849 1300 1086 1347 tuorum.
1128 1312 1148 1345 ι
1179 1292 1406 1349 Constat
1455 1305 1583 1347 vero
1647 1289 1983 1360 planissime,
2014 1288 2465 1359 quemadmodum
2499 1287 2659 1341 hodie
2683 1299 2899 1356 quoque
2925 1280 3221 1337 Salvatoris
3254 1279 3431 1333 nostri

215 1384 418 1451 virtus,
447 1398 512 1438 ac
538 1383 800 1439 doctrina:
828 1384 973 1440 illius
1008 1385 1255 1451 verbum,
1290 1385 1346 1439 in
1375 1382 1553 1439 medio
1605 1383 1947 1437 inimicorum
2005 1390 2058 1437 et
2110 1379 2350 1436 hostium
2416 1392 2659 1440 suorum,
2716 1376 2969 1431 omnibus
3020 1372 3344 1443 quicumque
3372 1368 3430 1422 in

217 1480 401 1551 ipsum
425 1476 672 1543 credunt,
702 1478 1033 1534 dominatur.

742 1633 1134 1688 ΚΕΦΑΛΑῙΟΝ
1178 1636 1216 1687 Δ
1235 1674 1248 1688 .

225 1768 343 1838 Ὧς-
377 1768 476 1823 καί
521 1764 789 1834 Ἡσαΐας,
843 1767 1164 1838 προφητῶν
1210 1768 1491 1838 μέγιστος
1509 1809 1522 1831 ,
1574 1766 1777 1838 σαφῶς

286 1835 412 1893 οἶδε
455 1840 603 1894 Θεὸν
649 1840 717 1891 ὲν
745 1835 1086 1904 Θεῷέῒναι,
1130 1835 1321 1908 Mimi-
1377 1839 1586 1908 ὁμοίως
1635 1837 1779 1906 ἡμῖν

287 1908 601 1974 δοξάζουσι
630 1908 861 1978 Πατέρα
889 1911 959 1965 ἐν
989 1909 1118 1977 Υίῷ,
1153 1910 1250 1965 καὶ
1290 1909 1425 1963 Υἱὸν
1454 1909 1524 1961 ἐν
1543 1908 1775 1976 Πατέρι.

288 2102 308 2135 ι
351 2082 497 2154 Ἐγὼ
548 2084 751 2156 Κύριος
794 2085 1026 2157 ἐποίησα
1057 2086 1181 2155 γῆν,
1232 2083 1326 2137 καὶ
1374 2082 1655 2155 ἄνθρωπον
1692 2085 1775 2136 ἐπ’

206 2175 404 2245 αὐτῆς·
434 2174 544 2243 ἐγὼ
566 2178 631 2246 τῇ
663 2176 802 2246 χειρί
828 2193 929 2246 μου
960 2176 1264 2246 ὲστερέωσα
1287 2175 1376 2230 τὸν
1401 2177 1642 2248 οὐρανὸν,
1669 2174 1777 2245 ἐγὼ

210 2268 349 2320 πᾶσι
381 2270 494 2329 τοῖς
519 2266 735 2337 ἄστροις
763 2267 1131 2339 ἐνετειλάμην,
1163 2267 1272 2337 ἐγὼ
1296 2269 1491 2339 ἦγειρα
1523 2269 1612 2323 τὸν
1640 2270 1776 2339 μετὰ

205 2356 555 2427 δικαιοσύνης
578 2356 814 2427 βασιλέα,
839 2359 931 2411 καὶ
958 2360 1126 2412 πᾶσαι
1153 2360 1206 2411 at
1232 2357 1339 2411 ὁδοὶ
1368 2359 1528 2412 αὐτοῦ
1552 2359 1771 2413 εὐθεῖαι.

211 2444 384 2513 Οὗτος
414 2449 755 2519 οἰκοδομήσει
786 2450 884 2521 τὴν
920 2450 1069 2504 πόλιν
1098 2468 1219 2521 μου,
1246 2450 1338 2502 καὶ
1364 2449 1461 2522 τὴν
1503 2451 1776 2521 αἰχμαλω-

208 2542 330 2595 σίαν
357 2542 453 2595 τοῦ
478 2540 607 2595 λαοῦ
639 2542 972 2613 ἐπιστρέψει,
999 2543 1057 2595 οὐ
1087 2542 1222 2613 μετὰ
1240 2542 1469 2615 λύτρων,
1495 2542 1613 2595 οὐδὲ
1641 2543 1776 2614 μετὰ

204 2634 418 2705 δώρων,
446 2629 566 2686 εἶπε
583 2633 783 2705 Κύριος
802 2634 1078 2688 Σαϐαὼθ.»
1108 2634 1255 2699 Τέως
1291 2635 1388 2705 μὲν
1417 2634 1585 2688 ταῦτα
1614 2638 1642 2689 ὁ
1668 2635 1774 2689 τῶν

204 2725 345 2778 ὅλων
373 2724 601 2795 ποιητὴς
626 2724 775 2788 Θεὸς,
802 2726 928 2797 περί
960 2742 1103 2789 τινος
1129 2724 1389 2795 βασιλέως
1409 2726 1501 2780 καὶ
1527 2725 1774 2797 Σωτῆρος

208 2815 501 2884 μέλλοντος
542 2816 837 2886 οἰκοδομεῖν
875 2815 937 2869 τό
972 2816 1072 2886 τῆς
1123 2816 1401 2878 εὐσεϐείας
1443 2814 1770 2887 πολίτευμα,

204 2903 587 2976 λυτρώσασθαι
628 2904 724 2975 τὴν
762 2904 1138 2975 ὲπισυμὸᾶσαν
1182 2903 1487 2975 ἀνθρώποις
1532 2904 1635 2958 ὑπὸ
1678 2905 1774 2976 τῆς

2478 1618 2702 1676 CAPUT
2736 1618 2823 1672 IV.

1877 1756 2036 1826 225
2063 1755 2213 1821 Quod
2258 1757 2417 1811 etiam
2467 1755 2677 1821 Isaia’s,
2719 1756 3090 1826 prophetarum
3132 1753 3432 1826 maxjmus,

1946 1823 2100 1897 ᾗίὶιηε
2136 1828 2277 1881 novit
2328 1826 2492 1881 Deum
2540 1844 2651 1881 esse
2703 1823 2757 1880 in
2800 1823 2931 1885 Deo,
2982 1825 3134 1894 idque
3186 1823 3432 1945 afﬂuat,

1950 1900 2084 1945 sicut
2123 1898 2285 1945 etiam
2319 1914 2411 1945 nos
2439 1897 2526 1945 aui
2556 1896 2767 1945 Patrem
2796 1896 2849 1945 in
2880 1892 3045 1945 Filio.
3068 1904 3116 1945 et
3150 1892 3216 1945 Fi
3242 1894 3347 1945 ium
3378 1894 3432 1945 in

1950 1892 2084 1951 sicut
2123 1898 2285 1951 etiam
2319 1914 2411 1950 nos
2439 1897 2526 1966 qui
2556 1896 2767 1953 Patrem
2796 1896 2849 1949 in
2880 1892 3116 1960 Filio,'et
3150 1892 3347 1948 Filium
3378 1894 3432 1947 in

1949 1966 2110 2020 Patre
2133 1967 2509 2037 gloriﬁcamus.

1954 2096 1973 2128 ι
2004 2077 2114 2148 Ego
2149 2077 2412 2135 Dominus
2444 2078 2546 2134 feci
2590 2086 2817 2144 terram,
2866 2083 2920 2131 et
2965 2076 3237 2130 hominem
3270 2090 3431 2145 super

1875 2184 1938 2224 ea
1967 2186 1981 2236 ;
2011 2184 2110 2239 ego
2143 2186 2305 2225 manu
2351 2186 2470 2226 mea
2512 2169 2844 2225 consolidavi
2875 2169 3094 2233 caelum,
3127 2181 3226 2237 ego
3255 2166 3431 2221 omni-

1876 2260 1979 2316 bus
2019 2262 2182 2318 astris
2227 2262 2500 2327 mandavi,
2534 2277 2633 2333 ego
2686 2260 2945 2317 suscitavi
2977 2273 3157 2329 regem
3191 2273 3313 2312 cum
3340 2257 3430 2327 ju-

1876 2352 2046 2418 stitia,
2094 2361 2148 2410 et
2181 2368 2369 2409 omnes
2401 2354 2501 2409 via:
2538 2354 2659 2424 ejus
2688 2360 2867 2408 rectae.
2912 2350 3011 2405 Hic
3047 2348 3332 2405 rediiicabit
3359 2349 3433 2402 ci-

1873 2446 2092 2500 vitatem
2144 2460 2340 2511 meam,
2391 2452 2447 2501 et
2493 2445 2859 2515 captivitatem
2899 2443 3085 2516 populi
3128 2446 3449 2515 convertet,

1875 2553 1981 2591 non
2024 2537 2218 2607 pretio,
2251 2553 2424 2608 neque
2474 2537 2810 2604 muneribus,
2847 2536 2984 2591 dixit
3029 2534 3293 2594 Dominus
3331 2532 3430 2591 Sa-

1874 2629 2037 2683 baoth
2064 2629 2131 2685 ³³.
2164 2648 2182 2679 ι
2225 2629 2444 2683 lnterim
2486 2629 2703 2699 quidem
2747 2629 2862 2684 hazc
2901 2628 3141 2685 universi
3181 2630 3432 2691 conditor

1874 2718 2038 2784 Deus,
2093 2720 2159 2775 de
2198 2719 2433 2790 quodam
2472 2735 2595 2792 rege
2633 2735 2696 2774 ac
2733 2719 3031 2785 Salvatore,
3063 2722 3155 2791 qui
3193 2720 3429 2776 azdiiica-

1873 2819 2031 2867 turus
2056 2813 2127 2869 sit
2155 2812 2543 2883 rempublicam
2572 2814 2809 2882 pietatis,
2844 2823 2897 2870 et
2926 2813 3290 2870 conditionem
3322 2826 3429 2883 qua

1874 2903 2120 2959 homines
2172 2920 2203 2960 a
2260 2902 2558 2962 daemonica
2593 2921 2777 2961 errore
2838 2905 3032 2975 captivi
3075 2906 3435 2969 tenebantur,

203 2975 528 3066 δαιμονικῆς
572 2996 775 3069 πλάνης
821 2995 1212 3066 αἰχμαλωσίαν,
1239 2995 1328 3048 διὰ
1370 2995 1463 3049 τοῦ
1498 2975 1769 3069 προφήτου

1876 2994 2263 3063 dissoluturus,
2298 3013 2394 3069 per
2418 2999 2734 3069 prophetam
2768 2998 3078 3069 respondet.
3112 2996 3170 3052 In
3203 2999 3270 3054 iis
3302 3012 3447 3054 vero.

205 3087 495 3152 θεσπίζει·
551 3087 675 3158 ἑξῆς
718 3087 774 3141 δὲ
816 3087 1023 3151 τούτοις
1071 3087 1129 3141 τὸ
1175 3085 1507 3159 προφητικὸν
1561 3088 1774 3159 πνεῦμα

204 3180 311 3251 τὴν
352 3180 624 3251 ὑποταγὴν
669 3180 777 3233 τῶν
810 3179 1117 3248 ἀλλοφύλων
1161 3179 1329 3233 ἐθνῶν
1369 3181 1677 3244 αἰνίττεται,
1706 3180 1772 3250 ἣν

204 3272 637 3340 ὑποταγήσονται
657 3270 733 3341 τῷ
754 3272 1231 3343 προφητευομένῳ,
1248 3273 1342 3326 καὶ
1367 3272 1442 3337 ὡς
1468 3275 1772 3345 προσκυνή-

208 3379 405 3417 σουσιν
450 3363 592 3433 αὑτῷ
639 3358 727 3417 οἷα
762 3362 880 3434 Θεῷ
928 3366 985 3419 oi.
1025 3364 1508 3436 ὑποταγησόμενοι,
1562 3366 1654 3418 καὶ
1700 3367 1774 3431 ὡς

206 3454 598 3528 προσεύξονται
635 3457 694 3509 ἐν
726 3456 892 3526 αὐτῷ,
930 3455 1018 3515 διὰ
1059 3457 1120 3510 τὸ
1155 3456 1376 3529 μείζονα
1418 3461 1686 3513 κατοικεῖν
1717 3462 1773 3514 ὲν

204 3544 362 3616 αὐτῷ
388 3545 539 3607 Θεὸν,
574 3546 664 3598 τὸν
709 3546 967 3600 ἀνωτάτω
1009 3546 1205 3619 δηλαδὴ
1240 3548 1477 3620 Πατέρα,
1512 3549 1604 3603 καὶ
1642 3548 1773 3603 Θεὸν

206 3634 317 3687 τῶν
362 3635 514 3687 ὂλων.
570 3634 649 3688 Τὰ
699 3635 755 3689 δὲ
799 3635 899 3707 τῆς
945 3632 1139 3700 λέξεως
1169 3636 1339 3702 οὕτως
1383 3638 1525 3709 ἔχει’
1565 3659 1582 3690 ι
1621 3639 1773 3693 Οὕτω

207 3727 360 3796 λέγει
405 3727 643 3800 Κύριος-ο
694 3728 1007 3782 Ἐκοπίασεν
1050 3728 1355 3798 Αἴγυπτος,
1405 3734 1498 3785 καὶ
1537 3733 1772 3805 ἐμπορία

209 3820 516 3885 Αἰθιόπων,
564 3820 657 3873 καὶ
709 3823 758 3873 οἱ
801 3820 1040 3892 Σαΰαεὶμ
1090 3821 1280 3893 ἄνδρες
1327 3822 1514 3893 ὑψηλοὶ
1565 3824 1659 3876 ἐπὶ
1711 3824 1770 3875 σὲ

204 3912 577 3983 διαϐήσονται,
606 3912 698 3965 καὶ
731 3913 813 3965 σοι
846 3911 1055 3966 ἔσονται
1099 3912 1293 3977 δοῦλοι,
1341 3915 1433 3968 καὶ
1464 3915 1637 3968 ὀπίσω
1677 3915 1767 3969 σοῦ

205 4001 629 4071 ὸκολουθήσουσι
650 4042 665 4069 ,
694 4002 961 4073 δεδεμένοι
996 4004 1364 4075 χειροπέδαις,
1409 4005 1502 4059 καὶ
1531 4023 1769 4079 προσκυ-

206 4096 431 4165 νήσουσι
476 4094 606 4157 νέοι,
658 4094 749 4146 καὶ
793 4094 849 4149 ὲν
902 4094 984 4145 σοὶ
1026 4095 1429 4165 προσεύξονται,
1476 4098 1555 4150 ὅτι
1595 4100 1653 4152 ἐν
1689 4101 1769 4152 σοὶ

206 4187 237 4239 ὁ
259 4185 394 4248 Θεός
428 4187 563 4249 ἐστι,
598 4186 691 4238 καὶ
718 4185 816 4238 οὐκ
852 4184 964 4239 ἐστι
988 4186 1119 4250 Θεὸς
1158 4186 1293 4258 πλὴν
1328 4187 1442 4242 σού.
1490 4191 1561 4243 Σὺ
1591 4190 1697 4261 γὰρ
1722 4187 1773 4243 εἷ

207 4276 371 4341 Θεὸς,
417 4276 513 4374 καὶ
553 4276 651 4329 οὐκ
696 4276 935 4347 ᾔδειμεν,
983 4277 1115 4341 Θεὸς
1156 4279 1247 4332 τοῦ
1302 4280 1515 4351 Ἰσραὴλ
1558 4282 1763 4354 Σωτήρ.
1796 4317 1838 4374 C

204 4367 664 4439 Αἰσχυνθήσονται
707 4370 799 4421 καὶ
836 4370 1257 4441 ἐντραπήσονται
1294 4370 1491 4435 πάντες
1536 4374 1584 4424 οἱ
1618 4374 1765 4426 ἀντι-

211 4461 454 4531 κείμενοι
482 4460 649 4530 αύτῷ,
685 4459 778 4513 καὶ
803 4459 1155 4531 πορεύσονται
1181 4463 1237 4514 ἐν
1271 4462 1547 4533 αἰσχύνῃ.»
1583 4462 1767 4518 Ταῦτα

209 4551 311 4619 μὲν
347 4552 379 4622 ἡ
413 4551 734 4623 προφητεία.
771 4551 881 4621 Οὐχ
922 4550 1158 4621 ἡγοῦμαι
1197 4552 1253 4605 δὲ
1292 4554 1632 4623 ἀντωπήσειν
1674 4553 1764 4606 δύ-

204 4642 400 4696 νασθαί
442 4659 587 4705 τινα,
620 4642 721 4696 κᾶν
767 4642 967 4713 σφόδρα
1075 4641 1360 4713 ἀγνώμων,
1403 4643 1481 4713 τῷ
1518 4644 1765 4716 προδήλῳ

206 4735 301 4788 καὶ
346 4736 506 4802 σαφεῖ
548 4732 646 4803 τῆς
692 4732 905 4797 λέξεως,
945 4733 1187 4803 ἐναργῶς
1231 4733 1398 4798 οὕτως
1447 4736 1765 4805 είσαγούσης

204 4826 340 4879 Θεὸν
372 4826 466 4878 τοῦ
500 4825 712 4897 Ἰσραὴλ
735 4825 981 4894 Σωτῆρα,
1006 4826 1099 4877 καὶ
1140 4825 1322 4894 ἕτερον
1349 4826 1406 4879 ἐν
1433 4826 1581 4896 αὐτῷ
1609 4827 1759 4880 Θεὸν·

210 4917 680 4990 «Προσκυνήσουσι
736 4934 850 4982 σοι,
884 4936 903 4969 ι
962 4918 1144 4988 φησὶν,
1194 4920 1283 4970 «οἱ
1325 4917 1536 4984 δίκαιοι,
1572 4920 1665 4973 καὶ
1705 4922 1765 4974 ἐν

204 5009 290 5062 σοὶ
329 5008 709 5080 προσεύξονται
732 5048 748 5072 ,
782 5010 862 5062 ὅτι
903 5010 959 5062 ὲν
992 5010 1072 5062 σοὶ
1114 5011 1142 5061 ὁ
1172 5009 1301 5073 Θεός
1334 5012 1479 5074 ἐστι,
1531 5012 1623 5064 καῖ⁹
1664 5012 1763 5065 οὐκ

202 5102 320 5154 ἔστι
371 5101 502 5164 Θεὸς
550 5101 685 5172 πλὴν
726 5101 839 5155 σοῦ·
904 5102 969 5155 σὺ
1021 5102 1125 5173 γὰρ
1174 5098 1226 5155 εἶ
1262 5105 1291 5156 ὁ
1330 5102 1479 5168 Θεὸς,
1532 5105 1623 5158 καὶ
1663 5107 1761 5160 οὐκ

200 5192 449 5263 ᾔδειμεν,
483 5191 614 5255 Θεὸς
650 5191 744 5245 τοῦ
786 5191 995 5264 Ἰσραὴλ
1042 5192 1250 5264 Σωτήρ.
1281 5214 1300 5245 ›
1354 5194 1425 5247 Τὸ
1471 5194 1556 5259 δὲ,
1610 5213 1628 5246 ι
1663 5197 1761 5249 οὑκ

203 5283 445 5353 ᾔδειμεν,
476 5303 494 5334 ι
528 5284 592 5336 ὲκ
621 5282 907 5355 προσώπου
930 5284 1037 5337 τῶν
1070 5286 1198 5356 πρὶν
1230 5285 1391 5339 αὐτὸν
1421 5286 1495 5358 μὴ
1520 5287 1759 5355 ἐπεγνω-

202 5374 374 5426 κὸτων
422 5370 570 5444 παρὰ
622 5373 799 5442 μόνοις
849 5375 957 5435 τοῖς
1016 5373 1408 5444 Ἑϐδομήκοντα
1456 5376 1756 5446 εἰρημένον,

201 5464 401 5536 ἑτέρως
430 5460 539 5533 εἶχε
560 5464 620 5516 τὸ
647 5465 946 5536 Ἐϐραῖκὸν,
968 5466 996 5519 ὅ
1022 5465 1333 5536 μεταλαϐὼν
1353 5468 1381 5519 ὀ
1409 5468 1506 5539 μὲν
1533 5470 1755 5533 Ἀκύλας

202 5556 367 5626 φησί’
420 5575 437 5607 ι
479 5556 608 5619 Θεὸς
650 5558 755 5627 ἄρα
807 5557 1022 5629 ἰσχυρὸς
1065 5559 1575 5632 ἀποκρυπτόμενος,
1627 5562 1756 5625 Θεὸς

1875 3106 1994 3161 qua:
2020 3098 2343 3162 sequuntur,
2385 3101 2730 3147 externarum
2768 3105 2984 3162 quoque
3015 3091 3292 3145 nationum
3332 3092 3447 3145 ob»

1876 3168 2144 3249 sequium,
2194 3195 2303 3250 quo
2342 3181 2392 3236 ei
2457 3188 2583 3237 sunt
2638 3181 2976 3237 obsecutum:
3018 3182 3109 3251 qui
3169 3188 3441 3237 venturus,

1873 3272 2113 3337 canitur,
2172 3274 2521 3343 pmpheticus
2580 3272 2849 3346 signiﬁcat
2898 3274 3119 3344 Spiritus
3162 3294 3175 3329 :
3219 3289 3426 3330 necnon

1873 3363 2327 3433 quemadmodum
2349 3364 2497 3419 illum
2522 3374 2779 3436 tanquam
2811 3365 2979 3423 Deum
3007 3366 3305 3421 adorabunt
3326 3366 3424 3432 illi,

1873 3456 1964 3526 qui
1999 3456 2071 3509 ita
2106 3454 2171 3509 ad
2207 3455 2525 3525 obsequium
2554 3458 2823 3524 venerint,
2852 3465 2905 3514 et
2935 3458 3079 3530 quod
3112 3459 3274 3516 Deum
3306 3473 3430 3513 ora-

1872 3545 2008 3600 bunt
2052 3545 2107 3600 in
2150 3544 2266 3615 ipso
2293 3564 2305 3599 :
2331 3553 2615 3615 propterea
2655 3549 2799 3618 quod
2850 3549 2906 3604 in
2960 3564 3025 3606 eo
3063 3550 3178 3620 ipse
3225 3548 3428 3604 habitet

1874 3637 2014 3695 Deus
2051 3651 2357 3708 supremus,
2387 3639 2634 3695 videlicet
2663 3640 2840 3706 Pater,
2878 3641 3225 3712 universique
3264 3640 3425 3697 Deus.

1872 3728 2049 3784 Locus
2076 3737 2253 3785 autem
2273 3730 2352 3786 sic
2366 3745 2422 3785 se
2444 3729 2603 3785 habet
2626 3730 2692 3785 ad
2710 3733 2927 3787 verbum
2953 3751 2967 3787 :
2994 3751 3011 3782 ε
3038 3731 3126 3786 Sic
3158 3731 3289 3785 dicit
3319 3733 3425 3785 Do-

1872 3822 2052 3877 minus
2097 3843 2109 3877 :
2157 3822 2445 3879 Laboravit
2473 3821 2759 3894 Egyptus,
2790 3832 2841 3878 et
2890 3823 3183 3895 negotiatio
3213 3822 3425 3877 [Ethio-

1870 3929 2021 3982 pum,
2068 3923 2121 3970 et
2169 3914 2383 3971 Sabaim
2429 3916 2531 3973 viri
2561 3915 2758 3971 excelsi
2801 3915 2867 3969 ad
2899 3922 2953 3970 te
2996 3915 3326 3977 transibunt,
3370 3920 3435 3969 et

1871 4005 1948 4058 tui
1978 4013 2137 4060 erunt
2162 4006 2326 4071 servi,
2359 4012 2413 4060 et
2457 4020 2485 4059 a
2514 4013 2665 4075 tergo
2697 4012 2747 4060 te
2787 4013 3083 4075 sequentur
3110 4004 3276 4059 vincti
3309 4019 3425 4058 ma-

1869 4095 2031 4161 nicis,
2068 4104 2121 4151 et
2150 4095 2453 4152 adorabunt
2479 4096 2729 4169 juvenes,
2759 4106 2813 4154 et
2844 4098 2896 4152 in
2919 4105 2972 4153 te
3001 4098 3233 4153 orabunt
3256 4116 3266 4151 :
3287 4112 3426 4169 quo-

1871 4186 2015 4239 niam
2040 4187 2095 4241 in
2127 4196 2177 4241 te
2209 4186 2349 4241 Deus
2381 4196 2483 4252 est,
2515 4196 2569 4245 et
2601 4203 2707 4243 non
2744 4197 2828 4244 est
2857 4187 3000 4243 Deus
3033 4197 3225 4257 prater
3253 4197 3337 4243 te:
3363 4195 3433 4242 tu.

1871 4278 2012 4330 enim
2040 4292 2099 4331 es
2138 4276 2301 4341 Deus,
2333 4287 2384 4332 ct
2417 4294 2526 4333 non
2560 4294 2904 4343 noveramus,
2943 4277 3084 4334 Deus
3112 4278 3275 4334 lsrael
3306 4277 3423 4333 Sal-

1872 4375 2043 4421 vator.
2079 4366 2413 4423 Erubescent
2461 4376 2517 4425 et
2556 4369 2955 4425 confundentur
2982 4385 3171 4427 omnes
3199 4371 3293 4440 qui
3327 4370 3423 4424 ad-

1868 4465 2155 4513 versantur
2175 4459 2247 4524 ei,
2278 4467 2331 4514 et
2362 4460 2714 4515 ambulabunt
2750 4462 2805 4515 in
2838 4462 3044 4531 pudore
3068 4462 3133 4516 ³³.
3177 4481 3195 4514 ι
3228 4460 3421 4519 Hacte-

1867 4566 1970 4606 nus
2009 4551 2123 4620 ipsa
2170 4551 2476 4622 prophetia.
2518 4553 2804 4620 Caeterum,
2846 4554 3158 4625 neutiquam
3193 4555 3424 4611 arbitror

1866 4643 2172 4712 quempiam
2201 4652 2388 4698 contra
2418 4643 2493 4703 id.
2523 4644 2665 4714 quod
2698 4649 2808 4698 tam
2840 4653 3024 4716 aperte
3052 4652 3105 4701 et
3138 4645 3422 4716 perspicue
3484 4681 3491 4688 -

1865 4733 2100 4798 dicatur,
2128 4735 2210 4789 vel
2239 4735 2427 4790 oculos
2456 4734 2812 4802 directurum,
2848 4736 3099 4807 quamvis
3129 4735 3418 4789 admodum

1865 4825 1937 4879 sit
1984 4825 2248 4895 ingratus,
2297 4827 2389 4881 ubi
2434 4826 2508 4880 ita
2543 4828 2820 4884 evidenter
2860 4836 2913 4884 et
2942 4829 3100 4899 plane
3146 4828 3421 4883 inducitur

1864 4915 2008 4972 Deus
2060 4916 2225 4974 lsrael
2272 4916 2540 4986 Salvator,
2588 4926 2645 4975 et
2698 4922 2755 4974 in
2811 4921 2904 4975 illo
2952 4920 3130 4976 Deus:
3164 4940 3183 4973 ι
3219 4918 3419 4973 Adora-

1864 5008 1998 5063 bunt
2037 5015 2110 5072 te,
2148 5009 2347 5080 inquit,
2385 5011 2543 5081 justi,
2590 5018 2644 5066 et
2674 5012 2729 5065 in
2775 5019 2828 5065 te
2858 5012 3109 5073 orabunt,
3161 5010 3419 5081 quoniam

1863 5103 1917 5155 in
1950 5111 2002 5157 te
2028 5111 2111 5159 est
2144 5102 2307 5168 Deus,
2338 5114 2392 5159 et
2418 5121 2526 5161 non
2551 5113 2636 5160 est
2664 5103 2808 5159 Deus
2840 5116 3033 5175 praeter
3064 5110 3115 5158 te
3146 5122 3158 5157 :
3186 5111 3241 5157 tu
3272 5103 3419 5157 enim

1862 5210 1921 5251 es
1960 5195 2137 5260 Deus,
2186 5206 2240 5252 et
2278 5197 2672 5260 nesciebamus,
2722 5195 2865 5252 Deus
2894 5196 3061 5251 lsrael
3094 5194 3361 5250 Salvator.
3393 5210 3412 5248 ι

1861 5286 2029 5341 Porro
2077 5287 2246 5353 illud,
2302 5306 2321 5339 ι
2352 5288 2761 5353 nesciebamus,
2794 5307 2813 5338 ›
2857 5288 3000 5357 quod
3060 5303 3126 5342 ex
3185 5300 3418 5356 persona

1860 5395 2047 5437 eorum
2083 5380 2176 5450 qui
2205 5381 2357 5452 prius
2403 5382 2553 5437 illum
2582 5398 2691 5437 non
2714 5388 3069 5451 agnoverunt,
3092 5381 3254 5451 226
3276 5379 3417 5449 apud

1861 5472 2008 5527 solos
2039 5470 2179 5525 LXX
2211 5472 2417 5527 dictum
2450 5480 2555 5540 est,
2608 5474 2663 5528 in
2707 5472 2970 5529 Hebraico
3016 5475 3174 5528 aliter
3217 5472 3415 5540 habet;

1862 5564 2004 5635 quod
2037 5580 2167 5622 sane
2196 5565 2390 5635 Aquila
2423 5573 2770 5635 convertens,
2812 5568 2891 5623 sic
2920 5567 2995 5621 ait
3024 5586 3036 5620 :
3070 5586 3088 5619 ι
3118 5566 3258 5622 Deus
3287 5580 3417 5636 ergo

267 5756 310 5788 "
333 5755 525 5812 Matth.
557 5759 806 5831 ιιγιρῦ.
884 5762 927 5792 ’³³
953 5760 1078 5816 ibid.
1106 5760 1190 5814 Η.
1246 5761 1288 5792 ³ο
1307 5759 1534 5833 Philipp.
1568 5778 1628 5825 ιι,
1663 5764 1769 5819 8-9.

1900 5763 2095 5835 Ephcs.
2118 5781 2157 5829 ι,
2188 5765 2371 5831 20,21.
2412 5767 2589 5838 f’lsa.
2618 5783 2745 5841 va,
2770 5766 2958 5831 19.,l5.
3029 5765 3427 5825 "ibiibi-iii.
