3866 6202
427 346 528 406 δτι

1056 343 1326 402 EUSEBII
1371 343 1854 404 CESARIENSIS
1886 345 2059 418 OPP,
2083 345 2260 401 PARS
2298 346 2364 401 ll.
2403 377 2474 387 —
2511 342 3011 420 APOLOGE'I‘ICA.i

3553 346 3660 402 573

427 469 589 527 {ortis
607 469 876 531 occultus.
907 466 1050 523 Deus
1076 465 1242 524 Israel
1271 469 1365 539 qui
1387 469 1567 524 salvos
1589 467 1737 524 facit.
1764 488 1784 521 ι
1811 468 1984 524 Theo:

2101 468 2311 540 Ἰσραὴλ
2345 467 2532 532 σώζων
2551 486 2563 498 ·
2587 485 2606 519 ι
2648 470 2677 521 6
2702 468 2758 522 δὲ
2783 465 3075 521 Θεοδοτίων
3098 482 3112 497 ·
3148 483 3166 516 ‹
3193 464 3290 518 Διά
3319 463 3478 518 τοῦτο
3506 464 3661 535 ζσχυ-
3730 443 3732 446 θ

425 563 612 619 dotion
658 576 825 617 vero:
865 579 884 613 ι
912 559 1206 632 Propterea
1239 561 1397 618 fortis
1450 562 1805 619 absconditus
1847 561 1988 618 Deus

425 668 670 710 servans.
702 671 721 704 ι
761 649 865 706 Ubi
900 665 1033 707 sane
1071 651 1229 708 valde
1258 653 1580 710 mirabiliter
1609 652 1990 709 absconditum

426 746 594 802 Deum
628 744 908 800 Christum
953 747 1200 801 nominat
1229 765 1243 801 :
1275 761 1486 804 necnon
1513 761 1732 802 causam
1773 760 1990 817 quoque

428 841 738 912 planissime
771 839 952 905 docet,
985 850 1206 912 propter
1227 856 1388 912 quam
1421 857 1590 897 unum
1624 841 1825 912 ipsum,
1852 855 1991 911 qua-

424 944 586 990 tenus
616 935 759 988 inter
787 949 852 990 ea
883 949 1004 1004 quae
1045 935 1226 1006 genita
1255 943 1404 1004 sunt,
1452 935 1785 1010 nominatur,
1818 933 1988 990 Deum

426 1035 602 1089 vocat,
635 1028 706 1082 ob
725 1026 902 1083 Patris
923 1027 1172 1084 videlicet
1194 1029 1250 1084 in
1269 1029 1388 1100 ipso
1417 1029 1807 1084 habitationem
1833 1045 1847 1081 :
1879 1045 1898 1078 ι
1929 1025 1988 1081 In

423 1121 544 1190 ipso
574 1120 745 1186 enim,
777 1139 796 1173 ι
828 1129 888 1175 υι
913 1121 1130 1178 divinus
1175 1121 1334 1179 docet
1359 1122 1653 1193 Apostolus
1678 1122 1745 1186 ",
1786 1139 1804 1172 ς
1841 1134 1990 1176 com-

423 1212 633 1281 placuit
661 1227 878 1268 omnem
908 1212 1301 1284 plenitudinem
1326 1213 1631 1270 divinitatis
1658 1213 1926 1269 habitare.
1964 1231 1982 1264 ι

423 1301 540 1358 Hoc
567 1303 746 1374 ipsum
784 1303 949 1360 verba
993 1304 1110 1376 ipsa
1156 1305 1456 1373 declarant,
1505 1321 1628 1377 quae
1659 1304 1741 1360 sic
1788 1319 1848 1359 se
1891 1303 1991 1358 ha-

423 1395 552 1447 bent
581 1412 594 1448 :
630 1411 649 1445 ‹
677 1392 946 1460 Quoniam
980 1395 1036 1449 in
1077 1402 1133 1449 te
1163 1393 1307 1451 Deus
1353 1403 1460 1460 est,
1500 1404 1555 1452 et
1596 1411 1705 1451 non
1731 1402 1816 1452 est
1844 1393 1988 1450 Deus

421 1492 618 1552 praeter
649 1491 723 1540 te.
759 1503 778 1536 ι
809 1483 917 1539 Ρι·ο
949 1484 1043 1539 illo
1065 1499 1196 1540 vero
1237 1485 1384 1555 quod
1429 1494 1533 1550 est,
1573 1503 1592 1536 ‹
1630 1492 1824 1556 praeter
1848 1491 1923 1550 te,
1964 1503 1982 1536 θ

421 1574 782 1639 Theodotion,
824 1594 842 1627 ‹
875 1585 1070 1646 praeter
1109 1577 1286 1648 ipsum
1317 1597 1337 1629 ι
1373 1576 1760 1648 interpretatus
1791 1583 1894 1640 est,
1929 1583 1990 1630 ut

422 1667 526 1722 hoc
545 1667 708 1722 modo
731 1669 895 1723 verba
920 1683 980 1725 se
1006 1669 1238 1725 habeant
1270 1687 1284 1724 :
1311 1686 1331 1721 ‹
1358 1667 1476 1724 Non
1507 1677 1591 1724 est
1624 1667 1768 1724 Deus
1793 1674 1989 1739 praeter

421 1761 624 1832 ipsum,
661 1779 680 1812 ι
732 1775 859 1815 eum
912 1760 1168 1817 videlicet
1220 1776 1252 1816 a
1300 1776 1410 1831 quo
1443 1777 1522 1829 es,
1575 1776 1672 1831 per
1720 1774 1880 1830 quem
1925 1765 1984 1813 tu

419 1866 636 1922 quoque
676 1850 731 1906 id
771 1851 960 1920 habes,
1004 1859 1064 1907 ut
1099 1851 1271 1908 Filius
1302 1851 1402 1908 sis.
1446 1850 1554 1906 Sed
1582 1850 1776 1922 Aquila
1802 1853 1878 1904 ita
1907 1849 1984 1904 in-

418 1951 750 2016 terpretatus
775 1953 860 2001 est
892 1963 908 2000 :
949 1963 968 1998 ι
1006 1943 1396 2001 Verumtamen
1429 1945 1484 2002 in
1516 1954 1568 2000 te
1597 1943 1776 2009 fortis,
1802 1950 1984 1998 etnon

418 2045 504 2094 est
549 2037 783 2107 amplius
809 2037 954 2108 apud
1002 2045 1077 2094 te.
1125 2036 1268 2093 Deus
1323 2052 1453 2108 ergo
1501 2036 1658 2092 fortis
1689 2043 1744 2091 et
1783 2035 1980 2098 latens,
2041 2090 2052 2102 ,

417 2129 565 2185 Deus
605 2129 788 2184 salvos
819 2128 1045 2185 faciens.
1077 2149 1098 2182 ι
1135 2128 1496 2202 Symmachus
1519 2143 1651 2184 vero
1679 2127 1830 2183 solus
1864 2126 1980 2182 sic:

422 2238 444 2272 ‹
482 2220 538 2275 ln
562 2231 613 2276 te
641 2219 803 2286 Deus,
827 2228 882 2276 et
909 2237 1017 2277 non
1041 2229 1124 2278 est
1149 2223 1405 2292 amplius,
1424 2237 1603 2294 neque
1625 2220 1778 2276 adest
1801 2219 1980 2276 Deus:

415 2326 543 2366 vere
599 2319 654 2366 tu
700 2309 845 2367 Deus
892 2311 1274 2381 absconditus,
1299 2312 1441 2368 Deus
1471 2311 1638 2369 Israel
1681 2325 1926 2366 servans.
1958 2327 1976 2361 ›

416 2399 521 2457 Ubi
555 2401 701 2471 quod
731 2402 874 2457 Deus
912 2403 984 2458 sit
1032 2400 1285 2458 Christus
1330 2400 1445 2467 Dei,
1483 2401 1650 2457 verba
1677 2401 1794 2471 ipsa
1826 2399 1984 2470 plane

417 2494 714 2550 declarant.
765 2512 784 2546 ι
813 2493 948 2549 Nam
988 2491 1274 2566 propterea
1303 2494 1446 2564 quod
1471 2493 1525 2547 in
1565 2502 1637 2557 te,
1671 2493 1869 2563 inquit.
1900 2497 1985 2546 est

418 2587 586 2650 Deus,
619 2594 677 2641 tu
731 2602 862 2642 sane
900 2586 1044 2642 Deus
1077 2585 1232 2641 fortis
1278 2593 1332 2638 et
1376 2585 1756 2640 absconditus.
1788 2602 1806 2634 ι
1843 2583 1984 2652 Ergo

417 2693 484 2734 ex
514 2677 619 2741 his,
655 2676 799 2732 Deus
828 2692 971 2732 unus
1010 2679 1133 2742 erit,
1166 2677 1257 2747 qui
1295 2676 1458 2744 hujus
1493 2673 1873 2744 appellationis
1899 2681 1984 2728 est

419 2766 705 2823 Dominus.
751 2765 923 2822 Filius
955 2775 1137 2822 autem
1167 2767 1425 2838 quoniam
1457 2765 1618 2820 Pater
1656 2765 1705 2820 ei
1740 2765 1984 2836 seipsum

418 2857 808 2922 communicat,
863 2857 930 2913 de
985 2850 1484 2913 communicatione
1538 2856 1786 2912 veritatis
1836 2855 1984 2910 illius

418 2953 738 3022 dignitatem
769 2950 998 3021 accepit,
1041 2951 1242 3021 quippe
1294 2949 1387 3019 qui
1413 2964 1588 3019 neque
1609 2963 1639 3002 a
1678 2947 1755 3002 sei
1768 2963 1866 3018 pso
1889 2948 1980 3013 sit,

418 3058 596 3119 neque
623 3044 691 3099 ab
717 3059 801 3107 eo,
826 3043 918 3114 qui
941 3044 1117 3113 ipsum
1143 3042 1350 3114 genuit,
1379 3040 1542 3096 Patre
1561 3039 1866 3104 deseratur,
1889 3037 1984 3094 sed

417 3137 522 3192 hoc
551 3137 729 3207 ipsum
765 3143 961 3201 totum,
996 3133 1142 3206 quod
1172 3143 1276 3200 est,
1314 3133 1457 3204 quod
1496 3132 1650 3197 vivit,
1683 3131 1826 3203 quod
1855 3129 1986 3187 sub-
2011 3159 2054 3221 ε

416 3227 586 3293 sistit,
631 3226 700 3282 ab
738 3241 804 3283 co
853 3241 883 3280 a
913 3241 1022 3298 quo
1051 3232 1136 3281 est
1167 3222 1348 3288 Patre,
1383 3223 1645 3288 obtineat,
1675 3222 1770 3294 qui
1808 3237 1984 3292 neque

418 3317 633 3372 Patrem
667 3317 894 3383 deserit,
935 3325 990 3372 et
1033 3317 1101 3372 ab
1145 3315 1238 3372 illo
1265 3314 1526 3386 gignitur,
1557 3322 1610 3369 et
1643 3323 1756 3368 tum
1799 3321 1858 3369 ut
1889 3313 1982 3380 sit,

415 3419 533 3464 tum
566 3417 627 3464 ut
657 3409 829 3465 Filius
857 3409 947 3476 sit,
982 3423 1093 3464 non
1120 3423 1150 3462 a
1174 3407 1378 3478 seipso,
1420 3407 1515 3462 sed
1545 3421 1574 3460 a
1605 3405 1766 3461 Patre
1798 3406 1982 3462 habet.

418 3503 708 3572 Quocirca,
743 3504 952 3560 honoro
989 3505 1134 3558 hunc
1181 3517 1397 3573 quoque
1446 3509 1504 3555 ut
1525 3499 1695 3555 Deum
1731 3501 1982 3570 prosequi

415 3597 594 3652 edocti
635 3614 846 3661 sumus,
889 3595 1365 3668 quemadmodum,
1415 3609 1535 3666 qua:
1567 3609 1712 3649 nunc
1746 3603 1985 3649 tractan-

414 3698 527 3757 tur,
570 3689 866 3763 prophetia:
911 3691 1212 3746 declarant.
1247 3687 1318 3742 Ut
1366 3686 1512 3742 enim
1559 3684 1793 3755 alicujus
1839 3686 1984 3757 regis

415 3784 597 3853 imago
627 3783 976 3838 veneratione
1017 3781 1155 3836 ειῦὶςί
1194 3781 1352 3846 solet,
1382 3787 1606 3850 propter
1641 3779 1791 3832 illum
1826 3779 1984 3848 cujus

416 3875 745 3933 lineamenta
784 3889 1044 3946 expressa
1095 3882 1149 3929 et
1195 3871 1608 3929 similitudinem
1654 3869 1760 3925 fert
1803 3869 1985 3940 (cmte—

415 3985 560 4034 rum,
595 3971 846 4042 quamvis
877 3976 932 4024 et
973 3969 1152 4038 imago
1194 3965 1361 4034 regis,
1408 3971 1461 4020 et
1496 3964 1613 4035 ipse
1645 3978 1739 4018 rex
1778 3962 1986 4018 honore

414 4059 702 4128 afficiatur,
738 4075 881 4114 unus
911 4067 1093 4113 tamen
1124 4057 1226 4112 erit
1257 4057 1347 4125 qui
1375 4056 1694 4120 honoretur,
1720 4069 1831 4109 non
1851 4053 1978 4109 duo.

413 4149 535 4204 Non
565 4151 709 4206 enim
748 4151 858 4206 duo
889 4167 1070 4222 reges,
1105 4166 1271 4213 unus,
1316 4150 1527 4220 primus
1557 4157 1611 4206 et
1642 4165 1806 4206 verus
1848 4167 1861 4204 :
1905 4148 1984 4210 al-

415 4249 515 4300 ter.
556 4243 649 4312 qui
699 4244 816 4315 ipsa
847 4244 1084 4314 imagine
1118 4244 1191 4299 sit
1242 4258 1556 4313 expressus,
1606 4244 1701 4300 sed
1747 4259 1888 4299 unus
1927 4243 1983 4298 in

413 4341 648 4405 utroque
676 4349 782 4390 non
811 4335 974 4390 modo
1007 4334 1349 4406 intelligitur,
1377 4351 1567 4390 verum
1611 4335 1774 4391 etiam
1807 4335 1984 4390 nomi-

413 4431 579 4478 natur
607 4435 770 4492 atque
802 4421 1143 4495 honoratur),
1175 4424 1255 4478 sic
1301 4438 1435 4479 sane
1491 4425 1806 4500 unigenitus
1847 4441 1984 4497 quo-

2094 559 2184 630 ρὸς
2227 562 2491 631 κρυφαῖος
2534 559 2666 622 Θεὸς
2724 557 2928 623 σώζων.
2962 576 2982 610 ι
3049 557 3261 628 Σφόδρα
3331 556 3661 628 θαυμαστῶς

2091 653 2353 721 κρυφαῖον
2385 649 2517 703 Θεὸν
2544 650 2635 704 τὸν
2664 650 2895 721 Χριστὸν
2920 648 3173 720 ὀνομάζει
3189 666 3202 680 ·
3239 650 3333 703 καὶ
3357 649 3456 721 τὴν
3482 649 3662 705 αἰτίαν

2088 743 2165 807 δὲ,
2199 743 2264 796 δι’
2296 743 2363 812 ἢν
2391 742 2524 796 Θεὸν
2549 742 2712 796 αὑτὸν
2743 742 2901 812 μόνον
2933 741 3009 805 ώς
3037 744 3094 796 ὲν
3117 744 3393 813 γεννητοῖς
3429 743 3565 812 μετά
3597 741 3662 796 τὸ

2091 833 2307 906 πρῶτον
2354 835 2448 889 καὶ
2485 832 2776 904 ἀγέννητον
2804 834 3087 898 ἀποκαλεῖ,
3117 835 3303 904 σαφῶς
3331 835 3656 901 ἐκδιδάσκει,

2089 925 2187 995 τὴν
2233 923 2327 976 τοῦ
2381 923 2591 995 Πατρός
2637 925 2693 979 ὲν
2741 925 2889 996 αὑτῷ
2936 926 3272 997 κατοίκησιν*
3302 946 3321 978 ε
3367 927 3456 981 Ἐν
3486 926 3663 998 τούτῳ

2089 1015 2250 1088 γὰρ,›
2295 1014 2436 1070 κατὰ
2465 1015 2555 1068 τὸν
2589 1015 2728 1070 θεῖον
2760 1016 3072 1082 ἀπόστολον,
3113 1036 3132 1068 ‹
3155 1017 3413 1088 εὑδόκησε
3449 1020 3558 1072 πᾶν
3600 1017 3666 1071 τὸ

2091 1106 2365 1179 πλήρωμα
2408 1107 2508 1176 τῆς
2551 1107 2800 1178 θεότητος
2845 1110 3186 1179 κατοικῆσαι.
3219 1129 3238 1160 ι
3294 1109 3464 1162 Τοῦτο
3510 1109 3666 1180 δηλοί

2092 1197 2372 1267 φάσκουσα
2409 1200 2442 1268 ἡ
2470 1196 2644 1264 λέξιςο
2717 1217 2736 1250 ι
2773 1199 2894 1252 Ὅτι
2937 1201 2995 1254 ὲν
3040 1201 3124 1254 σοὶ
3173 1203 3203 1252 6
3230 1200 3361 1264 Θεός
3393 1202 3531 1265 ἐστι,
3567 1202 3667 1254 καὶ

2089 1290 2189 1346 οὐκ
2235 1289 2350 1343 ἐστι
2393 1289 2523 1354 Θεὸς
2571 1288 2710 1362 πλὴν
2754 1289 2870 1346 σοῦ.
2906 1309 2924 1341 ι
3001 1292 3144 1344 Ἀντὶ
3185 1292 3244 1346 δὲ
3280 1292 3396 1357 τοῦ,
3463 1313 3480 1344 ι
3519 1293 3665 1364 πλὴν

2091 1381 2206 1446 σοῦ,
2235 1403 2253 1434 ι
2305 1401 2323 1434 ι
2348 1382 2484 1455 πλὴν
2516 1383 2740 1450 αὑτοῦ,»
2773 1385 2802 1438 6
2829 1383 3122 1439 Θεοδοτίων
3153 1386 3469 1456 πεποίηκεν,
3505 1387 3574 1438 ἵν’
3601 1382 3667 1459 ᾗ·

2095 1492 2113 1524 ι
2148 1473 2261 1526 Οὐκ
2305 1471 2421 1530 ἐστι
2453 1473 2585 1537 Θεὸς
2631 1473 2768 1545 πλὴν
2817 1474 3015 1541 αὑτοῦ,
3047 1494 3065 1526 ι
3110 1475 3305 1548 δηλαδὴ
3351 1477 3444 1530 τοῦ
3483 1479 3544 1532 ὲν
3578 1479 3670 1533 σοι¹

2087 1563 2243 1629 Θεοῦ,
2287 1564 2353 1617 δι’
2392 1565 2450 1618 ὃν
2493 1566 2587 1618 καὶ
2629 1566 2693 1619 σὺ
2742 1567 3029 1638 τυγχάνεις
3078 1566 3152 1621 ὢν
3196 1567 3349 1632 Θεός.
3396 1570 3558 1624 Κατά
3603 1570 3670 1624 δὲ

2085 1654 2178 1707 τὸν
2215 1655 2444 1710 Ἀκύλαν
2491 1655 2664 1721 οὕτως
2711 1656 2857 1728 ἔχει’
2928 1677 2947 1710 ε
2984 1659 3130 1729 Πλὴν
3177 1661 3234 1713 ὲν
3275 1661 3358 1714 σοὶ
3416 1661 3667 1732 ἰσχυρὸς,

2087 1749 2180 1803 καὶ
2230 1749 2330 1805 οὑκ
2374 1749 2518 1803 ἐστιν
2562 1749 2644 1803 ἔτι
2704 1749 2858 1822 παρά
2903 1751 3003 1804 σοί.
3084 1751 3216 1816 Θεὸς
3261 1753 3369 1824 ἄρα
3439 1755 3665 1827 ἰσχυρὸς

2085 1840 2180 1894 καὶ
2226 1839 2724 1910 ἀποκρυπτόμενος,
2773 1840 2904 1905 Θεὸς
2951 1841 3155 1907 σώζων.
3183 1861 3201 1893 ι
3266 1843 3424 1897 Κατά
3466 1843 3523 1898 δὲ
3568 1845 3666 1899 τὸν

2085 1931 2379 2002 Σύμμαχον
2417 1927 2592 2003 μόνονέ
2635 1951 2654 1984 ι
2701 1930 2790 1986 Ἐν
2828 1933 2911 1986 σοὶ
2942 1933 3095 1998 Θεὸς,
3127 1935 3222 1988 καὶ
3249 1936 3349 1989 οὑκ
3381 1936 3527 1990 ἐστιν
3555 1937 3662 2004 ἔτι,

2083 2023 2192 2077 οὐδ’
2235 2025 2471 2096 ὑπάρχει
2503 2025 2669 2090 Θεόςο
2713 2024 2881 2089 ὅντως
2923 2027 2987 2080 σὺ
3031 2027 3164 2092 Θεὸς
3199 2033 3491 2100 κρυφαῖος,
3527 2031 3668 2096 Θεὸς

2099 2115 2311 2188 Ἰσραὴλ
2355 2115 2560 2181 σώζων.
2587 2135 2605 2168 ι
2669 2119 2746 2170 Δι’
2783 2111 2856 2170 ὧν
2895 2119 2956 2171 τὸ
3000 2118 3170 2172 αἴτιον
3212 2121 3306 2174 τοῦ
3346 2119 3484 2176 εἶναι
3523 2123 3668 2180 Θεὸν

2083 2207 2174 2260 τὸν
2203 2207 2435 2280 Χριστὸν
2479 2209 2573 2262 τοῦ
2599 2209 2756 2277 Θεοῦ,
2801 2210 2987 2280 σαφῶς
3025 2214 3054 2265 6
3085 2212 3240 2281 λόγος
3292 2215 3667 2288 παρέστησεν.

2091 2317 2110 2351 ι
2133 2298 2284 2351 Ἐπεὶ
2331 2299 2440 2371 γὰρ
2472 2300 2530 2352 ὲν
2559 2298 2662 2362 σοὶ,
2700 2317 2720 2350 ›
2758 2300 2941 2369 φησὶν,
3005 2319 3023 2350 ι
3051 2301 3169 2353 ἐστὶ
3195 2301 3348 2366 Θεὸς,
3373 2302 3461 2356 διὰ
3498 2302 3668 2359 τοῦτο

2087 2392 2156 2445 σὺ
2178 2390 2312 2454 Θεὸς
2335 2391 2550 2463 ἰσχυρὸς
2577 2391 2670 2444 καὶ
2699 2393 2980 2463 κρυφαῖος.
3014 2411 3031 2444 ›
3085 2393 3291 2448 Οὐκοῦν
3323 2395 3411 2448 διὰ
3451 2395 3664 2452 τούτων

2084 2485 2114 2536 6
2149 2485 2248 2555 μὲν
2300 2483 2504 2554 ἀληθὴς
2550 2483 2646 2537 καὶ
2685 2484 2844 2554 μόνος
2886 2483 3038 2548 Θεὸς,
3075 2479 3154 2548 εἷς
3211 2486 3276 2540 ἂν
3324 2486 3441 2558 εἴη,
3496 2487 3664 2557 μόνος

2085 2575 2289 2647 κυρίως
2331 2575 2612 2646 τυγχάνων
2654 2576 2752 2646 τῆς
2796 2577 3197 2651 προσηγορίας·
3247 2581 3276 2632 6
3315 2579 3370 2632 δὲ
3407 2579 3668 2652 δεύτερος

2089 2665 2345 2738 μετουσίᾳ
2381 2664 2474 2718 τοῦ
2523 2666 2754 2738 ἀληθοῦς
2792 2668 2890 2739 τῆς
2930 2669 3209 2733 κοινωνίας
3249 2669 3494 2740 ἠξίωται,
3534 2671 3666 2726 οὒτε

2085 2757 2159 2812 ὢν
2187 2759 2306 2813 καθ’
2335 2759 2545 2824 ἑαυτὸν,
2568 2759 2691 2815 οὑτε
2723 2761 2968 2832 ὑφεστὼς
2996 2763 3117 2835 δίχα
3155 2765 3249 2818 τοῦ
3287 2765 3668 2832 θεοποιοῦντος

2085 2851 2246 2906 αὑτὸν
2268 2852 2510 2925 Πατρὸς,
2551 2853 2661 2906 οὔτ’
2688 2853 2814 2908 ἄνευ
2841 2853 2935 2908 τοῦ
2969 2856 3185 2927 Πατρὸς
3223 2856 3668 2928 θεολογούμενος,

2085 2943 2200 2997 ἀλλ’
2231 2944 2351 2998 ὃλον
2391 2945 2524 2998 αὐτὸ
2565 2944 2722 2998 τοῦτο
2766 2944 2842 2997 ὢν
2878 2963 2938 2998 τε
2977 2947 3072 3000 καὶ
3106 2946 3213 3012 ζῶν
3251 2950 3344 3002 καὶ
3384 2947 3667 3019 ὑφεστὼς,

2085 3033 2173 3088 διὰ
2211 3035 2300 3088 τὸν
2339 3035 2398 3089 ὲν
2439 3035 2587 3106 αὑτῷ
2626 3036 2871 3108 Πατέρα,
2921 3037 3092 3091 συνών
3133 3055 3193 3092 τε
3237 3039 3313 3111 τῷ
3337 3040 3534 3113 Πατρὶ,
3568 3041 3669 3096 καὶ

2089 3125 2147 3192 ἐξ
2187 3124 2371 3190 αὑτοῦ,
2416 3127 2509 3181 καὶ
2547 3127 2615 3180 δι’
2652 3128 2812 3181 αὑτὸν
2845 3129 3275 3200 θεοποιΟὑμενος,
3314 3131 3376 3184 τό
3413 3149 3472 3184 τε
3517 3129 3666 3187 εἶναι

2088 3215 2223 3288 ὁμοῦ
2257 3219 2351 3270 καὶ
2391 3218 2452 3270 τὸ
2473 3217 2603 3283 Θεὸς
2643 3215 2781 3272 εἶναι
2811 3220 2910 3273 οὑκ
2947 3221 3005 3287 ἐξ
3045 3221 3258 3287 ἑαυτοῦ,
3298 3223 3449 3294 παρά
3474 3223 3534 3277 δὲ
3561 3224 3663 3278 τοῦ

2087 3308 2299 3380 Πατρὸς
2329 3309 2595 3380 ἐσχηκώς.
2631 3311 2722 3364 Διὸ
2749 3311 2812 3385 δὴ
2850 3312 2989 3382 μετὰ
3015 3313 3106 3366 τὸν
3122 3313 3338 3387 Πατέρα
3365 3317 3530 3388 τιμᾷν
3563 3320 3666 3371 καὶ

2089 3400 2249 3455 αὑτὸν
2279 3402 2354 3466 ὡς
2385 3402 2516 3456 Θεὸν
2549 3389 2931 3476 ἒδιδάχθημεν,
2963 3406 3050 3460 διὰ
3079 3408 3167 3460 τὸν
3199 3411 3257 3463 ὲν
3293 3409 3438 3480 αὐτῷ
3471 3427 3666 3464 κατοι-

2087 3493 2285 3548 κοῦντα
2314 3493 2466 3562 Θεὸν,
2499 3496 2782 3570 ώσπεροῦν
2820 3499 2877 3552 αἱ
2921 3499 3060 3569 μετὰ
3104 3504 3292 3574 χεῖρας
3342 3503 3666 3575 περιέχουσι

2087 3590 2429 3658 προφητεῖαι.
2476 3589 2564 3653 Ὠς
2589 3587 2698 3661 γὰρ
2729 3589 2794 3642 ἂν
2826 3590 3078 3663 τιμηθείη
3103 3592 3362 3663 βασιλέως
3381 3592 3544 3647 εἰκὼν
3567 3595 3664 3648 διὰ

2085 3675 2204 3741 τὸν,
2249 3671 2310 3730 οῦ
2347 3678 2473 3740 τοὺς
2515 3679 2867 3750 χαρακτῆρας
2908 3681 3002 3734 καὶ
3046 3681 3143 3754 τὴν
3187 3683 3443 3754 ὁμοίωσιν
3493 3685 3660 3760 φέρει

2088 3769 2420 3840 (τιμωμένης
2453 3769 2510 3822 δὲ
2540 3772 2638 3842 τῆς
2663 3772 2889 3838 εἰκόνος,
2926 3775 3019 3827 καὶ
3045 3775 3136 3828 τοῦ
3169 3777 3430 3847 βασιλέως
3465 3779 3667 3845 αὐτοῦ,

2087 3855 2167 3925 εἷς
2197 3861 2261 3914 ἂν
2291 3864 2319 3915 6
2345 3861 2650 3934 τιμώμενος
2676 3864 2769 3917 καὶ
2801 3865 2859 3918 οὑ
2889 3864 2980 3918 δύο
2999 3906 3013 3919 .
3042 3868 3115 3920 Οὑ
3139 3869 3247 3940 γὰρ
3273 3870 3364 3922 δύο
3389 3868 3660 3938 βασιλεῖς,

2085 3954 2113 4007 ὃ
2136 3971 2195 4006 τε
2222 3952 2436 4025 πρῶτος
2463 3954 2554 4008 καὶ
2575 3954 2800 4028 ἀληθὴς,
2832 3959 2926 4011 καῖ
2958 3960 2986 4011 ό
3014 3959 3106 4012 ὲπὶ
3125 3959 3226 4030 τῆς
3255 3962 3458 4026 εἰκόνος
3489 3981 3659 4017 τετυ-

2086 4045 2354 4116 πωμένος,
2378 4041 2458 4110 εἷς
2476 4047 2521 4100 δ’
2536 4051 2564 4102 6
2588 4051 2704 4102 κατ’
2727 4050 2935 4120 ἀμφοτέ
2944 4069 3068 4122 ρων,
3089 4053 3148 4105 οὑ
3169 4053 3325 4122 μόνον
3348 4055 3464 4108 νοοὺ
3472 4073 3664 4125 μενος,

2085 4137 2222 4193 ἀλλά
2239 4140 2332 4193 καὶ
2353 4139 2748 4212 ὀνομαζόμενος
2767 4143 2861 4194 καὶ
2879 4142 3227 4215 τιμώμενος),
3248 4144 3387 4197 οὕτω
3406 4145 3540 4215 δῆτα
3563 4148 3670 4201 καὶ

2085 4232 2114 4284 6
2136 4231 2427 4303 μονογενὴς
2441 4230 2590 4296 Υἱὸς,
2618 4231 2780 4287 εἰκὼν
2803 4231 2878 4288 ὢν
2911 4234 3069 4304 μόνος
3091 4234 3183 4288 τοῦ
3207 4235 3340 4288 Θεοῦ
3369 4236 3460 4290 τοῦ
3491 4239 3670 4309 ἀορά-

2084 4338 2199 4388 του,
2235 4323 2458 4402 εἰκότως
2489 4324 2578 4378 διὰ
2617 4325 2740 4389 τὸν,
2775 4315 2836 4377 οῦ
2886 4327 3041 4397 φέρει
3087 4329 3342 4397 ὁμοίωσιν
3362 4369 3375 4393 ,
3405 4330 3571 4385 εἰκών
3599 4350 3670 4386 τε.

2086 4415 2449 4486 ἀνηγόρευται
2483 4415 2578 4468 τοῦ
2605 4417 2835 4488 ἀοράτου
2865 4417 3022 4482 Θεοῦ,
3067 4419 3386 4474 θεοποιεῐταί
3424 4439 3484 4474 τε
3522 4425 3666 4494 πρὸς

412 4529 522 4584 que
569 4511 760 4581 Filius,
812 4530 940 4569 cum
994 4515 1144 4572 solus
1187 4515 1259 4570 sit
1300 4515 1478 4587 imago
1526 4515 1622 4572 Dei
1669 4517 1981 4585 invisibilis,

2088 4504 2250 4558 αὑτοῦ
2276 4504 2369 4558 τοῦ
2397 4507 2639 4578 Πατρόςο
2668 4505 2810 4560 οὕτω
2846 4507 3103 4576 πεφυκὼς
3130 4510 3228 4579 τὴν
3259 4511 3461 4572 οὐσίαν,
3499 4514 3671 4566 αὑτά-

411 4608 574 4678 227
601 4607 795 4662 merito
827 4615 1047 4680 propter
1077 4621 1200 4663 eum
1227 4647 1240 4672 ,
1287 4607 1447 4675 cujus
1502 4605 1606 4664 fert
1667 4609 1985 4666 similitudi-

413 4712 573 4763 nem,
617 4703 673 4752 et
725 4697 904 4767 imago
944 4697 1246 4769 appellatur
1288 4699 1384 4754 Dei
1434 4697 1762 4763 invisibilis,
1815 4708 1870 4758 et
1916 4700 1985 4754 ab

413 4791 534 4860 ipso
598 4789 758 4846 Patre
806 4789 1036 4845 edicitur
1067 4809 1080 4845 :
1117 4792 1316 4862 quippe
1375 4791 1468 4861 qui
1516 4791 1610 4846 tali
1660 4791 1859 4847 existat
1931 4799 1986 4848 et

411 4887 611 4935 natura
644 4889 698 4935 et
725 4880 983 4945 essentia,
1007 4879 1240 4952 indeque
1271 4896 1334 4936 ex
1359 4895 1467 4951 quo
1490 4883 1725 4951 primum
1750 4882 1979 4948 exstitit,

413 4984 523 5024 non
578 4969 992 5039 acquisititiam,
1052 4967 1147 5024 sed
1195 4968 1499 5024 naturalem
1557 4966 1732 5022 Patris
1783 4967 1978 5037 imagi-

413 5078 538 5118 nem
576 5063 796 5118 referat.
849 5060 1030 5130 Quare
1085 5060 1226 5116 idem
1273 5067 1470 5116 natura
1524 5059 1689 5122 Deus,
1744 5067 1800 5114 et
1839 5060 1982 5114 idem

413 5153 726 5225 unigenitus
769 5151 940 5208 Filius
965 5148 1198 5216 exsistit,
1244 5163 1355 5204 non
1409 5156 1588 5203 autem
1651 5156 1712 5202 ut
1743 5149 1853 5214 illi,
1889 5150 1983 5220 qui

411 5246 756 5301 extrinsecus
787 5249 1162 5306 assumuntur,
1202 5239 1512 5310 adoptatus,
1541 5239 1744 5310 quique
1782 5239 1985 5295 adven-

411 5337 591 5391 titium
626 5335 822 5391 divinae
853 5333 1232 5406 appellationis
1285 5331 1546 5387 honorem
1579 5331 1880 5401 possident.
1913 5330 1984 5385 At

410 5428 558 5484 enim
585 5428 686 5482 etsi
720 5436 912 5482 natura
944 5425 1256 5496 unigenitus
1285 5422 1476 5490 Filius,
1519 5421 1769 5493 Deosque
1797 5432 1986 5478 noster

413 5521 743 5585 celebratur,
765 5537 871 5575 non
901 5529 1081 5584 tamen
1120 5534 1150 5571 a
1181 5517 1362 5588 seipso
1399 5515 1578 5580 Deus,
1621 5515 1716 5570 scd
1755 5530 1823 5571 ex
1875 5513 1985 5570 Deo

412 5607 576 5674 Patre
609 5611 919 5687 unigenitus
949 5608 1143 5675 Filius,
1174 5618 1228 5664 et
1253 5607 1456 5664 idcirco
1486 5606 1651 5663 Deus.
1678 5605 1984 5676 Totumqnc

476 5785 523 5828 “
551 5783 762 5848 Coloss.
799 5801 835 5848 ι,
874 5783 954 5838 l9.

2088 4596 2180 4650 θεν
2220 4614 2278 4650 τε
2327 4597 2434 4650 ἀπὸ
2485 4596 2709 4669 πρώτης
2747 4599 3033 4672 ὑπάρξεως
3085 4602 3351 4672 φυσικὴν,
3391 4602 3507 4656 ἀλλ’
3558 4605 3670 4659 οὑκ

2087 4687 2376 4758 ἐπίκτητον
2409 4685 2507 4758 τὴν
2550 4687 2732 4741 εἰκόνα
2776 4687 2870 4741 τοῦ
2917 4689 3126 4761 Πατρὸς
3167 4691 3525 4761 ἐπαγόμενος.
3567 4695 3668 4749 Διὸ

2086 4779 2180 4833 καὶ
2213 4779 2372 4847 φύσει
2419 4778 2551 4842 Θεὸς
2598 4778 2733 4849 ὁμοῦ
2787 4779 2880 4832 καὶ
2915 4779 3204 4852 μονογενὴς
3246 4781 3372 4845 Υἱὸς
3411 4782 3486 4836 ὣν
3529 4801 3668 4855 τυγ-

2086 4870 2256 4941 χάνει,
2294 4870 2416 4940 οὑχ).
2462 4869 2520 4922 δὲ
2570 4871 2769 4940 ὁμοίως
2815 4872 2926 4932 τοῖς
2981 4868 3176 4934 ἔξωθεν
3205 4873 3666 4943 εἰσποιουμένοις⁹

2085 4962 2522 5034 ὲπισυμϐεὸηκός
2555 4980 2613 5016 τε
2660 4963 2721 5016 τὸ
2762 4962 2975 5034 ἀξίωμα
3023 4963 3124 5032 τῆς
3170 4964 3264 5017 τοῦ
3298 4965 3431 5019 Θεοῦ
3485 4985 3667 5040 προσ-

2084 5055 2312 5126 ηγορίας
2333 5055 2602 5126 ἐπέχουσι.
2632 5055 2776 5126 Πλὴν
2804 5057 2852 5108 εί
2885 5040 2979 5109 καὶ
3007 5057 3165 5124 φύσει
3197 5060 3488 5130 μονογενὴς
3526 5059 3664 5126 Υἱὸς

2087 5149 2182 5202 καὶ
2224 5148 2353 5211 Θεὸς
2395 5146 2553 5220 ἡμῶν
2600 5148 3024 5218 ἀνευφημεῖται,
3063 5148 3197 5206 ἀλλὰ
3231 5150 3328 5224 οὐχ
3363 5152 3391 5202 6
3440 5152 3666 5221 πρῶτος

2085 5235 2237 5300 Θεὸς,
2266 5239 2478 5310 πρῶτος
2515 5238 2572 5292 δὲ
2601 5235 2694 5290 τοῦ
2731 5237 2864 5290 Θεοῦ
2918 5239 3210 5313 μονογενὴς
3257 5239 3402 5305 Υἱὸς,
3431 5241 3527 5294 καὶ
3568 5241 3665 5296 διὰ

2085 5331 2243 5382 τοῦτο
2273 5331 2418 5394 Θεός.
2455 5331 2564 5384 Καὶ
2590 5331 2707 5387 ὅλον
2737 5348 2799 5400 γε
2833 5329 2992 5385 τοῦτο
3014 5332 3183 5385 αῐτιον
3211 5331 3277 5385 ἂν
3306 5332 3393 5406 εἴη
3428 5333 3522 5392 τοῦ
3563 5335 3664 5388 καὶ

2087 5420 2246 5474 αὑτὸν
2303 5419 2441 5475 εἶναι
2485 5421 2651 5486 Θεὸν,
2705 5422 2766 5475 τὸ
2807 5425 2964 5496 μόνον
3007 5420 3142 5479 εἶναι
3197 5425 3355 5494 φύσει
3387 5425 3479 5480 τοῦ
3519 5425 3663 5481 Θεοῦ

2087 5512 2242 5577 Υίὸν,
2278 5513 2371 5566 καὶ
2424 5514 2682 5584 μονογενῆ
2725 5513 3122 5587 χρηματίζειν,
3174 5518 3270 5572 καὶ
3311 5519 3372 5571 τὸ
3421 5518 3490 5571 δι’
3534 5519 3665 5576 ὅλςυ

2089 5603 2282 5670 σώζειν
2306 5603 2398 5658 τοῦ
2424 5606 2582 5676 μόνου
2605 5606 2738 5660 Θεοῦ
2762 5607 2861 5680 τὴν
2889 5606 3127 5680 ἔμψυχον
3146 5611 3239 5664 καὶ
3261 5610 3442 5675 ζῶσαν
3464 5629 3552 5665 vos
3561 5611 3668 5688 ρὰν
