3916 6200
271 228 386 284 373

1186 233 1841 293 DEMONSTRATIONIS
1880 234 2333 293 EVANGELleE
2374 235 2499 289 LIB.
2550 234 2612 290 ν.

3404 239 3506 295 571

262 342 477 407 εἰκόνα,
510 344 651 398 κατὰ
687 344 859 399 πάντα
892 346 966 416 τῷ
992 348 1166 419 Πατρὶ
1204 350 1674 420 παρωμοιωμὲνην
1694 390 1709 414 ,
1752 367 1806 403 κε

1910 394 1916 410 ,
1948 349 2050 403 hoc
2080 362 2210 404 sane
2246 362 2411 403 causa
2454 349 2558 402 erit
2584 387 2599 412 ,
2652 361 2748 400 cur
2794 347 2906 416 ipse
2936 362 3150 417 quoque
3194 348 3266 403 sit
3320 347 3463 410 Deus
3487 391 3502 416 ,

260 432 371 502 τῆς
407 435 656 507 θεότητός
700 454 759 489 τε
793 438 960 508 αὐτῆς
1001 438 1098 510 τὴν
1134 441 1387 510 ὁμοίωσιν
1422 441 1838 513 ἐπιφερομένην.

260 522 460 599 Ταύτῃ
482 527 768 598 τοιγαροῦν
800 529 892 581 καὶ
917 529 1095 593 αὐτὸν,
1122 529 1267 583 ὡσὰν
1296 532 1455 602 μόνον
1482 532 1607 584 Υἰὸν
1636 532 1730 585 καὶ
1748 532 1843 602 μό-

268 635 364 670 νον
402 619 586 672 εἰκόνα
633 618 758 671 ὄντα
813 619 904 672 τοῦ
954 620 1121 685 Θεοῦ,
1154 622 1378 692 καὶτῆς
1405 624 1699 695 άγεννήτου
1749 624 1840 677 καὶ

264 709 514 779 ἁνάρχου
561 708 654 761 τοῦ
686 710 898 781 Πατρὸς
935 712 1121 776 οὐσίας
1161 712 1259 777 τὰς
1311 713 1565 784 δυνάμεις
1597 714 1739 768 κατὰ
1779 715 1840 768 τὸ

267 800 621 869 παράδειγμα
651 800 749 871 τῆς
779 800 1089 871 ὁμοιώσεως
1119 804 1600 877 περιϐεϐλημένον,
1639 807 1742 860 ὑπό
1778 824 1838 861 τε

262 888 363 942 τοῦ
396 891 612 944 πάντων
654 892 1044 960 τεχνικωτάτου
1090 895 1183 947 καὶ
1219 898 1691 969 πανεπιστήμονος
1729 900 1836 963 ζω-

260 980 482 1051 γράφου
509 998 570 1033 τε
614 981 711 1033 καὶ
741 981 1003 1046 ξωοποιοῦ
1030 985 1245 1057 Πατρὸς
1277 988 1357 1051 εἰς
1396 988 1457 1041 τὸ
1502 988 1581 1042 ἔτι
1614 990 1835 1061 ἀκριϐὲς

258 1073 366 1142 τῆς
398 1072 710 1143 ὸμοιὼσεως
731 1076 1183 1149 ἀπειργασμένον,
1213 1080 1345 1134 Θεὸν
1377 1082 1601 1147 εἰκότως
1622 1085 1671 1136 οἱ
1701 1084 1834 1138 θεῖοι

256 1163 652 1235 ἀναγορεύουσι
690 1166 858 1235 λόγοι,
885 1168 961 1231 ὠς
1001 1170 1095 1222 καὶ
1121 1169 1327 1241 ταύτης
1359 1173 1497 1244 μετὰ
1526 1174 1634 1230 τῶν
1660 1175 1833 1230 ἄλλων

256 1256 414 1327 παρὰ
444 1256 539 1309 τοῦ
571 1259 784 1329 Πατρὸς
817 1258 1115 1331 ἠξιωμένον
1150 1265 1541 1337 προσηγορίας,
1575 1258 1831 1340 εἰληφότα

250 1364 342 1412 τε,
370 1347 602 1402 ἀλλὀὐκ
633 1349 924 1422 ἰδιόκτητον
966 1352 1135 1426 αὐτὴν
1166 1357 1455 1427 ἐσχηκότα.
1493 1359 1550 1411 '0
1590 1360 1688 1430 μὲν
1721 1362 1830 1434 γὰρ

249 1438 491 1503 δίδωσιν,
522 1442 550 1494 6
576 1442 631 1494 δὲ
660 1442 955 1513 λαμϐάνει’
982 1443 1122 1497 ὥστε
1155 1448 1358 1519 κυρίως
1390 1450 1481 1503 καὶ
1502 1448 1597 1503 ἕνα
1624 1454 1829 1507 ἐκεῖνον

251 1529 402 1588 εἶναι
431 1535 577 1601 Θεὸν,
629 1536 719 1588 καὶ
755 1534 912 1606 μόνον
944 1536 1045 1608 μὲν
1074 1539 1166 1591 καὶ
1209 1537 1366 1607 φύσει
1412 1540 1572 1606 ὄντα,
1616 1544 1710 1597 καὶ
1751 1547 1825 1616 μὴ

249 1625 391 1694 παρ’
424 1623 608 1695 ἐτέρου
644 1624 876 1680 λαϐόντα
898 1642 909 1655 ’
950 1626 1039 1679 τὸν
1072 1627 1129 1679 δὲ
1160 1628 1266 1682 τῶν
1304 1629 1619 1702 δευτερείων
1661 1634 1824 1703 ἠξιῶ-

1942 438 2099 510 quod‘
2114 441 2263 496 solus
2294 442 2372 495 sit
2390 448 2584 494 natura
2612 438 2704 493 Dei
2735 437 2936 503 Filius,
2970 446 3025 492 et
3064 439 3377 508 unigenitus
3411 456 3507 511 ap-

1943 531 2189 601 pelletur,
2222 541 2276 587 et
2303 533 2447 602 quod
2477 545 2865 601 usquequaque
2884 539 3167 588 conservet
3199 530 3319 600 cjus
3338 573 3353 595 ,
3410 534 3504 604 qui

1942 621 2093 675 solus
2122 627 2204 676 est
2228 619 2391 683 Deus,
2428 620 2715 674 animatam
2742 626 2795 672 et
2832 617 3009 671 vivam
3035 617 3502 689 etintelligcntem

1940 710 2249 781 imaginem,
2274 718 2328 764 et
2350 710 2403 763 in
2430 708 2683 762 omnibus
2706 706 2808 777 ipsi
2834 704 2983 760 Patri
3015 706 3370 762 assimilatam
3391 747 3406 772 ,
3448 714 3503 763 et

1938 818 2058 858 eam
2088 818 2209 873 quae
2239 802 2333 858 Dei
2381 801 2553 872 ipsius
2596 799 2918 856 substantia:
2947 798 3359 853 similitudinem
3390 813 3504 870 pra:

1939 911 1998 952 se
2028 895 2184 950 ferat.
2206 894 2318 949 liae
2338 910 2465 964 ergo
2493 893 2560 948 de
2586 905 2750 948 causa
2777 892 2953 960 ipsum
2983 906 3217 961 quoque,
3241 898 3500 957 tanquam

1935 1004 2060 1044 eum
2089 988 2182 1058 qui
2215 987 2364 1044 solus
2396 985 2587 1049 Filius,
2619 996 2673 1039 et
2698 984 2848 1041 solus
2877 982 2972 1038 Dei
3006 983 3184 1053 imago
3206 983 3299 1047 sit,
3331 990 3385 1037 et
3410 984 3499 1038 in-

1935 1080 2101 1150 geniti
2134 1095 2197 1134 ac
2231 1077 2495 1149 principio
2524 1077 2761 1131 carentis
2789 1075 2967 1131 Patris
3006 1075 3257 1131 essentiae
3277 1114 3291 1140 ,
3323 1076 3498 1129 virtu-

1934 1179 2016 1228 tes
2041 1170 2339 1227 secundum
2368 1172 2672 1240 exemplum
2704 1166 3119 1224 assimilationis
3152 1167 3409 1232 indutus,
3445 1175 3500 1221 et

1933 1265 2001 1319 ab
2053 1265 2333 1320 hominum
2377 1262 2833 1318 artiﬁciosissimo
2868 1268 2921 1315 et
2967 1259 3334 1315 scientissime
3374 1261 3499 1314 vita:

1931 1356 2275 1428 designatore
2316 1364 2370 1412 et
2398 1363 2618 1410 auctore
2649 1353 2840 1417 Patre,
2895 1349 2963 1405 ad
3011 1348 3273 1407 amussim
3322 1355 3376 1403 et
3427 1347 3497 1403 ad

1929 1458 2132 1504 certam
2181 1447 2617 1519 exquisitamque
2670 1443 3121 1500 assimilationem
3176 1456 3495 1513 expressus.

1930 1541 2096 1597 Deum
2120 1542 2313 1596 merito
2343 1540 2526 1595 divina
2548 1538 2817 1609 appellant
2843 1536 3063 1591 oracula
3086 1573 3101 1599 ,
3142 1542 3203 1588 ut
3234 1549 3340 1588 una
3371 1550 3496 1589 cum

1928 1633 2139 1689 caeteris
2168 1633 2234 1689 ad
2261 1632 2400 1687 hanc
2436 1648 2651 1703 quoque
2682 1626 3060 1701 appellationis
3093 1625 3434 1697 dignitatem,
3464 1642 3495 1678 a

250 1711 401 1776 σθαι,
438 1715 531 1768 καὶ
568 1714 630 1767 τὸ
678 1714 807 1768 Θεὸν
852 1710 988 1769 εἶναι
1015 1714 1247 1771 λαϐόντα
1293 1720 1441 1790 παρὰ
1481 1721 1573 1774 τοῦ
1611 1723 1806 1795 Πατρός

1927 1726 2083 1782 Patre
2114 1736 2399 1798 provectus
2441 1727 2532 1790 sit,
2554 1740 2783 1795 eamque
2823 1721 3133 1792 acceperit,
3175 1734 3283 1775 nou
3314 1728 3494 1773 autem

248 1802 418 1874 ἔχειν,
456 1805 604 1859 ὼσὰν
644 1806 829 1861 εἰκόνα
858 1806 951 1861 τοῦ
977 1808 1135 1875 Θεοῦ,
1173 1813 1302 1881 μιᾶς
1327 1814 1414 1865 ἐπ’
1450 1815 1651 1885 ἀμφοῖν
1679 1817 1821 1870 κατὰ

240 1894 309 1949 τὸ
353 1897 703 1967 παράδειγμα
733 1899 832 1970 τῆς
867 1896 1115 1970 θεότητος
1148 1903 1561 1975 ἐπινοουμένης,
1597 1906 1715 1969 ἑνός
1757 1925 1818 1960 τε

236 1984 397 2050 ῦντος
433 1987 567 2040 Θεοῦ
594 1987 687 2041 τοῦ
728 1989 850 2042 καθ’
879 1991 1068 2045 ἐαυτὸν
1099 1990 1349 2063 άνάρχιικ
1375 1994 1470 2047 καὶ
1510 1997 1818 2069 ἀγεννήτως

234 2075 418 2140 ὖντος,
441 2078 527 2132 διὰ
548 2080 605 2133 δὲ
622 2079 714 2133 τοῦ
743 2079 891 2146 Υἰοῦ,
925 2081 1073 2135 ὼσάν
1097 2083 1164 2137 δι’
1181 2085 1442 2157 ἐσόπτρου
1472 2088 1565 2141 καὶ
1587 2090 1812 2156 εἰκόνος,

234 2168 735 2242 ἐπιθεωρουμὲνου.
772 2172 941 2226 Τοῦτό
963 2191 1043 2227 τοι
1078 2175 1173 2228 καὶ
1203 2176 1263 2229 τὸ
1291 2180 1655 2249 πνευματικὸν
1685 2200 1813 2236 παι-

228 2261 387 2315 δεύει
436 2264 633 2332 λόγιον,
668 2267 768 2319 οὐκ
806 2267 978 2332 ἄλλως
1006 2269 1212 2339 φάσκον
1245 2271 1375 2325 Θεὸν
1403 2269 1540 2328 εἶναι
1579 2294 1812 2347 προσκυ-

236 2353 400 2423 νητὸν
420 2357 512 2408 τὸν
537 2356 879 2429 δηλούμενον,
910 2360 1023 2413 ἀλλ’
1054 2362 1088 2433 ἢ
1115 2361 1202 2415 διὰ
1222 2362 1311 2418 τὸν
1335 2365 1643 2421 ἐνοικοῦντα
1665 2369 1812 2442 αὐτῷ

236 2448 484 2519 Πατέραο
516 2468 531 2500 ι
560 2448 648 2504 Ἔν
688 2454 771 2505 σοὶ
812 2471 829 2504 ι
870 2452 999 2525 γάρ,
1036 2456 1190 2526 φησί,
1227 2474 1245 2507 ι
1282 2458 1697 2527 προσεύξονταιο
1726 2462 1807 2517 ὅτι

226 2540 292 2593 ἐν
334 2542 419 2593 σοὶ
443 2543 472 2595 6
504 2541 636 2606 Θεός
674 2546 810 2599 ἐστι.
842 2566 861 2597 ›
882 2548 993 2600 Καὶ¹
1029 2548 1094 2600 σὺ
1117 2548 1174 2602 δὲ
1199 2550 1379 2616 αὐτὸς,
1410 2551 1541 2617 Θεὸς
1572 2552 1668 2619 ῶν,
1695 2546 1805 2608 Σω-

226 2629 338 2701 τὴρ
371 2631 464 2685 τοῦ
518 2634 732 2705 Ἰσραὴλ
776 2638 1095 2708 τυγχάνεις’
1133 2642 1226 2695 καὶ
1268 2642 1353 2695 διὰ
1386 2644 1542 2697 τοῦτο
1590 2645 1806 2717 ἰσχυρὸς

228 2725 330 2776 καὶ
364 2729 629 2796 κρυφαῖος
660 2727 795 2792 Θεὸς
837 2726 903 2783 εἷ·
935 2750 952 2782 ι
982 2732 1103 2785 ἐπεὶ
1138 2735 1195 2786 ἐν
1226 2736 1308 2788 σοι
1335 2736 1363 2787 ό
1393 2736 1545 2800 Θεὸς,
1584 2740 1675 2791 καὶ
1706 2741 1806 2793 οὐκ

230 2814 382 2870 ἐστιν
418 2817 500 2869 ἔτι
532 2817 671 2892 πλὴν
717 2821 906 2874 αὑτοῦ.
945 2842 963 2874 ι
1011 2825 1154 2877 Ἀντί
1181 2824 1238 2877 δὲ
1280 2826 1408 2892 τοῦ,
1453 2846 1471 2878 ι
1514 2828 1805 2885 ἐκοπίασεν

226 2907 542 2974 Αἴγυπτος,
585 2900 708 2961 ι’τὸ
757 2911 1072 2983 Ἐϐραῖκὸν,
1132 2916 1226 2968 καὶ
1274 2918 1322 2969 οἰ
1370 2917 1547 2971 λοιποὶ
1604 2920 1803 2984 πάντες

231 2998 587 3068 ἑρμηνευταὶ,
635 3020 653 3052 ι
679 3002 846 3065 κόπος
879 3004 1172 3073 Αἰγύπτου,
1198 3027 1217 3059 ι
1251 3008 1608 3065 ἐκδεδωκασιν
1627 3051 1642 3076 ,
1669 3012 1735 3065 ἶν’

1919 1836 1985 1875 ex
2016 1819 2239 1890 proprio
2267 1819 2392 1889 jure
2424 1816 2805 1889 possidendam
2835 1814 3107 1869 habuerit.
3134 1810 3381 1882 Namque
3404 1810 3494 1865 ille

1918 1910 2135 1981 quidem
2170 1910 2282 1978 dat,
2312 1905 2402 1964 hic
2426 1925 2556 1964 vero
2587 1908 2817 1978 accipit;
2850 1908 3034 1977 itaque
3068 1919 3169 1959 suo
3197 1903 3322 1974 jure
3345 1918 3492 1957 unus

1867 2010 1883 2027 °
1918 2000 2008 2055 ille
2029 2006 2113 2053 est
2134 1998 2296 2061 Deus,
2315 1999 2409 2068 qui
2438 2013 2546 2052 non
2578 1998 2645 2052 ab
2668 1996 2838 2050 altero
2869 1993 3097 2063 accepit.
3126 1992 3225 2047 llic
3255 2000 3436 2046 autem
3459 2005 3490 2043 a

1915 2082 2076 2139 Patre
2092 2084 2253 2139 habet
2277 2093 2336 2139 ut
2356 2082 2499 2140 Deus
2519 2084 2611 2149 sit,
2630 2091 2888 2152 tanquam
2914 2080 3008 2136 Dei
3034 2082 3213 2151 imago
3239 2101 3251 2135 :
3281 2087 3486 2151 utpote.

1915 2191 2038 2233 cum
2066 2194 2171 2232 una
2199 2179 2255 2232 in
2287 2176 2572 2239 ambobus,
2601 2175 2756 2245 juxta
2772 2173 3099 2243 exemplum,
3128 2172 3489 2228 divinitusin-

1913 2269 2209 2340 telligatur,
2227 2277 2280 2323 et
2294 2283 2436 2322 unus
2454 2268 2523 2323 sit
2537 2266 2701 2331 Deus,
2716 2266 2807 2335 qui
2825 2280 2921 2335 per
2938 2265 3185 2335 seipsum
3198 2265 3315 2319 sine
3331 2264 3486 2333 prin-

1912 2359 2147 2431 cipio,et
2181 2360 2298 2417 sine
2324 2360 2669 2431 generatione
2687 2358 2885 2414 existat
2912 2376 2925 2412 :
2959 2356 3259 2428 perFilium
3276 2365 3480 2420 autem,

1910 2461 2165 2524 tanquam
2179 2469 2273 2524 per
2282 2453 2559 2524 speculum
2572 2460 2626 2507 et
2642 2450 2955 2521 imaginem,
2966 2448 3484 2505 consideretur.iloc

1909 2553 2014 2609 est,
2043 2546 2271 2612 scilicet,
2307 2544 2451 2615 quod
2480 2542 2764 2613 spirituale
2793 2541 2951 2596 docet
2990 2541 3301 2605 oraculum,
3333 2541 3477 2610 quod

1908 2652 2016 2691 non
2047 2636 2179 2690 alias
2202 2635 2332 2689 dicit
2359 2649 2504 2699 cum,
2535 2633 2602 2688 de
2631 2648 2742 2703 quo
2769 2647 2948 2687 sermo
2981 2641 3064 2686 est
3086 2673 3100 2695 ,
3155 2631 3325 2686 Deum
3353 2648 3478 2687 esse

1908 2728 2242 2783 adorandum
2267 2767 2281 2793 ,
2323 2734 2542 2798 propter
2569 2727 2960 2780 inhabitantem
2992 2724 3043 2778 in
3080 2726 3197 2795 ipso
3231 2724 3470 2780 Patrem.

1911 2838 1931 2871 ‹
1955 2820 2012 2874 In
2041 2828 2092 2875 te
2118 2838 2136 2872 ι
2157 2820 2323 2885 enim,
2351 2819 2576 2889 inquit,r
2600 2817 2834 2872 orabunt
2857 2835 2870 2871 :
2895 2816 3152 2886 quoniam
3170 2816 3223 2869 in
3245 2823 3297 2870 te
3334 2815 3474 2870 Deus

1904 2920 2005 2967 est.
2049 2930 2067 2962 ι
2105 2910 2210 2966 Sed
2243 2921 2301 2965 tu
2333 2925 2550 2980 quoque
2578 2908 2696 2979 ipse
2724 2924 2850 2963 cum
2882 2906 3026 2963 Deus
3054 2908 3129 2963 sis
3152 2949 3167 2974 ,
3224 2907 3473 2962 Salvator

1903 3002 2069 3058 lsrael
2094 3002 2338 3059 exsistis.
2390 3000 2629 3057 Proinde
2664 3000 2821 3057 fortis
2858 3008 2913 3055 et
2944 2999 3298 3057 absconditus
3327 2997 3477 3057 Deus

220 3062 614 3162 ὦίλεγόμενον
653 3062 918 3148 τοιοῦτον·
951 3062 1078 3151 ιΣοὶ
1114 3062 1799 3172 προσκυνήσουσι,

1910 3109 1961 3149 es
1989 3112 2002 3149 :
2041 3112 2060 3144 ι
2097 3094 2355 3163 quoniam
2394 3093 2449 3148 in
2478 3100 2533 3148 te
2559 3090 2720 3158 Deus,
2745 3101 2799 3149 et
2829 3107 2937 3147 non
2962 3100 3045 3145 est
3066 3090 3300 3160 amplius
3335 3104 3472 3160 prae-.-

223 3182 450 3237 Ιεσονται
480 3184 648 3239 δοῦλοι
671 3228 685 3249 ,
724 3190 753 3241 6
783 3188 948 3253 κόπος
991 3192 1301 3260 Αἰγύπτου,
1332 3197 1425 3248 καὶ
1472 3198 1523 3271 ἠν
1564 3199 1808 3270 ἐμπορία,

223 3274 522 3342 Αἰθιόπων,
553 3279 645 3331 καὶ
670 3280 717 3331 οἰ
753 3280 1029 3352 Σεϐωεέμ·
1061 3302 1079 3334 ι
1113 3283 1181 3336 δι’
1201 3276 1276 3338 ὧν
1305 3284 1587 3359 βάρϐαρα,
1622 3285 1797 3359 οἶμαι,

220 3365 323 3418 καὶ
356 3366 543 3437 άσημά
576 3385 695 3421 τινα
720 3369 845 3442 ἔθνη
873 3371 1193 3443 δηλοῦσθαι,
1222 3377 1314 3439 καὶ
1355 3377 1530 3431 πάντα
1560 3379 1660 3432 ὅσα
1695 3380 1794 3452 ἤδη

220 3456 394 3511 πάλαι
442 3460 703 3532 πρότερον
746 3465 813 3533 τῇ
867 3463 1151 3536 δαιμονικῇ
1193 3465 1498 3537 τετρύχωτο
1544 3468 1797 3522 δεισιδαι-

221 3549 406 3619 μονίᾳ.
454 3550 667 3623 Ἐπειδὴ
705 3552 813 3624 γὰρ
855 3554 1138 3624 Αἰγύπτιοι
1182 3557 1397 3612 ἐδόκουν
1440 3560 1655 3614 πάντων
1685 3560 1793 3614 τῶν

219 3638 392 3693 ἐθνῶν
422 3641 961 3714 δεισιδαιμονέστατοι
993 3648 1278 3718 τυγχάνειν
1298 3690 1313 3714 ,
1344 3649 1548 3721 πρῶτοί
1571 3668 1628 3704 τε
1658 3669 1791 3705 κατ-

216 3730 384 3802 άρξαι
440 3736 538 3804 τῆς
581 3734 967 3806 εἰδωλολάτρω)
999 3737 1227 3812 πλάνης,
1275 3742 1497 3806 εἰκότως
1543 3742 1789 3813 πρώτους

212 3824 419 3888 αὐτοὺς
466 3824 677 3897 τίθησιν
730 3828 1236 3902 ῦποταγησομένους
1280 3832 1357 3903 τῷ
1406 3835 1651 3906 Χριστῷ·
1694 3837 1788 3890 καὶ

210 3916 281 3970 δι’
315 3914 497 3969 αὐτῶν
547 3918 640 3970 καὶ
692 3919 759 3973 τὰ
814 3922 941 3993 περὶ
991 3922 1099 3976 τῶν
1142 3922 1341 3977 λοιπῶν
1387 3926 1785 3998 εἰδωλολατρῶν

213 4004 426 4075 φανερὰ
458 4006 778 4061 καθιστᾶσα.
810 4010 918 4063 Καὶ
948 4010 1123 4065 ταῦτα
1169 4012 1521 4085 πεπλήρωται
1565 4017 1657 4070 ἐπὶ
1688 4018 1780 4071 τοῦ

210 4094 464 4167 Σωτῆρος
495 4099 588 4151 καὶ
612 4099 814 4171 Κυρίου
837 4102 868 4172 ἡ
879 4103 1013 4172 μῶν,
1035 4102 1112 4173 τῷ
1135 4105 1193 4158 ἐν
1224 4108 1385 4159 πᾶσιν
1408 4106 1584 4161 ἔθνεσι
1618 4125 1783 4181 προσ-

208 4186 491 4240 κυνεῖσθαι
523 4190 616 4241 καὶ
652 4189 919 4245 δουλεύειν
948 4191 1096 4264 αὐτῷ
1134 4196 1301 4265 μυρία
1329 4196 1503 4268 πλήθη
1530 4197 1638 4251 τῶν
1676 4198 1778 4253 ἀνὰ

206 4274 310 4346 τὴν
341 4278 664 4351 οἰκουμένην
714 4280 905 4337 ἐθνῶν.
958 4282 1220 4348 Αἰθίοπας
1267 4285 1322 4337 δὲ
1362 4288 1455 4340 καί
1500 4287 1774 4359 Σεϐωεὶμ,

1902 3194 1983 3241 ter
2017 3187 2215 3255 ipsum.
2255 3204 2274 3237 ›
2308 3186 2472 3257 228
2500 3185 2606 3241 Pro
2634 3202 2699 3241 eo
2728 3200 2856 3241 vero
2882 3184 3026 3255 quod
3052 3194 3157 3245 est,
3195 3200 3212 3233 ι
3250 3182 3473 3237 laboras

1899 3276 1976 3331 vit
2006 3274 2294 3347 Egyptus,
2336 3296 2354 3328 ι
2395 3275 2717 3331 Hebraicum
2752 3274 2937 3341 habet,
2974 3285 3028 3329 et
3056 3274 3252 3344 rcliQui
3274 3289 3469 3330 omnes

1900 3368 2223 3438 interpretes
2250 3366 2641 3434 reddiderunt,
2694 3386 2712 3419 ι
2752 3367 2907 3422 labor
2930 3366 3185 3438 IEgypti,
3242 3385 3260 3417 ι
3315 3365 3468 3421 utid

1896 3462 2042 3532 quod
2071 3461 2270 3516 dicitur
2300 3461 2404 3515 tale
2433 3461 2504 3516 sit
2531 3479 2544 3516 :
2584 3478 2602 3512 ι
2642 3458 2719 3515 Te
2744 3460 3067 3525 adorabunt,
3106 3468 3160 3515 et
3196 3459 3271 3514 tui
3300 3466 3475 3515 erunt
3506 3532 3511 3538 ἱ

1896 3553 2059 3615 servi,
2089 3553 2243 3609 labor
2275 3551 2490 3624 [Egypti
2515 3591 2530 3617 ,
2578 3559 2631 3607 et
2671 3552 2967 3623 negotiatio
3006 3550 3359 3622 zEthiopum,
3408 3558 3464 3603 et

1895 3646 2111 3702 Seboim
2143 3667 2155 3702 :
2196 3667 2214 3698 ι
2254 3646 2453 3717 quibus
2486 3646 2666 3700 verbis
2696 3645 2958 3701 barbaras
3008 3660 3109 3715 ego
3139 3646 3374 3700 arbitror
3407 3653 3461 3697 et

1891 3739 2105 3810 ignotas
2169 3739 2431 3810 quasdam
2504 3739 2754 3793 nationes
2802 3737 3133 3808 signiﬁcari,
3180 3746 3233 3792 ct
3272 3752 3461 3791 omnes

1889 3847 2244 3903 quaecumque
2266 3839 2424 3887 antea
2450 3830 2721 3902 quondam
2751 3830 3044 3885 daemonica
3068 3830 3461 3899 superstitione

1887 3924 2245 3980 vexabantur.
2276 3921 2412 3976 Nam
2441 3930 2725 3993 pr0pterea
2748 3919 2893 3991 quod
2926 3918 3165 3991 IEgypIii
3198 3920 3297 3973 visi
3324 3927 3461 3974 sunt

1885 4016 2126 4071 omnium
2156 4015 2442 4069 nationum
2482 4012 3009 4084 superstitiosissimi
3058 4027 3210 4074 esse,
3256 4012 3449 4081 primi-

1884 4124 1989 4179 que
2012 4108 2208 4171 errori,
2234 4123 2342 4177 quo
2380 4107 2672 4162 simulacra
2696 4106 3003 4165 colerentur
3022 4144 3037 4169 ,
3086 4110 3283 4173 portas.
3324 4118 3450 4173 ape-

1881 4201 2099 4256 ruisse:
2135 4200 2330 4255 merito
2376 4214 2470 4255 eos
2513 4200 2718 4269 primos
2749 4197 3019 4259 collocat,
3072 4195 3166 4265 qui
3227 4194 3451 4249 Christo

1882 4293 1991 4348 sint
2025 4292 2350 4361 subjiciendi
2378 4310 2391 4346 :
2436 4290 2631 4347 deinde
2662 4306 2757 4362 per
2789 4305 2882 4346 eos
2908 4328 2922 4353 ,
2957 4303 3078 4359 qua:
3104 4287 3170 4341 ad
3207 4287 3453 4355 reliquos

206 4369 337 4431 reb;
375 4370 607 4424 ἐνταῦθα
637 4375 1029 4446 προσκυνήσειν
1058 4374 1135 4446 τῷ
1188 4377 1407 4449 Χριστῷ
1442 4396 1775 4451 προφητευο-

1911 4382 2299 4439 imulacrorum
2333 4383 2571 4439 cultores
2604 4383 2906 4453 pertinent,
2950 4388 3010 4435 ut
3067 4388 3249 4451 aperta
3297 4378 3449 4442 sint,

209 4458 426 4530 μένους,
457 4461 550 4513 καὶ
592 4461 677 4515 διὰ
704 4462 794 4515 τοῦ
835 4470 912 4517 οα¹
946 4464 1160 4536 ψαλμοῦ
1191 4467 1429 4539 ἠγοῦμαι
1466 4468 1781 4541 δηλοῦσθαι,

201 4551 269 4605 δι’
294 4545 368 4605 ὧν
410 4554 647 4625 εἴρηται*
680 4574 698 4607 ‹
740 4555 996 4610 Ἐνώπιον
1027 4558 1191 4612 αὐτοῦ
1228 4559 1654 4631 προσπεσοῦνται
1686 4565 1777 4616 Αἰ-

1882 4474 2063 4532 cﬂicit.
2098 4477 2164 4530 Et
2194 4475 2309 4531 hac
2337 4475 2554 4546 quidem
2587 4476 2643 4530 in
2680 4475 2959 4531 Salvatore
2990 4489 3055 4528 ac
3086 4472 3316 4527 Domino
3345 4485 3447 4524 no-

1884 4577 1998 4624 stro
2020 4575 2391 4639 exspectatum
2415 4568 2621 4623 exitum
2654 4575 2813 4622 nacta
2847 4575 2993 4622 sunt.
3028 4564 3147 4619 Jam
3182 4564 3328 4618 enim
3358 4561 3444 4615 in-

203 4642 413 4709 θίοπες,
453 4646 547 4700 καὶ
573 4646 808 4717 βασιλεῖς
845 4648 1109 4719 Ἀράϐων,
1142 4652 1234 4705 καὶ
1258 4652 1403 4713 Σαϐὰ
1432 4653 1577 4725 δῶρα
1605 4672 1771 4725 προσ-

1910 4657 2267 4722 iumerahiles,
2298 4671 2397 4727 per
2427 4658 2612 4713 orbem
2654 4664 2947 4721 terrarum,
2987 4657 3269 4710 nationum
3311 4667 3445 4707 cou-

200 4735 422 4801 άξουσισ
458 4740 550 4792 καὶ
602 4741 1064 4813 προσκυνήσουσιν
1099 4744 1266 4814 αὐτῷ.
1308 4764 1327 4797 ι
1364 4745 1530 4816 Δῆλον
1571 4749 1634 4800 ἐκ
1672 4750 1769 4819 τῆς

1912 4764 2100 4819 entus,
2140 4754 2191 4807 in
2223 4754 2476 4808 omnibus
2508 4755 2760 4824 gentibus
2793 4753 2943 4811 illum
2987 4751 3214 4805 adorant
3256 4747 3443 4814 illique

197 4830 588 4902 συμφράσεως,
611 4834 691 4887 ὅτι
724 4833 805 4904 τῷ
832 4836 890 4887 ἐν
910 4835 1135 4899 ἐκείνοις
1158 4841 1615 4912 προφητευομένῳ
1636 4842 1769 4913 Χρι-

1910 4845 2137 4899 erviunt.
2169 4843 2456 4915 A‘Jthiopas
2508 4860 2637 4899 vero
2678 4860 2743 4898 ac
2783 4843 3000 4900 Seboim
3032 4858 3126 4898 eos
3151 4882 3165 4905 ,
3216 4840 3307 4910 qui
3351 4839 3439 4892 hic

194 4920 313 4991 στῷ
347 4926 830 4997 προσκυνήσουσιν.

1910 4935 2152 4990 doraturi
2183 4934 2461 4990 Christum
2495 4943 2766 4991 canuntur
2786 4974 2801 5000 ,
2838 4951 2964 4990 uxr
2990 4947 3205 5003 quoque
3228 4928 3437 4999 psalmo

189 5013 495 5083 signiﬁcari
538 5026 688 5087 puto,
733 5021 821 5075 ubi
866 5022 1072 5081 dictum
1102 5033 1188 5081 est
1222 5043 1236 5079 :
1284 5043 1302 5079 ι
1341 5026 1536 5081 Coram
1586 5026 1678 5082 illo
1725 5029 2009 5099 procident
2046 5029 2357 5102 Ethiopes,
2410 5038 2465 5085 et
2498 5046 2653 5102 reges
2696 5029 2967 5092 Arabum,
3007 5036 3061 5082 et
3100 5025 3242 5079 Saba
3293 5021 3436 5076 dona

187 5103 511 5162 adducent:
546 5120 600 5164 et
627 5111 931 5169 adorabunt
957 5132 1082 5173 eum
1115 5117 1179 5171 ³³.
1219 5138 1238 5170 ι
1272 5117 1497 5175 Constat
1520 5135 1647 5175 vero
1686 5136 1755 5177 ex
1805 5122 1925 5194 ipso
1966 5131 2243 5190 contextu,
2276 5124 2553 5181 Christum
2594 5139 2717 5179 esse
2763 5122 3086 5178 adoraturos
3129 5131 3253 5174 eum
3277 5156 3291 5181 ,
3338 5114 3435 5185 qui

184 5194 246 5249 in
284 5196 394 5252 illis
432 5215 667 5270 quoque,
704 5214 761 5260 ut
793 5215 1054 5264 venturus
1085 5210 1300 5266 canitur
1328 5227 1359 5266 a
1385 5210 1681 5283 prophetis.

258 5484 302 5516 ”
336 5483 479 5541 l’sal.
509 5503 656 5552 ωιχι,
687 5490 749 5542 ιο
