3866 6202
404 250 506 306 375

1014 360 1244 416 CAPUT
1287 361 1344 415 V.

406 483 449 541 Α
493 485 695 550 psalmo
727 477 895 533 xuii.
935 507 1005 550 -_—
1045 475 1198 550 Quod
1251 475 1342 550 Dei
1380 475 1603 550 Verbum
1657 491 1808 530 suam
1865 474 1962 526 ha-

478 545 597 606 bens
629 553 908 605 essentiam
957 546 1112 614 jussu
1143 545 1353 612 Patris,
1390 545 1559 615 David
1595 561 1734 615 teque
1767 561 1960 615 ac__nos

476 622 726 689 opiﬁcem,
753 611 990 689 universi
1015 618 1192 689 novit;
1224 630 1273 689 et
1315 611 1452 686 quod
1502 611 1661 689 idemi
1694 615 1790 689 Dei
1840 613 1964 666 Ver-

477 685 631 750 bum,
674 688 808 742 idem
842 686 1088 754 propheta
1122 686 1190 740 ad
1229 685 1496 739 hominum
1544 685 1798 738 medelam
1855 700 1964 737 esse

478 762 693 812 missum
715 775 750 810 α
778 760 935 811 Patre
964 758 1275 825 testiﬁcatur
1299 774 1317 818 ,'
1345 767 1393 810 et
1421 755 1558 827 quod
1586 756 1724 809 brevi
1744 764 1964 827 tempore

483 829 776 883 universam
807 837 1000 882 terram
1031 823 1128 882 sua
1163 827 1400 881 doctrina
1433 823 1774 895 impleturum
1803 823 1962 878 canit.

491 1089 508 1120 ι
549 1053 727 1124 Verbo
784 1069 992 1122 Domini
1042 1069 1163 1124 coeli
1211 1067 1408 1122 firmati
1441 1077 1606 1131 sunt,
1656 1077 1710 1123 et
1774 1068 1968 1137 spiritu

416 1165 530 1218 oris
557 1161 672 1230 ejus
703 1161 878 1216 omnis
909 1162 1083 1216 virtus
1111 1175 1318 1214 eorum.
1347 1179 1366 1212 ι
1401 1158 1458 1214 ιιι
1491 1161 1698 1230 psalmo
1720 1174 1846 1214 vero
1883 1174 1969 1214 ενι

419 1256 499 1309 sic
554 1253 756 1307 dictum
790 1261 914 1306 est:
951 1267 970 1300 ι
1011 1250 1152 1306 Misit
1182 1249 1418 1305 Verbum
1471 1266 1629 1306 suum
1657 1257 1712 1306 et
1762 1249 1973 1306 sanavit

417 1361 542 1408 eos,
586 1353 639 1400 et
673 1343 869 1413 eripuit
896 1357 990 1398 eos
1041 1343 1108 1398 de
1159 1343 1563 1400 interitionibus
1608 1359 1819 1400 eorum.
1854 1365 1872 1396 ι
1908 1343 1974 1397 Et

417 1452 612 1494 rursus
637 1449 811 1489 cxtvn
845 1453 857 1488 :
895 1453 913 1487 σ
960 1433 1062 1500 Qui
1105 1435 1305 1490 emittit
1351 1435 1622 1506 eloquium
1669 1450 1826 1490 suum
1861 1443 1974 1490 ter-

419 1544 526 1592 rm,
568 1526 827 1582 velociter
861 1527 1032 1580 currit
1093 1541 1271 1582 sermo
1315 1526 1455 1596 ejus.
1501 1546 1519 1579 ι
1581 1527 1647 1583 At
1703 1527 1845 1583 enim
1883 1527 1971 1592 ei,

421 1619 512 1688 qui
548 1631 692 1672 nunc
723 1617 779 1671 in
817 1616 1068 1671 manibus
1112 1627 1216 1680 est,
1249 1618 1458 1686 psalmo
1488 1617 1710 1682 dicenti,
1745 1636 1761 1668 ι
1801 1616 1977 1673 Verbo

1064 246 1329 303 EUSEBII
1364 243 1835 303 CtESARlENSlS
1857 243 2008 301 OPP.
2037 242 2214 299 PARS
2250 241 2315 297 lt.
2350 271 2419 282 —-
2455 230 2961 296 APOLOGETICA.‘

1986 382 2039 438 Δ

3517 241 3622 298 370

2589 355 2978 410 ΚΕΦΛΛΛΙΟΝ
3015 355 3088 411 Ε’.

2068 473 2315 542 Ψαλμοῦ
2345 474 2464 537 λβν.
2508 469 2576 512 —°
2619 472 2710 542 Ὡς
2765 470 2912 542 Θεοῦ
2955 470 3166 542 Λόγον-
3188 467 3446 542 adortusin
3494 471 3622 542 κατ’

2130 534 2514 603 ἐπίκέλεὺςιν
2569 534 2699 595 τοῦ
2721 539 2971 608 Πατρός,
3033 534 3244 608 ὁμοίως
3298 534 3443 607 ἡμῖν
3499 534 3626 592 οἶδε

2133 613 2494 682 δημιουργὸν
2526 610 2642 682 τῶν
2665 607 2944 682 ἁπάντων
2969 611 3021 682 ὁ,
3040 607 3217 682 Δαϐίδ
3233 626 3246 639 ·
3413 608 3493 672 ὠς
3517 607 3625 682 ζόη

2134 676 2320 736 αὑτὸν
2342 676 2447 735 τοῦ
2482 679 2628 734 Θεοῦ
2659 681 2852 749 Λόγον
2887 681 2920 733 ὁ
2959 678 3141 745 αὐτὸς
3173 677 3487 749 ,προφήτης
3521 676 3625 749 ἐπὶ

2137 753 2416 820 θεραπείᾳ
2461 750 2580 804 τῶν
2611 747 2934 820 ἀνθρώπων
2975 749 3043 820 ἐκ
3090 748 3196 802 τοῦ
3238 747 3463 820 Πατρρς
3510 748 3625 820 ἀξι-

2135 816 2418 899 εοξτάλθαι
2427 816 2737 899 μαρξυρεζλ
2758 818 2854 899 καὶ
2877 819 2956 884 ὡς
2979 818 3488 899 ἐνέβραχεῖχχίόὶψ
3509 816 3626 884 τὴν

2136 885 2464 960 σύμπασαᾶ
2617 885 2969 956 πληρώσειν
3002 885 3119 958 τῆςή
3132 885 3632 945 αὑτοῦήίδιδασκαρ

2137 909 2464 960 συμπασαν
2565 909 2577 942 ι

2137 963 2276 1028 λίας
2303 909 2577 1020 θεσπίὲἔ.

2146 1095 2162 1125 ι
2195 1074 2284 1145 Τῷ
2322 1073 2480 1144 Λόγῳ
2507 1072 2710 1144 Κυρίου
2749 1073 2798 1124 οἰ
2824 1071 3038 1142 οὐρανοὶ
3075 1069 3509 1141 ἐστερεώθησαν,
3536 1068 3638 1124 καὶ

2071 1166 2148 1238 τῷ
2188 1166 2453 1236 πνεύματι
2499 1163 2590 1217 τοῦ
2628 1163 2889 1234 στόματος
2935 1161 3098 1216 αὑτοῦ
3144 1164 3292 1215 πᾶσα
3334 1163 3368 1232 ἡ
3407 1161 3640 1232 δύναμις

2072 1255 2270 1310 αὐτῶν.
2304 1275 2323 1307 ι
2353 1255 2461 1308 Καὶ
2493 1256 2551 1307 ἐν
2588 1259 2674 1325 pg’
2699 1253 2754 1306 δὲ
2781 1252 2977 1324 ψαλμῷ
2997 1252 3239 1323 εἴρηται·
3271 1272 3289 1303 ι
3325 1252 3641 1306 Ἀπέστειλε

2073 1349 2163 1402 τὸν
2197 1347 2369 1415 Λόγον
2395 1343 2582 1408 αὑτοῦ,
2617 1345 2710 1399 καὶ
2756 1343 2942 1398 ἰάσατο
2975 1343 3202 1410 αὐτοὺς,
3232 1344 3325 1397 καὶ
3368 1342 3646 1414 ἐρρύσατο

2076 1440 2270 1503 αὐτοὺς
2320 1439 2384 1490 ἐκ
2421 1437 2528 1490 τῶν
2571 1435 2873 1506 διαφθορῶν
2919 1435 3158 1489 αὐτῶν.)
3199 1436 3310 1488 Καὶ
3365 1435 3530 1488 πάλιν
3579 1436 3646 1490 ἐν

2079 1530 2230 1602 ρμςν-
2273 1547 2291 1580 ι
2329 1529 2386 1582 '0
2415 1528 2754 1583 ἀποστέλλων
2777 1528 2836 1580 τὸ
2861 1527 3040 1595 λόγιον
3067 1526 3228 1580 αὐτοῦ
3269 1527 3333 1597 τῇ
3385 1527 3457 1598 γῇ
3479 1567 3494 1590 ,
3533 1523 3647 1591 ἕως

2075 1625 2271 1693 τάχους
2324 1621 2606 1693 δραμεῖται
2651 1623 2680 1674 ό
2741 1619 2898 1687 λόγος
2945 1616 3130 1673 αὑτοῦ.
3163 1638 3182 1670 ι
3219 1617 3377 1670 ’Λλλὰ
3404 1618 3515 1689 γὰρ
3561 1616 3646 1690 τῷ

421 1708 635 1764 Domini
692 1708 815 1762 caeli
870 1708 1066 1762 ﬁrmati
1121 1717 1288 1773 sunt,
1341 1729 1359 1761 ι
1415 1711 1709 1765 concordat
1761 1724 1977 1768 sacrum

2100 1713 2218 1767 ιετὰ
2249 1715 2436 1784 χεῖρας
2484 1709 2700 1782 ψαλμῷ,
2749 1710 3028 1791 φάσκοντι,
3098 1727 3116 1760 ι
3141 1707 3232 1778 Τῷ
3300 1707 3458 1778 Λόγῳ
3520 1708 3644 1760 Κυ-

422 1799 848 1870 229'unoque
899 1797 1276 1870 Evangelium,
1331 1801 1506 1871 palam
1552 1799 1787 1855 dicens:
1845 1817 1865 1852 ι
1917 1798 1979 1855 ιιι

426 1891 691 1963 principio
713 1897 829 1946 erat
853 1888 1113 1954 Verbum,
1139 1899 1193 1946 et
1212 1890 1449 1946 Verbum
1478 1901 1594 1946 erat
1621 1891 1765 1962 apud
1787 1889 1976 1956 Deum,

423 1992 477 2037 et
501 1981 641 2037 Deus
669 1989 787 2037 erat
816 1979 1074 2060 Verbum.
1127 1980 1242 2036 Hoc
1291 1989 1412 2038 erat
1453 1983 1510 2037 in
1539 1982 1808 2053 principio
1837 1981 1981 2053 apud

427 2073 618 2138 Deum,
653 2073 838 2128 omnia
869 2088 967 2144 per
997 2073 1176 2145 ipsum
1226 2072 1367 2129 facta
1399 2082 1548 2140 sunt,
1591 2083 1645 2131 et
1693 2075 1812 2130 sine
1863 2076 1982 2146 ipso

425 2166 627 2221 factum
649 2174 733 2222 est
750 2165 886 2220 nihil
907 2166 973 2222 ⁸⁸.
1007 2184 1026 2217 ι
1060 2165 1203 2222 Sane
1229 2167 1422 2222 merito
1443 2167 1790 2240 Evangelium
1817 2167 1984 2223 Deum

428 2257 579 2312 illum
611 2257 853 2312 nominat
893 2276 907 2312 ε
952 2257 1170 2328 quando
1212 2259 1374 2314 etiam
1420 2274 1515 2330 per
1555 2275 1616 2315 ea
1661 2275 1779 2330 qua:
1834 2261 1984 2331 prius

429 2349 575 2404 dicta
607 2358 755 2413 sunt,
786 2349 928 2403 idem
962 2349 1085 2414 hoc,
1122 2349 1266 2420 quod
1297 2366 1442 2405 nunc
1478 2359 1536 2404 ut
1569 2351 1708 2407 Deus
1744 2353 1985 2407 celebra-

428 2439 805 2516 tuererbum,
837 2448 890 2494 et
916 2441 1200 2511 sapientia.
1232 2449 1284 2496 et
1317 2458 1536 2512 germen
1569 2441 1682 2502 Dei,
1709 2453 1762 2496 et
1794 2441 1987 2496 Sacer-

429 2529 552 2594 dos,
601 2538 654 2586 et
705 2529 979 2592 Christus,
1033 2538 1085 2584 et
1137 2528 1274 2593 Rex,
1318 2538 1370 2584 et
1421 2527 1704 2588 Dominus.
1744 2535 1796 2582 et
1843 2527 1986 2582 Deus

430 2622 608 2692 imago
639 2621 754 2685 Dei,
788 2623 1113 2692 appellatum
1145 2630 1248 2677 est.
1293 2621 1484 2684 Porro,
1520 2629 1580 2674 ut
1623 2621 1712 2688 qui
1763 2628 1816 2674 et
1847 2620 1986 2677 alius

431 2712 504 2768 sit
531 2727 692 2781 quam
725 2712 906 2774 Pater,
933 2721 986 2767 et
1019 2711 1261 2782 ejusdem
1293 2711 1610 2766 administer
1641 2711 1824 2776 fuerit,
1853 2711 1988 2768 adeo

432 2811 492 2858 ut
515 2803 671 2868 jussu
706 2803 852 2856 illius
887 2804 1003 2871 ipse
1053 2803 1235 2856 omnia
1267 2801 1595 2864 condiderit,
1648 2800 1701 2854 in
1734 2802 1985 2870 praesenti

432 2893 687 2961 deinceps
719 2891 934 2946 Psalmo
968 2890 1211 2961 adiungit
1255 2909 1269 2946 :
1309 2909 1329 2941 ι
1385 2887 1618 2952 Timeat,
1652 2888 1848 2958 inquit,
1877 2887 1989 2942 Doo'

434 2984 641 3040 minum
691 2984 868 3039 omnis
904 2992 1046 3039 terra
1082 3002 1094 3036 :
1148 2983 1214 3036 ab
1247 2997 1312 3037 eo
1340 2990 1519 3035 autem
1547 2987 1992 3034 commoveantur

2081 1807 2196 1878 ρίου
2235 1805 2289 1858 οἰ
2331 1803 2547 1875 οὐρανοὶ
2582 1799 3018 1872 ἐστερεώθησαν,
3066 1818 3085 1851 ι
3129 1799 3340 1871 συνᾴδει
3387 1799 3448 1852 τὸ
3497 1798 3650 1870 ἱερὸν

2079 1895 2426 1965 Εὐαγγέλιον,
2459 1892 2753 1966 διαρρήδην
2779 1891 2934 1958 λέγον
2958 1906 2971 1919 ο
3009 1909 3028 1940 ι
3077 1890 3164 1942 Ἐν
3207 1890 3346 1959 ἀρχῇ
3375 1884 3442 1960 ἦν
3485 1891 3516 1942 ὁ
3543 1887 3652 1942 Λό-

2080 2004 2194 2057 γος,
2223 1986 2316 2039 καὶ
2343 1987 2370 2038 ό
2403 1983 2588 2066 Λόγος
2601 1977 2666 2054 ἦν
2708 1981 2843 2052 πρὸς
2887 1981 2978 2033 τὸν
3015 1979 3166 2044 Θεὸν,
3211 1981 3304 2032 καὶ
3343 1978 3472 2043 Θεὸς
3514 1974 3584 2050 ἦν
3613 1978 3652 2032 ὁ

2081 2081 2270 2147 Λόγος.
2301 2070 2467 2139 Οὗτος
2501 2070 2568 2146 ἧν
2597 2077 2655 2127 ἐν
2687 2073 2828 2145 ἀρχῇ
2861 2071 2995 2143 πρὸς
3031 2070 3123 2122 τὸν
3159 2069 3321 2124 Θεόνο
3359 2071 3536 2123 πάντα
3575 2067 3652 2123 δι’

2082 2167 2246 2225 αὑτοῦ
2289 2167 2521 2236 ἐγένετο,
2564 2167 2656 2218 καὶ
2700 2165 2866 2236 χωρὶς
2897 2161 3061 2216 αὑτοῦ
3111 2163 3326 2231 ἐγένετο
3357 2161 3474 2214 οὐδὲ
3501 2161 3582 2213 ἓν.
3620 2178 3644 2214 ι

2082 2263 2213 2315 Θεὸν
2241 2261 2464 2323 εἰκότως
2500 2259 2560 2312 τὺ
2585 2256 2913 2326 Εὐαγγὲλιον
2945 2255 3197 2324 ὀνομάζει
3223 2271 3234 2283 ·
3284 2252 3406 2305 ἐπεὶ
3435 2253 3525 2306 καὶ
3557 2249 3652 2306 διὰ

2083 2353 2190 2408 τῶν
2219 2351 2450 2424 πρόσθεν
2481 2350 2641 2412 αὐτὸς
2672 2342 2823 2410 οὗτος
2846 2348 2875 2401 ό
2906 2346 3000 2400 νῦν
3019 2345 3428 2418 θεολογούμενος
3452 2347 3648 2414 Λόγος,

2085 2445 2178 2500 καί
2205 2443 2383 2512 σοφία,
2418 2442 2510 2496 καὶ
2555 2441 2798 2511 γέννημα
2824 2438 2978 2501 Θεοῦ,
3005 2440 3095 2492 καὶ
3147 2440 3341 2510 ἱερεὺς,
3372 2439 3465 2495 καὶ
3507 2440 3649 2510 Χρι-

2087 2537 2228 2600 στδς,
2261 2537 2354 2588 καὶ
2383 2533 2648 2604 βασιλεὺς,
2685 2533 2778 2585 καὶ
2805 2531 3026 2602 Κύριος,
3054 2531 3148 2584 καὶ
3175 2531 3323 2595 Θεὸς,
3353 2533 3448 2584 καὶ
3485 2530 3657 2586 εἰκὼν

2085 2627 2417 2698 ἀνηγόρευτο
2439 2623 2531 2678 τοῦ
2556 2623 2711 2678 Θεοῦ.
2740 2624 2850 2678 Καὶ
2875 2624 2956 2676 ὅτι
2986 2639 3069 2691 γε,
3103 2621 3287 2692 ἔτερος
3314 2620 3387 2675 ὣν
3416 2621 3512 2675 τοῦ
3539 2623 3659 2677 Παν-

2084 2716 2233 2787 τρὸς,
2265 2714 2533 2784 ὑπουργὸς
2568 2709 2635 2784 ἦν
2668 2711 2854 2774 αὑτοῦ,
2900 2712 3037 2764 ὣστε
3082 2711 3527 2781 ἐπικελευομένου
3554 2708 3657 2766 τοῦ

2091 2807 2330 2876 μείζονος
2373 2805 2532 2860 αὑτὸν
2561 2805 2928 2875 δημιουργεῖν,
2963 2803 3088 2872 ἑξῆς
3119 2803 3258 2856 κατὰ
3287 2802 3376 2855 τὸν
3410 2804 3660 2872 παρόντα

2089 2899 2325 2967 ἐπιλέγει
2373 2896 2617 2968 ψαλμόν·
2671 2915 2688 2947 ι
2723 2896 3013 2966 Φοϐηθήτω
3054 2894 3144 2947 τὸν
3193 2896 3392 2965 Κύριον
3434 2897 3585 2949 πᾶσα
3619 2897 3658 2965 ἡ

2092 2990 2191 3060 γῆο
2219 2991 2310 3043 ὑπ’
2337 2987 2499 3045 αὑτοῦ
2528 2989 2582 3041 δὲ
2607 2988 3015 3058 σαλευθήτωσαν
3043 2985 3239 3050 πάντες
3261 2988 3308 3038 οξ
3337 2986 3657 3039 κατοικοῦν-

433 3092 623 3134 omnes
651 3077 1020 3132 inhabitantes
1047 3075 1254 3130 orbem.
1311 3074 1578 3140 Quoniam
1613 3071 1728 3142 ipse
1757 3071 1915 3133 dixit,
1939 3080 1989 3126 et

2100 3101 2184 3146 τες
2212 3081 2551 3152 οἰκουμένην.
2581 3081 2700 3134 ὐτι
2745 3080 2902 3144 αὐτὸς
2950 3076 3091 3142 εἷπε,
3140 3081 3234 3134 καὶ
3275 3077 3614 3149 ἐγενήθησαν
3638 3095 3653 3108 ·

435 3169 575 3223 facta
626 3178 782 3229 sunt;
849 3169 964 3238 ipse
1012 3167 1308 3230 mandavit,
1363 3174 1416 3220 et
1459 3173 1640 3220 creata
1687 3172 1814 3219 sunt
1858 3165 1920 3216 ".
1967 3183 1984 3215 ι

434 3263 662 3318 Constat
690 3261 833 3316 enim
876 3259 1020 3331 quod
1050 3259 1143 3330 qui
1176 3258 1326 3321 dicit,
1363 3259 1428 3311 ad
1463 3257 1690 3310 alterum
1735 3255 1866 3309 dicit
1896 3272 1910 3308 :
1941 3263 1996 3309 et

436 3353 530 3424 qui
578 3351 818 3415 mandat,
858 3350 1010 3404 alteri
1047 3356 1240 3419 praeter
1294 3361 1354 3402 se
1403 3345 1643 3400 mandat.
1705 3342 1997 3413 Perspieue

436 3456 566 3495 vero
594 3449 715 3510 post
757 3439 930 3509 ipsam
963 3436 1260 3491 Salvatoris
1291 3435 1466 3490 nostri
1515 3436 1763 3489 humana:
1790 3440 1997 3487 naturae

438 3531 890 3596 assmnptionem,
932 3534 1232 3588 conventus
1263 3543 1330 3582 ex
1365 3525 1512 3580 omni
1546 3533 1712 3590 terra,
1759 3523 1863 3578 hoc
1890 3530 1993 3587 est,

438 3640 504 3678 cx
531 3623 805 3684 omnibus.
851 3637 970 3692 qua:
1003 3629 1205 3676 terram
1252 3620 1518 3683 incolunt,
1552 3617 1885 3679 nationibus,
1913 3616 1998 3670 in-

440 3715 826 3778 numerabiles,
859 3729 967 3768 non
999 3713 1184 3767 itidem
1229 3720 1287 3766 ut
1333 3719 1491 3766 antea
1526 3711 1665 3766 ullos
1699 3709 1995 3774 daemones,

443 3809 539 3864 sed
566 3808 744 3879 ipsum
781 3806 1068 3862 Dominum
1107 3805 1293 3860 Jesum
1343 3805 1662 3870 timuerunt,
1709 3812 1765 3858 et
1809 3817 2001 3858 omnes

445 3901 750 3956 habitantes
799 3901 987 3955 orbem
1041 3899 1297 3954 commoti
1343 3906 1493 3961 sunt,
1529 3897 1586 3950 in
1637 3896 1757 3967 ipso
1795 3894 2000 3950 Christi

443 3994 683 4057 nomine,
727 3993 868 4048 sicut
896 4007 1134 4062 praesens
1162 3990 1442 4044 oraculum
1472 3987 1619 4044 canit
1657 4007 1670 4042 :
1709 4005 1728 4038 ι
1766 3986 2000 4050 Timeat,

443 4085 640 4156 inquit,
676 4084 961 4140 Dominum
996 4083 1171 4137 oznnis
1215 4089 1379 4145 terra,
1415 4081 1484 4135 ab
1535 4094 1602 4135 eo
1647 4089 1828 4150 autem
1861 4094 2007 4134 com-

445 4183 766 4232 moveantur
793 4191 982 4230 omnes
1015 4174 1378 4228 inhabitantes
1405 4172 1612 4226 orbem.
1668 4191 1686 4223 ι
1730 4171 2005 4228 Hactenus

446 4285 567 4337 qua:
604 4269 672 4321 de
714 4281 754 4320 ιι
793 4275 847 4322 et
878 4282 984 4321 xxx
1016 4266 1222 4335 psalmo
1247 4275 1469 4334 accepta
1504 4273 1654 4318 sunt.
1688 4264 2006 4320 Consimilia

445 4373 576 4412 vero
605 4357 690 4412 his
731 4366 787 4411 et
815 4373 1055 4412 consona
1103 4359 1156 4411 in
1187 4357 1398 4426 psalmo
1431 4370 1650 4425 quoque
1690 4372 1890 4411 ωεινιιι
1923 4357 2005 4412 in-

445 4449 650 4511 venies,
695 4450 788 4518 qui
827 4448 985 4502 docet
1017 4462 1126 4503 non
1171 4463 1234 4502 ea
1289 4446 1474 4511 modo,
1523 4462 1644 4516 qua:
1687 4446 1752 4501 ad
1804 4456 2002 4502 terram

446 4528 734 4603 duntaxat,
769 4539 862 4596 sed
894 4539 1057 4594 etiam
1087 4555 1150 4594 ea
1199 4553 1318 4610 quin
1346 4537 1412 4592 ad
1443 4539 1664 4603 caelum,
1692 4545 1746 4594 et
1775 4538 2007 4595 breviter

447 4631 515 4686 ad
543 4631 852 4685 universam
885 4633 1190 4683 creaturam
1224 4627 1514 4698 pertinent,
1568 4628 1687 4697 ipso
1734 4625 1845 4679 Deo
1879 4626 2005 4678 uni-

447 4725 594 4780 versi
644 4723 872 4792 jubente
899 4719 1196 4776 exstitisse.
1233 4717 1374 4774 Dicit
1414 4720 1580 4791 igitur
1627 4739 1638 4772 :
1690 4737 1709 4769 ι
1765 4716 2008 4772 Laudate

450 4819 734 4874 Dominum
765 4815 832 4870 de
858 4814 1036 4877 caelis,
1065 4813 1282 4868 laudate
1309 4828 1435 4869 eum
1475 4813 1531 4868 in
1561 4812 1816 4867 excelsis.
1867 4809 2009 4865 Lau-

445 4909 570 4964 date
597 4925 741 4971 eum,
775 4921 968 4963 omnes
993 4907 1168 4978 angeli
1201 4906 1354 4977 ejus;
1379 4907 1594 4962 laudate
1625 4921 1770 4969 eum,
1817 4917 2007 4959 omnes

447 5002 677 5058 virtutes
704 5001 843 5070 ejus.
909 5000 1150 5056 Laudate
1179 5016 1324 5064 eum,
1361 5001 1442 5055 sol
1483 5007 1540 5054 et
1591 4999 1741 5064 luna,
1789 4995 2011 5052 laudate

447 5107 593 5155 eum,
639 5107 828 5147 omnes
857 5091 1029 5146 stellae
1069 5100 1122 5146 et
1152 5091 1336 5146 lumen
1368 5107 1383 5144 :
1417 5088 1676 5159 quoniam
1709 5088 1826 5158 ipse
1851 5085 2009 5152 dixit,

449 5192 504 5239 et
542 5183 680 5238 facta
715 5192 876 5250 sunt;
913 5183 1030 5254 ipse
1060 5181 1356 5248 mandavit,
1397 5187 1454 5237 et
1495 5187 1677 5235 creata
1720 5186 1849 5234 sunt
1878 5178 1943 5232 ³⁸.
1985 5197 2004 5230 ι

451 5275 608 5343 Quod
666 5277 713 5331 si
759 5276 876 5345 ipse
919 5273 1218 5336 mandavit,
1268 5273 1776 5343 quisnam,qua:so,
1836 5285 2012 5342 usque

452 5369 590 5426 adeo
621 5383 869 5438 magnus,
905 5374 964 5423 ut
1004 5366 1320 5422 mandatum
1379 5364 1446 5421 de
1493 5365 1660 5420 tantis
1705 5364 1872 5420 rebus
1901 5380 2018 5418 sus-

450 5456 655 5526 ciperet
675 5498 689 5520 ,
741 5465 937 5529 praeter
965 5457 1060 5513 Dei
1114 5456 1391 5514 Verbum?
1420 5457 1568 5528 quod
1608 5457 1756 5511 varie
1789 5458 1843 5510 in
1872 5471 2005 5526 prae.

454 5553 594 5614 senti
643 5567 829 5623 opere,
859 5565 889 5603 a
924 5550 1105 5615 nobis,
1132 5558 1390 5620 tanquam
1422 5547 1564 5604 Deus
1603 5547 1928 5610 celebratur,
1957 5555 2012 5601 et

559 5709 602 5744 “
633 5709 785 5769 Juun.
820 5724 856 5777 ι,
889 5705 998 5770 ιβ.

2092 3173 2252 3236 αὐτὸς
2283 3173 2600 3233 ἐνετείλατο,
2635 3172 2727 3224 καὶ
2771 3169 3112 3240 ἐκτίσθησαν.
3155 3189 3175 3222 ι
3217 3168 3485 3240 Πρόδηλον
3521 3168 3658 3239 γὰρ,

2091 3265 2166 3330 ὡς
2207 3266 2236 3318 ὁ
2257 3265 2450 3333 λέγων,
2484 3265 2654 3336 ἑτέρῳ
2675 3264 2820 3330 λέγει
2839 3279 2852 3293 ο
2883 3262 2976 3316 καὶ
3003 3262 3031 3313 ὁ
3055 3262 3450 3331 ἐντελλόμενος,
3482 3259 3663 3329 ἑτέρῳ

2095 3360 2224 3430 παρ’
2255 3356 2444 3410 ἐαυτὸν
2481 3354 2799 3408 ἐντέλλεται.
2830 3351 3020 3422 Σαφῶς
3042 3351 3098 3404 δὲ
3134 3352 3226 3404 ἐπὶ
3262 3354 3329 3422 τῇ
3352 3349 3446 3403 τοῦ
3477 3349 3667 3421 Σωτῆ-

2097 3468 2188 3522 ρος
2214 3448 2373 3520 ἡμῶν
2407 3445 2832 3518 ἐνανθρωπήσει,
2866 3444 3032 3516 μυρία
3059 3442 3238 3515 πλήθη
3260 3444 3321 3498 ἐκ
3353 3441 3532 3512 πάσης
3558 3441 3665 3513 τῆς

2095 3543 2219 3612 γῆς,
2251 3541 2394 3594 τοῦτ’
2429 3540 2570 3593 ἐστιν
2601 3537 2660 3602 ἐξ
2679 3537 2929 3591 ἁπάντων
2955 3536 3060 3589 τῶν
3093 3537 3183 3588 ἐπὶ
3206 3536 3302 3607 τῆς
3332 3534 3435 3603 γῆς
3463 3531 3665 3598 ἐθνῶν,

2096 3634 2278 3691 οὐκέτι
2307 3634 2382 3697 ὠς
2404 3634 2464 3685 τὸ
2488 3631 2614 3703 πρὶν
2641 3631 2764 3694 τοὺς
2789 3629 3064 3699 δαίμονας,
3095 3627 3208 3682 ἀλλ’
3238 3625 3397 3680 αὑτὸν
3419 3624 3663 3695 ἐφοϐήθη

2097 3723 2188 3777 τὸν
2229 3723 2430 3794 Κύριον
2475 3720 2709 3792 Ἰησοῦν·
2747 3721 2944 3782 πάντες
2973 3737 3032 3772 τε
3075 3720 3124 3772 οἱ
3159 3715 3533 3778 κατοικοῦντες
3562 3716 3668 3786 τὴν

2102 3817 2422 3888 οἰκουμένην
2461 3813 2825 3885 ἐσαλεύθησαν
2874 3813 2965 3866 ἐπὶ
3016 3811 3092 3882 τῷ
3122 3810 3214 3862 τοῦ
3261 3807 3494 3880 Χριστοῦ
3546 3807 3668 3860 ὀνό-

2109 3926 2257 3981 ματι,
2303 3905 2603 3970 ἀκολούθως
2629 3904 2706 3974 τῷ
2743 3903 2837 3958 νῦν
2883 3903 3142 3972 φάσκοντι
3183 3901 3346 3970 λογίῳ
3369 3916 3382 3929 '
3438 3918 3456 3950 ι
3488 3899 3672 3970 Φοϐη-

2105 4000 2250 4071 θήτω
2280 3997 2369 4050 τὸν
2403 3996 2603 4068 Κύριον
2633 3997 2782 4048 πᾶσα
2811 3996 2843 4064 ἡ
2880 3995 2972 4064 γῆ,
3001 3994 3092 4047 ὑπ’
3121 3991 3283 4046 αὑτοῦ
3312 3991 3368 4044 δέ
3400 3990 3666 4061 σαλευθή-

2101 4108 2280 4144 τωσαν
2327 4090 2524 4151 πάντες
2579 4089 2628 4142 οἰ
2677 4086 3050 4148 κατοικοῦντες
3099 4085 3196 4156 τὴν
3243 4083 3580 4153 οἰκουμένην.
3640 4101 3662 4134 ι

2103 4183 2297 4260 Ταῦτα.
2320 4181 2416 4252 μὲν
2442 4175 2532 4233 οὖν
2555 4181 2618 4232 ἐκ
2647 4177 2736 4231 τοῦ
2783 4177 2826 4247 β’
2858 4177 2950 4230 καὶ
2973 4177 3016 4228 λ’
3047 4175 3283 4247 ψαλμοῦ.
3311 4174 3584 4246 Σύμφωνα
3609 4173 3674 4228 δὲ

2103 4274 2312 4337 τούτοις
2338 4271 2518 4343 εὕροις
2556 4269 2620 4324 ἂν
2654 4270 2747 4324 καὶ
2791 4271 2848 4322 ἐν
2897 4275 3022 4340 ρμη¹
3065 4267 3280 4338 ψαλμῷ,
3326 4267 3385 4328 ὃς
3427 4265 3676 4320 διδάσκει

2106 4365 2166 4418 ού
2192 4363 2260 4417 τὰ
2305 4363 2430 4433 περὶ
2451 4359 2553 4429 γῆν
2583 4360 2738 4430 μόνα,
2773 4359 2905 4414 ἀλλὰ
2947 4359 3039 4414 καὶ
3062 4358 3128 4411 τὰ
3155 4358 3273 4411 κατ’
3296 4357 3541 4434 οὐρανὸν,
3573 4357 3678 4410 καὶ

2112 4453 2408 4526 συλλήϐδην
2440 4454 2654 4508 ἃπασαν
2691 4451 2788 4522 τὴν
2825 4451 3020 4513 κτίσιν,
3055 4450 3171 4503 κατ’
3205 4449 3544 4502 ἐπικέλευσιν
3577 4448 3675 4503 τοῦ

2109 4544 2216 4600 τῶν
2257 4545 2393 4598 ὅλων
2433 4543 2566 4595 Θεοῦ
2613 4541 2910 4610 γεγονέναι.
2963 4539 3120 4607 Λέγει
3151 4538 3194 4590 δ’
3227 4533 3348 4590 οῦν·
3405 4556 3422 4587 ι
3462 4537 3675 4589 Αἰνεῖτε

2110 4636 2201 4689 τὸν
2233 4633 2435 4703 Κύριον
2483 4635 2545 4686 ἐκ
2582 4631 2688 4684 τῶν
2731 4629 2990 4701 οὐρανῶν,
3039 4630 3237 4681 αἰνεῖτε
3279 4625 3440 4678 αὐτὸν
3473 4626 3530 4678 ὲν
3559 4627 3677 4688 τοῖς

2113 4727 2373 4798 ὑψίστοις.
2397 4725 2600 4779 Αἰνεῖτε
2631 4721 2789 4775 αὐτὸν
2810 4719 3006 4782 πάντες
3026 4718 3241 4787 ἄγγελοι
3269 4715 3450 4778 αὐτοῦ,
3471 4717 3677 4768 αἰνεῐτε

2112 4822 2272 4876 αὑτὸν
2304 4821 2474 4874 πᾶσαι
2515 4819 2568 4870 αἱ
2597 4815 2848 4884 δυνάμεις
2883 4812 3062 4865 αὐτοῦ.
3096 4811 3302 4864 Αἰνεῖτε
3332 4809 3490 4864 αὐτὸν
3521 4807 3677 4877 ἣλιος

2116 4912 2210 4964 καὶ
2243 4909 2458 4981 σελήνη,
2505 4908 2706 4960 αἰνεῖτε
2748 4902 2908 4960 αὑτὸν
2953 4900 3127 4954 πάντα
3163 4900 3232 4953 τὰ
3279 4899 3455 4970 ἄστρα
3490 4898 3588 4950 καὶ
3614 4895 3681 4949 τὸ

2116 5002 2260 5074 φῶςο
2309 5003 2391 5056 ὅτι
2432 4997 2593 5060 αὐτὸς
2633 4991 2784 5058 εἶπε,
2836 4993 2928 5046 καὶ
2974 4989 3336 5062 ἐγενήθησαν·
3386 4987 3546 5050 αὐτὸς
3585 4989 3678 5041 ὲν-

2117 5095 2378 5157 ετείλατο,
2411 5092 2505 5145 καὶ
2524 5086 2864 5157 ἐκτίσθησαν.
2897 5105 2916 5137 ι
2941 5085 3004 5136 Εἰ
3033 5083 3140 5152 γὰρ
3168 5083 3327 5144 αὐτὸς
3355 5079 3679 5144 ἐνετείλατο,

2119 5186 2213 5240 καὶ
2261 5185 2342 5246 τίς
2390 5177 2458 5252 ἦν
2497 5177 2776 5239 τοσοῦτος,
2824 5174 2898 5238 ὡς
2949 5173 3046 5245 τὴν
3101 5174 3226 5244 περὶ
3267 5173 3376 5226 τῶν
3425 5168 3684 5242 τηλικού-

2114 5293 2222 5331 των
2251 5273 2465 5346 ἐντολὴν
2512 5267 2891 5334 ὑποδέξασθαι,
2929 5267 2963 5337 ἢ
2993 5267 3022 5318 ὁ
3067 5263 3160 5318 τοῦ
3215 5262 3350 5317 Θεοῦ
3398 5262 3607 5330 Λόγος;
3651 5261 3684 5313 ό

2117 5364 2372 5427 ποικίλως
2399 5361 2487 5416 διὰ
2517 5360 2615 5430 τῆς
2661 5357 2940 5430 παρούσης
2979 5357 3112 5426 ἡμῖν
3143 5352 3449 5415 ὑποθέσεως
3493 5349 3684 5404 θεολο-

2116 5453 2396 5525 γούμενος,
2444 5451 2537 5504 καὶ
2577 5450 2746 5518 Λόγος
2781 5447 2916 5501 Θεοῦ
2964 5443 3494 5514 προσαγορευόμενος
3535 5440 3686 5494 εἰκό-

2115 5561 2242 5608 τως,
2268 5545 2348 5597 δτι
2389 5541 2452 5614 δὴ
2479 5542 2600 5606 τοὺς
2625 5539 2729 5596 τῶν
2773 5538 3021 5594 ἁπάντων
3051 5532 3467 5606 δημιουργικούς
3493 5548 3553 5586 τε
3587 5531 3684 5586 καὶ

1115 5708 1154 5738 ³⁷
1180 5707 1318 5762 l’sal.
1350 5723 1524 5776 xxxii,
1557 5707 1669 5764 8-9.
1748 5706 1792 5737 ³⁵
1821 5701 1964 5760 Psal.
1996 5717 2220 5771 cuvm,
2258 5700 2366 5756 1-5.
