3916 6200
219 254 333 312 377
1131 241 1782 302 DEMONSTRATIONIS
1819 237 2274 298 EVANGELICAE
2316 236 2444 296 LIB.
2485 236 2549 292 V.
3337 232 3443 289 378

222 369 541 441 ποιητικοὺς
565 367 753 438 λόγους
785 358 836 420 ό⁴
857 365 1246 437 παντοκράτωρ
1274 368 1332 419 ὲν
1368 362 1517 435 αὐτῷ
1555 359 1823 421 καταδέρ,

1930 358 2133 415 'erbum
2162 356 2258 413 Dei
2284 357 2608 427 appellatur,
2641 354 2835 408 merito
2867 351 2997 407 illud
3029 351 3269 422 quidem,
3317 367 3441 421 pro.

223 464 442 533 ὄληται,
480 459 622 529 λόγῳ
662 458 758 511 καὶ
789 456 939 522 τάξει
972 456 1037 509 τά
1076 455 1364 527 σύμπαντα
1394 454 1598 506 διέπειν
1640 448 1789 520 αὐτῷ

1930 460 2072 508 terea
2100 450 2245 521 quod
2280 449 2525 504 omnium
2552 462 2734 502 rerum
2782 446 3106 499 artificiosas
3135 452 3297 514 atque
3335 442 3451 500 etlia

226 554 323 609 καὶ
351 551 706 622 διακυϐερνᾷν
745 549 1032 621 παραδούς.
1076 549 1168 618 Μὴ
1200 547 1306 617 γὰρ
1345 542 1439 600 οὖν
1483 563 1563 609 τις
1593 544 1792 598 ὑπολά-

1930 560 2050 602 aces
2082 544 2345 606 rationes,
2375 541 2718 610 omnipotens
2771 539 2827 592 in
2873 538 3050 608 ipsum
3099 536 3396 606 coniecerit
3428 554 3444 592 :

227 649 315 699 60:
346 646 426 715 τῷ
452 643 604 715 παρά
635 642 937 714 ἀνθρώποις
977 643 1041 694 ὲκ
1072 639 1349 693 συλλαϐῶν
1385 638 1698 701 συνεστιῖηι,
1729 635 1793 689 ἔκ

1930 639 2056 711 ιθθ
2113 638 2313 708 quippe
2352 635 2446 706 qui
2483 634 2697 689 ratione
2742 640 2903 702 atque
2954 631 3147 685 ordine
3195 630 3449 685 universa

228 755 287 789 τε
330 736 609 807 ὀνομάτων
641 736 734 787 καὶ
760 734 1016 805 ῥημάτων
1040 732 1397 802 συγκειμένῳ,
1422 729 1668 800 ὲνάρθρῳ
1701 727 1795 780 καὶ

1935 732 1993 795 li,
2020 738 2075 785 et
2104 725 2472 799 dispensanda
2498 732 2551 780 et
2581 722 2931 795 gubernanda
2949 721 3255 777 tradiderit.
3279 720 3450 776 Nemo

231 828 550 902 προφορικῴ
578 828 720 897 λόγῳ
740 827 830 880 τὸν
869 824 961 879 τοῦ
987 824 1119 878 Θεοῦ
1153 825 1447 894 παρόμοιον
1472 820 1755 889 τυγχάνειν
1776 835 1790 848 ·

1930 823 2060 894 gitur
2092 829 2243 892 putet
2275 819 2545 879 humanae,
2593 829 2715 885 quae
2743 830 2806 867 ex
2844 813 3066 883 syllabis
3113 818 3349 875 constat,
3399 818 3455 864 et

231 922 317 974 ὃτι
339 921 405 992 δὴ
442 922 471 973 0
509 922 635 991 παρ’
675 922 806 990 ἡμῖν
838 918 992 986 λόγος
1018 919 1075 970 ὲν
1114 919 1318 986 φωναῖς
1356 915 1450 968 καὶ
1487 910 1795 975 συλλαϐαῖς,

1930 935 1962 973 x
1996 914 2311 971 nominibus
2337 920 2389 967 et
2406 910 2589 966 verbis
2612 908 2979 977 componitur,
3011 905 3333 969 articulatm,
3371 912 3456 957 at-

233 1015 331 1067 καὶ
358 1015 469 1075 τοῖς
493 1012 582 1067 διὰ
612 1012 812 1067 τούτων
840 1010 1251 1083 σημαινομένοις
1285 1008 1542 1077 κέκτηται
1580 1004 1679 1074 τὴν
1709 1003 1799 1055 οὑ-

1935 1024 2002 1063 ue
2031 1002 2353 1062 enuntiabili
2386 1000 2642 1065 orationi,
2680 999 2775 1055 Dei
2814 997 3039 1053 verbum
3073 995 3249 1051 simile
3281 1010 3403 1051 esse
3437 1012 3451 1050 :

235 1106 380 1168 σξαν,
421 1104 508 1157 διὰ
540 1102 782 1174 γλώττης
811 1104 905 1157 καὶ
951 1100 1245 1173 ἀρτηριῶν,
1288 1097 1565 1170 φάρυγγος
1604 1112 1663 1149 τε
1704 1094 1799 1148 καὶ

1930 1100 2155 1171 ueniam
2189 1106 2376 1153 nostra
2408 1095 2523 1149 hate
2551 1092 2729 1148 oratio
2775 1092 2831 1145 in
2877 1088 3103 1145 vocibus
3130 1096 3183 1142 et
3212 1087 3456 1159 syllabis,

239 1198 504 1267 στόματος
541 1196 944 1268 προφερόμενος
970 1213 984 1225 ·
1021 1198 1050 1248 0
1091 1195 1148 1247 δὲ
1188 1196 1289 1264 τῆς
1321 1192 1494 1246 ἀϊδίου
1524 1191 1617 1244 καὶ
1652 1191 1799 1243 ἀσω-

1933 1201 1953 1247 ι
1986 1193 2053 1247 iis
2075 1206 2195 1261 qua:
2216 1179 2321 1259 'per
2352 1188 2465 1242 haec
2492 1184 2893 1258 signiticantur,
2922 1179 3179 1251 quicquid
3204 1180 3321 1249 ipsa
3352 1185 3456 1241 est,

241 1288 416 1361 μάτου
456 1287 687 1358 φύσεως,
730 1287 904 1359 πάντη
945 1286 1083 1340 κατά
1128 1287 1302 1340 πάντα
1340 1282 1433 1338 τοῦ
1484 1283 1605 1338 καθ’
1653 1283 1801 1354 ἡμᾶς

237 1382 710 1454 παρηλλαγμένος,
744 1380 892 1434 οὐδὲν
918 1379 1249 1450 ἀνθρώπειον
1277 1378 1516 1445 ὲπάγοιτ⁹
1546 1372 1805 1446 ἂν,’μὸνῃ

238 1474 574 1546 κεχρημένος
598 1475 664 1544 τῇ
688 1473 785 1544 τῆς
811 1474 1162 1543 προσρήσεως
1181 1469 1467 1541 ὁμωνυμίᾳ
1484 1485 1496 1497 ·
1522 1468 1642 1521 ἐπεὶ
1667 1467 1803 1536 μήτε

236 1564 429 1634 φωνήν
474 1562 567 1633 τὴν
606 1563 673 1615 δι’
709 1562 869 1633 ἀέρος
907 1560 1178 1632 κρούσεως
1226 1557 1611 1628 ὑφισταμένην,
1669 1556 1804 1625 μήτε

236 1658 484 1728 ῥήματα,
506 1658 643 1727 μήτε
674 1655 961 1719 συλλαϐάς,
990 1655 1123 1725 μήτε
1153 1652 1416 1721 γλῶτταν,
1446 1652 1581 1723 μήτε
1612 1650 1802 1720 στόμα,

241 1752 381 1821 μήτε
423 1749 559 1813 ὅλως
599 1766 650 1802 τι
687 1748 793 1802 τῶν
832 1747 1180 1819 ἀνθρωπείων
1223 1747 1316 1799 καὶ
1347 1743 1553 1817 θνητῶν
1586 1744 1677 1797 ἐπὶ
1711 1743 1804 1797 τοῦ

234 1842 348 1896 τῶν
391 1842 529 1895 ὅλων
573 1840 707 1894 Θεοῦ
757 1839 1153 1913 παραληπτέον.
1190 1838 1379 1907 Ψυχῆς
1420 1836 1526 1908 γὰρ
1567 1836 1632 1889 ἂν
1666 1836 1750 1905 εἴη
1778 1838 1807 1888 0

236 1934 397 2001 λόγος
426 1928 599 1997 οὗτος,
626 1935 654 1985 ό
678 1932 925 2002 οὐδαμῶς
951 1926 1060 1995 οἷός
1096 1948 1154 1982 τε
1185 1928 1305 1982 καθ’
1337 1930 1523 1993 ἑαυτὸν
1551 1930 1670 1997 δίχα
1701 1928 1805 1997 ψυ-

234 2030 342 2095 χῆς
368 2022 528 2089 εἶναι,
559 2026 591 2097 ἢ
630 2024 944 2093 ὑποστῆναι.
978 2022 1191 2076 Τοιόσδε
1220 2021 1329 2093 γὰρ
1349 2023 1377 2074 0
1405 2022 1460 2073 ὲν
1504 2020 1807 2091 ἀνθρώποις

237 2118 420 2186 λόγος,
455 2117 594 2180 ἰδίως
626 2117 722 2186 μὲν
765 2115 1012 2178 ἀνούσιος
1037 2114 1111 2167 ὣν
1141 2114 1233 2167 καὶ
1273 2112 1659 2177 ἀνυπόστατος,
1689 2111 1805 2165 ὅλον

237 2209 297 2261 δὲ
323 2208 457 2261 αὐτὸ
484 2206 695 2277 κίνησίς
738 2223 795 2259 τε
836 2206 929 2263 καὶ
962 2204 1210 2275 ἐνέργεια
1237 2203 1472 2266 διανοίας
1505 2203 1803 2272 τυγχάνων.

256 2298 418 2351 Ἀλλά
447 2298 556 2371 γὰρ
586 2300 643 2351 οὐ
679 2300 772 2351 καὶ
799 2300 826 2349 ό
858 2296 947 2350 τοῦ
977 2296 1111 2349 Θεοῦ
1136 2294 1393 2371 τοιοῦτος,
1423 2295 1559 2364 έχων
1605 2294 1659 2346 δὲ
1686 2292 1807 2347 καθ’

243 2389 438 2442 ἑαυτὸν
481 2368 685 2443 οίκείαν
734 2389 1024 2443 ὑπόστασιν
1086 2368 1225 2443 πάνῖ)
1271 2387 1418 2441 Θείαν
1467 2387 1559 2440 καὶ
1600 2385 1809 2456 νοεράν,

250 2481 398 2543 ἰδίως
434 2479 531 2550 μὲν
558 2481 897 2550 ὑφεστῶσαν,
928 2480 1069 2543 ἰδίως
1097 2479 1141 2533 δ’
1168 2474 1234 2534 αὖ
1276 2479 1434 2532 πάλιν
1465 2477 1811 2549 ἐνεργοῦσαν,

246 2575 413 2629 ᾶῡλόν
441 2592 501 2626 τε
534 2569 697 2627 οὖσαν
738 2574 834 2625 καὶ
875 2571 1190 2642 ἀσώματον,
1228 2571 1322 2625 καὶ
1366 2571 1506 2624 κατά
1544 2571 1721 2625 πάντα
1748 2573 1811 2642 τῇ

248 2665 345 2720 τοῦ
393 2664 605 2735 πρώτου
657 2665 750 2718 καὶ
798 2665 1090 2735 ἀγεννήτου
1142 2664 1233 2718 καὶ
1289 2663 1447 2733 μόνου
1486 2662 1619 2716 Θεοῦ
1660 2663 1815 2733 φύσει

252 2759 745 2830 παρωμοιωμένην,
792 2758 917 2821 τοὺς
958 2757 1066 2810 τῶν
1111 2756 1384 2828 γεννητῶν
1431 2757 1681 2811 ἁπάντων
1727 2756 1818 2808 λό-

254 2868 418 2920 γους,
460 2853 552 2905 καὶ
596 2851 690 2914 τάς
716 2850 824 2903 τῶν
852 2849 1142 2923 ὁρωμένων
1172 2850 1492 2920 ἀσωμάτους
1518 2867 1575 2903 τε
1604 2852 1697 2903 καὶ
1731 2852 1821 2903 ἀο-

258 2945 453 3015 ράτους
486 2942 625 3004 ἰδέας
656 2943 712 2993 ὲν
737 2943 872 3011 αὐτῇ
898 2941 1181 3012 φέρουσαν.
1202 2940 1291 2992 Διὸ
1312 2941 1404 2994 καὶ
1423 2940 1610 3009 σοφίαν
1631 2940 1819 3012 αὐτὴν,

257 3036 357 3087 καὶ
392 3033 522 3086 Θεὸν
560 3033 727 3099 Λόγον
771 3032 821 3084 οἱ
866 3031 995 3084 Θεῖοι
1027 3032 1263 3102 χρησμοὶ
1309 3030 1819 3102 προσαγορεύουσιν.

1836 1711 1877 1765 Β

1902 1283 2109 1340 obtinet
2139 1301 2152 1337 :
2184 1290 2393 1351 utpote,
2447 1294 2570 1350 quae
2611 1292 2707 1347 per
2737 1276 2997 1344 linguam,
3042 1279 3096 1327 et
3125 1270 3375 1335 arterias,
3405 1277 3463 1325 et

1904 1376 2110 1441 fauces,
2148 1384 2201 1429 et
2241 1388 2324 1436 os,
2369 1372 2682 1443 proferatur
2720 1387 2732 1422 :
2765 1367 3113 1437 sempiternae
3138 1378 3269 1419 vero
3301 1369 3463 1432 atque

1904 1471 2237 1538 incorporeas
2264 1473 2470 1519 natura:
2496 1461 2736 1517 Verbum
2765 1459 2913 1514 omni
2960 1457 3183 1511 omnino
3227 1455 3460 1517 ratione,

1903 1578 2025 1633 quae
2056 1577 2085 1615 a
2118 1559 2279 1615 nobis
2312 1556 2543 1628 proferri
2580 1555 2758 1612 solent
2794 1552 2957 1608 verba
2992 1556 3463 1621 prmtergressum,

1904 1656 2040 1711 nihil
2070 1655 2320 1708 humanm
2341 1649 2570 1704 rationis
2594 1662 2703 1718 pra:
2731 1661 2789 1702 se
2824 1644 2981 1711 ferat,
3013 1642 3107 1697 sed
3138 1641 3308 1696 solam
3341 1654 3468 1699 cum

1911 1749 2150 1803 humano
2197 1743 2365 1799 verbo
2418 1753 2765 1797 communem
2818 1734 3234 1805 appellationem
3284 1729 3466 1800 possi—

1911 1837 2035 1892 deat
2075 1855 2088 1890 :
2122 1834 2337 1906 quando
2364 1846 2542 1901 neque
2569 1844 2783 1891 vocem,
2835 1840 2957 1896 quae
2994 1839 3059 1878 ex
3114 1822 3255 1877 aeris
3307 1819 3466 1889 pulsu

1911 1934 2147 1989 constet,
2178 1940 2353 1995 neque
2379 1923 2647 1979 dictiones
2680 1920 2841 1983 ullas,
2870 1930 3047 1985 neque
3085 1912 3341 1984 syllabas,
3373 1925 3472 1965 ne-

1913 2034 2018 2088 que
2051 2018 2311 2086 linguam,
2349 2028 2527 2082 neque
2558 2027 2643 2075 os,
2690 2023 2867 2078 neque
2915 2005 3138 2061 omnino
3192 2001 3472 2073 quidpiam

1912 2106 2135 2163 humani
2185 2104 2301 2160 sive
2341 2101 2610 2166 mortalis,
2648 2099 2707 2154 in
2756 2097 2867 2152 Deo
2911 2094 3153 2149 universi
3204 2092 3472 2160 accipere,

1913 2200 2028 2255 sive
2057 2197 2378 2266 intelligere,
2408 2193 2491 2248 fas
2519 2199 2625 2248 est.
2656 2189 2716 2245 ld
2745 2188 2890 2244 enim
2918 2186 3142 2241 verbum
3176 2186 3369 2238 anima:
3388 2196 3477 2236 es-

1913 2298 2017 2356 set,
2051 2287 2193 2359 quod
2237 2286 2388 2340 nullo
2417 2280 2580 2337 modo
2610 2292 2708 2351 per
2750 2278 2990 2347 seipsum
3021 2274 3089 2328 ab
3117 2273 3295 2327 anima
3326 2285 3481 2325 seoro

1916 2395 2035 2437 sum
2066 2382 2251 2447 posset
2278 2388 2420 2436 esse,
2465 2380 2558 2425 aut
2586 2369 2909 2425 consistere.
2942 2363 3073 2418 Tale
3111 2362 3255 2417 enim
3288 2361 3481 2414 huma-

1914 2488 2044 2529 num
2102 2477 2185 2525 est
2229 2466 2475 2529 verbum,
2520 2461 2666 2533 quod
2718 2460 2968 2530 privatim
3001 2456 3218 2527 quidem
3248 2453 3477 2517 nullam,

1919 2580 2092 2634 neque
2135 2559 2453 2619 essentiam,
2510 2568 2685 2624 neque
2730 2550 3088 2607 substantiam
3140 2546 3321 2607 habet,
3384 2541 3480 2599 sed

1919 2665 2090 2713 totum
2126 2654 2296 2708 libera
2331 2647 2577 2720 quaedam
2609 2643 2779 2699 motio
2812 2649 2916 2705 est,
2968 2647 3022 2695 et
3072 2636 3353 2693 ellicientia
3383 2650 3479 2689 co—

1919 2748 2221 2824 gitationis.
2279 2743 2570 2802 Cmterum,
2605 2739 2783 2808 ipsum
2815 2733 2909 2788 Dei
2938 2731 3177 2786 Verbum
3209 2744 3319 2783 non
3352 2728 3480 2792 tale,

1922 2822 2018 2898 sed
2051 2856 2146 2910 per
2180 2838 2421 2907 seipsum
2453 2834 2661 2887 habens
2688 2829 2962 2902 propriam
2987 2822 3369 2883 substantiam,
3390 2836 3484 2874 us-

1922 2946 2245 3006 qucquaque
2276 2929 2515 2983 divinam
2550 2932 2712 2993 atque
2749 2920 3157 2987 intelligentem,
3205 2929 3325 2985 quze
3373 2913 3485 2982 pri-

1921 3003 2087 3082 vatim
2130 3023 2344 3093 quidem
2391 3015 2673 3079 subsistit,
2722 3011 3079 3083 privatimque
3124 3006 3263 3060 idem
3302 3003 3484 3065 ellicit,

261 3127 525 3197 quidquid
559 3126 740 3189 elIicit,
771 3139 958 3179 verum
988 3125 1228 3178 materia:
1258 3125 1437 3179 omnis
1465 3134 1549 3181 est
1592 3142 1809 3197 expers,
1847 3134 1900 3181 et
1929 3126 2274 3190 incorporea,
2304 3122 2358 3169 et
2396 3111 2543 3166 omni
2603 3109 2813 3162 ratione
2843 3103 3003 3175 primi
3040 3110 3095 3157 et
3124 3099 3371 3171 ingeniti,
3425 3102 3480 3151 et

263 3220 441 3276 solius
473 3221 559 3277 Dei
607 3227 812 3273 natura).
846 3216 1166 3281 assimilata,
1208 3232 1395 3273 earum
1450 3219 1693 3275 omnium
1762 3234 1945 3275 rerum
2005 3188 2126 3286 quae
2167 3210 2323 3264 facta:
2392 3211 2538 3267 sunt.
2580 3201 2840 3260 rationes.
2876 3204 2931 3250 ει
2982 3208 3170 3249 88mm
3218 3205 3339 3261 quae
3373 3188 3477 3243 50b

262 3315 444 3369 visum
473 3313 692 3376 cadunt,
728 3312 1075 3381 incorporeas
1102 3318 1155 3364 et
1181 3310 1482 3367 invisibiles
1511 3315 1742 3383 species,
1796 3312 1852 3367 in
1890 3280 2070 3380 seipsa
2138 3304 2335 3359 ferens.
2384 3296 2561 3363 Quare
2595 3294 2743 3348 illam
2790 3298 2845 3347 et
2889 3287 3220 3357 Sapientiam
3278 3290 3332 3338 et
3387 3280 3483 3335 Dei

264 3408 525 3471 Verbum,
557 3406 739 3461 divina
771 3406 991 3460 oracula
1016 3406 1309 3475 appellant.

790 3498 1183 3551 ΚΕΦΑΛΑΙΟΝ
1218 3500 1307 3565 ς’.

1853 3502 1900 3564 C

2530 3474 2758 3537 CAPUT,
2798 3471 2887 3528 Vl.

274 3588 374 3655 Ὦς
404 3590 501 3642 καὶ
549 3588 787 3654 Ἡσαΐας
825 3587 934 3641 δύο
983 3556 1259 3655 κυρίους,
1286 3589 1500 3655 ὁμοίως
1537 3590 1617 3655 τῷ
1656 3589 1823 3645 Δαϐίδ

1932 3579 2084 3651 Quod
2120 3577 2298 3655 Isaias
2330 3569 2573 3655 similiter
2600 3578 2657 3621 ut
2683 3566 2876 3655 David,
3317 3556 3492 3655 εἰ*ξέ-

342 3658 636 3738 (adolet-ei,
673 3659 772 3738 καὶ
817 3660 922 3711 τὸν
946 3657 1250 3738 ,δεύτεροῂ
1286 3658 1645 3738 dmitong
1679 3659 1831 3715 εἶναι

348 3727 461 3782 τῶν
492 3727 669 3791 ὅλων,
700 3727 1014 3796 ὠσπεροῦν
1046 3729 1141 3781 καὶ
1185 3731 1350 3782 αὐτοὶ
1384 3727 1721 3800 δοξάζομεν.

347 3841 366 3872 ι
404 3821 603 3874 Ἀκουέ
655 3838 779 3891 μου,
820 3819 1012 3874 Ἰακὼὸ
1032 3822 1126 3873 καὶ
1160 3822 1469 3892 Ἰσραήλ,δν
1508 3822 1617 3891 ἐγὼ
1661 3823 1829 3879 καλῶ.

280 3912 426 3983 Ἐγώ
452 3914 567 3983 εἰμι
600 3912 829 3983 πρῶτος,
863 3913 957 3966 καὶ
984 3912 1093 3981 ἐγὼ
1125 3915 1239 3981 εἰμι
1269 3913 1347 3975 είς
1388 3914 1477 3966 τὸν
1517 3914 1708 3979 αἰῶνα,
1740 3914 1834 3967 καὶ

268 4007 305 4075 ἡ
339 4004 461 4073 χείρ
506 4020 605 4071 μου
649 4000 972 4073 ὲθεμελίωσε
1004 4001 1101 4072 τὴν
1144 4002 1267 4071 γῆν,
1321 4003 1413 4055 καί
1452 4006 1486 4074 ή
1533 4003 1682 4068 δεξιά
1732 4021 1833 4076 μου

268 4096 569 4166 ἐστερέωσε
609 4095 698 4147 τὸν
736 4095 979 4167 οὐρανόν.
1041 4095 1267 4148 Καλέσω
1318 4096 1535 4160 αὐτοὺς,
1584 4098 1676 4151 καὶ
1711 4100 1836 4169 στή-

272 4203 460 4239 σονται
506 4188 641 4256 ἅμα,
675 4188 766 4239 καὶ
807 4186 1226 4257 συναχθήσονται
1266 4188 1487 4251 πάντες,
1534 4189 1628 4242 καὶ
1671 4188 1835 4243 ἀκού-

272 4298 477 4345 σονται,
514 4280 595 4343 τίς
624 4280 804 4343 αὐτοῖς
830 4279 1114 4350 ἀνήγγειλε
1147 4281 1336 4334 ταῦτα.
1375 4280 1577 4353 Κύριος
1610 4281 1838 4350 ἀγαπῶν

272 4390 357 4437 σε,
388 4372 608 4441 ἐποίησε
650 4372 709 4425 τὸ
750 4371 958 4442 θέλημά
1002 4390 1094 4425 σου
1127 4373 1216 4425 ἐπὶ
1248 4374 1557 4438 Βαϐυλῶνα,
1587 4376 1679 4427 τοῦ
1709 4370 1839 4446 ἆραι

276 4463 498 4531 σπέρμα
526 4461 819 4514 Χαλδαίων.
869 4462 1005 4531 Ἐγὼ
1033 4462 1285 4532 ἐλάλησα,
1318 4465 1408 4516 καὶ
1450 4463 1558 4531 ἐγὼ
1584 4464 1837 4518 ἐκάλεσα.

280 4556 525 4621 Ἰἰγαγον
556 4554 736 4617 αὐτὸν,
771 4556 862 4607 καὶ
893 4554 1143 4607 εὐώδωσα
1179 4554 1274 4625 τὴν
1302 4556 1421 4608 ὁδὸν
1448 4556 1629 4609 αὑτοῦ.
1668 4558 1842 4627 Προσ-

281 4645 516 4711 αγάγετε
543 4644 676 4715 πρὸς
718 4644 805 4713 μὲ,
841 4646 932 4696 καί¹
969 4643 1233 4697 ἀκούσατε
1262 4643 1449 4698 ταῦτα.
1483 4647 1595 4699 Οὐκ
1625 4645 1717 4698 ἀπ’
1745 4647 1842 4718 ἁρ-

282 4736 380 4806 χῆς
406 4738 462 4789 ἐν
501 4739 680 4807 κρυφῇ
710 4735 994 4807 λελάληκα.
1039 4738 1229 4790 Ἦνίκα
1260 4738 1492 4805 ἐγένετο,
1534 4739 1650 4790 ἐκεῖ
1671 4740 1838 4810 ήμην.

2155 3629 2461 3715 conﬁtetur,
2499 3650 2550 3715 et
2581 3654 2761 3715 eorum
2802 3635 3030 3687 alterum
3062 3632 3289 3715 universi
3322 3629 3491 3697 Opi/i-

2006 3704 2136 3783 cem,
2168 3704 2606 3788 quemadmodum
2635 3709 2735 3777 ipsi
2769 3719 2967 3775 quoque
2998 3704 3281 3755 credimus.

2007 3835 2025 3868 ι
2072 3814 2211 3869 Audi
2261 3825 2367 3873 me,
2417 3806 2605 3868 Jacob,
2659 3808 2712 3856 et
2760 3797 2928 3854 Israel
2972 3810 3134 3866 quem
3182 3809 3285 3863 ego
3329 3804 3487 3845 voco.

1932 3908 2046 3978 Ego
2095 3919 2213 3960 sum
2269 3901 2500 3971 primus,
2554 3902 2608 3949 et
2658 3907 2757 3962 ego
2813 3904 2933 3943 sum
2992 3887 3047 3941 in
3101 3891 3384 3945 aeternum,
3440 3886 3497 3935 et

1936 3973 2132 4057 manus
2202 4010 2321 4050 mea
2382 3988 2630 4046 fundavit
2687 3995 2927 4047 terram,
3001 3976 3159 4047 231
3234 3981 3287 4030 et
3360 3973 3494 4028 dex-

1935 4101 2052 4149 tera
2111 4104 2228 4143 mea
2291 4079 2653 4140 consolidavit
2713 4075 2905 4130 cmlos.
2968 4068 3189 4123 Vocabo
3253 4081 3387 4129 eos,
3443 4074 3499 4119 et

1936 4185 2157 4240 stabunt
2201 4177 2383 4241 simul,
2416 4182 2469 4229 et
2515 4167 2988 4241 congregabuntur
3037 4175 3259 4222 omnes,
3302 4165 3355 4211 et
3400 4171 3499 4208 au-

1937 4278 2106 4337 dient,
2151 4273 2273 4342 quis
2310 4270 2388 4324 eis
2425 4261 2769 4319 annuntiavit
2817 4257 2953 4311 hazc.
2990 4254 3252 4308 Dominus
3291 4249 3383 4318 qui
3417 4246 3502 4300 di-

1939 4366 2052 4435 ligit
2083 4371 2135 4417 te
2150 4337 2183 4429 ,’
2208 4359 2335 4415 fecit
2355 4356 2684 4411 voluntatem
2714 4357 2862 4402 tuam
2900 4345 2954 4399 in
2985 4342 3286 4414 Babylone,
3316 4344 3375 4391 ut
3399 4337 3502 4390 tol-

1940 4458 2073 4511 let-et
2100 4468 2281 4509 semen
2314 4446 2713 4503 Chaldaeorum.
2751 4440 2863 4510 Ego
2890 4438 3109 4492 locutus
3144 4449 3288 4494 sum,
3312 4438 3365 4485 et
3404 4443 3504 4499 ego

1941 4548 2126 4603 vocavi
2158 4562 2174 4610 ;
2203 4544 2331 4598 duxi
2364 4555 2485 4595 cum
2509 4580 2523 4601 ,
2574 4544 2627 4592 et
2662 4533 2835 4588 direxi
2888 4530 3029 4586 viam
3060 4527 3218 4597 ejus:
3255 4522 3505 4577 adducite

1942 4642 2009 4697 ad
2041 4657 2146 4704 me,
2177 4646 2231 4693 ct
2260 4637 2440 4690 audite
2475 4633 2607 4687 haec.
2636 4629 2753 4683 Non
2787 4626 2857 4680 ab
2891 4624 3046 4678 initio
3086 4624 3140 4676 in
3183 4619 3396 4674 occulto
3426 4616 3504 4669 lo-

1943 4742 2101 4791 cutus
2142 4746 2282 4785 sum.
2314 4723 2541 4792 Quando
2574 4722 2751 4783 fiebat,
2784 4716 2895 4770 illic
2930 4728 3078 4769 eram
3109 4732 3122 4765 :
3156 4718 3209 4764 et
3236 4723 3379 4761 nunc
3400 4706 3504 4758 Do-

283 4827 392 4881 Ka‘t
418 4826 511 4882 νῦν
530 4826 729 4898 Κύριος
752 4827 952 4897 Κύριος
978 4828 1283 4882 ἁπέσταλκέ
1310 4846 1398 4898 με,
1420 4831 1513 4882 καὶ
1541 4830 1600 4881 τὸ
1628 4797 1823 4898 πνέῦμε

1946 4827 2127 4882 minus
2161 4820 2420 4874 Dominus
2448 4815 2598 4871 misit
2626 4827 2731 4875 me,
2754 4817 2810 4864 et
2832 4806 3055 4877 spiritus
3084 4804 3201 4872 ejus
3229 4801 3291 4852 ’9.
3323 4818 3341 4850 ι
3363 4797 3509 4851 Con-

281 4918 468 4974 αὐτοῦ.
507 4938 526 4971 ι
562 4920 701 4991 Ὅρα
755 4919 819 4988 δὴ
871 4921 962 4973 καὶ
1017 4920 1111 4974 νῦν
1160 4921 1279 4973 τίνα
1327 4921 1525 4991 τρόπον
1567 4923 1595 4973 ό
1641 4922 1839 4991 φήσας,

287 5031 304 5062 ι
359 5012 499 5079 Ἐγώ
523 5013 636 5083 εἰμι
667 5014 695 5065 0
727 5012 960 5083 πρῶτος,
993 5014 1085 5067 καὶ
1118 5014 1226 5082 ἐγώ
1254 5016 1365 5084 εἰμι
1394 5016 1472 5077 είς
1517 5015 1608 5067 τὸν
1650 5015 1839 5075 αἰῶνα,

281 5106 310 5156 0
356 5104 453 5174 τὴν
480 5104 580 5175 γῆν
606 5105 699 5158 καλ⁸
726 5105 814 5157 τὸν
838 5104 1060 5175 οὐρανὸν
1088 5105 1507 5176 συστησάμενος,
1550 5124 1568 5156 ι
1602 5105 1842 5177 ἐναργῶς

280 5195 454 5258 οὕτως
503 5195 833 5249 ἀπεστάλθαι
885 5195 1135 5265 ὁμολογεί
1190 5196 1294 5248 ὑπὸ
1344 5196 1551 5265 Κυρίου
1615 5196 1840 5268 Κυρίου,

280 5285 427 5339 οὕτω
457 5286 546 5339 τὸν
573 5285 789 5358 Πατέρα
835 5286 1075 5358 συνήθως
1108 5287 1187 5350 δὶς
1228 5287 1429 5358 Κύριον
1482 5288 1845 5360 ἀναγορεύων,

283 5377 361 5440 ὡς
391 5376 455 5430 ἂν
482 5378 621 5447 ἔχοις
666 5380 759 5432 καὶ
804 5379 1005 5450 ταύτην
1034 5380 1432 5450 ἀναμφίλεκτον
1470 5380 1560 5433 τοῦ
1587 5378 1850 5451 ζητουμέ-

282 5485 377 5521 νου
404 5468 502 5538 τὴν
537 5470 857 5539 μαρτυρίαν.
894 5470 1114 5541 Πρῶτον
1149 5470 1204 5523 δὲ
1250 5471 1411 5524 αὑτὸν
1452 5471 1527 5533 ὡς
1571 5472 1626 5523 ὲν
1655 5488 1847 5541 γεννη-

282 5564 398 5624 τοῖς
426 5562 662 5624 εὐσεόῶς
689 5559 821 5615 εἶναι
849 5562 1016 5632 λέγει,
1046 5564 1141 5635 τὴν
1175 5563 1405 5634 ἄναρχον
1440 5564 1531 5618 καὶ
1560 5563 1848 5634 ἀγέννητον
1901 5618 1909 5626 ,

361 5695 403 5727 ³²
427 5695 528 5752 lsa.
566 5711 750 5756 sunt.
796 5696 977 5752 1246.

1949 4917 2148 4979 sidera,
2174 4926 2378 4984 quaeso,
2409 4909 2518 4973 hic,
2545 4917 2781 4977 quonam
2815 4898 2975 4955 modo
2996 4896 3086 4965 qui
3117 4892 3253 4984 dixit
3281 4907 3294 4941 :
3337 4907 3356 4940 ι
3396 4886 3507 4957 Ego

1950 5025 2069 5066 sum
2100 5007 2326 5077 primus,
2352 5010 2403 5056 et
2429 5015 2527 5071 ego
2579 5011 2699 5053 sum
2731 4994 2785 5047 in
2817 4999 3099 5049 aeternum,
3153 4983 3246 5053 qui
3304 4988 3507 5035 terrain

1949 5112 2003 5159 et
2029 5072 2223 5156 caelum
2245 5091 2622 5158 condidit,iita
2650 5089 2808 5159 plane
2833 5100 2890 5138 se
2912 5082 3136 5135 missum
3162 5089 3283 5130 esse
3313 5072 3510 5126 fatetur

1949 5210 1979 5249 a
2015 5191 2243 5245 Domino
2277 5186 2526 5241 Domino.
2579 5180 2671 5236 Sic
2698 5177 2845 5232 enim
2873 5173 3089 5227 Patrem
3115 5164 3397 5221 consuevit
3424 5161 3511 5217 bis

1947 5282 2235 5338 Dominum
2258 5276 2549 5348 appellare.
2579 5269 2764 5339 Itaque
2780 5264 2948 5319 habes
2972 5260 3076 5314 hoc
3108 5270 3323 5327 quoque
3352 5253 3510 5348 in-du-

1948 5376 2201 5434 bitatum,
2227 5342 2390 5425 dc‘eo
2422 5365 2488 5420 de
2519 5377 2626 5434 quo
2652 5357 2937 5429 qumritur,
2967 5348 3336 5407 testimonium
3393 5342 3511 5398 Pri-

1949 5481 2097 5521 mum
2127 5477 2254 5518 vero
2282 5460 2431 5515 illum
2466 5456 2551 5509 hic
2585 5452 2718 5506 dicit
2752 5463 2875 5504 esse
2911 5445 3170 5517 propheta
3200 5481 3215 5505 ,
3248 5453 3406 5509 quem
3454 5435 3511 5491 in

1950 5561 2016 5616 iis
2046 5574 2163 5630 qua:
2193 5555 2371 5627 genita
2403 5557 2528 5607 sunt
2568 5546 2653 5616 pie
2698 5542 2830 5601 colit
2856 5560 2870 5596 :
2906 5554 3031 5597 nam
3060 5550 3179 5607 quae
3221 5533 3339 5593 sine
3363 5529 3515 5602 prin-
