3916 6200
397 231 506 292 379

1091 227 1358 283 EUSEBII
1395 220 1873 288 CAESARIENSIS
1894 230 2043 287 OPP.
2079 232 2258 291 PARS
2295 235 2362 292 II.
2399 266 2469 281 —-—
2505 233 2999 292 APOLOGETICA.

3533 233 3640 290 380

399 348 546 420 cipio
569 354 674 412 est,
698 361 923 418 quaeque
947 345 1124 417 genita
1163 362 1271 402 non
1295 357 1400 412 est,
1431 351 1694 415 essentia,
1718 365 1836 406 eam
1881 359 1961 406 atv

2090 355 2154 408 ιαὶ
2179 357 2280 428 τὴν
2305 357 2445 429 ὑπὲρ
2471 357 2532 410 τὸ
2565 357 2777 428 πρῶτον
2803 356 2990 409 οὐσίαν
3021 354 3308 426 ἀπονέμων
3337 352 3412 426 τῷ
3438 353 3620 426 Πατρξ

399 440 591 496 tribuit
623 437 792 491 Patri.
825 435 1066 491 Primum
1098 437 1242 492 enim
1303 438 1357 492 in
1389 441 1574 510 aliquo
1621 441 1826 512 majore
1866 459 1969 498 nu-

399 546 555 603 mero
605 527 896 593 antecedit,
931 537 985 583 et
1021 529 1228 584 honore
1278 538 1440 602 atque
1487 531 1679 588 ordine
1732 534 1974 603 praeponi

403 624 579 679 solet:
610 619 753 690 quod
808 619 1024 688 quidem
1077 621 1393 690 neutiquam
1445 621 1593 677 Patri
1631 624 1964 679 conveniat:

401 728 514 768 non
555 711 700 766 enim
749 725 938 765 eorum
983 726 1106 780 quae
1143 712 1324 782 genita
1356 721 1483 767 sunt
1529 714 1737 783 primus
1771 722 1853 768 est
1883 731 1977 770 su-

402 818 624 876 premus
653 801 824 869 Deus,
861 801 1118 872 quoniam
1153 818 1220 857 ne
1243 804 1562 874 principium
1593 805 1807 876 quidem
1831 807 1975 862 illius

402 895 574 948 ullum
608 894 905 964 excogitari
940 900 1138 963 potest,
1179 894 1273 948 sed
1303 902 1388 950 est
1421 896 1564 950 ultra
1593 897 1851 966 primum,
1877 906 1970 951 ut-

402 990 528 1053 pote
581 981 675 1052 qui
733 981 967 1052 primum
1012 983 1129 1051 ipse
1174 983 1453 1053 genuerit,
1492 992 1656 1054 atque
1713 994 1772 1040 ut
1805 994 1968 1053 esset,

403 1074 592 1129 fecerit
632 1091 646 1127 :
686 1073 1120 1144 quandoquidem
1167 1073 1342 1128 solum
1399 1075 1645 1130 divinum
1693 1075 1970 1140 Verbum,

400 1169 647 1223 omnium
679 1182 868 1224 eorum
891 1183 1012 1237 qua:
1041 1166 1222 1239 genita
1249 1176 1395 1236 sunt,
1417 1169 1650 1239 primum
1675 1168 1799 1239 jure
1830 1185 1973 1224 nun-

401 1273 657 1334 cupatur.
695 1263 828 1319 Cum
856 1279 986 1332 ergo
1014 1272 1348 1334 quaereretur
1397 1263 1452 1318 in
1482 1264 1597 1329 illo,
1630 1284 1648 1316 ‹
1689 1263 1807 1335 Ipse
1833 1264 1971 1320 dixit

400 1366 458 1412 et
493 1355 638 1410 facta
685 1362 833 1420 sunt,
869 1355 984 1424 ipse
1027 1354 1305 1409 mandavit
1345 1362 1399 1410 et
1451 1362 1632 1411 creata
1673 1364 1801 1412 sunt
1832 1358 1902 1422 ⁸ο,
1947 1375 1966 1411 ι

403 1446 624 1498 cuinam
667 1445 1022 1500 creandarum
1056 1459 1239 1498 rerum
1291 1443 1629 1501 mandaverit
1674 1447 1972 1517 Opiﬁcium,

408 1552 555 1591 nunc
590 1537 873 1606 perspicue
905 1537 1329 1592 demonstratum
1373 1544 1490 1603 est,
1540 1537 1685 1608 quod
1727 1539 1976 1594 videlicet

2075 448 2147 500 T6
2187 448 2295 519 γάρ
2318 465 2400 501 τοι
2443 447 2655 520 πρῶτον
2687 445 2918 519 ἀριθμοῦ
2953 445 3197 508 πλείονος
3231 446 3460 514 ἡγεῖται,
3502 445 3640 513 τιμῇ

2072 541 2166 594 καὶ
2196 540 2343 603 τάξει
2375 539 2809 610 προτεταγμένον
2833 555 2846 568 ο
2883 539 3019 609 ὅπερ
3047 536 3148 589 οὐκ
3180 534 3247 589 ἂν
3277 535 3370 589 ἐπὶ
3398 536 3494 590 τοῦ
3519 537 3642 589 Πα-

2070 631 2198 702 τρὸς
2226 632 2513 702 ἁρμόσειεν
2538 648 2550 660 ·
2583 631 2643 684 οὑ
2692 629 2802 700 γάρ
2828 630 2891 700 δὴ
2925 627 3200 698 γεννητῶν
3237 627 3446 698 πρῶτος
3483 630 3512 682 6
3541 625 3644 681 ἐπὶ

2072 722 2289 775 πάντων
2316 721 2469 785 Θεὸς,
2499 721 2621 774 ἐπεὶ
2656 721 2779 791 μηδ’
2821 721 2961 791 ἀρχή
3003 737 3090 784 τις
3121 720 3409 772 ἐπινοεῖται
3435 717 3600 771 αὐτοῦ
3620 732 3637 747 ·

2071 813 2326 866 ἐπέκεινα
2357 813 2400 866 δ’
2427 814 2492 867 ἂν
2524 814 2607 883 εἴη
2637 811 2728 864 καὶ
2757 810 3015 864 ἀνωτάτω
3053 809 3146 863 τοῦ
3177 809 3410 881 πρώτου,
3451 809 3544 862 ac:
3573 807 3644 878 δὴ

2073 900 2235 967 αὐτὸς
2265 904 2358 956 καὶ
2387 903 2449 955 τὸ
2481 901 2692 971 πρῶτον
2739 901 3007 972 γεννήσας
3037 901 3130 953 καὶ
3178 899 3644 970 ὑποστησάμενος,

2075 993 2237 1063 μόνου
2279 991 2374 1046 τοῦ
2419 990 2566 1046 θείου
2594 990 2766 1058 Λόγου
2801 988 3018 1042 πάντων
3045 988 3150 1041 τῶν
3177 987 3382 1057 θνητῶν
3424 985 3650 1057 πρώτου

2071 1083 2517 1156 χρηματίζοντος.
2551 1081 2888 1153 Ζητουμένου
2913 1080 2970 1132 δέ
2993 1080 3122 1152 ἄρα,
3145 1079 3286 1133 κατὰ
3311 1077 3390 1142 τὸ,
3425 1099 3444 1128 ε
3473 1077 3652 1141 Αὐτὸς

2073 1170 2217 1239 εἷπε,
2247 1174 2339 1227 καὶ
2384 1172 2752 1244 ἐγενήθησαν·
2795 1171 2957 1234 αὐτὸς
3003 1169 3320 1234 ἐνετείλατο,
3362 1168 3457 1224 καὶ
3499 1167 3654 1219 ἐκτί-

2075 1267 2300 1338 σθησαν,
2351 1285 2370 1318 ›
2419 1267 2526 1320 τίνι
2572 1265 2670 1336 τὴν
2714 1263 2821 1320 τῶν
2868 1261 3140 1334 γεννητῶν
3188 1260 3499 1318 ἐντέταλται
3553 1258 3653 1331 δη-

2078 1357 2383 1432 μιουργίαν,
2411 1358 2504 1412 νῦν
2532 1357 2718 1427 σαφῶς
2743 1357 3135 1417 ἀποδέδεικται,
3164 1356 3244 1408 ὅτι
3274 1353 3352 1424 τῷ
3382 1353 3650 1424 φήσαντι·

2079 1467 2098 1501 ι
2147 1449 2212 1502 Ἡ
2241 1449 2362 1520 χείρ
2399 1466 2499 1520 μου
2527 1447 2852 1520 ἐθεμελίωσε
2884 1447 2982 1518 τὴν
3015 1446 3140 1516 γῆν,
3170 1445 3264 1503 καὶ
3287 1445 3326 1516 ἡ
3361 1441 3513 1507 δεξιά
3551 1459 3653 1512 μου

2076 1541 2375 1614 ἐστερέωσε
2405 1541 2496 1594 τὸν
2527 1540 2752 1613 οὐρανόν
2772 1557 2787 1572 ο
2825 1559 2844 1592 ι
2890 1539 2948 1604 ὃς
2990 1539 3086 1592 καὶ
3113 1537 3249 1610 πρὸς
3277 1537 3371 1590 τοῦ
3407 1535 3660 1607 κρείττο-

404 1630 459 1683 ei
491 1629 580 1699 qui
613 1629 750 1683 dixit
791 1649 804 1683 :
857 1649 876 1681 ‹
914 1628 1104 1684 Manus
1167 1643 1287 1682 mea
1341 1627 1590 1684 fundavit
1640 1639 1839 1684 terram
1867 1670 1880 1694 ,
1922 1639 1977 1686 et

2090 1650 2168 1697 νος
2193 1633 2528 1687 ἀπεστάλθαι
2568 1632 2819 1711 ὁμολογεῖ
2861 1631 3066 1700 λέγων’
3103 1651 3121 1683 ι
3159 1629 3273 1683 Νῦν
3304 1629 3508 1701 Κύριος
3537 1628 3656 1682 Κύ-

407 1722 597 1786 dextra
631 1735 750 1776 mea
781 1720 1135 1776 consolidavit
1164 1721 1360 1774 cmlum
1390 1741 1406 1772 ι
1428 1721 1521 1790 qui
1557 1721 1718 1776 etiam
1751 1737 1810 1778 se
1829 1720 1978 1776 aPa-

2090 1741 2196 1796 ριος
2234 1723 2541 1776 ἀπέσταλκέ
2579 1698 2683 1794 με,
2708 1698 2802 1775 καὶ
2839 1721 2898 1774 τὸ
2935 1698 3162 1790 πνεῦμα
3188 1717 3374 1772 αὐτοῦ.
3395 1698 3433 1770 τι
3472 1715 3576 1787 Εῑη
3611 1715 3642 1767 δ

408 1822 496 1868 tre
525 1813 748 1869 missum
791 1827 912 1867 esse
945 1810 1230 1866 conﬁtetur
1261 1811 1355 1865 ubi
1407 1812 1517 1865 ait:
1554 1829 1574 1862 ι
1610 1809 1765 1865 Nunc
1795 1809 1978 1865 Domi-

409 1918 516 1958 nus
555 1902 813 1956 Dominus
847 1900 994 1956 misit
1025 1916 1130 1964 me,
1157 1908 1211 1955 et
1239 1901 1466 1972 spiritus
1501 1900 1640 1969 ejus.
1680 1919 1699 1952 ›
1736 1899 1853 1953 Erit
1883 1915 1980 1954 au-

412 2001 520 2049 tem
551 1992 692 2048 Deus
728 1992 957 2048 Verbum
998 1993 1092 2061 qui
1135 1992 1248 2047 hac
1296 1993 1463 2055 dicat,
1495 2010 1515 2043 ι
1551 1991 1770 2062 quando
1802 1989 1978 2047 Verbo

412 2082 627 2138 Domini
657 2083 778 2137 coeli
815 2082 1010 2136 Iirmati
1041 2088 1186 2147 sunt,
1218 2100 1236 2132 ι
1256 2097 1322 2136 ex
1349 2098 1414 2138 eo
1442 2082 1645 2137 Psalmi
1672 2082 1791 2136 loco
1815 2096 1974 2152 quam

412 2190 580 2244 supra
619 2176 1010 2244 apposuimus:
1053 2174 1148 2230 sed
1180 2175 1324 2230 enim
1371 2189 1494 2229 cum
1543 2175 1720 2244 ipsum
1756 2189 1973 2245 quoque

411 2262 509 2318 Dei
542 2261 779 2318 Verbum
799 2305 814 2329 ,
856 2263 1069 2324 Domini
1091 2265 1446 2335 appellatione
1478 2275 1534 2320 ut
1563 2265 1706 2322 Deus
1731 2266 1977 2321 celebre-

411 2363 524 2420 tur,
558 2363 738 2412 tamen
782 2358 959 2426 ipsum
1001 2364 1211 2427 patrem
1237 2357 1523 2412 Dominum
1545 2397 1560 2422 ,
1595 2357 1830 2412 maxima
1857 2372 1982 2412 cum

411 2449 716 2503 reverentia
743 2463 807 2502 ac
845 2450 1044 2518 pietate
1075 2449 1160 2504 bis
1193 2447 1481 2503 Dominum
1510 2449 1781 2519 appellat,
1831 2457 1893 2503 ut
1924 2448 1982 2503 in

412 2551 479 2592 eo
515 2539 826 2594 diversitate
848 2539 1084 2594 nominis
1115 2545 1318 2594 utatur.
1358 2557 1377 2590 ι
1411 2535 1569 2593 Nunc
1603 2556 1622 2588 ι
1656 2537 1838 2603 enim,
1887 2537 1978 2592 in»

413 2629 554 2697 quit,
591 2647 610 2680 ι
642 2628 903 2684 Dominus
934 2628 1218 2697 LDominus
1242 2629 1399 2696 misit
1427 2644 1513 2684 me
1535 2668 1550 2693 ,
1591 2647 1610 2681 ι
1644 2635 1830 2699 utpote
1858 2644 1984 2685 cum

413 2717 578 2774 Pater
600 2728 652 2775 et
674 2719 814 2776 Deus
841 2722 932 2786 sit,
963 2729 1017 2776 et
1049 2733 1154 2777 tam
1185 2721 1271 2777 sui
1306 2720 1572 2791 unigeniti
1610 2718 1792 2785 Verbi,
1819 2735 1981 2792 quam

413 2826 604 2865 eorum
625 2813 887 2877 omnium,
911 2813 1069 2883 232
1093 2828 1213 2883 quae
1235 2815 1327 2868 illo
1353 2813 1624 2882 posterius
1654 2811 1795 2868 facta
1826 2820 1980 2882 sunt,

413 2911 645 2965 quorum
676 2911 798 2950 cum
825 2907 1141 2968 potestatem
1170 2915 1233 2955 ac
1255 2901 1552 2956 dominium
1575 2915 1606 2954 a
1629 2900 1788 2958 Patre
1808 2901 1983 2972 ipsum

3643 1717 3658 1734 9

2080 1817 2146 1871 ἂν
2177 1819 2205 1870 6
2253 1817 2383 1879 Θεὸς
2432 1816 2602 1884 Λόγος
2646 1814 2742 1868 καί⁹
2784 1812 2956 1867 ταῦτα
3004 1812 3247 1882 φάσκων,
3287 1828 3311 1862 ‹
3345 1809 3532 1879 ἐπειδὴ
3579 1808 3661 1878 τῷ

2080 1909 2238 1978 Λόγῳ
2275 1907 2482 1978 Κυρίου
2517 1907 2565 1959 οἰ
2597 1905 2816 1976 οὐρανοὶ
2847 1901 3274 1972 ἐστερεώθησαν,
3318 1920 3337 1953 ›
3373 1899 3518 1953 κατά
3559 1898 3661 1971 τὴν

2079 1999 2188 2052 ἀπὸ
2211 1998 2304 2051 τοῦ
2331 1996 2543 2068 ψαλμοῦ
2577 1995 2898 2067 παράθεσιν.
2936 1993 3080 2065 Πλὴν
3110 1992 3264 2056 ἀλλὰ,
3289 1994 3337 2045 εἰ
3371 1992 3468 2045 καὶ
3493 1990 3663 2055 αὐτὸς

2081 2092 2110 2142 6
2143 2088 2236 2142 τοῦ
2269 2087 2403 2142 Θεοῦ
2434 2087 2604 2156 Λόγος
2646 2089 2712 2157 τῇ
2755 2087 2971 2152 Κύριος
3009 2081 3336 2151 θεολογείται
3383 2095 3662 2153 προσηγο-

2085 2180 2195 2252 ρίᾳ,
2229 2180 2376 2250 ὅμως
2404 2178 2492 2231 τὸν
2517 2175 2776 2231 ἀνωτάτω
2801 2175 2895 2228 καὶ
2920 2173 3203 2243 κρείττονα
3236 2170 3452 2242 Πατέρα
3483 2169 3658 2222 αὐτοῦ

2083 2273 2177 2324 καὶ
2212 2269 2416 2341 Κύριον
2446 2264 2504 2322 εὖ
2539 2267 2683 2340 μάλα
2713 2265 2950 2328 εὐσεϐῶς
2987 2265 3068 2328 δίς
3095 2263 3297 2333 Κύριον
3328 2262 3487 2318 αὑτὸν
3517 2261 3658 2313 ἀνα-

2083 2361 2254 2424 καλεῖ,
2271 2360 2348 2431 τῷ
2373 2360 2611 2432 διαφόρῳ
2634 2349 2914 2430 χρώμενος
2929 2357 3014 2408 ἐπ’
3031 2354 3194 2408 αὐτοῦ
3222 2353 3458 2423 ὀνόματι.
3481 2369 3500 2402 ι
3535 2351 3654 2403 Καὶ

2084 2451 2177 2506 νῦν
2204 2472 2222 2504 ι
2243 2453 2370 2522 γὰρ,
2386 2451 2538 2523 φησὶ,
2577 2469 2595 2500 ι
2619 2449 2820 2520 Κύριος
2843 2447 3044 2518 Κύριος
3071 2442 3376 2498 ἀπέσταλκε
3395 2457 3480 2511 με,
3503 2440 3662 2492 Libo-

2085 2542 2150 2595 ἀν
2180 2543 2382 2613 κυρίως
2415 2543 2568 2604 ὄντος
2596 2540 2688 2594 τοῦ
2724 2540 2816 2592 ἐπὶ
2849 2538 3064 2592 πάντων
3107 2532 3241 2588 Θεοῦ
3275 2530 3511 2603 πρώτου,
3561 2529 3660 2582 καὶ

2084 2630 2297 2702 ἀληθῶς
2327 2630 2531 2701 Κυρίου
2576 2628 2742 2681 αὑτοῦ
2773 2644 2833 2680 τε
2861 2625 2954 2680 τοῦ
2999 2620 3321 2696 μονογενοῦς
3355 2617 3518 2672 αὐτοῦ
3550 2617 3660 2671 Λό-

2083 2739 2203 2793 γου,
2237 2723 2330 2776 καὶ
2355 2722 2462 2774 τῶν
2498 2723 2614 2792 μετ’
2641 2721 2802 2775 αὑτὸν
2830 2716 3099 2789 γεννητῶν
3128 2709 3550 2780 ἀπάντων,,καθ’
3581 2703 3660 2770 ῶν

2083 2815 2351 2888 δευτέρως
2381 2814 2480 2886 τὴν
2511 2813 2704 2883 κυρίαν
2739 2812 2832 2865 καὶ
2861 2807 3174 2862 δεσποτείαν
3215 2804 3494 2877 παράητοῦ
3540 2804 3658 2856 Πα-

2083 2908 2212 2980 τρὸς
2247 2908 2276 2958 ό
2308 2904 2401 2960 τοῦ
2440 2903 2573 2958 Θεοῦ
2617 2903 2788 2970 Λόγος
2836 2900 3250 2971 ἀναδεξάμενος,
3298 2894 3388 2952 οἷα
3433 2899 3659 2968 γνήσιος

415 2986 511 3043 Dei
539 2987 774 3044 Verbum
816 2992 1123 3061 acceperit,
1179 3000 1436 3064 tanquam
1477 2993 1546 3056 is.
1573 2995 1752 3065 quiet
1805 2995 1978 3067 legiti-

2090 2999 2214 3062 Υἰὸς
2239 2998 2330 3052 καὶ
2371 2997 2682 3068 μονογενὴς,
2718 2993 2967 3064 δεύτερος
3007 2990 3229 3056 εἰκότως
3263 2990 3356 3044 καὶ
3388 2989 3552 3054 αὐτὸς
3589 2987 3661 3048 ἂν

416 3094 560 3146 mus,
589 3089 643 3135 et
672 3081 866 3137 unicus
893 3082 1063 3139 Filius
1093 3087 1184 3150 sit,
1220 3087 1412 3141 merito
1444 3089 1606 3142 etiam
1631 3089 1747 3158 ipse
1780 3087 1848 3143 ab
1889 3088 1978 3154 iis,

2090 3061 2322 3154 εὐσεϐῶς
2347 3061 2674 3162 λέρημάτίξοι
2711 3061 2935 3157 Κύριος.

417 3170 510 3239 qui
541 3176 594 3224 et
627 3171 712 3240 pie
743 3178 796 3225 et
831 3172 1082 3244 religiose
1103 3175 1282 3230 colere
1311 3174 1480 3232 Deum
1507 3178 1716 3245 volunt,
1745 3178 1985 3250 appeila-

417 3260 566 3316 bitur
594 3261 880 3320 Dominus.

1015 3377 1242 3435 CAPUT
1283 3378 1394 3434 VII.

402 3489 461 3543 Ἀ
503 3489 707 3545 Genesi.
739 3520 808 3529 —
837 3489 988 3554 Quod
1016 3492 1173 3545 etiam
1216 3495 1480 3548 maximus
1528 3494 1622 3550 Dei
1659 3513 1836 3552 servus
1869 3497 1987 3553 Μο-

490 3577 602 3636 ses,
671 3561 726 3614 in
797 3561 977 3636 mundi
1017 3562 1403 3636 fabricatione,
1473 3568 1708 3636 cognovit
1763 3570 1981 3624 Patrem

493 3629 758 3698 Deumque
799 3629 1047 3694 universi,
1080 3649 1197 3686 cum
1226 3634 1393 3688 altera
1417 3629 1885 3693 cominuuicantem
1905 3639 1981 3694 de

492 3699 714 3772 hominis
734 3701 973 3772 cpi/icio,
1016 3703 1110 3756 hoc
1148 3719 1305 3772 porro
1334 3705 1568 3762 divinum
1613 3724 1722 3763 esse
1765 3709 1984 3764 Verbum

495 3780 616 3824 ante
651 3770 946 3825 didicimus.

497 3968 514 4000 ι
555 3949 620 4003 Et
649 3951 785 4006 dixit
815 3951 956 4008 Deus
980 3952 1297 4008 :Faciamus
1310 3953 1584 4010 hominem
1609 3953 1675 4008 ad
1696 3953 1983 4025 imaginem

419 4058 484 4096 ac
518 4043 922 4098 similitudinem
939 4045 1263 4110 nostram“,
1298 4065 1316 4098 ι
1353 4055 1407 4100 et
1437 4061 1629 4101 rursus
1664 4064 1675 4099 :
1708 4065 1724 4097 ι
1751 4045 1815 4100 Et
1841 4047 1981 4102 dixit

421 4131 586 4202 Deus,
613 4150 720 4188 non
758 4143 841 4190 est
870 4135 1071 4191 bonum
1100 4151 1221 4191 esse
1252 4135 1525 4190 hominem
1571 4136 1744 4191 solum
1767 4177 1782 4200 ,
1818 4136 1985 4193 facia-

420 4241 543 4280 mus
574 4225 649 4278 illi
677 4225 1000 4294 adjutorium
1019 4225 1317 4282 secundum
1343 4226 1518 4296 ipsum
1541 4226 1722 4282 “.sAe
1747 4244 1814 4283 ne
1835 4229 1979 4300 quis-

421 4317 564 4386 piam
597 4316 900 4384 suspicetur
926 4317 1042 4372 haec
1071 4317 1139 4370 ad
1175 4317 1411 4388 Angelos
1453 4317 1596 4372 dicta
1639 4317 1829 4387 fuisse,
1862 4335 1988 4374 con-.

2603 3377 2996 3432 ΚΕΦΑΛΑῙΟΝ
3045 3377 3116 3429 2'-

2097 3497 2239 3552 Ἀπὸ
2271 3495 2382 3568 τῆς
2422 3496 2744 3568 Γενέσεῳᾼς.
2774 3523 2843 3568 -—_-
2878 3490 2966 3568 Ὡς
3017 3487 3114 3568 καὶ
3155 3491 3188 3542 ό
3228 3486 3520 3568 μέγιστος.
3550 3485 3659 3568 ζεῦ

2158 3567 2302 3621 Θεοῦ
2330 3551 2612 3633 ’ρερὰπων
2645 3551 2891 3633 Μῶα-ἦς--
2912 3551 2983 3612 si-
3023 3557 3096 3633 τῇ
3137 3551 3660 3633 κοάμοποιίςι-οἶδε

2155 3637 2385 3703 Πατέρα
2403 3625 2694 3700 ἓιαί-,Θεὸν
2715 3625 3036 3692 neeum,
3067 3625 3658 3695 ἐτέρφίκοινολογού-

2160 3723 2337 3746 ιιιννιγν
2378 3704 2477 3746 ἐπὶ
2510 3701 2584 3746 τνῆ
2625 3701 2731 3746 τοῦ
2777 3699 3090 3746 ἁνθοώπου
3121 3697 3502 3746 δυιιιουογιίαο
3549 3695 3659 3746 τὸν

2150 3697 2337 3776 moi-
2378 3704 2477 3757 ἐπὶ
2510 3697 2584 3770 ei)"
2625 3701 2731 3755 τοῦ
2777 3699 3090 3766 ἀνθρώπου
3121 3697 3502 3767 δημιουργιᾳο
3549 3697 3656 3747 τὸν

2156 3776 2316 3830 θεῖον
2363 3773 2432 3827 δὲ
2481 3775 2674 3843 Λόγον
2727 3769 2946 3824 τοῦτον
2992 3765 3143 3822 εἶναι
3201 3762 3656 3838 προμεμαθήκα-

2149 3863 2288 3916 μεν·
2811 3903 2824 3916 .

2161 3978 2181 4012 ι
2221 3960 2331 4012 Καὶ
2377 3952 2530 4010 εἶπεν
2559 3957 2588 4009 6
2635 3955 2805 4018 Θεόςο
2855 3953 3178 4024 Ποιήσωμεν
3221 3949 3500 4020 ἄνθρωπεν
3534 3951 3656 4003 κατῗ

2087 4051 2269 4107 εἰκόνα
2285 4049 2552 4123 ἡμετέραν
2578 4048 2670 4102 καὶ
2695 4045 2814 4099 καθ’
2840 4044 3116 4116 ὁμοίωσιν·
3140 4062 3158 4095 ι
3181 4043 3273 4096 καὶ
3301 4037 3454 4104 αὖθις
3471 4057 3515 4092 ⁸(
3542 4041 3657 4095 Καὶ

2087 4137 2236 4194 εἶπεν
2278 4142 2306 4192 ὁ
2342 4139 2511 4202 Θεός·
2551 4139 2626 4190 Οὐ
2679 4136 2842 4189 καλὸν
2903 4131 3040 4188 εἶναι
3083 4133 3176 4186 τὸν
3219 4132 3499 4203 ἄνθρωπον
3558 4131 3660 4201 p.6—

2087 4250 2196 4298 νον,
2229 4232 2540 4302 ποιήσωμεν
2570 4227 2716 4298 αὐτῷ
2761 4225 2952 4297 βοηθὸν
2994 4225 3116 4279 κατ’
3161 4224 3339 4279 αὐτόν.
3370 4242 3389 4275 ι
3426 4224 3537 4277 Καί⁵
3571 4224 3662 4281 ἵνα.

2087 4340 2150 4398 γε
2179 4322 2252 4392 μή
2297 4339 2380 4385 τις
2413 4321 2547 4391 πρὸς
2596 4317 2859 4387 ἀγγέλους
2899 4315 3072 4370 ταῦτα
3102 4315 3348 4387 εἰρῆσθαι
3389 4314 3666 4385 νομίσειε,

418 4407 574 4460 tinuo
601 4404 840 4458 declarat
865 4421 987 4460 eum
1013 4405 1100 4460 cui
1127 4407 1452 4478 imperatum
1478 4408 1568 4473 sit,
1594 4424 1703 4464 non
1735 4426 1858 4467 esse
1889 4426 1978 4464 an-

2090 4412 2425 4485 παραχρῆμα
2473 4409 2623 4482 δηλοῖ
2666 4409 2755 4464 τὸν
2805 4406 3228 4477 κεκελευσμένον
3280 4407 3378 4459 οὐκ
3427 4405 3688 4475 ἄγγελον,

418 4497 596 4568 gelum
629 4495 759 4557 Dei.
803 4496 988 4553 dicens
1025 4518 1037 4552 :
1081 4517 1098 4549 ι
1127 4497 1191 4551 Et
1222 4498 1350 4555 fecit
1380 4501 1522 4556 Deus
1562 4501 1858 4558 hominem.
1914 4502 1983 4558 ad

419 4589 704 4660 imaginem
729 4586 823 4643 Dei
851 4588 976 4645 fecit
1002 4590 1172 4644 illum.
1203 4592 1251 4623 “
1291 4612 1310 4644 ι

984 4706 1212 4763 CAPUT
1250 4705 1387 4763 VIII.

417 4813 728 4889 Ab_eadem.
773 4820 843 4855 -+
875 4816 1045 4889 Quod
1094 4819 1296 4889 quidem
1332 4817 1502 4874 Moses
1559 4820 1636 4874 bis
1679 4821 1990 4888 planissime

491 4883 792 5006 Donziinum,
835 4883 946 4942 sine
978 4883 1116 4942 ullis'
1156 4890 1436 4944 involucris
1462 4929 1477 4954 ,
1530 4883 1808 4961 theologice
1841 4908 1982 4944 com-

491 4971 601 5006 men
643 4965 718 5006 at.

489 4965 718 5010 mandat.

495 5065 513 5096 ι
553 5044 646 5101 Sol
674 5055 828 5104 ortus
852 5057 935 5106 est
963 5066 1125 5122 super
1160 5061 1358 5108 terram
1385 5095 1399 5120 ,
1442 5061 1497 5108 et
1547 5052 1646 5108 Lot
1704 5054 1981 5125 ingressus

414 5146 500 5192 est
528 5139 581 5191 in
612 5137 802 5212 Segor,
830 5149 883 5196 et
914 5143 1048 5212 pluit
1094 5144 1358 5202 Dominus
1391 5162 1553 5218 super
1589 5145 1823 5202 Sodoma
1868 5148 1980 5202 sul—

415 5228 505 5283 fur
529 5236 584 5284 et
632 5231 806 5303 ignem
843 5248 872 5287 a
913 5233 1143 5291 Domino
1177 5237 1242 5294 “.
1284 5257 1304 5291 ι
1340 5237 1506 5294 Plane
1562 5239 1646 5295 bis
1694 5237 1980 5294 Dominum

413 5317 682 5384 nominat,
709 5327 764 5376 et
802 5321 929 5377 huic
962 5322 1122 5380 docet
1149 5326 1217 5381 ab
1252 5327 1342 5382 illo
1372 5327 1688 5384 mandatum
1723 5345 1874 5394 esse,
1920 5338 1981 5384 ut

2083 4504 2212 4558 ὄντα
2243 4503 2400 4568 Θεοῦ,
2432 4502 2623 4570 λέγων·
2654 4521 2672 4552 ι
2694 4502 2804 4554 Καὶ
2827 4499 3080 4570 ἐποίησεν
3111 4503 3140 4553 ὁ
3169 4500 3300 4564 Θεὸς
3328 4501 3418 4554 τὸν
3443 4499 3658 4570 ἄνθρω-

2083 4614 2183 4652 πον
2209 4613 2223 4628 ο
2268 4595 2384 4648 κατ’
2416 4593 2598 4648 εἰκόνα
2625 4592 2760 4646 Θεοῦ
2785 4593 3036 4664 ἐποίησεν
3056 4591 3237 4645 αὐτόν.
3279 4610 3298 4644 ι

2607 4707 2998 4763 ΚΕΦΑΛΛΙΟΝ
3042 4709 3125 4760 Π¹.

2101 4823 2232 4877 Ἆπό
2261 4821 2370 4891 τῆς
2393 4819 2602 4888 αὐτῆς.
2624 4851 2693 4859 -
2732 4822 2826 4886 Ὡς
2853 4823 2886 4873 ό
2929 4819 3110 4885 αὐτὸς
3145 4817 3366 4886 Μωσῆς
3404 4821 3513 4874 δύο
3541 4836 3653 4891 σα-

2157 4893 2424 4962 φέστατα
2468 4893 2726 4959 Κυρίους
2773 4891 3264 4957 ἀνεπικαλύπτως
3297 4890 3582 4960 θεολογεῖ.

2163 5067 2184 5101 ι
2224 5048 2280 5102 '0
2317 5047 2468 5120 ἥλιος
2499 5046 2767 5103 ἀνέτειλεν
2795 5048 2887 5101 ἐπὶ
2916 5047 3014 5120 τὴν
3045 5047 3168 5118 γῆν,
3199 5047 3295 5100 καὶ
3321 5046 3445 5099 Λὼτ
3477 5045 3661 5116 εἰσῆλ-

2087 5141 2176 5196 θεν
2221 5143 2300 5206 εἰς
2322 5139 2538 5212 Σηγὼρ,
2573 5140 2666 5192 καὶ
2688 5138 2875 5211 ἔϐρεξε
2913 5137 3119 5210 Κύριος
3160 5139 3251 5190 ἐπὶ
3279 5137 3482 5208 Σόδομα
3513 5135 3660 5191 θεῖον

2086 5236 2179 5289 καὶ
2201 5233 2310 5306 πῦρ
2335 5233 2484 5304 παρά
2507 5232 2730 5304 Κυρίου.
2765 5252 2785 5284 ι
2821 5231 3014 5300 Σαφῶς
3041 5231 3290 5303 δεύτερον
3313 5229 3658 5302 ἀναγορεύει,

2084 5331 2142 5383 ὃν
2170 5331 2263 5383 καὶ
2297 5329 2536 5382 διδάσκει
2566 5325 2714 5398 παρά
2756 5324 2849 5378 τοῦ
2883 5325 3124 5395 μείζονος
3166 5324 3531 5396 ἐπιτραπέντα
3558 5323 3661 5394 τὴν

415 5409 614 5478 impios
648 5413 830 5468 debito
863 5417 1132 5486 supplicio
1176 5418 1370 5476 alliciat
1405 5441 1417 5476 :
1462 5421 1660 5477 etenim
1695 5403 1818 5475 licet
1871 5437 1976 5476 non

2090 5421 2226 5477 κατὰ
2252 5421 2359 5475 τῶν
2406 5419 2617 5474 ἀσεϐῶν
2662 5416 2986 5489 ποιήσασθαι
3031 5417 3318 5489 τιμωρίαν.
3357 5416 3504 5488 Πλὴν
3542 5413 3660 5469 ἀλλ’

413 5504 585 5588 semel
618 5503 906 5562 Dominum
934 5518 1118 5577 aperte
1148 5512 1426 5580 dicamus,
1460 5531 1571 5570 non
1600 5522 1781 5568 tamen
1812 5514 1976 5570 simili

2090 5519 2132 5569 εἰ
2157 5515 2249 5569 καὶ
2275 5513 2367 5567 δύο
2391 5513 2627 5583 Κυρίους
2651 5509 3099 5572 ἀνεπικαλῦπτως
3131 5507 3516 5580 ὁμολογοῦμεν,
3542 5507 3665 5562 ἀλλ’

476 5657 522 5692 δ’
545 5659 696 5720 Psal.
722 5663 988 5728 “111,9.
1066 5667 1106 5698 “
1139 5667 1272 5723 Gen.
1309 5683 1345 5736 ι,
1375 5669 1464 5726 26.
1539 5671 1582 5701 "
1611 5669 1746 5726 Gen.
1779 5685 1841 5737 ιι,
1878 5669 1940 5723 I8

2111 5667 2243 5725 Gen.
2277 5685 2314 5735 ι,
2352 5667 2438 5721 27.
2503 5666 2545 5698 ”
2577 5667 2710 5722 Ccu.
2743 5681 2854 5730 χιχ,
2885 5662 3068 5730 25,24.
