3916 6200
239 276 377 330 381⁷

1180 270 1824 327 DEMONSTBATIONIS
1861 269 2337 326 EVANGELICAE.
2381 266 2506 322 LIB.
2554 267 2612 322 V.

3366 265 3471 321 382

230 391 296 441 οὗ
333 389 429 442 καὶ
467 389 581 451 ταῖς
620 388 835 457 ὁμοίαις
863 388 948 440 ἐπ’
973 387 1299 458 ἀμφοτέροις
1338 386 1595 458 χρώμεθα
1629 385 1783 440 θεολο

1908 385 2109 456 ubique
2138 385 2341 439 utimur
2367 382 2658 453 theologia,
2693 368 2787 435 sed
2822 379 2908 449 pia
2941 376 3204 449 quadam,
3242 392 3307 432 ac
3339 379 3469 431 reli-

230 482 413 548 γίαις’
439 478 674 543 εὐσεϐῶς
712 479 769 531 δὲ
803 482 868 550 τῇ
897 479 1044 543 τάξει
1086 478 1375 550 χρώμενοι,
1401 480 1494 534 τὸν
1528 479 1627 549 μὲν
1666 480 1805 532 ἀνω-

227 572 384 624 τάτω
418 570 632 642 Πατέρα
660 569 754 622 καὶ
779 568 909 622 Θεὸν
935 559 1037 623 καί
1052 570 1275 642 Κύριον,
1304 570 1400 624 καὶ
1423 567 1518 623 τοῦ
1550 570 1801 640 δευτέρου

230 657 439 728 Κύριον
482 659 576 711 καὶ
626 658 757 712 Θεὸν
802 654 939 712 εἶναι
989 659 1421 730 πεπαιδεύμεθα·
1470 659 1560 713 τὸν
1599 659 1656 712 δὲ
1704 658 1799 712 τοῦ

229 750 370 804 Θεοῦ
402 750 594 818 Λόγον,
625 750 716 803 τὸν
742 750 989 822 δεύτερον
1005 751 1229 823 Κύριον,
1252 751 1361 805 τῶν
1389 751 1488 823 μὲν
1518 752 1608 805 ὑπ’
1639 752 1801 805 αὐτὸν

227 842 518 912 δεσπότην,
549 842 648 896 οὐκ
691 843 771 895 ἔτι
813 842 869 896 δὲ
910 844 1110 914 ὁμοίως
1149 842 1367 897 καὶτοῦ
1418 843 1679 915 μείζονος.
1724 844 1797 897 Ού

228 936 345 1005 γὰρ
375 934 465 988 τοῦ
510 935 724 1004 Πατρὸς
766 933 988 1005 Κύριος,
1043 935 1163 989 οὐδὲ
1209 935 1302 990 τοῦ
1333 930 1543 1009 Πατρὸς
1584 936 1734 1001 Θεὸς,
1766 938 1795 989 ὁ

226 1026 365 1090 Θεὸς
393 1026 580 1095 Λόγος,
620 1026 736 1080 ἀλλ’
776 1027 980 1079 ἐκείνου
1012 1027 1109 1097 μὲν
1135 1026 1317 1093 είκὼν,
1360 1028 1454 1082 καὶ
1481 1029 1671 1097 Λόγος,
1701 1030 1796 1082 καὶ

229 1117 418 1185 σοφία,
444 1117 537 1170 καὶ
565 1116 812 1187 δύναμις,
841 1117 949 1171 τῶν
974 1118 1029 1171 δὲ
1061 1120 1175 1190 μετ’
1203 1118 1364 1171 αὑτὸν
1388 1119 1653 1189 δεσπότης
1685 1118 1797 1171 Κύ-

232 1223 369 1276 ριος,
402 1208 495 1264 καὶ
518 1207 681 1271 Θεός·
717 1210 745 1261 ό
774 1208 829 1261 δέ
863 1225 926 1277 γε
959 1208 1145 1281 Πατὴρ
1176 1209 1271 1262 καὶ
1293 1206 1387 1261 τοῦ
1421 1208 1547 1261 Υἱοῦ
1583 1208 1792 1280 Πατὴρ,

226 1298 324 1349 καὶ
366 1297 566 1369 Κύριος
610 1300 704 1353 καὶ
747 1299 895 1361 Θεός.
929 1299 1088 1352 Ὅθεν
1138 1301 1360 1363 είκότως
1410 1298 1793 1371 ἀνατρέχουσιν

224 1388 310 1450 εις
343 1388 469 1458 μίαν
493 1389 665 1462 ἀρχὴν
685 1408 697 1421 ·
732 1392 823 1445 καὶ
848 1394 926 1455 εἰς
954 1392 1049 1445 ἕνα
1074 1392 1206 1445 Θεὸν
1233 1392 1543 1445 συνίσταται
1567 1393 1696 1463 ἡμῖν
1722 1391 1791 1449 τὰ

222 1478 329 1548 τῆς
350 1480 601 1543 εὐσεϐοῦς
634 1480 926 1551 θεολογίας.

1904 477 2057 548 giosa
2086 476 2438 531 distinctione
2470 480 2722 535 utentes,
2756 472 2905 526 illum
2946 470 3161 540 quidem
3201 480 3254 525 et
3299 468 3469 525 Deum

1903 577 1956 623 et
1984 566 2269 621 Dominum
2293 605 2310 631 ,
2352 565 2518 634 hujus
2548 563 2711 617 etiam
2747 561 2962 617 Patrem
2991 576 3114 616 esse
3147 559 3323 616 edocti
3378 579 3471 616 su-

1903 674 2027 714 mus
2055 676 2068 723 ;
2106 658 2250 712 hunc
2273 672 2403 712 vero
2430 656 2632 726 ipsum,
2669 670 2829 724 quem
2860 663 2915 710 et
2970 652 3133 708 Verbi
3178 662 3231 705 et
3258 652 3470 707 Domini

1903 750 2260 823 appellatione
2282 748 2587 821 signiﬁcare
2608 746 3017 809 consuevimus,
3036 761 3223 799 eorum
3250 744 3467 814 quidem

1900 844 1994 916 qui
2020 850 2140 913 post
2157 842 2355 912 ipsum,
2377 849 2429 896 et
2459 841 2561 895 sub
2586 840 2707 909 ipso
2724 847 2871 902 sunt,
2885 852 3006 892 esse
3020 826 3332 899 Dominum,
3350 838 3469 906 ejus

1901 942 2081 991 autem
2102 935 2195 1005 qui
2215 948 2384 991 unum
2413 948 2537 987 cum
2562 931 2682 1001 ipso
2701 938 2808 996 est,
2840 928 3155 999 neutiquam
3177 927 3426 982 similiter
3450 947 3465 983 :

1902 1026 2060 1096 233
2093 1041 2269 1095 neque
2305 1024 2450 1080 enim
2496 1022 2673 1077 Patris
2714 1020 3006 1083 Dominus,
3062 1034 3238 1089 neque
3288 1016 3470 1074 Patris

1901 1117 2065 1181 Deus,
2098 1119 2145 1172 is
2173 1120 2267 1188 qui
2306 1127 2389 1172 est
2444 1114 2586 1171 Deus
2618 1111 2853 1168 Verbum
2881 1152 2897 1176 ,
2942 1111 3034 1167 sed
3068 1112 3212 1165 illius
3252 1111 3468 1181 quidem

1900 1207 2100 1278 imago,
2136 1217 2190 1262 et
2218 1206 2479 1271 Verbum,
2514 1214 2567 1261 et
2601 1204 2900 1275 Sapientia,
2931 1210 2984 1258 et
3014 1203 3190 1257 virtus
3210 1243 3224 1267 ,
3278 1216 3467 1256 eorum

1898 1316 2029 1355 vero
2058 1315 2180 1370 quae
2223 1306 2347 1369 post
2394 1300 2572 1369 ipsum
2635 1297 2970 1351 collocantur
3029 1294 3313 1349 Dominum
3372 1294 3469 1346 ha-

1895 1392 2050 1457 bens,
2104 1401 2159 1448 et
2211 1390 2471 1446 Dominus
2515 1400 2567 1445 et
2604 1389 2747 1445 Deus
2784 1409 2795 1443 :
2841 1389 2930 1443 ille
2963 1403 3091 1443 vero
3120 1402 3242 1442 cum
3270 1394 3323 1441 et
3364 1385 3474 1439 Do-

1894 1485 2094 1548 minus,
2129 1492 2183 1539 et
2212 1484 2353 1538 Deus
2393 1484 2498 1547 sit,
2549 1482 2711 1536 etiam
2767 1488 2921 1550 pater
2954 1488 3039 1534 cst
3075 1478 3271 1548 hujus,
3325 1476 3471 1531 sicut

221 1567 318 1623 hic
354 1570 499 1626 illius
534 1579 615 1627 est
656 1572 844 1628 Filius.
870 1576 1049 1641 Quare
1079 1590 1202 1630 cum
1226 1576 1280 1629 hi
1315 1576 1423 1632 duo
1457 1592 1623 1632 unum
1649 1577 1779 1641 sint,
1820 1578 2014 1633 merito
2070 1592 2136 1632 ea
2188 1592 2310 1646 quae
2367 1576 2436 1630 ad
2471 1575 2781 1646 religiosam
2833 1571 3161 1643 the010giam
3197 1569 3471 1641 pertinent

224 1658 279 1715 in
302 1676 471 1716 unum
500 1664 821 1736 principium
845 1666 1004 1721 nobis
1039 1668 1280 1722 recidunt
1306 1708 1322 1734 ,
1359 1680 1412 1724 et
1444 1669 1499 1723 in
1536 1685 1642 1725 uno
1672 1669 1781 1725 Deo
1818 1670 2143 1726 consistunt.

753 1799 1145 1854 ΚΕΦΑΛΑΙΟΝ
1190 1801 1267 1855 Θ¹.

235 1927 535 2021 Ἀἰξόὶ
560 1931 797 2021 furiis.
823 1933 1018 2021 7:th
1044 2005 1055 2020 Ι
1071 1937 1104 1988 ὁ
1135 1935 1324 2021 αὐτὸς
1365 1938 1663 2021 depasta:
1690 1939 1800 1993 τὸν

291 2000 445 2053 Θεὸν
496 2002 688 2066 Λόγον
712 2000 925 2076 Δὃηλοῖᾲ
956 2004 1235 2076 δεύτερον
1284 2000 1439 2059 Θεὸνί
1465 2008 1561 2059 καὶ
1584 2011 1799 2076 Κύριον

289 2072 854 2159 προξονομιξσμΛέιίον,
901 2074 974 2159 ἐὴ
1015 2075 1325 2159 ἀνθρώπου
1370 2095 1433 2129 τε
1454 2072 1792 2159 ,μορξεῖκαὶ

292 2139 556 2263 irrigari
580 2139 768 2211 ὧέὲθαί
795 2160 858 2197 τε
883 2143 977 2197 καὶ
1001 2139 1357 2214 χρηματίσαι
1383 2139 1507 2212 toi};
1533 2139 1797 2215 ἇτὰλὶιιοῖς

317 2228 545 2279 στίφει.
1560 2238 1565 2243 ’

297 2344 315 2375 ι
368 2324 547 2394 Ὠερθη
578 2324 633 2377 δὲ
661 2324 864 2396 Κύριος
895 2327 973 2397 τῷ
1015 2327 1282 2400 Ἀϐραὰμ,
1309 2331 1400 2383 καὶ
1432 2325 1581 2383 εἶπεν
1610 2331 1757 2403 αὐτῷ
1776 2351 1792 2363 ο

217 2414 307 2484 Τῷ
338 2414 616 2484 σπέρματί
650 2431 740 2467 σου
784 2414 940 2469 δώσω
974 2419 1073 2488 τὴν
1104 2420 1205 2489 γῆν
1233 2419 1460 2491 ταύτην.
1497 2440 1515 2472 ι
1557 2421 1665 2475 Καὶ
1691 2422 1797 2475 πά-

216 2504 300 2557 λιν
320 2521 331 2533 ·
365 2522 384 2554 ι
430 2502 673 2572 Ἐγένετο
698 2503 945 2576 Ἀϐραὰμ
973 2506 1106 2560 ἐτῶν
1130 2509 1476 2579 ἐννενήκοντα
1497 2510 1671 2575 ἐννέα,
1701 2513 1795 2567 καὶ

214 2594 375 2665 ὤφθη
395 2594 596 2667 Κύριος
618 2595 694 2666 τῷ
721 2596 987 2667 Ἀϐραὰμ,
1016 2599 1106 2651 καὶ
1127 2596 1277 2653 εἶπεν
1311 2602 1479 2673 αὐτῷ·
1516 2603 1654 2673 Ἐγώ
1678 2606 1793 2676 είμι

213 2688 416 2750 ὀΘεός.
439 2689 731 2759 Εύαρέστει
761 2690 988 2744 ἐνώπιόν
1034 2709 1156 2763 μου,
1179 2694 1273 2747 καὶ
1301 2696 1451 2762 γίνου
1482 2695 1790 2767 ἄμεμπτος,

213 2780 310 2832 καὶ
324 2779 561 2850 θήσομαι
582 2780 678 2851 τὴν
709 2781 969 2853 διαθήκην
987 2800 1087 2853 μου
1106 2785 1206 2838 ἀνὰ
1226 2786 1387 2856 μέσον
1410 2788 1543 2857 ἐμοῦ
1572 2791 1658 2844 καὶ
1688 2790 1792 2845 ἀνά

216 2872 384 2941 μέσον
397 2890 511 2935 σου,
527 2874 618 2925 καὶ
636 2873 887 2944 πληθυνῶ
902 2892 961 2927 σε
976 2876 1229 2947 σφόδρα.»
1252 2880 1361 2931 Καὶ
1378 2876 1551 2943 αὖθις*
1577 2901 1593 2931 ι
1613 2882 1791 2954 Ὠφθη

213 2963 273 3014 δὲ
304 2963 331 3013 ὁ
356 2963 489 3025 Θεὸς
516 2964 663 3035 αὐτῷ
685 2966 820 3035 πρὸς
857 2970 921 3037 τῇ
954 2967 1072 3038 δρυῒ
1101 2971 1165 3039 τῇ
1202 2970 1464 3041 Μαμϐρῇ,
1484 2972 1789 3045 καθημένου

209 3054 383 3111 αὑτοῦ
428 3057 518 3108 ἐπὶ
545 3058 642 3127 τῆς
673 3057 837 3127 θύρας
874 3062 970 3130 τῆς
1012 3064 1213 3133 σκηνῆς
1236 3064 1396 3118 αὑτοῦ
1428 3067 1784 3139 μεσημϐρίας.

2498 1801 2728 1859 CAPUT
2770 1802 2865 1859 1X.

1897 1940 1974 1995 Ab
2012 1940 2213 1995 eadem.
2238 1972 2309 1979 —
2333 1939 2483 2005 Quod
2529 1940 2667 1993 idem
2701 1939 2867 1993 Deum
2918 1936 3162 2001 Verbum,
3204 1937 3471 2008 signiﬁcat

1969 2010 2135 2064 Deum
2176 2028 2236 2064 ac
2279 2011 2743 2079 Dominumiirius
2785 2012 3111 2063 nominatum
3156 2018 3204 2060 et
3242 2008 3379 2076 quod
3412 2011 3467 2062 in

1968 2083 2189 2135 hominis
2234 2082 2427 2149 forma,
2469 2092 2516 2134 et
2552 2082 2743 2150 ﬁgura,
2783 2083 3028 2150 etgvisnm
3068 2094 3200 2141 esse,
3240 2093 3287 2131 et
3324 2081 3467 2132 anti-

1963 2153 2078 2221 quis
2106 2148 2355 2220 responsa
2384 2148 2604 2205 dedisse
2628 2148 2929 2203 conscribit.

1971 2348 1990 2381 ι
2017 2331 2280 2401 Apparuit
2320 2337 2498 2386 autem
2529 2329 2793 2385 Dominus
2826 2329 3078 2393 Abrahae,
3124 2335 3177 2383 et
3209 2327 3345 2382 dixit
3368 2327 3416 2381 ei
3445 2345 3463 2382 :

1896 2418 2101 2474 Semini
2131 2429 2224 2476 tuo
2256 2420 2397 2474 dabo
2424 2427 2624 2474 terram
2654 2418 2872 2479 hanc“.
2901 2438 2919 2469 ι
2944 2418 3008 2471 Et
3037 2433 3230 2472 rursus
3254 2436 3266 2471 :
3290 2435 3307 2467 ‹
3334 2416 3467 2469 Erat

1894 2510 2168 2565 Abraham
2213 2527 2483 2565 annorum
2532 2512 2830 2580 nonaginta
2865 2524 3080 2575 novem,
3116 2517 3167 2563 et
3212 2508 3466 2578 apparuit

1894 2598 2156 2654 Dominus
2203 2600 2454 2664 Abrahae,
2497 2609 2549 2655 et
2602 2600 2741 2655 dixit
2791 2599 2838 2654 ei
2893 2616 2905 2652 :
2969 2597 3078 2669 Ego
3118 2613 3237 2652 sum
3272 2597 3459 2652 Deus:

1893 2690 2029 2746 bene
2062 2691 2296 2762 placitus
2340 2692 2417 2748 sis
2461 2706 2647 2747 coram
2687 2706 2795 2755 me,
2841 2696 2895 2745 et
2938 2697 3058 2744 esto
3091 2688 3460 2759 inculpabilis,

1893 2792 1946 2838 et
1986 2800 2185 2853 ponam
2232 2791 2619 2840 testamentum
2657 2799 2837 2862 meum
2868 2783 3010 2837 inter
3054 2789 3108 2837 te
3156 2788 3209 2837 et
3256 2798 3364 2851 me,
3406 2789 3464 2836 et

1891 2876 2263 2945 multiplicabo
2310 2885 2365 2932 te
2406 2877 2565 2932 valde
2584 2876 2650 2931 “.
2685 2897 2704 2930 ι
2742 2875 2809 2929 Et
2856 2889 3051 2929 rursus
3090 2894 3104 2929 :
3143 2893 3161 2925 ι
3202 2873 3470 2945 Apparuit

1894 2979 2069 3025 autem
2094 2968 2236 3025 Deus
2270 2970 2320 3025 ei
2348 2969 2489 3039 apud
2520 2984 2780 3040 quercum
2805 2967 3068 3034 Mambre,
3091 2967 3218 3022 dum
3245 2965 3461 3021 sederet

1894 3062 1948 3115 in
1997 3063 2140 3117 ostio
2182 3062 2521 3116 tabernaculi
2551 3062 2658 3125 sui,
2694 3060 2814 3130 ipso
2862 3060 3128 3115 meridie:
3162 3074 3284 3112 cum
3325 3070 3460 3113 vero

223 3144 557 3215 Ἀναβλέψας
592 3149 647 3200 δὲ
679 3154 789 3213 τοῖς
830 3151 1124 3222 ὀφθαλμοῖς
1154 3153 1338 3217 αὑτοῦ,
1380 3150 1484 3207 εἶδε
1506 3173 1519 3185 '
1549 3157 1643 3209 καὶ
1675 3158 1783 3210 ἰδοὺ

1890 3154 2063 3207 oculis
2098 3154 2214 3209 suis
2245 3156 2594 3223 respexisset,
2626 3153 2781 3217 vidit,
2813 3161 2867 3208 et
2898 3168 3027 3208 ecce
3060 3162 3170 3208 tres
3203 3153 3302 3207 viri
3345 3160 3456 3207 ste-

205 3242 363 3306 τρεῖς
386 3238 569 3310 ἄνδρες
593 3242 933 3313 είστήκεισαν
955 3243 1137 3297 ἐπάνω
1156 3245 1339 3299 αὐτοῦ.
1357 3247 1462 3299 Kal.
1486 3247 1605 3301 ἰδὼν
1624 3266 1786 3321 προσ-

208 3330 449 3399 έδραμεν
503 3332 581 3393 είς
623 3333 940 3403 συνάντησιν
978 3336 1159 3399 αὐτοῖς
1198 3336 1305 3389 ἀπὸ
1336 3340 1435 3408 τῆς
1468 3337 1635 3410 θύρας
1687 3341 1784 3411 τῆς

209 3423 437 3492 σκηνῆς,
496 3423 589 3474 καὶ
650 3425 1041 3496 προσεκύνησε.
1084 3447 1102 3477 ι
1142 3429 1250 3482 Καὶ
1310 3429 1436 3501 ἑξῆς
1496 3431 1634 3501 μετὰ
1682 3434 1781 3505 τὴν

207 3512 474 3568 ὀπτασίαν
517 3519 797 3590 ἐπιφέρει’
838 3540 855 3571 ι
896 3521 953 3574 '0
997 3522 1052 3573 δὲ
1117 3524 1327 3595 Κύριοςι
1356 3520 1538 3578 εἶπεΨ
1581 3527 1653 3581 Ού
1706 3530 1779 3601 μὴ

209 3605 402 3675 κρύψω
433 3608 539 3676 ἐγὼ
594 3610 702 3662 ἀπὸ
752 3611 999 3684 Ἀϐραὰμ
1055 3615 1149 3668 τοῦ
1204 3617 1391 3680 παιδός
1440 3635 1540 3688 μου
1587 3618 1624 3672 ἃ
1674 3620 1782 3688 ἐγὼ

210 3696 368 3750 ποιῶ.
414 3698 661 3770 Ἀϐραὰμ
686 3701 742 3754 δὲ
770 3704 1050 3773 γινόμενος
1071 3704 1221 3757 ἔσται
1241 3707 1319 3769 είς
1339 3706 1487 3771 ἔθνος
1519 3714 1660 3780 μέγα
1687 3710 1780 3763 καὶ

208 3784 368 3847 πολὺ,
402 3788 498 3840 καὶ
537 3789 1044 3860 ὲνευλογηθήσονται
1088 3796 1145 3846 ὲν
1172 3795 1319 3866 αύτῷ
1348 3797 1525 3851 πάντα
1552 3798 1623 3851 τὰ
1650 3798 1777 3869 ἔθνη

205 3876 305 3945 τῆς
338 3878 461 3947 γῆς.
508 3898 526 3928 ι
573 3881 680 3932 Καὶ
712 3881 917 3946 τούτοις
948 3880 1100 3948 αὖθις
1127 3885 1364 3955 ἐπιλέγει
1396 3888 1470 3951 ὡς
1508 3890 1636 3961 περὶ
1660 3891 1777 3943 ἐτέ-

211 3984 305 4038 ρου
332 3986 344 3997 ·
385 3988 403 4019 ι
440 3970 622 4040 ᾜδειν
650 3971 776 4042 γὰρ,
812 3974 893 4026 ὃτι
926 3975 1172 4040 συντάξει
1193 3980 1303 4041 τοῖς
1326 3980 1461 4042 υἱοῖς
1485 3978 1652 4033 αὑτοῦ
1684 3981 1779 4035 καλ⁴

204 4061 283 4130 τῷ
320 4062 453 4131 οἴκῳ
484 4064 646 4117 αύτοῦ
681 4065 797 4134 μεθ’
827 4067 1005 4131 αὑτὸν,
1047 4070 1140 4122 καὶ
1175 4070 1464 4138 φυλάξουσι
1503 4073 1601 4135 τὰς
1626 4073 1778 4137 ὁδοὺς

204 4153 436 4224 Κυρίου,
462 4159 633 4208 ποιεῖν
654 4158 994 4230 δικαιοσύνην
1023 4162 1116 4215 καὶ
1149 4163 1348 4234 κρίσιν,
1382 4165 1528 4229 ὅπως
1565 4166 1775 4235 ἐπαγά-

201 4259 275 4315 γῃ
334 4245 535 4315 Κύριος
584 4249 675 4301 ἐπὶ
717 4250 963 4321 Ἀϐραὰμ
1009 4251 1045 4306 ἆ
1098 4253 1324 4325 ἐλάλησε
1366 4256 1501 4327 πρὸς
1538 4258 1717 4311 αὐτόν.
1751 4279 1771 4311 ι

200 4336 245 4388 Τ
250 4335 392 4390 αὔτα
425 4339 582 4403 αύτὸς
608 4342 1017 4412 ἀναγέγραπται
1046 4344 1217 4412 λέγων
1257 4348 1285 4398 ό
1314 4348 1664 4417 χρηματίζων
1696 4349 1775 4421 τῷ

211 4428 465 4500 ’Δϐραὰμ
503 4431 722 4502 Κύριος,
757 4433 942 4504 ἕτερον
977 4435 1179 4505 Κύριον
1223 4439 1529 4508 ὁμολογῶν,
1572 4440 1774 4512 δηλαδὴ

1883 3254 2062 3301 terant
2109 3261 2273 3315 supra
2322 3261 2444 3300 eum
2473 3264 2488 3302 τ
2521 3253 2575 3300 et
2620 3261 2746 3300 cum
2789 3245 3020 3301 vidisset
3072 3245 3312 3298 accurrit
3348 3245 3451 3299 ob-

1883 3339 2024 3392 viam
2055 3337 2185 3401 illis,
2219 3337 2288 3391 ab
2319 3338 2458 3392 ostio
2484 3338 2844 3401 tabernaculi,
2880 3345 2933 3392 et
2966 3335 3295 3390 adoravit".
3327 3353 3345 3386 ι
3372 3337 3457 3389 Ac

1882 3429 2136 3500 deinceps
2162 3438 2282 3499 post
2307 3427 2573 3485 visionem
2601 3428 2844 3499 adjungit
2869 3447 2881 3482 :
2920 3447 2939 3479 ι
2976 3428 3238 3483 Dominus
3268 3433 3447 3480 autem

1880 3521 2037 3585 dixit,
2070 3536 2178 3573 non
2210 3520 2398 3575 celabo
2424 3534 2525 3589 ego
2551 3519 2826 3573 Abraham
2867 3536 3095 3590 puerum
3122 3536 3299 3575 meum
3331 3534 3452 3590 quae

1882 3612 2040 3667 facio.
2074 3612 2346 3667 Abraham
2373 3626 2502 3667 vero
2540 3625 2664 3665 cum
2706 3611 2796 3675 sit,
2826 3611 2933 3665 erit
2981 3611 3037 3666 in
3067 3620 3279 3683 gentem
3336 3626 3457 3665 ma-

1881 3719 2038 3775 gnam
2095 3713 2149 3759 et
2187 3704 2409 3757 multam
2444 3714 2534 3758 :ct
2583 3702 2976 3757 benedicentur
3041 3703 3097 3756 in
3149 3719 3214 3757 eo
3259 3718 3453 3756 omnes

1879 3802 2065 3864 gentes
2111 3793 2351 3848 terrae“.
2390 3813 2409 3845 ι
2448 3793 2624 3863 Atque
2673 3792 2758 3847 his
2806 3806 3001 3846 rursus
3043 3791 3288 3862 adjungit
3327 3800 3450 3844 tan-

1880 3902 2040 3956 quam
2074 3886 2141 3942 de
2174 3887 2381 3940 altero:
2414 3904 2433 3936 ι
2462 3884 2595 3939 Novi
2632 3884 2776 3938 enim
2807 3883 2950 3953 quod
2983 3884 3281 3938 constituet
3320 3882 3449 3936 ﬁliis

1879 3981 2017 4044 suis.
2041 3987 2095 4034 et
2120 3980 2304 4034 domui
2333 3994 2464 4045 sum,
2506 3985 2555 4033 et
2594 3978 2908 4033 custodicnt
2938 3976 3057 4034 vias
3086 3976 3324 4041 Domini,
3362 3975 3446 4029 fa-

1879 4087 2003 4127 cere
2028 4071 2297 4141 justitiam
2323 4079 2377 4127 et
2406 4070 2692 4142 judicium,
2732 4076 2789 4124 ut
2815 4068 3037 4124 inducat
3065 4068 3325 4125 Dominus
3350 4082 3449 4123 su-

1878 4180 1976 4235 per
2037 4164 2311 4217 Abraham
2374 4178 2495 4233 quze
2554 4162 2774 4217 locutus
2828 4169 2914 4218 est
2986 4163 3052 4217 ad
3124 4163 3273 4216 illum
3313 4164 3378 4219 δ’.
3419 4181 3441 4214 ι

1878 4256 2040 4328 234
2060 4255 2158 4311 Hic
2205 4256 2364 4325 plane
2397 4256 2660 4325 scriptum
2704 4263 2808 4319 est,
2846 4270 2969 4310 cum
3014 4253 3301 4310 Dominum
3340 4256 3435 4326 qui

1876 4349 2109 4402 Abrahae
2136 4346 2521 4416 respondebat,
2551 4347 2667 4401 hmc
2693 4345 2900 4409 dicere,
2930 4345 3025 4399 ubi
3058 4344 3309 4400 videlicet
3338 4344 3449 4399 Do-

1877 4440 2083 4499 minum
2137 4438 2428 4493 conﬁtetur
2485 4437 2705 4492 Patrem
2760 4452 2942 4502 suum,
2994 4443 3048 4492 et
3095 4437 3445 4493 Conditorem

196 4523 294 4577 τὸν
348 4525 512 4577 αὑτοῦ
559 4526 795 4598 Πατέρα,
835 4530 930 4581 καὶ
972 4530 1196 4601 ποιητὴν
1231 4531 1322 4583 τοῦ
1353 4534 1571 4596 παντός.
1608 4535 1674 4588 Ὅ
1709 4552 1773 4603 γε

1890 4532 2117 4586 universi
2158 4532 2314 4602 :ipse
2354 4539 2536 4586 tamen
2588 4531 2883 4596 Abraham,
2932 4531 3100 4586 veluti
3155 4532 3441 4601 propheta,

200 4619 312 4688 μὴν
352 4618 619 4690 Ἀϐραὰμ,
656 4616 741 4673 οἷα
769 4624 1052 4694 προφήτης
1080 4622 1380 4693 κατάληψιν
1400 4623 1535 4694 ἔχων
1568 4624 1768 4697 ἀκριϐῆ

194 4709 293 4760 τοῦ
320 4712 763 4781 χρηματίζοντος,
794 4713 921 4784 ἑξῆς
946 4717 1058 4776 τοῖς
1081 4715 1451 4786 προεκτεθεῖσι
1487 4719 1768 4771 ποτνιᾶται

194 4798 372 4866 λέγων
393 4819 404 4837 ν
443 4824 460 4853 ι
498 4804 605 4856 Καὶ
634 4804 706 4875 μὴ
735 4806 1101 4878 συναπολέσης
1133 4806 1338 4861 δίκαιον
1371 4808 1487 4878 μετ’
1516 4808 1764 4873 ἀσεϐοῦς,

194 4890 290 4941 καὶ
320 4889 471 4943 ἔσται
502 4894 529 4943 ό
561 4893 766 4957 δίκαιος
790 4895 865 4956 ὡς
895 4895 1112 4966 ἀσεϐής.
1162 4896 1283 4949 Ἐὰν
1304 4891 1405 4950 ὦσι
1432 4899 1767 4968 πεντήκοντα

191 4980 391 5034 δίκαιοι
408 4984 463 5033 ὲν
488 4987 551 5053 τῇ
570 4984 740 5048 πόλει,
773 4986 991 5049 ἀπολεῖς
1019 4988 1246 5052 αὐτούς;
1274 4988 1372 5040 οὐκ
1392 4989 1611 5058 ἀνήσεις
1633 4988 1767 5043 πάν-

191 5086 262 5121 τα
296 5072 389 5124 τὸν
420 5074 583 5127 τόπον
616 5076 799 5129 ἕνεκεν
837 5078 946 5130 τῶν
996 5081 1327 5150 πεντήκοντα
1356 5078 1611 5144 δικαίων;
1642 5082 1764 5152 Μη-

188 5162 380 5234 δαμῶς
407 5165 469 5217 σὺ
501 5169 745 5239 ποιήσεις
773 5170 834 5222 τὸ
865 5170 1012 5241 ῥῆμα
1041 5170 1216 5235 τοῦτο,
1241 5172 1333 5225 τοῦ
1362 5173 1671 5225 ἀποκτεῖναι
1695 5172 1769 5225 δί-

188 5273 348 5310 καιον
379 5260 513 5328 μετὰ
534 5260 780 5325 ἀσεϐοῦς,
814 5262 908 5315 καὶ
930 5263 1080 5315 ἔσται
1105 5266 1133 5316 ό
1163 5264 1366 5327 δίκαιος
1385 5265 1460 5328 ὡς
1486 5266 1515 5317 ὁ
1541 5264 1759 5336 ἀσεϐής·

191 5349 479 5419 μηδαμῶς-ι
512 5353 541 5403 ὁ
566 5354 763 5424 κρίνων
786 5357 964 5409 πᾶσαν
999 5355 1097 5427 τὴν
1120 5357 1242 5427 γῆν,
1272 5358 1333 5409 ού
1367 5359 1611 5429 ποιήσεις
1646 5357 1765 5427 κρί-

190 5457 313 5504 om;
349 5460 367 5492 ι
412 5443 681 5511 Ἀγγέλοις
723 5446 786 5517 δὴ
816 5448 1043 5516 φάσκειν
1065 5448 1255 5513 ταῦτα,
1309 5450 1342 5521 ἡ
1381 5466 1485 5502 τινι
1524 5449 1635 5502 τῶν
1666 5448 1759 5501 τοῦ

188 5532 323 5587 Θεοῦ
372 5534 713 5606 λειτουργῶν,
758 5541 855 5611 οὐχ
907 5540 1146 5611 ἡγοῦμαι
1182 5541 1429 5610 λέγεσθαι
1463 5541 1755 5613 ἁρμόζεινο

1874 4625 2213 4693 exploratam
2240 4630 2294 4678 et
2322 4635 2527 4679 certam
2563 4624 2683 4693 ejus
2715 4624 2809 4694 qui
2842 4623 3203 4694 respondebat
3235 4622 3445 4692 cogita-

1872 4718 2074 4772 tionem
2100 4716 2329 4781 habens,
2360 4716 2620 4787 deinceps
2650 4732 2774 4771 cum
2807 4715 3155 4771 veneratione
3198 4730 3313 4777 eos,
3345 4714 3440 4784 qui

1872 4817 1999 4865 ante
2037 4810 2270 4879 expositi
2316 4817 2466 4873 sunt,
2514 4818 2654 4874 orat,
2708 4810 2933 4864 dicens:
2963 4828 2981 4860 ι
3014 4808 3092 4863 Ne
3130 4808 3327 4878 perdas
3350 4808 3442 4874 ju-

1872 4909 2016 4957 stum
2066 4902 2229 4957 simul
2274 4917 2399 4955 cum
2446 4902 2636 4971 impio,
2671 4911 2725 4955 et
2774 4903 2877 4957 erit
2901 4901 3085 4971 justus
3136 4899 3292 4969 quasi
3334 4900 3439 4951 im-

1870 4992 2016 5061 pius.
2047 4990 2104 5046 Si
2141 4992 2251 5048 sint
2278 4993 2673 5062 quinquaginta
2699 4992 2835 5061 justi
2870 4992 2923 5045 in
2967 4991 3209 5055 civitate,
3240 4991 3435 5059 perdes

1870 5084 2002 5138 eos?
2032 5099 2211 5138 nonne
2248 5084 2489 5138 dimittes
2517 5099 2731 5138 omnem
2781 5085 2981 5145 locum,
3014 5090 3234 5153 propter
3272 5081 3436 5151 quin-

1875 5175 2133 5245 quaginta
2159 5174 2736 5245 justos?Nequaquam
2773 5181 2828 5228 tu
2862 5174 3028 5229 facies
3058 5173 3282 5227 verbum
3306 5174 3430 5237 hoc,

1869 5274 1931 5319 ut
1978 5267 2276 5321 interﬁcias
2306 5267 2515 5336 justum
2579 5282 2701 5321 eum
2751 5265 2948 5335 impio,
2999 5270 3052 5318 et
3101 5264 3205 5317 erit
3249 5264 3433 5333 justus

1867 5358 2024 5427 quasi
2075 5358 2306 5427 impius;
2332 5374 2712 5429 nequaquam:
2746 5358 2838 5427 qui
2865 5356 3083 5425 judicas
3117 5356 3430 5412 universam

1866 5458 2067 5503 terram
2091 5490 2105 5514 ,
2154 5466 2265 5504 non
2314 5451 2481 5507 facies
2521 5450 2786 5519 judicium
2812 5449 2899 5501 I‘°?
2931 5467 2948 5499 ι
2984 5448 3154 5502 Porro
3198 5448 3312 5503 haec
3363 5446 3432 5500 ad

1869 5541 2112 5611 angelos,
2143 5551 2235 5594 aut
2282 5542 2347 5595 ad
2390 5543 2700 5613 quempiam
2747 5557 2815 5596 ex
2852 5540 2947 5594 Dei
2990 5539 3259 5595 ministris
3289 5539 3439 5597 dicta.

248 5720 293 5751 “
322 5718 455 5776 Gen.
486 5738 580 5791 xu,
616 5723 662 5778 7.
732 5724 773 5756 ‘5
800 5724 932 5781 Gen.
971 5741 1102 5794 xvn,
1138 5725 1247 5799 1,2.
1311 5727 1352 5759 ³⁷
1378 5727 1511 5784 Gen.
1546 5742 1698 5795 xvm,
1728 5728 1769 5793 l,

1908 5729 1951 5762 ιε
1984 5730 2091 5785 ibid
2154 5730 2345 5797 l7,l8.
2424 5731 2635 5791 “ibid.
2676 5739 2775 5800 ω.
2846 5726 3264 5794 “manus.
