3916 6200
407 250 515 310 383

1087 249 1354 308 EUSEBII
1393 251 1865 312 CESARIEN‘SIS
1896 255 2048 314 OPP.
2087 256 2268 313 PARS
2304 255 2369 312 ll.
2407 288 2476 299 --
2511 237 3025 319 APOLOGETICA.‘

3530 261 3642 317 38‘

408 387 556 436 esse,
595 379 961 429 consentanee
988 370 1095 428 dici
1124 389 1236 430 non
1265 375 1536 434 arbitror:
1558 393 1669 435 non
1699 381 1847 436 enim
1876 397 1975 437 cu-

2095 383 2193 437 ιύδὲ
2225 382 2334 453 γὰρ
2373 379 2468 436 τοῦ
2507 382 2758 452 τυχόντος
2797 381 2862 436 ἂν
2896 381 2980 454 εἴη
3021 381 3080 435 τὸ
3107 382 3310 454 κρίνειν
3343 383 3524 435 πᾶσαν
3544 381 3650 454 τὴν

409 462 634 536 juslibet
673 463 789 527 sit;
808 462 1057 532 judicare
1101 472 1308 521 terram
1357 470 1694 528 universam.
1724 471 1832 529 Sed
1873 491 1974 531 nec

415 555 640 628 angelus
667 553 888 625 quidem
909 562 994 611 est
1021 557 1357 626 nominatus,
1386 576 1548 632 quem
1573 565 1823 635 superior
1839 567 1978 622 scri-

415 657 574 720 ptura
603 639 894 718 signiﬁcat,
927 663 1118 704 verum
1146 650 1289 708 alius
1319 654 1589 725 quispiam
1619 659 1811 730 angelo
1838 675 1978 730 pra!-

415 739 667 804 stantior,
698 737 843 795 Deus
871 739 1062 811 utique
1091 756 1156 798 ac
1176 741 1461 812 Dominus,
1492 747 1732 818 quicum
1761 749 1977 808 duobus

415 830 624 902 angelis
680 830 737 884 in
793 829 970 886 forma
1023 832 1262 890 hominis
1287 873 1302 900 ,
1356 836 1426 891 ad
1491 852 1658 908 supra
1717 840 1975 911 scriptam

415 936 678 994 quercum
725 929 810 978 est
850 922 1022 981 visus.
1058 922 1330 983 Praeterea
1379 943 1449 984 ne
1492 927 1710 986 Patrem
1757 933 1978 1003 quidem

417 1014 586 1070 Deum
613 1013 761 1070 hunc
803 1013 974 1072 fuisse
1006 1017 1309 1087 putandum
1334 1026 1439 1085 est,
1467 1021 1562 1092 qui
1601 1021 1977 1094 hujuscemodi

415 1109 596 1165 verbis
627 1108 899 1166 indicatur
924 1130 940 1168 :
973 1111 1154 1168 dicere
1178 1115 1346 1178 enim,
1393 1115 1449 1171 id
1488 1119 1685 1173 mutari
1716 1119 1861 1190 quod
1891 1119 1977 1174 di-

413 1199 603 1254 vinum
639 1207 745 1266 est,
769 1208 824 1256 et
857 1200 1077 1273 ﬁgurari
1100 1203 1156 1258 in
1189 1204 1425 1274 speciem
1457 1221 1520 1262 ac
1547 1206 1774 1262 formam
1806 1209 1980 1264 homi-

415 1291 523 1357 nis,
550 1292 867 1363 neutiquam
903 1295 1051 1365 pium
1087 1304 1191 1352 est.
1223 1295 1486 1369 Superest
1514 1298 1682 1370 igitur
1715 1308 1775 1355 ut
1805 1300 1978 1356 conii-

418 1390 632 1438 teamur
664 1385 816 1440 illum
855 1387 1026 1444 fuisse
1052 1387 1145 1445 Dei
1180 1388 1438 1456 Verbum,
1475 1391 1622 1462 quod
1663 1407 1694 1447 a
1737 1394 1897 1450 nobis
1924 1395 1982 1450 iu

419 1474 488 1530 iis
517 1491 639 1546 qua:
673 1480 906 1535 antehac
954 1483 1158 1552 scripta
1199 1483 1392 1550 habes,
1430 1482 1525 1541 Dei
1573 1488 1794 1543 nomine
1835 1489 1981 1543 cele-

2075 471 2199 543 γῆν.
2245 471 2382 527 Ἀλλ’
2424 471 2532 524 οὐδ’
2571 471 2799 539 ἄγγελος
2833 473 2862 525 6
2899 473 3238 543 προγραφεὶς
3263 472 3644 544 ἀνηγόρευται,

2077 565 2338 636 κρείττων
2383 564 2439 617 δέ
2479 581 2562 627 τις
2595 563 2826 632 ἀγγέλου
2860 562 2993 626 Θεὸς
3033 563 3129 618 κα)⁸
3160 563 3381 635 Κύριος,
3407 564 3546 634 πρὸς
3573 566 3645 638 τῇ

2076 655 2538 730 ἀναγεγραμμένῃ
2563 654 2683 728 δρυῖ
2709 654 2846 726 μετὰ
2879 654 2990 706 τῶν
3017 654 3161 708 δυεῖν
3186 655 3428 725 ἀγγέλων
3454 661 3510 710 ἐν
3539 659 3647 710 ἀν-

2077 748 2294 821 θρώπου
2330 750 2564 820 σχήματι
2599 747 2830 820 ὁραθείς.
2864 746 3030 800 Πάλιν
3059 765 3122 816 γε
3149 746 3254 818 μὴν
3277 748 3397 803 οὐδὲ
3426 747 3512 803 τὸν
3544 749 3646 804 ἐπὶ

2078 842 2296 894 πάντων
2335 841 2468 894 Θεὸν
2497 840 2732 912 ἡγητέον
2769 837 2872 893 διὰ·
2892 839 3096 892 τούτων
3125 839 3445 910 δηλοῦσθαιο
3478 859 3650 912 μετα»

2077 931 2289 985 ϐάλλειν
2329 933 2438 1002 γὰρ
2469 932 2631 1002 φάναι
2675 931 2737 984 τὸ
2774 931 2936 997 θεῖον,
2971 932 3064 986 καὶ
3090 932 3522 1002 χρηματίζεσθαι
3564 935 3647 997 εις

2077 1022 2266 1094 ἀνδρὸς
2299 1017 2435 1086 εἶδος
2487 1024 2580 1076 καὶ
2625 1023 2857 1094 μορφὴν,
2902 1021 3000 1076 οὐκ
3031 1022 3245 1090 εὐαγές.
3295 1021 3648 1095 Λεὶπεταιδὴ

2077 1113 2237 1166 αὐτὸν
2267 1111 2406 1166 εἶναι
2435 1111 2526 1166 τὸν
2543 1110 2638 1165 τοῦ
2670 1111 2804 1164 Θεοῦ
2837 1111 3028 1179 Λόγον,
3047 1111 3138 1164 τὸν
3163 1110 3253 1164 διὰ
3279 1111 3388 1164 τῶν
3409 1112 3649 1183 πρόσθεν

2076 1204 2540 1276 τεθεολογημένον,
2571 1202 2869 1274 ὁμολογεῖν.
2899 1202 3064 1256 ’Ὅθεν
3088 1203 3259 1258 εἰσέτι
3305 1205 3398 1256 καὶ
3421 1203 3517 1258 νῦν
3541 1221 3648 1258 πα-

2083 1296 2150 1368 ρὰ
2178 1299 2290 1360 τοῖς
2321 1295 2730 1368 πλησιοχώροις,
2771 1294 2919 1348 ώσὰν
2962 1294 3104 1358 θεῖος
3135 1297 3164 1348 6
3193 1295 3355 1358 τόπος
3379 1296 3460 1358 εις
3481 1295 3650 1366 τιμὴν

2077 1387 2187 1441 τῶν
2235 1387 2420 1441 αὐτόθι
2464 1387 2542 1458 τῷ
2585 1385 2832 1458 Ἀϐραὰμ
2866 1385 3234 1455 ἐπιφανέντων
3263 1384 3649 1456 θρησκεύεται,

2080 1479 2171 1532 καὶ
2191 1477 2472 1550 θεωρεῖται
2506 1495 2569 1546 γε
2598 1479 2678 1540 εἰς
2709 1475 2868 1550 δεῦρο
2890 1476 3215 1548 διαμένουσα
3245 1477 3276 1546 ἡ
3303 1476 3649 1546 τερέϐινθος·

421 1565 633 1620 bratum
666 1577 750 1625 est
781 1589 794 1624 :
825 1585 932 1641 qua
967 1572 1035 1628 de
1064 1588 1231 1631 causa
1259 1574 1422 1630 hodie
1448 1591 1666 1647 quoque
1699 1592 1728 1633 a
1760 1578 1978 1646 vicinis,

2095 1573 2127 1624 ii
2157 1569 2265 1642 γὰρ
2297 1569 2374 1641 τῷ
2409 1568 2656 1642 Ἀϐραὰμ
2688 1567 3119 1634 ὲπιξενωθέντες,
3147 1568 3239 1620 ἐπὶ
3268 1567 3491 1638 Γραφῆς
3525 1567 3652 1619 ἀνα-

419 1664 474 1709 et
501 1655 555 1710 in
600 1660 850 1728 proximo
892 1661 1290 1730 habitantibus,
1322 1665 1480 1736 quasi
1513 1665 1732 1724 divinus
1760 1668 1978 1735 colitur,

2095 1663 2338 1733 ιεὶμενοι,
2373 1659 2465 1712 δύο
2507 1660 2604 1732 μὲν
2646 1659 3002 1731 ἑκατέρωθεν,
3048 1659 3209 1730 μέσος
3246 1659 3303 1713 δὲ
3334 1657 3652 1730 ὁκρείττων

422 1759 583 1820 atque
606 1751 930 1809 observatur
970 1757 1018 1812 is
1062 1757 1238 1823 locus,
1267 1757 1492 1815 honoris
1527 1759 1750 1815 illorum
1808 1761 1980 1828 gratia

2095 1753 2362 1824 ὅπερέχων
2389 1754 2456 1822 τῇ
2484 1754 2633 1822 τιμῇ.
2659 1751 2756 1821 Εἴη
2785 1751 2829 1804 δ’
2851 1749 2916 1804 ἂν
2940 1751 2969 1803 6
2993 1749 3356 1822 δεδηλωμένος
3375 1751 3506 1819 ἡμῖν
3532 1748 3651 1802 Κύ-

420 1841 513 1908 qui
535 1839 766 1896 Abrahze
796 1842 849 1897 in
881 1843 974 1900 illo
1001 1847 1104 1901 visi
1133 1857 1262 1901 sunt
1288 1840 1306 1914 ξ
1333 1855 1494 1918 atque
1518 1849 1678 1903 etiam
1709 1865 1856 1905 nunc
1880 1851 1984 1905 ibiu

2095 1861 2202 1915 ριος
2230 1843 2406 1906 αὐτὸς,
2441 1845 2469 1895 6
2490 1841 2750 1914 ἡμέτερος
2775 1841 2983 1912 Σωτὴρ,
3006 1841 3065 1894 ὃν
3092 1841 3184 1893 καὶ
3207 1841 3256 1892 οἱ
3286 1839 3530 1908 ἀγνῶτες
3575 1837 3651 1909 (Ι)

421 1929 542 1985 dem
570 1947 894 2001 permanens
931 1937 1277 1993 terebinthus
1303 1939 1642 2010 conspicitur
1675 1957 1690 1994 :
1720 1941 1814 2010 qui
1836 1941 1982 1996 enim

2095 1935 2321 1998 σέϐουσι,
2349 1933 2417 1986 τά
2441 1933 2558 1987 θεῖα
2585 1934 2739 2002 λόγια
2765 1932 3130 2003 πιστούμενοι.
3165 1926 3329 1995 Οὗτος
3361 1927 3528 1985 δὲοῦν
3560 1933 3656 1986 αύ-

423 2020 492 2074 ab
523 2021 796 2079 Abraham
834 2026 1070 2096 hospitio
1095 2029 1356 2099 suscepﬂ'
1365 2039 1515 2093 sunt,
1553 2041 1612 2086 ut
1637 2031 1800 2086 habet
1830 2030 1982 2086 Scri-

2095 2027 2195 2092 τὺς,
2230 2027 2286 2095 ἐξ
2316 2029 2518 2082 ἐκείνου
2563 2027 2629 2080 τά
2657 2027 2752 2097 τῆς
2785 2025 3060 2089 εὐσεϐείας
3096 2025 3382 2096 σπέρματα
3426 2025 3508 2088 εἱς
3558 2024 3654 2078 ἀν-

421 2117 602 2180 ptura,
653 2115 1032 2172 recumbentes
1071 2125 1226 2172 erant
1275 2119 1383 2174 duo
1431 2119 1650 2190 quidem
1703 2122 1980 2193 utrinque,

2095 2119 2334 2191 Βρώπους
2379 2117 2864 2189 καταϐαλλόμενος,
2916 2116 3246 2188 ἀνθρώπειον
3279 2116 3475 2180 ὑποδὺς
3515 2111 3656 2179 εἶδός

422 2202 634 2258 medius
673 2215 854 2262 autem
903 2209 1280 2274 excellentior,
1325 2219 1380 2268 et
1408 2213 1501 2282 qui
1549 2214 1788 2284 reliquos
1835 2222 1985 2270 ante-

2095 2228 2148 2264 τε
2195 2212 2287 2263 καὶ
2317 2211 2519 2281 σχῆμα,
2552 2211 2628 2280 τῷ
2655 2211 2890 2280 θεοφιλεῖ
2916 2210 3214 2280 προπάτορι
3257 2209 3518 2280 Ἀϐραὰμ,
3555 2209 3652 2260 ὃσ-

422 2295 544 2354 iret.
587 2296 688 2353 Hic
727 2315 856 2355 vero
907 2302 978 2356 sit
1021 2303 1180 2372 plane
1216 2303 1284 2369 is,
1321 2302 1387 2358 de
1428 2321 1538 2375 quo
1565 2305 1824 2370 diximus,
1867 2305 1984 2375 ipse

2095 2319 2170 2364 τις
2193 2300 2298 2370 εἴη,
2315 2301 2473 2354 αὑτὸν
2500 2301 2742 2371 ἐξέφηνε,
2758 2299 2852 2353 καὶ
2867 2299 2964 2370 τὴν
2983 2298 3077 2352 τοῦ
3100 2299 3308 2371 Πατρὸς
3334 2297 3488 2352 αὑτοῦ
3509 2315 3652 2371 παρ-

425 2386 611 2458 utique
655 2387 919 2447 Dominus
964 2407 1028 2446 ac
1069 2392 1322 2447 Salvator
1360 2402 1570 2460 noster,
1605 2411 1764 2466 quem
1816 2395 1980 2450 etiam

2095 2392 2252 2446 εδίδου
2283 2391 2504 2465 γνώμην

422 2482 726 2552 pertinaces
762 2491 817 2540 et
847 2485 1132 2551 increduli,
1184 2486 1367 2541 divina
1409 2489 1630 2542 oracula
1663 2490 2074 2550 conlirmantes.
2104 2495 2432 2543 venerantur
2465 2506 2479 2543 :
2515 2487 2603 2542 hic
2633 2489 2748 2558 ipse
2788 2489 2950 2560 igitur
2988 2505 3051 2544 ex
3124 2487 3237 2552 illo,
3305 2489 3518 2558 pietatis
3575 2487 3660 2555 ja-

423 2577 572 2634 ciens
615 2577 683 2632 ad
733 2579 981 2636 homines
1046 2582 1277 2646 semina,
1328 2583 1622 2639 humanam
1667 2583 1900 2653 speciem
1947 2599 2012 2638 ac
2051 2584 2276 2652 ﬁguram
2327 2581 2571 2649 indutus,
2620 2581 2716 2638 Dei
2781 2583 2954 2639 amico
3015 2590 3179 2653 atque
3231 2582 3460 2652 antiquo
3501 2579 3657 2639 Patri

425 2667 654 2726 Abrahae
678 2671 916 2741 seipsum
938 2673 1188 2743 quisnam
1209 2684 1376 2740 esset,
1405 2675 1662 2741 ostendit,
1685 2675 1969 2747 Patrisque
1994 2677 2080 2734 sui
2112 2676 2336 2732 tradidit
2363 2676 2712 2750 sententiam.

939 2788 1099 2860 235
1129 2789 1360 2845 CAPUT
1399 2790 1468 2846 Χ.

427 2898 987 2975 Ab_ca4em.—-Qu_od
1027 2902 1164 2956 idem
1192 2905 1446 2975 propheta
1485 2906 1539 2958 in
1573 2905 1764 2970 Iacob,
1814 2924 1987 2961 mam-

501 2970 685 3039 festius
731 2987 848 3025 eum
890 2972 955 3026 de
1001 2990 1101 3041 quo
1141 2970 1339 3040 agitur,
1391 2976 1590 3030 indicat
1641 2976 1921 3031 Dominum
1965 2995 1985 3032 :

496 3061 644 3115 quem
691 3053 911 3099 sane.“
955 3041 1124 3098 Deum
1170 3055 1220 3099 et
1268 3045 1510 3116 angelum
1549 3062 1848 3116 supremum
1889 3047 1988 3102 Dei

496 3126 668 3172 vocat.

503 3248 522 3281 ι
553 3228 620 3284 Et
650 3229 929 3300 profectus
951 3236 1034 3284 est
1067 3229 1121 3284 in
1157 3225 1426 3297 Charran,
1448 3236 1504 3285 et
1522 3228 1672 3284 venit
1698 3229 1752 3284 in
1781 3229 1985 3294 locum,

426 3331 480 3378 et
498 3323 752 3378 dormivit
783 3323 891 3377 illic
927 3340 942 3379 :
973 3321 1248 3378 occiderat
1271 3323 1415 3378 enim
1438 3321 1541 3379 sol.
1576 3321 1642 3377 Et
1666 3323 1873 3394 accepit
1904 3323 1987 3377 la-

427 3415 602 3485 pides,
628 3423 682 3470 et
711 3416 896 3486 posuit
917 3417 1021 3472 sub
1051 3415 1225 3486 capite
1252 3430 1376 3481 suo,
1409 3425 1464 3472 et
1492 3415 1753 3471 dormivit
1780 3416 1837 3470 in
1866 3416 1987 3472 loco

427 3507 543 3570 illo,
566 3516 621 3562 et
651 3507 980 3563 somniavit:
1009 3517 1062 3563 et
1093 3522 1222 3564 ecce
1249 3509 1397 3564 scala
1429 3516 1589 3563 terrae
1619 3507 1803 3572 infixa,
1831 3507 1991 3576 cujus

427 3603 592 3666 caput
620 3597 967 3666 perveniebat
995 3612 1170 3668 usque
1213 3596 1280 3652 ad
1325 3597 1547 3662 caelum,
1581 3607 1633 3653 et
1669 3595 1846 3667 angeli
1893 3595 1988 3650 Dei

431 3685 797 3743 ascendebant
826 3703 923 3758 per
981 3704 1120 3744 eam.
1157 3689 1224 3744 Et
1267 3687 1530 3744 Dominus
1559 3688 1889 3743 innitebatur
1915 3688 1988 3754 ei,

428 3785 483 3832 et
515 3776 651 3836 dixit
679 3797 692 3834 :
727 3778 840 3850 Ego
883 3778 1147 3835 Dominus
1187 3777 1331 3836 Deus
1360 3779 1631 3834 Abraham
1683 3778 1852 3852 patris
1885 3779 1992 3846 tui,

429 3876 484 3924 et
508 3867 649 3924 Deus
672 3867 844 3936 Isaac,
877 3886 945 3927 ne
975 3871 1171 3928 timeas
1206 3889 1219 3926 :
1273 3878 1422 3926 terra
1468 3871 1522 3924 in
1551 3886 1660 3942 qua
1688 3879 1744 3926 tu
1781 3869 1988 3927 dormis

431 3961 488 4016 in
521 3961 659 4032 ipsa,
695 3963 790 4017 tibi
819 3961 960 4018 dabo
987 3978 1128 4028 eam,
1173 3969 1227 4018 et
1255 3962 1446 4018 semini
1477 3969 1592 4017 tuo.
1652 3961 1718 4017 Et
1758 3963 1864 4018 erit
1893 3978 1984 4019 se-

431 4071 554 4110 men
584 4064 734 4110 tuum
767 4057 911 4112 sicut
937 4071 1103 4113 arena
1136 4056 1328 4121 maris,
1359 4064 1412 4112 et
1434 4056 1751 4112 dilatabitur
1783 4057 1850 4112 ad
1873 4073 1991 4126 rna-

427 4162 512 4210 re,
535 4155 588 4202 et
633 4145 930 4212 Orientem,
969 4156 1023 4204 et
1057 4147 1124 4202 ad
1160 4149 1403 4212 boream,
1427 4155 1482 4203 et
1519 4147 1772 4204 africum.
1803 4147 1870 4202 Et
1897 4150 1994 4204 be-

433 4237 751 4293 nedicentur
779 4240 833 4293 in
864 4247 916 4295 te
958 4254 1150 4296 omnes
1178 4239 1356 4297 tribus
1384 4247 1564 4306 terrae,
1605 4246 1660 4296 et
1694 4239 1750 4294 in
1785 4240 1991 4296 semine

432 4338 549 4385 tuo.
594 4329 660 4383 Et
685 4343 814 4384 ecce
837 4345 940 4400 ego
967 4345 1088 4386 sum
1118 4339 1323 4396 tecum,
1348 4331 1662 4388 custodiens
1690 4338 1743 4388 te
1763 4330 1820 4386 in
1840 4329 1991 4386 omni

436 4420 547 4484 via,
582 4435 928 4490 quacumque
971 4423 1077 4478 iter
1112 4422 1330 4490 feceris,
1365 4433 1420 4480 et
1465 4434 1784 4484 convertam
1836 4433 1889 4480 te
1935 4425 1993 4480 in

434 4519 638 4565 terram
683 4511 823 4565 hanc
859 4529 872 4566 :
909 4513 1166 4584 quoniam
1197 4529 1306 4570 non
1355 4523 1410 4573 te
1441 4517 1764 4587 relinquam,
1818 4516 1994 4572 donec

435 4599 628 4657 faciam
657 4603 839 4657 omnia
862 4619 1218 4676 quaecumque
1244 4607 1460 4664 locutus
1499 4625 1618 4665 sum
1655 4609 1776 4666 tibi.
1812 4609 1995 4666 Etex-

436 4701 718 4765 perrectus
745 4702 829 4750 est
871 4694 1041 4752 Iacob
1081 4712 1113 4751 a
1141 4713 1357 4763 somno,
1389 4710 1443 4756 et
1473 4701 1551 4756 ait
1578 4720 1590 4756 :
1624 4701 1888 4759 Dominus
1909 4711 1996 4759 est

436 4788 494 4843 in
541 4786 663 4842 loco
711 4786 834 4852 hoc,
864 4803 966 4859 ego
1014 4799 1192 4847 autem
1223 4792 1555 4848 nesciebam.
1589 4792 1657 4848 Et
1704 4794 1907 4860 timuit,
1941 4802 1996 4851 et

434 4879 513 4934 ait
549 4896 563 4934 :
599 4877 773 4945 Quam
800 4880 1066 4937 terribilis
1111 4889 1196 4938 est
1250 4883 1403 4941 locus
1449 4885 1570 4940 hicl
1619 4901 1730 4941 non
1775 4886 1996 4942 esthoc

436 4969 604 5035 aliud,
635 4971 743 5026 nisi
771 4969 966 5028 domus
1011 4972 1127 5038 Dei,
1162 4981 1218 5030 et
1261 4975 1377 5031 hzec
1411 4987 1565 5047 porta
1593 4978 1741 5034 cmli.
1773 4977 1838 5032 Et
1868 4994 1993 5034 sur-

437 5061 578 5118 rexit
613 5059 782 5116 Jacob
810 5078 990 5130 mane,
1023 5071 1080 5120 et
1128 5065 1341 5136 accepit
1371 5067 1627 5138 lapidem,
1669 5085 1830 5139 quem
1865 5084 1994 5139 sup-

437 5153 620 5224 posuit
647 5153 811 5225 capiti
844 5171 967 5221 suo,
995 5163 1050 5213 et
1071 5157 1241 5213 erexit
1273 5158 1424 5212 illum
1455 5175 1552 5230 pro
1576 5160 1754 5226 titulo,
1791 5169 1846 5216 et
1867 5160 1996 5216 etfu—

436 5240 519 5295 dit
537 5241 714 5314 oleym
747 5243 800 5298 in
831 5259 1106 5300 summum
1135 5246 1303 5312 illius,
1340 5255 1394 5302 et
1417 5249 1630 5305 vocavit
1670 5248 1839 5307 Jacob
1897 5267 1996 5307 no-

438 5349 564 5389 men
587 5335 694 5391 loci
723 5335 890 5403 illius,
917 5338 1141 5394 domum
1168 5338 1263 5396 Dei
1283 5342 1350 5396 ⁸¹.
1391 5360 1410 5394 ι
1449 5341 1606 5408 Eum,
1635 5343 1727 5414 qui
1751 5344 1852 5400 hoc
1876 5345 1998 5402 loco

437 5431 559 5490 tam
587 5427 772 5484 multis
798 5431 981 5488 verbis
1021 5432 1314 5504 respondet
1360 5433 1672 5504 Dominum,
1715 5445 1770 5493 et
1803 5436 1994 5506 Deum,

533 5577 575 5609 "
608 5578 743 5637 Gen.
771 5599 947 5649 xxvu,
982 5586 1164 5642 10-19.

494 5711 573 5792 (1)
609 5713 896 5798 Inter-gres
922 5719 1133 5793 legebat
1161 5723 1486 5798 ἀγνώμονες.

2620 2792 3016 2848 ΚΕΦΔΛΔΙΟΝ
3052 2793 3109 2847 I'.

2101 2907 2232 2964 Ἀπὸ
2274 2905 2384 2976 τῆς
2433 2906 2644 2976 αὐτῆς.
2675 2938 2742 2951 -—-
2781 2907 2872 2974 Ὡς
2925 2910 2958 2962 ὁ
2995 2905 3176 2972 αὐτὸς
3207 2906 3516 2975 προφήτης
3556 2906 3658 2962 ἐπὶ

2158 2977 2262 3032 τοῦ
2303 2977 2514 3040 Ἰακὼϐ,
2544 2977 2917 3046 σαφέστερον
2939 2978 3206 3046 ἐμφαίνει
3232 2978 3336 3029 τὸν
3363 2977 3660 3044 δηλούμε-

2158 3065 2268 3102 νον
2296 3049 2537 3116 Κύριον,
2567 3045 2640 3100 δν
2659 3047 2734 3113 δὴ
2763 3049 2861 3102 καὶ
2895 3045 3060 3114 Θεὸν,
3098 3046 3196 3100 καὶ
3219 3045 3477 3116 ἄγγελον
3502 3049 3660 3102 ἀπο-

2011 3119 2053 3177 C
2155 3119 2329 3172 καλεῖ
2346 3117 2451 3174 τοῦ
2477 3118 2575 3170 ἐπὶ
2603 3117 2842 3172 πάντων
2869 3118 3015 3172 Θεοῦ
3053 3117 3412 3185 προσειπών.

2169 3249 2189 3283 ι
2210 3229 2322 3283 Kal.
2341 3229 2608 3302 ἐπορεύθη
2635 3230 2714 3293 εἰς
2746 3229 2969 3301 Χαρρὰν
2987 3269 3002 3292 ,
3037 3227 3131 3282 καὶ
3159 3229 3440 3298 ἀπήντησε
3467 3227 3620 3298 τόπῳ
3639 3267 3657 3290 ,

2093 3323 2186 3377 καὶ
2221 3321 2488 3394 ἐκοιμήθη
2513 3323 2656 3374 ὲκεῖο
2689 3319 2776 3374 ἔδυ
2814 3319 2922 3392 γὰρ
2941 3320 3163 3390 ἁῆλιος.
3193 3320 3300 3372 Καὶ
3333 3318 3529 3372 ἐλαϐεν
3549 3319 3661 3372 ἀπὸ

2092 3416 2198 3469 τῶν
2221 3414 2406 3478 λίθων,
2434 3413 2529 3468 καὶ
2560 3413 2724 3483 ἔθηκε
2749 3412 2884 3484 πρὸς
2915 3412 3156 3482 κεφαλῆς
3178 3409 3363 3474 αὑτοῦ,
3391 3411 3490 3463 καὶ
3509 3412 3659 3462 Exos-

2097 3506 2242 3579 μήθη
2273 3507 2332 3560 ὲν
2358 3506 2436 3578 τῷ
2462 3505 2611 3574 τόπῳ
2644 3503 2856 3574 ἐκείνῳ,
2887 3505 2982 3558 καὶ
3006 3503 3338 3573 ὲνυπνιάσθη
3359 3519 3371 3532 '
3405 3503 3502 3556 καὶ
3545 3501 3657 3556 ἰδοὺ

2095 3601 2296 3673 κλίμαξ
2323 3599 2688 3672 ὲστηριγμένη
2733 3600 2812 3664 εἰς
2842 3598 2940 3669 τὴν
2978 3598 3082 3668 γῆν
3101 3637 3116 3660 ,
3144 3594 3210 3669 ἧς
3247 3599 3279 3667 ἠ
3320 3595 3526 3666 κεφαλὴ
3554 3597 3660 3665 ἀφ-

2097 3696 2294 3749 ικνεῖτο
2327 3695 2407 3758 εἰς
2438 3690 2528 3746 τὸν
2551 3690 2798 3763 οὐρανὸν,
2825 3691 2918 3745 καὶ
2941 3691 2996 3743 oi.
3016 3688 3236 3758 ἄγγελοι
3264 3687 3358 3740 τοῦ
3386 3687 3526 3740 Θεοῦ
3563 3689 3660 3740 ἀν-

2098 3783 2332 3850 έϐαινον,
2354 3783 2448 3837 καὶ
2473 3783 2791 3837 κατέϐαινον
2817 3782 3120 3852 ὲπ’“αὑτήν.
3153 3781 3212 3834 '0
3244 3779 3302 3833 δὲ
3330 3779 3532 3850 Κύριος
3560 3782 3660 3832 ὲπ-

2096 3877 2381 3947 εστήρικτο
2426 3875 2513 3928 ἐπ’
2559 3874 2759 3945 αὐτῆς,
2801 3874 2895 3927 καὶ
2932 3868 3084 3928 εἶπεν
3107 3889 3121 3902 ·
3177 3870 3318 3940 Ἐγὼ
3369 3870 3573 3942 Κύριος
3626 3872 3658 3923 6

2095 3967 2226 4032 Θεὸς
2263 3967 2510 4039 Ἀϐραάμ
2549 3967 2644 4021 τοῦ
2673 3966 2878 4039 πατρός
2912 3981 3004 4019 σου
3025 4003 3040 4026 ,
3070 3964 3164 4018 καὶ
3193 3965 3222 4017 6
3263 3962 3392 4026 Θεὸς
3430 3962 3616 4016 Ἰσαὰκ
3636 4005 3653 4024 ,

2099 4057 2173 4128 μὴ
2204 4055 2402 4126 φοϐοῦ·
2438 4057 2470 4126 η
2499 4056 2570 4126 γῆ
2607 4056 2692 4125 ἐφ’
2727 4055 2793 4126 ἢν
2833 4056 2897 4108 σὺ
2931 4051 3208 4117 καθεύδεις
3235 4053 3320 4104 ἐπ’
3347 4051 3538 4126 αὐτὴν,
3573 4053 3660 4104 σοὶ

2095 4151 2250 4205 δώσω
2281 4149 2481 4222 αὐτὴν,
2513 4150 2608 4204 καὶ
2648 4149 2727 4220 τῷ
2765 4147 3036 4221 σπέρματί
3085 4163 3202 4200 σου.
3247 4146 3356 4199 Kal.
3400 4145 3552 4198 ἔσται
3597 4145 3661 4197 τὸ

2099 4241 2317 4313 σπέρμα
2339 4257 2433 4294 σου
2455 4241 2530 4304 ώς
2557 4243 2591 4312 η
2627 4239 2807 4311 ἅμμος
2837 4239 2934 4310 τῆς
2963 4238 3235 4307 θαλάσσης
3255 4276 3270 4300 ,
3302 4236 3395 4289 καὶ
3420 4236 3660 4289 πλατυν-

2098 4331 2437 4404 θήσεταιέπὶ
2465 4331 2738 4386 θάλασσαν
2766 4333 2858 4385 καὶ
2886 4329 3150 4393 ἀνατολὰς
3168 4369 3183 4394 ,
3215 4329 3308 4382 καὶ
3336 4328 3429 4381 ἐπὶ
3457 4327 3661 4401 βορρᾶν

2097 4423 2193 4477 καὶ
2212 4423 2351 4478 λίϐα.
2378 4424 2488 4477 Kal.
2521 4423 3031 4494 ένευλογηθήσονται
3064 4423 3121 4474 ὲν
3155 4422 3237 4474 σοὶ
3267 4422 3435 4474 πᾶσαι
3469 4423 3525 4472 αἱ
3560 4437 3663 4488 quo

2093 4514 2182 4570 λαὶ
2213 4515 2312 4586 τῆς
2347 4514 2451 4585 γῆς
2472 4554 2486 4578 ,
2515 4516 2611 4569 καὶ
2637 4517 2694 4568 ὲν
2719 4515 2797 4586 τῷ
2825 4513 3096 4585 σπέρματί
3130 4529 3242 4565 σου.
3274 4512 3381 4564 Kal
3410 4511 3518 4564 ἰδοὺ
3550 4509 3660 4579 ἐγώ

2093 4609 2209 4679 εἰμι
2251 4607 2388 4678 μετὰ
2414 4608 2508 4661 σοῦ
2526 4647 2543 4672 ,
2570 4607 2948 4676 διαφυλάσσων
2977 4622 3042 4662 σε,
3066 4607 3123 4659 ὲν
3153 4608 3219 4675 τῇ
3250 4602 3354 4674 ὁδῷ
3377 4604 3563 4674 πάσῃ,
3598 4598 3660 4656 οὗ

2091 4699 2157 4754 ἂν
2190 4700 2480 4772 πορευθῇς,
2501 4701 2595 4753 καὶ
2617 4700 2941 4771 ἀποστρέψαι
2965 4715 3024 4751 σε
3054 4700 3134 4761 εἰς
3163 4696 3261 4768 τὴν
3294 4697 3396 4767 γῆν
3429 4695 3655 4766 ταύτην·

2093 4792 2176 4846 ὅτι
2219 4793 2280 4845 οὐ
2325 4793 2397 4864 μή
2451 4809 2510 4846 σε
2554 4792 2966 4860 ὲγκαταλείπω,
3023 4791 3129 4854 ἓως
3169 4788 3262 4842 τοῦ
3315 4787 3539 4858 ποιῆσαί
3589 4805 3663 4858 με

2097 4883 2270 4938 πάντα
2304 4884 2408 4938 ὅσα
2447 4883 2684 4955 ὲλάλησά
2721 4901 2822 4938 σοι.
2859 4883 2969 4937 Kal
3010 4881 3277 4953 ἐξηγέρθη
3320 4879 3509 4932 Ἰακὼϐ
3551 4878 3660 4932 ἀπὸ

2093 4975 2189 5030 τοῦ
2219 4975 2386 5032 ὕπνου
2429 4977 2591 5031 αὐτοῦ
2617 5017 2632 5042 ,
2672 4978 2766 5031 xal.
2793 4971 2974 5040 εἶπεν,
3004 4976 3106 5039 ὅτι,
3149 4974 3305 5026 Ἐστι
3343 4970 3548 5040 Κύριος
3599 4969 3659 5020 ὲν

2095 5067 2172 5139 τῷ
2197 5068 2346 5141 τόπῳ
2383 5069 2591 5141 τούτῳ,
2627 5066 2736 5138 ἐγὼ
2775 5067 2831 5121 δὲ
2876 5067 2974 5122 οὐκ
3018 5065 3183 5137 ᾔδειν.
3224 5063 3334 5116 Kal.
3377 5059 3613 5131 ἐφοϐήθη
3640 5097 3656 5122 ,

2098 5161 2194 5214 καὶ
2250 5156 2402 5214 εἶπεν
2421 5178 2436 5192 ·
2485 5162 2574 5226 Ὣς
2637 5159 2864 5231 φοϐερὸς
2901 5161 2931 5212 6
2965 5158 3128 5221 τόπος
3171 5147 3358 5218 οὗτοςέ
3400 5154 3502 5207 οὐκ
3543 5153 3659 5206 ἐστι

2094 5254 2252 5308 τοῦτο
2278 5255 2390 5309 ἀλλ’
2421 5255 2454 5326 ἢ
2484 5251 2630 5318 οῐκος
2661 5253 2817 5318 Θεοῦ,
2847 5253 2940 5306 καὶ
2970 5251 3107 5320 αὕτη
3137 5253 3172 5320 ὴ
3208 5248 3350 5319 πύλη
3381 5246 3476 5300 τοῦ
3500 5245 3661 5317 ούρα-

2094 5343 2208 5400 νοῦ.
2239 5345 2348 5398 Καὶ
2379 5346 2576 5418 ἀνέστη
2621 5343 2812 5400 Ἰακὼϐ
2845 5345 2905 5398 τὸ
2943 5342 3087 5415 πρωῒ
3105 5382 3121 5402 .
3156 5345 3251 5396 καὶ
3273 5339 3431 5394 ἔλαϐε
3461 5337 3555 5392 τὸν
3579 5335 3662 5389 λι-

2101 5437 2222 5504 θον,
2247 5437 2308 5493 ὃν
2347 5437 2585 5509 ὑπέθηκε
2627 5437 2763 5510 πρὸς
2789 5435 3032 5508 κεφαλῆς
3061 5433 3258 5499 αὐτοῦ,
3307 5432 3400 5487 καὶ
3433 5429 3665 5498 ἔστησεν
