3916 6200
192 214 308 271 585

1105 206 1757 275 nsuoasraa'nams
1792 216 2253 274 manusuam.
2296 219 2428 276 LIB.
2470 221 2536 278 v.
2586 184 2611 201 ”

3329 233 3435 292 588

193 329 362 385 αὐτὸν
390 330 591 402 στήλην
616 370 630 394 ,
667 332 761 384 καὶ
800 332 1023 404 ἐπέχεεν
1054 332 1230 388 ἔλαιον
1258 335 1354 388 ἐπὶ
1389 336 1450 389 τὸ
1478 336 1646 409 ἄκρον
1672 338 1769 391 αύ-
1795 392 1800 401 ,

1875 338 2120 410 angelum
2169 354 2388 409 quoque
2443 338 2539 395 Dei
2590 340 2849 414 deinceps
2903 361 3227 416 progressus
3284 348 3435 406 inve-

192 420 326 490 τῆς,
367 420 462 473 καὶ
491 420 716 473 ἐκάλεσε
752 422 943 476 Ἰακὼϐ
972 424 1035 477 τὸ
1067 424 1238 495 ὄνομα
1281 424 1374 478 τοῦ
1404 427 1568 479 τόπου
1620 428 1767 480 ἐκεί-

195 531 316 579 νου,
343 508 491 577 οἶκος
524 513 679 568 Θεοῦ.
714 534 733 565 ι
766 516 964 570 Τοῦτον
991 518 1084 570 τὸν
1129 517 1359 572 ἐνταῦθα
1389 519 1478 573 διὰ
1502 520 1769 574 τοσούτων

197 606 605 678 χρηματίζοντα
652 607 855 678 Κύριον
904 610 998 662 καὶ
1041 610 1193 677 Θεὸν,
1240 612 1466 681 ἄγγελον
1494 612 1586 665 τοῦ
1632 611 1767 666 Θεοὖ

196 697 404 769 προῖὼν
446 698 572 769 ἑξῆς
603 699 854 770 εὑρήσεις
878 740 892 764 ,
928 702 986 754 ὲν
1019 696 1099 766 οἷς
1126 720 1258 774 φησι
1292 704 1430 775 πρὸς
1458 702 1557 767 τὰς
1587 708 1772 774 γυναῖ-

192 807 300 855 κας
341 790 503 854 αὐτὸς
556 790 777 844 Ἰακώϐ·
808 810 827 842 ι
858 792 967 845 Καὶ
1017 790 1139 847 εἶπέ
1169 811 1172 814 ’
1187 812 1275 866 μοι
1325 796 1354 847 6
1404 796 1632 865 ἄγγελος
1675 796 1767 851 τοῦ

190 883 332 937 Θεοῦ
355 883 476 935 καθ’
510 881 675 935 ὕπνον
696 900 707 913 ·
758 884 968 938 Ἰακώϐ.
1038 886 1176 956 Ἐγὼ
1199 887 1254 940 δὲ
1278 883 1431 941 εἷπα’
1478 889 1543 940 Τί
1573 889 1687 941 ἐστι
1708 906 1722 954 ;
1745 908 1764 942 ι

194 976 312 1030 Καὶ
342 976 466 1047 ἑξῆς
487 991 499 1004 ·
525 996 542 1027 ι
579 976 849 1050 Ἑώρακα,
883 997 900 1029 ι
927 979 1077 1051 φησὶ,
1103 1000 1122 1031 ι
1146 980 1322 1035 πάντα
1350 982 1449 1034 ὅσα
1479 981 1663 1035 Αὰϐαν
1688 983 1771 1036 σοὶ

195 1069 361 1119 ποιεῖ.
402 1064 544 1135 Ἐγὼ
570 1067 599 1119 6
621 1066 753 1131 Θεὸς
783 1068 811 1120 6
837 1067 1020 1138 ὀφθείς
1057 1086 1138 1123 σοι
1165 1071 1223 1124 ἐν
1249 1072 1422 1144 τόπῳ,
1448 1066 1510 1125 06
1541 1072 1769 1143 ήλειψάς

205 1172 298 1225 μοι
333 1158 449 1210 ἐκεῖ
480 1156 679 1228 στήλην
704 1197 719 1221 ,
769 1159 861 1211 καὶ
904 1157 1051 1231 ηὔξω
1093 1177 1182 1232 μοι
1214 1162 1398 1234 εὐχήν.
1437 1164 1589 1235 »Ἆρ’
1612 1159 1703 1217 οὖν
1742 1165 1772 1217 6

194 1247 453 1318 ἀνωτέρω
481 1249 682 1319 φήσας,
722 1268 740 1300 ι
782 1250 920 1318 Ἐγὼ
950 1252 1153 1324 Κύριος
1184 1255 1212 1307 6
1241 1254 1372 1319 Θεὸς
1404 1255 1652 1326 Ἀϐραάμ
1675 1253 1769 1308 τοῦ

197 1339 403 1411 πατρὸς
424 1357 537 1405 σου,
555 1341 648 1394 καὶ
674 1342 703 1393 6
730 1341 860 1407 Θεὸς
876 1344 1075 1411 Ἰσαάκ,
1090 1363 1107 1396 ι
1134 1338 1178 1413 ᾧ
1202 1347 1296 1399 καὶ
1319 1348 1519 1418 στήλην
1547 1347 1772 1419 ἀνέστη-

196 1447 293 1484 σεν
316 1430 634 1503 ὁθεοφιλὴς,
678 1432 811 1497 Θεὸς
846 1435 945 1505 μὲν
972 1431 1038 1506 ἦν
1077 1438 1171 1490 καὶ
1214 1437 1416 1509 Κύριος
1469 1439 1637 1510 (αὐτῷ
1662 1441 1770 1512 γάρ

197 1519 415 1588 λέγοντι
454 1520 816 1591 πιστευτέον),
865 1523 926 1575 οὐ
967 1522 1071 1594 μὴν
1101 1523 1129 1576 ὀ
1176 1525 1267 1578 ἐπὶ
1310 1524 1559 1589 πάντων,
1596 1525 1710 1579 ἀλλ’
1741 1526 1770 1578 6

195 1609 414 1662 ἐκείνου
431 1609 703 1683 δεύτερος,
732 1611 799 1665 τὰ
830 1612 925 1666 τοῦ
960 1614 1169 1685 Πατρὸς
1199 1616 1277 1678 είς
1308 1614 1627 1686 ἀνθρώπους
1650 1617 1768 1669 δια-

1868 431 1987 485 nies
2017 449 2030 486 :
2081 430 2173 486 ubi
2218 431 2283 485 ad
2320 430 2577 487 mulieres
2604 433 2678 487 ait
2707 434 2824 504 ipse
2854 435 3024 493 Iacob
3059 458 3070 492 :
3136 459 3155 490 ι
3198 440 3263 494 Et
3290 443 3434 497 dixit

1869 521 2001 577 mihi
2052 522 2275 593 angelus
2323 522 2418 577 Dei
2466 522 2520 576 in
2568 526 2798 591 somnis,
2855 527 3050 583 Iacob.
3094 529 3205 601 Ego
3252 542 3435 589 autem

1868 612 1980 668 dixi
2013 629 2025 668 :
2059 613 2199 681 Quid
2241 622 2324 671 est
2351 614 2437 668 5"?
2469 633 2487 667 ι
2523 614 2587 668 Et
2615 615 2871 689 deinceps
2903 638 2916 674 :
2954 639 2971 671 ι
3008 620 3151 690 Vidi,
3192 643 3212 676 ›
3238 624 3434 695 inquit,

1866 705 2031 777 236
2067 724 2085 757 ι
2116 706 2297 761 omnia
2344 721 2700 778 quaecumque
2738 707 2921 766 Laban
2979 713 3078 767 tibi
3110 714 3258 771 facit.
3322 716 3437 787 Ego

1869 796 2035 862 Deus,
2083 800 2176 868 qui
2219 797 2443 869 apparui
2490 797 2588 854 tibi
2620 799 2677 853 in
2712 800 2851 866 loco,
2901 804 2991 858 ubi
3042 807 3245 861 unxisti
3300 808 3434 862 mibi

1869 890 2108 956 titulum,
2141 897 2197 945 et
2217 891 2414 946 vovisti
2454 891 2587 947 mihi
2615 900 2801 947 votum
2824 894 2890 949 ⁸³.
2934 914 2953 947 ι
2987 895 3128 968 Ergo
3154 898 3245 968 qui
3270 914 3434 970 supra

1869 982 2101 1047 dixerat,
2142 1001 2161 1033 ι
2209 981 2323 1053 Ego
2344 982 2607 1039 Dominus
2640 983 2781 1041 Deus
2820 986 3093 1041 Abraham
3122 990 3294 1059 patris
3327 992 3431 1055 tui,

1868 1085 1923 1129 et
1952 1074 2093 1131 Deus
2122 1074 2295 1140 Isaac,
2329 1094 2349 1128 ι
2376 1076 2464 1130 cui
2499 1084 2553 1131 et
2595 1076 2812 1132 titulum
2865 1079 3039 1135 erexit
3075 1079 3168 1136 Dei
3202 1084 3433 1146 amicus,

1870 1166 2012 1223 Deus
2041 1163 2258 1238 quidem
2291 1177 2408 1223 erat
2449 1176 2503 1223 et
2556 1168 2818 1225 Dominus
2862 1172 2990 1243 (ipsi
3040 1173 3185 1227 enim
3232 1174 3435 1230 dicenti

1869 1257 2245 1331 credendum),
2279 1274 2390 1313 non
2422 1267 2600 1315 tamen
2634 1261 2680 1316 is
2710 1262 2801 1332 qui
2828 1260 2990 1317 Pater
3010 1271 3114 1328 est,
3141 1273 3195 1319 et
3229 1280 3259 1319 a
3287 1268 3439 1321 nullo

1869 1357 1973 1417 est,
2009 1350 2103 1406 sed
2133 1351 2227 1421 qui
2253 1365 2338 1415 ea,
2379 1367 2500 1427 quin
2526 1352 2590 1406 ad
2622 1352 2835 1409 Patrem
2868 1354 3163 1423 pertinent,
3202 1354 3439 1411 homini-

1869 1441 1973 1497 bus
2015 1441 2396 1498 subministrat
2434 1451 2488 1499 et
2532 1444 2765 1498 nuntiat.
2820 1444 3089 1511 Quocirca
3137 1446 3300 1501 etiam
3333 1462 3431 1501 an-

1869 1534 2049 1605 gelum
2102 1533 2283 1605 ipsum
2336 1536 2391 1590 in
2443 1536 2695 1606 praesenti
2755 1545 2914 1592 vocat
2973 1537 3140 1593 Iacob
3196 1538 3288 1592 ubi
3336 1539 3434 1602 ait,

1875 1643 1894 1675 ι
1931 1624 2074 1678 Dixit
2104 1624 2237 1679 mihi
2267 1628 2492 1697 angelus
2522 1627 2614 1681 Dei
2641 1627 2697 1681 in
2721 1628 2929 1684 somnis
2948 1629 3111 1683 verba
3147 1628 3261 1683 haec
3285 1648 3298 1684 :
3326 1628 3438 1699 Ego

197 1700 522 1771 κονούμενος
553 1704 646 1755 καὶ
667 1702 1016 1772 διαγγέλλων.
1053 1706 1143 1757 Διὸ
1171 1705 1260 1759 καὶ
1290 1705 1518 1774 ἄγγελον
1550 1707 1711 1760 αὐτὸν
1744 1710 1772 1761 6

1875 1727 1991 1767 sum
2022 1711 2185 1779 Deus,
2217 1713 2310 1783 qui
2335 1715 2677 1785 apparuitibi
2703 1717 2758 1773 in
2787 1718 2929 1773 loco.
2972 1737 2990 1770 ›
3036 1717 3177 1789 Ergo
3202 1720 3345 1774 idem
3384 1730 3440 1774 et

210 1791 404 1844 Ἰακὼϐ
433 1793 525 1846 ἐπὶ
545 1793 637 1846 τοῦ
665 1796 926 1867 παρόντος
953 1796 1106 1849 καλεί
1124 1814 1137 1828 ’
1169 1816 1186 1848 ι
1210 1792 1345 1850 Εἷπέ
1369 1815 1457 1869 μοι
1483 1799 1511 1850 6
1539 1798 1768 1865 ἄγγελος

194 1884 290 1937 τοῦ
334 1885 475 1938 Θεοῦ
532 1887 753 1955 φάσκων
801 1886 922 1941 καθ’
955 1888 1147 1941 ῦπνονο
1185 1888 1322 1959 Ἐγώ
1372 1890 1483 1960 εἰμι
1515 1888 1543 1940 6
1575 1888 1705 1953 Θεὸς
1740 1891 1768 1943 6

196 1976 383 2046 ὀφθείς
419 1995 506 2032 σοι
542 1980 599 2031 ὲν
635 1978 713 2050 τῷ
754 1980 922 2051 τόπῳ.
955 1999 973 2030 ›
1011 1981 1218 2035 Ούκοῦν
1262 1982 1290 2035 6
1335 1982 1495 2045 αὐτὸς
1539 1982 1768 2052 ἄγγελος

198 2068 406 2140 Κυρίου
426 2070 522 2123 καὶ
545 2070 677 2135 Θεὸς
708 2072 799 2126 καὶ
843 2072 1066 2145 Κύριος,
1099 2074 1284 2143 σαφῶς
1311 2074 1397 2128 διὰ
1445 2074 1646 2129 τούτων
1678 2075 1769 2128 ἀν-

195 2162 516 2233 ηγόρευται.
561 2164 671 2216 Καὶ
707 2165 764 2216 ὲν
807 2165 1003 2237 Ἡσαΐᾳ
1029 2166 1085 2219 δὲ
1108 2165 1185 2237 τῷ
1224 2168 1495 2238 προφήτῃ,
1529 2166 1768 2237 μεγάλης

198 2254 397 2325 βουλῆς
440 2255 697 2325 ἄγγελος,
742 2256 877 2327 ὁμοῦ
916 2257 973 2310 δὲ
1016 2258 1111 2311 καὶ
1152 2258 1285 2322 Θεὸς
1318 2258 1412 2311 καὶ
1460 2258 1641 2329 ἄρχων
1673 2259 1767 2312 καὶ

195 2346 551 2419 ὲξουσιαστὴς
567 2349 1046 2421 προσαγορεύεται,
1066 2350 1123 2402 ὲν
1148 2344 1229 2414 οἷς
1246 2350 1341 2421 τὴν
1361 2351 1439 2413 είς
1454 2349 1767 2422 ἀνθρώπους

194 2437 363 2495 αὐτοῦ
395 2439 606 2507 γένεσιν
634 2440 899 2505 θεσπίζει,
933 2441 1134 2510 λέγων·
1173 2459 1191 2491 ‹
1226 2441 1345 2494 ’Ότι
1375 2439 1585 2493 παιδίον
1614 2442 1765 2509 ὲγεν-

192 2529 331 2600 νήθη
364 2531 517 2601 ἡμῖν,
548 2531 642 2586 καλ⁹
683 2532 796 2596 υἱὸς
821 2532 977 2601 ἐδόθη
1022 2533 1153 2603 ἡμῖν
1176 2572 1190 2597 ,
1231 2526 1291 2586 οὗ
1320 2532 1353 2602 ἡ
1383 2531 1525 2604 ἀρχὴ
1557 2532 1648 2585 ἐπὶ
1675 2531 1767 2585 τοῦ

1871 1803 2097 1874 angelus
2125 1801 2363 1870 Domini,
2388 1812 2443 1861 et
2472 1805 2636 1873 Deus,
2665 1816 2719 1864 et
2760 1808 3043 1876 Dominus,
3076 1810 3235 1881 plane
3264 1811 3319 1865 in
3350 1810 3438 1866 his

1871 1894 2171 1964 appellatus
2217 1903 2322 1952 est.
2358 1895 2426 1951 Et
2472 1900 2617 1969 apud
2648 1898 2842 1955 Isaiam
2877 1901 3199 1972 prophetam
3254 1902 3437 1973 magni

1870 1984 2085 2040 consilii
2117 1986 2364 2055 angelus,
2400 1986 2727 2059 interimque
2755 1997 2809 2045 et
2853 1989 3015 2055 Deus,
3054 1999 3107 2046 et
3157 1991 3435 2062 princeps,

1873 2085 1927 2131 et
1952 2080 2278 2146 potestatem
2322 2077 2533 2134 habens
2582 2082 2917 2146 nominatur,
2961 2083 3053 2138 ubi
3089 2091 3244 2139 ortus
3287 2084 3437 2140 illius

1874 2167 2020 2222 inter
2065 2168 2318 2226 homines
2364 2172 2603 2240 canitur,
2629 2173 2918 2238 adicente,
3001 2176 3143 2245 quod
3184 2193 3202 2226 ‹
3238 2192 3439 2247 pueru-

1872 2259 1959 2315 lus
1990 2269 2153 2317 natus
2183 2270 2268 2317 est
2296 2263 2477 2329 nobis,
2510 2270 2566 2320 et
2603 2263 2745 2317 filius
2780 2264 2940 2320 datus
2962 2275 3046 2321 est
3075 2266 3254 2329 nobis,
3277 2267 3437 2337 cujus

1870 2348 2211 2421 principatus
2232 2366 2396 2423 super
2424 2353 2713 2409 humerum
2747 2356 2886 2425 ejus,
2916 2364 2970 2411 et
2994 2368 3218 2413 vocatur
3238 2373 3436 2415 nomen

1873 2442 1993 2511 ejus
2026 2444 2204 2513 magni
2236 2444 2456 2499 consilii
2485 2445 2734 2516 angelus.
2793 2448 3046 2517 princeps
3089 2449 3259 2519 pacis,
3291 2448 3435 2502 Deus

1873 2532 2055 2603 fortis,
2079 2534 2377 2602 potentiam
2400 2535 2634 2600 habens,
2662 2545 2813 2605 pater
2844 2537 3010 2593 futuri
3036 2541 3207 2595 seculi
3228 2540 3295 2595 “.
3334 2558 3358 2595 ι

192 2622 350 2693 ώμου
383 2624 581 2690 αὑτοῦ,
629 2628 723 2679 καὶ
754 2626 997 2680 καλεῖται
1036 2626 1095 2680 τὸ
1131 2626 1299 2698 ὄνομα
1330 2626 1490 2681 αὑτοῦ
1528 2627 1767 2700 μεγάλης
1805 2627 1998 2698 βουλῆς
2058 2628 2308 2697 ἅγγελος,
2344 2628 2526 2701 ἄρχων
2585 2631 2826 2704 εἰρήνης,
2856 2633 2987 2698 Θεὸς
3020 2635 3255 2709 ἰσχυρὸς,
3285 2635 3437 2703 ἔξου-

196 2720 426 2791 σιαστὴς
448 2762 464 2785 ,
496 2721 674 2794 πατὴρ
698 2721 791 2775 τοῦ
826 2722 1109 2793 μέλλοντος
1133 2722 1345 2787 αἰῶνος.
1396 2742 1414 2776 ι

726 2840 1115 2892 ΚΕΦΑΛΑΙΟΝ
1152 2842 1254 2893 ΙΑ’.

208 2958 304 3021 Ὠς
337 2955 437 3009 καὶ
478 2953 677 3009 Ἰακὼὸ
712 2952 817 3006 τὸν
865 2952 1323 3019 προδηλωθέντα
1354 2954 1453 3008 καὶ
1492 2954 1641 3008 Θεὸν
1669 2955 1768 3009 καί

2471 2837 2701 2893 CAPUT
2750 2838 2843 2893 XI.

1877 2950 2029 3018 Quod
2061 2951 2219 3006 etiam
2241 2950 2409 3023 Iacob
2433 2968 2573 3016 eum,
2614 2952 2678 3005 de
2718 2968 2819 3023 quo
2854 2952 3089 3021 proxime
3116 2952 3314 3009 dictum
3334 2967 3439 3021 est,

269 3029 508 3103 ῌύριοκ,
534 3026 631 3103 καὶ
654 3024 727 3090 δὴ
755 3022 852 3103 καί
879 3024 1155 3103 ἄγγελλον,
1184 3025 1395 3103 ὁμοίιος
1428 3023 1505 3103 τῷ
1540 3026 1780 3103 Ἀϐραὰμ

1951 3031 1999 3074 et
2031 3023 2193 3103 Deum
2225 3032 2273 3075 et
2303 3022 2607 3103 Dominum,
2631 3032 2883 3103 prwterea
2909 3027 3145 3103 angelum
3171 3027 3437 3090 similiter,

269 3092 696 3163 éri‘trdptbzwv
736 3092 995 3162 σχήματι
1041 3096 1241 3162 θεωρεῖ
1279 3093 1377 3147 διὰ
1434 3093 1543 3162 τῆς
1584 3092 1771 3161 οὕτως

273 3168 535 3235 ἐχούσης
561 3165 848 3232 ἱστορίας.

279 3299 299 3330 ι
349 3280 605 3342 Ἀναστὰς
646 3278 701 3333 δὲ
748 3278 844 3349 τὴν
884 3277 1055 3331 νύκτα
1100 3279 1335 3350 ἐκείνην,
1371 3278 1529 3331 ἔλαϐε
1557 3279 1654 3342 τὰς
1680 3280 1772 3334 δύο

196 3374 485 3442 γυναῖκας,
511 3372 603 3424 καὶ
628 3371 726 3433 τὰς
750 3369 842 3423 δύο
870 3371 1179 3435 παιδίσκας,
1208 3372 1301 3424 καὶ
1329 3372 1396 3426 τὰ
1423 3372 1613 3426 ἕνδεκα
1646 3390 1773 3427 παι-

194 3464 286 3517 δία
339 3464 500 3517 αὑτοῦ
521 3504 536 3528 ,
572 3463 667 3515 καὶ
697 3461 848 3532 διέϐη
875 3463 971 3533 τὴν
1003 3462 1249 3517 διάϐασιν
1286 3463 1383 3535 τὴν
1420 3464 1612 3518 Ἰακώϐ
1635 3482 1649 3495 ο
1681 3466 1773 3520 καὶ

199 3556 393 3609 ἔλαϐεν
456 3557 680 3618 αὐτοὺς,
732 3554 826 3607 καὶ
871 3554 1142 3607 διεϐίϐασε
1216 3556 1391 3609 πάντα
1441 3556 1508 3609 τὰ
1557 3556 1768 3611 ἑαυτοῦ.

212 3648 545 3717 Ὑπελεῐφθη
566 3647 622 3699 δὲ
655 3646 846 3699 Ἰακὼϐ
875 3648 1053 3716 μόνος,
1086 3648 1177 3701 καί
1206 3647 1432 3701 ὲπάλαιε
1465 3650 1580 3718 μετ’
1607 3648 1771 3702 αὑτοῦ

202 3738 485 3809 ἄνθρωπος
523 3738 626 3801 ἕως
668 3739 831 3809 πρωῒ.
867 3734 988 3791 Εἶδε
1040 3739 1126 3803 δὲ,
1168 3739 1246 3792 ὅτι
1285 3739 1343 3792 οὺ
1377 3738 1594 3793 δύναται
1639 3741 1773 3811 πρὸς

200 3833 386 3893 αὑτὸν,
430 3832 524 3883 καὶ
548 3829 723 3900 ἥψατο
752 3830 845 3884 τοῦ
875 3831 1110 3891 πλάτους
1142 3830 1230 3883 τοῦ
1262 3830 1435 3902 μηροῦ
1464 3832 1649 3895 αὑτοῦ,
1680 3832 1773 3886 καὶ

202 3926 474 3997 ὲνάρκησε
496 3924 556 3975 τὸ
580 3922 778 3986 πλάτος
801 3922 892 3975 τοῦ
916 3920 1089 3993 μηροῦ
1118 3920 1330 3987 Ἰακὼϐ,
1351 3923 1408 3974 ὲν
1430 3922 1507 3991 τῷ
1527 3923 1775 3977 παλαίειν

201 4016 365 4070 αὐτὸν
417 4016 534 4085 μετ’
576 4013 759 4068 αὐτοῦ.
823 4015 932 4067 Καὶ
979 4009 1132 4067 εἶπεν
1179 4012 1363 4083 αύτῷο
1438 4014 1773 4069 Ἀπόστειλον

206 4125 309 4177 με’
362 4106 530 4176 ἀνέϐη
564 4104 671 4176 γάρ
713 4107 742 4159 6
779 4105 992 4177 ὄρθρος.
1053 4105 1111 4157 Ὀ
1158 4105 1214 4158 δὲ
1268 4101 1452 4158 εἶπεν·
1501 4106 1573 4158 Οὐ
1610 4107 1683 4177 μή
1714 4124 1772 4159 σε

201 4198 539 4261 ἀποστείλω,
578 4198 672 4251 ἐὰν
728 4198 800 4268 μή
860 4214 926 4268 με
974 4196 1289 4268 εὐλογήσης.
1339 4192 1471 4248 Είπε
1513 4197 1559 4250 δ’
1590 4197 1768 4267 αὐτῷ·

200 4288 267 4340 Τί
326 4288 388 4340 τὸ
455 4285 626 4356 ὄνομά
694 4303 815 4349 σου;
874 4285 930 4338 Ὁ
979 4285 1035 4337 δὲ
1104 4280 1289 4337 εἶπενο
1360 4283 1570 4339 Ἰακώϐ.
1640 4282 1773 4340 Εἶπε

1945 3101 2003 3143 ut
2025 3092 2289 3144 Abraham
2328 3093 2379 3145 in
2405 3093 2629 3145 hominis
2660 3094 2833 3159 [arma
2866 3095 3263 3162 contemplatur,
3299 3099 3353 3151 in
3377 3116 3442 3152 ea

1942 3161 2167 3216 historia
2194 3178 2309 3230 quae
2341 3163 2417 3215 sic
2464 3179 2518 3215 se
2557 3164 2736 3219 habet.

1947 3292 1966 3327 ι
2001 3274 2242 3346 Surgens
2276 3282 2455 3329 autem
2489 3284 2648 3332 nocte
2673 3277 2783 3339 illa,
2811 3278 3018 3346 accepit
3047 3277 3185 3335 duas
3209 3295 3435 3347 uxores,

1873 3381 1936 3422 ac
1979 3367 2114 3422 duas
2163 3366 2418 3430 famulas,
2468 3374 2523 3423 et
2568 3367 2820 3422 undecim
2870 3368 3129 3437 puerulos
3182 3385 3337 3432 suos.
3384 3380 3444 3429 et

1871 3460 2124 3515 transivit
2165 3460 2363 3514 vadum
2416 3458 2608 3524 Iacob,
2640 3467 2695 3515 et
2728 3462 2937 3528 accepit
2969 3476 3083 3527 eos,
3121 3470 3175 3517 et
3197 3464 3440 3519 traduxit

1871 3552 2053 3608 omnia
2105 3566 2225 3606 sua.
2292 3550 2360 3604 Et
2429 3551 2656 3606 relictus
2716 3559 2801 3607 est
2853 3552 2969 3622 ipse
3026 3551 3196 3609 Iacob
3249 3556 3439 3622 solus,

1871 3651 1926 3699 et
1949 3643 2258 3698 luctabatur
2281 3657 2405 3697 cum
2442 3657 2507 3697 eo
2537 3642 2698 3698 homo
2721 3658 2897 3713 usque
2928 3659 3106 3698 mane.
3159 3644 3309 3702 Vidit
3341 3664 3441 3703 au-

1872 3746 1977 3791 tem
2001 3737 2145 3807 quod
2169 3752 2278 3791 non
2300 3743 2483 3807 posset
2505 3736 2967 3799 adversus'illum,
2987 3745 3041 3791 et
3064 3739 3243 3809 attigit
3264 3741 3445 3795 latitu-

1872 3827 2051 3883 dinem
2074 3828 2295 3885 femoris
2308 3830 2354 3899 ej
2364 3846 2446 3893 us,
2465 3835 2519 3884 et
2543 3829 2747 3899 torpuit
2765 3829 2994 3883 latitudo
3014 3830 3234 3887 femoris
3249 3831 3441 3909 Iacob,

1873 3918 2000 3973 dum
2032 3920 2332 3974 luctaretur
2359 3919 2448 3973 hic
2477 3934 2601 3974 cum
2635 3919 2747 3974 illo.
2785 3917 2850 3971 Et
2876 3919 3014 3974 dixit
3062 3922 3113 3976 ei
3159 3942 3172 3977 :
3222 3922 3444 3978 Dimitte

1873 4025 1980 4075 me,
2012 4010 2260 4065 ascendit
2287 4010 2433 4064 enim
2467 4024 2687 4065 aurora.
2729 4008 2830 4065 Hic
2860 4026 2990 4067 vero
3019 4012 3158 4067 dixit
3189 4033 3201 4068 :
3234 4012 3355 4092 Non
3384 4022 3443 4071 te

1872 4103 2159 4169 dimittam,
2202 4102 2309 4158 nisi
2352 4103 2486 4157 mihi
2530 4103 2894 4161 benedixeris.
2940 4103 3087 4160 Dixit
3116 4116 3297 4161 autem
3332 4107 3382 4163 ei
3420 4126 3437 4164 :

1874 4194 2027 4261 Quod
2062 4202 2144 4250 est
2172 4209 2371 4251 nomen
2403 4196 2599 4249 tuum?
2627 4197 2696 4276 At
2726 4196 2815 4251 hic
2846 4196 2985 4252 dixit
3013 4199 3063 4253 ei
3099 4216 3112 4253 :
3157 4196 3344 4254 Iacob.
3374 4198 3447 4257 Et

1873 4288 2010 4341 dixit
2033 4286 2082 4341 ei
2107 4304 2121 4341 :
2148 4285 2270 4341 Non
2295 4288 2527 4359 amplius
2539 4287 2711 4345 Iacob
2732 4290 3013 4345 vocabitur
3039 4305 3239 4346 nomen
3265 4301 3440 4350 tuum.

196 4379 243 4434 δ’
297 4377 461 4449 αύτῷ·
513 4379 708 4432 οὐκέτι
756 4376 947 4432 Ἰακὼϐ
977 4376 1303 4448 κληθήσεται
1353 4378 1413 4431 τὸ
1437 4378 1605 4449 ὄνομά
1639 4397 1762 4441 σου,
1797 4382 1800 4434 ζ

1875 4376 2031 4447 237
2060 4377 2152 4433 sed
2178 4374 2343 4433 Israel
2378 4378 2483 4434 erit
2510 4395 2708 4435 nomen
2737 4386 2890 4434 tuum
2937 4397 2952 4434 :
2987 4382 3245 4451 quoniam
3293 4383 3440 4439 inva-

200 4472 316 4526 ἀλλ’
349 4471 563 4542 Ἰσραὴλ
591 4471 739 4524 ἔσται
763 4470 823 4523 τὸ
851 4471 1020 4541 ὸνομά
1054 4487 1145 4523 σου
1169 4487 1183 4501 ·
1211 4470 1292 4523 ὅτι
1316 4471 1599 4541 ἐνίσχυσας
1630 4471 1765 4543 μετὰ

200 4563 358 4627 Θεοῦ,
394 4565 486 4617 καὶ
520 4564 633 4634 μετ’
668 4561 961 4634 ἀνθρώπων
992 4562 1211 4626 δυνατὸς
1257 4561 1373 4634 ἔσῃ.
1419 4563 1769 4635 Ἠρώτησεδὲ

208 4654 430 4720 Ἰακὼϐ,
463 4655 558 4708 καὶ
590 4650 738 4708 εἶπεν
757 4672 770 4685 ε
818 4654 1156 4723 Ἀνάγγειλόν
1203 4672 1291 4725 μοι
1326 4655 1386 4708 τὸ
1422 4655 1594 4727 ὄνομά
1654 4673 1766 4721 σου.

195 4748 311 4801 Καὶ
344 4744 527 4801 εἶπενσ
566 4749 681 4800 Ἵνα
728 4747 781 4799 τί
832 4746 994 4800 τοῦτο
1044 4749 1271 4819 ἐρωτᾷς,
1307 4748 1366 4801 τὸ
1414 4748 1583 4819 ὄνομά
1635 4767 1769 4820 μου;

201 4841 313 4893 Καὶ
357 4839 649 4909 εύλόγησεν
702 4838 863 4892 αὑτὸν
922 4842 1054 4902 ἐκεῖ,
1089 4841 1181 4891 καὶ
1228 4839 1449 4893 ἐκάλεσε
1498 4840 1560 4893 τὸ
1602 4842 1771 4912 ὄνομα

194 4929 295 4983 τοῦ
308 4929 477 4982 τόπου
498 4928 701 4982 ἐκείνου
729 4929 943 4994 Ἰακὼϐ,
961 4925 1136 4995 Εἶδος
1157 4929 1323 4984 Θεοῦ.
1342 4926 1494 4983 Εἶδον
1513 4930 1621 5001 γὰρ
1639 4930 1770 4984 Θεὸν

198 5022 493 5092 πρόσωπον
537 5020 672 5091 πρὸς
717 5020 1022 5091 πρόσωπον,
1056 5021 1151 5073 καὶ
1182 5020 1358 5091 ἐσώθη
1395 5024 1427 5092 ἠ
1462 5021 1605 5093 ψυχή
1643 5038 1763 5092 μου.

212 5110 477 5165 ’Δνέτειλε
508 5111 563 5165 δὲ
594 5111 738 5182 αύτῷ
781 5114 810 5164 6
847 5113 1015 5183 ἥλιος,
1047 5112 1207 5183 ἡνίκα
1252 5113 1497 5183 παρῆλθε
1524 5113 1586 5166 τὸ
1631 5108 1768 5177 εἶδος

196 5203 294 5256 τοῦ
318 5202 477 5256 Θεοῦ.
523 5223 541 5256 ›
570 5202 660 5275 Τῷ
694 5204 790 5275 μὲν
840 5207 1025 5259 Μωσεί
1056 5207 1269 5277 εἴρητο·
1306 5224 1323 5256 ι
1357 5205 1542 5270 Οὐδεὶς
1585 5205 1773 5275 ὄψεται

196 5295 261 5348 τὸ
287 5295 575 5365 πρόσωπόν
615 5313 714 5367 μου
748 5298 840 5351 καὶ
878 5295 1119 5367 ζήσεται·
1151 5316 1171 5350 ι
1204 5298 1263 5351 ὲν
1285 5297 1492 5361 τούτοις
1517 5298 1573 5351 δὲ
1604 5298 1632 5350 ὁ
1676 5297 1777 5351 Ἰα-

199 5386 319 5440 κὼϐ
372 5382 477 5440 εἶδε
524 5387 656 5440 Θεὸν
704 5389 802 5459 οὐχ
852 5388 1059 5454 ἁπλῶς,
1114 5388 1247 5443 ἀλλὰ
1299 5389 1588 5458 πρόσωπον
1640 5390 1774 5460 πρὸς

201 5479 523 5550 πρόσωπον·
560 5481 652 5533 καὶ
676 5481 864 5545 σωθείς
895 5498 958 5549 γε
979 5482 1039 5535 ού
1072 5481 1133 5535 τὸ
1165 5481 1344 5553 σῶμα,
1378 5482 1513 5536 ἀλλὰ
1542 5481 1640 5553 τὴν
1668 5480 1775 5551 ψυ-

301 5633 352 5666 "
385 5634 518 5692 Gen.
553 5651 702 5703 xxxi,
734 5637 814 5691 II.

911 5637 956 5670 ⁸³
986 5637 1114 5693 ibid.
1155 5636 1238 5703 12,
1268 5637 1358 5694 I3.
1389 5636 1434 5671 ⁵³
1464 5638 1567 5695 lsa.
1595 5652 1669 5703 rx,
1704 5634 1759 5694 6.
1836 5636 1877 5668 ⁸⁸
1909 5634 2042 5691 Gen.
2080 5648 2252 5700 xxxii,
2287 5633 2481 5690 9.2.51.

1873 4469 2021 4525 luisti
2045 4485 2169 4525 cum
2221 4468 2351 4538 Deo,
2384 4472 2549 4526 etiam
2582 4486 2705 4525 cum
2735 4472 3051 4529 hominibus
3087 4482 3282 4544 potens
3307 4474 3437 4530 eris.

1876 4561 2237 4631 Interrogavit
2255 4577 2386 4617 vero
2415 4561 2584 4618 Iacob
2609 4572 2662 4618 et
2690 4563 2766 4618 ait
2793 4582 2805 4617 :
2844 4562 3027 4620 Indica
3077 4566 3210 4619 mihi
3243 4581 3443 4622 nomen

1875 4663 2052 4709 tuum.
2103 4653 2171 4707 Et
2211 4654 2286 4708 ait
2326 4674 2339 4710 :
2378 4653 2519 4721 Quid
2564 4656 2638 4710 ila
2667 4657 2868 4727 quaeris
2898 4672 3093 4713 nomen
3123 4658 3346 4712 meum?
3376 4658 3443 4711 Et

1880 4744 2159 4800 benedixit
2190 4744 2239 4799 ei
2279 4744 2336 4798 in
2378 4746 2472 4800 illo
2514 4746 2655 4811 loco,
2700 4755 2754 4801 et
2798 4749 3011 4803 vocavit
3047 4745 3216 4803 Iacob
3242 4763 3441 4803 nomen

1876 4836 1985 4891 loci
2025 4837 2196 4901 illius,
2230 4834 2464 4906 Speciem
2508 4835 2629 4891 Dei.
2659 4837 2865 4908 Aspexi
2895 4838 3040 4893 enim
3089 4836 3259 4892 Deum
3301 4837 3443 4894 facie

1878 4928 1947 4983 ad
1980 4927 2175 4983 faciem
2213 4947 2227 4982 :
2269 4935 2323 4983 et
2351 4935 2565 4983 servata
2613 4938 2697 4985 est
2738 4930 2918 4983 anima
2968 4944 3109 4983 mea.
3164 4927 3331 4985 Ortus
3358 4939 3442 4984 est

1875 5028 2055 5077 autem
2094 5021 2172 5075 illi
2202 5022 2305 5089 sol,
2337 5035 2461 5076 cum
2512 5023 2801 5077 transisset
2850 5021 3057 5091 species
3095 5020 3185 5075 Dei
3215 5021 3283 5077 ⁸⁸.
3323 5039 3344 5074 ι
3374 5019 3442 5075 Et

1873 5110 2009 5167 Mosi
2027 5112 2241 5183 quidem
2255 5100 2456 5167 dicttim
2471 5120 2555 5167 est
2568 5131 2580 5166 :
2591 5131 2611 5163 ι
2632 5110 2825 5166 Nullus
2840 5112 3043 5166 videbit
3059 5110 3248 5165 faciem
3265 5126 3440 5166 meam

1872 5212 1928 5259 ct
1960 5205 2105 5259 vivet
2128 5202 2207 5258 “z
2241 5223 2259 5256 ι
2295 5202 2385 5257 hic
2410 5212 2587 5259 autem
2606 5201 2775 5259 Iacob
2806 5202 2942 5257 vidit
2972 5200 3138 5257 Deum
3169 5216 3278 5255 non
3309 5202 3442 5256 sim—

1873 5297 2112 5370 pliciter,
2147 5297 2241 5353 sed
2280 5296 2420 5352 facie
2448 5297 2516 5351 ad
2548 5296 2742 5351 faciem
2788 5315 2802 5348 :
2834 5304 2890 5351 et
2923 5312 3045 5350 cum
3075 5302 3322 5350 servatus
3345 5310 3440 5350 es-

1878 5398 1983 5453 set,
2010 5406 2119 5445 non
2154 5404 2403 5460 corpore,
2431 5389 2524 5445 sed
2543 5388 2749 5450 animo,
2780 5388 2846 5441 ad
2875 5387 3253 5458 appellationis
3274 5384 3444 5443 Israel

1880 5480 2201 5551 dignitatem
2233 5488 2545 5550 assumptus
2571 5486 2676 5544 est,
2712 5491 2833 5551 quae
2856 5492 2986 5531 sane
3014 5474 3301 5545 appellatio
3325 5472 3448 5533 anl—

2590 5636 2637 5669 "°
2667 5634 2847 5697 Exod.
2882 5643 3059 5696 xxxii,
3082 5628 3173 5686 20.
