3866 6202
495 233 605 294 587

1148 233 1422 292 'EUSEBII
1458 234 1934 291 (JASSARIENSIS
1971 235 2063 291 0Ρῖ

2165 233 2322 289 >Αιιε
2359 232 2539 288 ιιπς-
2572 187 3068 286 APOLDGETICA.

3628 230 3731 286 388

499 366 712 406 marum
746 347 1085 420 cognominis
1108 355 1230 402 est:
1267 347 1534 417 siquidem
1569 348 1745 418 ipsum
1777 347 1946 404 Israel
1968 363 2063 403 no—

2167 345 2286 417 χὴν,
2320 345 2426 422 τῆς
2467 345 2558 398 ἐπὶ
2587 346 2679 397 τὸν
2724 343 2938 414 Ἰσραὴλ
2970 317 3351 413 προσωνυμίαις
3381 345 3606 417 ἠξιώθη,
3641 364 3727 416 φε-

501 459 647 507 men,
713 443 758 497 si
818 440 1216 509 interpreteris,
1264 438 1516 493 videntem
1561 439 1728 494 Deum
1775 441 2063 511 signiﬁcat.

499 531 618 586 Non
652 531 815 600 igitur
837 537 1044 598 patrem
1072 527 1239 583 Deum
1261 528 1418 592 vidit,
1440 529 1535 584 sed
1559 529 1726 584 Deum
1751 530 1940 595 lilium,
1968 548 2067 586 cu-

497 624 588 693 jus
617 623 780 677 etiam
813 621 1090 675 curiosius
1125 622 1542 691 appellationem
1576 624 1839 692 quaerenti
1871 623 2061 689 Jacob,

500 715 740 771 nondum
776 723 894 768 erat
931 713 1247 768 enuntiandi
1294 723 1506 783 tempus
1558 733 1570 769 :
1621 715 1764 784 quod
1793 716 1839 770 si
1874 731 2064 786 quem-

499 807 642 876 piam
673 821 738 860 εχ
787 807 1019 877 angelis,
1051 815 1146 860 aut
1191 821 1258 860 ex
1301 808 1391 873 iis,
1425 807 1516 876 qui
1556 809 1754 862 cmlum
1794 808 2062 874 incolunt,

497 898 700 954 divinis
729 899 1036 968 Spiritibus,
1069 914 1193 954 eum
1230 903 1323 970 qui
1361 900 1568 955 sanctis
1620 903 1842 955 oracula
1898 903 2063 956 mini-

498 992 709 1046 strabat
759 991 960 1061 aliquis
999 992 1308 1061 suspicetur
1355 1006 1499 1056 esse,
1545 992 1704 1062 plane
1741 992 2010 1062 decipitur
2046 1012 2060 1048 :

499 1081 602 1137 hoc
631 1097 696 1137 ex
729 1083 846 1153 ipso
881 1084 1164 1153 probatur,
1197 1082 1340 1152 quod
1369 1083 1457 1137 hic
1504 1083 1620 1152 ipse
1646 1083 1712 1139 de
1743 1099 1852 1154 quo
1888 1086 2065 1156 loqui-

499 1189 644 1238 mur,
695 1185 746 1230 et
782 1174 994 1229 Domini
1028 1183 1082 1230 et
1131 1174 1226 1229 Dei
1260 1175 1624 1244 appellatione
1668 1189 2060 1247 nuncupatur:

497 1265 700 1319 etenim
732 1270 788 1320 et
818 1264 984 1321 Deum
1017 1265 1194 1335 ipsum
1243 1266 1426 1320 divina
1461 1267 1745 1336 Scriptura
1778 1266 1940 1337 plane
1968 1282 2066 1322 vo-

498 1357 655 1420 citat,
692 1363 745 1411 et
774 1355 1063 1412 Dominum
1092 1358 1218 1412 item
1253 1359 1507 1446 appellat,
1545 1359 1666 1427 ejus
1697 1360 1932 1416 nominis
1966 1359 2066 1416 bo-

498 1457 688 1498 norem
717 1445 793 1498 illi
834 1445 1103 1510 tribuens,
1151 1446 1295 1517 quod
1339 1447 1480 1518 apud
1533 1447 1788 1504 Hebraeos
1829 1457 2066 1520 quatuor

501 1536 699 1593 litteris
725 1546 968 1604 notatur,
995 1538 1141 1610 quod
1185 1556 1317 1595 sane
1352 1540 1406 1594 in
1444 1556 1552 1596 una
1593 1540 1849 1596 inelIabili
1901 1549 2066 1612 atque

501 1628 556 1682 in
613 1629 993 1685 inenuntiabili
1050 1631 1142 1687 Dei
1203 1633 1563 1704 appellatione
1612 1649 1848 1704 ponere,
1910 1636 2065 1705 pueri

2173 437 2418 510 ρωνύμου
2469 435 2655 506 ψυχῶν
2698 434 3096 506 προσηγορίας,
3148 434 3200 487 εἴ
3246 453 3330 504 γε,
3383 438 3733 510 ἐρμηνευθὲν,

2166 531 2392 597 ὁρῶντα
2421 528 2568 581 Θεὸν
2592 527 2653 580 τὸ
2684 526 2896 598 Ἰσραὴλ
2915 526 3084 597 ὄνομα
3100 528 3369 597 σημαίνει.
3385 531 3497 582 Οὐκ
3519 529 3625 600 ἄρα
3641 529 3733 584 τὸν

2167 622 2258 675 ἐπὶ
2287 621 2502 674 πάντων
2533 619 2663 672 Θεὸν
2688 620 2852 690 ἐώρα·
2884 619 3110 689 ἀόρατος
3136 619 3243 690 γάρ
3275 613 3428 682 οὗτος
3458 621 3551 672 καὶ
3571 620 3730 690 ἄτρε-

2166 729 2317 775 πτος,
2341 713 2434 765 καὶ
2460 710 2707 783 οὐδαμῶς
2735 711 2802 765 ἂν
2824 713 2902 774 εἰς
2925 710 3204 781 ἄνθρωπον
3235 711 3569 781 μεταϐάλλοι,
3592 713 3733 774 ἀπά-

2168 821 2266 874 σης
2303 802 2378 856 ὢν
2424 803 2682 856 ἀνωτάτω
2713 803 3147 873 οὐσίας.Ἔτερον
3181 803 3306 874 ἄρα,
3341 799 3401 857 οὗ
3437 806 3526 857 καὶ
3563 805 3732 857 πολυ-

2166 895 2566 968 πραγμονοῦντι
2598 894 2786 965 καιρός
2819 911 2906 947 πω
2935 894 3034 946 οὐκ
3064 889 3132 964 ἦν
3159 893 3391 963 ἐκφάναι
3417 893 3494 964 τῷ
3538 895 3734 948 Ἰακὼϐ

2164 987 2261 1060 τὴν
2294 986 2680 1058 προσηγορίαν.
2703 986 2765 1038 El
2797 985 2851 1038 δὲ
2875 985 3116 1054 ἀγγέλων
3141 985 3283 1052 τινὰ,
3309 986 3340 1056 ἢ
3371 987 3478 1039 τῶν
3507 986 3624 1040 κατ’
3648 987 3739 1040 ού-

2168 1079 2326 1152 ρανὸν
2351 1079 2506 1132 θείων
2528 1079 2868 1148 πνευμάτων,
2887 1078 2976 1130 τὸν
2995 1081 3106 1142 τοῖς
3123 1079 3295 1148 ἁγίοις
3309 1079 3432 1142 τοὺς
3455 1081 3738 1150 χρησμοὺς

2164 1171 2568 1244 διακονούμενον
2593 1171 2850 1224 ὑπολάϐοι
2880 1167 3143 1236 τιςεῖναι,
3178 1172 3362 1242 σαφῶς
3391 1172 3702 1241 διέψευσται
3720 1189 3733 1202 ο

2163 1265 2321 1319 τοῦτο
2355 1266 2452 1337 μὲν
2474 1265 2582 1318 ἀπὸ
2611 1264 2705 1318 τοῦ
2737 1263 3220 1335 κυριολεκτεῖσθαι,
3251 1263 3346 1317 καλ⁵
3371 1263 3738 1333 θεολογεῖσθαι

2165 1356 2255 1409 τὸν
2285 1354 2608 1426 δηλούμενον
2628 1371 2640 1384 ⁸
2678 1355 2771 1408 καὶ
2801 1353 2908 1423 γὰρ
2926 1353 3021 1406 καὶ
3052 1353 3184 1407 Θεὸν
3215 1353 3376 1406 αὑτὸν
3400 1356 3431 1424 ἡ
3460 1353 3579 1406 θεία
3600 1355 3738 1426 Γρα-

2167 1447 2241 1518 φὴ
2274 1447 2566 1519 διαρρήδην
2600 1445 2937 1518 ἀναγορεύει,
2971 1446 3065 1499 καὶ
3111 1446 3311 1517 Κύριον
3350 1447 3636 1510 ἀποκαλεῖ,
3672 1451 3734 1518 τῇ

2165 1539 2254 1593 διὰ
2299 1539 2408 1592 τῶν
2451 1539 2730 1610 τεσσάρων
2762 1539 2890 1610 παρ’
2919 1537 3188 1608 Ἑϐραίοις
3221 1539 3499 1608 στοιχείων
3540 1542 3736 1610 ἐπιση-

2170 1629 2390 1702 μειώσει
2415 1629 2647 1700 τιμῶσα,
2684 1630 2750 1699 ἦν
2773 1629 2866 1682 ἐπὶ
2900 1627 3064 1700 μόνης
3092 1629 3190 1700 τῆς
3217 1630 3601 1700 ἁνεκφωνήτου
3647 1631 3736 1683 καὶ

499 1716 849 1774 Hebraeorum
879 1730 1282 1776 consueverunt
1314 1741 1326 1776 :
1362 1724 1622 1792 probatur
1662 1725 1825 1779 etiam
1877 1740 1940 1780 ex
1975 1739 2062 1789 eo,

2169 1721 2404 1791 ἀρρήτου
2439 1719 2806 1791 προσηγορίας
2836 1718 2936 1788 τῆς
2967 1717 3060 1770 τοῦ
3105 1717 3238 1771 Θεοῦ
3274 1719 3574 1772 συντιθέναι
3610 1721 3737 1774 παῖ·

497 1811 645 1880 quod
683 1812 1014 1884 ubicumque
1045 1812 1327 1884 Scriptura
1357 1816 1578 1884 angelos
1627 1816 1898 1886 appellare
1925 1816 2060 1881 vult,

497 1911 682 1974 aperte
699 1905 801 1960 hoc
823 1906 971 1971 facit,
998 1907 1326 1978 angelosque
1355 1908 1609 1978 distincte
1638 1909 1928 1979 signiﬁcat.
1949 1908 2065 1964 Sic-

500 2004 561 2050 ut
617 2011 711 2051 eos
752 1997 846 2066 qui
898 1997 952 2050 in
1003 1996 1258 2052 Sodomis
1301 2006 1478 2062 erant,
1511 2014 1636 2053 cum
1669 1999 1818 2069 impii
1856 2008 2059 2065 essent,

500 2088 546 2143 is
575 2089 666 2158 qui
697 2088 930 2144 Abrahm
961 2089 1316 2160 responderat
1346 2090 1491 2146 Deus
1531 2106 1594 2146 ac
1641 2090 1925 2156 Dominus,
1960 2107 2062 2148 suo

499 2179 732 2234 adventu
773 2181 1085 2250 neutiquam
1138 2180 1334 2251 dignos
1373 2180 1555 2246 elIicit,
1605 2181 2062 2250 quemadmodum

501 2287 691 2327 rursus
738 2272 870 2327 dicit
904 2271 1187 2344 Scriptura
1227 2273 1410 2328 divina
1446 2291 1460 2328 :
1502 2291 1520 2323 ι
1556 2272 1817 2329 Dominus
1844 2274 2061 2341 quidem

497 2365 652 2427 abiit,
689 2374 976 2436 postquam
1006 2365 1169 2421 desiit
1220 2367 1368 2437 loqui
1423 2381 1547 2421 cum
1595 2366 1889 2421 Abraham.
1944 2366 2063 2422 Duo

497 2471 628 2511 vero
656 2457 831 2527 angeli
889 2456 1126 2513 Sodoma
1160 2457 1410 2511 abierunt
1455 2456 1669 2526 vesperi
1729 2457 1795 2510 ".
1851 2475 1870 2508 ι
1927 2454 2062 2510 Item

500 2551 602 2620 ipsi
625 2548 796 2605 Jacob
827 2569 844 2600 ι
882 2551 1099 2605 obviam
1137 2557 1402 2604 venerunt
1430 2550 1607 2619 angeli
1658 2546 1775 2601 Dei.
1825 2547 1892 2600 Et
1935 2563 2061 2602 cum

497 2639 724 2693 vidisset
768 2638 924 2700 dixit,
957 2639 1146 2692 Castra
1178 2635 1272 2690 Dei
1305 2636 1441 2698 haec,
1498 2644 1553 2690 et
1595 2635 1808 2690 vocavit
1863 2649 2063 2691 nomea

499 2731 604 2785 loci
651 2730 821 2794 illius,
871 2728 1067 2782 Castra
1094 2729 1159 2781 ⁸⁸.
1202 2748 1220 2780 ι
1253 2725 1344 2782 Sic
1375 2742 1506 2781 sane
1539 2725 1632 2782 Dei
1661 2727 1870 2782 amicus
1898 2726 2064 2782 visio-

498 2839 595 2877 ncs
625 2821 968 2877 discernebat
996 2841 1008 2875 :
1044 2819 1273 2890 proinde
1300 2835 1446 2874 nunc
1479 2819 1699 2890 quidem
1725 2835 1922 2874 nomen
1955 2820 2062 2874 loci

497 2913 686 2968 Castra
718 2913 975 2983 appellat,
1006 2928 1071 2966 ex
1102 2928 1167 2967 eo
1197 2912 1344 2982 quod
1375 2913 1486 2968 illic
1515 2911 1834 2984 angelorum
1879 2922 2061 2970 castra

498 3007 709 3062 viderit.
743 3006 847 3061 Ubi
879 3013 1058 3060 autem
1097 3021 1222 3060 cum
1273 3006 1392 3075 ipso
1445 3004 1556 3060 Deo
1607 3005 1866 3077 loquitur,
1903 3015 2063 3062 vocat

498 3114 694 3153 nomen
722 3098 848 3162 loci,
883 3097 1126 3166 Speciem
1155 3097 1268 3165 Dei,
1320 3097 1406 3153 his
1432 3098 1614 3154 verbis
1651 3117 1664 3152 :
1706 3117 1725 3150 ι
1763 3098 1886 3154 Vidi
1915 3101 2059 3155 enim

502 3194 666 3248 Deum
701 3191 839 3247 facie
862 3192 930 3246 ad
966 3190 1178 3246 faciem.
1213 3211 1231 3242 ι
1266 3190 1409 3258 Quin
1436 3200 1489 3247 et
1518 3191 1652 3246 Mosi
1701 3194 1920 3262 quoties
1970 3209 2064 3264 ap-

499 3285 914 3355 paretangelus,
943 3283 1046 3337 hoc
1065 3283 1242 3354 ipsum
1257 3283 1438 3338 divina
1469 3281 1750 3354 Scriptura
1775 3284 2062 3356 signiﬁcat,

496 3379 689 3435 dicens
741 3397 752 3431 :
793 3377 956 3448 238
983 3395 1001 3428 ι
1031 3376 1296 3446 Apparuit
1338 3391 1467 3430 vero
1495 3376 1572 3430 illi
1599 3378 1823 3448 angelus
1851 3378 2064 3434 Domini

501 3471 554 3524 in
579 3468 794 3523 ﬂamma
824 3469 963 3540 ignis
994 3468 1114 3522 rubi
1133 3468 1202 3522 ".
1244 3488 1261 3520 ι
1290 3466 1515 3534 Quoties
1547 3484 1676 3525 vero
1706 3471 1753 3525 is
1777 3471 1868 3540 qui
1891 3471 1982 3540 jus
2010 3478 2065 3527 et

499 3568 822 3634 potestatem
854 3561 1037 3625 habet,
1073 3561 1189 3630 ipse
1222 3561 1414 3631 utique
1465 3561 1812 3616 oraculorum
1863 3570 1918 3617 et
1975 3579 2063 3618 re-

441 3701 444 3704 .
502 3669 829 3725 sponsorum
856 3661 1069 3720 auctor,
1100 3653 1177 3706 ita
1218 3653 1322 3707 hoc
1350 3653 1573 3724 planum
1607 3652 1758 3717 facit,
1803 3663 1862 3708 ut
1910 3654 2062 3709 illum

499 3756 554 3803 et
577 3747 862 3802 Dominum
890 3753 944 3801 et
971 3745 1163 3810 Deum,
1196 3760 1462 3816 nusquam
1511 3759 1640 3801 vero
1684 3746 1932 3816 angelum
1964 3763 2064 3802 no-

501 3838 691 3894 minet.
740 3836 916 3892 Simili
951 3837 1162 3892 ratione
1213 3837 1377 3892 etiam
1413 3835 1470 3891 in
1502 3836 1640 3891 mari
1684 3835 1870 3892 Rubro
1903 3839 2063 3908 plane

500 3931 749 4000 angelum
781 3929 1179 3998 Dominumque
1194 3927 1499 3997 distinguit,
1525 3927 1615 3982 ubi
1647 3928 1723 3981 ait
1756 3948 1768 3983 :
1807 3947 1826 3980 ι
1869 3927 2064 3984 Sustu-

501 4022 670 4090 litque
700 4035 759 4075 se
791 4018 1015 4088 angelus
1044 4015 1140 4072 Dei
1165 4016 1259 4087 qui
1289 4016 1600 4070 ambulabat
1631 4022 1758 4071 ante
1787 4025 1968 4072 castra
1998 4017 2062 4070 li-

501 4115 700 4168 liorum
732 4111 923 4174 Israel,
969 4118 1023 4165 et
1052 4109 1188 4164 abiit
1235 4116 1357 4178 post
1386 4123 1500 4164 eos.
1533 4106 1768 4163 Sustulit
1797 4116 1976 4164 autem
2003 4124 2063 4163 se

501 4207 664 4262 etiam
698 4204 953 4259 columna
981 4202 1144 4257 nubis
1173 4217 1203 4254 a
1239 4201 1377 4256 facie
1407 4215 1598 4256 eorum
1624 4200 1690 4255 ‘°.
1737 4221 1756 4254 ι
1791 4200 2063 4267 Quemad-

502 4296 723 4352 modum
773 4295 829 4348 in
861 4284 1248 4365 superioribus
1277 4291 1542 4348 Dominus
1600 4291 1772 4347 forma
1824 4294 2061 4350 hominis

2165 1811 2253 1875 δες
2290 1810 2550 1882 Ἐϐραίων
2574 1809 2794 1862 εἰώθασι
2814 1826 2828 1840 ·
2855 1808 3011 1862 τοῦτο
3035 1807 3203 1861 δὲκαὶ
3225 1808 3331 1860 ἀπὸ
3355 1808 3447 1860 τοῦ
3471 1807 3736 1877 ἀγγέλους

2167 1904 2350 1974 σαφῶς
2380 1903 2652 1974 διορίζειν,
2687 1904 2774 1956 ὅτε
2814 1902 2878 1973 δὴ
2925 1898 3162 1971 βούλοιτο
3192 1900 3455 1969 ἀγγέλους
3496 1900 3683 1954 καλεῖν
3708 1903 3735 1953 ό

2164 1997 2341 2065 λόγος,
2374 1995 2560 2067 ῶσπερ
2591 1996 2717 2058 τοὺς
2745 1996 2802 2048 ὲν
2835 1993 3083 2062 Σοδόμοις
3112 1993 3324 2054 ἀσεϐεῖς
3348 1993 3525 2056 ὄντας,
3563 1995 3591 2046 ό
3642 1995 3737 2063 μὲν

2163 2088 2240 2160 τῷ
2274 2089 2520 2160 Ἀϐραὰμ
2542 2085 2892 2160 χρηματίζων
2915 2085 3046 2150 Θεὸς
3074 2085 3168 2138 καὶ
3203 2083 3404 2155 Κύριος
3435 2085 3537 2154 τῆς
3571 2085 3734 2140 αὑτοῦ

2165 2183 2460 2254 παρουσίας
2497 2181 2744 2252 οὐδαμῶς
2771 2181 2929 2245 ἀξιοῖ,
2951 2181 3026 2244 ὡς
3047 2176 3202 2242 αὖθις
3229 2181 3262 2250 ἡ
3285 2180 3404 2232 Θεία
3439 2179 3631 2253 Γραφῇ
3656 2179 3738 2233 λέ-

2163 2293 2275 2346 γει·
2317 2296 2335 2326 ι
2359 2276 2416 2329 '0
2459 2275 2556 2346 μὲν
2597 2277 2800 2346 Κύριος
2833 2273 3092 2344 ἀπῆλθεν,
3121 2273 3195 2336 ὡς
3237 2271 3510 2325 ἐπαύσατο
3561 2271 3738 2324 λαλῶν

2162 2367 2240 2439 τῷ
2273 2367 2519 2440 Ἀϐραάμ
2538 2383 2552 2398 ⁸
2595 2367 2645 2420 οἱ
2688 2367 2744 2420 δὲ
2776 2367 2868 2419 δύο
2899 2365 3116 2434 ἄγγελοι
3149 2365 3387 2435 ἀπῆλθον
3418 2366 3494 2428 είς
3526 2365 3740 2435 Σόδομα

2165 2457 2418 2528 ἑσπέρας.
2433 2476 2451 2507 ι
2468 2457 2576 2509 Kal
2587 2455 2662 2526 τῷ
2678 2455 2869 2510 Ἰακὼϐ
2885 2455 2940 2508 δὲ
2952 2474 2970 2506 ι
2993 2456 3324 2526 συνήντησαν
3341 2453 3554 2522 ἄγγελοι
3569 2453 3736 2509 Θεοῦ.

2164 2546 2272 2599 Καὶ
2307 2543 2429 2600 ίδὼν
2492 2541 2633 2607 εἷπε,
2681 2544 3002 2616 Παρεμϐολὴ
3051 2543 3184 2597 Θεοῦ
3244 2543 3402 2611 αῦτη,
3456 2544 3551 2595 καὶ
3605 2544 3739 2596 ἑκά-

2163 2637 2284 2690 λεσε
2306 2636 2368 2690 τὸ
2393 2637 2564 2706 ὄνομα
2590 2635 2681 2690 τοῦ
2701 2635 3092 2688 τόπουθὲκείνου
3118 2635 3509 2703 Παρεμϐολαί.
3539 2655 3558 2685 ι
3580 2633 3740 2687 Οὕτω

2161 2730 2220 2784 δὲ
2244 2732 2275 2785 ό
2301 2728 2550 2801 θεοφιλὴς
2574 2724 2632 2782 εῦ
2653 2727 2886 2800 διέκρινε
2906 2727 3004 2791 τὰς
3025 2727 3307 2790 ὀπτασίας,
3335 2727 3474 2780 ὥστε
3505 2727 3604 2779 νῦν
3643 2727 3741 2796 μὲν

2161 2821 2221 2874 τὸ
2252 2820 2420 2892 ὄνομα
2449 2821 2544 2873 τοῦ
2576 2820 2741 2872 τόπου
2767 2817 3113 2889 παρεμϐολὰς
3135 2817 3336 2880 καλεῖν,
3369 2816 3477 2869 ἀπὸ
3504 2816 3606 2886 τῆς
3633 2816 3742 2868 τῶι·

2162 2913 2464 2982 ἀγγελικῶν
2495 2910 2852 2984 παρεμϐολῶν
2885 2909 3029 2973 θέας.
3051 2911 3177 2963 Ὅτε
3213 2910 3268 2963 δὲ
3298 2908 3374 2979 τῷ
3419 2907 3538 2978 Θεῴ
3571 2925 3744 2979 προσ-

2162 3005 2354 3079 ομιλεῖ,
2383 3004 2536 3060 καλεῖ
2549 3005 2608 3058 τὸ
2627 3005 2792 3075 ὄνομα
2812 3002 2904 3056 τοῦ
2929 3004 3092 3057 τόπου
3109 2998 3259 3066 Εἶδος
3273 3001 3428 3064 Θεοῦ,
3447 3001 3740 3070 ἐπιλέγων⁸

2171 3120 2188 3152 ι
2219 3096 2372 3154 Εἶδον
2402 3099 2509 3173 γὰρ
2539 3099 2668 3151 Θεὸν
2697 3098 2985 3169 πρόσωπον
3018 3095 3154 3166 πρὸς
3183 3095 3489 3167 πρόσωπον.
3526 3113 3546 3146 ι
3581 3093 3742 3146 Ἀλλᾶ

2165 3194 2257 3247 καὶ
2297 3192 2372 3262 τῷ
2409 3193 2615 3256 Μωσεῖ,
2655 3192 2730 3244 ὅτ’
2757 3191 2984 3260 ἅγγελος
3022 3190 3384 3259 ἐπιφαίνεται,
3429 3188 3578 3241 τοῦτ’
3609 3189 3744 3242 αὐτὸ

2165 3286 2256 3338 καὶ
2283 3284 2455 3356 ὴθεία
2484 3283 2670 3355 Γραφὴ
2696 3284 2966 3355 σημαίνει,
2997 3282 3225 3350 λέγουσα
3251 3297 3261 3311 '
3287 3301 3304 3332 ι
3336 3281 3511 3352 Ὠφθη
3546 3281 3606 3334 δὲ
3638 3282 3743 3350 ἆγ-

2163 3377 2314 3446 γελος
2359 3377 2562 3448 Κυρίου
2602 3375 2750 3446 αύτῷ
2792 3379 2849 3429 ὲν
2887 3376 3042 3444 φλογὶ
3075 3375 3244 3446 πυρὸς
3275 3374 3455 3444 βάτου.
3490 3375 3660 3426 ι’Ὸτε
3689 3374 3746 3428 δὲ

2163 3470 2252 3522 τὸν
2278 3469 2558 3540 αὐθέντην,
2590 3469 2748 3522 αὑτὸν
2775 3468 2838 3539 δὴ
2863 3468 2952 3520 τὸν
2982 3467 3381 3538 χρηματίζοντα
3411 3466 3582 3536 δηλοῖ,
3608 3466 3744 3520 Θεὸν

2165 3562 2258 3614 καὶ
2289 3560 2511 3632 Κύριον,
2552 3559 2685 3614 ἀλλὰ
2730 3559 2911 3612 οὐκέτι
2951 3557 3178 3626 ἄγγελον
3211 3555 3482 3628 ὀνομάζει.
3502 3559 3744 3629 Ὁμοίως

2164 3654 2256 3706 καὶ
2304 3653 2394 3704 ἐπὶ
2443 3653 2539 3722 τῆς
2577 3649 2841 3722 Ἐρυθρᾶς
2868 3649 3141 3720 Θαλάσσης
3177 3647 3395 3718 διορίζει
3433 3652 3625 3717 σαφῶς
3650 3651 3743 3702 τὸν

2162 3744 2386 3813 ἄγγελον
2411 3745 2501 3796 καὶ
2533 3744 2622 3796 τὸν
2658 3743 2881 3813 Κύριον,
2913 3741 2980 3793 δι’
3006 3734 3080 3793 ὧν
3121 3758 3284 3812 φησιν
3304 3759 3317 3771 ·
3355 3760 3373 3791 ι
3400 3741 3594 3812 Ἐξῆρε
3624 3742 3686 3795 δὲ
3716 3745 3746 3796 ὁ

2164 3836 2388 3904 ἄγγελος
2415 3837 2508 3888 τοῦ
2542 3834 2676 3887 Θεοῦ
2706 3837 2733 3888 ό
2764 3832 3229 3906 προπορευόμενος
3250 3833 3348 3903 τῆς
3381 3835 3746 3906 παρεμϐολῆς

2161 3929 2268 3982 τῶν
2301 3928 2430 3981 υἱῶν
2461 3927 2696 4000 Ἰσραὴλ,
2733 3928 2826 3980 καὶ
2859 3925 3127 3997 ἐπορεύθη
3162 3927 3226 3976 ὲκ
3251 3924 3358 3976 τῶν
3391 3925 3618 3978 ὄπισθεν
3654 3928 3748 3979 αὖο

2162 4022 2289 4074 τῶν.
2309 4022 2495 4092 Ἐξῆρε
2521 4020 2575 4074 δὲ
2609 4023 2700 4074 καὶ
2727 4022 2755 4072 ὁ
2784 4019 2973 4082 στῦλος
3004 4019 3104 4088 τῆς
3127 4017 3353 4088 νεφέλης
3380 4018 3488 4070 ἀπὸ
3517 4018 3744 4088 προσὼ-

2165 4129 2266 4164 που
2303 4112 2500 4164 αὐτῶν.
2532 4112 2767 4180 »Ὥσπερ
2798 4109 2853 4161 δὲ
2876 4110 2968 4160 ἐπὶ
2993 4108 3100 4160 τῶν
3135 4108 3414 4179 προτέρων
3445 4109 3503 4160 ἐν
3534 4108 3749 4178 ἀνθρώ-

2163 4221 2264 4256 που
2295 4205 2530 4274 σχήματι
2555 4203 2662 4266 τοῖς
2693 4201 2939 4263 παλαιοῖς
2970 4203 2997 4253 ὁ
3020 4199 3218 4270 Κύριος
3249 4199 3603 4270 χρηματίζων
3633 4204 3749 4253 εἰσ-

2161 4295 2345 4365 ἦκται,
2388 4294 2528 4347 οὕτω
2553 4295 2646 4346 καὶ
2673 4292 2904 4346 ἐνταῦθα
2940 4291 3026 4344 διὰ
3063 4291 3308 4360 νεφέλης.
3341 4292 3449 4344 Καὶ
3486 4291 3746 4346 λέλεκται

500 4386 837 4458 respondens
881 4383 1120 4454 antiquis
1171 4383 1481 4449 inducitur,
1534 4386 1614 4440 sic
1653 4386 1756 4440 hoc
1801 4387 1922 4442 loco
1966 4402 2062 4456 per

2165 4388 2291 4457 γοῦν
2335 4386 2491 4456 ἑξῆς
2526 4405 2544 4437 ι
2568 4385 2826 4456 Ἐγενήθη
2868 4385 2923 4437 δὲ
2967 4385 3026 4436 ὲν
3065 4387 3130 4453 τῇ
3165 4382 3374 4453 φυλακῇ
3413 4386 3478 4454 τῇ
3511 4383 3742 4455 έωθινῇ,

499 4480 738 4536 nubem:
771 4478 953 4548 itaque
983 4477 1240 4546 deinceps
1267 4476 1432 4530 verba
1481 4476 1560 4532 sic
1589 4477 1790 4532 habent
1823 4497 1837 4532 :
1886 4497 1905 4530 ι
1958 4477 2062 4532 Fa-

501 4579 652 4627 ctum
680 4578 765 4626 est
790 4577 969 4624 autem
995 4571 1051 4623 in
1074 4568 1258 4640 vigilia
1289 4568 1577 4635 matutina,
1610 4578 1664 4624 et
1693 4571 1932 4639 respexit
1956 4569 2064 4625 Do-

503 4663 686 4718 minus
717 4662 774 4716 in
811 4668 993 4716 castra
1021 4659 1400 4731 IEgyptiorum
1430 4660 1486 4715 in
1517 4661 1772 4716 columna
1795 4662 1978 4728 nubis,
2010 4670 2065 4716 et

501 4769 597 4825 per
650 4761 820 4810 totam
855 4751 1060 4808 deserti
1106 4751 1381 4822 regionem
1433 4751 1490 4806 in
1540 4751 1793 4806 columna
1837 4767 1932 4822 per
1961 4767 2066 4806 nu-

501 4849 626 4903 bem
656 4847 724 4912 ‘1,
759 4866 777 4897 ι
821 4845 965 4900 Deus
999 4843 1136 4900 Mosi
1175 4844 1490 4915 respondet.
1521 4843 1688 4900 Plane
1734 4845 1898 4915 igitur
1928 4862 2065 4915 quo-

501 4942 604 4996 ties
627 4939 803 5010 angeli
835 4946 1086 4992 naturam
1117 4937 1292 4992 oratio
1343 4936 1650 5008 signiﬁcare
1702 4938 1837 5002 vult,
1885 4954 2063 5009 neque

504 5031 692 5091 Deum.
736 5045 912 5100 neque
963 5027 1275 5093 Dominum,
1308 5029 1402 5083 sed
1430 5028 1634 5099 absque
1670 5030 1778 5083 ulla
1811 5030 2061 5084 obscuri-

503 5129 611 5174 tate
659 5122 906 5190 angelum
943 5118 1186 5172 nominat
1216 5133 1230 5172 :
1279 5117 1490 5186 quoties
1532 5133 1660 5172 vero
1694 5117 1980 5172 Dominum
2009 5125 2063 5170 et

507 5217 695 5278 Deum,
725 5232 848 5269 cum
880 5213 971 5285 qui
1011 5221 1240 5284 apparet
1271 5210 1542 5281 intelligit,
1601 5210 1685 5264 his
1719 5211 1852 5279 ipsis
1884 5210 2064 5279 palam

505 5307 677 5360 utitur
734 5305 1126 5360 locutionibus.
1187 5304 1344 5369 Quod
1380 5317 1509 5356 vero
1543 5300 1826 5355 Dominum
1868 5300 2066 5354 Deum-

504 5414 611 5470 que
642 5414 746 5454 non
776 5413 897 5453 eum
936 5397 1202 5468 signiticet
1225 5395 1315 5465 qui
1346 5401 1499 5464 pater
1521 5401 1626 5456 est,
1659 5395 1788 5462 ipsa;
1821 5393 2068 5462 Scriptu-

602 5651 642 5681 "
679 5648 810 5704 Gen.
847 5661 999 5704 xvut.
1035 5649 1128 5716 '53;
1171 5662 1283 5712 xix,
1323 5645 1367 5700 ί.

1477 5642 1521 5675 ⁸⁸
1551 5640 1683 5697 Gen.
1730 5655 1901 5704 χχχιι,
1934 5637 1984 5703 l,
2025 5634 2078 5692 2.
2158 5635 2200 5668 ⁵⁸
2239 5632 2404 5687 Exod.
2445 5648 2526 5696 ιιι,
2558 5631 2610 5684 2.

2165 4481 2257 4533 καὶ
2304 4477 2565 4547 ὲπέϐλεψε
2613 4476 2814 4547 Κύριος
2850 4477 2929 4539 εἰς
2961 4477 3058 4548 τὴν
3105 4475 3450 4547 παρεμϐολὴν
3494 4477 3606 4528 τῶν
3641 4480 3746 4530 Αἱ-

2165 4573 2407 4640 γυπτίων
2439 4573 2495 4624 ὲν
2520 4570 2694 4640 στύλῳ
2738 4569 2907 4641 πυρὸς
2944 4570 3036 4622 καὶ
3077 4569 3322 4639 νεφέληςο
3369 4588 3385 4619 ι
3411 4568 3479 4620 δι’
3511 4569 3645 4638 ὅλης
3685 4570 3745 4622 δὲ

2163 4665 2265 4736 τῆς
2295 4665 2500 4735 ἐρήμου
2544 4665 2602 4717 ἐν
2632 4663 2804 4734 στύλῳ
2844 4663 2943 4734 τῆς
2972 4662 3199 4732 νεφέλης
3245 4665 3274 4715 ὁ
3322 4662 3452 4724 Θεὸς
3489 4663 3570 4734 τῷ
3613 4665 3752 4716 Μω-

2169 4760 2251 4810 σεῖ
2277 4755 2646 4827 χρηματίζων.
2685 4755 2948 4826 Ἀκριϐῶς
2982 4755 3088 4826 ἄρα
3115 4755 3203 4807 ὅτε
3239 4752 3336 4824 μὲν
3367 4753 3608 4821 ἀγγέλου
3641 4755 3752 4822 φύε

2171 4868 2254 4904 σιν
2278 4852 2306 4902 ὁ
2329 4850 2484 4918 λόγος
2506 4849 2698 4919 δηλοῦν
2726 4848 2990 4919 βούλεται,
3026 4847 3280 4901 οὐδέποτε
3314 4847 3448 4899 Θεὸν
3469 4847 3594 4899 οὐδὲ
3629 4848 3754 4901 Κύ-

2171 4961 2303 5015 ριον,
2329 4942 2444 4996 ἀλλ’
2476 4940 2921 5004 ἀνεπικαλύπτως
2967 4939 3190 5008 ἄγγελον
3234 4936 3519 5010 ὀνομάζει·
3559 4939 3651 4990 ὅτε
3685 4940 3752 4992 δὲ

2169 5037 2368 5108 Κύριον
2395 5037 2487 5088 xal
2517 5035 2647 5089 Θεὸν
2669 5032 2775 5086 οἶδε
2814 5033 2902 5086 τὸν
2924 5033 3356 5102 ἐπιφαινόμενον,
3389 5029 3616 5094 ταύταις
3646 5033 3753 5084 αὺ-

2166 5132 2286 5191 ταῖς
2318 5126 2501 5196 σαφῶς
2524 5129 2780 5198 κέχρηται
2810 5128 2926 5188 ταῖς
2955 5125 3306 5196 προσρήρεσι.
3332 5121 3535 5194 Κύριον
3561 5123 3622 5174 δὲ
3646 5124 3752 5174 καὶ

2167 5222 2296 5275 Θεὸν
2322 5222 2401 5274 ὅτι
2431 5220 2504 5291 μὴ
2533 5219 2620 5271 τὸν
2646 5221 2813 5272 αἴτιον
2836 5217 3001 5288 δηλοῖ,
3025 5216 3314 5287 προφανῶς
3337 5214 3620 5278 ἐπέδειξαν
3640 5216 3751 5284 τῆς

2170 5313 2318 5377 θείας
2347 5312 2569 5384 Γραφῆς
2611 5312 2665 5363 αἱ
2705 5309 2896 5374 λέξεις,
2929 5309 3152 5377 ἄγγελον
3179 5308 3312 5360 Θεοῦ
3342 5305 3750 5379 προσειποῦσαι

2169 5406 2259 5458 τὸν
2282 5407 2372 5459 ἐπὶ
2389 5405 2481 5458 τοῦ
2511 5402 2703 5457 Ἰακὼϐ
2722 5401 2922 5472 Κύριον
2947 5403 3040 5454 καὶ
3065 5400 3196 5454 Θεὸν
3220 5399 3748 5471 προωνομασμένον.

2723 5625 2768 5658 ε’
2793 5625 2960 5681 Exod.
2997 5641 3104 5691 xiv,
3141 5624 3224 5681 l9.
3321 5624 3360 5654 ‘“
3395 5621 3528 5677 ibid.
3575 5620 3678 5676 iri.
