3916 6200
232 178 340 233 383

1125 186 1774 276 ostioxsrnarioms
1814 188 2266 245 EVANGELlC/E
2308 191 2437 247 LIB.
2483 192 2547 246 v.
2604 174 2624 185 “

3368 205 3473 263 590

229 296 494 350 Λείπεταί
518 315 602 361 τις
645 299 753 367 ἄρα
790 300 863 354 ῶν
896 303 952 355 ἐν
983 305 1092 367 τοῖς
1136 300 1255 358 οὖσι
1287 306 1417 370 Θεὸς
1466 307 1559 361 καὶ
1606 308 1783 379 Κύριοι

1875 357 1882 367 ,
1908 323 1982 362 rae
2014 307 2212 364 divinze
2244 310 2549 366 locutiones
2577 312 2633 366 in
2668 314 3040 383 superioribus
3067 318 3471 377 evidentissima

230 390 370 456 μετά
415 388 505 442 τὸν
543 390 885 459 παμϐασιλέα
928 395 1019 447 καὶ
1059 395 1190 449 Θεὸν
1219 398 1325 451 τῶν
1350 399 1485 451 ὅλων
1500 384 1621 471 ἐἴη
1652 400 1696 452 δ’
1725 401 1789 453 ἂν

224 474 382 543 οὗτος
415 484 444 534 6
473 481 579 553 πρὸ
606 482 813 537 αίώνων
840 487 934 540 τοῦ
963 489 1093 541 Θεοῦ
1127 490 1315 559 Λόγος,
1355 493 1382 543 6
1409 491 1670 563 κρείττων
1696 492 1792 561 μὲν

225 570 256 640 ῆ
289 572 439 623 πᾶσα
466 571 723 644 ἀγγελικὴ
750 573 930 643 φύσις,
964 578 1129 647 μείων
1163 579 1219 632 δὲ
1248 578 1280 649 ἢ
1313 579 1452 633 κατά
1486 579 1547 634 τὸ
1581 580 1794 651 πρῶτον

227 680 428 716 αιτιον.

1894 401 2204 465 ostendunt,
2254 403 2343 456 ubi
2392 405 2642 473 angelum
2693 404 2787 460 Dei
2833 409 3100 477 appellant
3150 428 3294 478 eum,
3345 416 3440 484 qui

1898 507 2023 546 cum
2052 492 2118 547 de
2145 491 2314 549 Jacob
2348 510 2530 550 sermo
2558 504 2723 562 esset,
2772 496 3036 555 Dominus
3078 513 3131 557 et
3187 504 3330 561 Deus
3380 514 3468 563 est

1910 586 2245 641 nominatus.
2285 586 2547 657 Superest
2574 589 2737 659 igitur
2770 599 2828 646 ut
2858 608 3185 662 qumramus,
3211 598 3463 666 quisnam

1911 678 2004 744 sit,
2041 680 2095 733 in
2129 680 2195 734 iis
2221 696 2340 751 quae
2366 692 2510 746 sunt,
2547 680 2690 737 Deus
2732 694 2783 739 et
2821 684 3102 753 Dominus,
3151 697 3345 758 praeter
3368 706 3465 760 pa-

1911 779 2044 828 trem
2067 774 2331 836 omnium,
2355 781 2408 829 et
2432 791 2610 843 regem
2626 774 2902 847 Deumque
2918 781 3158 839 universi
3187 803 3200 839 :
3229 784 3335 839 erit
3357 799 3459 840 auc

220 857 331 904 tem
360 851 451 907 hic
484 849 716 909 Verbum
745 854 838 911 Dei
863 858 1007 929 quod
1033 867 1117 914 est
1154 868 1280 915 ante
1313 862 1534 927 saecula,
1571 864 1821 934 superior
1854 870 2072 939 quidem
2097 870 2242 924 omni
2266 870 2507 941 angelica
2538 876 2751 937 natura,
2780 872 3057 942 profectus
3100 884 3277 932 autem
3302 878 3370 932 ab
3396 894 3461 933 eo

219 948 312 1017 qui
340 958 494 1019 pater
529 961 633 1009 est.

743 1026 1138 1080 ΚΕΦΑΛΑῙΟΝ
1175 1028 1273 1083 IB’.

2487 1048 2715 1104 CAPUT
2753 1047 2867 1103 ΧΠ.

227 1107 327 1176 Ὠς
352 1106 522 1178 αὖθις
550 1114 647 1168 ἐπὶ
690 1116 794 1221 τρὲ)
822 1117 1017 1171 Ἰακὼϐ
1030 1118 1311 1221 ,δεύτερον
1352 1122 1500 1176 Θεὸν
1529 1125 1734 1193 σαφῶς
1763 1130 1783 1177 c‘

778 1204 882 1221 μιν.
910 1203 1023 1221 mm
1050 1204 1272 1221 πτωρ...

1902 1138 2053 1205 Quod
2092 1156 2274 1193 rursus
2320 1141 2375 1193 in
2423 1138 2590 1221 Jacob
2644 1143 2873 1221 genituri}
2912 1142 3107 1210 Deum,
3153 1148 3309 1213 plane
3342 1154 3457 1221 ipsa

703 1188 882 1255 λόγος
906 1190 1297 1256 παρίστησιν.

290 1289 311 1323 ί
334 1268 467 1326 Εἷπε
494 1274 549 1326 δὲ
584 1275 613 1328 6
635 1276 764 1341 Θεὸς
795 1278 1004 1333 Ἰακώϐ·
1040 1280 1306 1345 Ἀναστὰς
1333 1282 1563 1354 ἀνάϐηθι
1601 1287 1680 1346 είς
1703 1282 1792 1335 τὸν

210 1363 379 1416 τύπον
419 1365 638 1435 Βαιθὴλ,
672 1370 764 1423 καὶ
793 1371 929 1425 οἴκει
962 1373 1094 1436 ἐκεῖ,
1129 1375 1222 1428 καὶ
1254 1374 1477 1444 ποίησον
1500 1375 1791 1446 θυσιαστή-

2406 1213 2576 1264 oratio
2603 1227 2711 1280 pra:
2747 1229 2800 1265 se
2835 1214 2956 1281 fert.

1974 1313 1992 1345 ι
2031 1293 2175 1349 Dixit
2206 1302 2387 1351 autem
2410 1296 2552 1353 Deus
2583 1298 2650 1352 ad
2682 1298 2850 1355 Jacob
2887 1321 2898 1354 :
2934 1300 3104 1375 Surge
3135 1314 3188 1360 et
3221 1312 3457 1367 ascende

1896 1386 1949 1439 in
1978 1386 2154 1441 locum
2185 1386 2389 1455 Bethel,
2422 1396 2475 1444 et
2514 1390 2697 1445 habita
2726 1391 2858 1457 illic,
2904 1394 3072 1449 ct'fac
3134 1399 3302 1454 altare
3349 1401 3457 1458 Deo

214 1467 334 1521 ριον
361 1452 437 1523 τῷ
470 1455 612 1525 Θεῷ,
639 1456 717 1527 τῷ
742 1457 959 1527 ὀφθέντι
992 1479 1072 1514 σοι
1104 1464 1161 1515 ἐν
1187 1462 1265 1533 τῷ
1291 1464 1703 1536 ἀποδιδράσκειν
1736 1482 1783 1517 σε

1895 1477 1988 1547 qui
2018 1478 2113 1531 tibi
2146 1452 2417 1548 apparuit,
2444 1466 2573 1535 cum.
2608 1482 2823 1553 fugeres
2847 1498 2879 1537 a
2920 1483 3057 1539 facie
3099 1486 3241 1542 Esau
3269 1488 3455 1548 fratris

208 1543 324 1596 ἀπὸ
382 1546 666 1617 προσώπου
748 1551 919 1605 Ἠσαῦ
979 1554 1074 1608 τοῦ
1121 1555 1343 1623 ἀδελφοῦ
1396 1573 1508 1609 σου.
1564 1553 1697 1609 Eius
1734 1557 1783 1610 δὲ

1894 1543 1992 1623 tui.
2030 1567 2095 1621 Et
2121 1543 2259 1623 dixit
2282 1543 2451 1625 Jacob
2475 1543 2822 1636 domuivsuae,
2852 1583 2906 1628 et
2924 1577 3175 1632 omnibus
3206 1580 3298 1648 qui
3328 1596 3450 1636 cum
3499 1552 3507 1565 ’

224 1633 425 1689 Ἰακὼὸ
474 1638 548 1707 τῷ
595 1639 727 1710 οἴκῳ
775 1643 942 1695 αὑτοῦ
991 1645 1085 1697 καὶ
1128 1648 1259 1699 πᾶσι
1291 1650 1402 1711 τοῖς
1437 1647 1555 1718 μεθ’
1587 1649 1783 1701 αὑτοῦ·

1892 1658 2010 1730 ipso
2037 1669 2194 1714 erant
2226 1680 2239 1715 :
2266 1661 2462 1717 Tollite
2485 1662 2616 1719 deos
2657 1664 2865 1719 alienos
2888 1665 2953 1720 de
2976 1668 3151 1722 medio
3179 1633 3369 1737 vestri,
3398 1681 3454 1729 et

213 1730 417 1799 Ἄρατε
445 1732 581 1795 ζτοὺς
614 1732 768 1798 θεοὺς
810 1736 935 1800 τοὺς
970 1738 1275 1810 ἀλλοτρίους
1320 1741 1383 1792 ἐκ
1415 1740 1577 1808 μέσου
1610 1742 1781 1812 ὑμῶν,

208 1819 302 1869 καὶ
328 1817 719 1891 καθαρίσασθε,
751 1825 842 1876 καὶ
872 1824 1132 1891 ἁλλάξατε
1158 1827 1256 1890 τὰς
1279 1828 1471 1891 στολὰς
1493 1830 1521 1881 ὑ
1530 1828 1665 1899 μῶν,
1688 1832 1784 1883 καὶ

207 1911 535 1975 ἀναστάντες
580 1914 866 1988 ἀναδῶμεν
911 1920 991 1981 είς
1040 1919 1616 1992 Βαιθήλ·ποιήσωμεν
1666 1923 1782 1975 ἐκεῖ

209 2003 590 2077 θυσιαστήριον
620 2006 696 2078 τῷ
724 2009 931 2081 Κυρίῳ,
961 2012 1323 2065 ὲπακούσαντί
1367 2030 1466 2083 μου
1513 2015 1569 2066 ἐν
1602 2015 1781 2086 ἡμέρᾳ

208 2097 465 2167 θλίψεως,
493 2100 551 2162 ὃς
579 2095 647 2171 ἦν
687 2104 801 2171 μετ’
832 2103 982 2173 ἐμοῦ,
1020 2104 1111 2156 καὶ
1141 2103 1311 2157 ἔσωσέ
1344 2122 1409 2175 με
1437 2106 1493 2157 ἐν
1520 2108 1583 2176 τῇ
1610 2106 1714 2175 ὁδῷ

212 2190 536 2261 ἐπορεύθην.
566 2212 583 2243 ι
606 2192 863 2247 Ἐνταῦθα
886 2196 914 2247 6
942 2192 1072 2258 Θεὸς
1096 2195 1256 2259 αὐτὸς
1281 2196 1309 2247 ὁ
1332 2195 1439 2249 τῶν
1462 2196 1617 2261 ὅλων,
1641 2199 1667 2250 6
1693 2198 1781 2267 p.6-

209 2299 294 2344 νος
312 2281 610 2352 ἀγέννητὸς
646 2285 736 2336 καὶ
767 2285 1023 2339 ἀνωτάτω
1056 2287 1290 2352 πάντων,
1308 2288 1407 2341 οὐκ
1426 2288 1628 2357 ὀφθεὶς,
1644 2288 1779 2343 ἀλλά

204 2374 306 2443 γὰρ
342 2374 588 2443 ἀοράτως
622 2377 964 2447 χρηματίσας
988 2378 1065 2449 τῷ
1097 2378 1308 2445 Ἰακὼϐ,
1344 2381 1568 2452 δυνάμει
1595 2399 1653 2434 τε
1686 2382 1777 2453 ἀρ-

202 2466 350 2536 ρήτῳ
378 2466 539 2519 αὐτὸν
566 2468 915 2541 ἀνακινήσας,
950 2471 1079 2543 περὶ
1111 2472 1297 2543 ἑτέρου
1331 2474 1515 2543 σαφῶς
1545 2477 1774 2527 ποιεῖται

196 2558 289 2609 τὸν
320 2558 501 2626 λόγον.
531 2556 664 2611 Εἶπε
688 2561 815 2628 γοῦν
841 2563 869 2614 6
897 2561 1027 2625 Θεὸς
1056 2562 1204 2633 αὐτῷ
1224 2580 1236 2593 ·
1275 2581 1294 2615 ‹
1326 2564 1555 2634 Ποίησον
1589 2564 1775 2618 θυσια-

196 2650 418 2722 στήριον
446 2650 522 2720 τῷ
551 2650 670 2720 Θεῷ
696 2650 773 2722 τῷ
798 2652 1011 2721 ὀφθέντι
1048 2671 1150 2709 σοι,
1178 2655 1300 2718 »Τίς
1318 2656 1363 2707 δ’
1383 2652 1449 2728 ἦν
1472 2658 1500 2709 6
1530 2673 1773 2728 προγραα

194 2740 319 2805 (pet;
371 2731 545 2806 ὦφθαι
597 2740 765 2810 αὐτῷ,
799 2741 1000 2813 ἀρτίως
1033 2746 1473 2815 παρεστήσαμεν,
1514 2745 1603 2798 τὸν
1640 2745 1771 2798 Θεὸν

100 2840 103 2841 ⁷
192 2830 369 2897 Λόγον
394 2825 531 2882 εἶναι
552 2830 959 2895 ἀποδείξαντες.

721 2945 1113 3000 ΚΕΦΑΛΑΙΟΝ
1139 2948 1235 3000 ιῐν.

205 3058 341 3112 Ἀπὸ
363 3058 469 3124 τῆς
514 3059 775 3123 Ἐξόδου.
801 3091 872 3102 --
906 3061 1000 3125 Ὡς
1024 3064 1055 3113 ό
1088 3060 1184 3113 ἐπὶ
1205 3059 1445 3113 πάντων
1469 3062 1631 3128 Θεὸς,
1662 3066 1765 3117 αὐ-

268 3129 373 3200 ζὸς
407 3130 489 3181 ὢν
519 3134 551 3183 ό
589 3131 662 3182 δι’
711 3129 967 3200 ἀγγέλου
1012 3131 1092 3194 τῷ
1136 3130 1362 3200 Μωσεῐν
1376 3130 1761 3199 χρηματίζων,

265 3195 457 3267 ὦφθαι
499 3200 617 3265 τοῖς
653 3195 969 3267 πατράσιν,
1007 3199 1204 3254 οὐκέτι
1239 3200 1312 3253 δι’
1338 3195 1613 3269 άγῖγέᾷίου,
1668 3202 1766 3255 διὰ

265 3269 338 3322 δὲ
361 3269 466 3322 τοῦ
485 3270 614 3324 Υἱοῦ
629 3270 919 3324 διδάσκει.

268 3403 284 3430 ι
312 3384 421 3435 Καὶ
447 3383 647 3453 Μωσῆς
680 3378 747 3454 ἦν
768 3383 1068 3453 ποιμαίνων
1099 3382 1167 3435 τά
1190 3380 1650 3454 πρόϐαταΊωθὼρ
1668 3382 1762 3436 τοῦ

187 3475 442 3546 γαμϐροῦ
471 3476 631 3528 αὑτοῦ
652 3493 663 3506 ·
700 3476 792 3529 καὶ
841 3472 1000 3547 ἦλθεν
1026 3478 1103 3537 είς
1129 3474 1187 3528 τὸ
1210 3474 1334 3545 ὅρος
1358 3474 1418 3526 τὸ
1448 3475 1504 3526 ἐν
1537 3475 1758 3545 Χωρήὸ.

192 3568 371 3638 Ὠερθη
398 3568 455 3620 δὲ
488 3566 631 3637 αὐτῷ
678 3566 907 3635 ἄγγελος
945 3566 1149 3638 Κυρίου
1177 3568 1232 3618 ἐν
1257 3565 1388 3636 πυρὶ
1425 3565 1619 3635 φλογὸς
1665 3566 1760 3635 βά-

187 3677 305 3713 του.
351 3679 368 3710 ι
408 3661 515 3711 Καὶ
547 3659 662 3728 μεθ’
693 3660 886 3729 ἔτεραο
930 3677 959 3710 «ν
986 3659 1072 3721 Ὠς
1102 3658 1157 3710 δὲ
1200 3653 1356 3723 εἶδεν,
1386 3658 1466 3710 ὅτι
1500 3660 1760 3729 προσάγει

191 3750 343 3811 ἰδεῖν,
392 3751 644 3804 ἐκάλεσεν
696 3751 855 3803 αὐτὸν
891 3752 954 3803 ὲκ
1005 3748 1169 3819 μέσου
1221 3749 1321 3817 τῆς
1353 3749 1513 3819 βάτου
1553 3749 1756 3816 λέγων·

186 3842 383 3911 Μωσῆ,
424 3842 615 3913 Minoi],
653 3841 725 3912 μὴ
769 3841 993 3912 ὲγγίσῃς
1041 3833 1160 3894 ὦδε.
1196 3838 1367 3892 Λῦσαι
1398 3839 1460 3892 τὸ
1511 3839 1758 3911 ὑπόδημα

188 3932 366 3985 τωδῶν
414 3950 502 3985 σου
523 3950 535 3962 ·
563 3936 591 3986 6
625 3933 732 4004 γάρ
758 3933 920 3995 τόπος
944 3934 1002 3985 ἐν
1033 3924 1076 3999 ᾧ
1108 3933 1171 3985 σὺ
1205 3931 1459 4002 ἕστηκας,
1509 3933 1579 4002 γῆ
1630 3932 1757 4000 ἁγία

185 4024 328 4077 ent.
368 4043 386 4075 ι
414 4025 523 4077 Καὶ
550 4027 665 4095 μετ’
695 4025 851 4093 ὀλίγα
873 4042 885 4054 ·
921 4043 941 4076 ι
974 4025 1084 4077 Καὶ
1112 4020 1230 4076 εἷπε
1266 4022 1466 4094 Κύριος
1492 4023 1627 4095 πρὸς
1658 4024 1756 4077 αὐ-

183 4115 312 4166 τόν·
368 4113 509 4182 Ἐγώ
557 4116 670 4185 είμι
712 4116 739 4167 ὁ
813 4112 907 4167 ὢν.
957 4132 975 4164 ι
1028 4114 1137 4166 Καὶ
1192 4108 1381 4175 αὖθις·
1428 4130 1446 4163 ‹
1501 4113 1755 4182 Ἐλάλησε

184 4205 391 4277 Κύριος
440 4204 576 4272 πρὸς
610 4203 835 4274 Μωσῆν,
883 4205 976 4258 καὶ
1023 4199 1142 4257 εἷπε
1192 4204 1327 4274 πρὸς
1365 4202 1556 4256 αὐτόν’
1618 4201 1755 4271 Ἐγὼ

181 4296 392 4369 Κύριος
414 4295 598 4366 ὤφθην
619 4296 753 4366 πρὸς
785 4294 1050 4368 Ἀϐραὰμ,
1076 4294 1169 4348 καὶ
1195 4294 1396 4356 Ἰσαὰκ,
1426 4294 1517 4347 καὶ
1545 4293 1750 4359 Ἰακὼϐ,

182 4389 319 4450 Θεὸς
338 4388 414 4441 ῶν
436 4387 629 4452 αὐτῶν,
655 4387 747 4440 καὶ
766 4386 827 4439 τὸ
850 4387 1019 4457 ὄνομά
1039 4404 1140 4457 μου
1163 4377 1260 4439 οὐκ
1279 4387 1522 4457 ἐδήλωσα
1551 4387 1750 4449 αὐτοῖς,

182 4481 279 4533 καὶ
304 4480 504 4549 ἕστησα
534 4479 630 4549 τὴν
662 4478 923 4549 διαθήκην
958 4496 1060 4548 μου
1096 4478 1230 4549 πρὸς
1251 4477 1463 4540 αὐτούς.
1498 4496 1516 4527 ι
1550 4477 1756 4548 Ὥσπερ

182 4573 274 4624 ἐπὶ
301 4572 410 4623 τῶν
442 4573 498 4623 ἐν
531 4568 835 4640 ἀνθρώποις
876 4570 1187 4641 προφητῶν,
1228 4570 1468 4633 Ἡσαΐου,
1514 4570 1643 4640 φέρε
1678 4570 1755 4622 εί-

182 4666 323 4725 ττεῖν,
353 4662 446 4715 καὶ
503 4661 783 4732 Ἱερεμίου,
826 4662 918 4714 καὶ
954 4662 1061 4714 τῶν
1093 4661 1512 4733 παραπλησίων,
1550 4660 1753 4732 ἄνθρω-

180 4772 281 4817 πος
316 4754 417 4824 μὲν
449 4749 516 4824 ἦν
545 4753 606 4806 τὸ
655 4752 950 4823 ὁρώμενον,
984 4752 1114 4815 Θεὸς
1154 4752 1208 4804 δὲ
1253 4755 1281 4805 ὀ
1315 4752 1402 4805 διὰ
1439 4751 1531 4805 τοῦ
1565 4770 1749 4820 φαινο-

179 4846 366 4916 μένου,
413 4842 557 4897 ὼσὰν
610 4843 675 4895 δι’
720 4843 951 4914 ὀργάνου
1012 4842 1314 4907 θεσπίζωνο
1358 4844 1450 4894 καὶ
1491 4843 1609 4894 τοτὲ
1648 4843 1746 4913 μὲν

175 4936 417 5009 Χριστοῦ
481 4936 797 5007 πρόσωπον,
869 4934 991 4988 τοτὲ
1055 4933 1110 4987 δὲ
1170 4933 1485 5004 Πνεύματος
1553 4934 1743 5002 ἀγίου,

176 5030 296 5082 τοτὲ
340 5029 399 5081 δὲ
442 5027 533 5081 τοῦ
590 5028 682 5081 ἐπὶ
742 5027 956 5080 πάντων
1010 5023 1144 5079 Θεοῦ
1195 5018 1283 5096 ἦν,
1337 5024 1425 5077 διὰ
1481 5022 1573 5077 τοῦ
1615 5040 1745 5095 προ-

175 5121 349 5189 φήτου
399 5117 760 5188 χρηματίζοψ
826 5117 967 5170 οὕτω
1027 5116 1089 5188 δὴ
1128 5116 1221 5169 καὶ
1267 5114 1360 5168 νῦν
1403 5114 1742 5185 εἰσαγομένῳ

172 5210 250 5282 τῷ
292 5211 484 5264 Μωσεῖ
523 5213 551 5264 6
609 5210 865 5265 ἀνωτάτω
927 5209 1021 5262 καὶ
1075 5209 1169 5262 ἐπὶ
1220 5209 1436 5263 πάντων
1474 5207 1607 5270 Θεὸς
1654 5205 1742 5260 διὰ

171 5302 263 5355 τοῦ
325 5301 581 5371 φανέντος
636 5302 867 5371 ἀγγέλου
935 5301 1003 5354 τά
1066 5301 1400 5372 προκείμενα
1463 5297 1737 5363 θεσπίζειο

173 5388 245 5445 ὧν
288 5394 501 5461 γένοιτο
541 5392 609 5445 ἂν
638 5395 665 5446 6
708 5392 832 5457 νοῦς
873 5393 1108 5446 τοιόσδε·
1156 5392 1246 5444 Σοὶ
1282 5391 1399 5461 μὲν,
1434 5383 1478 5443 ὦ
1530 5391 1740 5463 προφῆ-

170 5502 255 5548 τα,
305 5485 457 5538 ὡσάν
511 5485 841 5556 εἰσαγομένῳ
884 5485 975 5538 καὶ
1025 5483 1185 5555 μηδὲν
1228 5481 1388 5535 πλέον
1444 5477 1739 5552 ἀγγελικῆς

267 5610 312 5638 ⁶²
343 5605 477 5662 Gen.
519 5621 683 5669 xxxv,
714 5606 823 5660 1-3.
924 5607 967 5636 ⁸³
1000 5605 1164 5660 Exod.
1199 5620 1281 5669 ιιι,
1314 5605 1362 5657 l.

1890 1752 2215 1821 purgamini,
2247 1761 2301 1807 et
2322 1763 2527 1809 mutate
2549 1754 2765 1810 habitus
2796 1765 3027 1823 vestros,
3050 1767 3104 1813 et
3135 1776 3448 1832 surgamus,

1888 1844 2358 1915 ascendamusque
2390 1846 2445 1901 in
2474 1846 2663 1902 Bethel
2700 1867 2713 1901 :
2749 1855 2802 1902 et
2828 1848 3091 1906 faciamus
3131 1852 3293 1924 239
3339 1856 3452 1912 illic

1888 1936 2057 1990 altare
2090 1935 2339 2000 Domino,
2369 1938 2462 2008 qui
2494 1938 2770 1993 exaudivit
2804 1955 2890 1994 me
2918 1940 2971 1995 in
3016 1942 3102 1997 die
3143 1946 3453 2002 tribulatio-

1885 2028 1993 2091 nis,
2018 2029 2110 2098 qui
2141 2028 2242 2083 fuit
2270 2045 2503 2093 mecum,
2529 2037 2583 2084 et
2614 2032 2850 2085 servavit
2874 2048 2980 2096 me,
3014 2034 3067 2087 in
3094 2034 3178 2089 via
3202 2053 3308 2106 qua
3333 2054 3451 2108 pro-

1886 2118 2059 2175 fectus
2088 2136 2207 2175 sum
2234 2121 2299 2175 “.
2341 2140 2359 2173 ι
2392 2120 2505 2176 Hoc
2536 2122 2658 2176 loco
2713 2121 2857 2177 Deus
2904 2125 3019 2194 ipse
3065 2127 3323 2196 universi,
3353 2132 3447 2201 qui

1886 2212 2056 2274 solus,
2094 2228 2267 2284 neque
2299 2212 2497 2278 factus,
2545 2230 2720 2285 neque
2752 2218 2987 2286 genitus,
3046 2225 3098 2272 et
3158 2235 3448 2290 supremus

1882 2304 2127 2359 omnium
2162 2315 2264 2369 est,
2306 2322 2416 2361 non
2445 2307 2616 2372 visus,
2669 2308 2764 2364 sed
2804 2310 3154 2365 invisibiliter
3187 2312 3325 2367 dans
3360 2329 3447 2370 re-

1882 2411 2080 2466 sponsa
2109 2397 2211 2467 ipsi
2234 2396 2426 2461 Jacob,
2459 2407 2514 2453 et
2544 2401 2747 2455 virtute
2775 2401 3032 2456 inetTabili
3061 2403 3298 2472 seipsum
3326 2420 3447 2461 mo-

1881 2504 2032 2554 vens,
2059 2490 2125 2543 de
2163 2490 2269 2544 alio
2307 2491 2467 2545 verba
2501 2490 2630 2546 facit
2660 2494 2996 2562 planissime.
3036 2494 3177 2548 Dixit
3206 2512 3337 2566 ergo
3364 2498 3444 2553 illi

1880 2580 2022 2636 Deus
2055 2600 2066 2635 :
2113 2600 2131 2634 ι
2171 2581 2278 2638 Fac
2312 2585 2483 2639 altare
2516 2584 2625 2640 Deo
2666 2587 2758 2655 qui
2789 2588 3044 2657 apparuit
3071 2588 3186 2642 tibi.
3247 2610 3265 2641 ι
3309 2589 3444 2655 Quis

1879 2679 2059 2728 autem
2091 2673 2181 2728 hic
2210 2674 2303 2738 sit,
2331 2677 2423 2745 qui
2450 2667 2691 2745 scriptus
2719 2688 2803 2731 est
2840 2695 3006 2749 supra
3051 2679 3125 2732 illi
3161 2682 3444 2750 apparuis.

1877 2777 1956 2827 se,
1986 2764 2146 2832 paulo
2178 2774 2305 2820 ante
2330 2766 2705 2836 exposuimus,
2742 2767 2833 2822 ubi
2859 2766 3025 2822 Deum
3054 2766 3290 2823 Verbum
3320 2784 3443 2827 esse

1876 2854 2391 2912 demonstravimus.

2450 2948 2678 3003 CAPUT
2717 2946 2855 3005 XI".

1864 3057 2187 3136 Ab_E._rodo.
2221 3094 2290 3101 —
2317 3060 2467 3136 Quod
2520 3063 2657 3116 Deus
2692 3062 2873 3136 Pater,
2904 3080 3020 3116 cum
3057 3062 3194 3117 Mosi
3226 3083 3439 3136 respou-

1932 3127 2095 3203 derit”
2114 3145 2203 3197 per
2248 3132 2484 3199 angelum
2550 3150 2602 3185 se
2674 3134 2911 3203 patrib_us
2961 3127 3437 3203 apparuissefnon

1932 3199 2157 3265 amplius
2190 3216 2281 3268 per
2309 3204 2566 3271 angelum,
2593 3199 2681 3255 sed
2702 3218 2793 3270 per
2820 3199 3204 3261 Filium-docet.

1938 3394 1957 3426 ‹
2004 3375 2069 3429 Ει
2098 3376 2274 3433 Moses
2299 3388 2416 3433 erat
2447 3395 2677 3454 pascens
2704 3397 2831 3437 oves
2856 3381 3047 3437 Jothor
3087 3385 3257 3438 soceri
3300 3383 3387 3440 sui
3412 3404 3430 3442 :

1860 3474 1915 3521 et
1942 3467 2089 3523 venit
2111 3468 2177 3523 ad
2215 3480 2451 3524 montem
2483 3470 2576 3525 Dei
2619 3472 2671 3526 in
2712 3472 2942 3530 Choreb.
2975 3474 3040 3527 Et
3100 3477 3347 3545 apparuit
3380 3462 3435 3532 ei

1862 3562 2084 3632 angelus
2113 3560 2324 3615 Domini
2355 3562 2410 3615 in
2456 3561 2671 3615 ﬂamma
2703 3562 2843 3632 ignis
2892 3565 3013 3619 rubi
3045 3565 3107 3618 ⁸³.
3156 3585 3175 3617 ι
3211 3566 3277 3620 Ει
3307 3573 3437 3637 post

1862 3653 2003 3707 alia:
2042 3670 2059 3703 ι
2101 3650 2165 3705 Et
2195 3662 2253 3707 ut
2297 3652 2432 3706 vidit
2480 3654 2621 3723 quod
2654 3654 2935 3709 accederet
2983 3657 3050 3709 ad
3099 3656 3427 3723 videndum,

1859 3744 2071 3798 vocavit
2106 3744 2257 3797 illum
2288 3743 2355 3798 de
2391 3744 2567 3799 medio
2615 3744 2736 3798 rubi
2793 3744 2984 3801 dicens
3017 3765 3030 3799 :
3066 3747 3242 3803 Moses
3267 3787 3281 3810 ,
3315 3748 3439 3802 M0-

1860 3852 1947 3890 scs
1967 3876 1979 3899 ,
2032 3851 2100 3889 ne
2132 3835 2356 3905 propius
2406 3835 2515 3891 huc
2547 3838 2863 3891 accesseris.
2900 3835 3058 3892 Solve
3090 3840 3428 3893 calceamen-

1858 3931 1970 3977 tum
2002 3924 2195 3995 pedum
2228 3932 2445 3978 tuorum
2479 3945 2491 3979 :
2533 3926 2684 3981 locus
2712 3926 2854 3980 enim
2880 3925 2934 3980 in
2965 3942 3073 3995 quo
3100 3936 3234 3991 stas,
3280 3935 3429 3981 terra

1858 4020 2044 4068 sancta
2075 4020 2158 4069 est
2180 4014 2352 4067 “.rEt
2379 4021 2503 4084 post
2535 4030 2727 4085 pauca,
2764 4034 2781 4067 ι
2820 4015 3041 4071 etdixit
3069 4016 3329 4072 Dominus
3354 4020 3425 4073 ad

1857 4102 2006 4157 illum
2033 4122 2047 4158 :
2104 4103 2216 4174 Ego
2273 4120 2391 4158 sum
2422 4106 2653 4174 quisum
2675 4107 2741 4162 ⁸⁸,
2773 4105 2876 4160 »Ει
2903 4123 3094 4164 rursus
3117 4109 3162 4141 ⁶⁶
3194 4128 3207 4164 :
3255 4128 3272 4160 ι
3313 4107 3420 4162 Lo-

1855 4203 2013 4250 cutus
2042 4204 2122 4249 est
2153 4195 2410 4252 Dominus
2444 4196 2511 4250 ad
2556 4196 2756 4253 Mosem
2793 4218 2805 4253 :
2835 4198 2901 4252 Et
2943 4200 3079 4255 dixit
3127 4199 3193 4255 ad
3228 4200 3375 4255 illum
3404 4220 3419 4256 :

1857 4286 1967 4357 Ego
1998 4286 2257 4344 Dominus
2287 4289 2437 4345 visus
2487 4305 2608 4343 sum
2657 4290 2726 4344 ab
2754 4289 3051 4355 Abraham,
3086 4300 3140 4347 et
3166 4291 3333 4355 Isaac,
3364 4299 3423 4346 et

1854 4377 2042 4442 Jacob.
2074 4396 2195 4435 cum
2229 4395 2417 4435 eorum
2455 4381 2557 4436 sim
2597 4380 2758 4448 Deus,
2787 4391 2840 4437 et
2872 4397 3069 4439 nomen
3093 4399 3273 4439 meum
3308 4401 3425 4441 non

1854 4470 2087 4525 indicavi
2156 4472 2283 4537 illis,
2347 4478 2400 4526 et
2443 4472 2701 4526 constitui
2730 4480 3111 4529 testamentum
3139 4491 3320 4529 meum
3348 4477 3421 4529 ad
3508 4524 3513 4535 ,η

1852 4563 1993 4618 illos.
2027 4583 2045 4614 ι
2069 4562 2535 4629 Quemadmodum
2561 4564 2701 4632 apud
2724 4564 3014 4634 prophetas
3031 4566 3085 4619 in
3104 4565 3417 4623 hominibus

1850 4663 2153 4718 versantes,
2179 4654 2325 4709 verbi
2361 4654 2557 4724 gratia,
2608 4654 2801 4708 Isaiam
2841 4662 2895 4709 et
2920 4653 3233 4723 Jeremiam,
3266 4667 3318 4711 et
3337 4658 3416 4711 si-

1848 4746 2026 4811 miles,
2054 4747 2213 4800 homo
2234 4744 2452 4815 quidem
2493 4754 2630 4809 erat,
2662 4747 2713 4800 id
2747 4748 2893 4816 quod
2924 4748 3241 4811 videbatur,
3273 4748 3415 4803 Deus

1853 4846 2035 4892 autem
2065 4837 2158 4907 qui
2183 4852 2277 4906 per
2303 4836 2358 4891 id
2392 4837 2535 4905 quod
2567 4838 2880 4908 apparebat,
2910 4846 3165 4908 tanquam
3202 4854 3298 4908 per
3326 4840 3413 4893 in-

1851 4936 2213 4984 strumentum
2245 4928 2566 4997 loquebatur
2594 4945 2609 4995 ;
2641 4938 2695 4983 et
2731 4928 2889 4983 modo
2921 4929 3123 4983 Christi
3158 4945 3409 4999 persona,

1849 5021 2011 5076 modo
2040 5018 2215 5077 sancti
2244 5017 2498 5090 Spiritus,
2533 5019 2692 5074 modo
2729 5020 2968 5090 supremi
2997 5018 3091 5073 Dei
3116 5027 3251 5085 erat,
3290 5036 3413 5089 quae

1846 5125 1944 5179 per
1973 5110 2290 5180 prophetam
2325 5125 2582 5180 responsa
2638 5110 2835 5176 dabat;
2889 5110 2968 5165 sic
3012 5111 3197 5180 utique
3244 5113 3407 5165 etiam

1847 5217 1992 5256 nunc
2025 5201 2178 5265 Mosi,
2210 5202 2301 5272 qui
2351 5203 2751 5267 introducitur,
2802 5217 3089 5273 supremus
3139 5210 3193 5257 et
3224 5204 3406 5256 omnia

1846 5294 1950 5349 sub
1982 5309 2040 5350 se
2067 5294 2272 5350 habens
2301 5292 2465 5360 Deus,
2489 5311 2583 5365 per
2608 5310 2729 5349 eum
2760 5295 2853 5363 qui
2885 5303 3105 5364 apparet
3131 5295 3402 5364 angelum,

1843 5401 1908 5441 ea
1976 5402 2096 5457 quae
2156 5388 2432 5457 proposita
2497 5395 2668 5447 sunt,
2741 5384 2907 5439 canit.
2985 5383 3224 5450 Quorum
3290 5384 3404 5439 hac

1844 5479 2006 5552 240
2032 5481 2299 5535 sententia
2333 5480 2403 5536 sit
2435 5494 2565 5534 sane
2591 5498 2603 5532 :
2636 5477 2755 5533 Tibi
2788 5475 3027 5547 quidem,
3056 5491 3089 5530 ο
3121 5476 3407 5546 propheta,

1452 5604 1496 5637 ⁵⁸
1533 5604 1665 5659 ibid.
1699 5602 1752 5665 4,
1778 5602 1830 5657 5.
1911 5604 1954 5634 “
1988 5601 2116 5656 ibid.
2149 5602 2234 5655 Η.
2310 5603 2357 5635 ⁸⁸
2387 5600 2555 5655 Exod.
2595 5615 2667 5664 v1,
2702 5600 2819 5655 2-4.
