3916 6200
487 201 587 260 591

1144 202 1406 261 EUSEBII
1443 203 1920 262 CESARIENSIS
1957 203 2108 259 OPP.
2151 201 2330 261 PARS
2367 202 2430 260 ll.
2472 235 2538 245 -
2575 203 3069 263 APOLOGETICA.
3121 255 3128 262 .

3610 197 3738 270 392‘

487 329 747 392 tanquam
774 304 821 376 ei
843 316 935 389 qui
961 318 1137 374 adhuc
1163 320 1428 386 eruditur,
1463 330 1516 377 et
1543 321 1635 392 qui
1669 323 1806 378 nihil
1835 321 2041 379 visione

2145 323 2408 386 ὀπτασίας
2450 322 2738 394 χωροῦντι,
2776 323 2912 386 τέως
2958 324 3050 376 τὸν
3097 323 3226 394 ἐμὸν
3279 325 3507 394 ἄγγελον
3563 327 3720 384 ἐϐου-

487 412 732 484 angelica
757 411 989 482 amplius
1011 412 1174 482 capit,
1203 413 1421 468 interim
1455 417 1706 486 angelum
1747 431 1925 472 meum
1956 433 2051 472 ex-

491 507 665 563 hiberi
691 505 978 561 videndum
996 506 1179 574 volui;
1211 507 1306 563 sed
1330 524 1506 564 meum
1531 526 1727 566 nomen
1751 511 1847 566 tibi
1876 511 2052 567 solum

487 604 676 653 notum
704 595 864 662 facio,
895 595 1022 651 dum
1049 595 1218 654 doceo
1249 607 1322 663 te,
1346 615 1430 655 me
1456 616 1579 656 eum
1610 616 1732 657 esse
1757 602 1850 672 qui
1891 617 2010 658 sum
2032 644 2048 669 ,

485 700 538 746 et
568 705 762 746 nomen
794 705 973 745 meum
1004 705 1124 746 esse
1172 690 1484 750 Dominum.
1534 693 1666 749 Tuis
1703 711 1832 752 vero
1881 696 2052 766 patri-

485 781 588 835 bus
621 796 731 835 non
759 779 864 836 hoc
894 781 1070 836 solum
1103 781 1376 851 iudicavi,
1425 784 1522 840 sed
1568 786 1731 842 etiam
1784 787 1889 843 hoc
1931 789 2051 858 ipso

484 873 718 943 amplius
747 873 972 944 largitus
1003 889 1121 929 sum
1147 893 1160 929 :
1191 890 1315 930 nam
1345 877 1413 932 ab
1442 878 1550 934 illis
1571 893 1692 934 sum
1714 880 1884 936 visus.
1914 880 2050 947 Quis

483 980 611 1021 vero
640 966 712 1021 sit
741 965 832 1036 qui
859 966 1106 1036 patribus
1135 967 1288 1024 visus
1329 967 1434 1034 sit,
1477 975 1531 1024 et
1569 971 1713 1041 quod
1755 987 1866 1028 non
1894 981 2051 1043 pater

483 1057 650 1124 Deus,
675 1064 833 1113 antea
869 1057 1299 1114 demonstratum
1329 1068 1434 1127 est,
1461 1061 1552 1116 ubi
1588 1061 1758 1118 Deum
1786 1074 1840 1120 et
1871 1063 2050 1121 Domi—

483 1167 613 1206 num
643 1151 893 1222 angelum
918 1149 1010 1206 Dei
1036 1153 1370 1206 nominatum
1391 1169 1513 1209 esse
1533 1153 2044 1214 demonstravimus.

481 1243 770 1306 Caeterum,
796 1257 1030 1312 quonam
1051 1243 1212 1298 modo
1232 1243 1342 1309 hic,
1364 1245 1454 1300 ille
1479 1245 1571 1314 qui
1597 1254 1750 1315 pater
1775 1248 1847 1303 sit
1880 1247 2044 1316 Deus,

481 1343 536 1389 et
558 1333 739 1389 omnia
770 1334 872 1390 sub
900 1350 959 1390 se
984 1335 1200 1400 habeat,
1231 1335 1375 1390 dicat
1405 1352 1464 1392 se
1502 1352 1536 1392 a
1567 1338 1812 1408 patribus
1832 1340 2006 1397 visum
2027 1381 2042 1407 ,

482 1428 676 1484 merito
705 1427 901 1497 aliquis
943 1435 1168 1498 quierat.
1195 1427 1568 1499 Explicabitur
1613 1447 1778 1502 porro
1832 1431 1886 1488 id
1911 1475 1926 1500 ,
1977 1433 2047 1490 de

481 1531 590 1587 quo
613 1516 907 1587 quatitur,
949 1517 997 1571 si
1023 1517 1219 1572 divinae
1248 1515 1546 1588 Scriptura:
1595 1519 1929 1590 diligentiam
1961 1531 2045 1578 at-

480 1609 788 1663 tendamus.
815 1606 949 1662 Nam
987 1623 1110 1663 cum
1162 1611 1304 1680 apud
1339 1609 1690 1682 Septuaginta
1716 1614 1791 1668 ita
1838 1615 2042 1670 dictum

2152 412 2318 485 λήθην
2341 413 2589 486 ὀφθῆναι,
2620 413 2856 486 ἐμαυτοῦ
2889 432 2948 468 τε
2986 416 3221 486 τοῦνομά
3247 433 3329 468 σοι
3361 418 3520 488 μόνον
3541 421 3718 491 ἐμφα-

2150 507 2238 568 νὲς
2267 505 2586 578 καθίστημι,
2618 507 2901 572 διδάσκων,
2932 508 3014 560 ὅτι
3056 508 3166 575 ἐγώ
3191 509 3306 578 είμι
3333 510 3360 562 6
3400 509 3495 574 ὢν,
3517 513 3612 564 καὶ
3634 514 3718 570 ὅτι

2149 597 2210 650 τὺ
2233 597 2405 669 ὄνομά
2437 597 2536 668 μού
2586 600 2704 650 ἐστι
2727 597 2948 669 Κύριος.
2973 599 3095 661 Τοῖς
3123 598 3181 651 δὲ
3214 601 3327 662 σοῖς
3355 601 3624 670 πατράσιν
3654 604 3715 656 οὐ

2149 687 2306 740 τοῦτο
2338 688 2496 759 μόνον
2525 688 2788 760 ἐδήλωσα,
2819 689 2952 742 ἀλλὰ
2974 691 3067 742 καὶ
3087 689 3275 743 τούτου
3299 691 3478 760 μεῖζον
3509 693 3716 764 ὲδωρη-

2151 777 2330 850 σάμην
2350 796 2364 809 ο
2393 778 2582 851 ὤφθην
2620 779 2729 850 γὰρ
2759 778 2958 843 αὐτοῖς.
2997 780 3093 844 Τίς
3123 781 3169 833 δ’
3202 776 3270 852 ἦν
3310 783 3339 834 6
3363 785 3474 846 τοῖς
3503 787 3718 854 πατρά-

2156 887 2242 924 σιν
2288 870 2492 940 ὀφθεὶς,
2548 872 2643 925 καὶ
2689 872 2933 943 ὅτιμὴὸ
2981 873 3074 924 ἐπὶ
3123 873 3338 927 πάντων
3387 873 3541 937 Θεὸς,
3583 893 3718 946 προ-

2151 961 2546 1026 αποδὲδεικται,
2575 962 2735 1034 ἡνίκα
2762 961 2852 1015 τὸν
2880 961 3011 1015 Θεὸν
3033 962 3238 1016 καὶτὸν
3263 961 3464 1035 Κύριον
3483 963 3718 1033 ἄγγελον

2145 1055 2281 1109 Θεοῦ
2329 1055 2640 1126 ὠνομάσθαι
2688 1053 3095 1126 έπεδείκνυμεν.
3127 1055 3251 1119 Πῶς
3277 1052 3369 1110 οὖν
3407 1057 3648 1112 ἐνταῦθα
3687 1062 3717 1113 6

2148 1147 2403 1202 ἐπέκεινα
2447 1147 2556 1201 τῶν
2616 1146 2774 1211 ὅλων,
2804 1147 2964 1211 αὐτὸς
2986 1147 3060 1200 ὢν
3097 1148 3126 1200 6
3164 1147 3322 1219 μόνος
3361 1149 3456 1201 ἐπὶ
3492 1151 3712 1204 πάντων

2145 1240 2296 1308 Θεὸς,
2344 1233 2523 1310 ὧφθαί
2573 1257 2706 1311 φησι
2751 1242 2863 1305 τοῖς
2907 1240 3198 1313 πατράσιν,
3248 1241 3479 1312 ζητήσαι
3523 1245 3590 1298 ἄν
3630 1261 3713 1307 τις

2145 1332 2385 1397 εἰκότως.
2418 1332 2617 1404 Λυθείη
2638 1333 2682 1386 δ’
2709 1332 2774 1386 ἂν
2795 1333 2857 1386 τὸ
2881 1331 3132 1404 ζητηθέν,
3158 1333 3208 1386 εί
3239 1335 3306 1404 τῇ
3330 1333 3590 1405 ἀκριϐείᾳ⁵
3613 1336 3714 1405 τῆς

2145 1424 2294 1489 θείας
2347 1425 2568 1496 Γραφῆς
2621 1426 3053 1496 ὲπιστήσαιμεν.,
3081 1425 3386 1495 Δεγομένου
3435 1426 3546 1497 γὰρ
3602 1429 3712 1492 τοῖς

2156 1515 2552 1588 Ἐϐδομήκοντα
2585 1516 2701 1581 τοῦ,
2739 1535 2757 1568 ι
2787 1516 2898 1569 Kal
2921 1515 3107 1588 ὤφθην
3137 1516 3271 1587 πρὸς
3301 1515 3575 1587 Ἀϐραὰμ,
3617 1518 3714 1571 καὶ

2155 1608 2356 1674 Ἰσαὰκ,
2386 1610 2480 1663 καὶ
2516 1607 2730 1674 Ἰακὼϐ,
2753 1608 2885 1672 Θεὸς
2913 1608 3088 1661 αὐτῶν
3115 1608 3208 1673 ὢν,
3242 1625 3260 1660 ι
3294 1607 3322 1660 6
3347 1609 3443 1678 μὲν
3483 1608 3712 1672 Ἀκύλας

481 1703 588 1758 sit:
630 1721 650 1754 ι
690 1701 757 1754 Et
776 1701 926 1757 visus
955 1717 1076 1758 sum
1105 1702 1174 1757 ab
1196 1674 1499 1773 -Abraha-m,
1526 1674 1580 1761 e-t
1613 1704 1800 1772 Isaac,
1847 1717 1902 1762 et
1948 1707 2040 1763 Ja-

2145 1701 2277 1772 φησί
2297 1718 2342 1752 ἰ
2378 1701 2488 1755 Kal
2507 1699 2726 1771 ὡράθην
2751 1700 2886 1772 πρὸς
2923 1699 3190 1770 Ἀϐραὰμ,
3219 1700 3311 1752 καὶ
3500 1700 3710 1766 Ἰσαὰκ,

479 1795 605 1861 coh,
636 1810 759 1850 cum
781 1809 970 1850 eorum
1001 1795 1106 1852 sim
1139 1793 1316 1862 Deus,
1373 1814 1392 1848 ι
1447 1796 1641 1868 Aquila
1691 1799 1906 1870 quidem
1962 1801 2043 1858 sic

479 1886 600 1939 ait:
639 1903 657 1936 ι
697 1882 762 1938 Ει
791 1884 942 1940 visus
1002 1899 1124 1939 sum
1185 1885 1256 1940 ab
1322 1886 1632 1956 Abraham,
1685 1897 1740 1945 et
1772 1891 1840 1946 ab
1868 1889 2039 1958 Isaac,
2090 1879 2094 1889 ’

477 1983 534 2030 et
561 1975 630 2029 ab
658 1972 826 2030 Jacob
858 1975 914 2029 in
959 1973 1071 2030 Deo
1113 1974 1250 2032 satis
1287 1977 1492 2042 multo,
1557 1996 1577 2032 ι
1615 1978 1815 2049 quibus
1861 1981 2041 2038 verbis

478 2067 795 2136 planissime
827 2067 1053 2132 indicat,
1081 2081 1193 2122 non
1219 2067 1397 2138 ipsum
1427 2069 1578 2124 illum
1610 2071 1702 2142 qui
1738 2069 1901 2128 Pater
1933 2082 2038 2140 est,

478 2173 574 2228 per
595 2159 833 2228 seipsum
862 2158 1201 2228 apparuisse.
1234 2157 1418 2231 Neque
1448 2175 1579 2216 vero
1607 2164 1750 2218 sicut
1783 2163 1938 2230 Mosi,
1967 2167 2041 2222 ita

477 2250 640 2304 etiam
667 2250 912 2321 patribus
950 2266 1045 2320 per
1073 2251 1348 2322 angelum,
1384 2259 1479 2308 aut
1535 2269 1632 2324 per
1661 2255 1857 2310 rubum
1882 2296 1898 2321 ,
1947 2265 2040 2312 aut

476 2341 676 2412 ignem,
711 2341 806 2398 sed
849 2342 903 2396 in
932 2342 1041 2399 Deo
1071 2343 1206 2400 satis
1237 2345 1410 2399 multo
1457 2347 1680 2402 oracula
1714 2348 2035 2417 praebuisse.

475 2431 655 2499 Quare
677 2433 840 2486 etiam
883 2435 1128 2502 patribus
1175 2451 1271 2505 per
1317 2435 1514 2490 Filium
1556 2438 1706 2494 visus
1731 2447 1816 2495 est
1858 2439 2037 2508 Pater,

474 2523 930 2594 quemadmodum
969 2523 1026 2578 in
1056 2523 1363 2596 Evangeliis
1391 2527 1463 2582 ab
1489 2528 1608 2598 ipso
1635 2527 1841 2584 dictum
1872 2529 2040 2588 habe-

475 2620 566 2666 tur
593 2612 635 2643 ⁶⁷
673 2630 685 2666 :
721 2629 740 2662 ι
777 2612 881 2676 Qui
923 2613 1054 2666 vidit
1108 2629 1222 2678 me,
1275 2615 1409 2670 vidit
1455 2615 1668 2672 Patrem
1701 2637 1713 2674 :
1765 2637 1785 2670 ›
1827 2620 1880 2674 in
1921 2621 2038 2691 ipso

475 2702 621 2758 enim
643 2711 696 2758 et
723 2717 818 2773 per
846 2703 1022 2773 ipsum
1060 2703 1242 2761 Patris
1275 2705 1512 2776 c0gnitio
1553 2707 1900 2778 prodebatur.
1932 2711 2037 2768 Sed

475 2807 600 2848 cum
650 2794 961 2852 hominibus
1003 2796 1260 2851 salutaris
1295 2808 1609 2866 appareret,
1673 2806 1788 2855 tum
1819 2818 1913 2873 per
1940 2803 2033 2860 lilii

475 2885 766 2941 humanam
801 2885 1029 2942 formam
1059 2886 1342 2942 videbatur
1391 2904 1422 2944 a
1455 2888 1549 2946 Dei
1599 2893 1824 2958 amicis,
1875 2902 2036 2967 atque

2141 1794 2234 1849 καὶ
2259 1793 2392 1866 πρὸς
2421 1793 2608 1848 Ἰακὼϐ
2639 1796 2696 1848 έν
2721 1793 2838 1865 Θεῷ
2869 1793 3067 1864 ἱκανῷ·
3102 1813 3120 1846 ι
3145 1794 3210 1847 δι’
3230 1787 3303 1846 ὧν
3354 1793 3539 1863 σαφῶς
3569 1812 3714 1868 παρ-

2144 1885 2372 1957 ίστησιν,
2399 1887 2478 1940 ὅτι
2507 1888 2581 1958 μὴ
2609 1886 2771 1950 αὐτὸς
2790 1889 2818 1940 6
2843 1887 2934 1940 ἐπὶ
2969 1886 3184 1939 πάντων
3207 1885 3358 1950 Θεὸς,
3382 1888 3410 1938 6
3438 1886 3598 1956 μόνος
3610 1885 3708 1951 ὢν,

2137 1977 2206 2031 δι’
2235 1976 2424 2031 ἑαυτοῦ
2451 1976 2625 2049 ὤφθη.
2665 1977 2803 2031 Ἀλλ’
2837 1977 2944 2032 οὐδ’
2986 1976 3173 2047 ὥσπερ
3216 1975 3294 2046 τῷ
3322 1975 3532 2041 Μωσεῖ,
3567 1975 3713 2031 οὕτω

2140 2071 2234 2125 καὶ
2257 2073 2371 2136 τοῖς
2402 2071 2660 2142 πατράσι,
2691 2071 2757 2124 δι’
2789 2071 3046 2140 ἀγγέλου,
3075 2071 3108 2142 ἢ
3141 2069 3228 2124 διὰ
3253 2069 3434 2139 βάτου,
3457 2070 3490 2140 ἠ
3513 2068 3709 2142 πυρὸς,

2138 2164 2254 2218 ἀλλ’
2281 2167 2338 2218 ὲν
2367 2162 2484 2233 Θεῷ
2510 2162 2677 2234 ἱκανῷ
2704 2161 3094 2236 χρηματίζοντι
3114 2177 3130 2192 ο
3169 2160 3308 2215 ὥστε
3333 2159 3420 2214 διὰ
3441 2160 3537 2213 τοῦ
3573 2159 3710 2216 Υίοῦ

2139 2256 2354 2326 Πατέρα
2380 2257 2473 2310 καὶ
2518 2258 2630 2320 τοῖς
2657 2256 2927 2328 πατράσιν
2977 2253 3268 2326 ἑωρᾶσθαι,
3293 2253 3432 2308 κατά
3467 2254 3528 2307 τὸ
3549 2254 3707 2324 είρηι

2141 2348 2298 2419 μένον
2322 2349 2381 2402 ὲν
2408 2346 2755 2416 Εὐαγγελίοις
2783 2347 2917 2418 πρὸς
2945 2345 3108 2400 αὐτοῦ
3127 2363 3140 2376 ο
3181 2363 3199 2398 ι
3246 2347 3304 2400 '0
3327 2344 3579 2416 ἑωρακὼς
3599 2345 3712 2414 ἐμὲ

2138 2440 2348 2511 ἑώρακε
2391 2440 2478 2494 τὸν
2515 2439 2752 2511 Πατέρα’
2782 2458 2800 2491 ι
2831 2441 2888 2492 ὲν
2917 2439 3064 2510 αὐτῷ
3094 2439 3200 2511 γάρ
3241 2439 3337 2493 καὶ
3365 2438 3428 2491 δι’
3467 2436 3632 2491 αὑτοῦ
3671 2439 3713 2508 ἡ

2135 2521 2248 2588 τοῦ
2283 2534 2494 2607 Πατρδς
2550 2531 2960 2588 ἀπεκαλύπτετο
3020 2531 3238 2601 γνῶσις.
3297 2531 3434 2584 Ἀλλ’
3476 2532 3563 2584 ὅτε
3607 2531 3714 2601 μὲν

2137 2623 2432 2696 ἀνθρώπων
2472 2624 2735 2696 σωτήριος
2760 2621 3085 2692 ἀπεφαίνετο
3108 2622 3203 2694 (l),
3224 2620 3314 2676 διὰ
3343 2622 3441 2692 τῆς
3459 2620 3553 2674 τοῦ
3577 2621 3714 2674 1·ίοῦ

2136 2714 2476 2787 ἀνθρωπείας
2517 2715 2730 2786 μορφῆς
2766 2715 2993 2786 ἑωρᾶτο,
3024 2717 3135 2779 τοῖς
3176 2713 3445 2783 θεοφιλέσι
3485 2712 3587 2784 τὴν
3625 2714 3712 2777 εἰς

2137 2808 2450 2880 ἀνθρώπους
2481 2808 2644 2861 αὐτοῦ
2674 2808 2934 2879 ἐσομένην
2960 2806 3229 2878 σωτηρίαν
3254 2809 3364 2870 τοῖς
3397 2806 3530 2858 πᾶσι
3561 2820 3710 2874 παρ-

2135 2898 2300 2953 οῦσαν
2336 2899 2394 2965 ἐξ
2439 2897 2646 2952 ἐκείνου
2690 2898 3314 2970 προαρραϐωνιζόμενος.
3364 2897 3488 2950 Ὅτε
3513 2896 3570 2949 δὲ
3595 2896 3710 2950 τῶν

475 2980 618 3036 inter
647 2981 892 3034 homines
922 2978 1160 3033 futuram
1223 2979 1396 3050 ipsius
1455 2982 1684 3038 salutem
1711 3027 1726 3051 ,
1783 2986 2036 3045 omnibus

2145 2987 2348 3042 ἀσεϐῶν
2375 2987 2635 3060 τιμωρὸς,
2663 2989 2755 3042 καὶ
2786 2987 3050 3060 κολαστὴς
3077 2987 3185 3041 τῶν
3211 2988 3520 3056 Αἰγυπτίων
3546 2986 3708 3057 ἐμελ-

476 3076 818 3139 praesentem,
851 3083 917 3124 ex
964 3068 1056 3124 illo
1089 3067 1245 3138 quasi
1272 3069 1488 3123 arrham
1520 3077 1574 3126 et
1595 3073 1786 3144 pignus
1817 3075 2036 3132 exhibe-

475 3161 586 3216 bat.
629 3159 764 3216 Cum
816 3174 947 3215 vero
987 3160 1276 3230 impiorum
1328 3161 1510 3226 ultor,
1569 3170 1624 3218 et
1655 3162 2033 3236 Egyptiorum

473 3254 765 3325 castigator
793 3251 1009 3308 futurus
1035 3262 1198 3320 esset,
1251 3269 1360 3308 non
1391 3254 1624 3325 amplius
1655 3257 1711 3311 in
1741 3256 1850 3314 Deo
1901 3262 2034 3318 satis

367 3393 372 3402 .
475 3347 678 3412 multo,
719 3345 814 3401 sed
844 3345 900 3399 in
927 3345 1116 3416 angelo
1149 3345 1397 3415 supplicii
1448 3347 1717 3412 ministro,
1741 3357 1794 3404 et
1826 3349 1880 3405 in
1911 3368 2035 3422 spe-

473 3439 556 3493 cie
581 3437 741 3507 ignis,
771 3443 825 3491 et
875 3435 1133 3503 ﬂammae,
1185 3453 1304 3508 quae
1347 3436 1456 3493 cito
1484 3437 1659 3494 instar
1687 3444 1917 3512 agresus
1968 3460 2033 3500 ac

475 3529 758 3583 senticosa:
792 3529 1031 3584 materia:
1062 3529 1183 3585 illos
1227 3536 1343 3585 erat
1385 3531 1710 3586 devoratura
1735 3570 1750 3596 ,
1803 3549 2034 3604 appare-

474 3621 584 3677 bat.
621 3621 817 3676 Dicunt
867 3622 1031 3693 igitur
1076 3637 1172 3692 per
1224 3623 1420 3677 rubum
1465 3623 1683 3694 quidem
1737 3626 2032 3697 signiﬁcari

2138 3081 2226 3134 λεν
2261 3079 2496 3142 ἔσεσθαι,
2536 3080 2720 3134 οὐκέτι
2761 3081 2818 3133 έν
2866 3078 2984 3149 Θεῷ
3018 3077 3205 3149 ἱκανῷ,
3233 3077 3346 3132 ἀλλ’
3391 3080 3448 3131 ὲν
3481 3077 3707 3148 ἀγγέλῳ

2134 3177 2361 3246 διακόνῳ
2407 3175 2508 3245 τῆς
2559 3175 2822 3247 τιμωρίας
2851 3175 2944 3228 καὶ
2995 3173 3054 3226 ὲν
3097 3172 3225 3226 εἴδει
3258 3171 3445 3243 πυρὸς,
3477 3173 3573 3224 καὶ
3599 3171 3704 3242 τῆς

2134 3269 2254 3322 ὅσον
2276 3267 2425 3320 οὔπω
2457 3266 2752 3337 μελλούσης
2773 3266 2964 3328 αὐτοὺς
2993 3265 3148 3334 δίκην
3181 3264 3375 3337 ἀγρίας
3402 3265 3498 3317 καὶ
3531 3267 3706 3316 ἀκαν-

2137 3357 2334 3422 θώδους
2367 3357 2498 3429 ὕλης
2515 3357 2818 3411 κατεσθίειν
2847 3356 3040 3426 φλογὸς
3065 3355 3442 3428 παρεφαίνετο.
3461 3353 3710 3407 Δίνίττε-

2137 3449 2260 3503 σθαι
2275 3448 2365 3502 οὖν
2387 3465 2514 3518 φασι
2524 3448 2623 3519 τὴν
2641 3448 2739 3519 μὲν
2751 3447 2930 3517 βάτον,
2943 3447 3042 3518 τὴν
3059 3446 3166 3500 τῶν
3177 3445 3484 3514 Αἰγυπτίων
3501 3445 3709 3515 ἀγρίαν

2137 3543 2229 3596 xal
2247 3543 2426 3613 ἀπηνῆ
2443 3541 2535 3595 καὶ
2550 3542 2817 3612 ἀνήμερον
2838 3539 3153 3612 μοχθηρίαν·
3175 3539 3234 3591 τὸ
3255 3538 3311 3592 δὲ
3326 3537 3455 3610 πῦρ,
3471 3537 3568 3607 τὴν
3583 3537 3710 3590 6m-

2135 3633 2394 3687 λωϐῶσαν
2411 3633 2606 3694 αὐτοὺς
2645 3630 2887 3701 τιμωρὸν
2909 3631 3002 3683 καὶ
3053 3629 3404 3701 κολαστήριον
3439 3627 3702 3696 δύναμιν.

475 3715 852 3788 Egyptiorum
888 3722 1154 3787 agrestem
1195 3723 1248 3772 et
1275 3718 1536 3774 immitem
1561 3725 1618 3775 et
1652 3718 1822 3776 feram
1854 3727 2196 3795 pravitatem,
2227 3745 2323 3800 per
2351 3730 2527 3800 ignem
2577 3740 2706 3782 vero
2755 3726 2863 3781 vim
2917 3727 3062 3781 illam
3110 3724 3460 3780 ulciscentem
3505 3731 3558 3778 et
3599 3738 3703 3778 ca-

473 3811 758 3882 stigantem
785 3826 904 3882 qua:
932 3810 1054 3866 illos
1089 3810 1306 3866 invasit.

943 3904 1099 3977 εει
1135 3903 1365 3961 CAPUT
1398 3903 1540 3961 xw.

473 3996 624 4066 Quod
681 3996 1113 4070 quemadmodum
1152 3997 1389 4070 patribus
1443 3998 1674 4056 humana
1717 4001 1910 4070 forma,
1949 4009 2026 4062 sic

543 4070 596 4140 in
621 4065 787 4137 specie
812 4067 962 4122 nubis
996 4065 1194 4138 Moysi,
1223 4075 1272 4122 et
1295 4078 1480 4122 cuncto
1509 4065 1869 4140 populo'Deus
1899 4065 2028 4130 Ver-

542 4138 661 4190 bum
684 4140 953 4205 apparuit.

538 4251 711 4304 «Dixit
739 4260 918 4307 autem
936 4250 1202 4308 Dominus
1229 4249 1295 4305 ad
1322 4250 1558 4308 Mosem:
1592 4253 1730 4313 Ecce
1749 4275 1849 4331 ego
1870 4262 2026 4316 venio

2647 3907 3039 3968 ΚΕΦΑΛΑΙΟΝ
3077 3908 3153 3960 ΙΔ¹

2136 4007 2234 4073 Ὠς
2261 4005 2520 4073 καθάπερ
2549 4001 2672 4073 τοῖς
2712 3999 3009 4073 πατράσιν
3042 3998 3111 4052 ἐν
3139 3999 3487 4073 ᾁῂθρωίτίνφ
3533 4004 3698 4073 σχήῗ.

2191 4069 2351 4147 itan,
2376 4069 2560 4147 οὕτως
2590 4072 2660 4147 ἐςν
2687 4070 2831 4147 εῖδει
2864 4069 3125 4147 νεφέλης
3162 4069 3366 4123 Μωσεῖ
3384 4072 3482 4127 καὶ
3507 4072 3695 4126 παντί

2193 4139 2274 4213 ῖτῴ
2303 4139 2428 4211 λαῷ
2455 4147 2487 4198 ό
2517 4142 2659 4208 Θεὸς
2688 4142 2878 4211 Λόγος
2907 4139 3197 4209 ἐφαίνετο.

2202 4278 2222 4311 ι
2261 4253 2396 4311 Eine
2434 4255 2491 4309 δὲ
2528 4254 2730 4326 Κύριος
2775 4251 2911 4323 πρὸς
2947 4251 3170 4321 Μωσῆν’
3209 4252 3338 4306 Ἰδοὺ
3365 4252 3474 4321 ἐγὼ
3512 4271 3695 4326 παρα.

469 4342 535 4396 ad
569 4350 624 4395 te
651 4341 707 4395 in
738 4345 989 4397 columna
1025 4341 1212 4407 nubis,
1252 4349 1314 4397 ut
1341 4342 1528 4398 audiat
1560 4349 1793 4418 p0pulus
1823 4365 1909 4406 me
1942 4351 2023 4405 lo-

2145 4349 2341 4417 {ivogtat
2393 4345 2527 4415 πρὸς
2568 4343 2628 4396 σὲ
2660 4344 2717 4397 ὲν
2755 4341 2928 4412 στύλῳ
2970 4340 3218 4412 νεφέλης,
3266 4341 3350 4393 ἵνα
3412 4341 3622 4413 ἀκούσῃ
3662 4347 3694 4398 6

466 4442 717 4506 quentem
743 4433 810 4488 ad
843 4443 915 4499 te,
953 4442 1009 4491 et
1033 4435 1131 4490 tibi
1157 4435 1381 4491 credant
1403 4435 1480 4504 ⁶⁸;
1518 4455 1537 4488 ι
1564 4447 1617 4492 et
1643 4455 1764 4510 qua:
1787 4455 2024 4512 sequun-

2145 4439 2244 4502 .a6;
2267 4435 2550 4498 λαλοῦντός
2576 4453 2675 4506 μου
2701 4433 2836 4506 πρὸς
2853 4433 2930 4496 σὲ,
2957 4433 3048 4486 καί
3078 4449 3158 4485 σοι
3187 4431 3513 4486 πιστεύσωσι
3534 4451 3548 4463 ·
3567 4435 3695 4486 »καὶ

466 4535 558 4581 tur
589 4545 603 4580 :
634 4543 652 4576 ι
688 4523 830 4582 Deus
859 4534 1038 4582 autem
1067 4527 1418 4583 antecedebat
1445 4542 1541 4584 eos
1567 4527 1654 4584 die
1688 4530 1743 4585 in
1771 4532 2023 4588 columna

2149 4528 2244 4597 ξῆς
2268 4543 2280 4558 ’
2331 4547 2350 4578 ι
2389 4527 2445 4580 ’0
2484 4525 2538 4578 δὲ
2580 4526 2710 4589 Θεὸς
2771 4528 2952 4596 ἡγεῖτο
2991 4523 3167 4577 αὐτῶν
3217 4525 3429 4596 ἡμέρας
3481 4526 3603 4594 μὲν,
3631 4521 3691 4577 ἐν

465 4617 628 4672 nubis
654 4617 710 4672 in
732 4617 839 4682 via,
862 4624 1027 4673 noctu
1051 4631 1180 4674 vero
1202 4615 1259 4672 in
1284 4617 1538 4672 columna
1567 4617 1710 4689 ignis
1733 4628 1793 4674 ut
1821 4622 2024 4678 luceret

2145 4616 2293 4686 πύλῳ
2315 4615 2560 4686 νεφέλης,
2589 4613 2753 4679 δεῖξαι
2780 4615 2961 4677 αὐτοῖς
2992 4613 3090 4684 τὴν
3113 4614 3256 4666 ὁδόν
3285 4615 3381 4684 τὴν
3407 4613 3465 4666 δὲ
3496 4614 3688 4679 νύκτα,

464 4711 544 4766 eis
563 4711 630 4766 ".
660 4729 678 4763 ι
701 4709 766 4764 Et
793 4726 1015 4768 rursus:
1043 4729 1062 4763 ι
1091 4710 1379 4768 Descendit
1399 4710 1663 4766 Dominus
1693 4711 1748 4766 in
1771 4713 2022 4768 columna

2147 4724 2174 4759 ν
2217 4706 2392 4778 στύλῳ
2436 4705 2635 4777 πυρὸς,
2677 4704 2771 4757 τοῦ
2807 4703 3015 4774 φαίνειν
3054 4705 3256 4768 αὐτοῖς.
3282 4723 3300 4757 ι
3340 4705 3450 4758 Kal
3491 4705 3686 4758 πάλιν⁸

462 4802 624 4859 nubis
649 4803 718 4857 ".
748 4821 768 4855 ι
799 4801 865 4857 Et
887 4818 1114 4859 rursus:
1152 4822 1172 4856 ι
1199 4803 1334 4858 Cum
1360 4812 1538 4860 autem
1568 4805 1848 4875 ingressus
1873 4815 2018 4861 esset

2145 4820 2146 4849 :
2189 4797 2408 4869 Κατέϐη
2448 4797 2650 4867 Κύριος
2693 4797 2750 4848 ὲν
2799 4795 2971 4867 στύλῳ
3010 4795 3257 4866 νεφέλης.
3283 4814 3301 4848 ι
3342 4797 3453 4850 Kal
3495 4792 3686 4860 αὖθιςο

461 4891 638 4948 Moses
665 4891 721 4946 in
747 4891 1184 4960 tabernaculum,
1216 4891 1498 4948 descendit
1535 4895 1789 4949 columna
1831 4895 2012 4960 nubis,

2145 4906 2146 4935 1
2189 4887 2378 4943 Ἢνίκα
2407 4889 2451 4942 δ’
2493 4887 2558 4942 ἂν
2585 4885 2797 4957 εἰσῆλθε
2838 4885 3041 4954 Μωσῆς
3071 4886 3150 4949 είς
3182 4886 3280 4957 τὴν
3300 4885 3522 4956 σκηνὴν,
3553 4903 3655 4939 κατ
3677 4915 3693 4925 ~

457 4995 512 5040 et
537 4984 688 5040 stetit
711 4986 768 5038 in
793 4983 999 5040 foribus
1027 4985 1367 5040 tabernaculi
1395 5023 1411 5050 ,
1453 4992 1508 5040 et
1535 4985 1862 5056 loquebatur
1887 5001 2011 5041 cum

2145 4977 2328 5033 ,6atvev
2373 4982 2402 5033 6
2447 4978 2636 5042 στῦλος
2677 4977 2776 5048 τῆς
2812 4975 3070 5048 νεφέλης,
3107 4976 3201 5030 καὶ
3227 4976 3408 5029 ἵστατο
3444 4976 3540 5029 ἐπὶ
3586 4976 3696 5039 τὰς

460 5072 626 5143 Mose,
663 5082 719 5131 et
757 5059 1011 5131 cernebat
1045 5074 1226 5130 omnis
1250 5075 1482 5146 populus
1511 5077 1819 5132 columnam
1851 5077 2014 5134 nubis

2145 5070 2287 5143 Ιύρας
2311 5073 2410 5142 τῆς
2442 5070 2667 5143 σκηνῆς,
2716 5070 2808 5123 xal
2845 5069 3022 5122 ἐλάλει
3065 5067 3141 5139 τῷ
3169 5069 3375 5131 Μωσεί,
3410 5068 3505 5121 καὶ
3535 5067 3692 5137 ἑώρα.

457 5173 692 5222 stantem
721 5166 776 5220 in
817 5165 1028 5222 foribus
1069 5166 1435 5234 tabernaculi,
1473 5175 1528 5223 et
1565 5176 1800 5224 stantem
1831 5169 2009 5226 omnis

2145 5166 2217 5227 ξᾶς
2251 5165 2280 5217 6
2302 5165 2428 5228 λαὸς
2461 5164 2553 5218 τὸν
2581 5163 2770 5216 στῦλον
2806 5160 2908 5231 τῆς
2939 5159 3165 5229 νεφέλης
3194 5159 3403 5212 ἑστῶτα
3442 5159 3538 5213 ἐπὶ
3569 5159 3691 5212 τῶν

457 5259 689 5329 populus
731 5257 1118 5322 adoraverunt,
1165 5259 1544 5330 unusquisque
1595 5274 1625 5314 a
1670 5258 1879 5315 foribus
1922 5259 2008 5315 sui

2145 5255 2288 5328 υρῶν
2327 5256 2426 5326 τῆς
2467 5256 2698 5327 σκηνῆς·
2751 5255 2844 5308 καὶ
2870 5239 3089 5316 στάντες
3137 5253 3244 5315 πᾶς
3285 5255 3313 5306 6
3354 5251 3482 5316 λαὸς
3516 5269 3692 5323 προσ-

455 5350 791 5405 tabernaculi
817 5351 884 5404 7'.
924 5369 944 5403 ι
979 5349 1219 5420 Populus
1263 5350 1482 5423 quidem
1514 5349 1771 5404 cernebat
1802 5350 2011 5404 colum-

2145 5349 2400 5419 κύνησαν,
2425 5347 2651 5411 ἕκαστος
2672 5346 2778 5401 ἀπὸ
2795 5347 2892 5418 τῆς
2916 5345 3082 5416 θύρας
3108 5344 3205 5414 τῆς
3227 5345 3430 5414 σκηνῆς
3458 5344 3637 5399 αὑτοῦ.
3657 5367 3688 5400 ι

459 5455 581 5496 nam
624 5443 786 5498 nubis
830 5443 934 5498 hoc
967 5445 1106 5508 loco,
1148 5459 1274 5500 cum
1301 5443 1449 5501 Mose
1492 5457 1624 5500 vero
1663 5443 2006 5514 loquebatur.

2145 5443 2178 5496 Ο
2205 5443 2302 5514 μὲν
2339 5435 2430 5495 οὖν
2457 5441 2584 5503 λαὸς
2613 5439 2758 5511 ἑώρα
2797 5439 2887 5491 τὸν
2917 5437 3103 5492 στῦλον
3131 5439 3228 5508 τῆς
3260 5436 3508 5509 νεφέλης,
3543 5437 3696 5493 Μω-

524 5557 567 5588 ⁴⁷
596 5556 750 5614 Joan.
784 5573 896 5620 xw,
928 5559 980 5613 9.
1056 5559 1100 5591 ⁸⁸
1131 5558 1298 5614 Exod.
1322 5575 1434 5626 ιιιῑ,
1491 5559 1545 5614 9.
1620 5559 1664 5590 ⁶⁹
1699 5557 1867 5613 Exod.
1898 5573 2020 5622 xm,

2221 5558 2267 5591 ⁷⁸
2303 5556 2463 5613 Num.
2499 5572 2598 5625 xu,
2631 5555 2684 5611 5.
2759 5555 2802 5587 τί
2836 5553 3005 5610 Exod.
3041 5569 3236 5620 xum,
3267 5553 3321 5620 9,
3349 5552 3434 5609 l0.

520 5649 600 5720 (Ι)
647 5650 1047 5718 Ἀδτεφαίνετα
1080 5651 1240 5710 Forte
1268 5652 1604 5722 ἐπεφαίνετο.
1648 5651 1802 5707 Ευιτ.
