3916 6200
230 226 339 282 593

1139 219 1785 279 DEMONSTRATIONIS
1823 216 2278 278 EVANGELleE
2319 217 2445 274 LIB.
2487 214 2550 275 ν.

3357 221 3463 276 394

228 343 318 395 σεε
341 342 385 395 δ’
409 341 608 395 ἐλάλει.
640 340 735 406 Τίς
762 342 806 396 δ’
835 340 1008 397 ἐλάλει
1029 383 1042 405 ,
1072 343 1106 415 ἢ
1144 343 1383 415 δηλονότι
1411 346 1439 397 0
1478 344 1665 406 στύλος
1700 344 1798 414 τῆς

1908 340 2036 407 Quis
2067 355 2223 410 porro
2266 337 2631 409 loquebatur?
2664 337 2918 390 columna
2971 337 3132 392 nubis
3185 336 3461 401 videlicet,

228 433 475 503 νεφέλης,
507 434 535 486 0
558 434 817 505 πρότερον
844 437 956 495 τοῖς
979 435 1250 505 πατράσιν
1275 436 1331 488 ὲν
1366 434 1652 504 ἀνθρώπου
1693 452 1797 503 φα-

224 524 338 588 νεὶς
366 526 635 595 σχήματις
673 526 1153 597 Προαποδέδεικται
1184 528 1260 590 δὲ,
1286 529 1368 580 ὅτι
1398 528 1470 599 μὴ
1499 528 1526 579 0
1551 527 1641 580 ἐπὶ
1665 527 1801 579 πάν-

225 630 337 668 των
366 614 499 679 Θεὸς
529 609 681 680 οὗτος
711 614 798 688 ἦν,
832 616 1017 688 ἕτερος
1041 617 1119 683 δὲ,
1156 618 1213 670 ὂν
1241 616 1376 670 Θεοῦ
1416 617 1583 685 Λόγον
1623 616 1799 689 ὑπάρ-

224 722 393 776 χοντα
426 707 660 778 Χριστὸν
705 710 865 779 ἡμεῖς
905 706 1380 778 προσαγορεύομεν
1402 724 1415 738 θ
1460 706 1519 771 ὃς
1547 709 1641 759 καὶ
1678 709 1798 760 τότε

225 798 322 851 τοῦ
364 798 601 870 πλήθους
631 799 814 853 ἕνεκεν
845 801 1032 852 Μωσεί
1066 816 1123 850 τε
1185 798 1332 870 αύτῷ
1360 799 1453 852 καὶ
1478 799 1555 869 τῷ
1590 799 1703 868 λαῴ
1743 801 1798 853 ὲν

227 890 408 960 στύλῳ
444 889 671 959 νεφέλης
698 889 1008 960 ὲθεωρείτο,
1034 888 1122 942 διὰ
1148 890 1207 942 τὸ
1246 890 1319 961 μὴ
1362 893 1559 961 χωρεῖν
1603 891 1800 955 αὐτοὺς

225 980 429 1050 ὁμοίως
466 983 580 1043 τοῖς
631 981 901 1051 πατράσιν
938 980 995 1031 ἐν
1040 978 1330 1049 ἀνθρώπου
1382 981 1618 1051 σχήματι
1668 982 1799 1051 όρᾷν

226 1072 413 1126 αὐτόν.
441 1073 670 1126 Τελεξων
716 1073 823 1143 γάρ
846 1091 900 1126 τι
937 1069 1004 1144 ἦν
1030 1073 1091 1126 τὸ
1131 1074 1369 1145 πρωρᾷν
1400 1072 1658 1126 δύνασθαι
1699 1073 1800 1144 τὴν

229 1163 527 1233 μέλλουσαν
577 1163 792 1216 ἔσεσθαί
852 1181 981 1216 ποτε
1036 1165 1117 1228 εἰς
1166 1162 1489 1236 ἀνθρώπους
1539 1164 1799 1235 ἐνσαρκον

226 1256 548 1326 ἐπιφάνειαν
580 1256 765 1319 αὐτοῦ,
801 1258 887 1327 ἣν,
922 1258 1043 1310 ἐπεὶ
1093 1258 1225 1329 μηδὲ
1255 1258 1376 1311 τότε
1425 1253 1535 1321 οἷός
1569 1275 1629 1310 τε
1669 1254 1737 1328 ἦν
1770 1259 1800 1313 0

226 1349 337 1411 πᾶς
363 1347 493 1410 λαὸς
526 1351 743 1418 χωρεῖν,
773 1349 995 1412 εἰκότως
1021 1350 1141 1402 τοτὲ
1169 1350 1265 1420 μὲν
1295 1351 1479 1413 αὐτοῖς
1499 1348 1588 1402 διὰ
1602 1346 1796 1419 πυρὸς,

225 1434 397 1504 φόϐου
419 1436 575 1507 χάριν
602 1437 694 1489 καὶ
732 1438 1123 1509 καταπλήξεως
1141 1480 1156 1503 ,
1190 1439 1310 1492 τοτὲ
1337 1438 1393 1499 δὲ
1432 1438 1521 1492 διὰ
1549 1438 1796 1509 νεφέλης,

224 1526 382 1580 ὠσὰν
404 1530 841 1600 ὲπεσκιασμένως
889 1532 982 1584 καὶ
1024 1531 1450 1603 κεκαλυμμένως
1497 1531 1799 1603 νομοθετῶν

222 1620 445 1684 αὐτοὺς,
474 1621 661 1693 ὁρῷτο,
685 1623 884 1693 ὁμοίως
915 1623 971 1677 δὲ
1035 1624 1127 1677 καὶ
1157 1623 1234 1694 τῷ
1273 1627 1462 1680 Μωσεῖ
1485 1624 1552 1678 δι’
1580 1624 1795 1687 αὐτούς.

749 1914 1146 1969 ΚΕΦΑΛΑΙΟΝ
1184 1917 1282 1970 1Ε’.

224 2030 356 2085 Ὀτι
386 2028 540 2100 μηδὲ
580 2028 865 2099 ἀγγελικὴ
919 2030 1103 2101 φύοςις
1124 2025 1203 2099 ἦν
1233 2027 1389 2101 ήᾼτῷ
1425 2031 1625 2086 Maias?
1652 2050 1796 2101 χρη-

285 2096 638 2227 ὔαὲίζουσα,
665 2096 958 2168 ’κρείττων
1017 2096 1085 2152 δέ
1127 2096 1218 2167 τις
1261 2096 1346 2172 ἦν
1371 2101 1409 2171 ἢ
1460 2105 1587 2155 κατ’
1632 2096 1799 2174 (me-

337 2189 429 2225 ον.

298 2287 316 2318 ι
350 2264 483 2320 Eine
523 2268 752 2339 Κύριος’
793 2265 921 2319 Ἰδοὺ
976 2263 1086 2333 ἐγὼ
1118 2265 1429 2320 ἀποστέλλω
1452 2267 1543 2321 τὸν
1572 2268 1799 2337 ἄγγελόν

222 2377 341 2430 μου
366 2358 470 2429 πρὸ
498 2356 788 2430 προσώπου
830 2375 953 2428 μου,
997 2358 1083 2411 ἵνα
1121 2357 1328 2432 φυλάξῃ
1363 2375 1420 2412 σε
1469 2360 1526 2412 ὲν
1554 2361 1621 2431 τῇ
1675 2360 1797 2431 ὁδῶ,

218 2452 372 2513 ὅπως
393 2449 662 2522 εἰσαγάγῃ
680 2466 737 2501 σε
759 2452 839 2512 εἰς
859 2448 955 2520 τὴν
982 2449 1105 2520 γῆν,
1124 2449 1190 2520 ἢν
1213 2450 1483 2520 ἡτοίμασά
1507 2466 1606 2504 σοι.
1628 2450 1801 2522 Πρόσ-

220 2561 310 2612 εχε
354 2541 623 2613 αὐτῷκαὶ
666 2543 914 2596 εἰσάκουε
965 2542 1160 2607 αὐτοῦ,
1194 2543 1287 2595 καὶ
1326 2543 1399 2613 μὴ
1444 2544 1658 2597 ἀπείθει
1706 2545 1801 2598 αὖ·

218 2635 297 2703 τῷ
322 2651 336 2662 υ
368 2634 429 2685 ού
477 2632 584 2703 γὰρ
621 2632 694 2704 μὴ
727 2633 1110 2703 ὑποστείληται
1143 2650 1227 2685 σε’
1263 2633 1323 2685 τὸ
1362 2634 1467 2705 γὰρ
1497 2634 1667 2706 ὄνομά
1700 2654 1798 2707 μου

223 2723 377 2775 ἐστὶν
413 2723 499 2774 ἐπ’
533 2718 700 2793 αὐτῷ.
741 2741 759 2774 ι
806 2721 914 2775 Καὶ
959 2723 1017 2774 ἐν
1064 2722 1235 2793 ἑτέρῳ
1280 2723 1462 2794 τόπῳ·
1510 2744 1529 2776 ‹
1567 2720 1701 2779 Εἷπε
1743 2725 1801 2779 δὲ

219 2813 430 2885 Κύριος
483 2813 619 2885 πρὸς
677 2814 907 2883 Μωσῆν⁶
951 2814 1193 2879 Βάδισον,
1242 2815 1338 2868 καὶ
1396 2814 1659 2888 ὁδὴγησον
1710 2816 1800 2871 τὸν

222 2904 357 2958 λαὸν
388 2907 467 2968 εἰς
490 2904 581 2957 τὸν
608 2902 770 2958 τόπον
795 2905 851 2957 ὃν
878 2904 1076 2976 εἴρηκά
1103 2922 1216 2959 σοι’
1255 2905 1360 2960 ἰδοὺ
1388 2906 1416 2958 0
1440 2904 1669 2976 ἄγγελός
1700 2926 1802 2980 μου

226 2995 625 3068 προπορεύεται
664 2996 769 3066 πρὸ
788 2995 1078 3065 προσώπου
1106 3014 1220 3050 σου.
1252 3017 1270 3049 ι
1302 2998 1411 3052 Καὶ
1436 2998 1623 3054 πάλιν
1650 3018 1669 3052 ι
1693 3000 1803 3054 Καὶ

223 3085 347 3143 plus
386 3086 586 3159 Κύριος
648 3086 785 3157 πρὸς
826 3083 1034 3156 Μωσῆν
1059 3105 1071 3118 ·
1114 3088 1389 3160 Πορεύου,
1434 3091 1529 3144 καὶ
1568 3090 1801 3163 ἀνάϐηθι

228 3179 479 3234 ἐντεῦθεν
531 3178 594 3231 σὺ
633 3179 726 3231 καὶ
769 3179 798 3231 0
834 3178 991 3242 λαός’
1032 3199 1049 3231 ι
1086 3180 1177 3232 καὶ
1220 3180 1288 3234 τὰ
1312 3180 1458 3252 ἑξῆς
1498 3183 1647 3238 «Καὶ
1682 3200 1804 3237 συν-

228 3269 508 3325 αποστελῶ
556 3269 662 3338 πρὸ
716 3268 1007 3339 προσώπου
1055 3288 1146 3324 σου
1197 3271 1287 3326 τὸν
1339 3273 1569 3342 ἄγγελόν
1610 3292 1734 3345 μου.
1774 3294 1794 3328 ι

223 3359 395 3418 Δῦται
439 3363 518 3415 ὅτι
572 3363 646 3433 μὴ
688 3360 942 3430 ἀγγέλου,
982 3363 1141 3433 μόνου
1168 3362 1225 3416 δὲ
1274 3363 1407 3417 Θεοῦ
1454 3365 1692 3435 γένοιντο
1737 3367 1804 3422 ἂν

222 3455 423 3523 φωναὶ,
452 3455 610 3506 παντί
640 3470 717 3523 τῳ
749 3453 1031 3525 πρόδηλον.
1056 3454 1189 3507 Θεοῦ
1218 3455 1275 3509 δὲ
1301 3455 1476 3519 τίνος,
1512 3456 1659 3527 ἢτοῦ
1690 3459 1805 3523 τοῖς

223 3546 594 3618 προπάτορσιν
644 3546 994 3619 ἑωραμένου;
1047 3547 1105 3600 ὃν
1157 3549 1383 3616 ἄγγελον
1427 3549 1560 3603 Θεοῦ
1617 3551 1804 3620 σαφῶς

224 3642 519 3711 προσεῖπεν
549 3644 577 3694 0
610 3640 818 3694 Ἰακώϐ.
848 3633 1015 3704 Οὗτος
1046 3640 1103 3694 δὲ
1135 3636 1353 3712 ἦνὴμίν
1379 3645 1407 3696 0
1439 3642 1573 3697 Θεοῦ
1610 3643 1800 3712 Λόγος,

224 3730 373 3783 ώσὰν
411 3732 505 3783 καὶ
534 3731 666 3784 Θεοῦ
699 3734 828 3794 παῖς
848 3732 940 3784 καὶ
956 3731 1135 3795 αὐτὸς,
1154 3731 1306 3796 Θεὸς,
1326 3735 1419 3787 καὶ
1447 3734 1649 3805 Κύριος
1672 3734 1805 3788 ὠνο-

228 3824 530 3895 μασμένος.
842 3869 855 3877 ε

738 3918 1129 3971 ΚΕΦΑΛΑΙΟΝ
1171 3920 1286 3985 ις’.

235 4006 333 4074 Ὡς
362 4010 397 4061 d
422 4007 607 4074 αὐτὸς
636 4009 853 4081 Κύριος
880 4008 1012 4081 περὶ
1037 4006 1242 4081 ἐτέρου
1272 4008 1543 4066 διδάσκει
1561 4012 1800 4081 Κυρίου.

684 4078 827 4132 Ἀπὸ
861 4079 967 4134 τοῦ
1006 4080 1364 4149 Δεκαλόγου.

303 4190 322 4224 ι
364 4168 506 4239 Ἐγώ
534 4172 647 4240 εἰμι
676 4171 878 4243 Κύριος
900 4174 929 4226 0
963 4171 1097 4236 Θεός
1126 4188 1243 4236 σου,
1272 4174 1300 4225 0
1325 4173 1607 4242 ἐξαγαγών
1636 4192 1696 4228 σε
1739 4177 1805 4231 ὲκ

1902 448 2027 487 cum
2063 433 2203 488 idem
2251 431 2392 486 Deus
2422 442 2580 484 antea
2628 429 2872 497 patribus
2911 428 2967 481 in
3009 429 3244 482 hominis
3288 428 3464 483 forma

1904 525 2263 595 apparuisset.
2324 522 2498 591 Supra
2548 536 2677 573 vero
2721 519 2833 589 jam
2875 520 3306 575 demonstratum
3356 530 3462 583 est,

1903 616 2048 686 quod
2079 606 2185 669 nun
2223 614 2383 668 Pater
2406 614 2545 666 Deus
2566 613 2654 665 hic
2675 620 2841 674 esset,
2870 612 2950 668 sic
2974 613 3133 677 alter,
3156 628 3314 682 quem
3338 628 3462 673 nos,

1901 723 2025 761 cum
2072 706 2165 761 Dei
2210 706 2281 760 sit
2324 703 2584 768 Verbum,
2618 703 2895 759 Christum
2939 719 3340 774 nuncupamus,
3369 700 3463 775 qui

1901 803 2031 851 tunc
2056 805 2276 866 propter
2299 796 2699 849 multitudinem
2728 796 3026 865 vulgarem,
3085 803 3140 849 et
3172 796 3273 864 ipsi
3305 794 3462 859 Mosi,

1901 897 1952 942 et
1991 889 2189 959 populo
2221 889 2272 942 in
2314 888 2567 942 columna
2598 887 2761 941 nubis
2794 887 3138 950 cernebatur,
3177 896 3467 958 propterea

1902 980 2044 1049 quod
2094 995 2199 1033 non
2240 979 2425 1033 itidem
2458 989 2516 1032 ut
2544 988 2748 1048 patres,
2788 978 2974 1032 videre
3008 979 3156 1031 illum
3205 980 3257 1033 in
3293 979 3465 1033 forma

1902 1072 2160 1134 hominis,
2196 1071 2372 1125 idonei
2394 1078 2597 1125 essent.
2632 1068 3005 1124 Perfectorum
3029 1070 3172 1124 enim
3196 1069 3297 1125 hoc
3322 1080 3462 1136 erat,

1901 1180 2064 1235 posse
2096 1165 2241 1218 illius
2275 1164 2567 1217 adventum
2596 1163 2903 1233 providere,
2933 1164 3024 1233 qui
3055 1163 3183 1217 olim
3208 1166 3261 1217 in
3288 1165 3462 1217 horni-

1900 1255 2063 1311 nibus
2115 1269 2342 1324 corpore
2399 1255 2637 1308 humano
2700 1264 3001 1324 assumpto,
3052 1254 3267 1311 futurus
3320 1264 3462 1320 erat,

1902 1361 2064 1418 quem
2100 1362 2254 1410 sane,
2291 1361 2415 1401 cum
2447 1361 2515 1401 ne
2545 1355 2678 1399 tunc
2707 1346 2925 1417 quidem
2961 1346 3249 1402 universus
3291 1363 3463 1418 popu-

1900 1440 1986 1495 lus
2003 1446 2183 1510 posset
2208 1454 2423 1508 capere,
2450 1439 2645 1492 merito
2664 1439 2797 1493 alias
2816 1438 3033 1509 quidem
3057 1440 3137 1495 eis
3155 1456 3250 1509 per
3265 1442 3465 1511 ignem,

1900 1531 2136 1587 terrendi
2183 1530 2579 1600 cohibendique
2633 1544 2821 1591 causa,
2885 1530 3021 1584 alias
3065 1545 3160 1599 per
3234 1532 3462 1599 nubem,

1901 1626 2057 1695 quasi
2103 1623 2424 1678 adumbrate
2473 1631 2637 1692 atque
2673 1622 2913 1677 involute
2960 1622 3096 1676 dans
3140 1623 3247 1678 illis
3295 1623 3464 1694 leges,

1825 1711 1866 1766 Β
1895 1716 2237 1778 cernebatur,
2259 1714 2557 1784 eademque
2595 1715 2802 1768 ratione
2844 1712 2977 1768 Mosi
2999 1729 3215 1783 quoque
3248 1722 3468 1785 prOpter

1900 1807 2043 1862 illos.

2516 1915 2746 1972 CAPUT
2776 1914 2868 1971 XV

1898 2028 2057 2103 242
2104 2030 2257 2096 Quod
2290 2031 2524 2100 angelica
2570 2048 2685 2103 non
2715 2032 2891 2103 fuerit
2918 2041 3133 2094 natura,
3167 2047 3284 2102 qua:
3327 2027 3469 2103 Mosi

1966 2102 2126 2153 dabat
2176 2118 2451 2170 responsa,
2486 2102 2576 2154 sed
2616 2102 2959 2171 prwstantt’or
2994 2118 3153 2172 quam
3185 2112 3243 2155 ut
3278 2102 3347 2156 ad
3377 2120 3470 2156 an-

1962 2174 2134 2243 gelum
2164 2172 2349 2240 referri
2377 2173 2565 2240 possit.

1966 2283 1984 2314 ι
2012 2262 2157 2319 Dixit
2186 2263 2480 2318 Dominus:
2522 2262 2660 2317 Ecce
2680 2279 2782 2334 ego
2817 2264 2975 2318 mitto
3007 2266 3257 2336 angelum
3285 2278 3468 2320 meum

1902 2365 2027 2411 ante
2056 2354 2249 2411 faciem
2298 2363 2467 2419 tuam,
2501 2363 2560 2408 ut
2589 2355 2860 2410 custodiat
2903 2367 2952 2412 te
2975 2357 3029 2411 in
3066 2359 3172 2424 via,
3204 2367 3262 2412 ut
3290 2357 3466 2411 intro-

1900 2444 2063 2500 ducat
2095 2460 2145 2501 te
2177 2446 2231 2499 in
2262 2454 2489 2509 terrain,
2523 2462 2685 2516 quam
2707 2448 2890 2516 paravi
2908 2448 3007 2502 tibi
3031 2465 3046 2513 ;
3071 2449 3300 2504 observa
3318 2465 3466 2517 eum,

1900 2546 1953 2591 et
1983 2536 2106 2590 audi
2139 2553 2284 2600 eum,
2315 2553 2413 2592 nec
2444 2536 2519 2592 sis
2542 2538 2804 2593 adversus
2827 2539 2979 2593 illum
2999 2550 3290 2599 contumax
3319 2559 3333 2607 ;
3361 2557 3471 2597 non

1901 2629 2045 2683 enim
2070 2629 2304 2684 dimittet
2338 2639 2420 2697 te;
2454 2645 2652 2686 nomen
2675 2631 2818 2685 enim
2843 2646 3021 2685 meum
3044 2640 3128 2687 est
3158 2633 3213 2687 in
3238 2632 3412 2687 illo".
3445 2654 3464 2687 ι

1904 2721 1970 2779 Et
2002 2722 2056 2776 in
2083 2722 2194 2777 alio
2211 2723 2330 2778 loco
2361 2742 2373 2777 :
2400 2742 2419 2774 ι
2445 2722 2591 2778 Dixit
2628 2731 2807 2779 autem
2830 2722 3091 2780 Dominus
3139 2726 3205 2780 ad
3234 2725 3467 2782 Mosem:

1904 2810 2077 2875 Vade,
2109 2818 2163 2867 et
2190 2811 2298 2866 dux
2330 2821 2452 2867 esto
2471 2813 2636 2883 hujus
2665 2814 2853 2883 populi
2882 2813 2950 2868 ad
2974 2814 3153 2867 locum
3179 2828 3338 2883 quem
3360 2812 3471 2869 dixi

1903 2902 2021 2970 tibi;
2048 2919 2175 2959 ecce
2212 2906 2437 2976 angelus
2460 2921 2613 2961 meus
2630 2906 2903 2962 antecedit
2930 2914 2983 2961 te
2998 2906 3063 2961 ⁷³.
3096 2924 3115 2959 ι
3143 2905 3209 2960 Ει
3233 2921 3426 2963 rursus
3456 2928 3501 2974 ε,

1910 3012 1929 3044 ι
1954 2993 2021 3047 Et
2036 2994 2175 3049 dixit
2198 2995 2461 3051 Dominus
2496 2998 2564 3052 ad
2599 2995 2800 3053 Mosem
2820 3016 2832 3052 :
2853 2998 2976 3063 Abi,
3008 3007 3060 3054 et
3082 2999 3317 3055 ascende
3344 3000 3470 3055 hinc

1902 3087 1962 3136 tu
2004 3089 2058 3137 et
2089 3084 2345 3154 p0pulus,
2386 3105 2406 3139 ι
2431 3095 2485 3141 et
2524 3095 2719 3143 caetera
2750 3106 2763 3142 :
2790 3106 2809 3139 ι
2833 3086 2900 3142 Et
2941 3105 3048 3144 una
3090 3089 3301 3144 mittam
3348 3100 3474 3147 ante

1902 3171 2095 3229 faciem
2127 3183 2277 3229 tuam
2318 3178 2570 3248 angelum
2631 3194 2810 3235 meum
2839 3179 2941 3234 τι.»
2994 3179 3088 3236 Ha:
3124 3196 3256 3238 sane
3286 3200 3469 3247 voces,

1901 3264 2047 3336 quod
2085 3281 2196 3321 non
2236 3269 2413 3339 angeli
2445 3270 2541 3325 sed
2576 3272 2746 3327 solius
2781 3267 2878 3328 Dei
2907 3273 3041 3337 sint,
3076 3275 3368 3346 unicuique
3392 3277 3474 3331 fa-

1901 3358 2006 3414 cile
2027 3367 2282 3415 constare
2310 3369 2511 3431 potest.
2540 3361 2713 3432 Cujus
2742 3379 2906 3434 porro
2932 3363 3048 3431 Dei,
3077 3366 3178 3421 nisi
3213 3368 3333 3438 ejus
3376 3376 3472 3439 qul

1901 3450 2097 3521 priscis
2120 3452 2373 3522 patribus
2402 3454 2473 3508 sit
2494 3455 2867 3526 visus?quem
2896 3458 3149 3528 angelum
3179 3457 3273 3515 Dei
3309 3461 3470 3530 plane
3561 3440 3571 3451 ’

1903 3543 2196 3613 appellavit
2240 3542 2433 3600 Jacob.
2484 3545 2598 3601 Hoc
2642 3555 2826 3604 autem
2878 3551 3038 3607 nobis
3094 3550 3185 3607 Dei
3229 3549 3470 3609 Verbum

1903 3635 2025 3702 ft..t,
2058 3644 2246 3710 utpote
2274 3654 2399 3694 cum
2434 3649 2487 3695 et
2520 3639 2613 3696 Dei
2646 3639 2840 3708 Filius,
2863 3653 2914 3698 et
2946 3643 3106 3710 Deus,
3130 3657 3183 3701 et
3211 3645 3473 3704 Dominus

1904 3729 2020 3800 ipse
2054 3732 2125 3786 sit
2153 3732 2489 3787 nominatus.

2501 3912 2732 3971 CAPUT
2768 3915 2904 3973 XVI.

1906 4007 2058 4074 Quod
2087 4006 2224 4062 idem
2240 4007 2496 4063 Dominus
2523 4012 2586 4063 de
2612 4010 2717 4065 alio
2737 4010 2907 4075 docet,
2926 4011 3121 4067 scilicet
3142 4005 3309 4070 Filio.
3335 4043 3405 4057 --
3426 4018 3471 4071 Α

2357 4078 2533 4134 decem
2570 4083 2845 4152 prwceptis
2868 4083 3016 4152 legis.

1981 4187 2001 4220 ι
2028 4167 2139 4241 Ego
2170 4185 2291 4225 sum
2322 4170 2586 4227 Dominus
2628 4171 2772 4230 Deus
2811 4185 2956 4239 tuus,
2989 4173 3082 4244 qui
3120 4172 3284 4229 eduxi
3321 4185 3373 4231 te
3398 4176 3468 4233 de

229 4264 333 4333 τῆς
356 4264 629 4331 Αἰγύπτου
653 4304 668 4327 ,
723 4266 781 4332 ἐξ
812 4266 962 4319 οἴκου
1007 4264 1265 4329 δουλείας.
1295 4266 1407 4319 Ούκ
1460 4265 1672 4319 ἔσονταί
1722 4283 1800 4322 σοι

1908 4268 2048 4316 terra
2068 4260 2307 4333 Egypti,
2328 4263 2395 4319 de
2425 4264 2589 4319 domo
2619 4266 2919 4321 servitutis.
2948 4263 3067 4320 Non
3089 4273 3251 4321 erunt
3267 4265 3367 4320 tibi
3396 4264 3473 4320 dii

226 4356 340 4411 θεοὶ
369 4355 543 4428 ἕτεροι
561 4356 698 4428 πλὴν
724 4356 877 4428 ἐμοῦ,
904 4377 921 4408 ι
951 4356 1130 4410 καὶτὰ
1150 4356 1299 4427 ὲξῆςο
1330 4378 1347 4409 ι
1385 4357 1525 4428 Ἐγὼ
1551 4359 1659 4428 γάρ
1688 4360 1800 4430 εἰμι

1908 4354 2001 4408 alii
2032 4362 2228 4425 praeter
2257 4370 2362 4418 me,
2387 4373 2406 4408 ι
2442 4364 2498 4411 et
2527 4365 2744 4413 caetera.
2785 4376 2804 4409 ι
2831 4356 2942 4429 Ego
2964 4358 3110 4415 enim
3141 4374 3260 4415 sum
3289 4357 3475 4413 Domi-

228 4446 433 4519 Κύριος
457 4448 486 4499 0
533 4447 663 4511 Θεός
694 4465 806 4512 σου,
839 4448 970 4511 Θεὸς
1007 4447 1273 4521 ζηλωτής.
1305 4469 1323 4501 ι
1374 4451 1483 4503 Καὶ
1529 4450 1800 4521 ἐπιλέγειο

1909 4461 2013 4501 nus
2039 4446 2180 4501 Deus
2209 4453 2334 4501 tuus
2354 4447 2639 4503 aemulator
2656 4450 2756 4513 ",i
2791 4456 2845 4505 et
2875 4448 3156 4521 adiungit:
3190 4468 3209 4501 ι
3233 4447 3350 4505 Non
3383 4465 3478 4505 su‘

230 4555 250 4588 ι
278 4538 351 4590 υύ
383 4537 524 4609 λήψῃ
554 4535 615 4590 τὸ
636 4538 802 4609 ὄνομα
823 4538 1025 4610 Κυρίου
1053 4539 1147 4593 τοῦ
1171 4540 1305 4593 Θεοῦ
1335 4558 1428 4594 σου
1453 4542 1544 4595 ἐπὶ
1567 4541 1800 4615 ματαίῳ.

226 4630 301 4684 Ού
324 4629 435 4699 γὰρ
461 4630 537 4702 μὴ
570 4630 840 4705 καθαρίσῃ
872 4630 1075 4703 Κύριος
1099 4631 1191 4685 τὸν
1230 4632 1569 4704 λαμϐάνοντα
1596 4635 1657 4688 τὸ
1687 4635 1803 4687 δνο-

229 4738 309 4791 μα
348 4720 512 4773 αὑτοῦ
550 4720 643 4774 ἐπὶ
685 4721 911 4793 ματαίῳ.
938 4742 956 4774 ι
994 4722 1288 4776 Κάνταῦθα
1335 4723 1494 4787 αὐτὸς
1533 4726 1561 4776 0
1602 4723 1803 4796 Κύριος

227 4813 357 4883 περὶ
387 4811 571 4880 ἐτέρου
606 4809 811 4882 Κυρίου
841 4811 910 4865 τὰ
951 4811 1289 4883 προκείμενα
1315 4812 1575 4866 διδάσκει.
1618 4810 1803 4866 Εἰπὼν

225 4902 395 4971 γοῦν,
428 4919 446 4950 ι
488 4900 628 4968 Ἐγώ
662 4902 775 4971 εἰμι
810 4901 1012 4973 Κύριος
1054 4905 1083 4954 0
1135 4901 1268 4965 Θεός
1314 4920 1431 4966 σου,
1476 4923 1493 4954 ι
1531 4903 1800 4972 ἐπιλέγει·

230 5011 251 5045 ι
277 4993 354 5046 Ού
382 4990 528 5064 λήψῃ
549 4992 609 5044 τὸ
628 4993 795 5063 ὄνομα
819 4994 1026 5065 Κυρίου
1055 4993 1148 5047 τοῦ
1182 4994 1316 5047 Θεοῦ
1350 5013 1442 5047 σου
1460 5008 1472 5022 '
1501 5016 1519 5047 ι
1549 4996 1677 5065 περὶ
1709 4995 1803 5049 τοῦ

226 5081 446 5153 Πατρὸς
483 5080 677 5153 δηλαδὴ
703 5085 795 5136 καὶ
824 5081 958 5135 Θεοῦ
988 5083 1095 5137 τῶν
1115 5085 1249 5137 ὅλων
1269 5086 1297 5137 0
1319 5083 1567 5156 δεύτερος
1603 5085 1807 5157 Κύριος

226 5174 319 5227 τὸν
351 5172 657 5245 θεράποντα
699 5175 1090 5245 μυσταγωγῶν.
1122 5176 1318 5248 Εῦροις
1346 5177 1391 5230 δ’
1428 5177 1493 5230 ἂν
1532 5181 1626 5232 καὶ
1672 5179 1805 5233 ἄλλα

230 5265 403 5338 μυρία
431 5266 498 5319 δι’
526 5264 652 5337 ὅλης
675 5268 773 5338 τῆς
812 5270 962 5340 ἱερᾶς
993 5272 1233 5343 Γραφῆς,
1271 5271 1662 5341 παραπλησίως
1681 5271 1806 5326 τού·-

228 5374 346 5422 τοις
386 5357 801 5432 ἐξενηνεγμένα,
840 5361 907 5414 δι’
936 5357 1011 5415 ὧν
1050 5364 1078 5415 0
1118 5362 1281 5426 Θεὸς,
1328 5362 1403 5426 ὡς
1446 5363 1574 5435 περὶ
1620 5364 1805 5436 ἑτέρου

229 5449 393 5513 Θεοῦ,
426 5452 521 5505 καὶ
552 5451 714 5516 αὐτὸς
746 5453 774 5505 0
810 5450 1031 5524 Κύριος,
1076 5453 1148 5517 ὼς
1185 5456 1312 5525 περὶ
1353 5453 1539 5525 ἑτέρου
1579 5456 1802 5527 Κυρίου,

230 5543 359 5604 τοὺς
391 5545 673 5612 χρησμοὺς
700 5544 955 5597 ἐποιεῖτο.

1906 4551 2025 4590 mes
2047 4550 2245 4590 nomen
2283 4535 2502 4592 Domini
2528 4538 2621 4594 Dei
2659 4538 2804 4593 tuiin
2849 4554 3048 4594 vanum
3069 4536 3139 4597 ".
3181 4539 3296 4595 Nec
3332 4541 3476 4596 enim

1906 4626 2127 4683 habebit
2154 4627 2425 4683 insontem
2447 4626 2710 4685 Dominus
2734 4645 2856 4685 eum
2883 4630 2975 4701 qui
2999 4630 3357 4700 assumpserit
3384 4645 3480 4683 no.

1907 4732 2029 4773 men
2047 4718 2257 4774 Domini
2273 4721 2356 4775 sui
2372 4719 2592 4776 frustra.
2607 4740 2625 4773 ι
2648 4720 2763 4776 Hoc
2775 4723 2935 4777 etiam
2952 4722 3070 4777 loco
3087 4722 3201 4791 ipse
3216 4720 3478 4775 Dominus

1906 4825 1971 4865 ea
2010 4827 2131 4881 quce
2159 4814 2403 4883 exposita
2433 4822 2560 4869 sunt
2592 4816 2659 4870 de
2698 4816 2805 4869 alio
2821 4814 2998 4877 docet.
3035 4812 3311 4884 Siquidem
3346 4827 3472 4889 cum

1906 4903 2140 4968 dixerit,
2163 4923 2180 4954 ι
2207 4904 2318 4975 Ego
2349 4921 2468 4960 sum
2492 4907 2753 4962 Dominus
2802 4906 2939 4962 Deus
2964 4915 3111 4973 tuus,
3143 4926 3161 4958 ι
3192 4905 3477 4974 adjungit:

1913 5014 1931 5045 ι
1956 4994 2072 5049 Non
2116 5013 2301 5052 sumes
2331 5013 2529 5053 nomen
2559 4999 2772 5054 Domini
2802 5000 2895 5057 Dei
2910 5000 3022 5054 tui:
3056 5018 3075 5050 ›
3099 4997 3259 5070 243
3281 4998 3481 5068 quippe

1906 5101 2028 5141 cum
2042 5087 2107 5141 de
2135 5087 2295 5144 Patre
2317 5098 2369 5144 et
2392 5089 2502 5145 Deo
2525 5092 2784 5157 universi,
2810 5093 2856 5147 is
2872 5092 2963 5163 qui
2993 5091 3061 5147 ab
3081 5091 3173 5145 illo
3196 5101 3278 5146 est
3302 5089 3482 5144 Domi-

1906 5195 2032 5244 nus,
2066 5196 2223 5233 suum
2248 5197 2464 5236 servum
2492 5185 2664 5239 sacris
2692 5183 3025 5238 initiet.Alia
3040 5191 3297 5254 praeterea
3314 5182 3477 5236 innuo

1909 5272 2193 5327 merabilia
2238 5275 2482 5329 invenies
2517 5291 2612 5345 per
2654 5284 2821 5331 totam
2859 5275 3200 5347 Scripturam
3240 5288 3477 5338 sacrant,

1909 5376 2029 5430 qua:
2070 5364 2259 5419 eadem
2306 5366 2516 5421 ratione
2544 5383 2653 5436 qua
2698 5368 2813 5422 haec
2859 5368 3143 5423 enuntiata
3186 5375 3336 5431 sunt,
3386 5366 3481 5421 ubi

1906 5451 2067 5509 Pater
2105 5463 2366 5526 tanquam
2416 5459 2483 5512 de
2511 5460 2616 5513 alia
2645 5475 2901 5530 persona,
2952 5468 3007 5516 et
3058 5461 3176 5531 ipse
3219 5459 3482 5516 Dominus

1908 5553 2165 5617 tanquam
2190 5547 2257 5603 de
2304 5549 2409 5603 alio
2458 5552 2715 5621 quodam,
2752 5554 2975 5609 oracula
3007 5552 3289 5608 reddebat.

310 5697 357 5727 τ’
387 5694 556 5749 Exod.
586 5712 740 5761 mu,
771 5699 963 5761 20,2l.
1039 5699 1084 5730 ’³
1121 5699 1265 5754 Exod
1322 5717 1494 5769 xxx”,
1527 5702 1614 5759 34.
1691 5705 1735 5736 ⁷⁸
1772 5701 1800 5757 Ε

1908 5704 1938 5759 Ι.
1971 5720 2163 5774 xxxiii,
2198 5705 2323 5775 1,2.
2402 5709 2447 5740 ⁷⁸
2478 5707 2648 5789 Exod.
2691 5710 2933 5785 xx,9.—5.
3004 5710 3052 5743 "
3092 5708 3233 5764 ibid.
3276 5744 3318 5766 ..

558 5790 827 5852 PnnOL.
860 5795 975 5855 tia.
1017 5796 1217 5857 XXII.

3147 5801 3224 5861 13
