3916 6200
463 245 562 301 595

461 480 614 549 Quod
645 496 689 533 is
721 493 902 531 rursus
927 475 1201 538 Dominus,
1251 474 1337 546 qui
1368 470 1507 549 Mosi
1549 485 1800 549 responsa
1829 465 2014 549 dabat,

518 552 679 605 alium
723 565 756 601 α
795 563 892 616 qua
923 556 1036 600 erat
1071 539 1377 616 agnoscens,
1411 539 1851 612 Putrem'utique,
1882 539 2020 592 hunc

527 625 696 691 ipsum
727 634 880 670 suum
908 617 1074 670 Deum
1098 617 1339 671 vocabat.

532 755 550 786 ι
577 734 640 788 Et
671 733 807 788 dixit
830 731 1096 787 Dominus
1135 731 1201 786 ad
1232 730 1470 802 Moysem
1498 750 1511 786 :
1537 729 1602 783 Et
1642 729 1744 783 hoc
1775 726 1870 781 tibi
1906 741 2022 782 ver-

458 831 606 890 bum,
642 827 791 898 quod
815 826 1023 890 dixisti,
1052 824 1270 879 faciam.
1309 813 1569 878 lnve'nisti
1602 821 1746 876 enim
1785 819 2016 890 gratiam

455 936 638 975 coram
656 934 764 982 me,
783 928 834 973 et
850 918 975 973 novi
990 926 1042 971 te
1055 926 1475 988 pmteromnes.
1489 934 1507 966 ι
1531 913 1596 970 Et
1620 914 1756 969 dixit
1774 913 2016 986 Moyses:

461 1033 478 1064 ι
499 1010 736 1067 Ostende
757 1010 888 1064 mihi
902 1017 1049 1065 tuam
1069 1009 1318 1078 gloriam.
1336 1028 1352 1058 ι
1371 1008 1436 1061 Et
1452 1007 1616 1064 dixit:
1631 1028 1648 1058 ι
1670 1006 1781 1077 Ego
1802 1005 2020 1061 anteibo

456 1104 604 1175 prior
647 1111 701 1158 te
732 1103 904 1172 gloria
941 1117 1084 1166 mea,
1117 1107 1171 1156 et
1194 1101 1400 1156 vocabo
1435 1101 1489 1154 in
1522 1101 1742 1154 nomine
1766 1114 1884 1154 meo
1911 1097 2020 1153 Do-

455 1193 663 1248 minum
700 1207 881 1248 coram
911 1201 984 1256 te,
1018 1199 1072 1246 et
1111 1191 1416 1246 miserabor
1447 1190 1824 1260 cujuscunque
1855 1189 2021 1244 mise-

456 1300 601 1348 reor,
648 1293 702 1338 et
748 1283 988 1338 clemens
1037 1297 1132 1338 ero
1172 1297 1299 1353 erga
1335 1296 1717 1352 quemcunque
1755 1296 1875 1336 sum
1909 1279 2018 1335 cle-

455 1377 691 1431 mens".
720 1396 737 1426 ι
763 1374 826 1428 Et
854 1386 975 1446 post
1005 1375 1111 1428 alia
1149 1374 1420 1444 adjungit,
1447 1383 1609 1444 atque
1635 1374 1709 1427 ait
1733 1393 1745 1427 :
1771 1392 1790 1423 ‹
1831 1371 1894 1425 Ει
1933 1372 2022 1426 de-

455 1467 670 1524 scendit
693 1466 1024 1521 Dominusin
1049 1467 1210 1531 nube,
1238 1474 1292 1522 et
1310 1466 1516 1521 adstitit
1543 1466 1592 1520 ei
1624 1466 1751 1521 illic.
1778 1473 1832 1520 et
1859 1479 2019 1519 voca-

453 1558 529 1611 vit
573 1557 628 1610 in
696 1557 916 1610 nomine
962 1554 1207 1609 Domini:
1259 1562 1312 1608 et
1349 1554 1602 1609 transivit
1651 1551 1912 1606 Dominus
1963 1551 2020 1604 in

453 1649 672 1705 nomine
720 1649 914 1719 ipsius,
949 1655 1002 1703 et
1042 1647 1290 1702 vocavit:
1315 1645 1564 1710 Domine,
1593 1643 1842 1708 Domine,
1881 1641 2020 1698 Deus

452 1742 691 1798 clemens
717 1749 770 1795 et
804 1739 1140 1801 misericors,
1171 1737 1521 1808 longanimis,
1555 1745 1609 1791 et
1638 1736 1820 1788 multa:
1863 1735 2020 1788 mise-

452 1831 702 1894 rationis,
747 1837 802 1883 et
847 1843 1032 1896 verax,
1075 1835 1130 1882 et
1173 1827 1444 1896 justitiam
1505 1839 1753 1888 servans,
1809 1824 2016 1878 faciens

450 1921 884 1979 miscricordiam
935 1923 987 1975 in
1053 1919 1243 1982 millia,
1292 1917 1548 1973 auferens
1604 1915 1922 1986 iniquitates
1961 1923 2015 1970 et

451 2013 768 2084 injustitias,
794 2019 847 2066 et
865 2017 1086 2081 peccata
1121 2024 1134 2061 :
1165 2016 1219 2064 et
1262 2008 1582 2080 purgatione
1605 2022 1715 2062 non
1763 2005 2016 2077 purgabit

452 2118 634 2158 reum:
670 2100 935 2159 inducens
968 2107 1189 2170 peccata
1221 2106 1436 2169 patrum
1483 2098 1539 2152 in
1571 2089 1734 2162 filios,
1779 2108 1832 2152 et
1874 2096 2014 2151 filios

451 2192 708 2256 ﬁliorum,
743 2193 797 2247 in
837 2193 1052 2248 tertiam
1115 2201 1170 2249 et
1199 2200 1450 2264 quartam
1479 2184 1883 2262 generationem
1913 2210 1925 2244 :
1959 2198 2014 2245 et

448 2299 572 2339 cum
603 2285 916 2341 festinasset
974 2284 1171 2351 Moses,
1217 2292 1477 2340 curvatus
1509 2285 1564 2338 in
1598 2287 1797 2339 terram
1819 2284 2013 2338 adora-

447 2377 522 2429 vit
539 2376 602 2428 ⁷⁸.
630 2396 648 2428 ι
680 2376 1152 2448 Contemplamini,
1175 2392 1380 2448 quaeso,
1405 2392 1639 2446 quonam
1665 2376 1825 2430 modo
1849 2377 2011 2431 etiam

447 2484 594 2523 nunc
647 2470 764 2539 ipse
809 2468 1089 2537 Dominus,
1141 2471 1232 2540 qui
1290 2473 1347 2524 in
1407 2470 1564 2524 nube-
1599 2469 1903 2532 descendit,
1957 2479 2012 2523 et

447 2561 582 2617 Mosi
639 2562 850 2616 adstitit
888 2563 947 2617 in
995 2564 1212 2617 nomine
1253 2563 1486 2626 Domini,
1528 2563 1799 2616 vocaverit
1844 2563 2008 2616 alium

446 2663 644 2725 praeter
675 2656 938 2725 seipsum,
973 2655 1066 2725 qui
1103 2656 1296 2710 solitus
1326 2655 1398 2711 sit
1434 2670 1501 2710 ex
1534 2654 2010 2724 conduplicatione

447 2747 529 2800 bis
561 2744 824 2798 Dominus
868 2745 1151 2814 appellari,
1187 2753 1446 2814 tanquam
1488 2757 1634 2809 eum,
1681 2759 1711 2798 a
1745 2759 1854 2814 quo
1892 2745 2008 2814 ipse

447 2838 537 2898 sit,
575 2836 906 2905 reliquorum
937 2837 1178 2890 omnium
1207 2835 1297 2905 jus
1320 2843 1754 2907 potestatemque
1777 2838 2004 2902 habens,

413 2959 426 2975 .
447 2927 538 2981 Dei
567 2927 790 2980 nomine
817 2926 1141 2988 celebretur,
1159 2940 1318 2979 suum
1353 2924 1541 2994 utique
1563 2923 1814 2992 Patrem;
1841 2934 2004 2996 atque

1147 244 1233 299 Εἰ]
1244 241 1412 296 SE8"
1453 233 1926 295 ClESAR'ENSlS
1963 233 2006 288 Ο

2154 231 2349 288 PARS.
2391 232 2454 289 ll.
2496 264 2565 274 —-
2602 232 3099 294 APOLOGETICA.

1020 360 1239 418 CAPU'I
1281 358 1446 414 XVII.
2055 353 2095 410 Α

2049 1695 2092 1750 Β

3597 245 3709 304 396

2652 352 3044 407 ΚΕΦΑΛΑΙΟΝ
3069 357 3169 408 lZ’.

2134 459 2230 539 Ὠς
2252 460 2632 539 αὑτύςγαῦθις
2662 469 2695 518 ὁ
2719 463 2822 539 τῷΔ
2843 465 3048 520 Μωσεῒ
3070 467 3438 539 χρηματίζων
3457 471 3702 539 Κύριος.

2190 531 2393 619 ἕτερον
2436 535 3004 619 Κύριονθκρείζτρνρ
3053 531 3270 619 savior?
3318 538 3424 619 τόν
3469 531 3711 619 [Iurgia

2193 605 2558 708 γιγνώσκωζο,
2585 605 2802 659 τοῦτον
2825 608 3116 675 ἀληθινὸν
3150 607 3299 663 Θεὸν
3329 605 3704 666 ἀνεκαλεῑὼ.

2203 736 2222 769 ι
2271 717 2381 770 Καὶ
2444 711 2564 770 εἷπε
2623 719 2828 789 Κύριος
2865 720 3002 791 πρὸς
3050 721 3294 792 Μωσῆν·
3355 723 3468 776 Καὶ
3506 723 3701 778 τοῦτόν

2125 828 2208 864 σοι
2259 809 2349 864 τὸν
2399 810 2577 880 λόγον,
2619 810 2678 864 ὃν
2732 812 2978 883 εἴρηκας,
3016 813 3244 883 ποιήσω.
3290 812 3544 885 Εὕρηκας
3583 816 3698 888 γάρ

2120 904 2282 975 χάριν
2306 903 2537 958 ἐνώπιόν
2571 921 2695 975 μου,
2729 904 2826 958 καὶ
2845 900 2962 958 οἶδά
2991 921 3050 957 σε
3077 905 3228 977 παρὰ
3261 906 3492 971 πάντας.
3531 927 3550 958 ι
3588 909 3704 961 Kal

2121 992 2240 1050 εἷπε
2272 997 2496 1067 Μωσῆς·
2526 1015 2545 1048 ι
2573 995 2753 1060 Δεῖξόν
2789 1014 2880 1067 μοι
2933 998 3032 1070 τὴν
3073 997 3302 1052 σεαυτοῦ
3323 999 3502 1065 δόξαν.
3541 1019 3561 1052 ι
3589 1002 3704 1054 Καὶ

2123 1083 2306 1140 εἶπενο
2339 1105 2358 1138 ι
2402 1087 2543 1156 Ἐγὼ
2574 1088 3019 1161 προπορεύσομαι
3052 1090 3318 1163 πρότερός
3355 1109 3447 1146 σου
3472 1095 3539 1163 τῇ

2125 1197 2250 1251 μου,
2272 1180 2367 1234 καὶ
2390 1179 2603 1234 καλέσω
2625 1183 2683 1235 tv
2707 1182 2931 1252 ὀνόματί
2956 1200 3058 1254 μου
3081 1183 3552 1257 Κύριονιὲναντίον
3579 1203 3698 1252 σου,

2121 1275 2215 1327 καὶ
2243 1275 2448 1345 ὲλεήσω
2511 1274 2570 1327 6v
2621 1274 2688 1328 ἂν
2727 1275 2884 1340 ὲλεῶ,
2927 1277 3022 1330 καὶ
3072 1278 3394 1349 οἰκτειρήσω
3425 1278 3485 1331 ὃν
3521 1278 3590 1332 ἂν
3621 1282 3702 1332 ol-

2122 1367 2342 1438 κτείρω.
2381 1385 2400 1418 ι
2432 1366 2542 1418 Kal.
2603 1365 2721 1438 μεθ’
2766 1365 2928 1438 ἔτερα
2973 1368 3227 1440 ἐπιφέρει
3281 1369 3484 1437 λέγων·
3525 1389 3545 1420 ι
3586 1370 3698 1424 Kal

2121 1461 2322 1532 κατέϐη
2337 1459 2540 1532 Κύριος
2556 1461 2613 1513 tv
2632 1461 2853 1534 νεφέλῃ,
2874 1461 2968 1514 καὶ
2984 1463 3233 1534 παρέστη
3260 1464 3410 1533 αὐτῷ
3444 1465 3586 1526 ἐκεῖ,
3605 1465 3702 1518 καὶ

2121 1554 2380 1625 ἐλάλησεν
2413 1557 2470 1608 tv
2515 1553 2738 1624 ὀνόματι
2787 1553 2992 1624 Κυρίου
3017 1568 3030 1584 ·
3064 1555 3158 1608 καὶ
3204 1555 3450 1625 παρῆλθε
3490 1555 3701 1627 Κύριος

2121 1648 2178 1700 tv
2223 1647 2445 1717 ὀνόματι
2483 1645 2672 1710 αὐτοῦ,
2716 1645 2814 1704 καὶ
2857 1646 3119 1700 ἐκάλεσε·
3160 1646 3352 1717 Κύριε,
3407 1647 3610 1719 Κύριε,
3665 1650 3697 1701 6

2119 1738 2250 1802 Θεὸς
2287 1738 2582 1809 οἰκτίρμων
2641 1739 2734 1792 καὶ
2765 1738 3030 1809 ἐλεήμων,
3081 1738 3432 1810 μακρόθυμος
3465 1740 3562 1792 καὶ
3597 1757 3698 1792 τιο-

2116 1829 2357 1893 λυέλεος,
2402 1829 2498 1882 καὶ
2535 1829 2822 1900 ἀληθινὸς,
2869 1831 2964 1883 καὶ
3009 1830 3350 1901 δικαιοσύνην
3391 1831 3692 1904 διατηρῶν,

2115 1921 2282 1974 ποιῶν
2310 1920 2456 1985 έλεος
2483 1922 2563 1983 είς
2601 1920 2862 1990 χιλιάδας,
2887 1921 3134 1994 ἀφαιρῶν
3167 1923 3414 1992 ἀνομίας,
3449 1924 3544 1976 καὶ
3578 1924 3696 1976 ἀδι-

2115 2012 2259 2076 κίας,
2291 2013 2385 2066 καὶ
2416 2012 2721 2083 ἁμαρτίαςο
2752 2013 2846 2066 καὶ
2878 2013 3204 2085 καθαρισμῷ
3228 2015 3289 2066 οὐ
3321 2013 3578 2084 καθαριεῖ
3599 2015 3694 2067 τὸν

2114 2106 2317 2176 ἔνοχον,
2365 2106 2594 2174 ἀπάγων
2638 2105 2915 2176 ἁμαρτίας
2958 2105 3209 2178 πατέρων
3237 2107 3330 2159 ἐπὶ
3360 2107 3552 2170 τέκνα,
3597 2107 3695 2160 καὶ

2113 2197 2280 2252 τέκνα
2304 2197 2529 2261 τέκνων,
2567 2199 2659 2252 ἐπὶ
2687 2198 2877 2270 τρίτην
2899 2198 2993 2252 καὶ
3025 2199 3290 2270 τετάρτην
3315 2200 3506 2264 γενεάν
3537 2219 3551 2229 ·
3590 2202 3692 2254 καὶ

2115 2289 2354 2353 σπεύσας
2398 2291 2635 2361 Μωσῆς,
2685 2290 2863 2361 κύψας
2900 2291 2994 2344 ἐπὶ
3035 2290 3134 2362 τὴν
3183 2289 3286 2361 γῆν
3340 2291 3693 2362 προσεκύνη-

2113 2398 2223 2436 σεν.
2263 2401 2281 2432 ι
2312 2381 2453 2452 ’Ὀρα
2486 2380 2549 2452 δὴ
2575 2381 2695 2435 τίνα
2721 2381 2920 2453 τρόπον
2947 2382 3040 2435 καὶ
3063 2381 3158 2434 νῦν
3191 2381 3352 2445 αὐτὸς
3377 2385 3404 2435 6
3428 2381 3630 2454 Κύριος
3653 2383 3691 2434 ὀ

2118 2474 2354 2537 καταϐὰς
2377 2473 2635 2527 ἐκάλεσεν
2679 2474 2738 2527 tv
2792 2474 3009 2546 νεφέλῃ,
3044 2474 3138 2527 καὶ⁵
3177 2472 3254 2544 τῷ
3282 2475 3463 2527 Μωσεϊ
3496 2490 3692 2545 παρα.-

2113 2563 2244 2627 mg
2275 2565 2334 2616 tv
2393 2563 2615 2634 ὀνόματι
2665 2563 2892 2635 Κυρίου,
2927 2563 3112 2632 ἓτερον
3146 2563 3274 2632 παρ’
3307 2562 3516 2624 ἑαυτὸν,
3554 2578 3691 2614 συν-

2109 2655 2255 2726 ήΘως
2282 2653 2425 2710 κατά
2465 2654 2829 2708 ἀναδίπλωσιν
2853 2654 2936 2717 δὶς
2981 2652 3183 2725 Κύριον
3231 2654 3684 2724 ἐπικαλούμενον,

2109 2745 2257 2800 ὠσάν
2299 2748 2392 2799 καὶ
2426 2744 2618 2799 ἑαυτοῦ
2649 2749 2742 2800 καὶ
2769 2746 2876 2800 τῶν
2903 2745 3103 2800 λοιπῶν
3129 2745 3381 2800 ἀπάντων
3411 2746 3690 2818 δεσπότην

2109 2838 2544 2910 θεολογούμενον,
2576 2839 2666 2893 τὸν
2704 2840 2898 2893 ἑαυτοῦ
2945 2841 3191 2912 Πατέραο
3237 2841 3331 2894 xal
3375 2842 3457 2894 ὃτι
3507 2857 3574 2908 γε
3626 2843 3691 2893 ἐν

2110 2932 2314 2997 τούτοις
2352 2934 2412 2986 ού
2460 2934 2698 3005 Μωσῆς,
2732 2934 2807 2998 ὡς
2850 2934 2916 2988 ἂν
2961 2934 3218 2988 ὑπολάϐοι
3269 2952 3372 2998 τις,
3405 2932 3543 2987 ἀλλά
3574 2934 3690 3004 γὰρ

444 3021 570 3074 utin
594 3018 679 3072 his
711 3033 819 3071 non
871 3016 1069 3080 Moses,
1106 3017 1248 3073 sicut
1271 3015 1500 3072 forsitan
1525 3016 1792 3087 quispiam
1823 3018 2003 3086 suspi-

2115 3025 2271 3090 αὐτὸς
2301 3028 2330 3080 6
2379 3025 2582 3098 Κύριος
2627 3027 2811 3096 ἕτερον
2853 3025 3056 3095 Κύριον
3103 3027 3193 3079 τὸν
3233 3026 3454 3098 Πατέρα
3501 3026 3687 3090 καλεῖ,

443 3120 618 3175 cetur,
660 3111 755 3166 sed
805 3113 923 3182 ipse
968 3111 1230 3166 Dominus
1258 3111 1423 3165 alium
1447 3123 1623 3166 ‘suum
1653 3109 1868 3165 Patrem
1903 3126 2002 3166 vo-

442 3217 566 3260 cat:
596 3214 721 3261 ante
764 3206 909 3260 enim
948 3205 995 3260 is
1051 3205 1143 3274 qui
1186 3202 1317 3259 Mosi
1353 3205 1652 3274 respondit,
1702 3205 1807 3260 ait:
1847 3224 1866 3257 ι
1892 3205 2004 3278 Ego

439 3299 686 3355 transibo
712 3298 864 3370 prior
896 3305 949 3352 te
996 3297 1169 3368 gloria
1208 3312 1347 3362 mea,
1376 3305 1429 3352 et
1450 3298 1656 3352 vocabo
1687 3298 1741 3352 in
1784 3301 2003 3357 nomine

327 3440 351 3467 ἰ
440 3390 674 3448 Domini.
706 3412 724 3444 ι
763 3388 861 3446 Ubi
893 3391 1058 3460 igitur
1090 3389 1193 3445 hoc
1230 3390 1386 3450 dixit.
1438 3388 1717 3460 Scriptura
1747 3391 2002 3464 deinceps

441 3486 613 3540 instar
624 3484 951 3540 narrationis
963 3484 1204 3554 adjungit
1224 3481 1406 3556 :2“
1423 3502 1439 3532 ι
1452 3482 1517 3536 Et
1529 3483 1805 3540 descendit
1820 3483 2003 3539 Domi-

439 3594 544 3633 nus
573 3577 628 3631 in
659 3577 821 3641 nube,
847 3584 900 3632 et
928 3577 1140 3632 adstitit
1161 3578 1210 3632 ei
1235 3578 1365 3642 illic,
1391 3586 1443 3633 et
1465 3579 1679 3632 vocavit
1705 3579 1759 3633 in
1784 3579 2000 3634 nomine

439 3667 707 3722 Domini.»
760 3668 927 3740 Igitur
965 3669 1082 3739 ipse
1110 3668 1371 3724 Dominus
1398 3669 1525 3724 dum
1556 3681 1661 3736 est,
1699 3671 1840 3742 quod
1874 3686 2000 3741 pro—

359 3768 364 3774 '
437 3759 679 3822 miserat,
717 3768 1094 3830 praestaturus,
1125 3759 1428 3824 descendit,
1453 3767 1508 3815 et
1539 3761 1997 3831 quemadmodum

433 3851 598 3905 verba
631 3851 746 3920 ipsa
768 3851 1095 3922 significant,
1121 3835 1620 3922 progreditur‘ante
1666 3852 1858 3908 faciem
1886 3854 2000 3910 Mo-

434 3943 534 3996 sis.
563 3941 682 4012 Ipse
723 3951 902 3996 autem
945 3941 1205 3997 Dominus
1248 3951 1404 3996 vocat
1445 3942 1667 3998 dicens:
1727 3961 1746 3993 ι
1773 3943 1998 3998 Domine

435 4028 598 4092 Deus,
637 4030 878 4085 clemens
905 4039 959 4085 et
985 4032 1317 4094 misericors,
1353 4053 1371 4083 ι
1410 4041 1464 4087 et
1494 4048 1615 4102 qua:
1647 4044 1990 4104 sequuntur:

432 4122 631 4190 quibus
666 4123 848 4177 verbis
892 4123 1052 4192 plane
1093 4125 1210 4192 ipse
1241 4125 1502 4181 Dominus
1541 4142 1699 4181 suum
1755 4144 1994 4197 servum,

433 4220 487 4265 et
516 4213 756 4282 seipsum
783 4213 1039 4284 quisnam
1077 4223 1240 4278 esset,
1273 4224 1327 4271 et
1355 4215 1578 4287 ingeniti
1609 4217 1819 4273 Domini
1853 4222 1992 4274 noti-

432 4300 585 4362 tiam,
619 4303 776 4369 quasi
824 4304 996 4358 sacris
1031 4304 1256 4359 initians
1299 4305 1476 4360 docet.
1518 4306 1630 4362 Hoc
1663 4325 1790 4364 vero
1817 4311 1992 4380 ipsum

2111 3114 2442 3188 παραλαϐὼν
2487 3116 2645 3180 αὐτὸς
2672 3119 2699 3169 6
2729 3115 3082 3189 χρηματίζων
3122 3115 3198 3187 τῷ
3230 3118 3418 3170 Μωσεῖ
3477 3133 3644 3187 φησιν
3667 3132 3684 3147 ·

2116 3224 2135 3257 ι
2158 3203 2299 3274 Ἐγὼ
2326 3205 2727 3277 παρελεύσομαι
2758 3207 3022 3278 πρότερός
3049 3223 3143 3259 σου
3174 3209 3240 3276 τῇ
3273 3206 3398 3278 δόξῃ
3429 3223 3552 3278 μου,
3584 3224 3690 3260 κα-

2108 3297 2248 3350 λέσω
2293 3299 2350 3351 tv
2392 3297 2615 3368 ὀνόματι
2647 3298 2871 3369 Κυρίου.
2915 3316 2933 3348 ι
2981 3297 3150 3350 Τοῦτο
3196 3296 3326 3366 γοῦν
3371 3297 3685 3368 εἰρηκότος,

2108 3391 2234 3462 ἑξῆς
2257 3392 2496 3460 ἐπιλέγει
2529 3394 2561 3463 ή
2584 3391 2771 3464 Γραφὴ
2799 3390 3206 3462 διηγηματικῶς
3229 3409 3244 3423 ο
3277 3410 3294 3442 ι
3333 3392 3442 3444 Καὶ
3471 3390 3686 3464 κατέϐη

2107 3485 2311 3555 Κύριος
2361 3487 2418 3539 tv
2467 3485 2684 3556 νεφέλη,
2735 3485 2828 3537 καὶ
2881 3485 3125 3555 παρέστη
3187 3483 3336 3554 αὐτῷ
3391 3485 3525 3546 ἐκεῖ,
3581 3484 3688 3536 καὶ

2106 3576 2363 3629 ἐκάλεσεν
2404 3577 2461 3628 tv
2507 3575 2727 3646 ὀνόματι
2767 3577 2994 3648 Κυρίου.
3031 3596 3049 3627 ι
3078 3576 3283 3630 Οὐκοῦν
3317 3576 3478 3639 αὐτὸς
3502 3577 3532 3628 6
3563 3578 3686 3629 Κύ-

2110 3684 2221 3739 ριος
2239 3668 2337 3738 τήν
2363 3667 2652 3738 ὑπόσχεσιν
2683 3666 2779 3738 τὴν
2804 3668 2967 3721 αὑτοῦ
2991 3667 3294 3740 πληρώσων
3327 3668 3554 3732 κάτεισι,
3581 3669 3685 3722 καὶ

2105 3758 2291 3831 ὥσπερ
2317 3761 2346 3812 6
2376 3758 2530 3828 λόγος
2579 3758 2734 3829 φησὶ,
2778 3759 2990 3830 πρόεισι
3025 3759 3130 3830 πρὸ
3165 3757 3454 3830 προσώπου
3477 3757 3680 3826 Μωσῆ.

2104 3847 2214 3903 Kal
2239 3849 2400 3914 αὐτὸς
2429 3849 2493 3921 δὴ
2522 3851 2550 3903 ὁ
2573 3849 2776 3921 Κύριος
2804 3848 2960 3902 καλεῖ
2979 3847 3150 3917 λέγων
3170 3864 3184 3878 ο
3217 3868 3236 3898 ι
3268 3847 3440 3918 Κύριε
3463 3848 3493 3899 6
3521 3847 3683 3911 Θεὸς,

2103 3941 2400 4013 οἰκτίρμων
2447 3942 2541 3995 καὶ
2574 3941 2838 4012 ἐλεήμων,
2900 3959 2918 3991 ι
2964 3939 3058 3994 καὶ
3101 3939 3170 3992 τά
3211 3938 3368 4009 ἑξῆς·
3423 3937 3610 4006 σαφῶς
3652 3940 3684 3990 6

2103 4034 2308 4105 Κύριος
2332 4033 2422 4087 τὸν
2462 4032 2785 4105 Θεράποντα,
2815 4032 3006 4086 ἑαυτόν
3037 4048 3098 4084 τε
3130 4031 3277 4094 ὅστις
3305 4030 3412 4100 εἴη,
3449 4029 3544 4082 καὶ
3573 4028 3684 4099 τὴν

2102 4127 2196 4180 τοῦ
2224 4127 2528 4198 κρείττονος
2575 4126 2781 4198 Κυρίου
2833 4125 3033 4196 γνῶσιν
3079 4122 3466 4195 μυσταγωγῶν.
3503 4120 3684 4174 Τοῦτο

2101 4220 2157 4274 δέ
2202 4237 2283 4273 σοι
2326 4223 2689 4294 παραστήσει,
2721 4219 2869 4282 ἔνθα,
2921 4218 3353 4290 προσευχόμενος
3396 4214 3537 4286 ὑπὲρ
3576 4215 3682 4268 τοῦ

2101 4311 2250 4376 λαοῦ,
2308 4310 2417 4364 τῶν
2482 4312 2856 4383 προκειμένων
2907 4309 3000 4363 τοῦ
3069 4310 3276 4380 Κυρίου
3340 4307 3682 4378 μνημονεύει

430 4391 528 4444 tibi
564 4391 877 4459 planissime
909 4395 1303 4450 demonstrabit
1332 4398 1446 4467 ipse
1472 4397 1701 4470 Moyses,
1720 4401 1811 4458 ubi
1837 4417 2002 4457 orans

2115 4404 2318 4474 φωνῶν,
2344 4405 2436 4458 τὸν
2458 4404 2660 4476 Κύριον
2691 4403 2863 4457 ταῦτα
2889 4391 3188 4474 εἰρηκέναι,
3211 4400 3326 4454 ἀλλ’
3351 4401 3451 4453 οὐκ
3485 4400 3680 4465 αὑτὸν,

433 4495 531 4552 pro
561 4479 778 4549 populo,
818 4495 980 4550 supra
1021 4485 1295 4554 expositas
1333 4485 1543 4541 Domini
1581 4505 1742 4545 voces
1763 4505 2004 4547 comme-

432 4580 643 4625 morat:
675 4571 786 4625 illic
815 4573 959 4627 enim
992 4575 1282 4646 intelliges,
1309 4575 1597 4634 Dominum
1623 4581 1738 4636 base
1765 4581 1997 4649 dixisse,

431 4679 540 4718 non
563 4664 738 4733 ipsum
770 4663 1030 4737 Moysem,
1051 4685 1173 4722 cum
1205 4670 1369 4728 dicit:
1395 4691 1414 4724 ι
1435 4673 1502 4726 Ει
1536 4689 1682 4728 nunc
1712 4677 2003 4732 extollatur

431 4772 627 4810 manus
653 4764 770 4820 tua,
791 4756 1037 4825 Domine,
1061 4763 1513 4832 quemadmodum
1537 4767 1744 4834 dixisti,
1775 4770 1998 4827 dicens:

429 4846 694 4903 Dominus
740 4849 1093 4921 longanimis,
1137 4863 1190 4908 et
1239 4858 1422 4911 multa:
1487 4861 1895 4929 misericordiae,
1947 4871 2002 4919 et

429 4957 616 5009 verax,
637 4942 1226 5016 auferensiniquitates
1252 4955 1305 5001 et
1336 4949 1634 5018 injustitias
1663 4959 1717 5007 et
1747 4963 1992 5023 peccata,

430 5043 484 5089 ct
537 5036 859 5106 purgatione
896 5053 1003 5091 non
1040 5041 1289 5108 purgabit
1329 5056 1502 5108 reum,
1528 5045 1620 5113 qui
1658 5045 1841 5102 reddis
1871 5063 1998 5118 pec-

432 5132 554 5179 cata
578 5133 793 5195 patrum
831 5129 884 5183 in
915 5127 1072 5192 filios,
1115 5145 1288 5200 usque
1317 5131 1372 5186 in
1415 5135 1629 5190 tertiam
1665 5144 1719 5192 et
1745 5148 1996 5208 quartam

431 5217 856 5284 generationem.
885 5240 903 5272 ι
954 5219 1195 5275 Observa
1239 5231 1419 5276 autem
1467 5240 1703 5294 quonam
1744 5229 1908 5284 modo
1939 5231 1994 5285 in

431 5306 516 5360 his
545 5308 660 5378 ipse
692 5309 954 5368 Dominus
981 5312 1068 5366 ubi
1097 5312 1308 5369 Patrem
1335 5317 1718 5387 Ionganimem,
1738 5330 1792 5376 et
1814 5324 1997 5380 multa:

431 5396 820 5486 misericordia
852 5404 1163 5473 appellavit,
1197 5415 1311 5460 tum
1348 5408 1612 5480 adjungit,
1662 5411 1838 5482 ipsum
1871 5430 1994 5471 esse

429 5503 700 5559 veraeem,
743 5496 887 5565 quod
932 5512 1065 5552 sane
1111 5515 1236 5554 cum
1281 5516 1348 5557 eo
1386 5504 1706 5568 concordat,
1752 5509 1897 5578 quod
1937 5509 1993 5564 in

528 5648 570 5678 ⁷⁷
600 5645 768 5704 Exod.
803 5665 994 5714 xxxiii,
1021 5654 1206 5712 1749.
1303 5659 1346 5690 ⁷⁸
1382 5658 1551 5715 Exod.
1586 5677 1780 5728 xxxiv,
1823 5663 1874 5722 Ι.
1911 5663 2030 5720 5-8.

2100 4498 2158 4550 tv
2186 4492 2267 4560 οἷς
2290 4513 2454 4567 φησιο
2496 4515 2515 4548 ι
2550 4497 2661 4550 Kal
2689 4494 2783 4548 νῦν
2809 4493 3075 4565 ὑψωθήτω
3107 4494 3140 4563 ῆ
3174 4491 3292 4563 χείρ
3327 4508 3443 4554 σου,
3474 4491 3680 4562 Κύριε,

2099 4588 2159 4640 6v
2199 4589 2398 4660 τρόπον
2443 4585 2602 4652 εἶπας
2651 4587 2860 4656 λέγων*
2919 4585 3122 4658 Κύριος
3187 4583 3538 4655 μακρόθυμος
3582 4584 3681 4636 καὶ

2100 4681 2405 4746 πολυέλεος,
2436 4682 2530 4733 καὶ⁸
2557 4679 2829 4750 ἀληθινὸς,
2858 4678 3107 4750 ἀφαιρῶν
3165 4677 3392 4748 ἀνομίας
3425 4677 3520 4729 καὶ
3561 4677 3684 4730 ἀδι-

2099 4772 2244 4836 κίας,
2280 4771 2372 4825 καὶ
2401 4770 2704 4842 ἁμαρτίας·
2739 4770 2831 4823 καὶ
2855 4766 3179 4840 καθαρισμῷ
3203 4768 3262 4820 ού
3299 4767 3553 4837 καθαριεῖ
3585 4768 3681 4820 τὸν

2099 4864 2301 4934 ἔνοχον,
2337 4863 2620 4926 ἀποδιδοὺς
2652 4861 2925 4933 ἁμαρτίας
2968 4860 3220 4932 πατέρων
3250 4859 3342 4912 ἐπὶ
3373 4859 3536 4912 τέκνα
3568 4859 3679 4922 ἕως

2103 4957 2196 5010 ἐπὶ
2223 4957 2412 5028 τρίτην
2441 4955 2535 5008 καὶ
2561 4954 2824 5025 τετάρτην
2849 4953 3058 5020 γενεάν.
3098 4972 3116 5003 ι
3160 4953 3434 5022 Ἐπιτήρει
3467 4949 3524 5002 δὲ
3547 4949 3678 5001 τίνα

2101 5051 2302 5123 τρόπον
2343 5049 2401 5102 ὲν
2447 5046 2653 5110 τούτοις
2669 5046 2841 5126 ιαὺτδς
2879 5046 2908 5098 ὁ
2944 5045 3168 5117 Κύριος,
3197 5043 3288 5097 τὸν
3317 5043 3536 5113 Πατέρα
3571 5059 3677 5111 μα-

2104 5139 2374 5212 κρόθυμον
2409 5139 2504 5194 καὶ
2531 5137 2816 5192 πολυέλεον
2849 5135 3109 5199 ἐπειπὼν,
3145 5133 3467 5206 προστίθησι
3497 5132 3674 5199 λέγων

2102 5232 2264 5286 αὑτὸν
2323 5233 2415 5286 καὶ
2477 5230 2727 5304 ἀληθινὸν
2753 5270 2768 5295 ,
2823 5228 3127 5301 συμφώνως
3193 5226 3290 5298 τῷ,
3346 5246 3364 5278 ι
3406 5226 3523 5279 Ἵνα
3584 5241 3670 5292 γι-

2102 5324 2388 5394 γνώσκωσι
2456 5341 2516 5377 σε
2586 5325 2676 5378 τὸν
2752 5323 2909 5394 μόνον
2982 5319 3234 5392 ἀληθινὸν
3298 5318 3462 5381 Θεὸν,
3531 5335 3549 5367 ι
3615 5316 3671 5367 tv

2101 5417 2450 5487 Εὐαγγελίοις
2491 5418 2579 5487 ὑφ’
2609 5417 2726 5479 ἑνὸς
2768 5415 2862 5470 xal.
2904 5413 2996 5467 τοῦ
3029 5410 3194 5466 αὑτοῦ
3230 5409 3486 5479 Σωτῆρος
3516 5405 3674 5479 ήμῶν

2101 5513 2391 5584 εἰρημένῳ.
2430 5512 2606 5567 Μόνον
2649 5509 2780 5579 γοῦν
2827 5506 3078 5579 ἀληθινὸν
3109 5502 3239 5559 Θεὸν
3284 5501 3492 5574 σφόδρα
3520 5499 3670 5555 εὐσε-
