3916 6200
226 314 333 376 397
1186 309 1766 392 DEMONSTRA’I'lON

1875 276 2323 377 EVANGELICAE
2361 314 2485 376 LIB.
2529 312 2591 378 ν.
3358 325 3454 377 59%

219 439 331 503 ϐὦς
360 432 625 495 ἀποκαλεῖ
673 438 763 495 τὸν
801 436 1037 514 Πατέρα,
1077 443 1136 495 τὸ
1180 443 1455 513 προσῆκον
1500 444 1766 515 ἀπονέμω¹

1898 445 2208 515 Evangeliis
2255 445 2463 499 dictum
2493 453 2579 501 est
2615 444 2683 498 ab
2728 458 2837 498 uno
2863 451 2915 499 et
2958 443 3146 499 eodem
3178 440 3457 498 Salvatore

221 530 389 593 σέϐας
416 534 483 603 τῇ
518 530 799 603 ἀγεννήτῳ
834 532 1011 601 φύσει,
1043 526 1109 602 ἦς
1137 532 1298 585 αὐτὸν
1332 533 1513 586 είκόνα
1534 529 1670 586 εἶναι
1700 550 1766 587 κα

1900 542 2120 591 nostro:
2147 555 2165 586 ι
2193 535 2263 591 Ut
2290 545 2625 607 cognoscant
2650 542 2704 590 te
2744 535 2919 590 solum
2944 550 3127 588 verum
3152 533 3318 589 Deum
3339 535 3407 589 '9.
3434 553 3455 587 ι

220 621 469 693 γέννημα
493 623 543 675 οἱ
566 621 697 676 θεῖοι
722 622 869 695 λόγοι
899 623 1263 678 παιδεύουσιν.
1416 685 1443 699 _

1901 625 2086 682 Solum
2134 628 2298 699 igitur
2349 643 2537 683 verum
2590 627 2755 682 Deum
2792 625 3083 681 admodum
3118 626 3205 696 pie
3240 641 3303 681 ac
3333 627 3452 682 relic

217 712 369 782 giose
401 710 616 767 Patrem
650 721 829 778 vocat,
859 722 918 767 ut
948 714 1028 769 sic
1064 723 1271 769 natura:
1302 685 1556 786 inge'nitae
1597 714 2010 771 convenientem
2066 719 2327 775 honorem
2378 725 2433 773 et
2460 718 2666 773 cultum
2685 719 2968 783 attribuat,
3032 718 3193 789 cujus
3251 727 3458 773 natura?

216 815 269 858 et
299 804 478 874 ipsum
513 805 806 876 imaginem
839 820 960 860 esse
986 810 1038 860 et
1086 807 1328 860 sobolem
1366 806 1549 860 divina
1584 806 1783 861 docent
1817 809 2058 864 oracula.

736 911 1128 969 ΚΕΦΛΛΑΙΟΝ
1168 917 1275 970 IH'.

2453 910 2681 975 CAPUT
2719 912 2907 973 XVIII.

224 1006 370 1062 Ἀπὸ
402 1004 518 1081 τῷν
564 996 1079 1081 ᾎριθμῶνη-Αᾯς
1111 1008 1216 1062 τόν
1248 1008 1395 1062 Θεὸν
1430 1006 1509 1081 τῷ
1553 1008 1766 1081 ξισραὴυ

1894 1010 1938 1066 Α
1972 1000 2242 1067 Numeris.
2271 1044 2342 1053 —
2368 1011 2520 1078 Quod
2552 1011 2716 1065 Deum
2744 1012 2843 1081 ipsi
2876 1010 3049 1065 Israel
3073 1007 3326 1066 visibilem
3347 1022 3453 1068 esse

289 1077 508 1152 ὁρατόν
543 1065 693 1152 cium
712 1065 763 1146 ’ἡ
792 1078 923 1152 θεία
947 1065 1220 1133 διδᾶσκει
1250 1065 1489 1148 Γραφὴξ
1508 1065 1766 1132 τόγ’Θεῦι

1931 1065 2144 1136 divino
2188 1065 2657 1151 docetgcriptura,
2705 1065 2822 1152 quia
2869 1084 3040 1152 ipsum
3084 1082 3181 1136 Dei
3212 1065 3452 1138 Verbum

284 1148 481 1216 Λόγον
508 1149 902 1216 αἰνιττομένη,

1963 1153 2250 1222 signiﬁcat.

294 1254 383 1311 Ἔν
420 1262 531 1323 τοῖς
594 1259 869 1333 ’Δριὸμοῖς
921 1260 949 1312 6
992 1260 1194 1331 Μωσῆς
1253 1258 1542 1331 εὐχόμενός
1590 1276 1750 1329 φησιν

1957 1265 2017 1318 In
2069 1263 2323 1321 Numeris
2367 1265 2543 1323 Moses
2605 1280 2771 1324 orans
2808 1268 2915 1322 ait:
2962 1267 3268 1333 «Quoniam
3302 1274 3361 1323 tu
3394 1286 3454 1327 es

215 1370 235 1403 ι
251 1344 375 1405 Ὅτι
400 1354 462 1404 σὺ
482 1349 533 1405 εἴ
558 1354 761 1423 Κύριος
784 1354 840 1405 ὲν
866 1351 944 1422 τῷ
970 1351 1082 1422 λαῷ
1102 1352 1293 1423 τούτῳ,
1317 1353 1464 1415 ὅστις
1489 1350 1766 1422 ὀφθαλμοῖς

1888 1354 2151 1411 Dominus
2188 1358 2242 1411 in
2276 1359 2474 1427 pepqu
2506 1361 2608 1412 hoc
2650 1360 2742 1429 qui
2778 1360 2953 1414 oculis
2992 1359 3058 1413 ad
3083 1361 3273 1415 oculos
3302 1362 3455 1418 vide‘

208 1447 331 1497 κατ’
375 1444 681 1514 ὀφθαλμοὺς
712 1444 917 1516 όπτάνῃ
962 1446 1046 1509 σὺ,
1080 1442 1251 1514 Κύριε
1277 1454 1291 1474 δ
1329 1462 1346 1495 ι
1384 1444 1499 1497 ἀνθ’
1528 1436 1588 1497 οὗ
1622 1446 1650 1497 6
1686 1446 1766 1515 μὲι

1886 1448 1964 1503 ris
1999 1456 2079 1511 tu,
2117 1446 2342 1502 Domine
2368 1449 2443 1504 8"z
2484 1469 2502 1500 ι
2529 1464 2628 1519 pro
2653 1465 2760 1519 quo
2794 1466 2924 1505 sane
2952 1450 3148 1520 Aquila
3182 1451 3452 1506 reddidit:

219 1538 455 1601 Ἀκύλας
494 1539 786 1605 ἐξέδωκενο
822 1558 840 1590 ι
876 1540 997 1593 Ὅτι
1050 1540 1113 1592 σὺ
1142 1534 1211 1603 εἴ,
1248 1539 1439 1608 Κύριε,
1475 1539 1531 1589 ὲν
1563 1538 1766 1607 mea,

1893 1554 1913 1587 ‹
1943 1536 2212 1602 Quoniam
2244 1545 2300 1593 tu
2329 1554 2413 1603 es,
2448 1539 2693 1608 Domine,
2720 1541 2773 1595 in
2801 1542 3104 1597 visceribus
3139 1544 3320 1612 populi
3351 1545 3455 1598 hua

206 1629 308 1684 τοῦ
339 1629 467 1683 λαοῦ
504 1629 711 1693 τούτου,
745 1629 802 1694 ὃς
833 1628 1106 1703 ὀφθαλμὸν
1138 1634 1195 1687 ὲν
1223 1628 1517 1701 ὀφθαλμοῖς
1548 1630 1651 1700 ὁρᾷ
1689 1629 1766 1693 σὺ,

1881 1628 1996 1700 jus,
2043 1631 2135 1699 qui
2187 1632 2405 1685 oculum
2453 1632 2509 1686 in
2557 1634 2731 1688 oculis
2784 1634 2986 1691 videris
3036 1645 3113 1701 tu,
3155 1636 3397 1690 Domine.
3430 1654 3450 1689 ι

207 1719 386 1790 Κύριε
407 1737 421 1749 ο
468 1738 488 1771 ι
515 1721 542 1772 6
571 1720 625 1773 δὲ
655 1716 974 1791 Σύμμαχος
1007 1739 1025 1771 ι
1057 1722 1175 1775 Ὅτι
1212 1722 1275 1775 σὺ
1304 1716 1371 1785 εἴ,
1398 1718 1586 1792 Κύριε.
1620 1738 1638 1771 ι
1670 1718 1766 1771 Kal

1885 1722 2046 1794 245
2075 1722 2434 1794 Symmachus
2460 1734 2640 1780 autem
2678 1742 2692 1779 :
2733 1738 2752 1776 ι
2786 1724 3055 1792 Quoniam
3113 1737 3169 1782 tu
3216 1744 3299 1793 es,
3347 1727 3452 1782 Dea

205 1811 265 1864 ἐν
302 1811 496 1882 Ἑξόδῳ
522 1812 750 1885 είρηται’
782 1832 798 1864 ι
828 1814 937 1866 Kal
966 1812 1128 1886 ἀνέϐη
1189 1814 1414 1884 Μωσῆς,
1437 1814 1529 1867 καὶ
1554 1809 1762 1883 Ἀαρὼν

1888 1816 2053 1870 mine.
2085 1834 2103 1866 ι
2138 1814 2204 1868 Ει
2248 1816 2304 1870 in
2335 1814 2519 1871 EXOdO
2548 1817 2752 1872 dictum
2784 1829 2859 1874 est
2892 1838 2904 1873 :
2930 1840 2948 1871 ‹
2971 1818 3035 1873 Et
3068 1822 3314 1876 ascendit
3339 1820 3455 1877 Μοι

202 1903 300 1954 καὶ
365 1902 551 1956 Ναδὰϐ
577 1943 591 1967 ,
650 1904 740 1955 καὶ
796 1904 1034 1967 Ἀϐιοὺδ,
1086 1904 1179 1957 καὶ
1239 1904 1608 1975 ἑϐδομήκοντα
1671 1903 1766 1958 τῶι

1883 1923 1971 1963 ses
1999 1915 2054 1962 et
2091 1906 2295 1971 Aaron,
2330 1917 2386 1962 et
2414 1906 2624 1977 Nadab,
2667 1916 2721 1964 et
2758 1911 2955 1974 Abiud,
3011 1919 3065 1966 et
3103 1914 3453 1983 septuaginta

201 1993 595 2065 πρεσϐυτέρων
633 1993 727 2046 τοῦ
771 1994 985 2065 Ἰσραὴλ
1004 2034 1018 2057 ,
1048 1996 1141 2047 καὶ
1172 1992 1308 2049 εἶδον
1340 1996 1430 2049 τὸν
1452 1996 1613 2050 τόπον
1646 1996 1779 2050 ὅπου

197 2086 434 2155 ἕστηκεν
484 2088 511 2138 6
551 2087 682 2150 Θεὸς
732 2087 943 2157 Ἰσραήλ
966 2103 978 2117 ·
1020 2106 1038 2139 ι
1076 2088 1189 2140 ἀνθ’
1221 2081 1281 2141 οὗ
1321 2091 1349 2142 6
1393 2088 1492 2159 μὲν
1529 2088 1780 2153 ’Λκύλαςο

205 2196 224 2230 ι
258 2178 374 2232 Kal
425 2173 560 2231 εἶδον
582 2218 597 2239 ,
642 2180 795 2249 φησι,
843 2179 932 2232 τὸν
983 2180 1113 2233 Θεὸν
1153 2180 1399 2251 Ἰσραήλ’
1434 2200 1452 2232 ι
1487 2183 1515 2233 ό
1543 2181 1599 2234 δὲ
1634 2181 1778 2253 Σύμ-

202 2287 382 2340 μαχος
405 2287 420 2300 ’
451 2288 471 2321 ι
511 2270 616 2322 Kal
640 2265 778 2323 εἶδον
794 2271 1032 2341 ὁράματι
1060 2271 1153 2324 τὸν
1183 2271 1314 2325 Θεὸν
1355 2272 1589 2344 Ἰσραήλ.
1622 2292 1641 2323 ι
1680 2274 1779 2328 Διὰ

195 2360 278 2423 τὸ,
315 2379 334 2411 ι
356 2359 487 2413 Θεὸν
519 2360 691 2424 οὐδεὶς
718 2360 925 2431 ἑώρακε
955 2360 1171 2414 πώποτε
1194 2402 1208 2427 ,
1254 2381 1272 2414 ι
1305 2362 1423 2433 τάχ’
1446 2364 1511 2416 ἄν
1528 2381 1611 2427 τις
1630 2366 1780 2417 ἐνανυ

195 2451 320 2504 τίαν
352 2446 583 2522 εἶναιτῷ
616 2451 944 2523 σωτηριώδει
982 2454 1139 2524 Λόγῳ
1176 2454 1274 2526 τὴν
1319 2455 1600 2527 παροῦσαν
1646 2457 1779 2509 ὑπο-

199 2539 359 2597 λάϐοι
388 2542 562 2608 λέξιν,
595 2544 671 2607 ὡς
705 2541 897 2616 ὁρατὸν
931 2545 1322 2619 ὑποτιθεμένην
1356 2547 1447 2600 τὸν
1485 2548 1583 2619 τὴν
1618 2547 1777 2618 φύσιν

200 2638 453 2709 ἀόρατον.
498 2636 635 2690 Ἀλλ’
668 2631 717 2689 εί
756 2636 1042 2690 καὶταῦτα
1072 2637 1163 2690 ἐπὶ
1190 2637 1278 2690 τὸν
1301 2636 1470 2706 Λόγον
1492 2638 1579 2691 τοῦ
1605 2637 1774 2704 Θεοῦ,

195 2728 290 2779 τὸν
324 2725 646 2798 πολυμερῶς
669 2727 761 2780 καὶ
791 2726 1141 2800 πολυτρόπως
1168 2727 1400 2797 ὀφθέντα
1426 2731 1539 2792 τοῖς
1567 2730 1777 2800 πατρά-

201 2836 285 2871 σιν
335 2818 618 2881 ὲκ).ἀϐοις,
675 2819 875 2889 ὁμοίως
922 2821 1032 2882 τοῖς
1082 2820 1578 2890 προαποδειχθεῐσιν
1621 2823 1773 2892 ἡμῖν,

197 2913 380 2966 οὐκέτ’
420 2913 483 2965 ἂν
503 2912 666 2978 δόξειε
691 2915 804 2976 τοῖς
823 2911 1085 2976 ἐναντίοις
1115 2911 1478 2983 περιπίπτειν.
1505 2913 1635 2967 Θεὸν
1679 2916 1778 2967 Ίσδ

201 3006 348 3078 pani-,3.
378 3004 583 3058 ἐνταῦθ’
616 3004 887 3076 ὁρώμενον
921 3003 1080 3058 αὑτὸν
1103 3006 1306 3057 ἐκεῖνον
1335 2999 1469 3059 εἶναι
1504 3003 1773 3069 διδάσκει,

196 3097 258 3150 ὃν
295 3099 391 3151 καὶ
430 3097 508 3167 τῷ
552 3097 765 3169 Ἰσραὴλ
802 3096 1050 3166 ὀφθέντα,
1090 3097 1179 3149 ὅτε
1201 3095 1454 3149 ὲπάλαιεν
1491 3096 1775 3166 ἄνθρωπος

1880 2015 1948 2057 ex
1978 2000 2285 2056 senioribus
2317 2000 2505 2064 Israel,
2549 2009 2603 2055 et
2640 2000 2897 2056 viderunt
2926 2002 3106 2057 locum
3160 2005 3254 2058 ubi
3286 2014 3453 2061 stete‘

1882 2101 1967 2147 rat
1990 2093 2132 2148 Deus
2165 2090 2415 2153 Israel“;
2444 2111 2464 2144 ι
2489 2106 2587 2161 pro
2604 2107 2713 2161 quo
2729 2093 2924 2163 Aquila
2958 2112 2970 2147 :
3014 2113 3034 2145 ι
3072 2094 3139 2150 Ει
3171 2097 3445 2162 viderunt,

1881 2184 2080 2255 inquit,
2111 2183 2280 2239 Deum
2315 2181 2517 2251 Israel;
2548 2202 2567 2235 ι
2598 2181 2959 2254 Symmachus
2987 2196 3203 2243 autem:
3231 2207 3249 2241 ι
3283 2188 3349 2243 Ει
3366 2191 3450 2244 vid

1880 2277 2078 2332 derunt
2107 2279 2315 2334 visione
2342 2277 2510 2332 Deum
2541 2274 2729 2332 Israel.
2762 2297 2781 2329 ι
2816 2276 3107 2343 Caeterum,
3136 2295 3355 2352 propter
3382 2284 3443 2337 il.

1880 2369 1974 2424 iud
1998 2388 2010 2423 :
2037 2387 2056 2420 ι
2089 2367 2257 2424 Deum
2279 2383 2439 2423 nemo
2466 2367 2602 2422 vidit
2625 2383 2866 2437 unquam
2887 2369 2956 2433 ⁸⁸,
2983 2389 3001 2421 ι
3033 2369 3266 2426 fortasse
3289 2372 3453 2426 verba

1880 2474 2001 2529 quae
2026 2458 2132 2513 hoc
2159 2458 2281 2513 loco
2309 2460 2485 2527 posita
2519 2465 2667 2521 sunt,
2701 2460 2929 2512 salutari
2959 2457 3138 2515 Verbo
3174 2463 3451 2516 contraria

1878 2564 1999 2606 esse
2047 2549 2319 2619 quispiam
2365 2549 2713 2619 suspicetur:
2749 2558 2957 2619 utpote,
3008 2565 3132 2604 cum
3180 2550 3449 2608 visibilem

1879 2639 2033 2696 illum
2068 2639 2292 2706 faciant,
2323 2640 2415 2711 qui
2439 2648 2636 2695 natura
2664 2642 2958 2697 invisibilis
2989 2650 3092 2698 est.
3125 2642 3231 2698 Sed
3261 2645 3305 2699 si
3336 2644 3450 2699 haec

1877 2732 1946 2788 de
1972 2733 2150 2788 Verbo
2182 2731 2277 2788 Dei
2309 2734 2608 2802 acceperis,
2641 2734 2737 2804 qui
2769 2735 3122 2789 multifariam
3153 2736 3448 2807 multisque

1878 2822 2053 2878 modis
2091 2838 2121 2877 a
2166 2822 2414 2893 patribus
2459 2835 2541 2878 est
2568 2825 2741 2889 visus,
2789 2825 2933 2879 sicut
2974 2840 3077 2882 nos
3124 2826 3181 2879 in
3236 2827 3304 2882 iis
3328 2843 3450 2901 qua;

1879 2927 2044 2983 supra
2079 2920 2301 2967 ostensa
2330 2921 2459 2968 sunt
2487 2914 2820 2983 accepimus,
2871 2917 3190 2985 neutiquam
3227 2917 3282 2971 in
3310 2932 3447 2974 (ιοιιιι

1876 3006 2044 3058 traria
2086 3006 2358 3061 videberis
2398 3006 2494 3060 tibi
2547 2999 2811 3062 t’ecidere.
2862 3006 2965 3073 Qui
3000 3009 3143 3063 enim
3174 3009 3264 3065 hic
3304 3010 3448 3068 Deus

1877 3094 2045 3151 Israel
2079 3098 2342 3162 cernitur,
2378 3098 2554 3167 ipsum
2591 3098 2743 3153 illum
2777 3114 2900 3154 esse
2922 3092 3140 3168 docent,
3175 3104 3268 3174 qui
3297 3113 3351 3160 et
3379 3107 3448 3160 ab

204 3189 325 3258 μετ’
349 3188 507 3241 αὑτοῦ
533 3229 548 3251 ,
581 3189 640 3251 ὃς
679 3189 771 3241 καὶ
805 3187 1017 3257 πρῶτος
1055 3186 1218 3240 αὐτοῦ
1257 3188 1355 3255 τὴν
1390 3188 1766 3259 προσωνυμίαν

1879 3186 2047 3241 Israel
2088 3188 2242 3242 visus
2290 3164 2413 3253 est,
2441 3187 2661 3258 quando
2702 3189 2865 3243 homo
2910 3164 3147 3246 luctatus
3191 3164 3279 3249 est
3320 3208 3446 3248 cum

200 3282 267 3335 ὲκ
298 3279 391 3333 τοῦ
433 3278 619 3333 Ἰακὼϐ
648 3278 739 3331 ἐπὶ
758 3278 845 3331 τὸν
878 3277 1089 3349 Ἰσραὴλ
1124 3278 1543 3350 μεταϐέϐληκεν,
1570 3277 1770 3343 εἰπὼν,

206 3389 227 3423 ι
258 3372 380 3425 Ὅτι
425 3370 705 3440 ἐνίσχυσας
749 3369 885 3440 μετὰ
926 3368 1099 3435 Θεοῦ,
1156 3389 1175 3421 ι
1219 3371 1305 3423 ὅτε
1347 3372 1439 3423 καὶ
1477 3371 1577 3441 τῆς
1624 3370 1773 3435 Θείας

201 3460 369 3517 αὑτοῦ
404 3462 682 3532 δυνάμεως
727 3460 975 3532 αἴσθησιν
1004 3460 1181 3515 λαϐὼν
1222 3463 1250 3514 6
1293 3462 1504 3526 Ἰακὼϐ,
1546 3461 1770 3517 ἐκάλεσε

200 3552 290 3605 τὸν
337 3553 497 3605 τόπον
538 3554 738 3604 ἐκεῖνον
770 3548 923 3615 Εἶδος
966 3550 1134 3617 Θεοῦ,
1179 3551 1347 3604 εἰπὼν
1372 3590 1387 3617 ,
1423 3572 1441 3603 ι
1485 3549 1633 3607 Εἶδον
1663 3555 1770 3626 γὰρ

200 3644 333 3698 Θεὸν
378 3644 663 3715 πρόσωπον
706 3641 841 3714 πρὸς
882 3644 1202 3715 πρόσωπον,
1245 3645 1335 3698 καὶ
1368 3645 1542 3716 ἐσώθη
1595 3662 1696 3716 μου
1732 3648 1763 3717 ὴ

200 3729 346 3801 ψυχὴ
366 3770 381 3793 ,
420 3748 439 3781 ι
464 3730 557 3799 οὐχ
597 3730 779 3802 ἕτερον
816 3728 1080 3802 ὑπάρχειν
1111 3731 1204 3785 τοῦ
1235 3732 1370 3787 Θεοῦ
1400 3734 1595 3802 Λόγου,
1630 3734 1769 3788 κατὰ

199 3821 288 3874 τὸν
318 3816 515 3874 οἰκεῖον
547 3820 731 3891 καιρὸν
760 3822 1205 3891 παρεστήσαμεν.

714 4019 1105 4079 ΚΕΦᾹΛΑῘΟΝ
1145 4021 1246 4079 18'.

219 4134 350 4210 Δπρ
377 4135 485 4190 τοῦ
513 4136 702 4210 Ἰῃσοῦ
731 4137 838 4191 τοῦ
854 4135 1048 4210 Ναυῆ.
1070 4167 1136 4176 -
1158 4139 1251 4204 Ὠς
1281 4141 1315 4192 ό
1338 4142 1488 4210 Θεὸς
1506 4141 1713 4210 Λόγος,
1731 4143 1763 4195 ὀ

261 4205 344 4278 τῷ
362 4206 566 4260 Μωσεῐ
606 4207 988 4277 χρηματίζων,
1017 4205 1232 4277 ὁμοίως
1260 4210 1382 4275 τοῖς
1411 4205 1606 4264 πάλαι
1624 4205 1765 4278 προ-

258 4276 584 4347 πάτορστιν,
637 4278 798 4346 ὤφθη
848 4279 943 4331 καὶ
987 4278 1179 4345 Ἰησοῦ
1217 4279 1298 4345 τῷ
1324 4280 1583 4347 Μωσέως
1639 4276 1763 4335 6m—

258 4346 423 4415 δόχφ
449 4349 518 4400 ἐν
547 4347 855 4415 ἀνθρώπου
885 4347 1146 4418 σχήματι

268 4477 288 4511 ε
314 4460 427 4513 Kal
457 4458 708 4530 ἐγενήθη,
735 4460 810 4522 ὡς
837 4454 904 4531 ἦν
936 4460 1140 4532 Ἰησοῦς
1168 4460 1226 4515 ὲν
1264 4458 1600 4534 Ίεριχὼ,καὶ
1632 4464 1760 4516 ἀνα-

1878 3279 1998 3350 ipso
2032 3298 2047 3333 :
2082 3280 2377 3350 quinetiam
2411 3281 2623 3349 primus
2664 3280 2812 3337 illius
2858 3297 3056 3338 nomen
3086 3285 3340 3348 mutavit,
3377 3294 3443 3340 et

1876 3371 2044 3428 Jacob
2074 3373 2131 3426 in
2161 3372 2348 3438 Israel,
2378 3374 2606 3428 dicens:
2643 3392 2661 3425 ι
2694 3375 2963 3440 Quoniam
2998 3377 3275 3433 invaluisti
3320 3392 3446 3433 cum

1876 3465 1987 3523 Deo
2009 3466 2076 3532 ⁸³,
2105 3486 2125 3518 ι
2154 3481 2262 3536 quo
2294 3474 2537 3536 tempore
2566 3468 2806 3522 divinam
2842 3470 2987 3526 illius
3019 3471 3277 3527 virtutem
3314 3487 3445 3527 seu.

1875 3559 2017 3615 tiens
2058 3558 2247 3624 Jacob,
2307 3561 2522 3615 vocavit
2580 3561 2761 3615 locum
2811 3563 2985 3631 illum,
3028 3563 3277 3637 Speciem
3324 3566 3441 3632 Dci,

1872 3665 1998 3705 cum
2032 3648 2207 3704 dixit:
2234 3668 2252 3702 ι
2283 3647 2408 3703 Vidi
2445 3649 2590 3705 enim
2640 3649 2810 3705 Deum
2845 3652 2981 3708 facie
3020 3654 3088 3709 ad
3128 3654 3345 3721 faciem,
3387 3665 3445 3712 et

1871 3748 2086 3797 servata
2118 3748 2203 3796 est
2238 3743 2420 3796 anima
2451 3756 2572 3797 mea
2591 3744 2638 3775 ⁸⁸⁵
2666 3762 2680 3797 :
2712 3762 2730 3795 ι
2768 3759 2930 3813 quem
2962 3759 3094 3801 sane
3126 3745 3295 3802 Deum
3324 3763 3435 3805 non

1872 3834 2038 3888 alium
2085 3849 2208 3890 esse
2257 3850 2421 3906 quam
2459 3835 2553 3891 Dei
2614 3835 2874 3901 Verbum,
2920 3852 3022 3893 suo
3054 3848 3296 3911 tempore
3343 3841 3441 3897 de.

1870 3929 2317 3984 monstravimus.
3404 3922 3411 3935 '

2446 4032 2677 4097 CAPUT
2716 4035 2859 4099 XIX.

1866 4136 1909 4189 A
1936 4128 2066 4190 Iesu
2095 4134 2265 4191 Nave.
2290 4164 2360 4174 —-
2385 4135 2537 4201 Quod
2586 4136 2681 4189 Dei
2718 4135 2966 4201 Verbum,
3010 4136 3147 4258 quod
3168 4130 3304 4191 Mosi
3336 4146 3439 4192 nou

1931 4222 2078 4258 secus
2139 4216 2293 4258 atoue
2353 4209 2584 4258 amiauis
2646 4208 2881 4258 patribus
2939 4206 3008 4258 da
3048 4216 3103 4258 at
3155 4223 3436 4258 responsa.

1931 4222 2078 4260 secus
2139 4209 2584 4277 atque‘amiquis
2644 4208 2881 4276 patribus
2939 4206 3103 4260 dabat
3155 4223 3436 4277 responsa,

1931 4279 2091 4358 etiam
2136 4274 2266 4331 Iesu
2305 4274 2490 4333 Mosis’
2517 4274 2807 4333 successori
2859 4279 2913 4332 in
2959 4277 3183 4332 hominis
3231 4274 3435 4347 forma,

1935 4357 2077 4401 visus
2105 4357 2202 4401 εει.

1942 4478 1960 4511 ι
1990 4458 2055 4514 Et
2087 4458 2292 4514 factum
2327 4469 2429 4526 est,
2472 4459 2564 4515 ubi
2604 4458 2707 4514 fuit
2738 4450 2899 4515 Jesus
2918 4459 2973 4514 in
2996 4456 3235 4524 Iericho,
3259 4467 3314 4515 et
3346 4474 3437 4515 re-

187 4552 392 4621 ϐλέψας
418 4553 519 4622 ὁρᾷ
542 4551 823 4622 ἄνθρωπον
843 4555 1107 4624 ἑστηκότα
1140 4556 1425 4609 κατέναντι
1456 4555 1642 4620 αὑτοῦ,
1668 4558 1759 4611 καὶ

1875 4552 2105 4622 spiciens
2132 4553 2277 4607 videt
2311 4553 2584 4608 hominem
2629 4559 2863 4609 stantem
2904 4567 3089 4606 coram
3122 4567 3201 4617 se,
3236 4559 3291 4606 et
3322 4552 3438 4623 glas

186 4646 221 4716 ὴ
258 4646 503 4716 ῥομφαία
532 4643 842 4715 ἐσπασμένη
880 4646 936 4697 ὲν
965 4648 1029 4715 τῇ
1062 4643 1205 4716 χειρὶ
1236 4647 1421 4701 αὐτοῦ.
1446 4650 1553 4702 Καὶ
1588 4666 1759 4717 προσ-

185 4737 357 4790 ελθὼν
380 4736 408 4787 6
438 4735 639 4807 Ἰησοῦς
664 4731 814 4787 εἶπεν
834 4753 847 4765 ·
902 4728 1195 4809 Ἦμέτερος
1219 4735 1288 4802 εἴ,
1327 4738 1359 4808 ἢ
1398 4739 1504 4791 τῶν
1529 4741 1758 4794 ὑπεναν-

184 4829 349 4892 τίων;
388 4829 495 4881 Καὶ
531 4823 680 4880 εἶπεν
730 4827 877 4898 αὐτῷ
902 4845 914 4858 ·
962 4828 1101 4897 Ἐγὼ
1138 4827 1570 4902 ἀρχιστράτηγος
1601 4832 1755 4886 δυνά-

188 4938 332 4992 μεως
366 4918 570 4991 Κυρίου
606 4918 974 4994 παραγέγοναο
1033 4922 1127 4974 καὶ
1164 4914 1369 4992 Ἰησοῦς
1431 4922 1623 4975 ἔπεσεν
1664 4922 1755 4976 ἐπὶ

187 5013 480 5085 πρόσωπον
507 5015 598 5065 ἐπὶ
624 5014 724 5082 τὴν
753 5010 876 5083 γῆν,
910 5010 1000 5065 καὶ
1049 5008 1199 5065 εἶπεν
1252 5010 1401 5084 αὑτῷ
1420 5030 1433 5043 ο
1490 5008 1752 5076 Δέσποτα,

184 5104 234 5153 τί
277 5102 637 5173 προστάσσεις
680 5101 759 5173 τῷ
803 5094 879 5174 σῷ
932 5104 1153 5175 οἰκέτης
1207 5106 1312 5158 Kal
1356 5096 1502 5174 λέγει
1530 5104 1558 5157 6
1599 5106 1756 5176 ἀρχι-

188 5195 488 5264 στράτηγος
516 5195 747 5265 Κυρίου⁴
788 5214 806 5245 ι
860 5193 1030 5264 Ἰησοῦ
1051 5238 1065 5261 ,
1091 5195 1247 5250 λῦσαι
1282 5196 1340 5249 τὸ
1368 5194 1620 5268 ὑπόδημα
1646 5196 1754 5250 τῶν

185 5286 360 5339 ποδῶν
395 5302 518 5338 σουο
552 5287 580 5338 6
610 5286 717 5357 γὰρ
748 5284 910 5352 τόπος
937 5289 1019 5358 ἐφ’
1054 5282 1097 5357 ᾧ
1132 5289 1194 5342 σὺ
1228 5288 1484 5361 ἕστηκας,
1521 5282 1590 5358 γῆ
1620 5288 1751 5356 ἁγία

185 5378 351 5430 ἐστίν.
375 5395 392 5427 ›
408 5377 553 5429 Absit
576 5377 640 5448 δὴ
664 5377 835 5432 ταῦτα
862 5380 954 5432 καὶ
978 5378 1199 5433 Μωῦσεῖ
1213 5379 1497 5451 ἀρχομένῳ
1512 5379 1609 5448 τῆς
1623 5378 1754 5430 θεω-

186 5468 303 5535 ρίας
331 5469 423 5519 ἐπὶ
453 5469 547 5537 τῆς
581 5468 740 5536 βάτου
766 5471 900 5541 πρὸς
919 5469 1013 5522 τοῦ
1044 5470 1248 5541 Κυρίου
1273 5469 1477 5540 εἴρητο,
1500 5465 1575 5531 ὡς
1602 5468 1751 5539 δηλοῖ

184 5558 212 5625 η
243 5558 281 5609 Γ
285 5560 435 5629 ραφή
456 5573 468 5587 ⁸
510 5577 528 5609 ι
578 5558 664 5623 Ὠς
689 5560 745 5613 δὲ
773 5556 878 5615 εἶδε
911 5561 1114 5632 Κύριος
1133 5601 1147 5626 ,
1178 5562 1259 5614 ὅτι
1293 5561 1557 5635 προσάγει
1596 5557 1745 5624 ίδεῖν,

233 5715 286 5745 τ’
315 5713 473 5768 Joan.
512 5731 642 5775 xvn,
674 5717 726 5771 ὅ.

183 5781 259 5837 50.
344 5787 388 5816 ⁸⁸
412 5786 527 5841 Jos.
565 5803 615 5850 ν,
645 5787 827 5843 Ιῦιίθ.

1862 4645 1986 4700 dius
2019 4645 2212 4714 vagina
2246 4652 2442 4700 exutus
2472 4647 2527 4699 in
2561 4661 2728 4700 manu
2771 4646 2912 4715 ejus,
2948 4652 3003 4701 et
3054 4643 3319 4699 accedens
3346 4644 3436 4699 Je-

1860 4753 1958 4793 sus
1979 4736 2146 4792 dixit:
2168 4735 2363 4792 Noster
2386 4753 2464 4802 es,
2492 4752 2562 4791 an
2590 4737 3068 4792 adversariorum?
3091 4736 3157 4789 Et
3180 4737 3318 4791 dixit
3340 4738 3391 4792 ei
3415 4748 3429 4791 ι

1862 4826 1974 4898 Ego
2006 4828 2260 4898 princeps
2295 4830 2686 4898 imperatorum
2712 4828 2986 4883 exercitus
3016 4824 3255 4893 Domini,
3282 4840 3431 4881 nunc

1857 4918 2004 4973 veni.
2030 4917 2095 4971 Et
2120 4916 2281 4972 Jesus
2317 4918 2513 4972 cecidit
2550 4916 2689 4972 facie
2722 4918 2776 4971 in
2811 4927 3033 4981 terram,
3079 4924 3133 4971 et
3165 4916 3303 4969 dixit
3328 4915 3376 4970 ei
3413 4930 3428 4971 ι

1857 5010 2121 5074 Domine,
2167 5008 2331 5081 2&6
2358 5009 2491 5078 quid
2542 5009 2781 5078 imperas
2836 5023 2993 5063 servo
3049 5008 3186 5061 tuo?
3240 5005 3306 5059 Et
3359 5008 3433 5061 nit

1857 5103 2113 5172 princeps
2148 5102 2537 5169 imperatorum
2563 5099 2779 5153 Domini
2814 5098 2999 5164 :Jesu,
3036 5100 3188 5153 solve
3217 5098 3431 5152 calcea~

1860 5199 2101 5244 mentum
2138 5191 2337 5259 pcdum
2385 5198 2623 5253 tuorum,
2672 5189 2826 5242 locus
2860 5188 3003 5242 enim
3040 5188 3095 5241 in
3136 5202 3247 5257 quo
3291 5194 3427 5251 stas,

1857 5292 2001 5338 terra
2032 5293 2219 5339 sancta
2249 5290 2333 5337 est
2352 5282 2421 5337 θ’.
2448 5280 2686 5335 »Ειιόθηι
2738 5294 2871 5336 sane
2912 5279 3025 5333 haec
3052 5278 3183 5335 Mosi
3212 5293 3429 5349 quoque

1858 5374 2015 5428 initio
2041 5374 2269 5429 visionis
2304 5374 2361 5427 in
2390 5374 2546 5436 rubo,
2584 5374 2651 5426 ab
2678 5372 2798 5441 ipso
2822 5368 3053 5425 Domino
3094 5372 3243 5425 dicta
3277 5379 3426 5436 sunt,

1858 5467 2000 5521 sicut
2040 5464 2323 5537 Scriptura
2366 5466 2608 5520 indicat:
2644 5482 2662 5515 ι
2688 5462 2759 5517 Ut
2784 5478 2918 5518 vero
2958 5464 3092 5517 vidit
3141 5463 3424 5526 Dominus,

1855 5557 2003 5629 quod
2040 5558 2324 5614 accederet
2364 5557 2433 5611 ad
2464 5555 2782 5624 videndum,
2815 5556 3032 5610 vocavit
3075 5571 3196 5610 eum
3239 5555 3421 5609 Domi.

828 5718 872 5749 ⁸ο
904 5716 1063 5772 Num.
1094 5733 1205 5783 xiv,
1241 5718 1325 5773 14.
1404 5718 1447 5749 ⁸¹
1479 5716 1651 5773 Exod.
1685 5731 1766 5771 xm

1875 5712 2035 5781 9,10.
2109 5713 2153 5746 ⁸³
2175 5711 2331 5768 Joan.
2369 5728 2408 5779 ι,
2446 5713 2533 5769 18.
2609 5711 2653 5743 ⁸³
2687 5713 2823 5773 Gen.
2852 5728 3029 5780 xxxii,
3054 5712 3145 5768 28.
3218 5711 3266 5744 ⁸⁸
3292 5705 3426 5769 ibid.
