3866 6202
476 295 581 350 592)

1140 289 1408 346 EUSEBII
1437 291 1912 352 CIESABIENSIS
1950 299 2098 354 OPP.
2138 299 2322 354 PARS
2354 299 2419 357 ll.
2458 333 2527 344 —-
2557 299 3050 357 APOLOGETICA.
3620 305 3711 358 ιου

477 427 583 466 nus
615 410 682 466 de
708 409 886 465 medio
915 404 1058 462 rubi.
1093 404 1320 461 dicens:
1357 405 1553 475 Moses,
1587 408 1788 477 Moses,
1823 429 1890 469 ne
1915 430 2021 484 pro

2142 417 2393 470 ἐκάλεσεν
2417 416 2574 471 αὑτὸν
2602 418 2630 470 6
2659 417 2861 488 Κύριος
2886 419 2948 470 ἐκ
2977 416 3140 488 μέσου
3173 415 3271 484 τῆς
3309 415 3470 485 βάτου
3510 415 3676 485 λέγων
3696 435 3710 448 ·

475 505 597 574 pius
637 501 938 557 accesseris
998 499 1106 556 huc
1135 519 1149 556 :
1176 501 1327 558 solve
1374 503 1798 560 calceamentum
1844 508 2021 576 pedun

2148 507 2341 578 Μωσῆ,
2377 509 2569 580 Μωσῆ,
2611 509 2684 579 μὴ
2717 508 2944 579 ἐγγίσῃς
3003 503 3124 560 ὧδε.
3153 505 3323 558 Λῦσαι
3351 505 3412 558 τὸ
3465 507 3711 579 ὑπόδημα

475 606 734 662 tuorum,
803 595 956 649 locus
1039 593 1185 649 enim
1267 593 1321 650 in
1395 611 1504 666 quo
1564 603 1622 650 tu
1684 605 1840 659 stas,
1899 606 2042 654 terra

473 698 661 744 sancta
711 696 794 743 est
815 687 882 742 “.
919 707 938 740 ι
979 686 1132 742 Unus
1171 701 1299 758 ergo
1351 701 1514 758 atque
1545 689 1686 743 idem
1734 690 1834 743 fuit
1879 688 2040 755 Deus,

472 778 563 848 qui
615 776 880 832 ambobus
931 776 1250 847 respondit,
1304 777 1760 846 quemadmodum
1809 795 1876 834 ex
1923 780 2042 851 ipso

472 871 744 935 praecepto
770 871 1008 919 constat.
1038 862 1141 919 Sed
1176 881 1321 920 nunc
1351 866 1572 936 quidem
1617 882 1712 937 per
1745 869 2038 940 principem

472 957 863 1026 imperatorum
909 957 1183 1012 exercitus
1230 957 1387 1026 ejus:
1418 957 1552 1014 Mosi
1597 975 1726 1015 vero
1777 977 1874 1031 per
1915 977 2037 1018 eum

472 1049 718 1120 angelum
751 1048 844 1118 qui
875 1047 1026 1104 visus
1075 1047 1270 1114 fuerat,
1304 1051 1585 1104 oraculum
1615 1051 1853 1108 exhibet.
1899 1052 2042 1108 Mili-

471 1140 559 1193 tia;
585 1153 716 1192 vero
756 1138 952 1192 coelum
987 1138 1092 1194 sub
1137 1154 1196 1194 se
1224 1139 1493 1203 habentis,
1532 1148 1586 1194 et
1620 1142 1894 1198 exercitus
1921 1144 2040 1213 ipso

468 1231 674 1286 mundo
718 1230 1039 1300 superioris,
1062 1238 1117 1286 et
1148 1231 1440 1301 spirituum
1487 1233 1865 1300 invisibilium,
1901 1235 2040 1291 divi-

468 1339 775 1394 norumque
817 1323 1132 1394 angelorum
1181 1331 1347 1394 atque
1409 1326 1857 1398 arcbangelorum
1900 1327 2034 1399 regi,

468 1415 815 1486 perfectoque
838 1415 1076 1471 universi
1110 1413 1219 1470 Deo
1249 1415 1656 1471 inservientium
1689 1417 1872 1484 (sicuti
1896 1419 2037 1489 apud

467 1507 741 1562 Daniclem
790 1507 994 1561 dictum
1043 1513 1169 1562 est:
1202 1525 1219 1556 ι
1250 1505 1395 1562 Mille
1432 1508 1602 1563 millia
1654 1510 2038 1565 ministrabant

465 1597 537 1661 ei,
571 1602 625 1652 et
653 1597 860 1652 centies
891 1597 1037 1652 mille
1057 1597 1225 1650 millia
1241 1598 1768 1655 assistebantcoram
1793 1616 1859 1657 eo
1878 1601 1922 1632 ⁸⁷
1943 1607 1982 1670 );
2010 1619 2028 1654 ι

466 1687 733 1749 omnium,
777 1688 1021 1757 inquam,
1063 1687 1255 1742 talium
1299 1704 1609 1759 supremus,
1649 1691 1774 1762 quis
1814 1692 2033 1748 tandem

2141 598 2250 652 τῶν
2293 599 2468 652 ποδῶν
2505 617 2630 652 σου’
2661 602 2690 652 6
2717 600 2824 670 γὰρ
2860 604 3023 662 τόπος
3058 601 3115 652 ἐν
3152 592 3196 666 ᾦ
3239 599 3309 652 σὺ
3345 598 3587 669 ἕστηκας
3630 602 3710 653 ἐπ’

2141 689 2303 743 αὑτοῦ
2337 690 2406 761 γῆ
2448 690 2577 759 ἁγία
2620 690 2784 743 ἐστίν.
2813 710 2831 742 ι
2865 683 2956 753 Εἷς
2983 690 3090 762 ἄρα
3111 689 3205 743 καὶ
3233 691 3261 743 6
3283 689 3444 754 αὐτὸς
3464 685 3530 761 ἦν
3554 693 3581 743 6
3606 695 3708 756 τοῖς

2141 781 2466 854 ἀμφοτέροις
2497 781 2840 853 χρηματίσας
2869 780 3022 844 Θεὸς,
3063 780 3138 844 ὼς
3166 783 3229 834 ἐκ
3266 779 3360 834 τοῦ
3401 781 3707 852 παραγγέλ-

2143 891 2308 944 ματος
2345 872 2631 926 δείκνυται.
2681 873 2838 926 Ἀλλά
2897 871 2989 924 νῦν
3030 872 3126 942 μὲν
3167 872 3254 926 διὰ
3286 871 3380 925 τοῦ
3421 873 3698 944 ἀρχιστραο

2101 983 2106 990 ‘
2139 969 2304 1038 τήγου
2331 964 2430 1034 τῆς
2459 964 2738 1035 δυνάμεως
2769 963 2951 1026 αὑτοῦ,
2976 964 3163 1016 Μωσεῖ
3201 963 3257 1016 δὲ
3291 963 3378 1018 διὰ
3401 963 3494 1016 τοῦ
3529 965 3703 1034 ὀφθέν-

2138 1074 2228 1119 τος
2257 1055 2486 1124 ἀγγέλου
2511 1053 2773 1119 θεσπίζει.
2794 1053 3066 1124 Στρατιῶν
3088 1053 3144 1105 δὲ
3167 1053 3602 1126 ύπερουρανίων,
3626 1056 3710 1108 καὶ

2139 1148 2420 1218 δυνάμεων
2477 1145 2858 1216 ύπερκοσμίων
2905 1145 2998 1198 καὶ
3052 1145 3377 1215 πνευμάτων
3428 1145 3707 1216 ἀοράτων,

2139 1238 2386 1307 ἀγγέλων
2422 1255 2480 1290 τε
2528 1236 2688 1290 θείων
2731 1236 2824 1289 καὶ
2873 1233 3226 1306 ἀρχαγγέλων
3269 1234 3344 1305 τῷ
3380 1235 3710 1305 παμϐασιλεὶ

2136 1331 2232 1386 καὶ
2288 1329 2620 1399 πανηγεμόνι
2651 1327 2767 1398 Θεῷ
2792 1326 3243 1398 λειτουργούντων
3274 1327 3436 1393 (κατὰ
3471 1327 3535 1381 τὸ
3565 1331 3708 1394 εἰρη-

2141 1423 2298 1493 μένον
2340 1421 2488 1492 παρά
2513 1419 2590 1490 τῷ
2615 1418 2844 1491 Δανιὴλ·
2889 1437 2907 1469 ι
2949 1418 3130 1472 Χίλιαι
3163 1417 3397 1488 χιλιάδες
3440 1419 3710 1492 ἐλειτούρ-

2137 1531 2266 1584 γουν
2293 1513 2441 1584 αὐτῷ
2460 1553 2474 1576 ,
2504 1512 2598 1565 καὶ
2629 1512 2818 1584 μύριαι
2849 1510 3104 1583 μυριάδες
3135 1513 3602 1582 παρειστήκεισαν
3629 1511 3709 1581 ἒμρ

2145 1605 2380 1678 προσθεν
2398 1605 2558 1658 αὐτοῦ
2578 1604 2618 1674 )·
2652 1623 2670 1655 ›
2701 1605 2730 1656 6
2761 1603 2974 1656 πάντων
2999 1605 3255 1657 ἀνωτάτω
3289 1603 3372 1665 τίς
3402 1602 3470 1656 ἂν
3503 1602 3712 1670 γένοιτο

2139 1697 2323 1770 ἕτερος
2357 1696 2447 1752 τοῦ
2477 1696 2610 1750 Θεοῦ
2649 1696 2844 1764 Λόγου,
2873 1694 2967 1747 καὶ⁸
2994 1693 3090 1765 τῆς
3121 1693 3463 1765 πρωτοτόκου
3489 1695 3710 1762 Σοφίας,

464 1778 536 1835 sit
571 1778 730 1841 alius,
777 1793 940 1848 quam
988 1776 1084 1832 Dei
1115 1775 1378 1840 Verbum,
1431 1786 1486 1832 et
1515 1780 1876 1850 primogenita
1930 1781 2021 1837 Sa~

2131 1789 2222 1844 τοῦ
2248 1807 2306 1842 τε
2337 1788 2520 1842 ἐνθέου
2552 1790 2923 1859 γεννήματος;
2986 1786 3221 1849 Εἰκότως
3285 1787 3391 1857 ἄρα
3424 1787 3518 1838 καὶ
3552 1787 3712 1856 ἀρχιρ

464 1867 692 1938 piem-ia.
740 1875 795 1922 et
839 1865 1056 1923 soboles
1101 1865 1327 1922 divina?
1377 1867 1568 1923 Merito
1609 1885 1738 1941 ergo
1777 1871 2031 1943 princeps

462 1960 850 2030 imperatorum
896 1959 1172 2014 exercitus
1213 1958 1426 2014 Domini
1470 1959 1575 2015 hoc
1605 1960 1660 2014 in
1702 1963 1822 2018 loco
1853 1961 2030 2019 dictus

461 2059 566 2120 est,
597 2060 783 2123 utpote
807 2053 902 2124 qui
932 2053 1085 2119 alibi,
1135 2061 1186 2108 et
1220 2051 1401 2122 magni
1441 2051 1658 2106 consilii
1685 2053 1932 2124 angelus,
1975 2063 2030 2109 et

459 2159 751 2201 consessor
783 2143 996 2206 Patris.
1027 2151 1081 2200 et
1126 2152 1362 2199 teternus
1405 2156 1470 2197 ac
1512 2159 1741 2215 magnus
1775 2148 2028 2202 sacerdos

458 2253 601 2303 esse,
637 2237 706 2292 sit
733 2236 1160 2293 demonstratus.
1199 2235 1304 2290 Sed
1338 2235 1469 2290 illud
1508 2252 1724 2307 quoque
1747 2246 2025 2293 ostensum

457 2337 563 2396 est,
605 2329 753 2401 quod
789 2329 932 2385 idem
974 2338 1028 2383 et
1065 2328 1347 2394 Dominus,
1385 2335 1439 2382 et
1471 2327 1637 2390 Deus.
1679 2339 1734 2384 et
1774 2329 2026 2386 Christus

457 2421 550 2481 sit.
581 2423 671 2492 qui
703 2437 733 2476 a
753 2420 912 2476 Patre
935 2421 1057 2476 oleo
1075 2419 1458 2476 exsultationis
1492 2429 1577 2475 est
1607 2429 1821 2477 unctus.
1855 2420 2026 2476 Abrae

458 2514 540 2568 hae
573 2513 736 2583 igitur
775 2513 917 2584 apud
968 2527 1230 2582 quercum
1279 2512 1430 2568 visus
1462 2511 1519 2566 in
1562 2511 1800 2566 hominis
1845 2510 2021 2566 forma

455 2606 660 2676 quieta,
696 2604 993 2675 habituque
1025 2603 1275 2675 paciﬁco,
1317 2603 1558 2673 seipsum
1604 2602 1862 2665 ostendit,
1896 2619 2021 2658 cum

455 2713 520 2752 ex
553 2697 644 2750 illo
675 2712 846 2766 usque
875 2705 1118 2766 tempore
1159 2697 1455 2752 salutarem
1485 2709 1644 2750 suum
1678 2695 1743 2750 ad
1775 2694 2020 2751 homines

455 2787 744 2843 adventum
802 2787 1166 2843 exordiretur.
1213 2787 1324 2859 Ipsi
1367 2803 1494 2844 vero
1540 2787 1711 2844 Iacob
1761 2796 2018 2859 tanquam

454 2879 880 2934 exercitabundo
904 2895 967 2933 ac
1000 2880 1282 2944 certatori,
1311 2881 1406 2951 qui
1431 2881 1696 2937 adversus
1730 2881 1937 2944 hostes,
1963 2888 2018 2935 et

455 2969 781 3029 luctaturus.
818 2979 872 3026 et
905 2971 1251 3042 praeliaturus
1277 2981 1444 3036 esset,
1475 2973 1640 3027 veluti
1681 2972 1863 3026 homo.
1911 2969 2015 3027 Sed

455 3062 655 3119 Iinsem
689 3073 742 3120 et
772 3065 1029 3135 populum
1068 3065 1123 3119 in
1153 3066 1335 3136 specie
1365 3065 1526 3120 nubis
1553 3073 1714 3136 atque
1741 3064 1880 3135 ignis
1914 3064 2016 3119 du-

453 3156 631 3220 cobat,
686 3157 980 3214 terribilem
1031 3158 1246 3214 interim
1295 3165 1457 3228 atque
1508 3155 1887 3210 adumbratum
1931 3172 2018 3212 se-
2045 3138 2086 3196 (ἶ

451 3247 631 3318 ipsum
661 3248 978 3304 ostendens.
1015 3249 1082 3303 At
1111 3249 1370 3319 quoniam
1403 3245 1570 3300 Mosis
1608 3262 1897 3303 successor
1921 3245 2016 3302 Je-

2136 1883 2443 1956 στράτηγος
2475 1883 2755 1952 δυνάμεως
2783 1881 2987 1952 Κυρίου
3027 1880 3121 1932 ἐπὶ
3151 1878 3242 1932 τοῦ
3273 1879 3543 1950 παρόντος
3575 1879 3712 1932 ἀνεί-

2133 1993 2324 2047 ρηται,
2360 1974 2436 2038 ὡς
2469 1975 2560 2028 καὶ
2593 1973 2834 2045 μεγάλης
2863 1973 3056 2043 βουλῆς
3099 1973 3326 2041 ἄγγελος
3359 1975 3416 2026 ἐν
3457 1973 3712 2044 ἑτέροις,

2130 2067 2224 2122 καὶ
2259 2066 2541 2139 σύνθρονος
2577 2065 2670 2118 τοῦ
2704 2063 2934 2136 Πατρὸς,
2963 2062 3175 2128 αἰώνιός
3200 2082 3258 2117 τε
3290 2065 3382 2118 καὶ
3405 2065 3585 2135 μέγας
3617 2064 3713 2134 ἀρ-

2129 2159 2358 2229 χιερεύς.
2393 2158 2789 2211 Ἀποδέδεικται
2822 2157 2898 2223 δὲ,
2919 2158 3001 2210 ὅτι
3034 2158 3128 2210 καὶ
3161 2156 3364 2228 Κύριος
3391 2158 3486 2210 καὶ
3515 2157 3654 2218 Θεὸς
3684 2157 3712 2208 6

2127 2251 2286 2315 αὐτὸς
2310 2291 2325 2317 ,
2355 2251 2450 2304 καλ⁸
2481 2249 2713 2322 Χριστὸς
2745 2249 2848 2304 ὑπὸ
2873 2249 2965 2303 τοῦ
3006 2249 3216 2321 Πατρὸς
3252 2249 3416 2320 ἐλαίῳ
3446 2250 3711 2319 ἀγαλλιά-

2128 2361 2264 2408 σεως
2306 2342 2678 2416 κεχρισμένος.
2718 2342 2807 2413 Τῷ
2857 2344 2954 2413 μὲν
3001 2339 3093 2396 οὖν
3137 2342 3386 2414 Ἀϐραὰμ
3437 2343 3586 2414 παρὰ
3634 2347 3703 2415 τῇ

2123 2435 2243 2506 δρυῒ
2269 2435 2452 2505 φανεὶς
2478 2437 2535 2489 ὲν
2563 2433 2846 2506 ἀνθρώπου
2877 2434 3004 2487 εἴδει
3035 2433 3276 2505 γαληνῴ,
3308 2435 3400 2488 καὶ
3432 2435 3704 2505 είρηναίῳ

2124 2528 2381 2598 σχήματι,
2416 2527 2602 2578 ἑαυτὸν
2618 2521 2977 2590 ὑποδείκνυσι,
2991 2525 3088 2595 τὴν
3111 2527 3372 2598 σωτήριον
3397 2528 3470 2589 είς
3493 2526 3590 2579 ἀνθ
3604 2527 3718 2598 ρώ-

2123 2634 2255 2681 πους
2289 2617 2450 2670 αὑτοῦ
2497 2615 2796 2688 παρουσίαν
2832 2616 2890 2684 ἐξ
2923 2617 3131 2671 ἐκείνου
3177 2618 3710 2689 προοιμιαζόμενος·

2119 2706 2198 2778 τῷ
2222 2707 2278 2760 δὲ
2309 2705 2516 2770 Ἰακὼϐ,
2541 2705 2615 2772 ὼς
2636 2707 2844 2778 ἀσκητῇ
2877 2708 2970 2760 καὶ
2998 2709 3266 2779 ἀγωνιστῇ
3300 2708 3546 2763 παλαίειν
3569 2712 3714 2783 προς

2120 2799 2344 2870 ἐχθροὺς
2384 2798 2478 2852 καὶ
2527 2795 2884 2867 ἀγωνίζεσθαι
2933 2798 3197 2868 μέλλοντι,
3234 2797 3323 2852 οἷα
3363 2799 3698 2872 ἅνθρωπος·

2120 2889 2308 2942 Μωσεῖ
2339 2887 2394 2940 δὲ
2452 2888 2544 2941 καὶ
2587 2885 2664 2956 τῷ
2692 2885 2806 2955 λαῷ
2844 2887 2902 2939 ἐν
2941 2887 3069 2940 εἴδει
3117 2888 3346 2959 νεφέλης
3392 2891 3490 2942 καί
3531 2891 3714 2960 πυρὸς

2118 2977 2432 3049 καθηγεῐτο,
2494 2975 2720 3048 φοϐερὸν
2770 2975 2905 3047 ὁμοῦ
2949 2977 3043 3031 καὶ
3084 2977 3521 3049 ἐπεσκιασμένον
3563 2997 3715 3052 παρ-

2117 3071 2253 3142 έχων
2284 3068 2491 3124 ἐαυτὸν.
2509 3069 2659 3122 Ἐπεὶ
2685 3069 2741 3122 δὲ
2770 3070 2797 3121 6
2823 3065 2917 3122 τοῦ
2948 3069 3190 3132 Μωσέως
3221 3069 3458 3140 διάδοχος
3491 3071 3714 3142 Ἰησοῦς

2122 3159 2398 3230 πολεμίοις
2441 3157 2629 3229 ἔμελλε
2672 3157 3107 3228 παρατάττεσθαι
3139 3161 3270 3222 τοῖς,
3317 3160 3377 3212 τὸ
3413 3161 3543 3232 πρὶν
3593 3161 3712 3214 Πα-

2121 3253 2404 3306 λαιστίνων
2425 3252 2528 3322 γῆς
2555 3251 2884 3323 οἰκήτορσιν,
2912 3251 3228 3320 ἀλλοφύλοις
3251 3251 3426 3305 ἔθνεσι
3457 3254 3552 3306 καὶ
3574 3256 3715 3307 ἀσε-

451 3353 566 3402 sus.
611 3348 805 3393 contra
837 3340 1024 3396 hostes
1071 3348 1190 3396 erat
1233 3340 1611 3404 instruendus,
1659 3340 1752 3410 qui
1783 3339 2014 3395 antehac

2131 3342 2433 3406 Εεστάτοις,
2464 3341 2689 3405 εἰκότως
2734 3339 2874 3412 μετά
2919 3341 3192 3414 ῥομφαίας
3224 3343 3575 3414 ἐσπασμένης
3617 3345 3718 3399 καὶ

449 3435 650 3485 terram
703 3429 1044 3486 Palaestinam
1107 3432 1468 3496 incoluerant,
1511 3441 1766 3487 externas
1825 3432 2013 3502 utique

2131 3433 2258 3489 κατὰ
2287 3433 2393 3488 τῶν
2421 3432 2691 3504 πολεμίων
2719 3434 2886 3505 ὴκονη
2896 3433 3060 3505 μένης
3097 3433 3475 3502 ὑποφαίνεται,
3498 3451 3710 3505 μονον-

451 3521 794 3592 maximeque
835 3523 1033 3594 impias
1078 3524 1362 3588 nationes,
1410 3521 1608 3578 merito
1661 3538 1785 3578 cum
1829 3523 2010 3595 gladio

2131 3527 2236 3597 >υχὶ
2276 3525 2365 3581 διὰ
2400 3525 2503 3596 τῆς
2528 3525 2701 3596 ὅψεως
2725 3525 3063 3592 ἀποδεικνὺς,
3090 3526 3174 3579 ὅτι
3201 3525 3264 3597 δὴ
3293 3526 3451 3588 αὐτὸς
3483 3527 3720 3598 ἀοράτῳ

450 3613 642 3684 vagina
671 3623 857 3681 exuto,
899 3623 953 3670 et
983 3625 1172 3671 contra
1201 3617 1388 3672 hostes
1431 3627 1660 3670 acumen
1696 3631 1807 3686 pne
1838 3631 1898 3672 se
1935 3615 2014 3671 fe-

450 3713 601 3759 rente
621 3704 1048 3771 demonstratur,
1077 3709 1172 3762 tali
1195 3709 1586 3780 propemodum
1612 3709 1822 3765 visione
1841 3706 2014 3776 signi-

445 3795 639 3864 ﬁcans,
662 3798 1117 3868 quemadmodum
1140 3801 1256 3872 ipse
1277 3801 1460 3856 divina
1478 3802 1698 3868 virtute,
1711 3798 1871 3870 247
1892 3805 2014 3852 tan-

447 3903 607 3958 quam
639 3889 896 3946 invisibili
925 3890 1124 3962 gladio,
1157 3907 1280 3947 cum
1323 3894 1439 3950 suis
1461 3891 1679 3948 interim
1710 3890 1874 3947 simul
1907 3890 2012 3944 mi-

2113 3617 2374 3690 ῥομφαία,
2397 3617 2562 3687 ἐνθέῳ
2576 3615 2818 3687 δυνάμει,
2848 3617 2972 3680 τοὺς
2994 3617 3206 3680 ἀσεϐεῖς
3224 3615 3456 3687 μετιέναι
3481 3617 3717 3687 ἔμελλε,

2117 3709 2226 3772 τοῖς
2286 3705 2505 3769 οἰκείοις
2567 3705 3061 3777 συστρατευόμενος
3110 3706 3203 3760 καὶ
3256 3706 3718 3780 συναγωνιζόμε-

2118 3815 2224 3862 νος.
2290 3796 2384 3850 Διὸ
2430 3795 2570 3850 κατά
2614 3795 2803 3867 καιρὸν
2873 3795 2968 3849 καὶ
3007 3795 3437 3868 ἀρχιστράτηγον
3485 3797 3718 3870 Κυρίου

2115 3888 2306 3942 ἑαυτὸν
2333 3886 2714 3959 ἀνηγόρευσεν.

447 3978 630 4044 litans,
655 3981 846 4050 eisque
871 3995 1027 4057 opem
1059 3981 1280 4037 assidue
1307 3982 1510 4046 ferens,
1541 3990 1660 4038 erat
1694 3979 1890 4053 impios
1925 3980 2161 4038 ulturus.
2195 3979 2374 4047 Quare
2399 3979 2563 4034 etiam
2607 3985 2914 4049 opportune
2970 3978 3209 4050 seipsum
3247 3978 3551 4050 principem
3601 3983 3712 4036 im-

445 4079 753 4140 peratorum
786 4069 999 4127 Domini
1030 4073 1336 4143 appellavit.

1041 4182 1269 4239 CAPUT
1302 4184 1420 4238 XX.

449 4274 523 4328 Ab
551 4274 672 4346 Job.
706 4306 775 4316 -—
801 4275 952 4342 Quod
977 4277 1219 4346 similiter
1265 4277 1367 4346 ipsi
1403 4276 1505 4330 Job
1527 4315 1542 4340 ,
1573 4275 2012 4346 quemadmodum

511 4345 772 4414 patribus.
820 4347 927 4412 ipse
969 4344 1156 4414 Opifea:
1195 4344 1420 4401 universi
1474 4344 1612 4400 om
1667 4347 1915 4411 Verbum,
1959 4353 2009 4400 et

514 4415 864 4485 respondisse,
889 4425 940 4470 et
967 4417 1132 4471 oculis
1168 4419 1308 4472 visus
1339 4434 1450 4472 esse
1477 4418 1693 4474 dicitur.

2641 4177 3036 4232 ΚΕΦΑΛΑΙΟΝ
3077 4179 3160 4233 K'.

2125 4270 2268 4326 Ἀπὸ
2295 4270 2401 4325 τοῦ
2455 4267 2588 4324 Ἰὼϐ.
2617 4298 2693 4339 7-—
2731 4269 2824 4335 Ὠς
2856 4269 3068 4337 ὁμοίως
3120 4269 3244 4336 τοῖς
3283 4271 3550 4339 πατράσι
3605 4278 3724 4331 καὶ

2180 4341 2260 4407 τῷ
2301 4341 2458 4413 Ἰὼϐ,
2487 4338 2669 4413 αὐτὸς
2713 4341 2746 4392 ὀ
2799 4339 3158 4413 Δημιοιξργὸς
3180 4339 3300 4413 τῶν
3339 4338 3504 4413 ὅλων
3551 4347 3723 4413 Θεὸς

2179 4413 2390 4481 Λόγος,
2426 4408 2652 4479 ἔχρησέ
2683 4425 2745 4463 τε
2776 4408 2875 4463 καὶ
2907 4409 3232 4479 ὀφθαλμοῖς
3271 4410 3574 4481 ἑωρᾶσθαι
3595 4408 3724 4471 λέζ

2185 4499 2367 4552 remi.

517 4617 535 4647 ι
563 4595 704 4651 Dixit
733 4603 912 4652 autem
938 4596 1196 4653 Dominus
1221 4599 1288 4654 ad
1313 4596 1418 4653 Job
1439 4598 1506 4653 de
1532 4597 1749 4653 turbine
1771 4606 1825 4653 et
1851 4598 2008 4654 nubi-

2192 4614 2212 4648 ι
2245 4591 2378 4649 Είπε
2407 4595 2464 4648 δὲ
2483 4593 2684 4664 Κύριος
2705 4591 2782 4664 τῷ
2813 4591 2932 4646 Ἰὼϐ
2953 4592 3040 4646 διὰ
3071 4592 3331 4661 λαίλαπος
3357 4598 3450 4652 καὶ
3479 4602 3682 4670 νεφῶν
3703 4621 3720 4634 ο

440 4691 542 4747 bus
570 4709 583 4745 :
613 4687 716 4744 Ubi
749 4704 874 4745 eras
891 4688 1018 4745 dum
1033 4704 1132 4760 ego
1152 4688 1433 4745 fundarem
1454 4698 1652 4748 terram
1677 4689 1701 4743 ?
1722 4687 2009 4760 Responde

443 4783 550 4852 iam
579 4781 736 4849 mihi,
761 4789 943 4836 utrum
969 4781 1184 4838 noveris
1215 4782 1572 4846 intellectum,
1615 4783 1738 4852 quis
1765 4781 2008 4852 posuerit

441 4889 728 4930 mensuras
755 4874 874 4944 ejus
896 4873 941 4930 si
975 4874 1118 4928 nosti
1149 4874 1214 4938 ⁸⁸,
1247 4894 1263 4927 ι
1293 4882 1346 4930 et
1373 4883 1568 4931 caetera
1601 4895 1612 4930 :
1643 4894 1660 4927 ι
1699 4875 1834 4930 Cum
1868 4876 2007 4930 facta

442 4973 588 5029 sunt,
650 4964 849 5036 inquit,
886 4973 1052 5030 astra,
1108 4963 1468 5020 laudaverunt
1524 4981 1610 5021 me
1650 4981 1782 5020 voce
1809 4979 2005 5035 magna

441 5073 628 5113 omnes
655 5057 833 5130 angeli
866 5057 992 5114 mei.
1017 5055 1276 5113 Obstruxi
1304 5065 1486 5112 autem
1514 5072 1663 5113 mare
1683 5059 1855 5125 portis
1875 5056 1920 5087 °°
1943 5073 1957 5122 ;
1982 5075 2001 5107 ι

439 5167 500 5204 ac
524 5151 784 5220 deinceps
815 5149 960 5220 quod
993 5150 1240 5220 sequitur
1267 5167 1280 5204 :
1319 5147 1500 5203 «.Num
1527 5165 1651 5205 eras
1684 5158 1741 5203 tu
1787 5147 2005 5220 quando

437 5242 696 5297 constitui
728 5243 909 5298 lumen
925 5242 1288 5297 matutinum?
1317 5241 1534 5296 Lucifer
1553 5248 1736 5296 autem
1759 5239 2007 5310 despexit

437 5348 597 5386 suum
625 5334 875 5388 ordinem
903 5333 985 5386 ὀἳ
1020 5353 1037 5386 ι
1072 5331 1138 5386 Ει
1168 5349 1394 5389 rursus:
1427 5351 1445 5384 ι
1480 5331 1621 5388 Num
1657 5340 1738 5400 tu,
1781 5340 2006 5403 accepto

437 5429 594 5478 terra:
625 5425 764 5490 luto,
821 5424 996 5481 fecisti
1033 5424 1267 5480 animal?
1299 5433 1353 5481 et
1385 5425 1452 5479 ad
1505 5424 1836 5495 loquendum
1885 5425 2004 5481 ido-

437 5529 596 5569 neum
623 5516 800 5584 ipsum
851 5517 1082 5586 posuisti
1125 5518 1181 5572 in
1209 5518 1392 5573 terra?
1441 5518 1713 5575 abstulisti
1760 5533 1890 5575 vero
1936 5520 2004 5574 ab

437 5601 618 5674 impiis
655 5606 886 5661 lumen?
923 5608 1206 5664 brachium
1244 5619 1424 5667 autem
1472 5601 1832 5683 superborum
1870 5626 2004 5667 con-

507 5761 552 5792 “
584 5759 753 5817 Exod.
797 5778 879 5827 ιιι,
903 5763 956 5826 ι,
980 5763 1034 5818 5.
1109 5764 1152 5796 "’
1185 5763 1318 5820 Dan.
1343 5781 1440 5832 vn,
1481 5765 1566 5824 10.
1645 5768 1691 5800 ⁸⁸
1727 5764 1848 5824 Job.
1878 5783 2021 5826 xxxv

2144 5769 2196 5832 ί.
2224 5767 2312 5824 65.

2067 4686 2090 4704 '
2115 4687 2226 4742 Ποῦ
2261 4683 2328 4760 ἧς
2366 4686 2424 4738 ἐν
2459 4684 2536 4757 τῷ
2561 4684 2840 4757 θεμελιδῦν
2899 4702 2967 4755 με
2999 4685 3098 4757 τὴν
3155 4688 3292 4758 γῆν;
3329 4689 3723 4760 Ἀπάγγειλον

2113 4780 2178 4852 δή
2215 4797 2302 4850 μοι
2335 4772 2383 4831 εί
2408 4779 2695 4832 ἐπίστασαι
2737 4775 2968 4839 σύνεσιν,
2997 4775 3082 4839 τίς
3108 4777 3260 4831 ἔθετο
3289 4779 3356 4832 τὰ
3384 4780 3568 4854 μέτρα
3603 4785 3724 4836 αὺ-

2112 4871 2230 4943 τῆς,
2255 4872 2302 4924 εί
2331 4865 2494 4935 οἶδας,
2524 4889 2542 4920 ι
2579 4868 2751 4923 καὶτά
2775 4865 2919 4939 ἑξῆς·
2951 4888 2970 4922 ι
2993 4867 3119 4922 Ὀτε
3149 4869 3503 4942 ἐγενήθησαν,
3535 4893 3554 4923 ι
3593 4893 3726 4946 φη..

2113 4963 2218 5026 σὶν,
2255 4982 2274 5015 ι
2309 4963 2502 5034 ἄστρα,
2538 4962 2734 5033 ᾔνεσάν
2765 4981 2830 5034 με
2857 4967 3006 5036 φωνῇ
3037 4963 3250 5035 μεγάλῃ
3294 4963 3496 5028 πάντες
3526 4967 3726 5036 5-575-

2107 5055 2188 5108 λοί
2225 5073 2346 5126 μου.
2383 5055 2633 5126 Ἐφραξα
2665 5055 2720 5108 δὲ
2750 5055 3024 5110 θάλασσαν
3058 5055 3272 5119 πύλαις.
3312 5076 3331 5108 ι
3367 5057 3480 5110 Καὶ
3527 5058 3720 5130 ἐξῆςο

2113 5165 2130 5198 ι
2165 5143 2239 5200 Ἥ
2273 5149 2365 5202 ἐπὶ
2392 5146 2482 5200 σοῦ
2518 5149 2812 5218 συντέταχα
2842 5148 3041 5217 φέγγος
3065 5147 3331 5218 πρωῖνόν.
3375 5147 3726 5222 Ἐωσφόρος

2106 5237 2162 5291 δέ
2199 5238 2378 5292 ἐπεῖδε
2423 5239 2518 5310 τὴν
2564 5239 2756 5292 ἑαυτοῦ
2803 5239 2982 5306 τάξιν;
3026 5259 3046 5292 ι
3079 5240 3191 5293 Καθι
3225 5237 3414 5294 πάλιν·
3456 5261 3475 5292 ι
3513 5237 3594 5295 Ἦ
3638 5248 3726 5300 σὺ

2106 5327 2285 5382 λαϐὼν
2317 5329 2420 5401 γῆς
2454 5329 2620 5402 πηλὸν
2661 5329 2899 5394 ἔπλασας
2927 5329 3082 5394 ζῶον,
3116 5330 3210 5384 καὶ
3252 5330 3483 5402 λαλητὸν
3523 5335 3726 5389 αὑτὸν

2109 5423 2231 5476 ἔθου
2253 5421 2346 5476 ἐπὶ
2374 5423 2472 5494 τῆς
2510 5422 2642 5493 γῆς;
2679 5423 2895 5492 ἀφεῖλες
2930 5422 2987 5475 δὲ
3028 5423 3136 5477 ἀπὸ
3181 5422 3391 5476 ἀσεϐῶν
3428 5424 3491 5477 τὸ
3536 5426 3726 5496 φῶς;

2112 5515 2366 5586 βραχίονα
2407 5513 2451 5566 6‘
2491 5514 2849 5586 ὑπερηφάνων
2883 5513 3233 5586 συνέτριψας;
3285 5509 3449 5584 ἦλθες
3491 5515 3550 5570 δὲ
3599 5520 3730 5575 ἐπὶ

2109 5609 2290 5680 πηγὴν
2319 5607 2618 5680 θαλάσσης,
2656 5609 2713 5661 ἐν
2747 5607 2803 5660 δέ
2834 5607 3033 5679 ἴχνεσιν
3073 5607 3306 5661 ἀϐύσσου
3339 5611 3718 5686 περιεπάτη-

2391 5767 2434 5804 ⁸³
2464 5767 2596 5824 ibid.
2636 5766 2687 5821 7.
2761 5763 2807 5798 ⁹⁶
2855 5764 2986 5822 ibid.
3026 5764 3110 5820 12.
3153 5770 3158 5776 ’
