3916 6200
249 227 344 282 ιοι

1132 221 1780 280 DEMONSTRATIONIS
1816 218 2266 276 EVANGELICIE
2305 216 2430 274 LIB.
2469 215 2538 273 ν.

3377 208 3475 266 409

242 360 342 403 σας
364 359 378 404 ;
413 338 714 408 ἀνοίγονται
735 338 791 392 δέ
819 356 899 393 σοι
926 339 1072 410 φόϐῳ
1097 339 1257 392 πύλαι
1284 339 1542 405 flavam»;
1570 337 1805 410 πυλωροί

1910 334 2144 390 trivisti?
2173 332 2366 388 venisti
2398 337 2576 384 autem
2606 329 2672 383 ad
2709 327 2909 382 fontem
2953 325 3120 382 maris
3150 363 3164 386 ,
3202 334 3247 381 et
3278 323 3330 376 in
3376 339 3470 377 ve-

240 433 296 486 δὲ
349 432 475 503 ᾅδου
530 429 724 494 ἰδόντες
773 446 830 484 σε
883 429 1151 500 ἔπτηξανς
1193 449 1211 479 ι
1247 429 1356 483 Καὶ
1403 429 1494 482 ἐπὶ
1537 427 1676 482 τέλει
1716 427 1812 481 τοῦ

244 523 444 587 παντὸς
468 521 714 594 χρησμοῦ
741 521 1086 592 ἀποκρίνεται
1112 519 1232 574 Ἰὼϐ
1264 520 1341 592 τῷ
1372 521 1578 593 Κυρίῳ,
1610 520 1807 588 λέγων·

243 633 264 666 ι
307 616 570 668 ’Ἄκουσον
593 612 655 682 δή
692 629 818 682 μου,
849 610 1040 684 Κύριε,
1073 612 1160 666 ἵνα
1184 610 1337 680 κάγὼ
1363 611 1598 682 λαλήσω.
1647 611 1812 680 Ἐρω-

241 708 392 778 τήσω
447 705 502 758 δέ
571 722 650 769 σε,
685 706 766 766 ,σὺ
813 704 868 757 δέ
917 722 984 775 με
1021 703 1249 769 δίδαξον.
1290 703 1495 774 Ἀκοὴν·
1531 703 1628 774 μὲν
1676 701 1814 765 ὠτὸς

239 797 439 869 ἠκουόν
473 813 563 850 σου
589 797 647 848 τὸ
672 796 951 868 πρότερον,
989 795 1082 849 νῦν
1122 796 1178 849 δὲ
1203 797 1232 850 ό
1255 795 1526 865 ὀφθαλμός
1567 813 1666 866 μου
1711 793 1812 847 ἑώ-

241 889 379 960 ρακὲ
413 905 492 941 σε.
525 888 614 942 Διὸ
641 887 901 955 ὲφαύλισα
929 887 1182 958 ἐμαυτὸν,
1209 887 1303 941 καὶ¹
1331 887 1529 958 ὲτάκην
1548 905 1562 918 ο
1592 887 1807 958 ἥγημαι

237 977 297 1032 δὲ
335 976 574 1048 ἐμαυτὸν
603 976 704 1046 γῆν
753 977 846 1030 καὶ
891 977 1100 1030 σποδόν.
1145 995 1164 1028 ι
1195 977 1315 1030 ’Ὀτι
1346 976 1442 1048 μὲν
1474 971 1566 1030 οὖν
1609 973 1811 1048 Κυρίου

238 1071 337 1124 τοῦ
368 1069 708 1143 Δημιουργοῧ
738 1070 1088 1140 τυγχάνουσιν
1132 1071 1187 1123 αἰ
1229 1069 1577 1140 προκείμεναι
1620 1067 1811 1138 φωναὶ,

237 1163 342 1216 οὐκ
370 1164 432 1214 ὲκ
454 1162 562 1217 τῶν
591 1160 952 1232 προτεθέντων
989 1161 1166 1230 μόνον,
1197 1159 1332 1214 ἀλλά
1375 1160 1468 1213 καὶ
1504 1159 1568 1213 ἐκ
1600 1160 1705 1212 τῶν
1733 1175 1814 1211 σοι

238 1252 592 1323 φαινομένων·
613 1248 900 1318 διαγνῶναι
945 1249 1151 1320 ῥᾴδιον
1192 1247 1273 1302 ὅτι
1321 1249 1378 1302 δὲ
1423 1249 1502 1311 τὸ,
1557 1268 1574 1299 ι
1613 1243 1814 1307 Ἦλθες

238 1346 332 1397 ἐπὶ
359 1345 541 1414 πηγὴν
579 1342 870 1411 θαλάσσης,
916 1341 974 1393 ὲν
1019 1340 1076 1394 δὲ
1122 1341 1324 1411 ἴχνεσιν
1374 1339 1609 1392 ἀϐύσσου
1663 1355 1816 1410 περι-

237 1434 550 1506 επάτησας;
588 1452 606 1484 ι
631 1434 723 1486 καὶ
749 1433 830 1496 τὸ,
864 1451 881 1482 ι
917 1430 1240 1500 Ἀνοίγονται
1276 1431 1332 1484 δέ
1356 1448 1436 1484 σοι
1465 1430 1614 1499 φόϐῳ
1653 1428 1816 1482 πύλαι

237 1525 491 1590 θανάτους
522 1524 758 1598 πυλωροὶ
793 1524 850 1576 δὲ
889 1524 1012 1595 ᾅδου
1049 1525 1242 1587 ἰδόντες
1271 1542 1328 1577 σε
1358 1523 1619 1594 ἕπτηξανς
1663 1539 1682 1572 ι
1718 1519 1815 1590 τὴν

240 1619 328 1680 εἰς
363 1617 488 1687 ᾅδου
517 1615 739 1668 κάθοδον
765 1615 860 1669 τοῦ
895 1617 1144 1688 Σωτῆρος
1194 1615 1346 1687 ἡμῶν
1379 1614 1642 1679 θεσπίζει,
1677 1613 1816 1668 κατὰ

1914 424 2089 494 ssigiis
2123 421 2302 494 abyssi
2359 418 2764 474 deambulasti?
2791 415 3211 486 aperiunturque
3256 411 3352 466 ιὼὶ
3399 411 3471 464 ti-

1913 532 2063 572 more
2086 523 2253 586 portae
2277 512 2511 568 mortis?
2536 519 2589 564 et
2605 511 2870 580 janitores
2889 507 3185 564 inferorum
3228 504 3474 558 videntes

1913 615 1966 664 te
1993 607 2166 662 territi
2201 613 2329 660 sunt
2359 602 2402 635 ⁹¹
2427 605 2450 654 ’ἰ
2480 621 2498 653 ι
2534 600 2738 656 Deinde
2793 600 2846 654 in
2907 599 3010 654 ﬁne
3039 597 3206 653 totius
3241 593 3472 658 oraculi,

1913 699 2201 771 respondet
2224 695 2325 753 Job
2351 694 2600 757 Domino,
2633 693 2820 747 dicens
2844 707 2857 744 :
2890 709 2910 743 ε
2933 689 3072 744 Audi
3101 689 3212 758 jam
3238 703 3342 753 me,
3371 686 3475 739 Do-

1912 793 2078 857 mine,
2107 797 2165 844 ut
2194 789 2358 844 etiam
2389 802 2489 856 ego
2521 786 2733 854 loquar,
2768 791 2821 838 et
2853 781 3196 851 interrogabo
3229 786 3302 844 te,
3334 783 3395 844 et,
3416 784 3475 832 tu

1913 899 2000 940 me
2031 883 2246 939 doceto.
2288 878 2492 934 Auditu
2535 877 2754 948 quidem
2798 874 2946 930 auris
2995 871 3176 926 audivi
3206 878 3258 925 te
3301 869 3472 940 prius,

1913 992 2058 1033 nunc
2086 983 2263 1030 autem
2319 971 2512 1026 oculus
2557 983 2711 1023 meus
2742 966 2876 1021 vidit
2907 975 2978 1021 te.
3013 964 3277 1031 Quocirca
3316 962 3474 1017 vilem

1916 1067 2077 1123 habui
2129 1063 2415 1133 meipsum,
2483 1067 2538 1116 et
2591 1057 2916 1128 liquefactus
2971 1072 3113 1120 sum,
3182 1061 3236 1110 et
3294 1051 3476 1124 putavi

1915 1159 2180 1228 meipsum
2211 1163 2410 1209 terram
2459 1161 2513 1207 et
2555 1150 2792 1205 cinerem
2811 1151 2878 1203 ".
2914 1167 2932 1200 ι
2972 1145 3183 1201 Domini
3207 1145 3369 1216 igitur
3391 1159 3474 1198 re-

1915 1265 2034 1304 rum
2069 1245 2290 1318 Opificis
2331 1243 2609 1314 expositas
2661 1240 2824 1296 modo
2857 1255 2979 1296 esse
3030 1254 3210 1304 voces,
3238 1252 3344 1292 non
3388 1251 3475 1291 so-

1915 1342 2027 1396 lum
2051 1355 2119 1396 ex
2149 1339 2236 1401 iis,
2266 1352 2386 1408 quae
2412 1334 2692 1406 proposita
2726 1341 2874 1395 sunt,
2901 1347 3086 1387 verum
3110 1329 3270 1384 etiam
3296 1343 3359 1382 ex
3388 1326 3474 1388 iis,

1914 1449 2035 1505 quae
2079 1432 2174 1488 tibi
2212 1431 2315 1502 ipsi
2369 1429 2680 1492 videantur,
2728 1427 3047 1496 dignoscere
3081 1421 3236 1476 facile
3256 1427 3338 1475 est
3367 1457 3380 1470 .
3417 1419 3481 1472 il-

1915 1527 2006 1583 Iud
2031 1543 2157 1583 vero
2181 1566 2197 1591 ,
2233 1543 2251 1576 ι
2280 1521 2487 1578 Venisti
2518 1521 2585 1576 ad
2615 1520 2817 1575 fontem
2844 1518 3032 1581 maris,
3066 1524 3120 1572 et
3150 1515 3206 1570 in
3238 1511 3477 1584 vestigiis

1917 1619 2102 1690 abyssi
2159 1613 2556 1671 deambulasti?
2590 1631 2608 1666 ι
2657 1619 2711 1667 et
2751 1607 2904 1672 illud,
2941 1627 2958 1658 ι
2988 1606 3320 1677 Aperiuntur
3354 1619 3478 1660 vero

238 1708 333 1761 τὸν
386 1707 726 1778 προσήκοντα
771 1707 958 1778 καιρὸν
1003 1706 1378 1778 ἀποδείξομεν⁸
1419 1705 1669 1760 τοσοῦτον
1716 1704 1805 1758 νῦν

1911 1712 2006 1767 tibi
2036 1710 2230 1765 timore
2256 1717 2426 1779 porta:
2455 1705 2646 1761 mortis
2668 1744 2682 1766 ,
2746 1712 2802 1759 et
2856 1702 3123 1772 janitores
3181 1697 3476 1753 inferorum

238 1799 726 1870 ὲπισημηνάμενοι,
765 1799 842 1862 ὡς
885 1797 1082 1869 μᾶλλον
1117 1799 1193 1869 τῷ
1223 1798 1339 1869 Θεῷ
1375 1797 1530 1868 Λόγῳ
1558 1800 1700 1869 ῆπερ
1728 1795 1806 1868 τῷ

235 1891 357 1961 Θεῷ
371 1891 478 1944 τῶν
501 1891 634 1944 ὅλων
655 1890 722 1944 τὰ
747 1890 885 1946 κατά
905 1891 992 1944 τὸν
1010 1891 1171 1944 τόπον
1192 1889 1497 1944 ἀνατιθέναι
1519 1889 1796 1961 προσήκει.

247 1981 305 2037 '0
320 1981 454 2049 γοῦν
470 1980 607 2045 Ἰὼϐ,
628 1980 775 2049 ἑξῆς,
797 1980 994 2050 ὁμοίως
1011 1983 1124 2044 τοῖς
1145 1980 1412 2051 πατράσιν
1428 1979 1586 2032 αὐτὸν
1605 1978 1668 2050 δὴ
1682 1977 1804 2032 τοῦ-

232 2091 325 2127 τον
351 2074 443 2127 τὸν
469 2076 524 2126 ἐν
553 2075 742 2144 ἀρχαῖς
771 2071 856 2125 διὰ
888 2071 1144 2135 λαίλαπος
1185 2073 1278 2126 καὶ
1327 2071 1500 2141 νεφῶν
1542 2071 1804 2142 χρηματί-

235 2162 398 2226 ζοντα
423 2161 568 2232 αὐτῷ
597 2161 818 2233 Κύριον,
841 2161 1067 2232 αετοψίᾳ
1095 2161 1490 2234 τεθεωρηκέναι
1521 2164 1798 2233 μαρτυρεῖ,

232 2253 430 2320 λέγων·
460 2273 478 2304 ε
508 2253 768 2305 Ἄκουσον
811 2251 867 2304 δέ
901 2249 1228 2321 μου,Κύριε,
1267 2251 1354 2304 ἵνα
1386 2248 1538 2319 κάγὼ
1565 2251 1798 2321 λαλήσω.

245 2343 537 2413 Ἐρωτήσω
568 2343 622 2396 δέ
657 2351 736 2406 σε,
775 2343 838 2396 σὺ
871 2341 927 2395 δέ
959 2359 1024 2413 με
1055 2342 1280 2407 δίδαξον.
1323 2343 1514 2412 Ἀκυὴν
1545 2341 1641 2412 μὲν
1669 2341 1804 2405 ὠτὸς

235 2434 432 2504 ἧκουόν
461 2451 553 2486 σου
589 2434 962 2506 τὸκπρότερον,
986 2433 1080 2487 νῦν
1115 2433 1170 2487 δὲ
1211 2436 1238 2487 ὁ
1270 2432 1540 2503 ὀφθαλμός
1576 2449 1673 2504 μου
1701 2431 1802 2484 ἐώ-

239 2526 375 2595 ρακέ
402 2542 460 2578 σε
513 2525 602 2578 Διὸ
634 2525 895 2594 ἐφαύλισα
928 2525 1181 2596 ἐμαυτὸν,
1208 2526 1302 2579 καὶ
1334 2525 1560 2595 ὲτάκηνο
1589 2524 1802 2594 ἥγημαι

231 2617 290 2670 δὲ
317 2617 554 2688 ἐμαυτὸν
584 2617 684 2687 γῆν
716 2617 809 2670 καὶ
841 2617 1052 2670 σποδόν.
1092 2637 1110 2669 ι
1142 2617 1266 2680 Πῶς
1290 2617 1334 2670 δ’
1358 2616 1422 2670 ἂν
1440 2615 1528 2671 τὸν
1548 2616 1804 2669 ἀνωτάτω

231 2707 388 2771 Θεὸν,
417 2708 508 2761 τὸν
528 2708 635 2762 τῶν
658 2709 792 2762 ὅλων
816 2709 1090 2772 ἐπέκεινα,
1117 2709 1212 2780 τὴν
1237 2709 1500 2779 ἄτρεπτον
1527 2709 1619 2761 καὶ
1648 2707 1805 2774 ἀγέν-

232 2817 392 2872 νητον
417 2801 624 2864 οὐσίαν,
655 2800 832 2871 σάρκα
858 2801 1290 2872 περιϐεϐλημένη
1314 2801 1459 2872 ψυχὴ
1489 2801 1581 2852 καὶ
1605 2799 1804 2868 όφθαλ-

236 2894 329 2965 μοὶ
365 2893 572 2964 θνητῶν
604 2894 914 2959 ἐθεάσαντο,
950 2895 996 2947 εἰ
1039 2895 1112 2967 μὴ
1155 2897 1261 2965 ἄρα
1306 2894 1490 2964 σαφῶς
1531 2893 1806 2950 κάνταῦθα

234 2985 594 3040 ὑποϐαίνοντα
633 2987 725 3040 τοῦ
768 2987 967 3041 οἰκείου
1014 2988 1275 3058 μεγέθους
1313 2989 1401 3042 τὸν
1442 2988 1572 3042 Θεὸν
1610 2987 1799 3056 Λόγον,

1909 1802 2154 1858 videntes
2176 1809 2228 1856 te
2256 1800 2431 1854 territi
2454 1797 2631 1854 sunt?
2669 1815 2687 1846 ι
2727 1794 3028 1849 Salvatoris
3060 1792 3232 1846 nostri
3249 1789 3476 1844 descen-

1911 1911 2031 1952 sum
2087 1893 2155 1948 ad
2211 1891 2416 1948 inferos
2475 1888 2806 1961 significare,
2841 1902 2942 1942 suo
2993 1892 3234 1953 tempore
3255 1881 3481 1936 demon-

1909 1989 2224 2052 strabimus,
2259 1984 2486 2042 simodo
2517 1984 2620 2038 hoc
2643 1983 2764 2037 loco
2794 1981 2844 2035 id
2871 1995 3036 2033 unum
3070 1975 3437 2032 notaverimus
3463 1993 3474 2027 :

1908 2079 2019 2136 Deo
2049 2079 2226 2135 Verbo
2255 2077 2427 2148 magis
2453 2090 2613 2146 quant
2653 2073 2764 2128 Deo
2784 2071 2955 2138 Patri,
2976 2084 3096 2140 quae
3125 2067 3193 2122 ad
3230 2067 3373 2122 hunc
3401 2067 3479 2120 lo-

1908 2184 2030 2224 cum
2055 2168 2344 2239 pertinent,
2369 2182 2488 2220 esse
2507 2162 2812 2218 tribuenda.
2835 2159 2998 2232 258
3025 2157 3128 2214 Job
3152 2159 3336 2230 igitur,
3371 2158 3479 2212 sic-

1910 2269 1969 2316 ut
2016 2262 2178 2315 etiam
2219 2258 2412 2328 reliqui
2460 2264 2665 2326 patres,
2724 2254 2901 2324 ipsum
2959 2252 3106 2306 hunc
3134 2251 3202 2304 ab
3229 2249 3382 2303 initio
3413 2248 3480 2303 de

1908 2355 2120 2412 turbine
2163 2363 2217 2409 et
2256 2353 2492 2408 nubibus
2541 2349 2958 2420 respondentem
3017 2346 3120 2403 sibi
3166 2345 3475 2409 Dominum,

1907 2461 2090 2503 coram
2111 2460 2169 2502 se
2204 2446 2459 2500 intuitum
2493 2458 2614 2500 esse
2645 2443 2992 2506 testiﬁcatur,
3025 2437 3257 2491 dicens:
3295 2455 3314 2488 ι
3339 2435 3477 2490 Audi

1907 2553 2036 2594 vero
2057 2553 2163 2604 me,
2196 2537 2442 2602 Domine,
2503 2544 2564 2590 ut
2597 2536 2760 2589 etiam
2791 2549 2890 2608 ego
2925 2533 3139 2605 loquar,
3167 2540 3223 2587 et
3245 2528 3479 2586 intem)-

1908 2629 2047 2701 gabo
2088 2635 2164 2697 te,
2203 2635 2257 2684 et
2310 2637 2368 2684 tu
2411 2644 2498 2685 me
2551 2628 2745 2684 doceto
2779 2643 2791 2678 :
2826 2625 3016 2681 auditu
3061 2623 3280 2696 quidem
3329 2622 3479 2678 auris

1908 2719 2091 2777 audivi
2123 2729 2174 2776 te
2211 2721 2383 2792 prius,
2414 2736 2562 2776 nunc
2606 2729 2786 2774 autem
2816 2717 3012 2773 oculus
3046 2730 3200 2771 mens
3230 2713 3365 2768 vidit
3404 2722 3476 2768 te.

1908 2812 2173 2880 Quocirca
2197 2813 2358 2868 vilem
2387 2812 2553 2866 habui
2582 2813 2872 2882 meipsum,
2903 2817 2957 2865 et
2992 2806 3316 2879 liquefactus
3335 2821 3476 2868 sum,

1907 2913 1961 2960 et
1989 2903 2172 2975 putavi
2205 2903 2474 2974 meipsum
2509 2911 2710 2958 terram
2741 2908 2795 2956 et
2824 2901 3085 2956 cinerem.
3109 2917 3128 2952 ι
3171 2896 3276 2966 Qui
3299 2907 3477 2951 autem

1911 2995 2024 3050 fieri
2055 3002 2254 3066 potest,
2317 3003 2374 3050 ut
2423 3010 2738 3066 supremum
2783 2993 2974 3057 Deum,
3007 3000 3060 3048 et
3102 3006 3227 3046 eum
3267 2989 3360 3061 qui
3393 2996 3478 3044 est

231 3077 291 3132 ὃν
317 3078 581 3149 διαφόρως
603 3078 992 3150 ἀποδείκνυμεν
1023 3079 1243 3151 Κύριον,
1277 3079 1520 3151 εἴποιμεν
1565 3080 1632 3132 ἂν
1662 3097 1800 3152 παρ-

1910 3084 2042 3138 ultra
2073 3085 2276 3149 omnia,
2310 3058 2700 3140 immutabilem
2737 3085 2926 3154 utique
2969 3090 3024 3137 et
3061 3058 3360 3152 ingenitam
3387 3095 3474 3162 es-

236 3170 519 3232 ίστασθαι,
556 3169 631 3233 ὡς
665 3169 780 3222 ἔστι
819 3173 911 3223 καὶ
937 3169 997 3234 ἐξ
1039 3170 1214 3223 αὐτῶν
1259 3170 1367 3223 τῶν
1407 3169 1663 3241 χρησμῶν
1697 3187 1798 3240 μα-

233 3263 367 3326 θεῖν,
399 3263 466 3316 δι⁹
500 3255 574 3315 ὧν
614 3259 768 3326 αὖθις
798 3264 826 3314 ό
860 3262 1058 3333 Κύριος
1093 3263 1228 3334 πρὸς
1267 3263 1357 3316 τὸν
1401 3263 1519 3316 Ἰὼϐ
1557 3263 1626 3318 τά
1675 3265 1802 3334 περὶ

230 3351 327 3405 τοῦ
375 3351 616 3404 διαϐόλου
664 3351 738 3415 ὡς
792 3353 917 3424 περὶ
962 3351 1248 3424 δράκοντος
1299 3352 1447 3406 διιὼν
1495 3353 1798 3425 ἐπεχείρεις

237 3461 258 3496 ι
294 3443 368 3496 Οὐ
412 3441 650 3506 δέδοικας
695 3443 775 3496 ὅτι
805 3442 1126 3512 ἡτοίμασται
1168 3460 1295 3512 μοι;
1333 3461 1351 3494 ι
1381 3443 1653 3514 Δράκοντα
1695 3442 1804 3513 γὰρ

230 3532 560 3603 ἡτοιμάσθαι
586 3533 723 3603 ποίῳ
739 3531 924 3604 Κυρίῳ
949 3534 1210 3605 προσήκει
1235 3532 1493 3603 νομίζειν,
1525 3531 1556 3602 ἦ
1583 3531 1657 3602 τῷ
1687 3531 1804 3602 θεῷ

229 3627 390 3696 Λόγῳ
417 3627 507 3678 καὶ
548 3625 755 3696 Σωτῆρι
795 3624 948 3696 ἡμῶν
967 3665 981 3688 ,
1013 3625 1070 3688 ὃς
1098 3624 1188 3676 τὸν
1231 3622 1461 3696 ἄρχοντα
1494 3624 1586 3677 τοῦ
1615 3622 1806 3686 αἰῶνος

232 3717 445 3780 τούτου,
481 3715 644 3770 πάλαι
676 3716 936 3786 πρότερον
965 3713 1346 3785 πολιορκοῦντα
1374 3714 1435 3767 τὸ
1459 3713 1566 3768 τῶν
1602 3712 1808 3785 ἀνθρώ-

231 3828 350 3864 πων
382 3811 555 3877 γένος,
588 3807 822 3870 καθεῖλε,
852 3807 1018 3871 λύσας
1062 3807 1159 3873 τάς
1197 3807 1388 3872 ὠδῖνας
1416 3806 1508 3860 τοῦ
1547 3807 1802 3863 θανάτουο

225 3903 257 3955 ὃ
279 3902 378 3955 καὶ
402 3901 564 3965 αὐτὸς
591 3901 886 3971 παρίστησι
917 3902 1096 3972 φήσας
1114 3941 1128 3964 ,
1158 3921 1176 3952 ι
1213 3896 1413 3964 *Ηλθες
1433 3901 1476 3954 δ’
1507 3901 1600 3954 ἐπὶ
1627 3899 1807 3970 πηγὴν

228 3995 540 4065 θαλάσσης;
574 3997 630 4047 ὲν
654 3994 708 4048 δὲ
736 3996 931 4065 ἴχνεσιν
953 3995 1188 4048 ἀϐύσσου
1205 3997 1638 4067 περιεπάτησας;
1668 3994 1807 4049 ἀνοίυ

227 4103 420 4152 γονται
448 4085 506 4138 δέ
536 4101 617 4138 σοι
649 4084 797 4154 φόϐῳ
829 4084 993 4137 πύλαι
1026 4085 1290 4150 θανάτους
1319 4085 1556 4157 πυλωροί
1593 4085 1650 4138 δὲ
1681 4083 1805 4156 ᾅδου

231 4177 434 4240 ἰδόντες
481 4193 540 4229 σε
590 4176 866 4247 Επτηξαν;
909 4197 926 4228 ι
955 4176 1140 4230 Ταῦτα
1189 4176 1244 4229 δὲ
1278 4176 1502 4239 εἰκότως
1548 4176 1682 4248 πρὸς
1719 4176 1808 4231 τὸν

239 4270 364 4322 Ἰὼϐ
400 4268 723 4340 χρηματίζει
762 4267 898 4338 μετά
921 4267 1012 4321 τὸν
1045 4268 1215 4339 μέγαν
1247 4267 1568 4338 πειρασμὸν,
1621 4266 1680 4319 ὃν
1707 4267 1808 4320 ὑπ-

1901 3175 2152 3241 sentiam,
2185 3175 2364 3230 anima
2384 3176 2569 3232 induta
2597 3191 2844 3247 corpore,
2869 3183 2924 3230 et
2967 3175 3110 3230 oculi
3153 3173 3458 3228 mortalium

1902 3265 2083 3320 intuiti
2101 3265 2231 3330 sint,
2259 3267 2366 3322 nisi
2397 3267 2557 3338 plane
2603 3267 2706 3322 hoc
2761 3267 2925 3322 etiam
2955 3265 3098 3330 loco,
3147 3263 3328 3334 egredi
3393 3263 3460 3318 de

1903 3357 2119 3430 propria
2173 3359 2548 3430 magnitudine
2592 3357 2686 3415 Dei
2712 3357 2974 3425 Verbum,
3005 3358 3184 3428 ipsum
3231 3356 3323 3427 qui
3373 3354 3480 3410 Do-

1903 3450 2084 3505 minus
2127 3465 2251 3506 esse
2282 3490 2298 3514 ,
2351 3451 2518 3507 variis
2577 3450 2987 3507 demonstratur
3041 3449 3237 3514 modis,
3298 3462 3471 3518 eoque

1905 3542 2064 3596 modo
2089 3541 2346 3596 exhibere
2387 3557 2446 3597 se
2495 3541 2788 3598 videndum
2844 3543 3178 3608 dixerimus,
3215 3545 3476 3615 quemad-

1905 3633 2122 3690 modum
2152 3633 2279 3690 licet
2317 3634 2398 3689 vel
2447 3648 2513 3689 ex
2557 3635 2690 3705 ipsis
2737 3636 2978 3690 oraculis
3009 3635 3238 3702 discere,
3273 3636 3326 3690 in
3353 3635 3477 3705 quiv

1907 3727 2008 3782 bus
2036 3741 2230 3782 rursus
2256 3726 2371 3798 ipse
2394 3724 2658 3782 Dominus
2687 3727 2754 3782 ad
2810 3725 2913 3782 Job
2933 3742 2997 3782 ea
3042 3742 3162 3797 quae
3189 3728 3254 3782 ad
3284 3727 3475 3782 diabo-

1906 3818 2017 3872 lum
2066 3818 2356 3889 pertinent,
2419 3826 2678 3889 tanquam
2719 3818 2785 3874 de
2827 3818 3066 3873 dracone
3095 3833 3358 3873 enarrans
3395 3819 3472 3872 in-

1907 3907 2109 3975 stabat,
2167 3906 2323 3962 :Non
2357 3907 2516 3962 times
2573 3908 2828 3978 quoniam
2886 3917 3106 3977 paratus
3127 3917 3213 3963 est
3237 3906 3414 3961 mihi?
3453 3927 3470 3960 ι

1905 3997 2005 4053 Cui
2025 3999 2168 4054 enim
2203 3997 2450 4062 Domino,
2478 3998 2768 4054 draconem
2791 4007 3037 4069 paratum
3064 4015 3184 4055 esse
3223 3987 3472 4053 arbitrari

1906 4092 2182 4155 convenit,
2216 4091 2320 4146 nisi
2349 4091 2459 4147 Deo
2487 4089 2666 4146 Verbo
2702 4100 2755 4148 et
2785 4091 3050 4146 Salvatori
3078 4101 3284 4156 nostro,
3315 4106 3473 4163 quem

1905 4183 2203 4254 principem
2234 4183 2394 4253 hujus
2425 4184 2606 4240 saeculi
2646 4185 2968 4255 jampridem
2994 4201 3164 4256 genus
3195 4185 3473 4239 hominum

1907 4275 2320 4345 depopulantem
2356 4279 2599 4342 sustulit,
2641 4277 2924 4334 dissolutis
2951 4278 3144 4333 mortis
3167 4276 3470 4340 doloribus,

225 4361 436 4430 ἔμεινε,
470 4359 564 4414 καὶ
601 4359 805 4428 ἀγῶνα,
836 4359 1097 4414 διδάσκων
1132 4359 1310 4422 αὑτὸν,
1331 4360 1410 4412 δτι
1445 4359 1582 4430 ὑπὲρ
1609 4359 1804 4430 μέρους

1910 4361 2052 4458 quod
2099 4363 2316 4432 quidem
2376 4365 2576 4435 ipsum,
2639 4366 2756 4435 ipse
2796 4381 3012 4436 quoque
3059 4367 3205 4421 dicat
3263 4368 3472 4431 dicens,

225 4452 551 4522 ἠγώνισται,
593 4450 686 4504 τοῦ
723 4450 966 4522 μείζονος
1007 4453 1099 4505 καὶ
1147 4451 1529 4523 κραταιοτέρου
1569 4451 1800 4523 πολέμου

226 4545 326 4598 καὶ
358 4543 568 4612 ἀγῶνος
588 4542 736 4613 αὑτῷ
763 4541 842 4614 τῷ
871 4543 1060 4615 Κυρίῳ
1099 4543 1514 4614 πεφυλαγμένου
1544 4544 1684 4598 κατά
1713 4545 1802 4598 τὸν

226 4635 420 4707 καιρὸν
446 4635 543 4706 τῆς
575 4637 657 4699 εἰς
689 4635 779 4689 τὸν
808 4635 1031 4689 θάνατον
1059 4636 1224 4689 αὐτοῦ
1253 4635 1572 4706 παρουσίας.

1916 4471 1934 4504 ι
1972 4451 2178 4510 Venisti
2236 4471 2364 4512 vero
2421 4457 2488 4512 ad
2549 4456 2751 4512 fontem
2819 4459 3008 4523 maris,
3055 4467 3110 4514 et
3155 4460 3208 4513 in
3237 4458 3476 4527 vestigiis

1909 4547 2090 4618 abyssi
2133 4547 2526 4606 deambulasti?
2564 4551 2884 4622 aperiuntur
2934 4561 3113 4608 autem
3159 4552 3256 4606 tibi
3284 4553 3476 4607 timore

1907 4651 2076 4709 porta:
2107 4641 2341 4696 mortis?
2369 4651 2422 4695 et
2469 4641 2734 4711 janitores
2791 4641 3090 4698 inferorum
3138 4643 3382 4698 videntes
3425 4650 3476 4697 te

231 4729 406 4785 territi
442 4730 608 4782 sunt?
641 4746 659 4778 ι
692 4726 818 4781 Haec
866 4743 998 4783 sane
1052 4727 1242 4783 merito
1285 4728 1352 4782 ad
1401 4725 1504 4782 Job
1531 4728 1790 4798 loquitur,
1831 4737 1955 4799 post
2018 4747 2269 4802 magnam
2321 4734 2697 4798 tentationem,
2730 4740 2960 4804 postque
2986 4747 3239 4804 magnum
3301 4744 3471 4787 certa-

229 4840 358 4880 men
387 4823 529 4893 quod
560 4823 839 4883 sustinuit,
875 4822 1076 4878 docens
1111 4838 1256 4890 eum,
1303 4823 1449 4893 quod
1496 4839 1591 4893 pro
1640 4834 1792 4904 parte
1829 4827 2140 4896 certaverit,
2174 4843 2297 4882 eum
2364 4828 2581 4886 interim
2619 4828 2798 4899 majus
2828 4827 3129 4894 fortiusque
3166 4825 3363 4880 bellum
3420 4834 3474 4880 et

228 4923 509 4972 certamen
565 4915 667 4985 ipsi
694 4913 922 4970 Domino
946 4922 1270 4980 reservetur,
1301 4915 1406 4970 sub
1453 4922 1668 4984 tempus
1712 4915 1797 4970 sui
1836 4917 1902 4972 ad
1939 4926 2168 4976 mortem
2197 4919 2485 4977 adventus.

443 5010 456 5020 ο
2103 4997 2112 5018 Χ

747 5034 1141 5088 ΚΕΦΑΛΑΙΟΝ
1168 5037 1299 5090 KA'.

239 5123 387 5180 Ἀπὸ
438 5123 541 5178 τοῦ
589 5129 641 5192 ἰιν
689 5125 953 5196 ψαλμοῦ.
991 5156 1057 5165 -—
1095 5124 1210 5196 [Ως
1241 5126 1350 5180 δύο
1397 5130 1654 5196 κυρίους
1701 5130 1799 5184 καί

552 5199 584 5249 ό
617 5191 1014 5265 προκείμενος
1058 5191 1196 5250 οἶδέ
1219 5199 1480 5266 ψαλμός.

304 5306 324 5337 ι
369 5286 488 5340 Ὀτι
539 5286 626 5348 σὺ,
675 5285 866 5358 Κύριε,
896 5286 1048 5350 ἐλπίς
1085 5304 1206 5358 μου,
1250 5288 1339 5342 τὸν
1375 5288 1635 5358 Ὕψιστον
1681 5290 1802 5346 ἔθου

224 5378 546 5446 καταφυγήν
575 5393 688 5430 σου.
715 5379 788 5431 Οὐ
827 5378 1239 5449 προσελεύσεται
1264 5378 1398 5448 πρὸς
1426 5380 1484 5437 σὲ
1515 5379 1676 5445 κακά,
1710 5367 1804 5436 καὶ

223 5468 427 5539 μάστιξ
459 5469 557 5522 ούκ
580 5470 752 5538 ὲγγιεί
781 5469 856 5541 τῷ
880 5469 1191 5542 σκηνώματί
1224 5488 1315 5523 σου
1338 5489 1350 5500 ·
1383 5471 1462 5524 ὅτι
1496 5477 1604 5536 τοῖς
1635 5475 1801 5544 ἀγγέ-

296 5622 340 5653 ⁹¹
375 5621 477 5676 Joh
537 5640 763 5688 xxsvttt,
819 5624 1005 5681 1247.
1082 5629 1126 5657 ¹⁹¹
1166 5624 1268 5680 Job
1323 5641 1454 5690 XLII,
1487 5626 1599 5685 6-6.

2480 5039 2707 5096 CAPUT
2743 5040 2884 5097 XXI.

1906 5129 1948 5183 Δ
1977 5144 2044 5199 xc
2067 5131 2293 5191 psalmo.
2315 5163 2384 5172 --
2402 5131 2557 5200 Quod
2569 5132 2704 5188 duas
2743 5149 2998 5200 personas
3043 5132 3204 5187 etiam
3235 5130 3472 5200 proposi-

2361 5211 2445 5256 tus
2477 5205 2712 5275 agnoscit
2739 5203 2998 5272 psalmus.

1980 5311 1998 5344 ι
2030 5291 2296 5360 Quoniam
2350 5303 2428 5360 tu,
2477 5294 2723 5360 Domine,
2770 5310 2896 5364 spes
2943 5308 3082 5360 mea,
3129 5291 3470 5347 Altissimum

1902 5382 2132 5452 posuisti
2167 5382 2432 5454 refugium
2463 5394 2612 5440 tuum
2647 5402 2660 5439 :
2696 5399 2802 5439 non
2839 5379 3098 5437 accedent
3126 5379 3190 5433 ad
3226 5387 3278 5434 te
3308 5378 3470 5444 mala,

1901 5483 1962 5534 et
1983 5473 2247 5547 ﬂagellum
2281 5491 2391 5534 non
2443 5475 2900 5548 appropinquabit
2948 5473 3300 5530 tabernaculo
3331 5478 3466 5527 tuo:
