3916 6200
437 250 542 308 ιθὸ

1107 243 1371 299 EUSEBII
1411 241 1886 299 CASSARIENSIS
1914 239 2062 298 OPP.
2101 238 2280 294 PARS
2312 237 2374 294 ll.
2411 269 2482 280 —
2504 235 3002 293 APOLOGETICA.

3573 231 3680 287 ιοι

438 362 694 438 quoniam
727 362 928 432 angelis
953 359 1068 416 suis
1099 358 1372 413 mandavit
1405 360 1470 414 de
1507 367 1577 422 te,
1610 357 1773 430 249
1801 357 1854 410 in
1885 372 1992 410 ma-

2107 354 2213 417 λοις
2253 351 2416 407 αὑτοῦ
2455 353 2745 406 ἐντελεῖται
2792 350 2916 422 περ)⁸
2955 346 3069 402 σοῦ.
3107 346 3228 400 Ἐπὶ
3258 344 3456 416 χειρῶν
3479 341 3682 410 ἀροῦσί

441 458 602 516 nibus
645 456 832 509 tollent
885 461 956 514 te,
1013 468 1080 508 ne
1127 453 1345 522 quando
1376 451 1620 508 oﬂ‘cndas
1667 453 1732 507 ad
1767 452 1999 520 lapidem

440 550 625 621 pedem
657 555 842 608 tuum:
883 559 1046 615 super
1079 543 1323 614 aspidem
1350 552 1404 602 et
1441 544 1685 614 regulum
1713 543 1997 608 ascendes,

439 649 490 695 et
520 637 866 696 conculcabis
903 637 1112 692 leonem
1169 645 1222 690 ct
1268 636 1560 692 draconem
1591 637 1657 690 ⁸³.
1683 656 1700 688 ι
1741 635 1838 692 His
1869 652 2000 692 sane

439 733 608 792 utitur
671 729 893 786 vocibus
955 728 1225 791 diabolus,
1283 729 1337 782 in
1385 729 1681 784 tentatione
1737 728 2001 784 adversus

439 821 774 878 Salvatorem
817 828 1085 876 nostrum.
1119 819 1500 894 Coutemplare
1537 821 1627 876 hic
1656 821 1840 890 igitur,
1865 837 2002 891 quo-

439 927 560 974 nam
589 911 751 965 modo
785 911 1026 982 psalmus
1059 911 1127 964 ad
1153 911 1330 981 ipsum
1360 911 1647 966 Dominum
1669 913 1777 970 ait:
1810 931 1828 964 ι
1852 912 2001 979 Quo-

439 1005 580 1062 niam
609 1013 686 1066 tu,
729 1001 976 1065 Domine,
1027 1018 1152 1072 spes
1189 1018 1330 1068 mea,
1389 1004 1729 1059 Altissimum
1770 1007 2002 1074 posuisti

441 1092 703 1162 refugium
736 1101 910 1148 tuum.
946 1098 1027 1148 Tu
1079 1095 1222 1148 enim
1271 1096 1406 1164 ipse,
1453 1097 1648 1165 inquit,
1685 1111 1804 1152 mea
1853 1113 1999 1168 spes,

437 1199 469 1240 0
497 1185 743 1254 Domine,
781 1185 930 1239 illum
963 1201 992 1240 a
1022 1203 1128 1258 quo
1150 1187 1265 1258 ipse
1294 1204 1374 1252 es,
1406 1187 1578 1243 Deum
1621 1190 1798 1260 ipsum
1847 1192 2002 1244 altis-

441 1275 633 1331 simum
695 1283 748 1336 et
791 1291 1104 1352 supremum
1156 1285 1206 1331 et
1245 1286 1396 1332 tuum
1447 1277 1684 1342 Patrem,
1734 1278 2001 1350 refugium

442 1369 700 1445 posuisti,
731 1377 954 1440 propter
998 1368 1142 1440 quod
1174 1385 1280 1424 non
1325 1371 1584 1425 accedent
1636 1369 1704 1424 ad
1749 1379 1803 1426 te
1839 1373 1999 1437 mala,

442 1461 502 1516 ad
528 1468 602 1523 te.
635 1461 876 1530 inquam,
906 1477 1084 1516 meum
1133 1461 1443 1527 Dominum,
1493 1470 1546 1517 et
1588 1461 1854 1533 ﬂagellum
1895 1480 2000 1520 non

442 1554 896 1627 appmpinquabit
924 1556 1278 1612 tabernaculo
1306 1565 1419 1612 tuo.
1449 1576 1470 1609 ι
1497 1551 1634 1610 Nam
1663 1556 1767 1612 etsi
1809 1555 2002 1612 nefarii

442 1645 687 1710 homines
739 1647 1082 1702 conabuntur
1121 1659 1171 1704 te
1211 1649 1480 1703 hominem
1535 1648 1735 1703 factum
1778 1647 2004 1720 ﬂagellis

2110 462 2201 510 σε,
2235 447 2466 517 μήποτε
2494 445 2842 516 προσκόπτῃς
2872 441 3008 512 πρὸς
3047 438 3190 491 λίθον
3227 437 3362 491 πόδα
3393 454 3508 490 σου.
3551 437 3678 488 Ἐπὶ

2107 537 2307 591 ἀσπίδα
2337 537 2429 590 καὶ¹
2466 535 2774 608 βασιλίσκον
2807 533 3044 604 ὲπιὸήσῃ
3073 571 3088 594 ,
3132 530 3227 583 καὶ
3269 529 3678 598 καταπατήσεις

2106 627 2292 680 λέοντα
2312 627 2405 680 καὶ
2425 626 2710 698 δράκοντα.
2741 644 2760 675 ι
2790 622 3026 685 Ταύταις
3051 623 3080 673 6
3101 618 3346 682 διάϐολος
3366 617 3515 688 ἐντῷ
3534 616 3678 669 κατά

2105 718 2199 772 τοῦ
2231 718 2652 790 Σωτῆροςήμῶν
2686 713 2978 788 πειρασμῷ
3010 713 3275 784 κέχρηται
3297 712 3413 774 ταῖς
3441 710 3672 775 λέξεσιν.

2109 811 2247 882 Ὅρα
2278 810 2343 881 δὴ
2376 805 2468 864 οῦν
2497 810 2616 863 τίνα
2634 810 2834 881 τρόπον
2871 809 2900 862 ὁ
2945 807 3160 877 ψαλμὸς
3200 803 3338 874 πρὸς
3377 801 3534 855 αὑτὸν
3579 801 3674 852 τὸν

2107 901 2308 974 Κύριόν
2367 920 2561 974 φησιν·
2608 921 2626 953 ι
2675 903 2798 956 Ὅτι
2836 901 2900 954 σὺ
2925 941 2940 963 ,
2973 898 3172 969 Κύριε,
3208 895 3363 958 ἐλπίς
3399 912 3538 965 μου,
3580 892 3676 948 τὸν

2109 997 2368 1066 ’Υψιστον
2392 995 2512 1048 ἔθου
2545 995 2862 1064 καταφυγήν
2901 1009 3015 1045 σου.
3053 1011 3071 1042 ι
3111 990 3182 1043 Σὺ
3211 990 3319 1060 γὰρ
3345 986 3528 1049 αὐτὸς,
3566 1003 3676 1055 φησι

2109 1082 2213 1148 σίν,
2242 1083 2274 1154 ἡ
2301 1083 2406 1153 ἐμὴ
2436 1081 2609 1148 ἐλπὶς,
2637 1077 2683 1136 ὦ
2703 1081 2895 1151 Κύριε,
2946 1079 3164 1151 μείζονα
3191 1076 3408 1141 σαυτοῦ,
3431 1075 3522 1128 τὸν
3543 1073 3678 1128 Θεὸν

2107 1175 2268 1227 αὐτὸν
2295 1174 2384 1226 τὸν
2416 1173 2634 1244 ὕψιστον
2672 1175 2764 1228 καὶ
2793 1173 2883 1226 ἐπὶ
2921 1172 3135 1225 πάντων
3189 1170 3283 1223 καὶ
3326 1167 3528 1223 σαυτοῦ
3562 1168 3679 1221 Πα-

2107 1267 2258 1338 τέρα.
2292 1267 2611 1337 καταφυγὴν
2635 1265 2784 1319 ἔθουο
2815 1265 2880 1318 δι’
2904 1265 2963 1319 ὃν
2993 1265 3054 1316 οὐ
3085 1260 3506 1335 προσελεύσεται
3532 1259 3680 1311 κακά

2110 1354 2244 1424 πρὸς
2273 1355 2364 1415 σὲ,
2393 1352 2528 1425 πρὸς
2564 1354 2622 1406 σὲ
2667 1353 2756 1408 τὸν
2795 1353 2925 1424 ἐμὸν
2957 1351 3195 1422 Κύριον,
3231 1351 3323 1403 καὶ
3355 1347 3554 1419 μάστιξ
3579 1349 3679 1400 οὐκ

2108 1447 2281 1514 ἐγγιεῖ
2309 1445 2386 1516 τῷ
2419 1444 2732 1515 σκηνώματι
2757 1463 2867 1498 σου.
2905 1463 2924 1495 ι
2949 1443 3068 1497 Κᾶν
3100 1443 3210 1514 γάρ
3241 1441 3458 1505 ἀσεϐεῖς
3483 1440 3680 1510 ἄνδρες

2109 1537 2498 1608 ἐπιχειρήσωσι
2555 1535 3050 1608 ὲνανθρωπήσαντά
3101 1551 3163 1586 σε
3218 1531 3537 1605 μαστίζειν,
3574 1531 3679 1584 κᾶν

2109 1627 2187 1698 τῷ
2221 1628 2432 1698 θανάτῳ
2463 1628 2840 1699 παραδιδόναι,
2868 1627 2980 1681 ἀλλ’
2999 1627 3119 1680 οῦτι
3148 1643 3211 1694 γε
3245 1628 3278 1696 ή
3313 1627 3375 1678 ὲκ
3406 1623 3546 1678 Θεοῦ
3575 1625 3679 1694 μά-

441 1740 668 1805 c:edere,
700 1741 804 1797 etsi
843 1743 1004 1798 morti
1032 1741 1266 1808 tradere,
1320 1743 1633 1816 neutiquam
1689 1750 1869 1797 tamen
1899 1741 1997 1796 ηας

2107 1720 2219 1786 στιξ
2237 1719 2313 1790 τῷ
2335 1719 2412 1790 σῷ
2433 1721 2748 1790 προσεγγιεῖ
2769 1717 3104 1790 σκηνώματι,
3130 1717 3270 1771 τοῦτ’
3288 1717 3401 1769 ἐστι
3427 1717 3642 1785 σώματι
3661 1756 3676 1783 ς

441 1832 660 1909 gellum,
697 1832 840 1908 quod
887 1849 918 1895 a
945 1833 1055 1888 Deo
1083 1845 1186 1900 est,
1217 1841 1311 1894 tuo
1353 1835 1802 1906 appropinquabit
1823 1837 2001 1891 taber-

441 1923 784 1988 naculo,boc
800 1931 903 1989 est,
939 1935 1032 1979 tuo
1061 1926 1300 1996 corpori,
1351 1941 1460 1996 quo
1510 1927 1761 1982 videlicet
1783 1939 2005 1997 pr0pter

442 2011 544 2079 nos
575 2013 736 2072 homo
768 2014 968 2083 factus,
1010 2015 1236 2072 indutus
1283 2035 1362 2074 es.
1392 2018 1474 2073 Ad
1505 2019 1752 2074 eumdem
1780 2018 2000 2082 modum

439 2105 880 2167 accommodabis
946 2108 1017 2171 ei,
1051 2123 1170 2179 quae
1228 2109 1282 2164 in
1343 2117 1456 2166 toto
1484 2111 1693 2180 psalmo
1725 2110 2001 2176 dicuntur,

439 2211 560 2269 qua:
582 2211 715 2252 sane
749 2213 850 2253 nos
882 2213 1098 2271 quoque
1119 2215 1218 2262 suo
1259 2209 1500 2276 tempore
1535 2200 1920 2278 disquiremus,
1953 2209 2007 2258 et

439 2287 946 2370 contemplahimur.

998 2402 1228 2460 CAPUT
1276 2403 1439 2458 XXII.

438 2488 513 2554 Μ)
543 2488 692 2558 οισι.
709 2493 871 2556 -—De
893 2493 1002 2551 Deo
1042 2494 1206 2551 Verbo
1222 2507 1270 2552 et
1303 2495 1484 2562 Patre,
1513 2499 1648 2553 sicut
1674 2497 1737 2552 de
1759 2496 2000 2552 Domino.

510 2668 528 2700 ι
557 2648 677 2706 Non
727 2651 1097 2724 derelinquam
1152 2662 1211 2709 ut
1258 2655 1463 2712 deleam
1506 2655 1696 2719 Jacob,
1747 2657 2003 2728 quoniam

439 2737 583 2804 Deus
604 2758 703 2813 ego
739 2759 880 2812 sum,
907 2752 961 2800 et
982 2761 1090 2800 non
1124 2744 1288 2801 homo
1332 2748 1386 2801 in
1443 2755 1496 2802 te
1536 2757 1780 2814 sanctus,
1813 2757 1867 2806 et
1895 2765 2004 2804 non

437 2834 714 2904 ingrediar
765 2835 823 2890 in
883 2836 1161 2892 civitatem
1221 2854 1234 2888 :

437 2925 561 2980 labo
595 2926 661 2979 “.
695 2947 712 2980 ι
736 2925 835 2982 Hic
859 2935 912 2983 et
960 2943 1057 2998 per
1089 2929 1192 2982 alia
1239 2929 1323 2984 bis
1351 2931 1568 2997 similia,
1591 2929 1734 2986 Deus
1766 2930 2004 2988 Verbum

436 3014 600 3076 homo
617 3015 814 3082 lactus,
848 3018 914 3072 ad
946 3034 1042 3074 eos
1073 3019 1224 3084 dicit,
1259 3021 1351 3102 qui
1382 3021 1553 3075 virum
1583 3023 1799 3102 quidem
1825 3023 2002 3094 ipsum

1299 2845 1418 2908 post
1470 2837 1756 2894 Dominum
1812 2841 2006 2895 ambu-

2103 1807 2133 1862 ὃ
2177 1807 2414 1879 δηλονότι
2469 1809 2533 1862 δι’
2589 1811 2738 1880 ἡμᾶς
2777 1808 3199 1882 ὲνανθρωπήσας
3258 1806 3678 1878 περιϐέϐλησαι.

2106 1899 2324 1962 Τούτοις
2357 1900 2661 1964 ἀκολούθως
2693 1901 3021 1972 ὲφαρμόσεις
3061 1898 3208 1969 αὐτῷ
3238 1898 3303 1952 τὰ
3329 1898 3396 1950 δι’
3421 1898 3546 1951 ὅλου
3582 1897 3677 1952 τοῦ

2105 1986 2316 2058 ψαλμοῦ
2342 1989 2643 2060 δηλούμενα
2659 2033 2674 2056 ,
2708 1990 2744 2044 ἃ
2771 1991 2864 2045 καὶ
2881 1991 3032 2047 αὐτοὶ
3053 1989 3190 2047 κατά
3221 1989 3309 2042 τὸν
3331 1991 3531 2044 οἰκεῖον
3556 2005 3679 2044 και-

2108 2079 2200 2151 ρὸν
2237 2081 2700 2162 ὲπιθεωρήσομεν.

2609 2397 3004 2451 ΚΕΦΑΛΑΙΟΝ
3035 2398 3163 2452 KB'.

2120 2487 2262 2542 Ἀπὸ
2296 2489 2403 2543 τοῦ
2441 2485 2631 2553 Ὀσηέ.
2649 2517 2714 2526 —-
2732 2488 2869 2555 Περὶ
2921 2488 3026 2558 τοῦ
3052 2486 3198 2542 Θεοῦ
3228 2488 3414 2558 Λόγου
3437 2487 3532 2542 καὶ
3556 2488 3680 2543 τοῦ

2482 2557 2738 2625 Πατρός,
2767 2558 2847 2623 ὠς
2883 2557 3015 2624 περὶ
3049 2559 3291 2626 Κυρίου.

2183 2669 2200 2701 ι
2226 2649 2301 2704 Οὐ
2327 2650 2402 2722 μὴ
2417 2649 2790 2719 ἐγκαταλείψω
2814 2649 2907 2703 τοῦ
2931 2650 3304 2721 ἐξαλειφθῆναι
3331 2652 3421 2703 τὸν
3453 2649 3678 2715 Ἰακὼϐ,

2105 2741 2186 2796 δτι
2222 2740 2354 2808 Θεὸς
2381 2740 2490 2810 ἐγώ
2525 2744 2668 2812 εἰμι,
2703 2740 2798 2795 καὶ
2823 2741 2921 2794 οὐκ
2950 2741 3232 2814 ἄνθρωπος
3274 2743 3331 2794 ὲν
3372 2742 3454 2802 σοὶ
3496 2741 3679 2808 ἅγιος·

2106 2834 2197 2888 καὶ
2230 2834 2330 2886 οὐκ
2367 2833 2741 2904 εἰσελεύσομαι
2773 2835 2852 2897 είς
2882 2833 3035 2887 πόλιν
3059 2851 3073 2865 ·
3125 2833 3299 2888 ὀπίσω
3338 2834 3543 2904 Κυρίου
3577 2852 3679 2886 πο-

2109 2923 2387 2996 ρεύσομαι.
2424 2943 2442 2976 ι
2511 2923 2770 2979 Ἐνταῦθα
2795 2924 2890 2978 xui.
2926 2925 3012 2978 διά
3043 2923 3243 2978 τούτων
3276 2925 3306 2976 6
3339 2924 3469 2987 Θεὸς
3504 2925 3682 2993 Λόγος

2106 3016 2526 3088 ὲνανθρωπήσας
2599 3018 2734 3088 πρὸς
2777 3018 2904 3080 τοὺς
2942 3016 3226 3084 ἄνθρωπον
3275 3015 3435 3068 αὐτὸν
3493 3015 3679 3084 ἀγιον,

439 3117 710 3174 sanctum,
737 3126 845 3172 non
874 3118 1055 3164 autem
1082 3110 1250 3166 Deum
1281 3097 1402 3167 esse
1431 3099 1759 3170 conﬁtentur
1779 3133 1791 3168 :
1815 3134 1834 3168 ι
1860 3115 1997 3172 Deus

2107 3107 2218 3161 ἀλλ’
2243 3109 2304 3161 οὐ
2333 3107 2464 3162 Θεὸν
2517 3103 2652 3161 εἷναι
2708 3107 3101 3179 ὁμολογοῦντας
3131 3125 3143 3138 ·
3177 3125 3196 3158 ι
3228 3107 3360 3171 Θεὸς
3386 3107 3495 3176 ἐγώ
3521 3111 3642 3177 ειμι
3663 3150 3679 3173 ,

435 3215 536 3272 ego
597 3217 740 3266 sum,
792 3204 986 3275 inquit,
1041 3212 1094 3261 et
1138 3221 1247 3259 non
1302 3205 1463 3261 homo
1492 3205 1546 3259 in
1586 3213 1641 3261 te
1669 3214 1933 3264 sanctus:
1976 3228 1994 3262 ι

435 3291 630 3348 deinde
652 3294 742 3349 ubi
777 3281 944 3351 Deum
985 3296 1222 3366 seipsum
1249 3296 1406 3359 dixit,
1432 3295 1716 3352 Dominum
1745 3313 1806 3352 ac
1833 3297 2000 3354 Deum

436 3393 492 3440 et
523 3384 738 3442 Patrem
779 3403 937 3442 suum
961 3389 1189 3452 indicat,
1224 3389 1522 3460 adiungens
1555 3409 1566 3444 :
1601 3409 1619 3440 ι
1647 3391 1778 3446 Post
1812 3391 2000 3446 Domi-

436 3493 566 3540 num
599 3474 926 3534 ambulabo:
973 3500 991 3532 ι
1028 3479 1158 3534 illud
1183 3487 1362 3535 autem
1394 3495 1406 3532 :
1445 3499 1464 3532 ι
1494 3479 1613 3536 Νοη
1645 3482 1918 3554 ingrediar
1945 3484 2001 3539 in

437 3571 741 3635 civitatem,
773 3591 792 3624 ι
821 3571 1142 3642 abnegantis
1174 3587 1305 3627 sane
1339 3573 1500 3629 fuerit
1522 3590 1887 3640 communem,
1938 3593 2001 3632 ac

437 3661 754 3734 popularem
800 3661 1080 3716 hominum
1129 3664 1543 3734 rempublicam,
1599 3680 1628 3718 a
1685 3681 1791 3736 qua
1837 3668 1998 3722 etiam

437 3768 568 3807 suos
596 3752 895 3822 discipulos
942 3761 1214 3818 avertens,
1261 3755 1373 3809 ait:
1421 3774 1439 3804 ι
1475 3754 1532 3809 In
1567 3756 1709 3810 viam
1760 3761 1998 3827 gentium

437 3858 506 3908 ne
535 3842 801 3908 abieritis,
831 3850 885 3897 et
916 3843 972 3897 in
1017 3845 1289 3908 civitatem
1325 3843 1787 3914 Samaritanorum
1814 3864 1882 3904 ne
1913 3849 1999 3908 iu-

435 3934 712 4002 traveritis
739 3936 803 3990 ”.
835 3955 855 3998 ι

889 4049 1053 4122 250
1083 4049 1312 4119 CAPUT
1355 4050 1543 4122 XXIII.

435 4159 514 4227 4b
547 4161 728 4242 Amos:
762 4191 832 4242 5——
866 4162 946 4242 De_
969 4160 1243 4242 Saluatore
1263 4175 1472 4242 nostra,
1497 4167 1641 4242 sicut
1664 4169 1727 4232 de
1753 4167 1994 4242 Domino,

507 4240 556 4312 et
588 4230 652 4284 de
680 4229 864 4312 Patre,
899 4233 1033 4288 sicut
1063 4234 1127 4301 de
1157 4234 1263 4289 Deo
1293 4252 1311 4288 :
1341 4249 1390 4291 et
1438 4229 1502 4292 de
1531 4229 1842 4308 Judworum
1877 4229 2000 4312 gen1

505 4309 573 4352 tis
601 4309 888 4368 eversione,

2102 3200 2235 3272 φησὶ
2259 3241 2274 3263 ,
2329 3201 2421 3255 καὶ
2471 3201 2571 3255 οὐκ
2610 3201 2893 3274 ἄνθρωπος
2927 3203 2984 3256 ὲν
3019 3203 3100 3256 σοὶ
3125 3203 3298 3271 ἀγιος·
3336 3221 3354 3254 ι
3393 3197 3511 3254 εἶτα
3542 3201 3682 3254 Θεὸν

2101 3291 2262 3343 αὐτὸν
2304 3291 2472 3344 εἰπὼν
2496 3331 2510 3354 ,
2555 3291 2644 3345 τὸν
2681 3293 2773 3344 ἐπὶ
2805 3295 3020 3348 πάντων
3049 3295 3252 3365 Κύριον
3285 3294 3374 3348 καὶ
3408 3293 3542 3346 Θεὸν
3580 3295 3683 3346 καὶ

2102 3380 2328 3451 Πατέρα
2373 3379 2535 3434 αὑτοῦ
2575 3381 2760 3450 δηλοῖ,
2812 3383 3112 3452 ἐπιλέγωνο
3154 3404 3172 3436 ι
3216 3385 3418 3438 Ὀπίσω
3462 3385 3681 3456 Κυρίου

2103 3470 2452 3542 πορεύσομαι.
2478 3490 2495 3521 ι
2526 3472 2598 3524 Τὸ
2618 3472 2694 3536 δὲ,
2730 3491 2748 3522 ι
2782 3473 2894 3525 Οὐκ
2927 3473 3300 3545 εἰσελεύσομαι
3333 3475 3411 3537 είς
3440 3473 3616 3536 πόλιν,
3655 3493 3677 3524 ι

2101 3561 2432 3633 ἀρνουμένου
2455 3560 2520 3614 ἂν
2554 3562 2638 3633 εἴη
2667 3562 2767 3632 τὴν
2792 3562 2977 3634 κοινὴν
3007 3564 3100 3616 καὶ
3116 3563 3334 3633 δημώδη
3370 3560 3682 3632 ἀνθρώπων

2101 3652 2368 3704 πολιτείαν
2391 3668 2406 3682 ο
2449 3648 2518 3724 ἦς
2554 3653 2648 3704 καὶ
2681 3654 2806 3716 τοὺς
2846 3653 3006 3718 ίδίους
3047 3653 3293 3726 μαθητὰς
3327 3654 3678 3727 ἀποτρέπων,

2102 3742 2286 3812 φησίνο
2343 3762 2360 3794 ι
2396 3742 2489 3805 Εἰς
2511 3743 2626 3796 ὁδὸν
2653 3741 2820 3797 ἐθνῶν
2852 3744 2926 3816 μὴ
2955 3744 3256 3818 ἀπέλθητε,
3290 3745 3381 3799 καὶ
3412 3749 3492 3809 εἰς
3518 3745 3680 3799 πόλιν

2102 3835 2452 3919 Σαμαρειτῶν
2483 3834 2559 3921 μὴ
2592 3835 2886 3908 εἰσέλθητε.
2927 3855 2947 3890 ι

2605 4057 2997 4120 ΚΕΦΑΛΑΙΟΝ
3031 4057 3159 4111 Kl".

2112 4161 2260 4224 Ἀπῦ
2277 4168 2384 4224 τοῦ
2417 4169 2620 4238 Ἀμώς.
2640 4199 2709 4241 -έ
2737 4169 2873 4241 Περὶ
2921 4168 3027 4222 τοῦ
3058 4169 3330 4238 Σωτῆρος
3369 4169 3554 4240 ἡμῶν,
3591 4173 3676 4241 ὡς

2170 4241 2300 4308 περὶ
2330 4242 2571 4308 Κυρίου,
2607 4239 2822 4293 καὶτοῦ
2851 4241 3100 4308 Πατρός,
3122 4241 3201 4305 ὡς
3222 4243 3353 4308 περὶ
3376 4239 3546 4306 Θεοῦ,
3569 4239 3676 4299 καί

2169 4307 2277 4378 τῆς
2308 4309 2716 4364 τοῦἸουδαίων
2733 4310 2946 4375 ἔθνους
2974 4307 3419 4380 καταστροφῆς.

510 4407 531 4441 ι
570 4389 748 4444 Everti
774 4407 893 4457 vos,
948 4395 1089 4450 sicut
1141 4397 1337 4454 evertit
1362 4396 1505 4454 Deus
1537 4397 1771 4456 Sodoma
1803 4409 1858 4457 et
1899 4401 1997 4457 Go-

2175 4421 2193 4452 ι
2221 4402 2572 4473 Κατέστρεψα
2589 4403 2751 4472 ὑμᾶς,
2778 4400 2957 4465 καθὼς
2984 4402 3348 4473 κατέστρεψεν
3371 4405 3400 4456 ό
3418 4405 3549 4469 Θεὸς
3573 4406 3676 4460 Σό-

431 4481 654 4535 morrha
680 4501 694 4536 :
729 4490 783 4538 et
801 4483 924 4552 facti
954 4489 1088 4544 estis
1119 4490 1273 4558 quasi
1302 4491 1472 4546 torris
1503 4502 1722 4562 ereptus
1747 4511 1811 4549 ex
1848 4495 1992 4567 igne.

429 4570 496 4632 Et
517 4587 586 4627 ne
616 4573 695 4628 sic
719 4576 936 4644 quidem
968 4583 1215 4646 conversi
1249 4582 1380 4646 estis
1408 4583 1472 4636 ad
1521 4599 1628 4648 me,
1665 4583 1796 4642 dicit
1815 4585 1996 4639 Domi-

429 4679 534 4721 nus
549 4664 616 4718 ⁹⁶.
648 4685 666 4717 ι
705 4663 878 4721 Etiam
907 4668 1008 4725 hoc
1035 4671 1151 4726 loco
1176 4673 1292 4741 ipse
1314 4671 1592 4738 Dominus,
1622 4674 1784 4731 Deum
1810 4693 1998 4748 quem-

426 4755 552 4808 dam
585 4755 662 4812 ait
719 4754 1077 4828 Sodomorum
1120 4764 1420 4822 eversionis
1480 4774 1757 4822 auctorem
1799 4754 1988 4832 fuisse,

427 4860 554 4900 cum
584 4847 726 4904 alius
750 4848 820 4902 sit
871 4849 988 4928 ipse
1036 4850 1208 4910 Filius
1235 4872 1398 4924 quam
1437 4857 1484 4914 is
1527 4857 1595 4912 de
1623 4873 1731 4929 quo
1762 4859 1876 4929 ipse
1905 4860 1989 4915 Ιοο

425 4939 631 5010 quitur.
653 4938 822 4997 Porro
852 4932 907 5006 in
931 4945 1048 5014 ipsa
1073 4946 1435 5004 Sodomorum
1459 4937 1739 5006 eversione
1767 4939 1874 5008 duo
1897 4969 1992 5023 ap-

425 5040 640 5106 parent,
672 5036 891 5104 quando
915 5039 1054 5108 pluit
1074 5038 1335 5095 Dominus
1369 5043 1544 5112 iguem
1582 5059 1610 5096 a
1645 5043 1871 5100 Domino
1897 5062 1990 5100 su-

425 5135 520 5190 per
550 5120 786 5183 Sodoma
826 5135 880 5181 et
917 5126 1238 5184 Gomorrha.
1290 5130 1514 5197 Qualem
1568 5133 1752 5203 igitur,
1791 5135 1986 5205 inquit.

425 5212 659 5275 Sodoma
693 5218 765 5273 ob
789 5227 974 5290 turpes
997 5231 1161 5294 atque
1189 5225 1454 5281 absurdas
1483 5227 1811 5296 impietates,
1835 5244 1991 5296 ever-

427 5304 632 5361 sionem
661 5325 916 5380 perpessa
959 5324 1086 5370 sunt
1105 5318 1285 5381 ;'talia
1311 5333 1409 5373 vos
1436 5335 1654 5391 quoque
1687 5322 1986 5390 patiemini,

429 5409 487 5448 ac
523 5411 590 5452 ne
612 5400 691 5452 sic
724 5405 941 5472 quidem
997 5411 1248 5465 conversi
1304 5411 1438 5466 estis
1468 5412 1533 5466 ad
1561 5428 1666 5467 me.
1695 5413 1990 5470 Consuevit

425 5492 600 5551 autem
634 5486 938 5563 Scriptura,
969 5503 1183 5572 tempus
1205 5495 1446 5557 futurum
1467 5503 1623 5574 quasi
1658 5505 1988 5575 praeteritum

2101 4494 2237 4564 δομα
2276 4495 2368 4561 καὶ
2399 4494 2682 4568 Γόμορρα,
2714 4494 2808 4548 καὶ
2836 4493 3084 4563 ἐγένεσθε
3120 4493 3194 4558 ὡς
3244 4494 3398 4559 δαλὸς
3441 4497 3673 4562 ἐξεσπαο

2105 4585 2297 4655 σμένος
2327 4587 2392 4650 ὲκ
2417 4584 2605 4657 πυρός.
2644 4586 2751 4642 Καὶ
2791 4585 2896 4638 οὐδ’
2927 4584 3098 4650 οὕτως
3135 4587 3501 4659 ἐπεστρέψατε
3535 4590 3672 4660 πρός

2107 4693 2174 4747 με
2193 4715 2208 4741 ,
2233 4675 2381 4745 λέγει
2405 4675 2626 4748 Κύριος.
2669 4696 2687 4728 ι
2727 4677 3020 4741 Κάνταῦθα
3054 4677 3217 4742 αὐτὸς
3243 4682 3271 4732 6
3297 4678 3499 4751 Κύριος
3536 4680 3670 4733 Θεόν

2104 4767 2225 4821 τινά
2245 4785 2375 4838 φησι
2401 4769 2498 4842 τὴν
2525 4768 2617 4822 ἐπὶ
2628 4767 2873 4840 Σοδόμων
2892 4769 3270 4846 καταστροφὴν
3291 4771 3666 4842 πεποιηκέναι,

2095 4860 2279 4933 ἕτερος
2309 4850 2385 4924 ὢν
2423 4861 2622 4932 δηλαδὴ
2658 4843 2926 4932 τοῦπρὸς
2970 4843 3134 4916 αὐτοῦ
3167 4863 3516 4934 δηλουμένου.
3558 4866 3669 4919 Καὶ

2097 4954 2152 5005 ὲν
2185 4956 2247 5025 τῇ
2299 4954 2391 5007 ἐπὶ
2418 4954 2662 5025 Σοδόμων
2695 4955 2750 5007 δὲ
2783 4959 3126 5027 καταστροφῇ
3161 4956 3252 5008 δύο
3287 4956 3479 5028 Κύριοι
3529 4975 3670 5028 παρ-

2099 5045 2366 5110 ίστανται,
2393 5047 2481 5098 ὅτε
2511 5047 2726 5118 ἔϐρεξεν
2747 5049 2776 5100 6
2801 5047 3003 5116 Κύριος
3031 5047 3140 5120 πῦρ
3172 5048 3319 5118 παρὰ
3343 5049 3543 5120 Κυρίου
3574 5051 3668 5102 ἐπί

2097 5137 2303 5209 Σόδομα
2334 5138 2428 5192 καὶ
2453 5137 2719 5208 Γόμορρα.
2761 5138 2977 5202 Ὀποίαν
3005 5139 3318 5210 τοιγαροῦν,
3365 5141 3498 5210 φησὶ
3521 5181 3536 5204 ,
3575 5141 3662 5194 διὰ

2096 5229 2196 5292 τὰς
2225 5230 2488 5292 ἐκτύπους
2519 5228 2835 5292 δυσσεϐείας
2885 5230 3141 5299 ὑπέμεινε
3168 5231 3547 5302 καταστροφὴν
3596 5234 3660 5286 τὰ

2098 5321 2300 5392 Σόδομα
2321 5361 2335 5386 ,
2374 5320 2595 5375 τοιαῦτα
2623 5322 2716 5374 καὶ
2747 5321 2903 5393 ὑμεῖς
2921 5361 2936 5384 ,
2963 5315 3008 5374 ὣ
3046 5316 3208 5387 οὗτοι,
3242 5322 3495 5384 πείσεσθε
3518 5365 3534 5389 ,
3569 5325 3664 5378 καὶ

2095 5411 2200 5465 οὐδ’
2236 5411 2407 5475 οὕτως
2458 5413 2822 5484 ἐπεστρέψατε
2879 5413 3014 5482 πρός
3057 5431 3144 5485 με.
3197 5414 3432 5485 Σύνηθες
3477 5415 3536 5469 δὲ
3600 5419 3663 5486 τῇ

2096 5505 2283 5578 Γραφῇ
2314 5504 2374 5558 τὸ
2400 5505 2591 5576 μέλλον
2630 5507 2705 5571 ὡς
2740 5503 3107 5576 παρεληλυθὸς
3132 5505 3340 5581 δηλοῦν.
3373 5507 3536 5570 Ὥστε
3573 5508 3664 5562 καὶ

387 5625 396 5668 ⁷
491 5656 1018 5726 9’Psal.xc.9-I3.
1085 5659 1590 5728 "Ose.lx,9,10.
1669 5662 2106 5727 “Matlh.x,5.
2183 5664 2228 5694 σε
2256 5665 2421 5718 Amos
2453 5664 2653 5731 mu.
