3916 6200
250 215 359 270 ιο5

1164 199 1819 259 DEMONSTRATIONIS
1858 199 2309 256 EVANGELICrE
2351 200 2476 255 LIB.
2512 200 2576 258 ν.

3379 201 3478 254 Mlti

244 336 318 387 τὰ
360 331 599 404 παρόντα
629 331 828 403 ὁμοίως
858 329 959 401 χρὴ
1001 329 1162 393 νοεῖν,
1197 326 1327 381 ἀντὶ⁸
1375 326 1472 399 μὲν
1495 326 1610 391 τοῦ,
1653 343 1807 380 κατα-

1924 341 2141 396 ponere.
2198 325 2377 390 Quare
2429 324 2715 394 praesentia
2778 339 2993 395 quoque
3040 323 3225 378 eadem
3280 324 3485 377 ratione

244 426 487 499 στρέψω,
512 424 815 497 μέλλοντος,
845 421 936 475 τοῦ
957 422 1356 493 παρῳχημένου
1396 419 1709 492 εἰρημένου,
1729 418 1822 472 τοῦ

246 519 589 590 κατέστρεψα
609 534 623 548 ·
683 516 802 570 ἀντὶ
833 515 889 567 δέ
916 514 1028 578 τοῦ,
1060 512 1550 584 ἐπιστραφήσεσθε,
1578 509 1696 572 τοῦ,
1727 510 1824 562 ἐπ-

247 611 566 683 εστρέψατε,
590 608 861 679 κειμένου.
879 606 1059 659 Ταῦτα
1084 606 1139 659 δέ
1168 606 1302 677 πρὸς
1319 604 1379 658 τὸ
1394 605 1659 659 Ἰουδαίων
1674 606 1822 666 ἔθνος

250 702 622 760 ἀποτείνεται.
652 699 689 753 ἃ
719 700 812 754 καὶ
837 699 943 752 οὐδ’
970 698 1156 754 ἄλλοτε
1197 698 1229 767 ἢ
1275 698 1410 767 μετὰ
1434 697 1531 769 τὴν
1558 700 1699 753 κατὰ
1726 699 1818 752 τοῦ

249 793 505 865 Σωτῆρος
533 794 691 865 ἡμῶν
728 792 1017 863 ἐπιϐουλὴν
1053 792 1132 855 είς
1169 790 1365 854 αὐτοὺς
1403 788 1723 861 ἐπληροῦτο.
1762 791 1819 845 ’0

246 885 379 954 γοῦν
414 888 557 958 ίερὸς
589 885 767 941 αὐτῶν
802 885 896 939 καὶ
928 884 989 937 τὸ
1022 886 1150 955 πρὶν
1175 883 1327 952 ἆγιος
1355 882 1518 946 τόπος
1556 884 1636 947 είς
1663 881 1818 937 τοῦτο

246 976 343 1030 νῦν
371 976 693 1049 περιῆλθεν,
723 975 797 1039 ὡς
840 973 978 1028 κατὰ
1018 974 1182 1045 μηδὲν
1217 974 1315 1043 τῆς
1356 973 1604 1044 Σοδόμων
1650 990 1818 1026 κατα-

247 1071 486 1142 στροφῆς
511 1068 747 1122 ἀποδεῖν.
796 1067 939 1138 Πλὴν
975 1068 1154 1138 ὅμως,
1194 1066 1395 1136 καίπερ
1432 1064 1700 1118 ἀκόλουθα
1748 1068 1815 1136 τῇ

246 1164 547 1235 προρρήσει
584 1159 931 1224 πεπονθότες,
957 1160 1107 1213 οὔπω
1134 1161 1226 1213 καὶ
1264 1161 1341 1222 είς
1372 1157 1529 1229 δεῦρο
1553 1158 1651 1229 τὴν
1679 1157 1816 1228 πρὸς

245 1254 336 1308 τὸν
361 1253 594 1323 Χριστὸν
617 1253 710 1305 τοῦ
733 1251 887 1315 Θεοῦ,
921 1251 988 1303 δι’
1012 1250 1070 1304 ὃν
1100 1250 1269 1304 ταῦτα
1299 1249 1625 1305 πεπόνθασιν
1646 1289 1660 1312 ,
1694 1250 1814 1302 ἐπι-

248 1344 487 1417 στροφὴν
527 1344 849 1411 ἐποιήσαντο
872 1360 889 1376 ο
922 1343 996 1405 ὼς
1026 1342 1247 1405 εἰκότως
1280 1343 1373 1395 καὶ
1410 1340 1565 1395 τοῦτο
1591 1341 1680 1395 διὰ
1718 1343 1816 1411 τῆς

245 1437 308 1488 ἐν
349 1437 504 1507 χερσὶ
546 1435 896 1499 θεσπίζεσθαι
940 1434 1294 1505 προφητείας,
1321 1434 1579 1505 λεγούσης
1609 1451 1622 1465 ο
1664 1452 1682 1482 ι
1707 1434 1814 1488 Καὶ

243 1528 362 1581 οὐδ’
394 1527 560 1592 οὕτως
590 1526 958 1597 ἐπεστρέψατε
1003 1525 1137 1597 πρός
1169 1544 1258 1597 με,
1282 1526 1428 1595 λέγει
1458 1526 1679 1597 Κύριος.
1720 1544 1739 1577 ι

744 1787 1136 1841 ΚΕΦΑΛΑΙΟΝ
1194 1787 1315 1840 KA'.

258 1903 393 1957 ’Ἀπὸ
445 1902 551 1957 τοῦ
607 1902 886 1959 Ἀὄδειοῦ.
922 1933 991 1943 —
1030 1900 1168 1969 Περὶ
1225 1900 1343 1953 τῶν
1387 1899 1495 1954 δύο
1560 1900 1811 1968 Κυρίων,

281 1974 513 2042 Πατρός
545 1974 641 2026 καὶ
678 1972 833 2035 Υιοῦ,
860 1971 957 2026 καὶ
984 1971 1091 2039 τῆς
1120 1970 1236 2023 τῶν
1263 1969 1453 2025 ἐθνῶν
1481 1970 1773 2037 κλήσεως.

320 2104 341 2138 ‹
377 2088 605 2159 Ὀρασις
650 2088 910 2141 Ἀϐδειοῦ.
958 2086 1094 2141 Τάδε
1126 2085 1274 2153 λέγει
1308 2087 1508 2159 Κύριος
1552 2089 1619 2158 τῇ
1660 2086 1815 2140 Ἰδου-

248 2179 405 2250 μαίᾳ·
438 2180 630 2251 Ἀκοὴν
651 2182 855 2251 ῆκουσα
891 2179 1041 2251 παρὰ
1070 2179 1294 2252 Κυρίου,
1324 2179 1416 2232 καὶ
1449 2179 1705 2251 περιοχὴν
1737 2181 1815 2241 είς

244 2268 314 2319 τὰ
347 2266 473 2338 ἔθνη
504 2266 868 2331 ἐξαπέστειλε.
909 2288 926 2319 ι
965 2269 1166 2340 Κύριος
1205 2271 1232 2322 ό
1255 2268 1386 2331 Θεὸς
1413 2268 1581 2339 ἀκοὴν
1611 2270 1810 2339 ἢκουσε

246 2358 398 2430 παρὰ
452 2360 675 2430 Κυρίου.
724 2360 832 2414 Καὶ
872 2360 1010 2432 αῦτη
1038 2360 1094 2413 δὲ
1137 2356 1204 2430 ἦν
1234 2359 1360 2433 περὶ
1388 2359 1486 2430 τῆς
1511 2359 1616 2413 τῶν
1645 2360 1813 2414 ἐθνῶν

244 2450 509 2521 κλήσεως.

766 2563 1155 2617 ΚΕΦΑΛΑΙΟΝ
1194 2564 1320 2617 KE'.

255 2672 389 2745 Ἀπὸ
428 2673 883 2745 τοῦνΖαχᾳρίου.
908 2706 976 2715 -
1004 2677 1095 2741 Ὠς
1128 2679 1160 2729 ό
1197 2678 1341 2743 Θεὸς
1381 2677 1570 2745 Λόγος
1602 2676 1812 2743 Κύριος

311 2743 399 2867 (ἓν
441 2744 599 2869 ἱέρ’ὸς
645 2742 752 2801 fdi”)
807 2746 1074 2817 μείζονος
1122 2742 1493 2802 ἀπεστάλθαι
1540 2742 1821 2815 ὁμολογεῖ

366 2832 438 2883 υρ
540 2852 556 2869 .

317 2967 339 2999 σ
366 2948 503 3001 Τάδε
533 2947 680 3017 λέγει
710 2947 913 3020 Κύριος
958 2949 1368 3020 παντοκράτωρ·
1408 2948 1611 3001 Ὀπίσω
1655 2947 1810 3019 δόξης

240 3040 549 3095 ἁπέσταλκέ
586 3058 654 3112 με
684 3040 777 3094 ἐπὶ⁸
803 3041 871 3094 τά
902 3040 1030 3113 ἔθνη
1075 3042 1143 3096 τὰ
1186 3040 1556 3096 σκυλεύσαντα
1587 3043 1748 3115 ὑμᾶς.
1786 3062 1805 3094 ι
1837 3073 1879 3129 C

241 3133 357 3190 Εἶτ’
386 3136 634 3209 ἐπιφέρει
675 3137 811 3209 μετὰ
850 3137 1053 3211 βραχέα
1098 3138 1270 3206 λέγων
1292 3154 1305 3167 ·
1338 3157 1357 3189 ι
1390 3138 1497 3191 Καὶ¹
1541 3137 1811 3205 γνώσεσθε

238 3230 323 3282 ὅτι
351 3229 551 3300 Κύριος
585 3231 976 3302 παντοκράτωρ
1008 3230 1314 3284 άπέσταλκέ
1351 3248 1439 3301 με.
1479 3249 1497 3282 ι
1554 3231 1615 3283 EI
1649 3230 1741 3283 καὶ
1783 3231 1811 3282 ό

238 3320 580 3373 ἀποστέλλων
608 3321 808 3393 Κύριός
841 3325 956 3376 ἐστι
1010 3322 1423 3395 παντοκράτωρ,
1472 3323 1565 3376 καὶ
1614 3326 1643 3377 ό
1708 3324 1812 3376 άπ-

238 3410 496 3465 ισταλθαι
527 3412 697 3480 λέγων
724 3412 1003 3477 ὡσαύτως,
1036 3413 1127 3467 δύο
1151 3415 1276 3484 ἄρα.
1313 3412 1506 3482 Σαφῶς
1548 3413 1604 3466 δὲ
1650 3415 1678 3466 ό
1706 3414 1809 3467 ἀπ-

239 3504 607 3574 εσταλμένος,
649 3524 667 3555 ι
712 3504 917 3576 Κύριος
973 3506 1363 3578 παντοκράτωρ
1396 3507 1487 3558 ἐπὶ
1536 3506 1606 3560 τὰ
1653 3507 1807 3580 ἔθνη,

240 3598 427 3667 φησιν,
453 3596 760 3650 ἀπέσταλκε
790 3614 878 3667 με.
913 3616 931 3648 ›

756 3706 1149 3761 ΚΕΦΑΛΑΙΟΝ
1188 3708 1330 3774 κεῖν.

322 3819 591 3885 Ὀαύτὸς,
628 3818 725 3872 καὶ
759 3819 891 3888 περὶ
926 3816 1036 3887 τῆς
1066 3817 1185 3871 τῶν
1219 3816 1412 3873 ἐθνῶν
1437 3815 1733 3882 κλήσεως.

315 3931 563 4002 «Τέρπου
602 3931 697 3984 κα)⁸
718 3923 1037 4001 εύῳραίνου,
1069 3929 1307 4003 θύγατερ
1339 3930 1497 3995 Σιὼν,
1530 3928 1665 3983 διότι
1700 3928 1807 3981 ἰδοὺ

232 4022 348 4090 ἐγὼ
376 4023 627 4095 ἔρχομαι,
667 4023 762 4076 καὶ
807 4021 1211 4093 κατασκηνώσω
1241 4023 1298 4076 ἐν
1330 4022 1479 4093 μέσῳ
1519 4038 1633 4085 σου,
1662 4019 1807 4091 λέγει

236 4117 465 4188 Κύριος.
503 4116 611 4170 Καὶ
641 4116 1066 4185 καταφεύξονται
1094 4116 1221 4187 έθνη
1253 4114 1421 4167 πολλὰ
1454 4113 1548 4168 ἐπὶ
1577 4113 1668 4166 τὸν
1693 4110 1806 4166 Κύ-

236 4224 356 4278 ριον
390 4209 447 4260 ἐν
472 4210 539 4278 τῇ
566 4206 747 4277 ἡμέρα
772 4207 981 4278 ἐκείνῃο
1013 4207 1106 4259 καὶ
1131 4206 1341 4260 ἔσονται
1369 4202 1517 4275 αὐτῷ
1544 4205 1624 4267 είς
1658 4202 1803 4275 λαόν·

230 4301 328 4352 καὶ
347 4299 752 4368 κατασκηνώσει
769 4302 825 4351 ἐν
846 4299 994 4369 μέσῳ
1022 4315 1136 4363 σου,
1164 4299 1257 4351 καὶ
1282 4297 1485 4371 γνώσῃ,
1507 4296 1591 4350 ὅτι
1606 4295 1808 4367 Κύριος

231 4386 628 4458 παντοκράτωρ
649 4385 1015 4452 ἐξαπέσταλκέ
1040 4403 1105 4457 με
1138 4385 1273 4454 πρὸς
1301 4386 1360 4438 σέ
1378 4403 1425 4439 ⁸»
1464 4386 1554 4438 καὶ
1577 4385 1643 4437 τὰ
1658 4384 1804 4455 ἐξῆς.
1841 4430 1881 4484 D

230 4475 329 4542 Οἷς
360 4477 658 4549 μεθ’ἐτερα
685 4477 953 4546 ἐπιλέγει·
984 4496 1001 4528 ι
1027 4478 1136 4530 Καὶ
1163 4477 1474 4548 κατισχύσω
1505 4476 1701 4540 αὐτοὺς
1740 4479 1799 4530 ἐν

230 4570 424 4641 Κυρίῳ
445 4569 564 4640 Θεῷ
586 4569 781 4634 αὐτῶν,
800 4570 893 4622 καὶ
912 4571 970 4622 ἐν
989 4568 1067 4639 τῷ
1087 4569 1309 4640 ὀνόματι
1326 4568 1490 4622 αὑτοῦ
1512 4570 1805 4639 καυχήσον⁴

226 4680 351 4726 ται,
375 4662 518 4729 λέγει
545 4660 763 4732 Κύριος.
792 4681 810 4714 ι
846 4660 956 4714 Καὶ
976 4660 1145 4715 ταῦτα
1173 4663 1284 4726 τοῖς
1313 4660 1594 4732 προτέροις
1619 4663 1801 4731 ὃμοια,

227 4753 328 4823 τὴν
344 4752 438 4807 τοῦ
458 4752 689 4822 Χριστοῦ
714 4755 792 4816 είς
818 4752 1134 4825 ἀνθρώπους
1162 4752 1457 4824 παρουσίαν
1478 4754 1572 4807 καὶ
1591 4755 1688 4823 τὴν
1708 4770 1802 4818 γε-

230 4845 466 4917 νομένην
486 4844 593 4897 τῶν
619 4843 785 4897 ἐθνῶν
811 4847 1073 4915 σωτήριον
1102 4844 1168 4897 δι’
1195 4846 1356 4898 αὑτοῦ
1386 4845 1574 4916 κλῆσιν
1590 4846 1805 4914 ἀναφω-

227 4936 444 4990 νοῦντα·
467 4954 485 4987 ι
509 4934 648 5004 Ἐγὼ
667 4936 764 5006 μὲν
785 4932 876 4989 οὖν
889 4937 1045 4999 αὐτὸς
1068 4938 1095 4989 ὁ
1111 4936 1311 5008 Κύριος
1330 4936 1462 5007 ἥξω,
1486 4937 1667 5007 φησίν.
1686 4938 1809 4990 Ἐπὶ

226 5033 283 5085 δὲ
308 5035 375 5101 τῇ
410 5034 514 5103 ἐμῇ
544 5033 811 5104 παρουσίᾳ
831 5032 1011 5086 οὐκέθ’
1035 5034 1063 5085 ὁ
1090 5034 1255 5087 πάλαι
1288 5034 1520 5104 Ἰσραὴλ,
1551 5034 1658 5087 ἀλλ’
1685 5034 1804 5087 οὐδὲ

226 5125 288 5177 ἓν
316 5126 475 5194 μόνον
506 5126 598 5178 ἐπὶ
628 5127 731 5197 γῆς
750 5127 921 5191 ἔθνος,
946 5127 1070 5199 ἔθνη
1098 5128 1155 5182 δέ
1188 5127 1357 5181 πολλὰ
1376 5127 1803 5197 καταφεύξονται

226 5218 324 5269 ἐπὶ
354 5216 444 5269 τὸν
476 5218 759 5288 κρείττονα
800 5221 894 5273 καί¹
941 5216 1113 5289 μέγαν
1149 5219 1374 5291 Κύριον,
1422 5220 1514 5272 τὸν
1563 5220 1697 5289 ἐμοῦ
1743 5237 1801 5273 τε

176 5328 177 5331 η
225 5305 419 5369 αὐτοῦ,
452 5309 544 5359 καὶ
583 5307 691 5361 τῶν
731 5309 867 5362 ὅλων
898 5309 1049 5373 Θεὸν,
1084 5310 1168 5377 ἐφ’
1192 5309 1251 5361 δν
1288 5308 1356 5361 τά
1388 5309 1798 5378 καταφεύγοντα

223 5397 358 5469 ἔθνη
396 5398 660 5470 τοσαύτης
689 5400 934 5467 τεύξεται
975 5400 1309 5470 εὐεργεσίας,
1341 5401 1417 5463 ὡς
1458 5402 1552 5458 καὶ
1581 5419 1798 5473 χρημα-

224 5490 376 5544 τίσαι
427 5493 520 5546 καὶ⁸
558 5492 803 5561 γενέσθαι
862 5492 988 5547 λαὸν
1036 5493 1206 5559 Θεοῦ,
1255 5495 1575 5565 κατοικῆσαι
1626 5513 1685 5548 τε
1743 5497 1799 5548 ἐν

300 5648 343 5678 ⁵⁷
379 5647 519 5703 ΑΜ.
569 5664 622 5711 ι,
675 5648 718 5702 ι.

1926 425 2136 485 oportet
2166 415 2431 485 accipere,
2463 420 2521 468 ut
2538 414 2789 470 videlicet
2818 430 2917 484 pro
2941 429 3027 480 eo,
3057 412 3200 483 quod
3221 420 3485 476 evertam,

1925 509 2090 563 futuri
2118 507 2378 579 temporis
2398 507 2601 561 dictum
2635 507 2725 571 sit,
2762 506 2955 571 everti,
2986 506 3265 576 praeteriti,
3296 513 3349 560 et
3386 520 3487 575 pro

1922 613 2007 661 eo,
2043 600 2186 668 quod
2204 607 2286 653 est
2314 596 2715 654 convertimini.
2746 594 2994 650 conversi
3020 597 3176 650 estis.
3207 594 3332 649 Haec
3358 609 3487 649 vero

1922 698 2048 744 sunt
2074 689 2138 743 ad
2162 687 2472 742 Iudaeorum
2497 697 2707 757 gentem
2735 685 2936 741 directe
2961 686 3191 755 prolata,
3222 701 3343 755 quae
3361 688 3486 754 qui-

1920 783 2041 837 dem
2072 798 2180 838 non
2214 782 2369 846 alias,
2412 795 2574 850 quam
2627 787 2749 850 post
2780 778 2951 835 factas
2992 780 3254 834 adversus
3307 777 3487 831 Salva-

1918 880 2089 928 torem
2116 882 2366 929 nostrum
2428 870 2677 936 insidias,
2732 872 2786 925 in
2846 871 2994 941 ipsos
3021 871 3289 941 completa
3337 878 3483 925 sunt.

1920 962 2128 1019 Etenim
2155 979 2309 1020 sacer
2342 964 2586 1034 ipsorum
2625 969 2678 1018 et
2712 963 2864 1032 prius
2898 971 3120 1017 sanctus
3147 963 3300 1017 locus
3330 961 3396 1016 ad
3434 962 3486 1016 id

1921 1056 2171 1110 redactus
2196 1062 2301 1117 est.
2322 1064 2381 1109 ut
2405 1055 2554 1109 nulla
2582 1054 2634 1109 in
2680 1061 2832 1124 parte
2880 1070 2907 1107 a
2935 1053 3296 1109 Sodomorum
3332 1069 3488 1109 ever-

1918 1148 2071 1202 sione
2098 1145 2391 1217 discrepet.
2434 1145 2841 1210 Verumtamen,
2893 1147 2994 1201 etsi
3047 1161 3110 1201 ea
3155 1144 3300 1216 passi
3338 1155 3486 1209 sunt,

1917 1254 2039 1308 qua:
2070 1238 2126 1291 in
2160 1238 2424 1292 vaticinio
2480 1238 2584 1292 sibi
2622 1237 2876 1307 przedicta
2897 1248 3081 1308 aperte
3128 1238 3485 1308 perspiciunt,

1915 1328 2146 1383 necdum
2182 1328 2236 1381 in
2270 1327 2415 1381 hunc
2444 1343 2617 1398 usque
2634 1326 2774 1381 diem
2820 1326 2884 1380 ad
2912 1326 3189 1381 Christum
3220 1326 3333 1389 Dei,
3361 1344 3487 1397 pro-

1917 1430 2034 1492 pter
2091 1435 2250 1494 quem
2288 1421 2419 1474 talia
2476 1419 2767 1490 pertulere,
2822 1420 3033 1489 seipsos
3079 1427 3483 1474 converterunt.

1916 1511 2100 1583 Itaque
2121 1513 2316 1568 merito
2348 1512 2417 1567 ab
2446 1528 2532 1577 ea,
2569 1529 2691 1583 qum
2718 1528 2864 1566 nunc
2896 1513 2951 1566 in
2976 1512 3226 1565 manibus
3260 1519 3343 1566 est
3359 1527 3486 1580 pro-

1917 1602 2117 1671 phetia,
2153 1602 2204 1657 id
2235 1602 2495 1659 divinitus
2522 1602 2727 1657 dictum
2758 1610 2841 1656 cst
2868 1620 2880 1654 :
2909 1619 2925 1650 ι
2967 1602 3030 1655 Ει
3066 1615 3131 1654 ne
3165 1599 3244 1654 sic
3266 1597 3483 1669 quidem

1848 1686 1890 1740 Β
1919 1693 2165 1749 conversi
2193 1694 2327 1749 estis
2354 1695 2420 1747 ad
2456 1709 2563 1758 me,
2596 1693 2731 1748 dicit
2768 1692 3051 1747 Dominus.
3082 1711 3098 1741 ι

2367 1807 2524 1878 251
2563 1806 2793 1863 CAPUT
2839 1804 3029 1860 xxxv.

1916 1919 1993 1971 Ab
2022 1918 2217 1974 Abdia.
2246 1950 2316 1960 —
2350 1920 2426 1974 De
2459 1920 2661 1973 duobus
2699 1919 2959 1980 Dominis,
3002 1918 3159 1971 Patre
3199 1917 3394 1971 scilicet
3438 1928 3486 1972 et

2293 1989 2460 2055 Filio,
2484 2000 2532 2043 et
2558 1991 2789 2061 gentium
2823 1990 3109 2043 vocatione.

1991 2120 2009 2153 c
2045 2102 2195 2158 Visio
2220 2102 2427 2157 Abdiae.
2452 2100 2577 2156 Haec
2601 2102 2732 2155 dicit
2756 2100 3021 2157 Dominus
3054 2100 3122 2155 ad
3151 2099 3437 2155 Idumaaam
3470 2120 3484 2153 :

1914 2193 2175 2248 Auditum
2216 2194 2397 2249 audivi
2445 2209 2474 2247 a
2512 2192 2764 2254 Domino,
2798 2200 2853 2247 et
2886 2194 3244 2247 munitionem
3297 2193 3352 2247 in
3387 2208 3486 2246 na-

1916 2286 2090 2343 tiones
2136 2286 2407 2343 emisit".
2450 2306 2470 2339 ι
2496 2284 2759 2340 Dominus
2802 2283 2947 2341 Deus
2995 2284 3239 2339 auditum
3280 2283 3487 2339 audivit

1915 2394 1945 2433 a
1990 2379 2240 2435 Domino.
2294 2378 2347 2435 Is
2392 2393 2523 2434 vero
2549 2378 2771 2433 auditus
2802 2378 2905 2432 fuit
2935 2378 3001 2434 de
3041 2378 3281 2448 gentium
3326 2391 3486 2430 voca-

1914 2470 2084 2524 tione.

2491 2583 2718 2639 CAPUT
2758 2581 2924 2635 XXV.

1913 2697 1956 2749 Α
1986 2696 2271 2749 Zacharia.
2297 2728 2363 2735 —
2404 2695 2859 2763 Quemadmodum
2898 2694 3036 2748 Deus
3088 2694 3336 2758 Verbum,
3366 2709 3484 2748 cum

2043 2768 2110 2820 sit
2144 2767 2403 2821 Dominus
2467 2769 2687 2821 missum
2722 2784 2777 2821 se
2805 2784 2837 2819 a
2873 2765 3035 2819 Patre
3063 2766 3357 2819 conﬁtetur.

1991 2964 2010 2994 σ
2048 2943 2173 2999 Πιεε
2213 2945 2347 3000 dicit
2380 2943 2645 3000 Dominus
2667 2945 3015 3016 omnipotens
3050 2963 3061 2997 :
3095 2943 3225 3000 Post
3258 2943 3483 3013 gloriam

1913 3035 2061 3090 misit
2091 3052 2176 3091 me
2211 3036 2280 3091 ad
2318 3045 2527 3108 gentes,
2558 3053 2676 3107 qua:
2709 3036 3031 3106 depraedataa
3067 3046 3194 3091 sunt
3237 3050 3333 3091 vos
3354 3035 3420 3089 ⁵⁸.
3461 3054 3479 3086 ι

1913 3125 2118 3182 Deinde
2153 3126 2397 3199 adjungit
2437 3136 2559 3198 post
2608 3142 2780 3199 pauca
2817 3168 2832 3192 ,
2865 3127 3051 3182 dicens
3091 3147 3102 3180 :
3147 3146 3165 3178 ι
3198 3127 3262 3181 Et
3284 3140 3484 3196 cogno-

1916 3220 2081 3297 saetis
2125 3220 2273 3290 quod
2321 3219 2580 3274 Dominus
2637 3220 2985 3290 omnipotens
3042 3220 3189 3275 misit
3236 3235 3321 3274 me
3346 3218 3415 3274 ".
3458 3236 3478 3271 ι

1911 3310 2065 3378 Quod
2096 3311 2142 3366 si
2174 3314 2220 3367 is
2258 3310 2521 3367 Dominus
2548 3313 2640 3381 qui
2675 3314 2860 3377 mittit,
2899 3311 3160 3366 Dominus
3197 3320 3279 3365 est
3306 3310 3484 3365 omni-

1912 3413 2125 3474 potens,
2169 3411 2224 3458 et
2270 3404 2362 3473 qui
2410 3404 2542 3458 dicit
2579 3419 2639 3458 se
2687 3404 2915 3459 missum
2963 3420 3086 3459 esse
3134 3403 3341 3467 itidem,
3375 3401 3483 3456 duo

1911 3496 2095 3567 igitur.
2146 3494 2425 3566 Siquidem
2470 3497 2628 3566 plane
2657 3496 2749 3566 qui
2778 3497 2981 3552 missus
3021 3503 3127 3560 est,
3166 3513 3184 3546 ι
3225 3494 3483 3550 Dominus

1910 3595 2279 3664 omnipotens,
2312 3593 2509 3663 inquit,
2542 3593 2608 3647 ad
2632 3604 2819 3663 gentes
2852 3593 3001 3649 misit
3031 3609 3138 3648 me.
3178 3613 3196 3644 ι

2470 3705 2698 3761 CAPUT
2740 3705 2929 3763 XXVI.

2153 3817 2322 3883 Idem,
2354 3818 2547 3872 iterum
2583 3816 2646 3871 de
2684 3818 2954 3871 vocatione
2979 3818 3230 3885 gentium.

1984 3953 2002 3986 ι
2043 3931 2229 3987 Gaude
2254 3940 2309 3988 et
2331 3932 2536 3994 laetare,
2566 3930 2672 3985 ﬁlia
2700 3929 2853 3995 Sion,
2880 3930 3006 4001 quia
3030 3945 3158 3986 ecce
3179 3946 3279 4002 ego
3300 3934 3478 3999 venio,

1907 4031 1963 4079 et
1993 4024 2249 4077 habitabo
2285 4024 2342 4079 in
2375 4021 2553 4077 medio
2586 4022 2689 4087 tui,
2720 4022 2851 4076 dicit
2883 4021 3166 4078 Dominus.
3186 4021 3253 4077 Et
3284 4024 3480 4078 contu-

1908 4116 2056 4186 gient
2082 4122 2270 4185 gentes
2301 4114 2484 4169 multae
2504 4113 2570 4167 ad
2593 4112 2881 4169 Dominum
2906 4114 2960 4169 in
2993 4115 3078 4170 die
3105 4115 3216 4177 illa.
3239 4122 3293 4171 et
3320 4127 3480 4171 erunt

1908 4208 1985 4260 illi
2009 4208 2063 4261 in
2100 4207 2380 4278 populum,
2414 4215 2468 4262 et
2490 4206 2750 4262 habitabo
2776 4206 2828 4260 in
2861 4207 3039 4262 medio
3072 4209 3173 4271 tui,
3195 4217 3251 4264 et
3277 4224 3481 4280 cognoo

1909 4316 2031 4356 sees
2060 4301 2204 4370 quod
2235 4300 2499 4354 Dominus
2522 4303 2869 4370 omnipotens
2901 4300 3048 4355 misit
3077 4316 3161 4354 me
3191 4300 3259 4356 ad
3290 4309 3343 4356 te
3378 4302 3418 4367 ί,
3455 4320 3474 4353 ι

1909 4401 2013 4448 etc.
2055 4392 2265 4459 Quibus
2298 4399 2422 4462 post
2466 4392 2571 4444 alia
2614 4391 2860 4461 adjungit
2903 4410 2916 4445 :
2954 4410 2971 4442 ι
3010 4392 3075 4446 Ει
3114 4395 3482 4450 corroborabo

1910 4502 2005 4542 eos
2060 4488 2113 4540 in
2161 4484 2389 4541 Domino
2438 4483 2550 4538 Deo
2602 4469 2956 4555 ipsorurﬁ,et
3008 4485 3063 4538 in
3097 4487 3319 4541 nomine
3360 4487 3481 4555 ejus

1905 4581 2305 4652 gloriabuntur,
2336 4578 2470 4635 dicit
2504 4577 2765 4633 Dominus
2795 4580 2835 4633 ².
2873 4598 2892 4630 ι
2933 4577 3055 4633 Haec
3087 4595 3303 4650 quoque
3334 4583 3481 4649 prio-

1910 4673 2062 4727 ribus
2100 4672 2298 4727 similia
2330 4678 2481 4733 sunt,
2517 4685 2638 4740 quae
2661 4669 2862 4724 Christi
2897 4669 2963 4723 ad
2999 4670 3246 4725 homines
3276 4672 3480 4725 adven.

1910 4772 2047 4827 tum,
2107 4770 2161 4818 et
2218 4764 2511 4818 salutarem
2559 4760 2797 4816 futuram
2869 4762 3123 4831 gentibus
3174 4762 3334 4832 252
3385 4778 3480 4832 per

1910 4857 2085 4925 ipsum
2105 4854 2462 4917 vocationem,
2480 4855 2657 4924 palam
2679 4855 2964 4908 ennntiant
2984 4872 3026 4907 ει
3058 4852 3169 4923 Ego
3187 4855 3480 4924 igituripse

1910 4947 2173 5002 Dominus
2214 4947 2451 5012 veniam,
2488 4948 2685 5018 inquit,
2726 4957 2782 5004 et
2828 4950 2881 5003 in
2936 4964 3056 5003 meo
3089 4950 3324 5003 adventu
3368 4964 3476 5004 non

1905 5040 2137 5109 amplius
2166 5040 2257 5095 ille
2303 5041 2561 5111 antiquus
2590 5040 2789 5106 Israel,
2825 5057 2887 5096 ac
2923 5058 2990 5096 ne
3024 5057 3129 5096 una
3159 5041 3378 5110 quidem
3421 5042 3477 5096 in

1903 5140 2050 5184 terra
2072 5146 2228 5195 gens,
2250 5129 2345 5185 sed
2367 5132 2758 5202 multaagentes
2775 5131 3112 5202 confugient,
3132 5129 3198 5184 ad
3213 5142 3474 5201 praestan-

1903 5220 2096 5274 tiorem
2128 5228 2182 5275 et
2219 5235 2475 5293 magnum
2518 5220 2805 5277 Dominum
2828 5263 2843 5289 ,
2875 5224 2967 5293 qui
2993 5231 3047 5277 et
3081 5237 3235 5277 meus
3277 5224 3472 5293 ipsius,

1905 5320 1958 5367 et
1998 5312 2237 5367 universi
2280 5320 2367 5368 est
2410 5313 2577 5378 Deus,
2626 5315 2694 5369 ad
2740 5330 2901 5384 quem
2955 5313 3335 5385 confugientes
3369 5332 3472 5372 na-

1905 5402 2080 5458 tiones
2140 5409 2352 5456 tantum
2405 5413 2813 5472 consequentur
2861 5394 3225 5471 beneﬁcium,
3291 5413 3352 5463 ut
3412 5414 3469 5460 et

1906 5496 2246 5565 appellentur
2274 5503 2330 5551 et
2357 5495 2467 5551 sint
2499 5497 2733 5566 populus
2765 5498 2885 5565 Dei,
2915 5507 2970 5554 et
3000 5497 3245 5557 habitent
3271 5498 3329 5557 in
3359 5514 3478 5558 mh

796 5649 841 5679 ³⁸
872 5647 1034 5704 Zach.
1069 5664 1127 5714 II,
1164 5651 1218 5706 8.
1292 5650 1337 5682 "
1384 5650 1513 5707 ibid.
1552 5652 1603 5705 9.
1688 5651 1700 5680 '
1740 5652 1807 5707 ibi

1918 5652 2003 5719 10,
2040 5652 2127 5707 Η.
2207 5653 2224 5682 ³
2258 5650 2423 5706 Zaeli.
2462 5669 2512 5717 ι,
2544 5652 2639 5715 PZ.
