3916 6200
470 229 578 286 407

1174 220 1440 282 EUSEBH
1469 216 1946 277 CIESARIENSIS
1979 216 2124 273 OPP.
2162 215 2340 270 PARS
2377 215 2441 270 ll.
2483 246 2549 258 -
2586 213 3088 272 APOLOGETICA.

3589 205 3696 264 603

468 352 560 407 dio
607 347 726 419 ejus
752 362 869 418 qua:
912 354 1136 400 vocatur
1152 343 1259 399 lilia
1293 323 1458 398 Sion:
1479 362 1496 393 ι
1533 340 1645 410 (Sic
1689 339 1831 394 enim
1865 336 1956 391 Dei
1989 335 2016 388 i1

2153 337 2300 407 μέσῳ
2341 337 2437 406 τῆς
2479 333 2812 404 καλουμένης
2859 332 3124 401 θυγατρὸς
3159 330 3296 383 Σιὼν
3351 347 3369 378 ι
3409 329 3587 419 (Οὕτω
3635 329 3693 380 δὲ

471 444 612 493 terra
652 436 945 490 Ecclesiam
973 474 988 498 ,
1015 435 1169 504 quasi
1205 434 1367 488 ﬁliam
1403 431 1687 501 quamdam
1718 430 1857 498 ejus,
1909 443 2030 498 qua:

470 530 520 581 in
571 527 709 582 caelo
746 533 848 586 cst,
884 541 1054 580 sacrae
1101 524 1318 579 Litterae
1346 528 1541 578 voeare
1583 521 2026 590 consueverunt.)

470 617 616 670 Hanc
650 616 814 670 etiam
847 617 1009 672 veluti
1053 617 1195 671 bono
1235 620 1424 671 nuntio
1453 617 1684 686 gaudere
1711 614 1861 685 jubet
1889 631 2028 669 ora-

467 709 670 771 culum,
701 708 926 762 dicens:
963 726 981 758 ‹
1019 707 1206 763 Gaude
1235 715 1286 761 et
1333 709 1534 770 laetare,
1575 708 1679 760 tilia
1723 707 1874 770 Sion,
1899 723 2026 761 ecce

467 814 563 868 ego
604 802 791 860 venio,
837 809 889 852 et
923 799 1176 852 habitabo
1221 800 1274 852 in
1321 798 1496 854 medio
1527 798 1623 852 tui.
1687 818 1704 850 ι
1743 800 1799 853 In
1849 799 2026 853 medio

466 891 606 943 enim
639 889 895 945 Ecclesiae
927 888 1092 944 Deum
1145 889 1378 945 Verbum
1427 889 1672 944 habitare
1706 889 2020 945 credimus:

466 980 920 1050 quemadmodum
981 981 1096 1049 ipse
1147 981 1422 1050 pollicitus
1473 991 1554 1035 est
1585 1020 1598 1043 ,
1659 996 1780 1034 cum
1838 979 2018 1034 dixit:

471 1089 488 1121 ε
531 1069 671 1124 Ecce
721 1085 822 1140 ego
860 1069 1136 1126 vobiscum
1188 1087 1307 1126 sum
1351 1086 1544 1127 omnes
1591 1071 1727 1135 dies,
1760 1087 1928 1140 usque
1955 1069 2022 1125 ad

464 1163 983 1215 consummationem
1007 1161 1190 1216 saeculi
1227 1161 1266 1227 ³,
1319 1183 1336 1216 ι
1373 1171 1421 1216 et
1450 1181 1463 1214 :
1490 1180 1507 1211 ι
1545 1159 1647 1216 Ubi
1677 1161 1784 1215 duo
1801 1167 1892 1214 aut
1915 1171 2024 1215 tres

464 1250 775 1320 congregati
801 1259 927 1306 sunt
956 1251 1009 1305 in
1035 1253 1253 1306 nomine
1285 1267 1426 1314 meo,
1466 1253 1575 1306 illic
1613 1267 1730 1306 sum
1767 1253 1818 1305 in
1846 1251 2023 1306 medio

464 1341 832 1399 eoruni‘.u—c
870 1342 1003 1397 Cum
1039 1354 1216 1398 autem
1255 1361 1375 1414 ego,
1397 1344 1570 1414 inquit
1597 1345 1710 1414 ipse
1740 1343 2018 1409 Dominus,

464 1445 682 1496 venero,
723 1441 776 1485 et
831 1432 1083 1488 habitabo
1133 1436 1184 1489 iu
1224 1435 1400 1489 medio
1439 1436 1542 1499 tui,
1573 1454 1591 1487 ι
1623 1433 1880 1502 majorem
1905 1441 2019 1488 tum

465 1523 826 1592 cognitionem
875 1524 942 1578 tle
989 1524 1097 1579 Deo
1145 1527 1513 1594 omnipotente
1567 1526 1800 1594 accipies
1840 1543 1852 1578 :
1891 1523 2018 1578 dum

464 1628 562 1682 ego
600 1613 859 1670 Dominus
883 1630 1124 1675 causam.
1157 1632 1256 1668 cur
1288 1616 1354 1670 ad
1394 1616 1640 1669 homines
1665 1616 1864 1670 missus
1892 1615 2016 1678 sim,

2131 426 2226 498 τὴν
2261 427 2350 478 ἐπὶ
2383 426 2484 496 γῆς
2519 425 2839 494 Ἐκκλησίαν
2884 425 2976 478 τοῦ
3007 423 3176 486 Θεοῦ,
3216 422 3401 490 ὣσπερ
3431 418 3551 472 τινὰ
3599 419 3694 470 θυ-

2127 517 2333 588 γατέρα
2395 517 2756 584 τυγχάνουσαν
2809 515 2906 585 τῆς
2955 513 3298 586 ἐπουρανίου,
3359 514 3470 574 τοῖς
3522 512 3690 580 ἱεροῖς

2135 607 2422 680 Γράμμασι
2453 605 2741 660 ἀποκαλεῖν
2787 605 2980 674 φίλον.)
3029 604 3245 675 Ταύτην
3291 603 3348 656 δὲ
3391 603 3482 654 καὶ
3525 603 3694 668 εὐαγ-

2124 698 2396 768 γελίζεται
2430 699 2491 752 τὸ
2516 698 2721 766 φάσκον
2756 696 2963 766 λόγιον·
2999 715 3017 747 ι
3053 698 3223 767 Χαῖρε
3257 694 3346 748 καὶ
3375 695 3686 764 εὐφραίνου,

2125 791 2358 863 θύγατερ
2391 789 2546 854 Σιὼν,
2572 791 2702 844 διότι
2735 788 2841 844 ίδοὺ
2875 787 3120 860 ἔρχομαι,
3155 787 3250 841 καὶ
3282 783 3690 853 κατασκηνὼσω

2123 885 2181 937 ἐν
2219 883 2366 954 μέσῳ
2401 899 2516 936 σου.
2550 901 2568 933 ι
2631 883 2718 935 Ἐν
2761 880 2908 952 μέσῳ
2950 878 3059 952 γὰρ
3104 880 3202 950 τῆς
3232 876 3554 947 Ἐκκλησίας
3595 875 3692 928 τδν

2121 971 2252 1025 Θεὸν
2307 971 2476 1040 Λόγον
2523 970 2893 1041 κατασκηνοῦν
2945 968 3416 1038 πεπιστεύκαμεν-ν
3439 966 3514 1029 ὡς
3559 965 3694 1036 γοῦν

2121 1065 2214 1118 καὶ
2246 1063 2571 1136 ἐπήγγελται
2605 1066 2784 1134 φήσας
2807 1081 2820 1093 ·
2851 1083 2870 1116 ι
2913 1063 3042 1117 Ἰδοὺ
3082 1061 3191 1131 ἐγὼ
3224 1061 3340 1132 μεθ’
3380 1059 3536 1131 ὑμῶν
3576 1061 3696 1129 είμι

2121 1155 2296 1218 πάσας
2327 1155 2424 1218 τὰς
2459 1154 2669 1226 ἡμέρας
2701 1155 2804 1218 ἕως
2831 1154 2929 1224 τῆς
2961 1153 3266 1216 συντελείας
3288 1151 3380 1205 τοῦ
3419 1151 3634 1214 αίῶνος·
3666 1169 3692 1202 ι

2120 1247 2232 1298 καί·
2266 1247 2468 1297 «Ὅπου
2501 1243 2646 1314 δύοῆ
2670 1247 2816 1315 τρεῖς
2838 1242 3158 1313 συνηγμένοι
3191 1244 3324 1295 εἰσιν
3356 1243 3434 1303 εἰς
3461 1241 3524 1294 τὸ
3559 1241 3696 1307 ἐμὸν

2119 1336 2308 1406 ὄνομα,
2323 1337 2438 1389 ἐκεῖ
2452 1339 2564 1405 είμι
2581 1339 2637 1389 ἐν
2653 1336 2800 1407 μέσῳ
2817 1336 3013 1390 αὐτῶν.
3029 1353 3150 1386 ›-ι
3172 1335 3416 1388 Ἐπειδὰν
3439 1335 3497 1387 δέ
3518 1333 3652 1401 ἐγὼ,
3667 1352 3690 1383 ι

2120 1427 2281 1496 φησὶν
2311 1425 2470 1489 αὐτὸς
2500 1429 2527 1478 ὁ
2551 1424 2772 1497 Κύριος,
2797 1444 2813 1475 ι
2850 1423 3016 1478 ἐλθὼν
3032 1424 3433 1494 κατασκηνώσω
3461 1427 3520 1477 ἐν
3540 1425 3694 1494 μέσῳ

2122 1533 2235 1580 σου,
2262 1538 2278 1568 ο
2321 1516 2539 1586 μείζονα
2567 1517 2685 1569 τότε
2713 1517 2910 1584 γνῶσιν
2943 1519 3068 1587 περὶ
3096 1517 3188 1570 τοῦ
3219 1516 3350 1571 Θευῦ
3377 1515 3693 1587 παντοκρά-

2118 1627 2275 1679 τορος
2321 1609 2592 1681 ἀναλήψῃ,
2622 1609 2755 1680 ἐμοῦ
2791 1609 2884 1662 τοῦ
2915 1610 3118 1682 Κυρίου
3147 1611 3243 1681 τὴν
3274 1611 3446 1664 αἰτίαν
3473 1610 3576 1680 τῆς
3607 1612 3692 1673 εἰς

464 1703 607 1761 Patri
656 1707 746 1774 qui
787 1708 931 1760 misit
964 1723 1068 1772 me,
1091 1707 1375 1761 attribuam
1405 1726 1417 1761 :
1457 1726 1474 1757 ι
1505 1707 1810 1777 Cognosces
1838 1714 2016 1762 autem

2125 1701 2435 1773 ἀνθρώπους
2455 1702 2753 1773 ἀποστολῆς
2783 1701 3120 1766 ἀνατιθέντος
3147 1702 3224 1772 τῷ
3249 1701 3692 1767 ἐξαποστείλαντί

463 1795 606 1864 quod
651 1795 909 1850 Dominus
947 1797 1291 1865 omnipotens
1335 1796 1480 1851 misit
1521 1811 1607 1850 me
1649 1796 1714 1850 ad
1761 1804 1830 1849 te.
1877 1815 1895 1846 ι
1942 1795 2020 1848 Ac

461 1882 718 1952 deinceps
749 1883 802 1936 in
835 1883 979 1937 hunc
1005 1899 1136 1938 sane
1161 1884 1377 1938 modum
1411 1885 1524 1954 ipse
1554 1883 1813 1939 Dominus
1843 1885 2008 1954 loqui-

462 1977 585 2023 tur:
617 1989 634 2020 ‹
670 1969 734 2023 Et
753 1972 1120 2026 corroborabo
1149 1987 1243 2028 eos
1277 1973 1330 2026 in
1361 1972 1586 2028 Domino
1616 1974 1722 2028 Deo
1748 1974 2012 2045 ipsorum,

461 2066 516 2111 et
545 2059 598 2112 in
630 2062 847 2116 nomine
881 2063 1052 2132 ipsius
1087 2063 1487 2133 gloriabuntur,
1510 2066 1640 2121 dicit
1671 2065 1953 2122 Dominus.
1991 2087 2010 2118 ι

462 2146 566 2203 Sed
597 2151 688 2220 qui
720 2152 934 2208 tandem
971 2161 1100 2210 sunt
1127 2155 1219 2224 qui
1243 2156 1296 2209 in
1330 2154 1559 2212 Domino
1589 2157 1922 2227 gloriantur?

1003 2327 1229 2384 CAPUT
1255 2328 1465 2386 XXVII.

460 2435 611 2506 Quod
645 2453 828 2493 rursus
862 2437 1112 2510 Dominus
1140 2440 1205 2510 de
1247 2440 1354 2493 alio
1393 2442 1640 2510 quodam,
1685 2452 1889 2497 constat
1915 2458 2013 2500 au-

760 2517 860 2561 tem
883 2509 1020 2578 quod
1050 2509 1112 2562 de
1133 2509 1298 2565 Patre
1319 2509 1414 2564 suo
1449 2512 1700 2582 loquitur.

533 2637 550 2669 ι
571 2618 636 2672 Et
655 2621 890 2675 ostendit
912 2621 1040 2676 mihi
1067 2620 1324 2680 Dominus
1342 2621 1525 2680 Iesum
1551 2626 1882 2682 sacerdotem
1899 2641 2014 2682 ma-

457 2728 643 2783 gnum,
680 2723 912 2771 stantem
943 2725 1068 2773 ante
1098 2717 1290 2773 faciem
1321 2721 1497 2786 angeli
1529 2721 1777 2788 Domini,
1813 2693 1867 2778 et
1896 2724 2012 2780 dia-

2121 1809 2186 1862 με
2217 1793 2406 1864 Πατρί.
2440 1812 2456 1843 ι
2490 1794 2674 1867 Γνώσῃ
2699 1794 2775 1857 δὲ,
2805 1795 2885 1847 ὅτι
2917 1795 3118 1864 Κύριος
3151 1795 3539 1866 παντοκράτωρ
3575 1797 3690 1848 ἀπ-

2118 1884 2344 1938 έσταλκέ
2393 1901 2460 1954 με
2482 1885 2614 1958 πρὸς
2647 1885 2707 1938 σέ
2760 1905 2776 1937 ι
2814 1887 2923 1938 Καὶ
2961 1887 3082 1956 ἑξῆς
3112 1885 3237 1956 περὶ
3273 1886 3455 1956 ἐτέρου
3477 1885 3686 1955 Κυρίου

2119 1974 2212 2028 καὶ
2236 1973 2368 2027 Θεοῦ
2408 1969 2508 2028 ὧδέ
2552 1994 2669 2040 πως
2715 1977 2874 2040 αὐτὸς
2908 1979 2935 2029 ὸ
2959 1975 3160 2046 Κύριος
3205 1975 3476 2045 ἐπιλέγει·
3523 1995 3542 2027 ι
3575 1977 3688 2029 Καὶ

2125 2067 2432 2137 κατισχύσω
2469 2067 2662 2132 αὐτοὺς
2704 2071 2760 2122 ἐν
2783 2071 2970 2140 Κυρίῳ
2998 2069 3116 2138 Θεῷ
3153 2069 3349 2132 αὐτῶν,
3376 2070 3470 2122 καὶ
3513 2071 3573 2120 ὲν
3603 2067 3690 2136 τῷ

2115 2156 2337 2228 όνόματι
2385 2157 2546 2212 αὑτοῦ
2588 2161 2976 2231 καυχήσονται,
3017 2159 3162 2227 λέγει
3198 2159 3418 2231 Κύριος.
3449 2178 3470 2211 ι
3521 2160 3687 2222 Τίνες

2113 2246 2171 2302 δέ
2197 2246 2263 2304 ἂν
2291 2243 2399 2301 εἷεν
2434 2250 2483 2302 oi
2511 2250 2568 2301 ἐν
2599 2249 2675 2318 τῷ
2702 2249 2888 2320 Κυρίῳ
2915 2248 3285 2320 καυχώμενοι;

2619 2342 3006 2396 ΚΕΦΑΛΑΙΟΝ
3045 2343 3167 2395 KZ’.

2126 2453 2222 2520 Ὠς
2245 2448 2418 2521 αὖθις
2449 2456 2663 2522 Κύριος
2695 2453 2827 2522 περὶ
2856 2453 3059 2520 ἐτέρου
3089 2455 3328 2522 Κυρίου,
3361 2451 3544 2519 δῆλον
3574 2451 3678 2519 δὲ,

2289 2523 2380 2576 ὅτι
2407 2526 2537 2593 περὶ
2566 2524 2670 2578 τοῦ
2697 2524 2924 2593 Πατρός
2952 2523 3161 2587 αὑτοῦ,
3191 2523 3489 2588 διέξεισιν.

2186 2636 2325 2690 «Καὶ
2353 2635 2521 2701 ἕδειξέ
2555 2654 2644 2708 μοι
2678 2636 2876 2708 Κύριος
2911 2634 3114 2708 Ἰησοῦν
3152 2635 3240 2690 τὸν
3277 2634 3425 2705 ἱερέα
3457 2633 3550 2687 τὸν
3578 2631 3682 2703 με·

2109 2741 2232 2796 γαν,
2268 2726 2479 2782 ἑστῶτα
2533 2728 2640 2800 πρὸ
2681 2727 2969 2799 προσώπου
3012 2727 3244 2798 ἀγγέλου
3287 2727 3528 2798 Κυρίου·
3575 2725 3679 2778 καὶ

456 2806 615 2861 bolos
645 2807 823 2862 stabat
860 2824 890 2863 a
924 2810 1132 2867 dextris
1161 2812 1300 2881 ejus,
1339 2824 1396 2868 ut
1427 2815 1807 2872 adversaretur
1843 2818 1912 2872 ei.
1943 2817 2010 2872 Et

2125 2818 2398 2882 Βδιάὸολος
2429 2821 2668 2892 εἱστήκει
2695 2823 2758 2872 ἐκ
2787 2819 2972 2883 δεξιῶν
3011 2819 3194 2886 αὑτοῦ,
3225 2819 3314 2871 τοῦ
3341 2817 3678 2870 ἀντικεῖσθαι

457 2895 590 2950 dixit
629 2895 892 2954 Dominus
921 2899 988 2954 ad
1014 2898 1287 2956 diabolum
1321 2921 1334 2956 :
1369 2901 1616 2974 lncrepet
1647 2903 1910 2960 Dominus
1952 2905 2008 2960 in

2125 2911 2272 2982 ιύτῷ.
2311 2912 2420 2967 Καὶ
2453 2908 2572 2964 εἷπε
2605 2911 2805 2982 Κύριος
2857 2911 2992 2983 πρὸς
3035 2911 3125 2963 τὸν
3154 2909 3425 2964 διάϐολον·
3473 2908 3682 2960 Ἐπιτι-

455 2985 782 3049 te,diabole,
813 2996 867 3043 et
906 2988 1147 3060 increpet
1193 2989 1454 3046 Dominus
1503 2991 1558 3044 in
1593 3000 1667 3057 te,
1713 2992 1804 3061 qui
1850 2992 2008 3062 elegit

2125 3000 2278 3071 ιήσαι
2307 3001 2507 3072 Κύριος
2544 3002 2600 3053 ἐν
2629 3001 2728 3065 σοὶ,
2752 2999 2982 3062 διάδολε,
3015 3000 3106 3053 καὶ
3131 2999 3447 3069 ἐπιτιμήσαι
3471 2996 3679 3066 Κύριος

455 3077 614 3151 253
659 3079 956 3137 Jerusalem
998 3085 1040 3138 ⁸.
1094 3104 1112 3136 ι
1166 3083 1378 3140 Rursus
1430 3084 1532 3139 hoc
1584 3083 1700 3139 loco
1748 3083 2008 3140 Dominus

2125 3096 2168 3144 ὲν
2200 3092 2300 3154 σοὶ,
2329 3095 2356 3146 ὁ
2389 3091 2743 3161 ἐκλεξάμενος
2772 3092 2868 3162 τὴν
2911 3091 3276 3164 Ἰερουσαλήμ.
3314 3109 3330 3140 ι
3374 3089 3539 3142 Πάλιν
3577 3089 3680 3140 καὶ

456 3172 619 3228 alium
641 3174 924 3242 quemdam
955 3176 1365 3246 objurgaturum
1398 3177 1473 3230 ait
1503 3180 1676 3246 ipsum
1712 3176 2005 3240 diabolum,

455 3262 546 3318 ubi
587 3279 718 3319 sane
742 3280 849 3320 non
877 3266 1013 3337 ipse,
1038 3268 1130 3339 qui
1160 3268 1400 3338 loquitur
1429 3267 1712 3334 Dominus,
1743 3267 2006 3337 increpat,

454 3353 550 3407 sed
574 3355 802 3411 alterum
830 3368 1124 3414 memorat:
1155 3361 1355 3434 quibus
1381 3361 1560 3419 verbis
1583 3362 1740 3430 plane
1758 3369 2011 3418 constare

455 3445 689 3500 arbitror
711 3447 1222 3506 demonstrationem
1254 3451 1320 3507 de
1357 3452 1568 3508 duabus
1603 3455 1872 3521 personis,
1900 3467 2010 3508 uno

452 3532 632 3600 Patre,
659 3537 828 3592 altero
854 3554 919 3593 eo
938 3542 1029 3611 qui
1061 3556 1090 3593 a
1113 3539 1271 3597 Patre
1291 3543 1530 3600 omnium
1553 3557 1673 3612 qua:
1701 3541 1838 3598 facta
1860 3550 2007 3608 sunt,

453 3634 773 3698 potestatem
812 3643 876 3685 ac
913 3631 1335 3688 dominationem
1357 3633 1648 3706 acceperit.

987 3811 1212 3868 CAPUT
1239 3812 1472 3871 XXVIII.

451 3928 492 3983 Α
523 3923 813 4000 Halat-Itis.
832 3929 1074 4000 -Ᾱριιοά
1097 3931 1336 4000 angelum
1369 3931 1686 3986 Testamentt'
1714 3931 2006 4000 Christum,

551 4007 600 4050 et
628 3998 864 4053 eumdem
891 3998 1182 4059 Dominum'
1206 4003 1527 4073 omnipotens
1561 4003 1701 4059 Deus
1732 4015 1900 4060 vocat.

523 4207 543 4240 ι
578 4188 717 4246 Ecce
764 4203 864 4260 ego
895 4193 1048 4248 mitto
1089 4193 1338 4262 angelum
1385 4210 1588 4261 meum,
1618 4205 1672 4252 et
1717 4199 2010 4269 prospiciet

444 4280 587 4334 viam
622 4288 748 4335 ante
776 4279 967 4338 faciem
1002 4299 1200 4349 meam,
1229 4293 1283 4341 et
1310 4294 1533 4358 repente
1563 4289 1739 4343 veniet
1779 4291 1846 4344 ad
1871 4298 2008 4344 tem-

2109 3181 2340 3238 ἐνταῦθα
2399 3185 2428 3237 ὁ
2473 3184 2675 3254 Κύριος
2727 3183 2910 3258 ἓτερον
2953 3182 3156 3254 Κύριον
3202 3182 3544 3251 ἐπιτιμήσειν
3593 3178 3682 3248 τῷ

2109 3276 2336 3347 διαϐόλῳ
2365 3277 2546 3347 φησιν,
2575 3275 2671 3345 οὐχ
2703 3277 2730 3328 ό
2755 3275 3270 3345 προσδιαλεγόμενος
3301 3272 3502 3341 Κύριος
3550 3274 3680 3325 ἐπι-

2110 3368 2304 3440 τιμῶν,
2333 3368 2446 3426 ἀλλ’
2485 3369 2668 3438 ἐτέρου
2696 3367 3044 3438 μνημονεύων
3066 3367 3288 3438 Κυρίου·
3319 3364 3384 3418 δι’
3405 3358 3478 3417 ὧν
3507 3365 3680 3435 ἡγοῦ-

2115 3479 2211 3532 μαι
2245 3461 2429 3531 σαφῶς
2466 3459 2827 3532 παρίστασθαι
2877 3460 3002 3530 περὶ
3034 3458 3139 3512 τῶν
3180 3457 3273 3511 δύο
3303 3457 3539 3529 Κυρίων,
3571 3457 3678 3510 τοῦ

2109 3553 2320 3625 Πατρὸς
2362 3552 2455 3604 καὶ
2481 3551 2613 3604 Θεοῦ
2660 3550 2768 3603 τῶν
2801 3550 2957 3613 ὅλων,
2992 3551 3082 3602 καὶ
3118 3549 3212 3602 τοῦ
3260 3547 3397 3620 μετά
3439 3548 3530 3600 τὸν
3555 3549 3680 3601 [Ia-

2109 3645 2244 3714 τέρα
2285 3642 2382 3714 τὴν
2415 3643 2555 3699 κατὰ
2603 3643 2818 3696 πάντων
2867 3643 2972 3695 τῶν
2999 3642 3268 3715 γεννητῶν
3307 3641 3528 3714 κυρείαν
3573 3642 3679 3694 καὶ

2111 3732 2428 3786 δεσποτείαν
2459 3731 2789 3803 διειληφότος
2821 3731 3109 3798 ἀπόδειξιν.

2608 3844 2996 3898 ΚΕΦΑΛΔΙΟΝ
3045 3845 3179 3902 KH'.

2123 3955 2264 4015 Ἀπὸ
2313 3957 2420 4011 τοῦ
2469 3958 2798 4026 Μαλαχίου.
2831 3987 2901 3997 -
2936 3957 3028 4023 Ὡς
3077 3956 3333 4026 ἄγγελον
3378 3956 3680 4026 Διαθήκης

2179 4005 2286 4079 ξεν
2314 4005 2737 4097 ἱρὶσὲἱδῖζῖὀῖ
2751 4005 3046 4097 Batavi—6}
3081 4005 3435 4097 ἆὲιὶᾞῦῥιοῖ
3444 4005 3670 4082 ῖέὲῶἱῖ

2177 4096 2471 4164 τοκράτωρ
2501 4096 2646 4163 Θεὸς
2670 4096 2974 4152 ἀποκαλεῖ.

2185 4229 2202 4262 ι
2245 4209 2376 4264 Ἰδοὺ
2411 4209 2784 4276 ἐξαποστέλλω
2807 4210 2898 4265 τὸν
2929 4209 3156 4278 ἄγγελόν
3184 4227 3306 4281 μου,
3335 4211 3426 4263 καὶ
3454 4211 3674 4265 ἐπιϐλέ-

2108 4302 2266 4372 ψεται
2297 4302 2415 4355 ὁδὸν
2450 4304 2555 4375 πρὸ
2580 4301 2868 4372 προσώπου
2898 4320 3019 4374 μου,
3042 4305 3136 4358 καὶ
3163 4303 3417 4374 ἐξαίφνης
3441 4304 3559 4374 ἣξει
3595 4308 3674 4369 εἰς

445 4371 594 4441 plum
623 4368 904 4442 Dominus,
934 4390 1095 4466 quem
1135 4390 1248 4432 vos
1267 4378 1532 4448 quaeritis,
1564 4387 1618 4436 et
1650 4382 1874 4451 angelus
1901 4381 2006 4440 Τε-

2125 4364 2198 4449 ξὺν
2231 4396 2356 4449 ναὸν
2385 4364 2604 4466 Κύριος,
2627 4364 2695 4450 ’ὃν
2720 4397 2876 4466 ὑμεῖς
2898 4364 3139 4466 ζητεῖτε,
3159 4364 3250 4450 καὶ
3325 4364 3548 4464 ἄγγελος

392 4514 396 4519 .
445 4470 718 4532 stamenti,
737 4481 894 4535 quem
919 4484 1014 4524 vos
1043 4470 1222 4535 vultis,
1247 4484 1373 4526 ecce
1403 4471 1568 4538 venit,
1591 4472 1722 4526 dicit
1747 4472 2006 4530 Dominus

2125 4483 2400 4554 ὶιαθήκης,
2432 4483 2490 4535 ὃν
2518 4483 2675 4553 ὑμεῖς
2711 4481 2911 4535 θέλετε.
2955 4483 3084 4536 Ἰδοὺ
3113 4485 3348 4556 ἔρχεται,
3385 4485 3530 4553 λέγει
3563 4489 3670 4541 Κύ-

446 4557 828 4625 omnipotens,
877 4569 930 4614 et
993 4562 1115 4633 quis
1169 4564 1460 4620 sustinebit
1513 4563 1654 4620 diem
1727 4566 2005 4636 ingressus

2125 4592 2224 4640 ato;
2259 4575 2671 4646 παντοκράτωρ,
2708 4575 2802 4627 καὶ
2826 4573 2908 4637 τίς
2939 4574 3198 4645 ὑπομενεῖ
3229 4577 3437 4649 ἡμέραν
3469 4580 3672 4635 εἰσόδου

445 4648 640 4716 ejus“?
669 4669 689 4701 ι
717 4649 1016 4708 Etiamhaac
1034 4655 1301 4725 prioribus
1331 4658 1525 4712 similia
1552 4667 1696 4713 sunt.
1729 4658 1847 4730 ipse
1861 4661 2002 4716 enim

2125 4663 2264 4718 ιύτοῦ
2284 4680 2297 4728 ;
2319 4685 2336 4714 ι
2359 4666 2554 4734 Ὅμοια
2577 4665 2670 4720 καὶ
2699 4663 2867 4718 ταῦτα
2886 4667 2993 4727 τοῖς
3017 4665 3319 4738 προτέροις.
3343 4648 3545 4738 Κύριος
3566 4668 3672 4739 γὰρ

443 4735 704 4800 Dominus
727 4738 869 4794 Deus
899 4744 1257 4812 omnipotens,
1288 4745 1572 4804 Dominum
1607 4758 1894 4805 venturum
1929 4753 2005 4808 ait

2125 4757 2268 4820 ιύτὺς
2298 4759 2326 4810 ὁ
2362 4757 2494 4820 Θεὸς
2521 4759 2914 4830 παντοκράτωρ
2945 4735 3092 4828 ἥξειν
3121 4735 3283 4829 φησιν
3317 4761 3395 4822 είς
3427 4735 3516 4813 τὸν

442 4828 500 4881 in
533 4829 792 4899 templum
826 4847 1006 4898 suum,
1035 4835 1250 4888 interim
1283 4835 1351 4890 de
1383 4838 1490 4891 alio
1522 4839 1749 4909 loquens
1783 4856 1795 4892 :
1835 4841 2004 4909 signi-

2125 4847 2269 4900 ιύτοῦ
2301 4847 2536 4919 Κύριον,
2567 4849 2693 4919 περὶ
2727 4828 2913 4921 ἐτέρου
2945 4849 3138 4917 λέγων.
3169 4828 3327 4920 Δηλοῖ
3357 4851 3414 4903 δέ
3445 4851 3555 4924 ἀρα
3585 4854 3671 4906 τὸν

441 4918 570 4974 ﬁcat
599 4936 763 4991 porro
788 4921 955 4979 Deum
1007 4925 1262 4988 Verbum,
1299 4944 1459 4998 quem
1503 4939 1690 4999 postea
1751 4933 1999 5002 angelum

2125 4939 2235 4994 9st
2257 4918 2447 5009 Λόγον.
2473 4941 2625 4995 Μετά
2647 4918 2883 4994 τοῦτοδὲ
2915 4941 3008 4994 καὶ
3033 4918 3260 5010 ἄγγελον
3280 4943 3379 5012 τῆς
3400 4918 3670 5014 Διαθήκης

439 5010 771 5069 Tcstamenti
810 5015 1075 5082 nominat,
1107 5034 1376 5091 quemque
1404 5021 1566 5075 etiam
1599 5025 1712 5093 ipse
1741 5021 2001 5081 Dominus

2125 5031 2355 5101 ινομάξει
2375 5069 2389 5096 ,
2435 5031 2493 5083 ὃν
2556 5031 2650 5086 καὶ⁵
2681 5031 2841 5094 αὐτὸς
2873 5033 2901 5084 ὁ
2933 5031 3320 5103 παντοκράτωρ
3339 5010 3668 5103 Κύριος-ἐξ-

437 5109 782 5182 omnipotens
814 5109 973 5166 docet
1013 5127 1072 5167 se
1103 5113 1317 5168 mittere
1341 5121 1467 5171 ante
1491 5113 1682 5169 faciem
1709 5131 1885 5180 suam,
1916 5116 2001 5172 di~

2125 5121 2451 5176 ιποστέλλειν
2482 5121 2587 5192 πρὸ
2619 5119 2910 5196 προσώπου
2943 5120 3137 5174 ἑαυτοῦ
3179 5121 3436 5187 διδάσκει,
3481 5123 3671 5191 λέγων·

435 5216 606 5257 cens:
637 5220 655 5253 ι
685 5201 822 5256 Ecce
849 5218 948 5273 ego
980 5203 1136 5257 mitto
1158 5204 1406 5275 angelum
1443 5220 1622 5260 meum
1657 5219 1782 5262 ante
1807 5207 1998 5262 faciem

2125 5232 2130 5265 l
2173 5212 2304 5267 Ἰδοὺ
2339 5213 2452 5282 ἐγὼ
2471 5210 2844 5280 ἐξαποστέλλω
2873 5212 3098 5282 ἄγγελόν
3123 5230 3222 5284 μου
3245 5214 3349 5284 πρὸ
3382 5213 3669 5286 προσώπου

435 5311 632 5352 meam.
645 5297 834 5368 »Διψιί
854 5295 1100 5354 eumdem
1116 5297 1277 5364 hunc,
1296 5313 1455 5368 quem
1475 5317 1494 5350 ι
1513 5300 1758 5370 angelum
1774 5313 1953 5354 meum
1973 5318 1992 5352 ι

2125 5323 2229 5362 too.
2260 5323 2280 5356 ι
2308 5305 2411 5358 Τὸν
2438 5304 2598 5359 αὐτὸν
2630 5305 2688 5364 δέ
2713 5305 2923 5368 τοῦτον,
2953 5304 3012 5358 ὃν
3039 5324 3058 5357 ι
3095 5304 3325 5373 ἄγγελόν
3382 5322 3486 5377 μου
3521 5325 3540 5356 ι
3570 5307 3665 5359 ἀπο
3711 5327 3722 5336 -

434 5389 670 5452 vocavit,
729 5405 922 5446 rursus
982 5390 1239 5461 deinceps
1281 5390 1569 5448 Dominum
1605 5392 1861 5462 appellat,
1901 5393 1994 5449 ubi

2129 5394 2344 5459 κάλεσε,
2375 5395 2534 5449 πάλιν
2558 5394 2682 5465 ea;
2705 5394 2905 5468 Κύριον
2945 5393 3214 5468 ὀνομάζει·
3241 5415 3259 5447 ι
3278 5396 3389 5448 Καὶ
3415 5396 3669 5467 ἐξαίφνης

437 5477 682 5548 adjungit
711 5480 844 5538 illud
869 5499 883 5535 :
920 5499 938 5534 ι
982 5481 1048 5536 Et
1072 5490 1294 5554 repente
1319 5492 1500 5541 veniet
1526 5484 1787 5541 Dominus
1805 5495 1860 5541 et
1896 5501 1994 5540 an-

2125 5485 2219 5553 ιξει
2248 5485 2470 5557 Κύριος,
2510 5505 2529 5539 ι
2563 5487 2848 5555 ἐπιλέγων,
2879 5505 2897 5538 ι
2927 5488 3021 5542 καὶ
3044 5490 3072 5542 ὁ
3093 5486 3324 5556 ἄγγελος
3353 5487 3452 5560 τῆς
3472 5487 3667 5559 Amen.

497 5643 520 5681 ⁸
546 5643 736 5703 Matth.
776 5660 970 5706 xxx-in,
1000 5644 1088 5703 ΞΟ.
1169 5649 1188 5674 ⁸
1214 5644 1401 5702 Matth.
1431 5659 1582 5707 xvm,
1617 5644 1708 5702 20.
1787 5647 1806 5678 '
1837 5642 1998 5701 Zach.
2038 5659 2119 5712 nt,
2151 5644 2198 5710 Ι,
2221 5643 2276 5699 2.
2354 5645 2374 5677 ⁸
2399 5641 2628 5700 Malach.
2666 5659 2749 5712 ιιι,
2784 5644 2833 5714 l,
2855 5643 2910 5702 2.
