  <div class='ocr_page' id='page_1' title='image "/cluster/home/n/w/nwhite01/storage/ocr_20150623/22/hvd.32044073501132/210.png"; bbox 0 0 3916 6200; ppageno 0'>
   <div class='ocr_carea' id='block_1_1' title="bbox 196 250 298 305">
    <p class='ocr_par' dir='ltr' id='par_1_1' title="bbox 196 250 298 305">
     <span class='ocr_line' id='line_1_1' title="bbox 196 250 298 305; baseline -0.01 0"><span class='ocrx_word' id='word_1_1' title='bbox 196 250 298 305; x_wconf 63' lang='grc'><strong>64⁸9</strong></span> 
     </span>
    </p>
   </div>
   <div class='ocr_carea' id='block_1_2' title="bbox 1135 243 2549 304">
    <p class='ocr_par' dir='ltr' id='par_1_2' title="bbox 1135 243 2549 304">
     <span class='ocr_line' id='line_1_2' title="bbox 1135 243 2549 304; baseline -0.001 -5"><span class='ocrx_word' id='word_1_2' title='bbox 1135 245 1785 304; x_wconf 79' lang='lat' dir='ltr'><strong>DEMONSTRATIONIS</strong></span> <span class='ocrx_word' id='word_1_3' title='bbox 1820 244 2281 302; x_wconf 61' lang='lat' dir='ltr'><strong>EVANGELICIE</strong></span> <span class='ocrx_word' id='word_1_4' title='bbox 2318 244 2446 299; x_wconf 85' lang='lat' dir='ltr'><strong>LIB.</strong></span> <span class='ocrx_word' id='word_1_5' title='bbox 2483 243 2549 297; x_wconf 76' lang='grc' dir='ltr'><strong>ν.</strong></span> 
     </span>
    </p>
   </div>
   <div class='ocr_carea' id='block_1_3' title="bbox 3319 238 3425 294">
    <p class='ocr_par' dir='ltr' id='par_1_3' title="bbox 3319 238 3425 294">
     <span class='ocr_line' id='line_1_3' title="bbox 3319 238 3425 294; baseline 0.009 -2"><span class='ocrx_word' id='word_1_6' title='bbox 3319 238 3425 294; x_wconf 73' lang='grc'><strong>410</strong></span> 
     </span>
    </p>
   </div>
   <div class='ocr_carea' id='block_1_4' title="bbox 193 355 1748 437">
    <p class='ocr_par' dir='ltr' id='par_1_4' title="bbox 193 361 1748 437">
     <span class='ocr_line' id='line_1_4' title="bbox 193 361 1748 437; baseline 0.001 -21"><span class='ocrx_word' id='word_1_7' title='bbox 193 380 313 431; x_wconf 78' lang='grc' dir='ltr'>κης.</span> <span class='ocrx_word' id='word_1_8' title='bbox 348 382 368 413; x_wconf 77' lang='grc' dir='ltr'><strong>ι</strong></span> <span class='ocrx_word' id='word_1_9' title='bbox 423 361 560 414; x_wconf 81' lang='grc' dir='ltr'>Ἕνα</span> <span class='ocrx_word' id='word_1_10' title='bbox 608 361 787 415; x_wconf 79' lang='grc' dir='ltr'>δὲκαὶ</span> <span class='ocrx_word' id='word_1_11' title='bbox 826 362 913 416; x_wconf 83' lang='grc' dir='ltr'><strong>τὸν</strong></span> <span class='ocrx_word' id='word_1_12' title='bbox 964 361 1124 416; x_wconf 85' lang='grc' dir='ltr'>αύτὺν</span> <span class='ocrx_word' id='word_1_13' title='bbox 1167 365 1439 434; x_wconf 83' lang='grc' dir='ltr'>προειπὼν</span> <span class='ocrx_word' id='word_1_14' title='bbox 1480 366 1748 437; x_wconf 78' lang='grc' dir='ltr'><strong>ἐπιφέρει·</strong></span> 
     </span>
    </p>
   </div>
   <div class='ocr_carea' id='block_1_5' title="bbox 1858 355 3423 437">
    <p class='ocr_par' dir='ltr' id='par_1_5' title="bbox 1858 355 3423 434">
     <span class='ocr_line' id='line_1_5' title="bbox 1858 355 3423 434; baseline -0.008 -16"><span class='ocrx_word' id='word_1_15' title='bbox 1858 365 2005 434; x_wconf 86' lang='lat' dir='ltr'><strong>gelus</strong></span> <span class='ocrx_word' id='word_1_16' title='bbox 2052 362 2407 419; x_wconf 83' lang='lat' dir='ltr'><strong>Testamenti.</strong></span> <span class='ocrx_word' id='word_1_17' title='bbox 2451 382 2468 412; x_wconf 72' lang='grc' dir='ltr'><strong>ι</strong></span> <span class='ocrx_word' id='word_1_18' title='bbox 2512 359 2689 415; x_wconf 90' lang='lat' dir='ltr'><strong>Unum</strong></span> <span class='ocrx_word' id='word_1_19' title='bbox 2740 372 2867 411; x_wconf 82' lang='lat' dir='ltr'><strong>vero</strong></span> <span class='ocrx_word' id='word_1_20' title='bbox 2898 363 2953 411; x_wconf 91' lang='lat' dir='ltr'><strong>et</strong></span> <span class='ocrx_word' id='word_1_21' title='bbox 3001 355 3248 409; x_wconf 89' lang='lat' dir='ltr'><strong>eumdem</strong></span> <span class='ocrx_word' id='word_1_22' title='bbox 3298 368 3423 407; x_wconf 89' lang='lat' dir='ltr'><strong>cum</strong></span> 
     </span>
    </p>
   </div>
   <div class='ocr_carea' id='block_1_6' title="bbox 193 456 1751 531">
    <p class='ocr_par' dir='ltr' id='par_1_6' title="bbox 193 456 1751 531">
     <span class='ocr_line' id='line_1_6' title="bbox 193 456 1751 531; baseline 0.004 -26"><span class='ocrx_word' id='word_1_23' title='bbox 193 475 209 505; x_wconf 79' lang='grc' dir='ltr'>σ</span> <span class='ocrx_word' id='word_1_24' title='bbox 256 456 386 510; x_wconf 76' lang='grc' dir='ltr'>Ἰδοὺ</span> <span class='ocrx_word' id='word_1_25' title='bbox 420 457 657 525; x_wconf 72' lang='grc' dir='ltr'>ἔρχεται,</span> <span class='ocrx_word' id='word_1_26' title='bbox 707 456 800 508; x_wconf 73' lang='grc' dir='ltr'>καὶ</span> <span class='ocrx_word' id='word_1_27' title='bbox 844 456 927 519; x_wconf 90' lang='grc' dir='ltr'><strong>τίς</strong></span> <span class='ocrx_word' id='word_1_28' title='bbox 974 458 1236 525; x_wconf 82' lang='grc' dir='ltr'>ὑπομενεῖ</span> <span class='ocrx_word' id='word_1_29' title='bbox 1281 458 1491 531; x_wconf 82' lang='grc' dir='ltr'><strong>ἡμέραν</strong></span> <span class='ocrx_word' id='word_1_30' title='bbox 1548 460 1751 512; x_wconf 75' lang='grc' dir='ltr'><strong>εἰσόδου</strong></span> 
     </span>
    </p>
   </div>
   <div class='ocr_carea' id='block_1_7' title="bbox 185 546 1750 621">
    <p class='ocr_par' dir='ltr' id='par_1_7' title="bbox 185 546 1750 621">
     <span class='ocr_line' id='line_1_7' title="bbox 185 546 1750 621; baseline 0.002 -22"><span class='ocrx_word' id='word_1_31' title='bbox 185 546 389 610; x_wconf 68' lang='grc' dir='ltr'>αὐτοῦς</span> <span class='ocrx_word' id='word_1_32' title='bbox 425 565 444 598; x_wconf 72' lang='grc' dir='ltr'><strong>ι</strong></span> <span class='ocrx_word' id='word_1_33' title='bbox 467 546 564 617; x_wconf 82' lang='grc' dir='ltr'><strong>τὴν</strong></span> <span class='ocrx_word' id='word_1_34' title='bbox 602 546 860 618; x_wconf 78' lang='grc' dir='ltr'><strong>δευτέραν</strong></span> <span class='ocrx_word' id='word_1_35' title='bbox 882 548 974 600; x_wconf 72' lang='grc' dir='ltr'><strong>καὶ</strong></span> <span class='ocrx_word' id='word_1_36' title='bbox 998 548 1208 615; x_wconf 79' lang='grc' dir='ltr'>ἔνδοξον</span> <span class='ocrx_word' id='word_1_37' title='bbox 1248 551 1548 621; x_wconf 78' lang='grc' dir='ltr'>παρουσίαν</span> <span class='ocrx_word' id='word_1_38' title='bbox 1588 549 1750 603; x_wconf 79' lang='grc' dir='ltr'>αὐτοῦ</span> 
     </span>
    </p>
   </div>
   <div class='ocr_carea' id='block_1_8' title="bbox 185 637 1751 713">
    <p class='ocr_par' dir='ltr' id='par_1_8' title="bbox 185 637 1751 713">
     <span class='ocr_line' id='line_1_8' title="bbox 185 637 1751 713; baseline 0.004 -24"><span class='ocrx_word' id='word_1_39' title='bbox 185 637 489 707; x_wconf 75' lang='grc' dir='ltr'>σημαίνων.</span> <span class='ocrx_word' id='word_1_40' title='bbox 524 638 580 690; x_wconf 86' lang='grc' dir='ltr'>Ὀ</span> <span class='ocrx_word' id='word_1_41' title='bbox 596 638 765 691; x_wconf 76' lang='grc' dir='ltr'>ταῦτα</span> <span class='ocrx_word' id='word_1_42' title='bbox 798 639 850 691; x_wconf 82' lang='grc' dir='ltr'><strong>δὲ</strong></span> <span class='ocrx_word' id='word_1_43' title='bbox 881 640 1058 694; x_wconf 83' lang='grc' dir='ltr'>πάντα</span> <span class='ocrx_word' id='word_1_44' title='bbox 1087 640 1377 707; x_wconf 76' lang='grc' dir='ltr'><strong>θεσπίζων,</strong></span> <span class='ocrx_word' id='word_1_45' title='bbox 1401 641 1603 713; x_wconf 83' lang='grc' dir='ltr'>Κύριός</span> <span class='ocrx_word' id='word_1_46' title='bbox 1636 643 1751 696; x_wconf 75' lang='grc' dir='ltr'>ἐστι</span> 
     </span>
    </p>
   </div>
   <div class='ocr_carea' id='block_1_9' title="bbox 182 728 1118 799">
    <p class='ocr_par' dir='ltr' id='par_1_9' title="bbox 182 728 1118 799">
     <span class='ocr_line' id='line_1_9' title="bbox 182 728 1118 799; baseline 0.005 -19"><span class='ocrx_word' id='word_1_47' title='bbox 182 728 581 799; x_wconf 73' lang='grc' dir='ltr'><strong>παντοκράτωρ</strong></span> <span class='ocrx_word' id='word_1_48' title='bbox 614 729 643 780; x_wconf 89' lang='grc' dir='ltr'><strong>ό</strong></span> <span class='ocrx_word' id='word_1_49' title='bbox 674 729 779 781; x_wconf 87' lang='grc' dir='ltr'><strong>τῶν</strong></span> <span class='ocrx_word' id='word_1_50' title='bbox 808 729 942 784; x_wconf 86' lang='grc' dir='ltr'>ὅλων</span> <span class='ocrx_word' id='word_1_51' title='bbox 967 731 1118 795; x_wconf 87' lang='grc' dir='ltr'>Θεός.</span> 
     </span>
    </p>
   </div>
   <div class='ocr_carea' id='block_1_10' title="bbox 690 928 1244 983">
    <p class='ocr_par' dir='ltr' id='par_1_10' title="bbox 690 928 1244 983">
     <span class='ocr_line' id='line_1_10' title="bbox 690 928 1244 983; baseline 0.004 -3"><span class='ocrx_word' id='word_1_52' title='bbox 690 928 1080 982; x_wconf 73' lang='grc' dir='ltr'><strong>ΚΕΦΑΛᾹΙΟΝ</strong></span> <span class='ocrx_word' id='word_1_53' title='bbox 1118 929 1244 983; x_wconf 74' lang='lat' dir='ltr'><strong>KG’.</strong></span> 
     </span>
    </p>
   </div>
   <div class='ocr_carea' id='block_1_11' title="bbox 188 1040 1757 1112">
    <p class='ocr_par' dir='ltr' id='par_1_11' title="bbox 188 1040 1757 1112">
     <span class='ocr_line' id='line_1_11' title="bbox 188 1040 1757 1112; baseline 0.003 -17"><span class='ocrx_word' id='word_1_54' title='bbox 188 1041 294 1109; x_wconf 80' lang='grc' dir='ltr'>Ὠς</span> <span class='ocrx_word' id='word_1_55' title='bbox 328 1042 506 1109; x_wconf 76' lang='grc' dir='ltr'>ἥλιον</span> <span class='ocrx_word' id='word_1_56' title='bbox 533 1040 920 1109; x_wconf 75' lang='grc' dir='ltr'><strong>δικαιοσύνης</strong></span> <span class='ocrx_word' id='word_1_57' title='bbox 953 1043 1059 1097; x_wconf 78' lang='grc' dir='ltr'><strong>τὸν</strong></span> <span class='ocrx_word' id='word_1_58' title='bbox 1100 1044 1355 1112; x_wconf 77' lang='grc' dir='ltr'>Χριστὸν</span> <span class='ocrx_word' id='word_1_59' title='bbox 1384 1047 1417 1100; x_wconf 82' lang='grc' dir='ltr'><strong>ό</strong></span> <span class='ocrx_word' id='word_1_60' title='bbox 1448 1045 1567 1100; x_wconf 74' lang='grc' dir='ltr'><strong>τῶν</strong></span> <span class='ocrx_word' id='word_1_61' title='bbox 1596 1046 1757 1099; x_wconf 73' lang='grc' dir='ltr'>ὅλων</span> 
     </span>
    </p>
   </div>
   <div class='ocr_carea' id='block_1_12' title="bbox 739 1113 1199 1184">
    <p class='ocr_par' dir='ltr' id='par_1_12' title="bbox 739 1113 1199 1184">
     <span class='ocr_line' id='line_1_12' title="bbox 739 1113 1199 1184; baseline 0.007 -18"><span class='ocrx_word' id='word_1_62' title='bbox 739 1113 883 1179; x_wconf 84' lang='grc' dir='ltr'><strong>Θεὸς</strong></span> <span class='ocrx_word' id='word_1_63' title='bbox 914 1113 1199 1184; x_wconf 82' lang='grc' dir='ltr'>ὀνομάζει.</span> 
     </span>
    </p>
   </div>
   <div class='ocr_carea' id='block_1_13' title="bbox 264 1226 1754 1302">
    <p class='ocr_par' dir='ltr' id='par_1_13' title="bbox 264 1226 1754 1302">
     <span class='ocr_line' id='line_1_13' title="bbox 264 1226 1754 1302; baseline 0.005 -24"><span class='ocrx_word' id='word_1_64' title='bbox 264 1245 281 1278; x_wconf 77' lang='grc' dir='ltr'><strong>ι</strong></span> <span class='ocrx_word' id='word_1_65' title='bbox 322 1227 429 1278; x_wconf 81' lang='grc' dir='ltr'>Καὶ</span> <span class='ocrx_word' id='word_1_66' title='bbox 451 1226 696 1280; x_wconf 83' lang='grc' dir='ltr'>ἀνατελεῖ</span> <span class='ocrx_word' id='word_1_67' title='bbox 716 1228 826 1291; x_wconf 83' lang='grc' dir='ltr'>τοῖς</span> <span class='ocrx_word' id='word_1_68' title='bbox 848 1226 1198 1299; x_wconf 84' lang='grc' dir='ltr'>φοϐουμένοις</span> <span class='ocrx_word' id='word_1_69' title='bbox 1221 1228 1279 1283; x_wconf 83' lang='grc' dir='ltr'><strong>τὸ</strong></span> <span class='ocrx_word' id='word_1_70' title='bbox 1300 1229 1468 1301; x_wconf 77' lang='grc' dir='ltr'>ὄνομά</span> <span class='ocrx_word' id='word_1_71' title='bbox 1485 1248 1588 1302; x_wconf 87' lang='grc' dir='ltr'><strong>μου</strong></span> <span class='ocrx_word' id='word_1_72' title='bbox 1607 1231 1754 1302; x_wconf 70' lang='grc' dir='ltr'>ἥλιος</span> 
     </span>
    </p>
   </div>
   <div class='ocr_carea' id='block_1_14' title="bbox 169 1318 1748 1393">
    <p class='ocr_par' dir='ltr' id='par_1_14' title="bbox 169 1318 1748 1393">
     <span class='ocr_line' id='line_1_14' title="bbox 169 1318 1748 1393; baseline 0.003 -22"><span class='ocrx_word' id='word_1_73' title='bbox 169 1319 548 1389; x_wconf 74' lang='grc' dir='ltr'><strong>δικαιοσύνης,</strong></span> <span class='ocrx_word' id='word_1_74' title='bbox 581 1318 674 1371; x_wconf 77' lang='grc' dir='ltr'>καὶ</span> <span class='ocrx_word' id='word_1_75' title='bbox 708 1320 848 1383; x_wconf 75' lang='grc' dir='ltr'>ἴασις</span> <span class='ocrx_word' id='word_1_76' title='bbox 874 1319 1024 1373; x_wconf 75' lang='grc' dir='ltr'>ἔσται</span> <span class='ocrx_word' id='word_1_77' title='bbox 1046 1322 1103 1373; x_wconf 79' lang='grc' dir='ltr'><strong>ἐν</strong></span> <span class='ocrx_word' id='word_1_78' title='bbox 1124 1323 1242 1385; x_wconf 82' lang='grc' dir='ltr'>ταῖς</span> <span class='ocrx_word' id='word_1_79' title='bbox 1258 1322 1514 1393; x_wconf 81' lang='grc' dir='ltr'>πτέρυξιν</span> <span class='ocrx_word' id='word_1_80' title='bbox 1532 1322 1748 1376; x_wconf 76' lang='grc' dir='ltr'>αὐτοῦ.»</span> 
     </span>
    </p>
   </div>
   <div class='ocr_carea' id='block_1_15' title="bbox 186 1408 1751 1482">
    <p class='ocr_par' dir='ltr' id='par_1_15' title="bbox 186 1408 1751 1482">
     <span class='ocr_line' id='line_1_15' title="bbox 186 1408 1751 1482; baseline 0.001 -20"><span class='ocrx_word' id='word_1_81' title='bbox 186 1410 255 1462; x_wconf 87' lang='grc' dir='ltr'><strong>Ὀ</strong></span> <span class='ocrx_word' id='word_1_82' title='bbox 276 1408 529 1472; x_wconf 82' lang='grc' dir='ltr'>πολλάκις</span> <span class='ocrx_word' id='word_1_83' title='bbox 546 1410 861 1480; x_wconf 73' lang='grc' dir='ltr'>όνομασθεὶς</span> <span class='ocrx_word' id='word_1_84' title='bbox 878 1410 1099 1482; x_wconf 84' lang='grc' dir='ltr'>Κύριος,</span> <span class='ocrx_word' id='word_1_85' title='bbox 1122 1412 1213 1464; x_wconf 81' lang='grc' dir='ltr'><strong>καὶ</strong></span> <span class='ocrx_word' id='word_1_86' title='bbox 1226 1411 1376 1475; x_wconf 84' lang='grc' dir='ltr'>Θεὸς,</span> <span class='ocrx_word' id='word_1_87' title='bbox 1396 1412 1489 1465; x_wconf 76' lang='grc' dir='ltr'><strong>καὶ</strong></span> <span class='ocrx_word' id='word_1_88' title='bbox 1505 1411 1751 1481; x_wconf 81' lang='grc' dir='ltr'>ἄγγελος,</span> 
     </span>
    </p>
   </div>
   <div class='ocr_carea' id='block_1_16' title="bbox 170 1501 1755 1573">
    <p class='ocr_par' dir='ltr' id='par_1_16' title="bbox 170 1501 1755 1573">
     <span class='ocr_line' id='line_1_16' title="bbox 170 1501 1755 1573; baseline 0.001 -19"><span class='ocrx_word' id='word_1_89' title='bbox 170 1501 280 1554; x_wconf 81' lang='grc' dir='ltr'><strong>καί</strong></span> <span class='ocrx_word' id='word_1_90' title='bbox 292 1501 788 1572; x_wconf 84' lang='grc' dir='ltr'>ἁρχιστράτηγος,Χ</span> <span class='ocrx_word' id='word_1_91' title='bbox 798 1502 973 1571; x_wconf 87' lang='grc' dir='ltr'>ριστός</span> <span class='ocrx_word' id='word_1_92' title='bbox 987 1519 1043 1554; x_wconf 86' lang='grc' dir='ltr'><strong>τε</strong></span> <span class='ocrx_word' id='word_1_93' title='bbox 1057 1503 1149 1556; x_wconf 74' lang='grc' dir='ltr'><strong>καὶ</strong></span> <span class='ocrx_word' id='word_1_94' title='bbox 1163 1505 1205 1555; x_wconf 84' lang='grc' dir='ltr'>ἰε</span> <span class='ocrx_word' id='word_1_95' title='bbox 1215 1503 1456 1573; x_wconf 78' lang='grc' dir='ltr'>ρεὺς,κα“ι</span> <span class='ocrx_word' id='word_1_96' title='bbox 1468 1504 1755 1572; x_wconf 75' lang='grc' dir='ltr'>Λόγος,καὶ</span> 
     </span>
    </p>
   </div>
   <div class='ocr_carea' id='block_1_17' title="bbox 171 1588 1755 1667">
    <p class='ocr_par' dir='ltr' id='par_1_17' title="bbox 171 1588 1755 1667">
     <span class='ocr_line' id='line_1_17' title="bbox 171 1588 1755 1667; baseline 0.003 -23"><span class='ocrx_word' id='word_1_97' title='bbox 171 1594 352 1659; x_wconf 44' lang='lat' dir='ltr'><strong>copia</strong></span> <span class='ocrx_word' id='word_1_98' title='bbox 371 1591 520 1656; x_wconf 76' lang='grc' dir='ltr'>Θεοῦ,</span> <span class='ocrx_word' id='word_1_99' title='bbox 539 1593 631 1645; x_wconf 74' lang='grc' dir='ltr'><strong>καὶ</strong></span> <span class='ocrx_word' id='word_1_100' title='bbox 655 1592 837 1655; x_wconf 77' lang='grc' dir='ltr'>εἰκὼν,</span> <span class='ocrx_word' id='word_1_101' title='bbox 852 1593 947 1646; x_wconf 80' lang='grc' dir='ltr'>νῦν</span> <span class='ocrx_word' id='word_1_102' title='bbox 971 1595 1130 1658; x_wconf 80' lang='grc' dir='ltr'>αὐτὸς</span> <span class='ocrx_word' id='word_1_103' title='bbox 1152 1588 1302 1658; x_wconf 73' lang='grc' dir='ltr'>οὗτος</span> <span class='ocrx_word' id='word_1_104' title='bbox 1328 1595 1476 1665; x_wconf 76' lang='grc' dir='ltr'>ἥλιος</span> <span class='ocrx_word' id='word_1_105' title='bbox 1496 1596 1755 1667; x_wconf 82' lang='grc' dir='ltr'>κέκληται</span> 
     </span>
    </p>
   </div>
   <div class='ocr_carea' id='block_1_18' title="bbox 170 1681 1754 1758">
    <p class='ocr_par' dir='ltr' id='par_1_18' title="bbox 170 1681 1754 1758">
     <span class='ocr_line' id='line_1_18' title="bbox 170 1681 1754 1758; baseline 0.001 -22"><span class='ocrx_word' id='word_1_106' title='bbox 170 1684 547 1755; x_wconf 82' lang='grc' dir='ltr'>δικαιοσύνης.</span> <span class='ocrx_word' id='word_1_107' title='bbox 581 1683 778 1738; x_wconf 79' lang='grc' dir='ltr'>Τοῦτον</span> <span class='ocrx_word' id='word_1_108' title='bbox 805 1685 869 1755; x_wconf 83' lang='grc' dir='ltr'>δὴ</span> <span class='ocrx_word' id='word_1_109' title='bbox 902 1681 992 1737; x_wconf 79' lang='grc' dir='ltr'><strong>οὖν</strong></span> <span class='ocrx_word' id='word_1_110' title='bbox 1021 1685 1179 1738; x_wconf 80' lang='grc' dir='ltr'>αὐτὸν</span> <span class='ocrx_word' id='word_1_111' title='bbox 1210 1688 1239 1740; x_wconf 87' lang='grc' dir='ltr'><strong>ό</strong></span> <span class='ocrx_word' id='word_1_112' title='bbox 1270 1688 1536 1757; x_wconf 83' lang='grc' dir='ltr'>γεννήσας</span> <span class='ocrx_word' id='word_1_113' title='bbox 1565 1687 1754 1758; x_wconf 84' lang='grc' dir='ltr'>Πατὴρ</span> 
     </span>
    </p>
   </div>
   <div class='ocr_carea' id='block_1_19' title="bbox 1862 445 3423 527">
    <p class='ocr_par' dir='ltr' id='par_1_19' title="bbox 1862 445 3423 527">
     <span class='ocr_line' id='line_1_19' title="bbox 1862 445 3423 527; baseline -0.01 -15"><span class='ocrx_word' id='word_1_114' title='bbox 1862 457 2199 527; x_wconf 83' lang='lat' dir='ltr'><strong>produxerit,</strong></span> <span class='ocrx_word' id='word_1_115' title='bbox 2233 462 2346 508; x_wconf 88' lang='lat' dir='ltr'><strong>tum</strong></span> <span class='ocrx_word' id='word_1_116' title='bbox 2378 452 2529 507; x_wconf 93' lang='lat' dir='ltr'><strong>addit</strong></span> <span class='ocrx_word' id='word_1_117' title='bbox 2556 472 2568 506; x_wconf 91' lang='lat'>:</span> <span class='ocrx_word' id='word_1_118' title='bbox 2605 471 2621 502; x_wconf 78' lang='grc' dir='ltr'><strong>ι</strong></span> <span class='ocrx_word' id='word_1_119' title='bbox 2666 450 2801 504; x_wconf 86' lang='lat' dir='ltr'>Ecce</span> <span class='ocrx_word' id='word_1_120' title='bbox 2833 448 2997 509; x_wconf 91' lang='lat' dir='ltr'><strong>venit,</strong></span> <span class='ocrx_word' id='word_1_121' title='bbox 3029 457 3081 500; x_wconf 93' lang='lat' dir='ltr'><strong>et</strong></span> <span class='ocrx_word' id='word_1_122' title='bbox 3108 445 3232 515; x_wconf 88' lang='lat' dir='ltr'><strong>quis</strong></span> <span class='ocrx_word' id='word_1_123' title='bbox 3257 445 3423 501; x_wconf 83' lang='lat' dir='ltr'><strong>susti-</strong></span> 
     </span>
    </p>
   </div>
   <div class='ocr_carea' id='block_1_20' title="bbox 1859 536 3427 616">
    <p class='ocr_par' dir='ltr' id='par_1_20' title="bbox 1859 536 3427 616">
     <span class='ocr_line' id='line_1_20' title="bbox 1859 536 3427 616; baseline -0.01 -13"><span class='ocrx_word' id='word_1_124' title='bbox 1859 547 2172 604; x_wconf 89' lang='lat' dir='ltr'><strong>nebitdiem</strong></span> <span class='ocrx_word' id='word_1_125' title='bbox 2209 548 2488 616; x_wconf 86' lang='lat' dir='ltr'><strong>ingressus</strong></span> <span class='ocrx_word' id='word_1_126' title='bbox 2521 543 2681 611; x_wconf 84' lang='lat' dir='ltr'><strong>ejus?</strong></span> <span class='ocrx_word' id='word_1_127' title='bbox 2717 560 2734 591; x_wconf 77' lang='grc' dir='ltr'><strong>ι</strong></span> <span class='ocrx_word' id='word_1_128' title='bbox 2769 539 2971 609; x_wconf 87' lang='lat' dir='ltr'><strong>quibus</strong></span> <span class='ocrx_word' id='word_1_129' title='bbox 3020 536 3198 591; x_wconf 82' lang='lat' dir='ltr'><strong>verbis</strong></span> <span class='ocrx_word' id='word_1_130' title='bbox 3229 551 3427 591; x_wconf 85' lang='lat' dir='ltr'><strong>secun-</strong></span> 
     </span>
    </p>
   </div>
   <div class='ocr_carea' id='block_1_21' title="bbox 1859 624 3425 709">
    <p class='ocr_par' dir='ltr' id='par_1_21' title="bbox 1859 624 3425 709">
     <span class='ocr_line' id='line_1_21' title="bbox 1859 624 3425 709; baseline -0.01 -16"><span class='ocrx_word' id='word_1_131' title='bbox 1859 640 1987 694; x_wconf 91' lang='lat' dir='ltr'><strong>dum</strong></span> <span class='ocrx_word' id='word_1_132' title='bbox 2026 649 2080 695; x_wconf 93' lang='lat' dir='ltr'><strong>et</strong></span> <span class='ocrx_word' id='word_1_133' title='bbox 2121 638 2416 709; x_wconf 89' lang='lat' dir='ltr'><strong>gloriosum</strong></span> <span class='ocrx_word' id='word_1_134' title='bbox 2447 635 2593 690; x_wconf 90' lang='lat' dir='ltr'><strong>illius</strong></span> <span class='ocrx_word' id='word_1_135' title='bbox 2645 632 2935 685; x_wconf 75' lang='lat' dir='ltr'><strong>adventum</strong></span> <span class='ocrx_word' id='word_1_136' title='bbox 2992 626 3281 697; x_wconf 86' lang='lat' dir='ltr'><strong>significat.</strong></span> <span class='ocrx_word' id='word_1_137' title='bbox 3319 624 3425 679; x_wconf 88' lang='lat' dir='ltr'><strong>Sed</strong></span> 
     </span>
    </p>
   </div>
   <div class='ocr_carea' id='block_1_22' title="bbox 1858 718 3426 803">
    <p class='ocr_par' dir='ltr' id='par_1_22' title="bbox 1858 718 3426 803">
     <span class='ocr_line' id='line_1_22' title="bbox 1858 718 3426 803; baseline -0.01 -16"><span class='ocrx_word' id='word_1_138' title='bbox 1858 734 1951 803; x_wconf 89' lang='lat' dir='ltr'><strong>qui</strong></span> <span class='ocrx_word' id='word_1_139' title='bbox 1980 731 2161 787; x_wconf 86' lang='lat' dir='ltr'><strong>omnia</strong></span> <span class='ocrx_word' id='word_1_140' title='bbox 2192 731 2307 785; x_wconf 65' lang='lat' dir='ltr'><strong>haec</strong></span> <span class='ocrx_word' id='word_1_141' title='bbox 2334 728 2503 793; x_wconf 84' lang='lat' dir='ltr'><strong>canit,</strong></span> <span class='ocrx_word' id='word_1_142' title='bbox 2537 725 2797 779; x_wconf 88' lang='lat' dir='ltr'><strong>Dominus</strong></span> <span class='ocrx_word' id='word_1_143' title='bbox 2822 730 2906 777; x_wconf 92' lang='lat' dir='ltr'><strong>est</strong></span> <span class='ocrx_word' id='word_1_144' title='bbox 2931 720 3274 789; x_wconf 87' lang='lat' dir='ltr'><strong>omnipotens</strong></span> <span class='ocrx_word' id='word_1_145' title='bbox 3304 718 3426 771; x_wconf 86' lang='lat' dir='ltr'><strong>uni-</strong></span> 
     </span>
    </p>
   </div>
   <div class='ocr_carea' id='block_1_23' title="bbox 1857 824 2201 881">
    <p class='ocr_par' dir='ltr' id='par_1_23' title="bbox 1857 824 2201 881">
     <span class='ocr_line' id='line_1_23' title="bbox 1857 824 2201 881; baseline -0.003 -1"><span class='ocrx_word' id='word_1_146' title='bbox 1857 824 2000 881; x_wconf 83' lang='lat' dir='ltr'><strong>versi</strong></span> <span class='ocrx_word' id='word_1_147' title='bbox 2037 824 2201 880; x_wconf 88' lang='lat' dir='ltr'><strong>Deus.</strong></span> 
     </span>
    </p>
   </div>
   <div class='ocr_carea' id='block_1_24' title="bbox 2422 931 2871 992">
    <p class='ocr_par' dir='ltr' id='par_1_24' title="bbox 2422 931 2871 992">
     <span class='ocr_line' id='line_1_24' title="bbox 2422 931 2871 992; baseline -0.011 0"><span class='ocrx_word' id='word_1_148' title='bbox 2422 932 2648 992; x_wconf 84' lang='lat' dir='ltr'><strong>CAPUT</strong></span> <span class='ocrx_word' id='word_1_149' title='bbox 2678 931 2871 987; x_wconf 77' lang='lat' dir='ltr'><strong>XXIX.</strong></span> 
     </span>
    </p>
   </div>
   <div class='ocr_carea' id='block_1_25' title="bbox 1858 1041 3425 1127">
    <p class='ocr_par' dir='ltr' id='par_1_25' title="bbox 1858 1041 3425 1127">
     <span class='ocr_line' id='line_1_25' title="bbox 1858 1041 3425 1127; baseline -0.01 -18"><span class='ocrx_word' id='word_1_150' title='bbox 1858 1054 2022 1127; x_wconf 58' lang='lat'><strong>255,</strong></span> <span class='ocrx_word' id='word_1_151' title='bbox 2063 1051 2217 1120; x_wconf 85' lang='lat' dir='ltr'><strong>Quod</strong></span> <span class='ocrx_word' id='word_1_152' title='bbox 2267 1048 2681 1127; x_wconf 62' lang='lat' dir='ltr'><strong>solemjustitia:</strong></span> <span class='ocrx_word' id='word_1_153' title='bbox 2720 1044 2990 1127; x_wconf 56' lang='lat' dir='ltr'><strong>plu-istum</strong></span> <span class='ocrx_word' id='word_1_154' title='bbox 3043 1044 3154 1111; x_wconf 83' lang='lat' dir='ltr'><strong>ipse</strong></span> <span class='ocrx_word' id='word_1_155' title='bbox 3197 1041 3425 1096; x_wconf 78' lang='lat' dir='ltr'><strong>universi</strong></span> 
     </span>
    </p>
   </div>
   <div class='ocr_carea' id='block_1_26' title="bbox 2423 1119 2848 1174">
    <p class='ocr_par' dir='ltr' id='par_1_26' title="bbox 2423 1119 2848 1174">
     <span class='ocr_line' id='line_1_26' title="bbox 2423 1119 2848 1174; baseline -0.007 0"><span class='ocrx_word' id='word_1_156' title='bbox 2423 1120 2559 1174; x_wconf 78' lang='lat' dir='ltr'><strong>Deus</strong></span> <span class='ocrx_word' id='word_1_157' title='bbox 2590 1119 2848 1173; x_wconf 75' lang='lat' dir='ltr'><strong>nominat.</strong></span> 
     </span>
    </p>
   </div>
   <div class='ocr_carea' id='block_1_27' title="bbox 1934 1222 3423 1293">
    <p class='ocr_par' dir='ltr' id='par_1_27' title="bbox 1934 1222 3423 1293">
     <span class='ocr_line' id='line_1_27' title="bbox 1934 1222 3423 1293; baseline -0.01 -3"><span class='ocrx_word' id='word_1_158' title='bbox 1934 1258 1952 1290; x_wconf 75' lang='grc' dir='ltr'><strong>ι</strong></span> <span class='ocrx_word' id='word_1_159' title='bbox 1986 1236 2049 1290; x_wconf 88' lang='lat' dir='ltr'><strong>Et</strong></span> <span class='ocrx_word' id='word_1_160' title='bbox 2074 1236 2279 1289; x_wconf 86' lang='lat' dir='ltr'><strong>orietur</strong></span> <span class='ocrx_word' id='word_1_161' title='bbox 2306 1232 2622 1287; x_wconf 81' lang='lat' dir='ltr'><strong>timentibus</strong></span> <span class='ocrx_word' id='word_1_162' title='bbox 2654 1244 2846 1285; x_wconf 91' lang='lat' dir='ltr'><strong>nomen</strong></span> <span class='ocrx_word' id='word_1_163' title='bbox 2871 1241 3049 1281; x_wconf 92' lang='lat' dir='ltr'><strong>meum</strong></span> <span class='ocrx_word' id='word_1_164' title='bbox 3074 1224 3155 1280; x_wconf 92' lang='lat' dir='ltr'><strong>sol</strong></span> <span class='ocrx_word' id='word_1_165' title='bbox 3178 1222 3423 1293; x_wconf 69' lang='lat' dir='ltr'><strong>justitiae,</strong></span> 
     </span>
    </p>
   </div>
   <div class='ocr_carea' id='block_1_28' title="bbox 1859 1318 3426 1394">
    <p class='ocr_par' dir='ltr' id='par_1_28' title="bbox 1859 1318 3426 1394">
     <span class='ocr_line' id='line_1_28' title="bbox 1859 1318 3426 1394; baseline -0.013 -6"><span class='ocrx_word' id='word_1_166' title='bbox 1859 1340 1912 1388; x_wconf 85' lang='lat' dir='ltr'><strong>ct</strong></span> <span class='ocrx_word' id='word_1_167' title='bbox 1944 1320 2156 1387; x_wconf 79' lang='lat' dir='ltr'><strong>sanatio</strong></span> <span class='ocrx_word' id='word_1_168' title='bbox 2183 1329 2285 1382; x_wconf 90' lang='lat' dir='ltr'><strong>erit</strong></span> <span class='ocrx_word' id='word_1_169' title='bbox 2319 1326 2371 1380; x_wconf 93' lang='lat' dir='ltr'><strong>in</strong></span> <span class='ocrx_word' id='word_1_170' title='bbox 2402 1326 2504 1380; x_wconf 90' lang='lat' dir='ltr'><strong>alis</strong></span> <span class='ocrx_word' id='word_1_171' title='bbox 2534 1325 2711 1394; x_wconf 76' lang='lat' dir='ltr'><strong>ejus’.</strong></span> <span class='ocrx_word' id='word_1_172' title='bbox 2749 1344 2768 1376; x_wconf 74' lang='grc' dir='ltr'><strong>ι</strong></span> <span class='ocrx_word' id='word_1_173' title='bbox 2803 1322 2905 1389; x_wconf 84' lang='lat' dir='ltr'><strong>Qui</strong></span> <span class='ocrx_word' id='word_1_174' title='bbox 2940 1335 3079 1389; x_wconf 73' lang='lat' dir='ltr'><strong>saepe</strong></span> <span class='ocrx_word' id='word_1_175' title='bbox 3114 1318 3426 1372; x_wconf 90' lang='lat' dir='ltr'><strong>nominatus</strong></span> 
     </span>
    </p>
   </div>
   <div class='ocr_carea' id='block_1_29' title="bbox 1859 1409 3427 1486">
    <p class='ocr_par' dir='ltr' id='par_1_29' title="bbox 1859 1409 3427 1486">
     <span class='ocr_line' id='line_1_29' title="bbox 1859 1409 3427 1486; baseline -0.012 -5"><span class='ocrx_word' id='word_1_176' title='bbox 1859 1434 1942 1481; x_wconf 83' lang='lat' dir='ltr'><strong>est</strong></span> <span class='ocrx_word' id='word_1_177' title='bbox 1971 1432 2027 1480; x_wconf 91' lang='lat' dir='ltr'><strong>et</strong></span> <span class='ocrx_word' id='word_1_178' title='bbox 2060 1423 2343 1486; x_wconf 85' lang='lat' dir='ltr'><strong>Dominus,</strong></span> <span class='ocrx_word' id='word_1_179' title='bbox 2381 1427 2434 1475; x_wconf 86' lang='lat' dir='ltr'><strong>et</strong></span> <span class='ocrx_word' id='word_1_180' title='bbox 2486 1418 2651 1479; x_wconf 86' lang='lat' dir='ltr'><strong>Deus,</strong></span> <span class='ocrx_word' id='word_1_181' title='bbox 2698 1425 2752 1472; x_wconf 90' lang='lat' dir='ltr'><strong>et</strong></span> <span class='ocrx_word' id='word_1_182' title='bbox 2785 1415 3033 1485; x_wconf 78' lang='lat' dir='ltr'><strong>angelus,</strong></span> <span class='ocrx_word' id='word_1_183' title='bbox 3088 1420 3143 1467; x_wconf 92' lang='lat' dir='ltr'><strong>et</strong></span> <span class='ocrx_word' id='word_1_184' title='bbox 3173 1409 3427 1481; x_wconf 83' lang='lat' dir='ltr'><strong>princeps</strong></span> 
     </span>
    </p>
   </div>
   <div class='ocr_carea' id='block_1_30' title="bbox 1862 1499 3425 1588">
    <p class='ocr_par' dir='ltr' id='par_1_30' title="bbox 1862 1499 3425 1588">
     <span class='ocr_line' id='line_1_30' title="bbox 1862 1499 3425 1588; baseline -0.012 -17"><span class='ocrx_word' id='word_1_185' title='bbox 1862 1518 2275 1588; x_wconf 86' lang='lat' dir='ltr'><strong>imperatorum,</strong></span> <span class='ocrx_word' id='word_1_186' title='bbox 2311 1522 2365 1568; x_wconf 92' lang='lat' dir='ltr'><strong>et</strong></span> <span class='ocrx_word' id='word_1_187' title='bbox 2390 1512 2664 1572; x_wconf 87' lang='lat' dir='ltr'><strong>Christus,</strong></span> <span class='ocrx_word' id='word_1_188' title='bbox 2698 1516 2750 1562; x_wconf 91' lang='lat' dir='ltr'><strong>et</strong></span> <span class='ocrx_word' id='word_1_189' title='bbox 2779 1505 3057 1567; x_wconf 85' lang='lat' dir='ltr'><strong>sacerdos,</strong></span> <span class='ocrx_word' id='word_1_190' title='bbox 3089 1510 3141 1557; x_wconf 90' lang='lat' dir='ltr'><strong>et</strong></span> <span class='ocrx_word' id='word_1_191' title='bbox 3166 1499 3425 1565; x_wconf 82' lang='lat' dir='ltr'><strong>Verbum,</strong></span> 
     </span>
    </p>
   </div>
   <div class='ocr_carea' id='block_1_31' title="bbox 1859 1593 3427 1678">
    <p class='ocr_par' dir='ltr' id='par_1_31' title="bbox 1859 1593 3427 1678">
     <span class='ocr_line' id='line_1_31' title="bbox 1859 1593 3427 1678; baseline -0.011 -15"><span class='ocrx_word' id='word_1_192' title='bbox 1859 1617 1914 1663; x_wconf 89' lang='lat' dir='ltr'><strong>et</strong></span> <span class='ocrx_word' id='word_1_193' title='bbox 1947 1607 2213 1678; x_wconf 85' lang='lat' dir='ltr'><strong>sapientia</strong></span> <span class='ocrx_word' id='word_1_194' title='bbox 2246 1605 2362 1665; x_wconf 87' lang='lat' dir='ltr'><strong>Dei.</strong></span> <span class='ocrx_word' id='word_1_195' title='bbox 2397 1611 2451 1658; x_wconf 89' lang='lat' dir='ltr'><strong>ct</strong></span> <span class='ocrx_word' id='word_1_196' title='bbox 2483 1604 2697 1673; x_wconf 82' lang='lat' dir='ltr'><strong>imago:</strong></span> <span class='ocrx_word' id='word_1_197' title='bbox 2732 1615 2877 1653; x_wconf 90' lang='lat' dir='ltr'><strong>nunc</strong></span> <span class='ocrx_word' id='word_1_198' title='bbox 2919 1597 3058 1651; x_wconf 89' lang='lat' dir='ltr'><strong>idem</strong></span> <span class='ocrx_word' id='word_1_199' title='bbox 3092 1613 3111 1646; x_wconf 74' lang='grc' dir='ltr'><strong>ι</strong></span> <span class='ocrx_word' id='word_1_200' title='bbox 3152 1594 3233 1650; x_wconf 91' lang='lat' dir='ltr'><strong>sol</strong></span> <span class='ocrx_word' id='word_1_201' title='bbox 3262 1593 3427 1663; x_wconf 87' lang='lat' dir='ltr'><strong>justi-</strong></span> 
     </span>
    </p>
   </div>
   <div class='ocr_carea' id='block_1_32' title="bbox 1862 1684 3429 1766">
    <p class='ocr_par' dir='ltr' id='par_1_32' title="bbox 1862 1684 3429 1766">
     <span class='ocr_line' id='line_1_32' title="bbox 1862 1684 3429 1766; baseline -0.008 -11"><span class='ocrx_word' id='word_1_202' title='bbox 1862 1702 1949 1755; x_wconf 66' lang='lat' dir='ltr'><strong>tiaa</strong></span> <span class='ocrx_word' id='word_1_203' title='bbox 1985 1721 2002 1753; x_wconf 86' lang='grc'><strong>›</strong></span> <span class='ocrx_word' id='word_1_204' title='bbox 2040 1700 2260 1754; x_wconf 84' lang='lat' dir='ltr'><strong>dicitur.</strong></span> <span class='ocrx_word' id='word_1_205' title='bbox 2288 1699 2443 1753; x_wconf 86' lang='lat' dir='ltr'><strong>Hunc</strong></span> <span class='ocrx_word' id='word_1_206' title='bbox 2470 1698 2647 1766; x_wconf 91' lang='lat' dir='ltr'><strong>ipsum</strong></span> <span class='ocrx_word' id='word_1_207' title='bbox 2684 1695 2867 1765; x_wconf 80' lang='lat' dir='ltr'><strong>igitur,</strong></span> <span class='ocrx_word' id='word_1_208' title='bbox 2904 1693 2949 1747; x_wconf 91' lang='lat' dir='ltr'><strong>is</strong></span> <span class='ocrx_word' id='word_1_209' title='bbox 2981 1692 3072 1761; x_wconf 86' lang='lat' dir='ltr'><strong>qui</strong></span> <span class='ocrx_word' id='word_1_210' title='bbox 3112 1690 3297 1761; x_wconf 83' lang='lat' dir='ltr'><strong>genuit</strong></span> <span class='ocrx_word' id='word_1_211' title='bbox 3324 1684 3429 1742; x_wconf 83' lang='lat' dir='ltr'><strong>Pa-</strong></span> 
     </span>
    </p>
   </div>
   <div class='ocr_carea' id='block_1_33' title="bbox 173 1774 1748 1859">
    <p class='ocr_par' dir='ltr' id='par_1_33' title="bbox 173 1774 1748 1848">
     <span class='ocr_line' id='line_1_33' title="bbox 173 1774 1748 1848; baseline 0.004 -23"><span class='ocrx_word' id='word_1_212' title='bbox 173 1774 243 1825; x_wconf 70' lang='grc' dir='ltr'>οὐ</span> <span class='ocrx_word' id='word_1_213' title='bbox 274 1777 390 1837; x_wconf 78' lang='grc' dir='ltr'>τοῖς</span> <span class='ocrx_word' id='word_1_214' title='bbox 420 1776 603 1839; x_wconf 82' lang='grc' dir='ltr'>πᾶσιν,</span> <span class='ocrx_word' id='word_1_215' title='bbox 640 1774 773 1829; x_wconf 82' lang='grc' dir='ltr'>ἀλλὰ</span> <span class='ocrx_word' id='word_1_216' title='bbox 810 1776 991 1845; x_wconf 90' lang='grc' dir='ltr'>μόνοις</span> <span class='ocrx_word' id='word_1_217' title='bbox 1021 1779 1130 1840; x_wconf 84' lang='grc' dir='ltr'>τοῖς</span> <span class='ocrx_word' id='word_1_218' title='bbox 1162 1777 1220 1829; x_wconf 81' lang='grc' dir='ltr'>τὸ</span> <span class='ocrx_word' id='word_1_219' title='bbox 1253 1778 1419 1848; x_wconf 78' lang='grc' dir='ltr'>ὄνομα</span> <span class='ocrx_word' id='word_1_220' title='bbox 1452 1778 1615 1831; x_wconf 78' lang='grc' dir='ltr'>αὐτοῦ</span> <span class='ocrx_word' id='word_1_221' title='bbox 1652 1794 1748 1847; x_wconf 73' lang='grc' dir='ltr'><strong>φο-</strong></span> 
     </span>
    </p>
   </div>
   <div class='ocr_carea' id='block_1_34' title="bbox 1858 1774 3428 1859">
    <p class='ocr_par' dir='ltr' id='par_1_34' title="bbox 1858 1782 3428 1859">
     <span class='ocr_line' id='line_1_34' title="bbox 1858 1782 3428 1859; baseline -0.01 -10"><span class='ocrx_word' id='word_1_222' title='bbox 1858 1803 1955 1859; x_wconf 85' lang='lat' dir='ltr'><strong>ter,</strong></span> <span class='ocrx_word' id='word_1_223' title='bbox 2012 1809 2120 1848; x_wconf 90' lang='lat' dir='ltr'><strong>non</strong></span> <span class='ocrx_word' id='word_1_224' title='bbox 2172 1792 2425 1847; x_wconf 90' lang='lat' dir='ltr'><strong>omnibus</strong></span> <span class='ocrx_word' id='word_1_225' title='bbox 2484 1790 2749 1844; x_wconf 88' lang='lat' dir='ltr'><strong>oriturum</strong></span> <span class='ocrx_word' id='word_1_226' title='bbox 2804 1785 3090 1857; x_wconf 85' lang='lat' dir='ltr'><strong>promittit,</strong></span> <span class='ocrx_word' id='word_1_227' title='bbox 3154 1783 3247 1837; x_wconf 91' lang='lat' dir='ltr'><strong>sed</strong></span> <span class='ocrx_word' id='word_1_228' title='bbox 3297 1782 3428 1838; x_wconf 89' lang='lat' dir='ltr'><strong>solis</strong></span> 
     </span>
    </p>
   </div>
   <div class='ocr_carea' id='block_1_35' title="bbox 174 1865 1748 1941">
    <p class='ocr_par' dir='ltr' id='par_1_35' title="bbox 174 1865 1748 1941">
     <span class='ocr_line' id='line_1_35' title="bbox 174 1865 1748 1941; baseline 0.004 -25"><span class='ocrx_word' id='word_1_229' title='bbox 174 1865 469 1935; x_wconf 78' lang='grc' dir='ltr'>ϐουμένοις</span> <span class='ocrx_word' id='word_1_230' title='bbox 503 1865 778 1919; x_wconf 84' lang='grc' dir='ltr'>ἀνατελεῖν</span> <span class='ocrx_word' id='word_1_231' title='bbox 811 1867 1227 1936; x_wconf 83' lang='grc' dir='ltr'>ἐπαγγέλλεται,</span> <span class='ocrx_word' id='word_1_232' title='bbox 1255 1869 1418 1941; x_wconf 83' lang='grc' dir='ltr'>γέρας</span> <span class='ocrx_word' id='word_1_233' title='bbox 1446 1870 1626 1933; x_wconf 74' lang='grc' dir='ltr'>αὐτοῖς</span> <span class='ocrx_word' id='word_1_234' title='bbox 1656 1869 1748 1923; x_wconf 78' lang='grc' dir='ltr'>τοῦ</span> 
     </span>
    </p>
   </div>
   <div class='ocr_carea' id='block_1_36' title="bbox 173 1957 1751 2032">
    <p class='ocr_par' dir='ltr' id='par_1_36' title="bbox 173 1957 1751 2032">
     <span class='ocr_line' id='line_1_36' title="bbox 173 1957 1751 2032; baseline 0.004 -24"><span class='ocrx_word' id='word_1_235' title='bbox 173 1960 259 2019; x_wconf 77' lang='grc' dir='ltr'>εἰς</span> <span class='ocrx_word' id='word_1_236' title='bbox 291 1958 455 2010; x_wconf 76' lang='grc' dir='ltr'>αὐτὸν</span> <span class='ocrx_word' id='word_1_237' title='bbox 484 1957 645 2025; x_wconf 77' lang='grc' dir='ltr'>φόϐου</span> <span class='ocrx_word' id='word_1_238' title='bbox 688 1957 860 2022; x_wconf 73' lang='grc' dir='ltr'>διδοὺς</span> <span class='ocrx_word' id='word_1_239' title='bbox 897 1960 957 2011; x_wconf 83' lang='grc' dir='ltr'><strong>τὸ</strong></span> <span class='ocrx_word' id='word_1_240' title='bbox 1003 1960 1116 2029; x_wconf 77' lang='grc' dir='ltr'><strong>φῶς</strong></span> <span class='ocrx_word' id='word_1_241' title='bbox 1151 1960 1242 2013; x_wconf 76' lang='grc' dir='ltr'>τοῦ</span> <span class='ocrx_word' id='word_1_242' title='bbox 1278 1963 1374 2032; x_wconf 74' lang='grc' dir='ltr'>τῆς</span> <span class='ocrx_word' id='word_1_243' title='bbox 1411 1962 1751 2032; x_wconf 78' lang='grc' dir='ltr'>δικαιοσύνης</span> 
     </span>
    </p>
   </div>
   <div class='ocr_carea' id='block_1_37' title="bbox 172 2044 1752 2122">
    <p class='ocr_par' dir='ltr' id='par_1_37' title="bbox 172 2044 1752 2122">
     <span class='ocr_line' id='line_1_37' title="bbox 172 2044 1752 2122; baseline 0.004 -24"><span class='ocrx_word' id='word_1_244' title='bbox 172 2050 358 2118; x_wconf 75' lang='grc' dir='ltr'>ἡλίου.</span> <span class='ocrx_word' id='word_1_245' title='bbox 385 2050 481 2121; x_wconf 85' lang='grc' dir='ltr'><strong>Εἴη</strong></span> <span class='ocrx_word' id='word_1_246' title='bbox 514 2050 558 2102; x_wconf 85' lang='grc' dir='ltr'>δ’</span> <span class='ocrx_word' id='word_1_247' title='bbox 586 2051 650 2103; x_wconf 83' lang='grc' dir='ltr'>ἂν</span> <span class='ocrx_word' id='word_1_248' title='bbox 674 2044 824 2113; x_wconf 68' lang='grc' dir='ltr'>οὗτος</span> <span class='ocrx_word' id='word_1_249' title='bbox 853 2053 880 2105; x_wconf 89' lang='grc' dir='ltr'>ὁ</span> <span class='ocrx_word' id='word_1_250' title='bbox 902 2051 1031 2115; x_wconf 84' lang='grc' dir='ltr'>Θεὸς</span> <span class='ocrx_word' id='word_1_251' title='bbox 1058 2053 1247 2120; x_wconf 81' lang='grc' dir='ltr'>Λόγος,</span> <span class='ocrx_word' id='word_1_252' title='bbox 1275 2055 1303 2104; x_wconf 87' lang='grc' dir='ltr'>ὁ</span> <span class='ocrx_word' id='word_1_253' title='bbox 1329 2052 1517 2105; x_wconf 76' lang='grc' dir='ltr'>εἰπὼνο</span> <span class='ocrx_word' id='word_1_254' title='bbox 1555 2074 1572 2103; x_wconf 83' lang='grc'><strong><em>‹</em></strong></span> <span class='ocrx_word' id='word_1_255' title='bbox 1613 2053 1752 2122; x_wconf 82' lang='grc' dir='ltr'><strong>Ἐγώ</strong></span> 
     </span>
    </p>
   </div>
   <div class='ocr_carea' id='block_1_38' title="bbox 170 2139 1750 2214">
    <p class='ocr_par' dir='ltr' id='par_1_38' title="bbox 170 2139 1750 2214">
     <span class='ocr_line' id='line_1_38' title="bbox 170 2139 1750 2214; baseline 0.003 -21"><span class='ocrx_word' id='word_1_256' title='bbox 170 2140 297 2208; x_wconf 80' lang='grc' dir='ltr'>είμι</span> <span class='ocrx_word' id='word_1_257' title='bbox 326 2139 388 2192; x_wconf 80' lang='grc' dir='ltr'><strong>τὸ</strong></span> <span class='ocrx_word' id='word_1_258' title='bbox 420 2140 534 2209; x_wconf 73' lang='grc' dir='ltr'>φῶς</span> <span class='ocrx_word' id='word_1_259' title='bbox 566 2139 657 2193; x_wconf 83' lang='grc' dir='ltr'>τοῦ</span> <span class='ocrx_word' id='word_1_260' title='bbox 690 2142 928 2211; x_wconf 85' lang='grc' dir='ltr'>κόσμου·</span> <span class='ocrx_word' id='word_1_261' title='bbox 979 2143 1115 2214; x_wconf 82' lang='grc' dir='ltr'>ὅπερ</span> <span class='ocrx_word' id='word_1_262' title='bbox 1161 2139 1227 2214; x_wconf 78' lang='grc' dir='ltr'>ἦν</span> <span class='ocrx_word' id='word_1_263' title='bbox 1270 2143 1383 2212; x_wconf 78' lang='grc' dir='ltr'><strong>φῶς</strong></span> <span class='ocrx_word' id='word_1_264' title='bbox 1424 2144 1483 2196; x_wconf 75' lang='grc' dir='ltr'>τὸ</span> <span class='ocrx_word' id='word_1_265' title='bbox 1525 2145 1750 2212; x_wconf 70' lang='grc' dir='ltr'>φωτίζον</span> 
     </span>
    </p>
   </div>
   <div class='ocr_carea' id='block_1_39' title="bbox 173 2231 1751 2305">
    <p class='ocr_par' dir='ltr' id='par_1_39' title="bbox 173 2231 1751 2305">
     <span class='ocr_line' id='line_1_39' title="bbox 173 2231 1751 2305; baseline 0.003 -22"><span class='ocrx_word' id='word_1_266' title='bbox 173 2231 365 2284; x_wconf 79' lang='grc' dir='ltr'>πάντα</span> <span class='ocrx_word' id='word_1_267' title='bbox 394 2231 676 2303; x_wconf 79' lang='grc' dir='ltr'>ἄνθρωπον</span> <span class='ocrx_word' id='word_1_268' title='bbox 710 2233 1000 2305; x_wconf 76' lang='grc' dir='ltr'>ἐρχόμενον</span> <span class='ocrx_word' id='word_1_269' title='bbox 1025 2236 1104 2298; x_wconf 85' lang='grc' dir='ltr'><strong>είς</strong></span> <span class='ocrx_word' id='word_1_270' title='bbox 1129 2235 1217 2287; x_wconf 83' lang='grc' dir='ltr'><strong>τὸν</strong></span> <span class='ocrx_word' id='word_1_271' title='bbox 1251 2235 1471 2305; x_wconf 84' lang='grc' dir='ltr'>κόσμον.</span> <span class='ocrx_word' id='word_1_272' title='bbox 1505 2254 1523 2286; x_wconf 71' lang='grc' dir='ltr'><strong>ι</strong></span> <span class='ocrx_word' id='word_1_273' title='bbox 1555 2235 1751 2289; x_wconf 81' lang='grc' dir='ltr'>Τοῦτον</span> 
     </span>
    </p>
   </div>
   <div class='ocr_carea' id='block_1_40' title="bbox 171 2318 1752 2397">
    <p class='ocr_par' dir='ltr' id='par_1_40' title="bbox 171 2318 1752 2397">
     <span class='ocr_line' id='line_1_40' title="bbox 171 2318 1752 2397; baseline 0.001 -20"><span class='ocrx_word' id='word_1_274' title='bbox 171 2322 243 2392; x_wconf 76' lang='grc' dir='ltr'>δὴ</span> <span class='ocrx_word' id='word_1_275' title='bbox 273 2318 387 2386; x_wconf 75' lang='grc' dir='ltr'>οὖν,</span> <span class='ocrx_word' id='word_1_276' title='bbox 415 2323 526 2375; x_wconf 77' lang='grc' dir='ltr'>ἀλλ’</span> <span class='ocrx_word' id='word_1_277' title='bbox 560 2323 619 2375; x_wconf 83' lang='grc' dir='ltr'><strong>οὐ</strong></span> <span class='ocrx_word' id='word_1_278' title='bbox 652 2323 740 2375; x_wconf 75' lang='grc' dir='ltr'><strong>τὸν</strong></span> <span class='ocrx_word' id='word_1_279' title='bbox 772 2323 1048 2394; x_wconf 81' lang='grc' dir='ltr'>αἰσθητὸν,</span> <span class='ocrx_word' id='word_1_280' title='bbox 1080 2325 1201 2378; x_wconf 80' lang='grc' dir='ltr'>οὐδὲ</span> <span class='ocrx_word' id='word_1_281' title='bbox 1233 2326 1324 2377; x_wconf 80' lang='grc' dir='ltr'><strong>τὸν</strong></span> <span class='ocrx_word' id='word_1_282' title='bbox 1360 2326 1609 2397; x_wconf 80' lang='grc' dir='ltr'>προφανῆ</span> <span class='ocrx_word' id='word_1_283' title='bbox 1640 2328 1752 2390; x_wconf 84' lang='grc' dir='ltr'>τοῖς</span> 
     </span>
    </p>
   </div>
   <div class='ocr_carea' id='block_1_41' title="bbox 174 2416 1749 2489">
    <p class='ocr_par' dir='ltr' id='par_1_41' title="bbox 174 2416 1749 2489">
     <span class='ocr_line' id='line_1_41' title="bbox 174 2416 1749 2489; baseline 0.001 -19"><span class='ocrx_word' id='word_1_284' title='bbox 174 2418 317 2470; x_wconf 80' lang='grc' dir='ltr'>πᾶσι</span> <span class='ocrx_word' id='word_1_285' title='bbox 343 2416 576 2484; x_wconf 80' lang='grc' dir='ltr'>λογικοῖς</span> <span class='ocrx_word' id='word_1_286' title='bbox 604 2434 661 2469; x_wconf 87' lang='grc' dir='ltr'><strong>τε</strong></span> <span class='ocrx_word' id='word_1_287' title='bbox 696 2418 791 2470; x_wconf 86' lang='lat' dir='ltr'><strong>xai.</strong></span> <span class='ocrx_word' id='word_1_288' title='bbox 812 2417 1025 2485; x_wconf 81' lang='grc' dir='ltr'>ἀλόγοις</span> <span class='ocrx_word' id='word_1_289' title='bbox 1054 2418 1223 2489; x_wconf 73' lang='grc' dir='ltr'>ἣλιον,</span> <span class='ocrx_word' id='word_1_290' title='bbox 1264 2419 1399 2473; x_wconf 82' lang='grc' dir='ltr'>ἀλλὰ</span> <span class='ocrx_word' id='word_1_291' title='bbox 1426 2420 1519 2473; x_wconf 79' lang='grc' dir='ltr'><strong>τὸν</strong></span> <span class='ocrx_word' id='word_1_292' title='bbox 1548 2420 1749 2483; x_wconf 76' lang='grc' dir='ltr'>ἔνθεον,</span> 
     </span>
    </p>
   </div>
   <div class='ocr_carea' id='block_1_42' title="bbox 174 2510 1748 2583">
    <p class='ocr_par' dir='ltr' id='par_1_42' title="bbox 174 2510 1748 2583">
     <span class='ocr_line' id='line_1_42' title="bbox 174 2510 1748 2583; baseline 0.001 -20"><span class='ocrx_word' id='word_1_293' title='bbox 174 2510 269 2563; x_wconf 72' lang='grc' dir='ltr'><strong>καί</strong></span> <span class='ocrx_word' id='word_1_294' title='bbox 298 2510 503 2579; x_wconf 78' lang='grc' dir='ltr'>νοερὸν,</span> <span class='ocrx_word' id='word_1_295' title='bbox 540 2511 632 2565; x_wconf 71' lang='grc' dir='ltr'><strong>καὶ</strong></span> <span class='ocrx_word' id='word_1_296' title='bbox 654 2510 833 2579; x_wconf 82' lang='grc' dir='ltr'>πάσης</span> <span class='ocrx_word' id='word_1_297' title='bbox 856 2511 1051 2582; x_wconf 80' lang='grc' dir='ltr'>ἀρετῆς</span> <span class='ocrx_word' id='word_1_298' title='bbox 1074 2512 1166 2565; x_wconf 79' lang='grc' dir='ltr'><strong>καὶ</strong></span> <span class='ocrx_word' id='word_1_299' title='bbox 1190 2512 1531 2583; x_wconf 78' lang='grc' dir='ltr'>δικαιοσύνης</span> <span class='ocrx_word' id='word_1_300' title='bbox 1552 2513 1748 2578; x_wconf 81' lang='grc' dir='ltr'>αἴτιον,</span> 
     </span>
    </p>
   </div>
   <div class='ocr_carea' id='block_1_43' title="bbox 178 2603 1748 2675">
    <p class='ocr_par' dir='ltr' id='par_1_43' title="bbox 178 2603 1748 2675">
     <span class='ocr_line' id='line_1_43' title="bbox 178 2603 1748 2675; baseline 0.001 -20"><span class='ocrx_word' id='word_1_301' title='bbox 178 2604 369 2675; x_wconf 73' lang='grc' dir='ltr'>μόνοις</span> <span class='ocrx_word' id='word_1_302' title='bbox 406 2606 519 2666; x_wconf 86' lang='grc' dir='ltr'>τοῖς</span> <span class='ocrx_word' id='word_1_303' title='bbox 562 2603 912 2674; x_wconf 80' lang='grc' dir='ltr'>φοϐουμένοις</span> <span class='ocrx_word' id='word_1_304' title='bbox 962 2604 1120 2657; x_wconf 78' lang='grc' dir='ltr'>αὐτὸν</span> <span class='ocrx_word' id='word_1_305' title='bbox 1173 2604 1445 2658; x_wconf 80' lang='grc' dir='ltr'>ἀνατελεῖν</span> <span class='ocrx_word' id='word_1_306' title='bbox 1494 2606 1586 2658; x_wconf 76' lang='grc' dir='ltr'>ἐπὶ</span> <span class='ocrx_word' id='word_1_307' title='bbox 1656 2604 1748 2658; x_wconf 76' lang='grc' dir='ltr'>τοῦ</span> 
     </span>
    </p>
   </div>
   <div class='ocr_carea' id='block_1_44' title="bbox 174 2694 1749 2768">
    <p class='ocr_par' dir='ltr' id='par_1_44' title="bbox 174 2694 1749 2768">
     <span class='ocr_line' id='line_1_44' title="bbox 174 2694 1749 2768; baseline 0 -18"><span class='ocrx_word' id='word_1_308' title='bbox 174 2697 492 2768; x_wconf 80' lang='grc' dir='ltr'>παρόντοςό</span> <span class='ocrx_word' id='word_1_309' title='bbox 518 2696 647 2760; x_wconf 88' lang='grc' dir='ltr'>Θεός</span> <span class='ocrx_word' id='word_1_310' title='bbox 668 2713 852 2767; x_wconf 76' lang='grc' dir='ltr'>φησιν,</span> <span class='ocrx_word' id='word_1_311' title='bbox 887 2694 1253 2766; x_wconf 84' lang='grc' dir='ltr'>ἀποκρύπτων</span> <span class='ocrx_word' id='word_1_312' title='bbox 1309 2697 1473 2749; x_wconf 74' lang='grc' dir='ltr'>αὑτὸν</span> <span class='ocrx_word' id='word_1_313' title='bbox 1501 2697 1609 2750; x_wconf 89' lang='grc' dir='ltr'><strong>τῶν</strong></span> <span class='ocrx_word' id='word_1_314' title='bbox 1654 2698 1749 2750; x_wconf 81' lang='grc' dir='ltr'><strong>ἀν-</strong></span> 
     </span>
    </p>
   </div>
   <div class='ocr_carea' id='block_1_45' title="bbox 173 2780 1751 2859">
    <p class='ocr_par' dir='ltr' id='par_1_45' title="bbox 173 2780 1751 2859">
     <span class='ocr_line' id='line_1_45' title="bbox 173 2780 1751 2859; baseline 0.002 -18"><span class='ocrx_word' id='word_1_315' title='bbox 173 2790 367 2855; x_wconf 57' lang='grc' dir='ltr'>αξίων</span> <span class='ocrx_word' id='word_1_316' title='bbox 408 2794 533 2859; x_wconf 72' lang='grc' dir='ltr'>περὶ</span> <span class='ocrx_word' id='word_1_317' title='bbox 565 2780 639 2841; x_wconf 80' lang='grc' dir='ltr'>ὧν</span> <span class='ocrx_word' id='word_1_318' title='bbox 667 2786 919 2857; x_wconf 86' lang='grc' dir='ltr'>ἀλλαχόθι</span> <span class='ocrx_word' id='word_1_319' title='bbox 946 2804 1046 2839; x_wconf 88' lang='grc' dir='ltr'><strong>που</strong></span> <span class='ocrx_word' id='word_1_320' title='bbox 1088 2785 1252 2855; x_wconf 84' lang='grc' dir='ltr'>λέγει·</span> <span class='ocrx_word' id='word_1_321' title='bbox 1285 2807 1304 2839; x_wconf 76' lang='grc' dir='ltr'><strong>ι</strong></span> <span class='ocrx_word' id='word_1_322' title='bbox 1338 2788 1448 2842; x_wconf 76' lang='grc' dir='ltr'><strong>Καὶ</strong></span> <span class='ocrx_word' id='word_1_323' title='bbox 1470 2788 1686 2844; x_wconf 85' lang='grc' dir='ltr'>δύσεται</span> <span class='ocrx_word' id='word_1_324' title='bbox 1722 2792 1751 2844; x_wconf 91' lang='grc' dir='ltr'><strong>ό</strong></span> 
     </span>
    </p>
   </div>
   <div class='ocr_carea' id='block_1_46' title="bbox 171 2877 1749 2950">
    <p class='ocr_par' dir='ltr' id='par_1_46' title="bbox 171 2877 1749 2950">
     <span class='ocr_line' id='line_1_46' title="bbox 171 2877 1749 2950; baseline 0.001 -19"><span class='ocrx_word' id='word_1_325' title='bbox 171 2881 333 2948; x_wconf 61' lang='grc' dir='ltr'>ἥλιος</span> <span class='ocrx_word' id='word_1_326' title='bbox 363 2878 456 2932; x_wconf 75' lang='grc' dir='ltr'>ἐπὶ</span> <span class='ocrx_word' id='word_1_327' title='bbox 487 2880 611 2943; x_wconf 75' lang='grc' dir='ltr'>τοὺς</span> <span class='ocrx_word' id='word_1_328' title='bbox 646 2880 929 2950; x_wconf 72' lang='grc' dir='ltr'>προφήτας</span> <span class='ocrx_word' id='word_1_329' title='bbox 968 2878 1094 2941; x_wconf 79' lang='grc' dir='ltr'>τοὺς</span> <span class='ocrx_word' id='word_1_330' title='bbox 1139 2877 1452 2943; x_wconf 83' lang='grc' dir='ltr'>πλανῶντας</span> <span class='ocrx_word' id='word_1_331' title='bbox 1490 2880 1581 2934; x_wconf 83' lang='grc' dir='ltr'><strong>τὸν</strong></span> <span class='ocrx_word' id='word_1_332' title='bbox 1624 2880 1749 2936; x_wconf 85' lang='grc' dir='ltr'>λαόν</span> 
     </span>
    </p>
   </div>
   <div class='ocr_carea' id='block_1_47' title="bbox 176 2984 367 3039">
    <p class='ocr_par' dir='ltr' id='par_1_47' title="bbox 176 2984 367 3039">
     <span class='ocr_line' id='line_1_47' title="bbox 176 2984 367 3039; baseline -0.005 -20"><span class='ocrx_word' id='word_1_333' title='bbox 176 2984 305 3039; x_wconf 83' lang='grc' dir='ltr'>μου.</span> <span class='ocrx_word' id='word_1_334' title='bbox 346 2986 367 3018; x_wconf 72' lang='grc' dir='ltr'><strong>ι</strong></span> 
     </span>
    </p>
   </div>
   <div class='ocr_carea' id='block_1_48' title="bbox 709 3106 1217 3162">
    <p class='ocr_par' dir='ltr' id='par_1_48' title="bbox 709 3106 1217 3162">
     <span class='ocr_line' id='line_1_48' title="bbox 709 3106 1217 3162; baseline 0.006 -3"><span class='ocrx_word' id='word_1_335' title='bbox 709 3106 1103 3159; x_wconf 76' lang='grc' dir='ltr'><strong>ΚΕΦΑΛΑΙΟΝ</strong></span> <span class='ocrx_word' id='word_1_336' title='bbox 1141 3107 1217 3162; x_wconf 86' lang='grc' dir='ltr'><strong>Λ’.</strong></span> 
     </span>
    </p>
   </div>
   <div class='ocr_carea' id='block_1_49' title="bbox 1859 1877 3426 1947">
    <p class='ocr_par' dir='ltr' id='par_1_49' title="bbox 1859 1877 3426 1947">
     <span class='ocr_line' id='line_1_49' title="bbox 1859 1877 3426 1947; baseline -0.006 -7"><span class='ocrx_word' id='word_1_337' title='bbox 1859 1902 2053 1940; x_wconf 86' lang='lat' dir='ltr'><strong>nomen</strong></span> <span class='ocrx_word' id='word_1_338' title='bbox 2088 1901 2245 1941; x_wconf 90' lang='lat' dir='ltr'><strong>suum</strong></span> <span class='ocrx_word' id='word_1_339' title='bbox 2277 1883 2610 1947; x_wconf 84' lang='lat' dir='ltr'><strong>timentibus,</strong></span> <span class='ocrx_word' id='word_1_340' title='bbox 2644 1888 2702 1933; x_wconf 89' lang='lat' dir='ltr'><strong>ut</strong></span> <span class='ocrx_word' id='word_1_341' title='bbox 2734 1880 2814 1934; x_wconf 88' lang='lat' dir='ltr'><strong>sic</strong></span> <span class='ocrx_word' id='word_1_342' title='bbox 2842 1878 2947 1933; x_wconf 88' lang='lat' dir='ltr'><strong>illis</strong></span> <span class='ocrx_word' id='word_1_343' title='bbox 2974 1877 3183 1932; x_wconf 86' lang='lat' dir='ltr'><strong>timoris</strong></span> <span class='ocrx_word' id='word_1_344' title='bbox 3213 1890 3339 1947; x_wconf 84' lang='lat' dir='ltr'><strong>erga</strong></span> <span class='ocrx_word' id='word_1_345' title='bbox 3369 1891 3426 1931; x_wconf 87' lang='lat' dir='ltr'><strong>se</strong></span> 
     </span>
    </p>
   </div>
   <div class='ocr_carea' id='block_1_50' title="bbox 1860 1968 3427 2048">
    <p class='ocr_par' dir='ltr' id='par_1_50' title="bbox 1860 1968 3427 2048">
     <span class='ocr_line' id='line_1_50' title="bbox 1860 1968 3427 2048; baseline -0.005 -17"><span class='ocrx_word' id='word_1_346' title='bbox 1860 1968 2160 2048; x_wconf 57' lang='lat' dir='ltr'><strong>praemium,</strong></span> <span class='ocrx_word' id='word_1_347' title='bbox 2194 1977 2325 2031; x_wconf 88' lang='lat' dir='ltr'><strong>solis</strong></span> <span class='ocrx_word' id='word_1_348' title='bbox 2359 1975 2586 2045; x_wconf 72' lang='lat' dir='ltr'><strong>justitia:</strong></span> <span class='ocrx_word' id='word_1_349' title='bbox 2615 1973 2703 2026; x_wconf 92' lang='lat' dir='ltr'><strong>det</strong></span> <span class='ocrx_word' id='word_1_350' title='bbox 2740 1973 2942 2025; x_wconf 90' lang='lat' dir='ltr'><strong>lumen.</strong></span> <span class='ocrx_word' id='word_1_351' title='bbox 2980 1969 3094 2024; x_wconf 86' lang='lat' dir='ltr'><strong>Erit</strong></span> <span class='ocrx_word' id='word_1_352' title='bbox 3126 1976 3303 2023; x_wconf 88' lang='lat' dir='ltr'><strong>autem</strong></span> <span class='ocrx_word' id='word_1_353' title='bbox 3336 1968 3427 2023; x_wconf 89' lang='lat' dir='ltr'><strong>hic</strong></span> 
     </span>
    </p>
   </div>
   <div class='ocr_carea' id='block_1_51' title="bbox 1860 2061 3424 2137">
    <p class='ocr_par' dir='ltr' id='par_1_51' title="bbox 1860 2061 3424 2137">
     <span class='ocr_line' id='line_1_51' title="bbox 1860 2061 3424 2137; baseline -0.005 -15"><span class='ocrx_word' id='word_1_354' title='bbox 1860 2070 2002 2125; x_wconf 81' lang='lat' dir='ltr'><strong>Deus</strong></span> <span class='ocrx_word' id='word_1_355' title='bbox 2037 2067 2295 2133; x_wconf 78' lang='lat' dir='ltr'><strong>Verbum,</strong></span> <span class='ocrx_word' id='word_1_356' title='bbox 2329 2083 2359 2119; x_wconf 90' lang='lat' dir='ltr'><strong>a</strong></span> <span class='ocrx_word' id='word_1_357' title='bbox 2386 2082 2496 2137; x_wconf 89' lang='lat' dir='ltr'><strong>quo</strong></span> <span class='ocrx_word' id='word_1_358' title='bbox 2529 2066 2660 2121; x_wconf 87' lang='lat' dir='ltr'><strong>illud</strong></span> <span class='ocrx_word' id='word_1_359' title='bbox 2701 2064 2907 2117; x_wconf 88' lang='lat' dir='ltr'><strong>dictum</strong></span> <span class='ocrx_word' id='word_1_360' title='bbox 2943 2075 3026 2117; x_wconf 87' lang='lat' dir='ltr'><strong>est</strong></span> <span class='ocrx_word' id='word_1_361' title='bbox 3059 2081 3073 2117; x_wconf 88' lang='lat'><strong>:</strong></span> <span class='ocrx_word' id='word_1_362' title='bbox 3105 2080 3123 2113; x_wconf 73' lang='grc' dir='ltr'><strong>ι</strong></span> <span class='ocrx_word' id='word_1_363' title='bbox 3164 2061 3275 2133; x_wconf 89' lang='lat' dir='ltr'><strong>Ego</strong></span> <span class='ocrx_word' id='word_1_364' title='bbox 3305 2077 3424 2116; x_wconf 91' lang='lat' dir='ltr'><strong>sum</strong></span> 
     </span>
    </p>
   </div>
   <div class='ocr_carea' id='block_1_52' title="bbox 1857 2156 3426 2230">
    <p class='ocr_par' dir='ltr' id='par_1_52' title="bbox 1857 2156 3426 2230">
     <span class='ocr_line' id='line_1_52' title="bbox 1857 2156 3426 2230; baseline -0.003 -15"><span class='ocrx_word' id='word_1_365' title='bbox 1857 2162 1948 2216; x_wconf 81' lang='lat' dir='ltr'><strong>lux</strong></span> <span class='ocrx_word' id='word_1_366' title='bbox 1979 2160 2224 2223; x_wconf 62' lang='lat' dir='ltr'><strong>mundis,</strong></span> <span class='ocrx_word' id='word_1_367' title='bbox 2251 2175 2371 2230; x_wconf 69' lang='lat' dir='ltr'><strong>qua!</strong></span> <span class='ocrx_word' id='word_1_368' title='bbox 2398 2166 2514 2214; x_wconf 89' lang='lat' dir='ltr'><strong>erat</strong></span> <span class='ocrx_word' id='word_1_369' title='bbox 2544 2158 2634 2210; x_wconf 80' lang='lat' dir='ltr'><strong>lux</strong></span> <span class='ocrx_word' id='word_1_370' title='bbox 2665 2157 2980 2212; x_wconf 85' lang='lat' dir='ltr'><strong>illuminans</strong></span> <span class='ocrx_word' id='word_1_371' title='bbox 3006 2172 3219 2211; x_wconf 89' lang='lat' dir='ltr'><strong>omnem</strong></span> <span class='ocrx_word' id='word_1_372' title='bbox 3252 2156 3426 2210; x_wconf 85' lang='lat' dir='ltr'><strong>homi-</strong></span> 
     </span>
    </p>
   </div>
   <div class='ocr_carea' id='block_1_53' title="bbox 1856 2246 3427 2319">
    <p class='ocr_par' dir='ltr' id='par_1_53' title="bbox 1856 2246 3427 2319">
     <span class='ocr_line' id='line_1_53' title="bbox 1856 2246 3427 2319; baseline -0.003 -12"><span class='ocrx_word' id='word_1_373' title='bbox 1856 2268 1979 2307; x_wconf 87' lang='lat' dir='ltr'><strong>nem</strong></span> <span class='ocrx_word' id='word_1_374' title='bbox 2015 2252 2318 2306; x_wconf 84' lang='lat' dir='ltr'><strong>venientem</strong></span> <span class='ocrx_word' id='word_1_375' title='bbox 2364 2250 2418 2303; x_wconf 88' lang='lat' dir='ltr'><strong>in</strong></span> <span class='ocrx_word' id='word_1_376' title='bbox 2463 2248 2607 2303; x_wconf 89' lang='lat' dir='ltr'><strong>hunc</strong></span> <span class='ocrx_word' id='word_1_377' title='bbox 2637 2248 2961 2301; x_wconf 78' lang='lat' dir='ltr'><strong>mundum‘.</strong></span> <span class='ocrx_word' id='word_1_378' title='bbox 2993 2267 3012 2319; x_wconf 58' lang='grc' dir='ltr'><strong>η</strong></span> <span class='ocrx_word' id='word_1_379' title='bbox 3052 2246 3203 2303; x_wconf 75' lang='lat' dir='ltr'><strong>lianc</strong></span> <span class='ocrx_word' id='word_1_380' title='bbox 3245 2248 3427 2315; x_wconf 86' lang='lat' dir='ltr'><strong>itaque</strong></span> 
     </span>
    </p>
   </div>
   <div class='ocr_carea' id='block_1_54' title="bbox 1856 2338 3422 2408">
    <p class='ocr_par' dir='ltr' id='par_1_54' title="bbox 1856 2338 3422 2408">
     <span class='ocr_line' id='line_1_54' title="bbox 1856 2338 3422 2408; baseline -0.005 -9"><span class='ocrx_word' id='word_1_381' title='bbox 1856 2345 2053 2408; x_wconf 85' lang='lat' dir='ltr'><strong>lucem,</strong></span> <span class='ocrx_word' id='word_1_382' title='bbox 2087 2358 2195 2397; x_wconf 89' lang='lat' dir='ltr'><strong>non</strong></span> <span class='ocrx_word' id='word_1_383' title='bbox 2227 2349 2409 2397; x_wconf 86' lang='lat' dir='ltr'><strong>autem</strong></span> <span class='ocrx_word' id='word_1_384' title='bbox 2436 2342 2587 2395; x_wconf 91' lang='lat' dir='ltr'><strong>illum</strong></span> <span class='ocrx_word' id='word_1_385' title='bbox 2620 2339 2934 2394; x_wconf 87' lang='lat' dir='ltr'><strong>scnsibilem</strong></span> <span class='ocrx_word' id='word_1_386' title='bbox 2968 2347 3020 2394; x_wconf 92' lang='lat' dir='ltr'><strong>et</strong></span> <span class='ocrx_word' id='word_1_387' title='bbox 3051 2338 3422 2403; x_wconf 86' lang='lat' dir='ltr'><strong>manifestum,</strong></span> 
     </span>
    </p>
   </div>
   <div class='ocr_carea' id='block_1_55' title="bbox 1856 2432 3426 2502">
    <p class='ocr_par' dir='ltr' id='par_1_55' title="bbox 1856 2432 3426 2502">
     <span class='ocr_line' id='line_1_55' title="bbox 1856 2432 3426 2502; baseline -0.003 -10"><span class='ocrx_word' id='word_1_388' title='bbox 1856 2447 1909 2492; x_wconf 90' lang='lat' dir='ltr'><strong>et</strong></span> <span class='ocrx_word' id='word_1_389' title='bbox 1944 2436 2304 2491; x_wconf 86' lang='lat' dir='ltr'><strong>rationalibus</strong></span> <span class='ocrx_word' id='word_1_390' title='bbox 2334 2443 2388 2488; x_wconf 87' lang='lat' dir='ltr'><strong>et</strong></span> <span class='ocrx_word' id='word_1_391' title='bbox 2425 2432 2603 2488; x_wconf 89' lang='lat' dir='ltr'><strong>brutis</strong></span> <span class='ocrx_word' id='word_1_392' title='bbox 2632 2433 2825 2498; x_wconf 90' lang='lat' dir='ltr'><strong>solem,</strong></span> <span class='ocrx_word' id='word_1_393' title='bbox 2866 2432 2959 2487; x_wconf 90' lang='lat' dir='ltr'><strong>sed</strong></span> <span class='ocrx_word' id='word_1_394' title='bbox 2990 2432 3231 2486; x_wconf 90' lang='lat' dir='ltr'><strong>divinum</strong></span> <span class='ocrx_word' id='word_1_395' title='bbox 3265 2440 3426 2502; x_wconf 86' lang='lat' dir='ltr'><strong>atque</strong></span> 
     </span>
    </p>
   </div>
   <div class='ocr_carea' id='block_1_56' title="bbox 1855 2525 3423 2599">
    <p class='ocr_par' dir='ltr' id='par_1_56' title="bbox 1855 2525 3423 2599">
     <span class='ocr_line' id='line_1_56' title="bbox 1855 2525 3423 2599; baseline -0.002 -16"><span class='ocrx_word' id='word_1_396' title='bbox 1855 2529 2266 2599; x_wconf 86' lang='lat' dir='ltr'><strong>intelligentem,</strong></span> <span class='ocrx_word' id='word_1_397' title='bbox 2284 2534 2338 2582; x_wconf 93' lang='lat' dir='ltr'><strong>et</strong></span> <span class='ocrx_word' id='word_1_398' title='bbox 2354 2526 2531 2582; x_wconf 92' lang='lat' dir='ltr'><strong>omnis</strong></span> <span class='ocrx_word' id='word_1_399' title='bbox 2555 2526 2771 2580; x_wconf 88' lang='lat' dir='ltr'><strong>virtutis</strong></span> <span class='ocrx_word' id='word_1_400' title='bbox 2797 2541 2861 2580; x_wconf 91' lang='lat' dir='ltr'><strong>ac</strong></span> <span class='ocrx_word' id='word_1_401' title='bbox 2886 2525 3115 2595; x_wconf 64' lang='lat' dir='ltr'><strong>iustitiae</strong></span> <span class='ocrx_word' id='word_1_402' title='bbox 3146 2532 3423 2581; x_wconf 88' lang='lat' dir='ltr'><strong>auctorem</strong></span> 
     </span>
    </p>
   </div>
   <div class='ocr_carea' id='block_1_57' title="bbox 1856 2617 3427 2691">
    <p class='ocr_par' dir='ltr' id='par_1_57' title="bbox 1856 2617 3427 2691">
     <span class='ocr_line' id='line_1_57' title="bbox 1856 2617 3427 2691; baseline -0.004 -14"><span class='ocrx_word' id='word_1_403' title='bbox 1856 2623 1989 2677; x_wconf 92' lang='lat' dir='ltr'><strong>solis</strong></span> <span class='ocrx_word' id='word_1_404' title='bbox 2029 2624 2207 2691; x_wconf 88' lang='lat' dir='ltr'><strong>ipsum</strong></span> <span class='ocrx_word' id='word_1_405' title='bbox 2254 2620 2571 2675; x_wconf 86' lang='lat' dir='ltr'><strong>timentibus</strong></span> <span class='ocrx_word' id='word_1_406' title='bbox 2619 2618 2912 2682; x_wconf 90' lang='lat' dir='ltr'><strong>oriturum,</strong></span> <span class='ocrx_word' id='word_1_407' title='bbox 2951 2619 3004 2672; x_wconf 93' lang='lat' dir='ltr'><strong>in</strong></span> <span class='ocrx_word' id='word_1_408' title='bbox 3052 2619 3307 2690; x_wconf 67' lang='lat' dir='ltr'><strong>praasenti</strong></span> <span class='ocrx_word' id='word_1_409' title='bbox 3350 2617 3427 2672; x_wconf 88' lang='lat' dir='ltr'><strong>ait</strong></span> 
     </span>
    </p>
   </div>
   <div class='ocr_carea' id='block_1_58' title="bbox 1856 2709 3426 2781">
    <p class='ocr_par' dir='ltr' id='par_1_58' title="bbox 1856 2709 3426 2781">
     <span class='ocr_line' id='line_1_58' title="bbox 1856 2709 3426 2781; baseline -0.003 -14"><span class='ocrx_word' id='word_1_410' title='bbox 1856 2713 2021 2781; x_wconf 90' lang='lat' dir='ltr'><strong>Deus,</strong></span> <span class='ocrx_word' id='word_1_411' title='bbox 2055 2716 2204 2769; x_wconf 93' lang='lat' dir='ltr'><strong>illum</strong></span> <span class='ocrx_word' id='word_1_412' title='bbox 2237 2713 2305 2768; x_wconf 89' lang='lat' dir='ltr'><strong>iis</strong></span> <span class='ocrx_word' id='word_1_413' title='bbox 2353 2712 2569 2767; x_wconf 89' lang='lat' dir='ltr'><strong>interim</strong></span> <span class='ocrx_word' id='word_1_414' title='bbox 2604 2711 2911 2773; x_wconf 87' lang='lat' dir='ltr'><strong>occultans,</strong></span> <span class='ocrx_word' id='word_1_415' title='bbox 2948 2710 3040 2780; x_wconf 90' lang='lat' dir='ltr'><strong>qui</strong></span> <span class='ocrx_word' id='word_1_416' title='bbox 3073 2710 3167 2765; x_wconf 93' lang='lat' dir='ltr'><strong>illo</strong></span> <span class='ocrx_word' id='word_1_417' title='bbox 3215 2709 3426 2780; x_wconf 88' lang='lat' dir='ltr'><strong>indigni</strong></span> 
     </span>
    </p>
   </div>
   <div class='ocr_carea' id='block_1_59' title="bbox 1856 2799 3425 2877">
    <p class='ocr_par' dir='ltr' id='par_1_59' title="bbox 1856 2799 3425 2877">
     <span class='ocr_line' id='line_1_59' title="bbox 1856 2799 3425 2877; baseline -0.005 -16"><span class='ocrx_word' id='word_1_418' title='bbox 1856 2806 1986 2872; x_wconf 88' lang='lat' dir='ltr'><strong>sint,</strong></span> <span class='ocrx_word' id='word_1_419' title='bbox 2018 2806 2086 2861; x_wconf 90' lang='lat' dir='ltr'><strong>de</strong></span> <span class='ocrx_word' id='word_1_420' title='bbox 2115 2806 2316 2877; x_wconf 89' lang='lat' dir='ltr'><strong>quibus</strong></span> <span class='ocrx_word' id='word_1_421' title='bbox 2354 2804 2518 2860; x_wconf 90' lang='lat' dir='ltr'><strong>etiam</strong></span> <span class='ocrx_word' id='word_1_422' title='bbox 2550 2802 2679 2857; x_wconf 91' lang='lat' dir='ltr'><strong>alibi</strong></span> <span class='ocrx_word' id='word_1_423' title='bbox 2717 2802 2887 2857; x_wconf 86' lang='lat' dir='ltr'><strong>dicit:</strong></span> <span class='ocrx_word' id='word_1_424' title='bbox 2923 2821 2941 2854; x_wconf 89' lang='grc'><em>‹</em></span> <span class='ocrx_word' id='word_1_425' title='bbox 2980 2801 3046 2858; x_wconf 84' lang='lat' dir='ltr'><strong>Et</strong></span> <span class='ocrx_word' id='word_1_426' title='bbox 3083 2801 3295 2858; x_wconf 90' lang='lat' dir='ltr'><strong>occidet</strong></span> <span class='ocrx_word' id='word_1_427' title='bbox 3342 2799 3425 2854; x_wconf 75' lang='lat' dir='ltr'><strong>sol</strong></span> 
     </span>
    </p>
   </div>
   <div class='ocr_carea' id='block_1_60' title="bbox 1855 2891 3413 2969">
    <p class='ocr_par' dir='ltr' id='par_1_60' title="bbox 1855 2891 3413 2969">
     <span class='ocr_line' id='line_1_60' title="bbox 1855 2891 3413 2969; baseline -0.006 -16"><span class='ocrx_word' id='word_1_428' title='bbox 1855 2914 2019 2969; x_wconf 80' lang='lat' dir='ltr'><strong>super</strong></span> <span class='ocrx_word' id='word_1_429' title='bbox 2034 2897 2348 2969; x_wconf 82' lang='lat' dir='ltr'><strong>prophetas,</strong></span> <span class='ocrx_word' id='word_1_430' title='bbox 2381 2895 2475 2967; x_wconf 88' lang='lat' dir='ltr'><strong>qui</strong></span> <span class='ocrx_word' id='word_1_431' title='bbox 2504 2896 2785 2966; x_wconf 88' lang='lat' dir='ltr'><strong>decipiunt</strong></span> <span class='ocrx_word' id='word_1_432' title='bbox 2815 2894 3074 2965; x_wconf 87' lang='lat' dir='ltr'><strong>populum</strong></span> <span class='ocrx_word' id='word_1_433' title='bbox 3109 2907 3291 2949; x_wconf 89' lang='lat' dir='ltr'><strong>meum</strong></span> <span class='ocrx_word' id='word_1_434' title='bbox 3314 2891 3413 2946; x_wconf 76' lang='grc'>¹⁶.›</span> 
     </span>
    </p>
   </div>
   <div class='ocr_carea' id='block_1_61' title="bbox 2414 3114 2847 3172">
    <p class='ocr_par' dir='ltr' id='par_1_61' title="bbox 2414 3114 2847 3172">
     <span class='ocr_line' id='line_1_61' title="bbox 2414 3114 2847 3172; baseline -0.005 0"><span class='ocrx_word' id='word_1_435' title='bbox 2414 3115 2643 3172; x_wconf 81' lang='lat' dir='ltr'><strong>CAPUT</strong></span> <span class='ocrx_word' id='word_1_436' title='bbox 2679 3114 2847 3171; x_wconf 81' lang='lat' dir='ltr'><strong>XXX.</strong></span> 
     </span>
    </p>
   </div>
   <div class='ocr_carea' id='block_1_62' title="bbox 186 3216 1748 3298">
    <p class='ocr_par' dir='ltr' id='par_1_62' title="bbox 186 3216 1748 3298">
     <span class='ocr_line' id='line_1_62' title="bbox 186 3216 1748 3298; baseline 0.001 -26"><span class='ocrx_word' id='word_1_437' title='bbox 186 3216 339 3298; x_wconf 55' lang='grc' dir='ltr'><strong>Ἀξὸ</strong></span> <span class='ocrx_word' id='word_1_438' title='bbox 370 3218 475 3298; x_wconf 58' lang='grc' dir='ltr'>τοῦ</span> <span class='ocrx_word' id='word_1_439' title='bbox 519 3220 815 3298; x_wconf 53' lang='grc' dir='ltr'>Ἱερεμίου.</span> <span class='ocrx_word' id='word_1_440' title='bbox 834 3250 903 3298; x_wconf 61' lang='grc' dir='ltr'><strong>-τ</strong></span> <span class='ocrx_word' id='word_1_441' title='bbox 930 3220 1022 3298; x_wconf 78' lang='grc' dir='ltr'>ᾩς</span> <span class='ocrx_word' id='word_1_442' title='bbox 1052 3219 1194 3298; x_wconf 61' lang='lat' dir='ltr'><strong>Bede</strong></span> <span class='ocrx_word' id='word_1_443' title='bbox 1221 3220 1411 3298; x_wconf 57' lang='grc' dir='ltr'>ᾼόγος</span> <span class='ocrx_word' id='word_1_444' title='bbox 1436 3220 1647 3298; x_wconf 70' lang='grc' dir='ltr'>Κύριος</span> <span class='ocrx_word' id='word_1_445' title='bbox 1667 3219 1748 3298; x_wconf 73' lang='grc' dir='ltr'><strong>ῷν</strong></span> 
     </span>
    </p>
   </div>
   <div class='ocr_carea' id='block_1_63' title="bbox 1858 3216 3422 3298">
    <p class='ocr_par' dir='ltr' id='par_1_63' title="bbox 1858 3230 3422 3298">
     <span class='ocr_line' id='line_1_63' title="bbox 1858 3230 3422 3298; baseline -0.004 -6"><span class='ocrx_word' id='word_1_446' title='bbox 1858 3235 1930 3292; x_wconf 75' lang='lat' dir='ltr'><strong>Ab</strong></span> <span class='ocrx_word' id='word_1_447' title='bbox 1956 3234 2209 3289; x_wconf 78' lang='lat' dir='ltr'><strong>Ieremia.</strong></span> <span class='ocrx_word' id='word_1_448' title='bbox 2244 3263 2315 3273; x_wconf 89' lang='lat'><strong>—</strong></span> <span class='ocrx_word' id='word_1_449' title='bbox 2356 3232 2809 3298; x_wconf 83' lang='lat' dir='ltr'><strong>Quemadmodum</strong></span> <span class='ocrx_word' id='word_1_450' title='bbox 2863 3230 3001 3284; x_wconf 84' lang='lat' dir='ltr'><strong>Deus</strong></span> <span class='ocrx_word' id='word_1_451' title='bbox 3054 3231 3299 3293; x_wconf 82' lang='lat' dir='ltr'><strong>Verbum,</strong></span> <span class='ocrx_word' id='word_1_452' title='bbox 3352 3232 3422 3285; x_wconf 85' lang='lat' dir='ltr'><strong>ad</strong></span> 
     </span>
    </p>
   </div>
   <div class='ocr_carea' id='block_1_64' title="bbox 248 3288 1752 3360">
    <p class='ocr_par' dir='ltr' id='par_1_64' title="bbox 248 3288 1752 3360">
     <span class='ocr_line' id='line_1_64' title="bbox 248 3288 1752 3360; baseline 0.001 -19"><span class='ocrx_word' id='word_1_453' title='bbox 248 3290 448 3360; x_wconf 60' lang='lat' dir='ltr'><strong>Rapio)</strong></span> <span class='ocrx_word' id='word_1_454' title='bbox 485 3289 564 3353; x_wconf 83' lang='grc' dir='ltr'>τῷ</span> <span class='ocrx_word' id='word_1_455' title='bbox 612 3291 792 3360; x_wconf 18' lang='grc' dir='ltr'>Πατρνὶ</span> <span class='ocrx_word' id='word_1_456' title='bbox 838 3289 1031 3358; x_wconf 79' lang='grc' dir='ltr'>εὐχὴν</span> <span class='ocrx_word' id='word_1_457' title='bbox 1062 3288 1426 3360; x_wconf 56' lang='grc' dir='ltr'>ἀναπέμπει,</span> <span class='ocrx_word' id='word_1_458' title='bbox 1480 3290 1595 3357; x_wconf 80' lang='grc' dir='ltr'><strong>τὴν</strong></span> <span class='ocrx_word' id='word_1_459' title='bbox 1634 3288 1752 3343; x_wconf 82' lang='grc' dir='ltr'>τῶν</span> 
     </span>
    </p>
   </div>
   <div class='ocr_carea' id='block_1_65' title="bbox 246 3357 1174 3428">
    <p class='ocr_par' dir='ltr' id='par_1_65' title="bbox 246 3357 1174 3428">
     <span class='ocr_line' id='line_1_65' title="bbox 246 3357 1174 3428; baseline 0.005 -19"><span class='ocrx_word' id='word_1_460' title='bbox 246 3357 443 3411; x_wconf 74' lang='grc' dir='ltr'>ἐθνῶν</span> <span class='ocrx_word' id='word_1_461' title='bbox 466 3359 837 3428; x_wconf 65' lang='grc' dir='ltr'>ἐπιστροφὴν</span> <span class='ocrx_word' id='word_1_462' title='bbox 865 3357 1174 3421; x_wconf 75' lang='grc' dir='ltr'>θεσπίζων.</span> 
     </span>
    </p>
   </div>
   <div class='ocr_carea' id='block_1_66' title="bbox 252 3471 1749 3543">
    <p class='ocr_par' dir='ltr' id='par_1_66' title="bbox 252 3471 1749 3543">
     <span class='ocr_line' id='line_1_66' title="bbox 252 3471 1749 3543; baseline 0.002 -20"><span class='ocrx_word' id='word_1_463' title='bbox 252 3491 270 3522; x_wconf 74' lang='lat' dir='ltr'><strong>t</strong></span> <span class='ocrx_word' id='word_1_464' title='bbox 306 3471 475 3542; x_wconf 63' lang='grc' dir='ltr'>Κνύριε</span> <span class='ocrx_word' id='word_1_465' title='bbox 512 3474 542 3541; x_wconf 75' lang='grc' dir='ltr'>ἡ</span> <span class='ocrx_word' id='word_1_466' title='bbox 584 3472 731 3542; x_wconf 79' lang='grc' dir='ltr'>ἰσχύς</span> <span class='ocrx_word' id='word_1_467' title='bbox 768 3490 887 3542; x_wconf 85' lang='grc' dir='ltr'>μου,</span> <span class='ocrx_word' id='word_1_468' title='bbox 926 3472 1017 3524; x_wconf 79' lang='grc' dir='ltr'><strong>καὶ</strong></span> <span class='ocrx_word' id='word_1_469' title='bbox 1055 3471 1275 3542; x_wconf 82' lang='grc' dir='ltr'>βοήθειά</span> <span class='ocrx_word' id='word_1_470' title='bbox 1309 3489 1431 3543; x_wconf 88' lang='grc' dir='ltr'>μου,</span> <span class='ocrx_word' id='word_1_471' title='bbox 1458 3473 1551 3526; x_wconf 74' lang='grc' dir='ltr'><strong>καὶ</strong></span> <span class='ocrx_word' id='word_1_472' title='bbox 1583 3489 1749 3526; x_wconf 87' lang='grc' dir='ltr'>κατα-</span> 
     </span>
    </p>
   </div>
   <div class='ocr_carea' id='block_1_67' title="bbox 176 3561 1749 3633">
    <p class='ocr_par' dir='ltr' id='par_1_67' title="bbox 176 3561 1749 3633">
     <span class='ocr_line' id='line_1_67' title="bbox 176 3561 1749 3633; baseline 0 -19"><span class='ocrx_word' id='word_1_473' title='bbox 176 3563 329 3632; x_wconf 71' lang='grc' dir='ltr'>φυγή</span> <span class='ocrx_word' id='word_1_474' title='bbox 369 3579 471 3631; x_wconf 87' lang='grc' dir='ltr'><strong>μου</strong></span> <span class='ocrx_word' id='word_1_475' title='bbox 502 3564 556 3614; x_wconf 86' lang='grc' dir='ltr'><strong>ὲν</strong></span> <span class='ocrx_word' id='word_1_476' title='bbox 590 3562 770 3633; x_wconf 71' lang='grc' dir='ltr'>ἡμέρα</span> <span class='ocrx_word' id='word_1_477' title='bbox 803 3561 1066 3631; x_wconf 65' lang='grc' dir='ltr'>θλίψεως,</span> <span class='ocrx_word' id='word_1_478' title='bbox 1105 3561 1240 3631; x_wconf 81' lang='grc' dir='ltr'>πρὸς</span> <span class='ocrx_word' id='word_1_479' title='bbox 1274 3563 1332 3614; x_wconf 85' lang='grc' dir='ltr'><strong>σὲ</strong></span> <span class='ocrx_word' id='word_1_480' title='bbox 1370 3561 1495 3632; x_wconf 81' lang='grc' dir='ltr'>ἔθνη</span> <span class='ocrx_word' id='word_1_481' title='bbox 1531 3561 1749 3632; x_wconf 70' lang='grc' dir='ltr'>ἥξουσιν</span> 
     </span>
    </p>
   </div>
   <div class='ocr_carea' id='block_1_68' title="bbox 173 3643 1749 3725">
    <p class='ocr_par' dir='ltr' id='par_1_68' title="bbox 173 3643 1749 3725">
     <span class='ocr_line' id='line_1_68' title="bbox 173 3643 1749 3725; baseline 0.001 -20"><span class='ocrx_word' id='word_1_482' title='bbox 173 3655 271 3705; x_wconf 77' lang='grc' dir='ltr'><strong>ἀπ’</strong></span> <span class='ocrx_word' id='word_1_483' title='bbox 303 3652 535 3722; x_wconf 78' lang='grc' dir='ltr'>ἐσχάτου</span> <span class='ocrx_word' id='word_1_484' title='bbox 568 3654 667 3722; x_wconf 81' lang='grc' dir='ltr'>τῆς</span> <span class='ocrx_word' id='word_1_485' title='bbox 697 3654 817 3724; x_wconf 82' lang='grc' dir='ltr'>γῆς,</span> <span class='ocrx_word' id='word_1_486' title='bbox 845 3653 937 3705; x_wconf 81' lang='grc' dir='ltr'>καὶ</span> <span class='ocrx_word' id='word_1_487' title='bbox 966 3651 1203 3723; x_wconf 75' lang='grc' dir='ltr'>ἐροῦσιψ</span> <span class='ocrx_word' id='word_1_488' title='bbox 1238 3643 1336 3717; x_wconf 74' lang='grc' dir='ltr'><strong>’Ὧς</strong></span> <span class='ocrx_word' id='word_1_489' title='bbox 1364 3653 1530 3725; x_wconf 64' lang='grc' dir='ltr'>ψευδῆ</span> <span class='ocrx_word' id='word_1_490' title='bbox 1590 3655 1749 3725; x_wconf 79' lang='grc' dir='ltr'>ἐκτή-</span> 
     </span>
    </p>
   </div>
   <div class='ocr_carea' id='block_1_69' title="bbox 175 3744 1748 3815">
    <p class='ocr_par' dir='ltr' id='par_1_69' title="bbox 175 3744 1748 3815">
     <span class='ocr_line' id='line_1_69' title="bbox 175 3744 1748 3815; baseline 0.001 -20"><span class='ocrx_word' id='word_1_491' title='bbox 175 3761 343 3798; x_wconf 79' lang='grc' dir='ltr'>σαντο</span> <span class='ocrx_word' id='word_1_492' title='bbox 385 3745 437 3796; x_wconf 86' lang='grc' dir='ltr'><strong>οί</strong></span> <span class='ocrx_word' id='word_1_493' title='bbox 481 3746 714 3815; x_wconf 84' lang='grc' dir='ltr'>πατέρες</span> <span class='ocrx_word' id='word_1_494' title='bbox 761 3746 916 3815; x_wconf 82' lang='grc' dir='ltr'>ἡμῶν</span> <span class='ocrx_word' id='word_1_495' title='bbox 965 3745 1175 3809; x_wconf 75' lang='grc' dir='ltr'>εἴδωλα,</span> <span class='ocrx_word' id='word_1_496' title='bbox 1229 3745 1322 3797; x_wconf 76' lang='grc' dir='ltr'><strong>καὶ</strong></span> <span class='ocrx_word' id='word_1_497' title='bbox 1365 3746 1464 3799; x_wconf 77' lang='grc' dir='ltr'><strong>ουκ</strong></span> <span class='ocrx_word' id='word_1_498' title='bbox 1506 3744 1650 3798; x_wconf 79' lang='grc' dir='ltr'>ἔστιν</span> <span class='ocrx_word' id='word_1_499' title='bbox 1692 3745 1748 3797; x_wconf 81' lang='grc' dir='ltr'><strong>ὲν</strong></span> 
     </span>
    </p>
   </div>
   <div class='ocr_carea' id='block_1_70' title="bbox 174 3835 1745 3908">
    <p class='ocr_par' dir='ltr' id='par_1_70' title="bbox 174 3835 1745 3908">
     <span class='ocr_line' id='line_1_70' title="bbox 174 3835 1745 3908; baseline -0.001 -18"><span class='ocrx_word' id='word_1_500' title='bbox 174 3838 365 3898; x_wconf 66' lang='grc' dir='ltr'>αὑτοῖς</span> <span class='ocrx_word' id='word_1_501' title='bbox 415 3835 671 3905; x_wconf 75' lang='grc' dir='ltr'>ὠφέλεια.</span> <span class='ocrx_word' id='word_1_502' title='bbox 722 3837 784 3890; x_wconf 78' lang='lat' dir='ltr'><strong>Ei</strong></span> <span class='ocrx_word' id='word_1_503' title='bbox 824 3838 1037 3908; x_wconf 79' lang='grc' dir='ltr'>ποιήσει</span> <span class='ocrx_word' id='word_1_504' title='bbox 1069 3836 1216 3907; x_wconf 79' lang='grc' dir='ltr'>αὐτῷ</span> <span class='ocrx_word' id='word_1_505' title='bbox 1255 3836 1539 3906; x_wconf 83' lang='grc' dir='ltr'>ἄνθρωπος</span> <span class='ocrx_word' id='word_1_506' title='bbox 1572 3835 1745 3899; x_wconf 80' lang='grc' dir='ltr'>θεοὺς,</span> 
     </span>
    </p>
   </div>
   <div class='ocr_carea' id='block_1_71' title="bbox 176 3918 1749 3998">
    <p class='ocr_par' dir='ltr' id='par_1_71' title="bbox 176 3918 1749 3998">
     <span class='ocr_line' id='line_1_71' title="bbox 176 3918 1749 3998; baseline -0.001 -19"><span class='ocrx_word' id='word_1_507' title='bbox 176 3928 273 3979; x_wconf 69' lang='grc' dir='ltr'>καὶ</span> <span class='ocrx_word' id='word_1_508' title='bbox 319 3918 465 3978; x_wconf 68' lang='grc' dir='ltr'>οὗτοι</span> <span class='ocrx_word' id='word_1_509' title='bbox 511 3926 610 3979; x_wconf 76' lang='grc' dir='ltr'><strong>οὐκ</strong></span> <span class='ocrx_word' id='word_1_510' title='bbox 655 3926 760 3979; x_wconf 78' lang='grc' dir='ltr'>εἰσὶ</span> <span class='ocrx_word' id='word_1_511' title='bbox 810 3927 939 3980; x_wconf 89' lang='grc' dir='ltr'>θεοί.</span> <span class='ocrx_word' id='word_1_512' title='bbox 992 3928 1090 3981; x_wconf 75' lang='grc' dir='ltr'><strong>Διὰ</strong></span> <span class='ocrx_word' id='word_1_513' title='bbox 1137 3926 1294 3979; x_wconf 79' lang='grc' dir='ltr'>τοῦτο</span> <span class='ocrx_word' id='word_1_514' title='bbox 1348 3927 1455 3979; x_wconf 78' lang='grc' dir='ltr'>ἰδοὺ</span> <span class='ocrx_word' id='word_1_515' title='bbox 1497 3925 1606 3994; x_wconf 78' lang='grc' dir='ltr'>ἐγὼ</span> <span class='ocrx_word' id='word_1_516' title='bbox 1658 3925 1749 3998; x_wconf 88' lang='grc' dir='ltr'>δη-</span> 
     </span>
    </p>
   </div>
   <div class='ocr_carea' id='block_1_72' title="bbox 174 4016 1746 4090">
    <p class='ocr_par' dir='ltr' id='par_1_72' title="bbox 174 4016 1746 4090">
     <span class='ocr_line' id='line_1_72' title="bbox 174 4016 1746 4090; baseline -0.001 -20"><span class='ocrx_word' id='word_1_517' title='bbox 174 4019 335 4070; x_wconf 78' lang='grc' dir='ltr'>λώσω</span> <span class='ocrx_word' id='word_1_518' title='bbox 394 4018 574 4081; x_wconf 77' lang='grc' dir='ltr'>αὐτοῖς</span> <span class='ocrx_word' id='word_1_519' title='bbox 614 4018 671 4070; x_wconf 79' lang='grc' dir='ltr'>ἐν</span> <span class='ocrx_word' id='word_1_520' title='bbox 713 4017 791 4089; x_wconf 84' lang='grc' dir='ltr'>τῷ</span> <span class='ocrx_word' id='word_1_521' title='bbox 831 4018 1007 4090; x_wconf 85' lang='grc' dir='ltr'>καιρῷ</span> <span class='ocrx_word' id='word_1_522' title='bbox 1049 4017 1221 4089; x_wconf 85' lang='grc' dir='ltr'>τούτῳ</span> <span class='ocrx_word' id='word_1_523' title='bbox 1272 4016 1367 4088; x_wconf 81' lang='grc' dir='ltr'><strong>τὴν</strong></span> <span class='ocrx_word' id='word_1_524' title='bbox 1415 4017 1573 4087; x_wconf 88' lang='grc' dir='ltr'>χεῖρὰ</span> <span class='ocrx_word' id='word_1_525' title='bbox 1624 4034 1746 4087; x_wconf 86' lang='grc' dir='ltr'>μου,</span> 
     </span>
    </p>
   </div>
   <div class='ocr_carea' id='block_1_73' title="bbox 172 4107 1747 4181">
    <p class='ocr_par' dir='ltr' id='par_1_73' title="bbox 172 4107 1747 4181">
     <span class='ocr_line' id='line_1_73' title="bbox 172 4107 1747 4181; baseline -0.001 -19"><span class='ocrx_word' id='word_1_526' title='bbox 172 4112 271 4163; x_wconf 68' lang='grc' dir='ltr'>καὶ</span> <span class='ocrx_word' id='word_1_527' title='bbox 305 4110 525 4181; x_wconf 87' lang='grc' dir='ltr'>γνωριῶ</span> <span class='ocrx_word' id='word_1_528' title='bbox 558 4111 739 4174; x_wconf 79' lang='grc' dir='ltr'>αὐτοῖς</span> <span class='ocrx_word' id='word_1_529' title='bbox 771 4111 870 4180; x_wconf 79' lang='grc' dir='ltr'>τὴν</span> <span class='ocrx_word' id='word_1_530' title='bbox 908 4109 1134 4181; x_wconf 79' lang='grc' dir='ltr'>δύναμίν</span> <span class='ocrx_word' id='word_1_531' title='bbox 1166 4128 1287 4181; x_wconf 90' lang='grc' dir='ltr'>μου,</span> <span class='ocrx_word' id='word_1_532' title='bbox 1330 4110 1425 4162; x_wconf 71' lang='grc' dir='ltr'>καὶ</span> <span class='ocrx_word' id='word_1_533' title='bbox 1453 4107 1747 4177; x_wconf 85' lang='grc' dir='ltr'>γνώσονται</span> 
     </span>
    </p>
   </div>
   <div class='ocr_carea' id='block_1_74' title="bbox 170 4199 1748 4273">
    <p class='ocr_par' dir='ltr' id='par_1_74' title="bbox 170 4199 1748 4273">
     <span class='ocr_line' id='line_1_74' title="bbox 170 4199 1748 4273; baseline -0.003 -17"><span class='ocrx_word' id='word_1_534' title='bbox 170 4203 257 4256; x_wconf 81' lang='grc' dir='ltr'>ὅτι</span> <span class='ocrx_word' id='word_1_535' title='bbox 288 4200 402 4270; x_wconf 78' lang='grc' dir='ltr'>ἐγὼ</span> <span class='ocrx_word' id='word_1_536' title='bbox 427 4200 645 4271; x_wconf 78' lang='grc' dir='ltr'>Κύριος.</span> <span class='ocrx_word' id='word_1_537' title='bbox 683 4221 701 4253; x_wconf 72' lang='grc' dir='ltr'><strong>ι</strong></span> <span class='ocrx_word' id='word_1_538' title='bbox 731 4202 932 4273; x_wconf 83' lang='grc' dir='ltr'>Κύριος</span> <span class='ocrx_word' id='word_1_539' title='bbox 962 4202 1134 4272; x_wconf 81' lang='grc' dir='ltr'>ἑτέρῳ</span> <span class='ocrx_word' id='word_1_540' title='bbox 1164 4200 1381 4271; x_wconf 75' lang='grc' dir='ltr'>εὔχεται</span> <span class='ocrx_word' id='word_1_541' title='bbox 1424 4201 1631 4271; x_wconf 87' lang='grc' dir='ltr'>Κυρίῳ,</span> <span class='ocrx_word' id='word_1_542' title='bbox 1670 4199 1748 4270; x_wconf 84' lang='grc' dir='ltr'>τῷ</span> 
     </span>
    </p>
   </div>
   <div class='ocr_carea' id='block_1_75' title="bbox 172 4288 1748 4364">
    <p class='ocr_par' dir='ltr' id='par_1_75' title="bbox 172 4288 1748 4364">
     <span class='ocr_line' id='line_1_75' title="bbox 172 4288 1748 4364; baseline -0.003 -17"><span class='ocrx_word' id='word_1_543' title='bbox 172 4294 355 4364; x_wconf 72' lang='grc' dir='ltr'>Πατρὶ</span> <span class='ocrx_word' id='word_1_544' title='bbox 398 4292 599 4363; x_wconf 83' lang='grc' dir='ltr'>δηλαδὴ</span> <span class='ocrx_word' id='word_1_545' title='bbox 636 4294 728 4346; x_wconf 71' lang='grc' dir='ltr'><strong>καὶ</strong></span> <span class='ocrx_word' id='word_1_546' title='bbox 765 4293 882 4364; x_wconf 82' lang='grc' dir='ltr'>Θεῴ</span> <span class='ocrx_word' id='word_1_547' title='bbox 918 4292 1027 4346; x_wconf 91' lang='grc' dir='ltr'><strong>τῶν</strong></span> <span class='ocrx_word' id='word_1_548' title='bbox 1065 4294 1221 4356; x_wconf 79' lang='grc' dir='ltr'>ὅλων,</span> <span class='ocrx_word' id='word_1_549' title='bbox 1260 4294 1317 4344; x_wconf 84' lang='grc' dir='ltr'>ὲν</span> <span class='ocrx_word' id='word_1_550' title='bbox 1343 4288 1423 4355; x_wconf 73' lang='grc' dir='ltr'>οἷς</span> <span class='ocrx_word' id='word_1_551' title='bbox 1450 4291 1748 4363; x_wconf 84' lang='grc' dir='ltr'>ἁρχόμενός</span> 
     </span>
    </p>
   </div>
   <div class='ocr_carea' id='block_1_76' title="bbox 172 4385 1747 4458">
    <p class='ocr_par' dir='ltr' id='par_1_76' title="bbox 172 4385 1747 4458">
     <span class='ocr_line' id='line_1_76' title="bbox 172 4385 1747 4458; baseline -0.002 -18"><span class='ocrx_word' id='word_1_552' title='bbox 172 4403 334 4458; x_wconf 74' lang='grc' dir='ltr'>φησιο</span> <span class='ocrx_word' id='word_1_553' title='bbox 363 4409 383 4437; x_wconf 76' lang='grc' dir='ltr'><strong>ι</strong></span> <span class='ocrx_word' id='word_1_554' title='bbox 410 4386 599 4458; x_wconf 83' lang='grc' dir='ltr'>Κύριε,</span> <span class='ocrx_word' id='word_1_555' title='bbox 628 4386 777 4456; x_wconf 86' lang='grc' dir='ltr'>ἰσχύς</span> <span class='ocrx_word' id='word_1_556' title='bbox 810 4404 963 4456; x_wconf 80' lang='grc' dir='ltr'>μου,›</span> <span class='ocrx_word' id='word_1_557' title='bbox 992 4385 1170 4440; x_wconf 75' lang='grc' dir='ltr'>καὶτὰ</span> <span class='ocrx_word' id='word_1_558' title='bbox 1191 4385 1335 4456; x_wconf 78' lang='grc' dir='ltr'>ἑξῆς.</span> <span class='ocrx_word' id='word_1_559' title='bbox 1361 4386 1556 4454; x_wconf 70' lang='grc' dir='ltr'>Σαφῶς</span> <span class='ocrx_word' id='word_1_560' title='bbox 1577 4386 1632 4439; x_wconf 87' lang='grc' dir='ltr'>δὲ</span> <span class='ocrx_word' id='word_1_561' title='bbox 1650 4386 1747 4456; x_wconf 83' lang='grc' dir='ltr'>τὴν</span> 
     </span>
    </p>
   </div>
   <div class='ocr_carea' id='block_1_77' title="bbox 170 4470 1747 4548">
    <p class='ocr_par' dir='ltr' id='par_1_77' title="bbox 170 4470 1747 4548">
     <span class='ocr_line' id='line_1_77' title="bbox 170 4470 1747 4548; baseline -0.003 -16"><span class='ocrx_word' id='word_1_562' title='bbox 170 4481 284 4532; x_wconf 87' lang='grc' dir='ltr'><strong>τῶν</strong></span> <span class='ocrx_word' id='word_1_563' title='bbox 316 4478 488 4531; x_wconf 77' lang='grc' dir='ltr'>ἐθνῶν</span> <span class='ocrx_word' id='word_1_564' title='bbox 520 4482 583 4531; x_wconf 84' lang='grc' dir='ltr'>ὲκ</span> <span class='ocrx_word' id='word_1_565' title='bbox 619 4470 719 4547; x_wconf 79' lang='grc' dir='ltr'>τῆς</span> <span class='ocrx_word' id='word_1_566' title='bbox 762 4476 1135 4540; x_wconf 81' lang='grc' dir='ltr'>πολυπλανοῦς</span> <span class='ocrx_word' id='word_1_567' title='bbox 1176 4477 1610 4548; x_wconf 82' lang='grc' dir='ltr'>είδωλολατρείας</span> <span class='ocrx_word' id='word_1_568' title='bbox 1657 4477 1747 4528; x_wconf 78' lang='grc' dir='ltr'>ἐπὶ</span> 
     </span>
    </p>
   </div>
   <div class='ocr_carea' id='block_1_78' title="bbox 170 4569 1746 4643">
    <p class='ocr_par' dir='ltr' id='par_1_78' title="bbox 170 4569 1746 4643">
     <span class='ocr_line' id='line_1_78' title="bbox 170 4569 1746 4643; baseline -0.002 -19"><span class='ocrx_word' id='word_1_569' title='bbox 170 4574 272 4643; x_wconf 74' lang='grc' dir='ltr'><strong>τὴν</strong></span> <span class='ocrx_word' id='word_1_570' title='bbox 304 4574 389 4634; x_wconf 88' lang='grc' dir='ltr'>εἰς</span> <span class='ocrx_word' id='word_1_571' title='bbox 423 4573 512 4626; x_wconf 79' lang='grc' dir='ltr'><strong>τὸν</strong></span> <span class='ocrx_word' id='word_1_572' title='bbox 548 4572 677 4625; x_wconf 84' lang='grc' dir='ltr'>Θεὸν</span> <span class='ocrx_word' id='word_1_573' title='bbox 712 4571 993 4624; x_wconf 82' lang='grc' dir='ltr'>εὐσέϐειαν</span> <span class='ocrx_word' id='word_1_574' title='bbox 1031 4570 1330 4642; x_wconf 85' lang='grc' dir='ltr'>μεταϐολὴν</span> <span class='ocrx_word' id='word_1_575' title='bbox 1358 4569 1619 4634; x_wconf 65' lang='grc' dir='ltr'>θεσπίζευ</span> <span class='ocrx_word' id='word_1_576' title='bbox 1652 4570 1746 4622; x_wconf 77' lang='lat' dir='ltr'><strong>xui.</strong></span> 
     </span>
    </p>
   </div>
   <div class='ocr_carea' id='block_1_79' title="bbox 172 4663 1744 4737">
    <p class='ocr_par' dir='ltr' id='par_1_79' title="bbox 172 4663 1744 4737">
     <span class='ocr_line' id='line_1_79' title="bbox 172 4663 1744 4737; baseline -0.003 -18"><span class='ocrx_word' id='word_1_577' title='bbox 172 4666 310 4737; x_wconf 70' lang='grc' dir='ltr'>αὕτη</span> <span class='ocrx_word' id='word_1_578' title='bbox 354 4665 410 4717; x_wconf 81' lang='grc' dir='ltr'><strong>δὲ</strong></span> <span class='ocrx_word' id='word_1_579' title='bbox 447 4668 481 4736; x_wconf 78' lang='grc' dir='ltr'>ἡ</span> <span class='ocrx_word' id='word_1_580' title='bbox 515 4665 820 4737; x_wconf 67' lang='grc' dir='ltr'>προφητεία</span> <span class='ocrx_word' id='word_1_581' title='bbox 868 4664 1001 4735; x_wconf 80' lang='grc' dir='ltr'>μετὰ</span> <span class='ocrx_word' id='word_1_582' title='bbox 1040 4664 1136 4736; x_wconf 80' lang='grc' dir='ltr'>τὴν</span> <span class='ocrx_word' id='word_1_583' title='bbox 1178 4666 1256 4728; x_wconf 88' lang='grc' dir='ltr'><strong>είς</strong></span> <span class='ocrx_word' id='word_1_584' title='bbox 1297 4663 1613 4735; x_wconf 80' lang='grc' dir='ltr'>ἀνθρώπους</span> <span class='ocrx_word' id='word_1_585' title='bbox 1651 4663 1744 4715; x_wconf 79' lang='grc' dir='ltr'><strong>τοῦ</strong></span> 
     </span>
    </p>
   </div>
   <div class='ocr_carea' id='block_1_80' title="bbox 170 4753 1745 4827">
    <p class='ocr_par' dir='ltr' id='par_1_80' title="bbox 170 4753 1745 4827">
     <span class='ocr_line' id='line_1_80' title="bbox 170 4753 1745 4827; baseline -0.002 -17"><span class='ocrx_word' id='word_1_586' title='bbox 170 4757 430 4827; x_wconf 75' lang='grc' dir='ltr'>Σωτῆρος</span> <span class='ocrx_word' id='word_1_587' title='bbox 467 4756 622 4826; x_wconf 72' lang='grc' dir='ltr'>ἡμῶν</span> <span class='ocrx_word' id='word_1_588' title='bbox 675 4755 849 4826; x_wconf 80' lang='grc' dir='ltr'>Ἰησοῦ</span> <span class='ocrx_word' id='word_1_589' title='bbox 895 4756 1129 4827; x_wconf 83' lang='grc' dir='ltr'>Χριστοῦ</span> <span class='ocrx_word' id='word_1_590' title='bbox 1174 4755 1472 4826; x_wconf 89' lang='grc' dir='ltr'>παρουσίαν</span> <span class='ocrx_word' id='word_1_591' title='bbox 1517 4753 1745 4823; x_wconf 84' lang='grc' dir='ltr'>ὲναργέ-</span> 
     </span>
    </p>
   </div>
   <div class='ocr_carea' id='block_1_81' title="bbox 175 4845 1744 4917">
    <p class='ocr_par' dir='ltr' id='par_1_81' title="bbox 175 4845 1744 4917">
     <span class='ocr_line' id='line_1_81' title="bbox 175 4845 1744 4917; baseline -0.001 -18"><span class='ocrx_word' id='word_1_592' title='bbox 175 4864 350 4900; x_wconf 85' lang='grc' dir='ltr'>στατα</span> <span class='ocrx_word' id='word_1_593' title='bbox 398 4847 667 4900; x_wconf 86' lang='grc' dir='ltr'>δείκνυται</span> <span class='ocrx_word' id='word_1_594' title='bbox 706 4846 1128 4917; x_wconf 82' lang='grc' dir='ltr'>πεπληρωμένη.</span> <span class='ocrx_word' id='word_1_595' title='bbox 1172 4845 1329 4899; x_wconf 83' lang='grc' dir='ltr'>Ἀλλὰ</span> <span class='ocrx_word' id='word_1_596' title='bbox 1366 4846 1471 4916; x_wconf 81' lang='grc' dir='ltr'>γὰρ</span> <span class='ocrx_word' id='word_1_597' title='bbox 1512 4847 1579 4898; x_wconf 81' lang='grc' dir='ltr'>δι’</span> <span class='ocrx_word' id='word_1_598' title='bbox 1611 4845 1744 4898; x_wconf 83' lang='grc' dir='ltr'>ὅλων</span> 
     </span>
    </p>
   </div>
   <div class='ocr_carea' id='block_1_82' title="bbox 172 4937 1747 5011">
    <p class='ocr_par' dir='ltr' id='par_1_82' title="bbox 172 4937 1747 5011">
     <span class='ocr_line' id='line_1_82' title="bbox 172 4937 1747 5011; baseline -0.003 -18"><span class='ocrx_word' id='word_1_599' title='bbox 172 4942 471 5011; x_wconf 78' lang='grc' dir='ltr'>τριάκοντα</span> <span class='ocrx_word' id='word_1_600' title='bbox 490 4938 839 5011; x_wconf 69' lang='grc' dir='ltr'>προφητικῶν</span> <span class='ocrx_word' id='word_1_601' title='bbox 863 4939 1169 5008; x_wconf 73' lang='grc' dir='ltr'>κεφαλαίων</span> <span class='ocrx_word' id='word_1_602' title='bbox 1189 4938 1436 5009; x_wconf 82' lang='grc' dir='ltr'>δεύτερον</span> <span class='ocrx_word' id='word_1_603' title='bbox 1455 4937 1585 4990; x_wconf 79' lang='grc' dir='ltr'>Θεὸν</span> <span class='ocrx_word' id='word_1_604' title='bbox 1609 4937 1747 5007; x_wconf 81' lang='grc' dir='ltr'>μετὰ</span> 
     </span>
    </p>
   </div>
   <div class='ocr_carea' id='block_1_83' title="bbox 172 5028 1745 5101">
    <p class='ocr_par' dir='ltr' id='par_1_83' title="bbox 172 5028 1745 5101">
     <span class='ocr_line' id='line_1_83' title="bbox 172 5028 1745 5101; baseline -0.001 -18"><span class='ocrx_word' id='word_1_605' title='bbox 172 5032 267 5085; x_wconf 70' lang='grc' dir='ltr'>τὸν</span> <span class='ocrx_word' id='word_1_606' title='bbox 308 5033 567 5085; x_wconf 77' lang='grc' dir='ltr'>ἀνωτάτω</span> <span class='ocrx_word' id='word_1_607' title='bbox 601 5033 694 5084; x_wconf 75' lang='grc' dir='ltr'><strong>καὶ</strong></span> <span class='ocrx_word' id='word_1_608' title='bbox 727 5032 818 5083; x_wconf 78' lang='grc' dir='ltr'><strong>ἐπὶ</strong></span> <span class='ocrx_word' id='word_1_609' title='bbox 844 5032 995 5092; x_wconf 77' lang='grc' dir='ltr'>πᾶσι,</span> <span class='ocrx_word' id='word_1_610' title='bbox 1024 5031 1113 5083; x_wconf 76' lang='grc' dir='ltr'><strong>τὸν</strong></span> <span class='ocrx_word' id='word_1_611' title='bbox 1149 5031 1375 5101; x_wconf 81' lang='grc' dir='ltr'>Σωτῆρα</span> <span class='ocrx_word' id='word_1_612' title='bbox 1412 5028 1506 5082; x_wconf 75' lang='grc' dir='ltr'>καὶ</span> <span class='ocrx_word' id='word_1_613' title='bbox 1543 5029 1745 5100; x_wconf 76' lang='grc' dir='ltr'>Κύριον</span> 
     </span>
    </p>
   </div>
   <div class='ocr_carea' id='block_1_84' title="bbox 174 5119 1745 5194">
    <p class='ocr_par' dir='ltr' id='par_1_84' title="bbox 174 5119 1745 5194">
     <span class='ocr_line' id='line_1_84' title="bbox 174 5119 1745 5194; baseline -0.001 -19"><span class='ocrx_word' id='word_1_614' title='bbox 174 5124 336 5194; x_wconf 74' lang='grc' dir='ltr'>ἡμῶν</span> <span class='ocrx_word' id='word_1_615' title='bbox 357 5122 445 5175; x_wconf 82' lang='grc' dir='ltr'><strong>τὸν</strong></span> <span class='ocrx_word' id='word_1_616' title='bbox 466 5122 557 5176; x_wconf 71' lang='grc' dir='ltr'>τοῦ</span> <span class='ocrx_word' id='word_1_617' title='bbox 578 5122 712 5176; x_wconf 78' lang='grc' dir='ltr'>Θεοῦ</span> <span class='ocrx_word' id='word_1_618' title='bbox 736 5123 905 5190; x_wconf 88' lang='grc' dir='ltr'>Λόγον</span> <span class='ocrx_word' id='word_1_619' title='bbox 930 5119 1067 5175; x_wconf 78' lang='grc' dir='ltr'>εἶναι</span> <span class='ocrx_word' id='word_1_620' title='bbox 1096 5122 1490 5193; x_wconf 83' lang='grc' dir='ltr'>μεμαθηκότες,</span> <span class='ocrx_word' id='word_1_621' title='bbox 1524 5122 1607 5190; x_wconf 78' lang='grc' dir='ltr'><strong>ἐφ’</strong></span> <span class='ocrx_word' id='word_1_622' title='bbox 1629 5122 1745 5174; x_wconf 79' lang='grc' dir='ltr'>ἐτέ-</span> 
     </span>
    </p>
   </div>
   <div class='ocr_carea' id='block_1_85' title="bbox 178 5216 1748 5289">
    <p class='ocr_par' dir='ltr' id='par_1_85' title="bbox 178 5216 1748 5289">
     <span class='ocr_line' id='line_1_85' title="bbox 178 5216 1748 5289; baseline 0 -18"><span class='ocrx_word' id='word_1_623' title='bbox 178 5236 281 5289; x_wconf 78' lang='grc' dir='ltr'><strong>ραν</strong></span> <span class='ocrx_word' id='word_1_624' title='bbox 314 5218 414 5287; x_wconf 77' lang='grc' dir='ltr'>τῆς</span> <span class='ocrx_word' id='word_1_625' title='bbox 456 5217 597 5271; x_wconf 78' lang='grc' dir='ltr'>κατὰ</span> <span class='ocrx_word' id='word_1_626' title='bbox 634 5218 795 5271; x_wconf 79' lang='grc' dir='ltr'>αὑτὸν</span> <span class='ocrx_word' id='word_1_627' title='bbox 826 5218 1135 5288; x_wconf 86' lang='grc' dir='ltr'>οἰκονομίας</span> <span class='ocrx_word' id='word_1_628' title='bbox 1169 5217 1419 5270; x_wconf 84' lang='grc' dir='ltr'>ὑπόθεσιν</span> <span class='ocrx_word' id='word_1_629' title='bbox 1451 5216 1748 5289; x_wconf 82' lang='grc' dir='ltr'>μεταϐησό-</span> 
     </span>
    </p>
   </div>
   <div class='ocr_carea' id='block_1_86' title="bbox 180 5308 1745 5382">
    <p class='ocr_par' dir='ltr' id='par_1_86' title="bbox 180 5308 1745 5382">
     <span class='ocr_line' id='line_1_86' title="bbox 180 5308 1745 5382; baseline -0.002 -17"><span class='ocrx_word' id='word_1_630' title='bbox 180 5311 344 5381; x_wconf 79' lang='grc' dir='ltr'>μεθα,</span> <span class='ocrx_word' id='word_1_631' title='bbox 367 5311 525 5363; x_wconf 81' lang='grc' dir='ltr'>αὑτὸν</span> <span class='ocrx_word' id='word_1_632' title='bbox 548 5310 612 5382; x_wconf 79' lang='grc' dir='ltr'>δὴ</span> <span class='ocrx_word' id='word_1_633' title='bbox 634 5311 819 5364; x_wconf 77' lang='grc' dir='ltr'>τοῦτον</span> <span class='ocrx_word' id='word_1_634' title='bbox 844 5310 972 5364; x_wconf 82' lang='grc' dir='ltr'>Θεὸν</span> <span class='ocrx_word' id='word_1_635' title='bbox 995 5311 1074 5369; x_wconf 83' lang='grc' dir='ltr'>εἰς</span> <span class='ocrx_word' id='word_1_636' title='bbox 1096 5309 1413 5381; x_wconf 86' lang='grc' dir='ltr'>ἀνθρώπους</span> <span class='ocrx_word' id='word_1_637' title='bbox 1436 5308 1745 5362; x_wconf 75' lang='grc' dir='ltr'>ἐλεύσεσθαι</span> 
     </span>
    </p>
   </div>
   <div class='ocr_carea' id='block_1_87' title="bbox 174 5400 1745 5474">
    <p class='ocr_par' dir='ltr' id='par_1_87' title="bbox 174 5400 1745 5474">
     <span class='ocr_line' id='line_1_87' title="bbox 174 5400 1745 5474; baseline 0.001 -20"><span class='ocrx_word' id='word_1_638' title='bbox 174 5403 311 5457; x_wconf 65' lang='grc' dir='ltr'>διῖν.</span> <span class='ocrx_word' id='word_1_639' title='bbox 363 5404 426 5454; x_wconf 81' lang='grc' dir='ltr'>ὲκ</span> <span class='ocrx_word' id='word_1_640' title='bbox 471 5401 577 5454; x_wconf 85' lang='grc' dir='ltr'><strong>τῶν</strong></span> <span class='ocrx_word' id='word_1_641' title='bbox 620 5401 796 5454; x_wconf 77' lang='grc' dir='ltr'>αὐτῶν</span> <span class='ocrx_word' id='word_1_642' title='bbox 841 5400 989 5474; x_wconf 74' lang='grc' dir='ltr'>παρὰ</span> <span class='ocrx_word' id='word_1_643' title='bbox 1032 5400 1298 5470; x_wconf 84' lang='grc' dir='ltr'>Ἑϐραίοις</span> <span class='ocrx_word' id='word_1_644' title='bbox 1342 5400 1501 5471; x_wconf 76' lang='grc' dir='ltr'>ιερῶν</span> <span class='ocrx_word' id='word_1_645' title='bbox 1550 5400 1745 5470; x_wconf 87' lang='grc' dir='ltr'>βίϐλων</span> 
     </span>
    </p>
   </div>
   <div class='ocr_carea' id='block_1_88' title="bbox 180 5495 556 5562">
    <p class='ocr_par' dir='ltr' id='par_1_88' title="bbox 180 5495 556 5562">
     <span class='ocr_line' id='line_1_88' title="bbox 180 5495 556 5562; baseline -0.003 -18"><span class='ocrx_word' id='word_1_646' title='bbox 180 5495 556 5562; x_wconf 63' lang='grc' dir='ltr'>πατήσοντες.</span> 
     </span>
    </p>
   </div>
   <div class='ocr_carea' id='block_1_89' title="bbox 1924 3302 3421 3373">
    <p class='ocr_par' dir='ltr' id='par_1_89' title="bbox 1924 3302 3421 3373">
     <span class='ocr_line' id='line_1_89' title="bbox 1924 3302 3421 3373; baseline -0.003 -14"><span class='ocrx_word' id='word_1_647' title='bbox 1924 3304 2141 3359; x_wconf 87' lang='lat' dir='ltr'><strong>Patrem</strong></span> <span class='ocrx_word' id='word_1_648' title='bbox 2174 3305 2591 3372; x_wconf 79' lang='lat' dir='ltr'><strong>deprecationem</strong></span> <span class='ocrx_word' id='word_1_649' title='bbox 2625 3304 2836 3365; x_wconf 82' lang='lat' dir='ltr'><strong>emittit,</strong></span> <span class='ocrx_word' id='word_1_650' title='bbox 2865 3302 3097 3373; x_wconf 86' lang='lat' dir='ltr'><strong>gentium</strong></span> <span class='ocrx_word' id='word_1_651' title='bbox 3128 3304 3421 3356; x_wconf 83' lang='lat' dir='ltr'><strong>conversio-</strong></span> 
     </span>
    </p>
   </div>
   <div class='ocr_carea' id='block_1_90' title="bbox 1921 3374 2663 3445">
    <p class='ocr_par' dir='ltr' id='par_1_90' title="bbox 1921 3374 2663 3445">
     <span class='ocr_line' id='line_1_90' title="bbox 1921 3374 2663 3445; baseline -0.004 -14"><span class='ocrx_word' id='word_1_652' title='bbox 1921 3393 2037 3431; x_wconf 86' lang='lat' dir='ltr'><strong>nem</strong></span> <span class='ocrx_word' id='word_1_653' title='bbox 2066 3375 2304 3445; x_wconf 77' lang='lat' dir='ltr'><strong>futuram</strong></span> <span class='ocrx_word' id='word_1_654' title='bbox 2335 3374 2663 3444; x_wconf 79' lang='lat' dir='ltr'><strong>signiﬁcans.</strong></span> 
     </span>
    </p>
   </div>
   <div class='ocr_carea' id='block_1_91' title="bbox 1926 3484 3421 3549">
    <p class='ocr_par' dir='ltr' id='par_1_91' title="bbox 1926 3484 3421 3549">
     <span class='ocr_line' id='line_1_91' title="bbox 1926 3484 3421 3549; baseline 0.002 -13"><span class='ocrx_word' id='word_1_655' title='bbox 1926 3505 1944 3536; x_wconf 74' lang='grc' dir='ltr'><strong>ι</strong></span> <span class='ocrx_word' id='word_1_656' title='bbox 1977 3485 2200 3540; x_wconf 89' lang='lat' dir='ltr'><strong>Domine</strong></span> <span class='ocrx_word' id='word_1_657' title='bbox 2217 3484 2480 3539; x_wconf 81' lang='lat' dir='ltr'><strong>fortitudo</strong></span> <span class='ocrx_word' id='word_1_658' title='bbox 2503 3494 2712 3545; x_wconf 87' lang='lat' dir='ltr'><strong>tnea,et</strong></span> <span class='ocrx_word' id='word_1_659' title='bbox 2730 3486 2990 3540; x_wconf 81' lang='lat' dir='ltr'><strong>auxilium</strong></span> <span class='ocrx_word' id='word_1_660' title='bbox 3026 3500 3225 3549; x_wconf 88' lang='lat' dir='ltr'><strong>meum,</strong></span> <span class='ocrx_word' id='word_1_661' title='bbox 3258 3493 3311 3541; x_wconf 89' lang='lat' dir='ltr'><strong>et</strong></span> <span class='ocrx_word' id='word_1_662' title='bbox 3335 3499 3421 3539; x_wconf 54' lang='lat' dir='ltr'><strong>re.</strong></span> 
     </span>
    </p>
   </div>
   <div class='ocr_carea' id='block_1_92' title="bbox 1853 3576 3423 3649">
    <p class='ocr_par' dir='ltr' id='par_1_92' title="bbox 1853 3576 3423 3649">
     <span class='ocr_line' id='line_1_92' title="bbox 1853 3576 3423 3649; baseline 0 -17"><span class='ocrx_word' id='word_1_663' title='bbox 1853 3578 2055 3649; x_wconf 83' lang='lat' dir='ltr'><strong>fugium</strong></span> <span class='ocrx_word' id='word_1_664' title='bbox 2092 3594 2292 3642; x_wconf 89' lang='lat' dir='ltr'><strong>meum,</strong></span> <span class='ocrx_word' id='word_1_665' title='bbox 2321 3578 2376 3631; x_wconf 92' lang='lat' dir='ltr'><strong>in</strong></span> <span class='ocrx_word' id='word_1_666' title='bbox 2410 3577 2498 3631; x_wconf 89' lang='lat' dir='ltr'><strong>die</strong></span> <span class='ocrx_word' id='word_1_667' title='bbox 2522 3576 2913 3643; x_wconf 86' lang='lat' dir='ltr'><strong>tribulationis,</strong></span> <span class='ocrx_word' id='word_1_668' title='bbox 2945 3578 3011 3631; x_wconf 88' lang='lat' dir='ltr'><strong>ad</strong></span> <span class='ocrx_word' id='word_1_669' title='bbox 3045 3586 3097 3632; x_wconf 89' lang='lat' dir='ltr'><strong>te</strong></span> <span class='ocrx_word' id='word_1_670' title='bbox 3125 3587 3311 3647; x_wconf 79' lang='lat' dir='ltr'><strong>gentes</strong></span> <span class='ocrx_word' id='word_1_671' title='bbox 3339 3594 3423 3632; x_wconf 81' lang='lat' dir='ltr'><strong>ve-</strong></span> 
     </span>
    </p>
   </div>
   <div class='ocr_carea' id='block_1_93' title="bbox 1850 3667 3419 3739">
    <p class='ocr_par' dir='ltr' id='par_1_93' title="bbox 1850 3667 3419 3739">
     <span class='ocr_line' id='line_1_93' title="bbox 1850 3667 3419 3739; baseline 0.001 -16"><span class='ocrx_word' id='word_1_672' title='bbox 1850 3670 2003 3724; x_wconf 89' lang='lat' dir='ltr'><strong>nient</strong></span> <span class='ocrx_word' id='word_1_673' title='bbox 2045 3669 2113 3724; x_wconf 90' lang='lat' dir='ltr'><strong>ab</strong></span> <span class='ocrx_word' id='word_1_674' title='bbox 2144 3678 2386 3724; x_wconf 81' lang='lat' dir='ltr'><strong>extremo</strong></span> <span class='ocrx_word' id='word_1_675' title='bbox 2418 3675 2597 3731; x_wconf 60' lang='lat' dir='ltr'><strong>terrae,</strong></span> <span class='ocrx_word' id='word_1_676' title='bbox 2633 3667 2881 3722; x_wconf 87' lang='lat' dir='ltr'><strong>etdicent</strong></span> <span class='ocrx_word' id='word_1_677' title='bbox 2912 3687 2924 3722; x_wconf 91' lang='lat'><strong>:</strong></span> <span class='ocrx_word' id='word_1_678' title='bbox 2959 3667 3098 3723; x_wconf 79' lang='lat' dir='ltr'><strong>Vere</strong></span> <span class='ocrx_word' id='word_1_679' title='bbox 3124 3669 3257 3725; x_wconf 85' lang='lat' dir='ltr'><strong>falsa</strong></span> <span class='ocrx_word' id='word_1_680' title='bbox 3291 3685 3419 3739; x_wconf 87' lang='lat' dir='ltr'><strong>pos-</strong></span> 
     </span>
    </p>
   </div>
   <div class='ocr_carea' id='block_1_94' title="bbox 1850 3762 3419 3833">
    <p class='ocr_par' dir='ltr' id='par_1_94' title="bbox 1850 3762 3419 3833">
     <span class='ocr_line' id='line_1_94' title="bbox 1850 3762 3419 3833; baseline 0 -16"><span class='ocrx_word' id='word_1_681' title='bbox 1850 3762 2106 3817; x_wconf 88' lang='lat' dir='ltr'><strong>sederunt</strong></span> <span class='ocrx_word' id='word_1_682' title='bbox 2153 3771 2335 3833; x_wconf 87' lang='lat' dir='ltr'><strong>patres</strong></span> <span class='ocrx_word' id='word_1_683' title='bbox 2388 3764 2559 3817; x_wconf 87' lang='lat' dir='ltr'><strong>nostri</strong></span> <span class='ocrx_word' id='word_1_684' title='bbox 2604 3764 2918 3826; x_wconf 88' lang='lat' dir='ltr'><strong>simulacra,</strong></span> <span class='ocrx_word' id='word_1_685' title='bbox 2964 3770 3019 3818; x_wconf 92' lang='lat' dir='ltr'><strong>et</strong></span> <span class='ocrx_word' id='word_1_686' title='bbox 3066 3778 3175 3816; x_wconf 92' lang='lat' dir='ltr'><strong>non</strong></span> <span class='ocrx_word' id='word_1_687' title='bbox 3216 3773 3301 3818; x_wconf 90' lang='lat' dir='ltr'><strong>est</strong></span> <span class='ocrx_word' id='word_1_688' title='bbox 3363 3764 3419 3817; x_wconf 93' lang='lat' dir='ltr'><strong>in</strong></span> 
     </span>
    </p>
   </div>
   <div class='ocr_carea' id='block_1_95' title="bbox 1849 3852 3421 3917">
    <p class='ocr_par' dir='ltr' id='par_1_95' title="bbox 1849 3852 3421 3917">
     <span class='ocr_line' id='line_1_95' title="bbox 1849 3852 3421 3917; baseline -0.001 -9"><span class='ocrx_word' id='word_1_689' title='bbox 1849 3853 1930 3908; x_wconf 90' lang='lat' dir='ltr'><strong>eis</strong></span> <span class='ocrx_word' id='word_1_690' title='bbox 1960 3853 2185 3909; x_wconf 85' lang='lat' dir='ltr'><strong>utilitas.</strong></span> <span class='ocrx_word' id='word_1_691' title='bbox 2207 3852 2264 3907; x_wconf 90' lang='lat' dir='ltr'><strong>Si</strong></span> <span class='ocrx_word' id='word_1_692' title='bbox 2296 3853 2456 3908; x_wconf 83' lang='lat' dir='ltr'><strong>faciet</strong></span> <span class='ocrx_word' id='word_1_693' title='bbox 2484 3855 2589 3909; x_wconf 92' lang='lat' dir='ltr'><strong>sibi</strong></span> <span class='ocrx_word' id='word_1_694' title='bbox 2614 3855 2775 3908; x_wconf 88' lang='lat' dir='ltr'><strong>homo</strong></span> <span class='ocrx_word' id='word_1_695' title='bbox 2805 3854 2958 3917; x_wconf 88' lang='lat' dir='ltr'><strong>deos,</strong></span> <span class='ocrx_word' id='word_1_696' title='bbox 2991 3864 3047 3909; x_wconf 89' lang='lat' dir='ltr'><strong>et</strong></span> <span class='ocrx_word' id='word_1_697' title='bbox 3074 3854 3129 3907; x_wconf 94' lang='lat' dir='ltr'><strong>hi</strong></span> <span class='ocrx_word' id='word_1_698' title='bbox 3159 3868 3266 3907; x_wconf 92' lang='lat' dir='ltr'><strong>non</strong></span> <span class='ocrx_word' id='word_1_699' title='bbox 3293 3860 3421 3907; x_wconf 90' lang='lat' dir='ltr'><strong>sunt</strong></span> 
     </span>
    </p>
   </div>
   <div class='ocr_carea' id='block_1_96' title="bbox 1851 3943 3416 4016">
    <p class='ocr_par' dir='ltr' id='par_1_96' title="bbox 1851 3943 3416 4016">
     <span class='ocr_line' id='line_1_96' title="bbox 1851 3943 3416 4016; baseline -0.002 -17"><span class='ocrx_word' id='word_1_700' title='bbox 1851 3945 1946 3999; x_wconf 92' lang='lat' dir='ltr'><strong>dii.</strong></span> <span class='ocrx_word' id='word_1_701' title='bbox 1982 3943 2188 3999; x_wconf 88' lang='lat' dir='ltr'><strong>Idcirco</strong></span> <span class='ocrx_word' id='word_1_702' title='bbox 2229 3960 2357 4000; x_wconf 89' lang='lat' dir='ltr'><strong>ecce</strong></span> <span class='ocrx_word' id='word_1_703' title='bbox 2384 3961 2485 4015; x_wconf 84' lang='lat' dir='ltr'><strong>ego</strong></span> <span class='ocrx_word' id='word_1_704' title='bbox 2514 3945 2794 4001; x_wconf 87' lang='lat' dir='ltr'><strong>ostendam</strong></span> <span class='ocrx_word' id='word_1_705' title='bbox 2834 3946 2914 4002; x_wconf 87' lang='lat' dir='ltr'><strong>eis</strong></span> <span class='ocrx_word' id='word_1_706' title='bbox 2941 3945 2993 3999; x_wconf 92' lang='lat' dir='ltr'><strong>in</strong></span> <span class='ocrx_word' id='word_1_707' title='bbox 3026 3946 3416 4016; x_wconf 76' lang='lat' dir='ltr'><strong>temporehoc,</strong></span> 
     </span>
    </p>
   </div>
   <div class='ocr_carea' id='block_1_97' title="bbox 1848 4035 3418 4106">
    <p class='ocr_par' dir='ltr' id='par_1_97' title="bbox 1848 4035 3418 4106">
     <span class='ocr_line' id='line_1_97' title="bbox 1848 4035 3418 4106; baseline -0.001 -15"><span class='ocrx_word' id='word_1_708' title='bbox 1848 4044 1901 4091; x_wconf 93' lang='lat' dir='ltr'><strong>et</strong></span> <span class='ocrx_word' id='word_1_709' title='bbox 1926 4043 2107 4090; x_wconf 91' lang='lat' dir='ltr'><strong>notam</strong></span> <span class='ocrx_word' id='word_1_710' title='bbox 2141 4035 2334 4089; x_wconf 89' lang='lat' dir='ltr'><strong>faciam</strong></span> <span class='ocrx_word' id='word_1_711' title='bbox 2365 4038 2444 4091; x_wconf 90' lang='lat' dir='ltr'><strong>eis</strong></span> <span class='ocrx_word' id='word_1_712' title='bbox 2485 4052 2705 4090; x_wconf 89' lang='lat' dir='ltr'><strong>manum</strong></span> <span class='ocrx_word' id='word_1_713' title='bbox 2738 4051 2935 4098; x_wconf 85' lang='lat' dir='ltr'><strong>meam,</strong></span> <span class='ocrx_word' id='word_1_714' title='bbox 2972 4035 3133 4106; x_wconf 75' lang='lat'><strong>255</strong></span> <span class='ocrx_word' id='word_1_715' title='bbox 3161 4046 3213 4091; x_wconf 91' lang='lat' dir='ltr'><strong>et</strong></span> <span class='ocrx_word' id='word_1_716' title='bbox 3243 4036 3418 4090; x_wconf 89' lang='lat' dir='ltr'><strong>virtu-</strong></span> 
     </span>
    </p>
   </div>
   <div class='ocr_carea' id='block_1_98' title="bbox 1849 4126 3414 4197">
    <p class='ocr_par' dir='ltr' id='par_1_98' title="bbox 1849 4126 3414 4197">
     <span class='ocr_line' id='line_1_98' title="bbox 1849 4126 3414 4197; baseline 0.003 -21"><span class='ocrx_word' id='word_1_717' title='bbox 1849 4133 1955 4179; x_wconf 86' lang='lat' dir='ltr'><strong>tem</strong></span> <span class='ocrx_word' id='word_1_718' title='bbox 2000 4140 2196 4188; x_wconf 89' lang='lat' dir='ltr'><strong>meam,</strong></span> <span class='ocrx_word' id='word_1_719' title='bbox 2230 4132 2285 4180; x_wconf 89' lang='lat' dir='ltr'><strong>et</strong></span> <span class='ocrx_word' id='word_1_720' title='bbox 2316 4134 2652 4195; x_wconf 81' lang='lat' dir='ltr'><strong>cognoscent</strong></span> <span class='ocrx_word' id='word_1_721' title='bbox 2680 4126 2823 4197; x_wconf 88' lang='lat' dir='ltr'><strong>quod</strong></span> <span class='ocrx_word' id='word_1_722' title='bbox 2867 4141 2968 4195; x_wconf 89' lang='lat' dir='ltr'><strong>ego</strong></span> <span class='ocrx_word' id='word_1_723' title='bbox 3012 4126 3351 4182; x_wconf 82' lang='lat' dir='ltr'><strong>Dominus“.</strong></span> <span class='ocrx_word' id='word_1_724' title='bbox 3395 4146 3414 4180; x_wconf 74' lang='grc' dir='ltr'><strong>ι</strong></span> 
     </span>
    </p>
   </div>
   <div class='ocr_carea' id='block_1_99' title="bbox 1848 4216 3421 4289">
    <p class='ocr_par' dir='ltr' id='par_1_99' title="bbox 1848 4216 3421 4289">
     <span class='ocr_line' id='line_1_99' title="bbox 1848 4216 3421 4289; baseline 0.003 -20"><span class='ocrx_word' id='word_1_725' title='bbox 1848 4216 1905 4271; x_wconf 88' lang='lat' dir='ltr'><strong>ln</strong></span> <span class='ocrx_word' id='word_1_726' title='bbox 1937 4217 2022 4271; x_wconf 88' lang='lat' dir='ltr'><strong>his</strong></span> <span class='ocrx_word' id='word_1_727' title='bbox 2054 4217 2234 4273; x_wconf 87' lang='lat' dir='ltr'><strong>verbis</strong></span> <span class='ocrx_word' id='word_1_728' title='bbox 2266 4217 2528 4274; x_wconf 87' lang='lat' dir='ltr'><strong>Dominus</strong></span> <span class='ocrx_word' id='word_1_729' title='bbox 2560 4219 2724 4273; x_wconf 88' lang='lat' dir='ltr'><strong>alium</strong></span> <span class='ocrx_word' id='word_1_730' title='bbox 2777 4226 3054 4289; x_wconf 88' lang='lat' dir='ltr'><strong>precatur,</strong></span> <span class='ocrx_word' id='word_1_731' title='bbox 3092 4218 3309 4274; x_wconf 86' lang='lat' dir='ltr'><strong>Patrem</strong></span> <span class='ocrx_word' id='word_1_732' title='bbox 3341 4219 3421 4273; x_wconf 85' lang='lat' dir='ltr'><strong>vi-</strong></span> 
     </span>
    </p>
   </div>
   <div class='ocr_carea' id='block_1_100' title="bbox 1848 4306 3419 4380">
    <p class='ocr_par' dir='ltr' id='par_1_100' title="bbox 1848 4306 3419 4380">
     <span class='ocr_line' id='line_1_100' title="bbox 1848 4306 3419 4380; baseline 0.003 -19"><span class='ocrx_word' id='word_1_733' title='bbox 1848 4306 2046 4361; x_wconf 87' lang='lat' dir='ltr'><strong>delicet</strong></span> <span class='ocrx_word' id='word_1_734' title='bbox 2078 4321 2143 4361; x_wconf 85' lang='lat' dir='ltr'><strong>ac</strong></span> <span class='ocrx_word' id='word_1_735' title='bbox 2182 4306 2350 4362; x_wconf 90' lang='lat' dir='ltr'><strong>Deum</strong></span> <span class='ocrx_word' id='word_1_736' title='bbox 2388 4308 2653 4373; x_wconf 88' lang='lat' dir='ltr'><strong>universi,</strong></span> <span class='ocrx_word' id='word_1_737' title='bbox 2684 4308 2797 4363; x_wconf 92' lang='lat' dir='ltr'><strong>illic</strong></span> <span class='ocrx_word' id='word_1_738' title='bbox 2847 4323 2981 4363; x_wconf 88' lang='lat' dir='ltr'><strong>sane</strong></span> <span class='ocrx_word' id='word_1_739' title='bbox 3014 4308 3106 4363; x_wconf 91' lang='lat' dir='ltr'><strong>ubi</strong></span> <span class='ocrx_word' id='word_1_740' title='bbox 3156 4310 3419 4380; x_wconf 80' lang='lat' dir='ltr'><strong>incipiens</strong></span> 
     </span>
    </p>
   </div>
   <div class='ocr_carea' id='block_1_101' title="bbox 1849 4395 3420 4470">
    <p class='ocr_par' dir='ltr' id='par_1_101' title="bbox 1849 4395 3420 4470">
     <span class='ocr_line' id='line_1_101' title="bbox 1849 4395 3420 4470; baseline 0.003 -20"><span class='ocrx_word' id='word_1_741' title='bbox 1849 4398 1923 4450; x_wconf 88' lang='lat' dir='ltr'><strong>ait</strong></span> <span class='ocrx_word' id='word_1_742' title='bbox 1957 4415 1968 4449; x_wconf 89' lang='lat'>:</span> <span class='ocrx_word' id='word_1_743' title='bbox 2001 4414 2019 4444; x_wconf 77' lang='grc' dir='ltr'><strong><em>σ</em></strong></span> <span class='ocrx_word' id='word_1_744' title='bbox 2057 4395 2308 4465; x_wconf 90' lang='lat' dir='ltr'><strong>Domine,</strong></span> <span class='ocrx_word' id='word_1_745' title='bbox 2341 4396 2604 4453; x_wconf 89' lang='lat' dir='ltr'><strong>fortitudo</strong></span> <span class='ocrx_word' id='word_1_746' title='bbox 2644 4414 2785 4461; x_wconf 88' lang='lat' dir='ltr'><strong>mea,</strong></span> <span class='ocrx_word' id='word_1_747' title='bbox 2820 4419 2838 4452; x_wconf 82' lang='grc'><strong>›</strong></span> <span class='ocrx_word' id='word_1_748' title='bbox 2866 4406 2920 4454; x_wconf 90' lang='lat' dir='ltr'><strong>et</strong></span> <span class='ocrx_word' id='word_1_749' title='bbox 2958 4408 3172 4455; x_wconf 65' lang='lat' dir='ltr'><strong>caetera.</strong></span> <span class='ocrx_word' id='word_1_750' title='bbox 3205 4398 3420 4470; x_wconf 86' lang='lat' dir='ltr'><strong>Perspi-</strong></span> 
     </span>
    </p>
   </div>
   <div class='ocr_carea' id='block_1_102' title="bbox 1849 4488 3417 4557">
    <p class='ocr_par' dir='ltr' id='par_1_102' title="bbox 1849 4488 3417 4557">
     <span class='ocr_line' id='line_1_102' title="bbox 1849 4488 3417 4557; baseline 0.001 -14"><span class='ocrx_word' id='word_1_751' title='bbox 1849 4503 1948 4543; x_wconf 92' lang='lat' dir='ltr'><strong>cue</strong></span> <span class='ocrx_word' id='word_1_752' title='bbox 1962 4503 2091 4542; x_wconf 85' lang='lat' dir='ltr'><strong>vero</strong></span> <span class='ocrx_word' id='word_1_753' title='bbox 2109 4488 2350 4557; x_wconf 77' lang='lat' dir='ltr'><strong>gentium</strong></span> <span class='ocrx_word' id='word_1_754' title='bbox 2382 4490 2451 4544; x_wconf 90' lang='lat' dir='ltr'><strong>ab</strong></span> <span class='ocrx_word' id='word_1_755' title='bbox 2470 4490 2776 4545; x_wconf 90' lang='lat' dir='ltr'><strong>errabundo</strong></span> <span class='ocrx_word' id='word_1_756' title='bbox 2799 4492 3213 4547; x_wconf 90' lang='lat' dir='ltr'><strong>simulacrorum</strong></span> <span class='ocrx_word' id='word_1_757' title='bbox 3245 4492 3417 4553; x_wconf 88' lang='lat' dir='ltr'><strong>cultu.</strong></span> 
     </span>
    </p>
   </div>
   <div class='ocr_carea' id='block_1_103' title="bbox 1849 4577 3420 4650">
    <p class='ocr_par' dir='ltr' id='par_1_103' title="bbox 1849 4577 3420 4650">
     <span class='ocr_line' id='line_1_103' title="bbox 1849 4577 3420 4650; baseline 0.002 -20"><span class='ocrx_word' id='word_1_758' title='bbox 1849 4577 1915 4631; x_wconf 91' lang='lat' dir='ltr'><strong>ad</strong></span> <span class='ocrx_word' id='word_1_759' title='bbox 1939 4578 2215 4646; x_wconf 85' lang='lat' dir='ltr'><strong>pietatem,</strong></span> <span class='ocrx_word' id='word_1_760' title='bbox 2248 4579 2676 4650; x_wconf 86' lang='lat' dir='ltr'><strong>religionemque</strong></span> <span class='ocrx_word' id='word_1_761' title='bbox 2698 4596 2823 4650; x_wconf 88' lang='lat' dir='ltr'><strong>erga</strong></span> <span class='ocrx_word' id='word_1_762' title='bbox 2849 4579 3015 4635; x_wconf 86' lang='lat' dir='ltr'><strong>Deum</strong></span> <span class='ocrx_word' id='word_1_763' title='bbox 3039 4581 3420 4635; x_wconf 55' lang='lat' dir='ltr'><strong>commutatio.</strong></span> 
     </span>
    </p>
   </div>
   <div class='ocr_carea' id='block_1_104' title="bbox 1846 4670 3415 4744">
    <p class='ocr_par' dir='ltr' id='par_1_104' title="bbox 1846 4670 3415 4744">
     <span class='ocr_line' id='line_1_104' title="bbox 1846 4670 3415 4744; baseline 0.001 -20"><span class='ocrx_word' id='word_1_764' title='bbox 1846 4686 1968 4726; x_wconf 90' lang='lat' dir='ltr'><strong>nem</strong></span> <span class='ocrx_word' id='word_1_765' title='bbox 2004 4670 2264 4737; x_wconf 90' lang='lat' dir='ltr'><strong>futuram,</strong></span> <span class='ocrx_word' id='word_1_766' title='bbox 2301 4673 2610 4744; x_wconf 86' lang='lat' dir='ltr'><strong>signiticat;</strong></span> <span class='ocrx_word' id='word_1_767' title='bbox 2644 4682 2698 4728; x_wconf 90' lang='lat' dir='ltr'><strong>et</strong></span> <span class='ocrx_word' id='word_1_768' title='bbox 2732 4674 2842 4728; x_wconf 59' lang='lat' dir='ltr'><strong>haec</strong></span> <span class='ocrx_word' id='word_1_769' title='bbox 2866 4674 3081 4728; x_wconf 89' lang='lat' dir='ltr'><strong>interim</strong></span> <span class='ocrx_word' id='word_1_770' title='bbox 3114 4673 3415 4742; x_wconf 84' lang='lat' dir='ltr'><strong>prophetia,</strong></span> 
     </span>
    </p>
   </div>
   <div class='ocr_carea' id='block_1_105' title="bbox 1845 4760 3414 4830">
    <p class='ocr_par' dir='ltr' id='par_1_105' title="bbox 1845 4760 3414 4830">
     <span class='ocr_line' id='line_1_105' title="bbox 1845 4760 3414 4830; baseline 0.001 -16"><span class='ocrx_word' id='word_1_771' title='bbox 1845 4768 1969 4830; x_wconf 89' lang='lat' dir='ltr'><strong>post</strong></span> <span class='ocrx_word' id='word_1_772' title='bbox 1995 4760 2297 4816; x_wconf 88' lang='lat' dir='ltr'><strong>Salvatoris</strong></span> <span class='ocrx_word' id='word_1_773' title='bbox 2324 4762 2497 4816; x_wconf 87' lang='lat' dir='ltr'><strong>nostri</strong></span> <span class='ocrx_word' id='word_1_774' title='bbox 2532 4761 2660 4817; x_wconf 82' lang='lat' dir='ltr'><strong>Jesu</strong></span> <span class='ocrx_word' id='word_1_775' title='bbox 2697 4761 2905 4818; x_wconf 83' lang='lat' dir='ltr'><strong>Christi</strong></span> <span class='ocrx_word' id='word_1_776' title='bbox 2943 4763 3009 4816; x_wconf 90' lang='lat' dir='ltr'><strong>ad</strong></span> <span class='ocrx_word' id='word_1_777' title='bbox 3041 4762 3291 4816; x_wconf 88' lang='lat' dir='ltr'><strong>homines</strong></span> <span class='ocrx_word' id='word_1_778' title='bbox 3322 4762 3414 4815; x_wconf 60' lang='lat' dir='ltr'><strong>ad.</strong></span> 
     </span>
    </p>
   </div>
   <div class='ocr_carea' id='block_1_106' title="bbox 1843 4852 3413 4925">
    <p class='ocr_par' dir='ltr' id='par_1_106' title="bbox 1843 4852 3413 4925">
     <span class='ocr_line' id='line_1_106' title="bbox 1843 4852 3413 4925; baseline 0 -18"><span class='ocrx_word' id='word_1_779' title='bbox 1843 4861 2062 4909; x_wconf 88' lang='lat' dir='ltr'><strong>ventum</strong></span> <span class='ocrx_word' id='word_1_780' title='bbox 2086 4854 2491 4909; x_wconf 89' lang='lat' dir='ltr'><strong>evidentissime</strong></span> <span class='ocrx_word' id='word_1_781' title='bbox 2512 4856 2776 4925; x_wconf 90' lang='lat' dir='ltr'><strong>completa</strong></span> <span class='ocrx_word' id='word_1_782' title='bbox 2807 4862 3162 4910; x_wconf 89' lang='lat' dir='ltr'><strong>monstratur.</strong></span> <span class='ocrx_word' id='word_1_783' title='bbox 3184 4852 3249 4906; x_wconf 77' lang='lat' dir='ltr'><strong>At</strong></span> <span class='ocrx_word' id='word_1_784' title='bbox 3270 4853 3413 4908; x_wconf 90' lang='lat' dir='ltr'><strong>enim</strong></span> 
     </span>
    </p>
   </div>
   <div class='ocr_carea' id='block_1_107' title="bbox 1844 4942 3418 5014">
    <p class='ocr_par' dir='ltr' id='par_1_107' title="bbox 1844 4942 3418 5014">
     <span class='ocr_line' id='line_1_107' title="bbox 1844 4942 3418 5014; baseline 0 -19"><span class='ocrx_word' id='word_1_785' title='bbox 1844 4949 2131 5012; x_wconf 89' lang='lat' dir='ltr'><strong>postquam</strong></span> <span class='ocrx_word' id='word_1_786' title='bbox 2165 4942 2431 4998; x_wconf 89' lang='lat' dir='ltr'><strong>hactenus</strong></span> <span class='ocrx_word' id='word_1_787' title='bbox 2463 4960 2527 4998; x_wconf 80' lang='lat' dir='ltr'><strong>ex</strong></span> <span class='ocrx_word' id='word_1_788' title='bbox 2561 4946 2692 5000; x_wconf 89' lang='lat' dir='ltr'><strong>totis</strong></span> <span class='ocrx_word' id='word_1_789' title='bbox 2723 4946 2940 5014; x_wconf 87' lang='lat' dir='ltr'><strong>triginta</strong></span> <span class='ocrx_word' id='word_1_790' title='bbox 2971 4943 3300 5014; x_wconf 87' lang='lat' dir='ltr'><strong>propheticis</strong></span> <span class='ocrx_word' id='word_1_791' title='bbox 3328 4959 3418 4997; x_wconf 88' lang='lat' dir='ltr'><strong>ca-</strong></span> 
     </span>
    </p>
   </div>
   <div class='ocr_carea' id='block_1_108' title="bbox 1850 5032 3415 5104">
    <p class='ocr_par' dir='ltr' id='par_1_108' title="bbox 1850 5032 3415 5104">
     <span class='ocr_line' id='line_1_108' title="bbox 1850 5032 3415 5104; baseline -0.001 -17"><span class='ocrx_word' id='word_1_792' title='bbox 1850 5035 2074 5104; x_wconf 90' lang='lat' dir='ltr'><strong>pitibus,</strong></span> <span class='ocrx_word' id='word_1_793' title='bbox 2111 5033 2300 5100; x_wconf 91' lang='lat' dir='ltr'><strong>Deum,</strong></span> <span class='ocrx_word' id='word_1_794' title='bbox 2329 5032 2689 5099; x_wconf 88' lang='lat' dir='ltr'><strong>Salvatorem,</strong></span> <span class='ocrx_word' id='word_1_795' title='bbox 2719 5051 2783 5090; x_wconf 92' lang='lat' dir='ltr'><strong>ac</strong></span> <span class='ocrx_word' id='word_1_796' title='bbox 2821 5034 3110 5088; x_wconf 91' lang='lat' dir='ltr'><strong>Dominum</strong></span> <span class='ocrx_word' id='word_1_797' title='bbox 3145 5042 3415 5098; x_wconf 87' lang='lat' dir='ltr'><strong>nostrum,</strong></span> 
     </span>
    </p>
   </div>
   <div class='ocr_carea' id='block_1_109' title="bbox 1850 5120 3418 5192">
    <p class='ocr_par' dir='ltr' id='par_1_109' title="bbox 1850 5120 3418 5192">
     <span class='ocr_line' id='line_1_109' title="bbox 1850 5120 3418 5192; baseline -0.001 -14"><span class='ocrx_word' id='word_1_798' title='bbox 1850 5123 1945 5180; x_wconf 88' lang='lat' dir='ltr'><strong>Dei</strong></span> <span class='ocrx_word' id='word_1_799' title='bbox 1973 5124 2209 5179; x_wconf 78' lang='lat' dir='ltr'><strong>Verbum</strong></span> <span class='ocrx_word' id='word_1_800' title='bbox 2237 5141 2360 5182; x_wconf 85' lang='lat' dir='ltr'><strong>esse</strong></span> <span class='ocrx_word' id='word_1_801' title='bbox 2401 5125 2733 5191; x_wconf 88' lang='lat' dir='ltr'><strong>didicimus;</strong></span> <span class='ocrx_word' id='word_1_802' title='bbox 2764 5124 2831 5178; x_wconf 92' lang='lat' dir='ltr'><strong>ad</strong></span> <span class='ocrx_word' id='word_1_803' title='bbox 2867 5124 3097 5178; x_wconf 89' lang='lat' dir='ltr'><strong>alterum</strong></span> <span class='ocrx_word' id='word_1_804' title='bbox 3126 5120 3267 5191; x_wconf 88' lang='lat' dir='ltr'><strong>ejus,</strong></span> <span class='ocrx_word' id='word_1_805' title='bbox 3298 5137 3418 5192; x_wconf 65' lang='lat' dir='ltr'><strong>quae</strong></span> 
     </span>
    </p>
   </div>
   <div class='ocr_carea' id='block_1_110' title="bbox 1847 5213 3413 5285">
    <p class='ocr_par' dir='ltr' id='par_1_110' title="bbox 1847 5213 3413 5285">
     <span class='ocr_line' id='line_1_110' title="bbox 1847 5213 3413 5285; baseline -0.004 -14"><span class='ocrx_word' id='word_1_806' title='bbox 1847 5216 1913 5271; x_wconf 88' lang='lat' dir='ltr'><strong>ad</strong></span> <span class='ocrx_word' id='word_1_807' title='bbox 1948 5215 2197 5271; x_wconf 89' lang='lat' dir='ltr'><strong>eumdem</strong></span> <span class='ocrx_word' id='word_1_808' title='bbox 2240 5216 2499 5285; x_wconf 90' lang='lat' dir='ltr'><strong>pertinet,</strong></span> <span class='ocrx_word' id='word_1_809' title='bbox 2541 5213 2969 5285; x_wconf 87' lang='lat' dir='ltr'><strong>dispensationis</strong></span> <span class='ocrx_word' id='word_1_810' title='bbox 3012 5220 3413 5284; x_wconf 85' lang='lat' dir='ltr'><strong>argumentum,</strong></span> 
     </span>
    </p>
   </div>
   <div class='ocr_carea' id='block_1_111' title="bbox 1846 5303 3415 5377">
    <p class='ocr_par' dir='ltr' id='par_1_111' title="bbox 1846 5303 3415 5377">
     <span class='ocr_line' id='line_1_111' title="bbox 1846 5303 3415 5377; baseline -0.003 -16"><span class='ocrx_word' id='word_1_811' title='bbox 1846 5306 2105 5377; x_wconf 90' lang='lat' dir='ltr'><strong>deinceps</strong></span> <span class='ocrx_word' id='word_1_812' title='bbox 2139 5316 2505 5371; x_wconf 80' lang='lat' dir='ltr'><strong>transeamus,</strong></span> <span class='ocrx_word' id='word_1_813' title='bbox 2533 5317 2588 5363; x_wconf 92' lang='lat' dir='ltr'><strong>et</strong></span> <span class='ocrx_word' id='word_1_814' title='bbox 2632 5308 2777 5361; x_wconf 91' lang='lat' dir='ltr'><strong>hunc</strong></span> <span class='ocrx_word' id='word_1_815' title='bbox 2803 5307 2981 5375; x_wconf 89' lang='lat' dir='ltr'><strong>ipsum</strong></span> <span class='ocrx_word' id='word_1_816' title='bbox 3016 5304 3186 5360; x_wconf 91' lang='lat' dir='ltr'><strong>Deum</strong></span> <span class='ocrx_word' id='word_1_817' title='bbox 3217 5303 3285 5357; x_wconf 86' lang='lat' dir='ltr'><strong>ad</strong></span> <span class='ocrx_word' id='word_1_818' title='bbox 3316 5304 3415 5358; x_wconf 71' lang='lat' dir='ltr'><strong>bo~</strong></span> 
     </span>
    </p>
   </div>
   <div class='ocr_carea' id='block_1_112' title="bbox 1847 5394 3414 5463">
    <p class='ocr_par' dir='ltr' id='par_1_112' title="bbox 1847 5394 3414 5463">
     <span class='ocr_line' id='line_1_112' title="bbox 1847 5394 3414 5463; baseline -0.001 -10"><span class='ocrx_word' id='word_1_819' title='bbox 1847 5398 2022 5455; x_wconf 88' lang='lat' dir='ltr'><strong>mines</strong></span> <span class='ocrx_word' id='word_1_820' title='bbox 2050 5407 2338 5454; x_wconf 81' lang='lat' dir='ltr'><strong>venturum</strong></span> <span class='ocrx_word' id='word_1_821' title='bbox 2393 5399 2584 5463; x_wconf 87' lang='lat' dir='ltr'><strong>fuisse,</strong></span> <span class='ocrx_word' id='word_1_822' title='bbox 2619 5415 2682 5453; x_wconf 82' lang='lat' dir='ltr'><strong>ex</strong></span> <span class='ocrx_word' id='word_1_823' title='bbox 2735 5398 2926 5454; x_wconf 86' lang='lat' dir='ltr'><strong>iisdem</strong></span> <span class='ocrx_word' id='word_1_824' title='bbox 2954 5396 3127 5454; x_wconf 85' lang='lat' dir='ltr'><strong>sacris</strong></span> <span class='ocrx_word' id='word_1_825' title='bbox 3158 5394 3414 5453; x_wconf 71' lang='lat' dir='ltr'><strong>Hebrum-</strong></span> 
     </span>
    </p>
   </div>
   <div class='ocr_carea' id='block_1_113' title="bbox 1847 5490 2615 5563">
    <p class='ocr_par' dir='ltr' id='par_1_113' title="bbox 1847 5490 2615 5563">
     <span class='ocr_line' id='line_1_113' title="bbox 1847 5490 2615 5563; baseline -0.001 -18"><span class='ocrx_word' id='word_1_826' title='bbox 1847 5507 1965 5545; x_wconf 91' lang='lat' dir='ltr'><strong>rum</strong></span> <span class='ocrx_word' id='word_1_827' title='bbox 1993 5490 2148 5546; x_wconf 89' lang='lat' dir='ltr'><strong>libris</strong></span> <span class='ocrx_word' id='word_1_828' title='bbox 2179 5491 2615 5563; x_wconf 88' lang='lat' dir='ltr'><strong>comprobemus.</strong></span> 
     </span>
    </p>
   </div>
   <div class='ocr_carea' id='block_1_114' title="bbox 260 5692 1748 5765">
    <p class='ocr_par' dir='ltr' id='par_1_114' title="bbox 260 5693 1695 5765">
     <span class='ocr_line' id='line_1_114' title="bbox 260 5693 1695 5765; baseline 0.002 -16"><span class='ocrx_word' id='word_1_829' title='bbox 260 5696 278 5726; x_wconf 73' lang='grc' dir='ltr'>τ</span> <span class='ocrx_word' id='word_1_830' title='bbox 311 5694 537 5749; x_wconf 67' lang='lat' dir='ltr'><strong>much.</strong></span> <span class='ocrx_word' id='word_1_831' title='bbox 568 5710 640 5760; x_wconf 85' lang='lat' dir='ltr'><strong>Iv,</strong></span> <span class='ocrx_word' id='word_1_832' title='bbox 670 5696 723 5749; x_wconf 93' lang='lat'><strong>2.</strong></span> <span class='ocrx_word' id='word_1_833' title='bbox 800 5693 997 5751; x_wconf 69' lang='lat' dir='ltr'><strong>&#39;Joan.</strong></span> <span class='ocrx_word' id='word_1_834' title='bbox 1025 5709 1143 5759; x_wconf 74' lang='lat' dir='ltr'><strong>\lll,</strong></span> <span class='ocrx_word' id='word_1_835' title='bbox 1180 5693 1263 5749; x_wconf 92' lang='lat'><strong>12.</strong></span> <span class='ocrx_word' id='word_1_836' title='bbox 1339 5695 1361 5727; x_wconf 85' lang='grc'><strong>⁹</strong></span> <span class='ocrx_word' id='word_1_837' title='bbox 1385 5693 1543 5752; x_wconf 78' lang='lat' dir='ltr'><strong>Joan.</strong></span> <span class='ocrx_word' id='word_1_838' title='bbox 1581 5713 1620 5765; x_wconf 83' lang='grc' dir='ltr'><strong>ι,</strong></span> <span class='ocrx_word' id='word_1_839' title='bbox 1644 5695 1695 5752; x_wconf 83' lang='lat'><strong>9.</strong></span> 
     </span>
    </p>
   </div>
   <div class='ocr_carea' id='block_1_115' title="bbox 1858 5692 2823 5765">
    <p class='ocr_par' dir='ltr' id='par_1_115' title="bbox 1858 5692 2823 5760">
     <span class='ocr_line' id='line_1_115' title="bbox 1858 5692 2823 5760; baseline 0.004 -11"><span class='ocrx_word' id='word_1_840' title='bbox 1858 5694 2008 5750; x_wconf 77' lang='lat' dir='ltr'><strong>llich.</strong></span> <span class='ocrx_word' id='word_1_841' title='bbox 2043 5709 2125 5760; x_wconf 79' lang='lat' dir='ltr'><strong>tu,</strong></span> <span class='ocrx_word' id='word_1_842' title='bbox 2158 5694 2211 5749; x_wconf 85' lang='lat'><strong>6.</strong></span> <span class='ocrx_word' id='word_1_843' title='bbox 2289 5694 2327 5725; x_wconf 83' lang='lat'>“</span> <span class='ocrx_word' id='word_1_844' title='bbox 2362 5692 2609 5759; x_wconf 73' lang='lat' dir='ltr'><strong>Jer.xv1,</strong></span> <span class='ocrx_word' id='word_1_845' title='bbox 2638 5697 2823 5757; x_wconf 86' lang='lat'><strong>19-21.</strong></span> 
     </span>
    </p>
   </div>
  </div>
