3916 6200
202 262 311 318 315

1128 263 1771 322 DEMONSTRATIONIS
1809 267 2258 325 EVANGELICIE
2294 269 2420 326 LIB.
2458 270 2545 328 Vl.

3331 276 3435 331 4M

200 377 339 430 Θεοῦ
364 375 611 447 δύναμιν,
638 378 687 432 oi
704 377 837 432 θεῖοι
860 378 1225 450 προηγόρευον
1253 378 1420 448 λόγοι.
1455 381 1517 432 Et
1547 382 1765 449 φανεῖεν

1870 381 2130 445 universi,
2163 392 2217 437 et
2253 381 2342 437 Dei
2385 382 2645 443 Verbum.
2690 390 2744 438 et
2789 382 2882 439 Dei
2917 383 3190 449 virtutem,
3246 385 3431 441 divina

198 471 294 524 ἐπὶ
322 468 416 522 τοῦ
451 469 711 541 παρόντος
742 471 799 523 αἱ
832 473 1163 542 προφητικαὶ
1184 471 1497 543 μαρτυρίαι,
1532 471 1662 525 Θεὸν
1688 474 1767 535 είς

200 562 524 634 ἀνθρώπους
590 562 873 630 ἀφίξεσθαι
925 562 1185 634 μέλλοντα
1242 564 1727 635 προαναφωνοῦσαι
1748 604 1762 628 ,

200 654 365 709 παντί
389 673 466 724 τῳ
491 654 648 725 δῆλον
678 655 771 706 ἐπὶ
804 655 924 707 τίνα
966 655 1069 727 χρὴ
1100 657 1198 726 τὴν
1242 656 1519 729 ἀναφορὰν
1547 655 1641 709 τοῦ
1672 674 1766 729 ση-

204 747 530 818 μαινομένου
562 747 845 801 ποιεῖσθαιε
879 750 965 802 ὅτε
997 749 1227 820 μάλιστα
1261 749 1347 804 διὰ
1374 750 1480 803 τῶν
1511 750 1762 821 πρόσθεν,

199 841 256 891 ἐν
314 836 604 908 ἀνθρώπου
651 841 827 908 μορφῇ
878 839 970 891 καὶ
1017 840 1273 910 σχήματι,
1307 842 1421 902 τοῖς
1484 840 1625 909 ἀμφὶ
1673 840 1764 893 τὸν

211 929 464 1001 Ἀϐραάμ
504 928 801 997 θεοφιλέσιν
834 931 861 982 ό
898 930 1026 994 Θεὸς
1046 931 1217 997 Λόγος
1240 933 1324 984 ἐπ’
1359 931 1619 1001 ὀνόματος
1647 932 1763 983 Κυ-

200 1021 319 1091 ρίου
356 1023 449 1074 καὶ
480 1019 615 1073 Θεοῦ
671 1021 875 1092 πέφηνε
904 1020 1003 1085 τὰς
1054 1023 1133 1084 είς
1161 1022 1479 1092 ἀνθρώπους
1502 1022 1765 1085 ὀπτασίας

200 1113 583 1183 πεποιημένος.
599 1113 732 1184 Φέρε
749 1110 838 1166 οὖν
857 1112 1073 1184 ἴδωμεν,
1090 1115 1235 1179 ὅπως
1258 1116 1386 1169 ποτὲ
1412 1115 1509 1185 μὲν
1540 1114 1762 1187 Κύριον,

200 1205 333 1257 ποτὲ
384 1204 441 1256 δέ
487 1202 618 1255 Θεὸν
681 1202 1082 1274 καταϐήσεσθαι
1141 1205 1221 1268 εἰς
1267 1204 1614 1275 ἀνθρώπους,
1671 1206 1765 1258 καὶ

193 1296 362 1350 πάλιν
395 1294 755 1366 ἁναὸήσεσθαι
784 1295 1027 1366 ἐναργῶς
1071 1295 1213 1349 οὕτω
1278 1298 1656 1368 προαναφωνεῖ
1697 1297 1767 1349 τὰ

194 1388 331 1459 παρ’
360 1386 625 1458 Ἑϐραίοις
655 1386 827 1455 λόγια,
860 1388 951 1440 καὶ
976 1387 1074 1451 τάς
1101 1405 1163 1456 γε
1196 1388 1370 1451 αἰτίας
1397 1388 1494 1459 τῆς
1519 1388 1761 1442 καθόδου.

193 1475 487 1546 Σημειὼση
519 1475 651 1538 δ’ὡς
671 1475 789 1528 τινὰ
817 1476 912 1545 μὲν
942 1475 1152 1547 εἴρηται
1178 1476 1244 1529 δι’
1272 1479 1623 1548 αἰνιγμάτων,
1646 1478 1766 1532 τινὰ

191 1569 253 1621 δὲ
272 1566 661 1639 φανερώτερον.
693 1567 774 1620 Τὰ
809 1567 907 1638 μὲν
938 1563 1030 1621 οὖν
1051 1569 1116 1621 δι’
1153 1569 1496 1641 ἐπικρύψεως
1530 1571 1765 1641 ἡγοῦμαι

190 1662 309 1713 τῶν
355 1663 415 1713 ἐκ
455 1660 748 1731 περιτομῆς
787 1659 945 1713 ἓνεκα
972 1661 1393 1731 κεκαλυμμένως
1415 1662 1763 1717 ἀποδεδόσθαι

1868 474 2017 543 prius
2065 475 2405 544 appellabant
2448 477 2689 530 oracula.
2739 475 2795 529 Si
2839 492 2969 545 ergo
3018 477 3121 531 hoc
3164 485 3432 548 tempore,

1867 566 2181 637 prophetica
2236 567 2401 622 etiam
2471 567 2781 622 testimonia
2838 566 3005 622 Deum
3064 568 3133 622 ad
3185 569 3434 628 homines

1866 656 2036 714 fuisse
2078 667 2393 722 venturum,
2442 659 2760 727 praedixisse
2811 659 3216 716 ostenderimus
3258 680 3273 716 :
3319 672 3434 717 tum

1866 748 2160 817 unicuique
2180 748 2398 818 planum
2435 749 2619 813 luerit,
2652 750 2717 803 ad
2742 764 2900 819 quem
2930 750 3133 805 referre
3162 760 3432 821 Oporteat,

1865 838 1916 892 id
1934 837 2077 907 quod
2091 836 2535 907 significavimus.
2550 853 2674 892 cum
2694 853 2791 907 per
2803 852 2866 892 ea
2883 838 3117 891 maxime
3137 852 3257 906 qum
3275 844 3433 893 antea

1864 929 2007 983 dicta
2029 937 2179 992 sunt,
2206 928 2720 992 demonstravimus,
2746 927 2914 982 Deum
2950 925 3206 991 Verbum,
3239 926 3431 981 habitu

1865 1019 2085 1091 quidem
2120 1018 2401 1088 formaque
2432 1018 2688 1080 hominis,
2725 1016 2944 1071 nomine
2974 1032 3103 1069 vero
3133 1015 3343 1069 Domini
3369 1030 3434 1071 ac

1868 1110 1979 1173 Dei,
2005 1117 2060 1165 et
2089 1109 2191 1180 ipsi
2221 1109 2474 1172 Abrahae,
2514 1117 2567 1163 et
2595 1108 2807 1162 caeteris
2830 1106 2923 1162 Dei
2948 1108 3139 1162 amicis
3169 1108 3319 1174 viris,
3342 1107 3433 1170 qui

1863 1202 2094 1257 Abrahae
2136 1209 2457 1271 tempestate
2496 1200 2802 1267 ﬂoruerint,
2847 1200 3084 1268 seipsum
3140 1198 3432 1253 videndum

1864 1296 2177 1365 praebuisse.
2209 1294 2329 1349 Jam
2376 1307 2525 1347 nunc
2564 1292 2730 1362 igitur
2769 1301 2979 1361 tempus
3008 1298 3093 1345 est
3142 1297 3201 1343 ut
3246 1289 3433 1345 videa-

1865 1406 1987 1444 mus
2017 1404 2121 1459 qua
2166 1388 2397 1452 ratione,
2436 1401 2582 1441 nunc
2619 1385 2927 1447 Dominum,
2966 1399 3114 1438 nunc
3161 1380 3330 1437 Deum
3365 1383 3433 1436 ad

1865 1479 2111 1534 homines
2145 1478 2555 1541 descensurum,
2591 1487 2643 1531 et
2679 1490 2870 1530 rursus
2909 1487 3289 1537 escensurum,
3325 1482 3433 1527 tam

1865 1573 2142 1627 evidenter
2194 1571 2541 1626 Hebraeorum
2598 1570 2819 1623 oracula
2873 1570 3025 1640 prius
3077 1567 3437 1622 denuntiave-

1863 1664 1992 1728 rint,
2032 1672 2086 1719 et
2112 1678 2356 1732 quaenam
2389 1661 2619 1729 hujusce
2644 1660 2944 1715 descensus
2970 1674 3150 1714 causa!
3180 1656 3382 1712 fuerint
3416 1671 3430 1708 :

190 1754 283 1806 διὰ
349 1754 415 1807 τά
470 1750 830 1823 θεσπιζόμενα
884 1756 1005 1807 κατ’
1067 1754 1244 1807 αὐτῶν
1303 1755 1639 1827 σκυθρωπά⁸
1692 1756 1758 1811 δι’

1869 1756 2076 1811 tametsi
2105 1755 2238 1810 illud
2270 1755 2369 1809 tibi
2392 1744 2690 1810 notandum
2721 1760 2828 1817 est,
2862 1752 2968 1806 alia
2992 1752 3209 1822 quidem
3239 1750 3437 1804 obscu-

194 1846 341 1917 ἅπερ
366 1845 510 1910 είκὸς
542 1840 607 1917 ἦν
636 1847 727 1899 καὶ
777 1845 1032 1914 ἀφανίσαι
1078 1846 1271 1909 αὐτοὺς
1312 1846 1410 1917 τὴν
1444 1846 1683 1918 Γραφὴν,
1713 1848 1760 1900 εί

192 1942 260 1992 ἐκ
308 1937 403 1991 τοῦ
461 1936 769 2008 προφανοῦς
813 1936 908 2007 τὴν
967 1937 1201 2007 ἐσχάτην
1266 1937 1442 1991 αὐτῶν
1493 1937 1763 2008 ἀποϐολὴν

194 2032 511 2101 ἐσήμαινεν.
554 2029 709 2082 Οῦτω
746 2029 876 2098 γοῦν
930 2029 1025 2082 καὶ
1078 2031 1188 2092 τοῖς
1228 2030 1532 2099 προφήταις
1582 2029 1763 2093 αὐτοῖς

192 2120 575 2175 ἐπιϐουλεῦσαι
595 2122 790 2183 αὐτοὺς
821 2120 1038 2190 κατέχει
1084 2120 1259 2189 λόγος,
1277 2121 1342 2173 δι’
1370 2120 1462 2183 οὒς
1491 2120 1765 2173 ἐποιοῦντο

192 2214 317 2267 κατ’
346 2214 522 2267 αὐτῶν
554 2213 825 2283 ἐλέγχους.
855 2213 920 2265 Δί
959 2213 1016 2265 δὲ
1077 2215 1266 2281 σαφεῖς
1313 2215 1631 2283 προφητεῖαι
1667 2212 1765 2283 τὴν

193 2306 305 2365 τῶν
356 2306 526 2359 ἐθνῶν
579 2306 769 2376 κλῆσιν
810 2304 1110 2359 λευκότατα
1140 2305 1469 2376 περιέχουσι,
1492 2306 1600 2358 τῶν
1639 2309 1758 2359 κατ’

196 2396 475 2450 εύσέὅειαν
528 2397 745 2465 ἀγαθῶν
793 2396 889 2459 τὰς
917 2396 1246 2465 ἐπαγγελίας
1283 2396 1343 2453 ού
1372 2396 1449 2467 τῷ
1499 2398 1763 2451 Ἰουδαίων

196 2487 361 2549 ἔθνει,
393 2489 528 2540 πᾶσι
572 2488 627 2540 δὲ
665 2485 968 2559 ἀνθρώποις
1008 2489 1118 2550 τοῖς
1145 2486 1266 2540 καθ’
1305 2487 1432 2556 ὅλης
1458 2487 1555 2558 τῆς
1587 2489 1764 2540 οίκου-

202 2580 371 2650 μένης
434 2579 912 2649 καταγγέλλουσαι.
947 2573 1043 2631 Ὧν
1075 2577 1245 2642 οὕτως
1301 2578 1550 2649 ἐχόντων,
1576 2579 1764 2651 καιρὸς

199 2671 300 2740 ἤδη
337 2671 558 2725 καὶτῶν
596 2670 752 2723 θείων
780 2669 1078 2723 ἐπακοῦσαι
1111 2669 1326 2741 λογίων.

1866 1849 2002 1913 rius,
2038 1849 2142 1902 alia
2186 1855 2365 1903 autem
2388 1848 2633 1917 apertius
2667 1846 2809 1901 dicta
2854 1845 3105 1899 inveniri.
3132 1843 3308 1912 Atque
3336 1857 3434 1912 ego

1865 1941 2081 2010 quidem
2110 1940 2363 2006 arbitror,
2396 1939 2696 1994 occultiora
2728 1938 2817 1993 illa
2848 1944 3067 2008 propter
3089 1932 3326 1997 Iudaeos,
3361 1933 3435 1986 ita

1865 2033 2105 2088 involute
2138 2040 2300 2101 atque
2348 2030 2611 2101 implicite
2647 2030 2858 2084 reddita
2892 2042 3034 2089 esse,
3066 2025 3211 2096 quod
3244 2022 3436 2078 videli«

1866 2133 1954 2181 cet
1972 2125 2147 2180 tristia
2170 2122 2415 2196 quaedam
2446 2124 2499 2177 in
2535 2123 2642 2176 illis
2671 2128 2859 2175 contra
2899 2119 3048 2189 ipsos
3081 2124 3434 2177 canerentur.

1866 2219 1936 2273 ob
1967 2232 2088 2287 quae
2117 2216 2412 2272 verisimile
2446 2215 2569 2280 fuit,
2592 2216 2744 2283 ipsos
2768 2211 3067 2266 abolituros
3099 2209 3436 2279 perdituros-

1864 2322 1970 2378 que
1994 2307 2162 2363 fuisse
2182 2307 2542 2377 Scripturam,
2573 2304 2619 2359 si
2647 2310 2833 2372 aperte
2854 2313 3155 2357 extremum
3189 2300 3433 2369 ipsorum

1864 2398 2144 2454 interitum
2192 2398 2577 2468 signilicaSSet.
2628 2393 2720 2449 Sic
2775 2408 2908 2448 sane
2943 2393 3105 2447 etiam
3151 2389 3433 2460 prophetis

1865 2491 2094 2546 infestos
2134 2491 2323 2554 fuisse,
2369 2489 2644 2543 memoria:
2688 2487 2963 2557 proditum
2998 2490 3102 2547 est,
3148 2491 3433 2553 propterea

1863 2582 2008 2651 quod
2038 2583 2106 2636 ab
2147 2583 2257 2637 illis
2292 2579 2843 2652 reprehenderentur.
2868 2577 2999 2644 Quae
3030 2590 3159 2629 vero
3189 2572 3431 2643 apertius

1866 2672 2164 2743 loquuntur
2192 2670 2510 2743 prophetiae,
2537 2669 2605 2723 ab
2630 2668 2699 2723 iis
2716 2666 2904 2734 utique
2928 2663 3168 2735 gentium
3197 2660 3432 2726 vocatio,

200 2765 369 2817 nullis
399 2764 636 2817 involuta
686 2762 1131 2826 obscuritatibus,
1167 2763 1475 2817 continetur
1501 2762 1547 2817 ':
1593 2762 1902 2834 eaedemque
1958 2766 2225 2820 bonorum
2258 2779 2380 2834 qua:
2419 2776 2449 2815 a
2479 2761 2679 2831 pietate
2728 2755 3151 2828 proﬁciscuntur
3202 2751 3436 2822 promis--

200 2858 408 2924 siones,
447 2871 557 2910 non
606 2856 701 2909 uni
741 2853 981 2910 Judaicae
1024 2854 1191 2926 genti,
1248 2855 1343 2910 sed
1391 2855 1649 2910 omnibus
1690 2871 1787 2926 per
1848 2866 2020 2912 totum
2070 2865 2347 2912 terrarum
2411 2855 2598 2910 orbem
2657 2849 3010 2913 hominibus,
3066 2845 3434 2901 denuntiant:

199 2969 326 3023 qua:
377 2967 500 3006 cum
547 2950 628 3006 sic
674 2965 732 3006 se
766 2965 859 3005 res
912 2949 1169 3015 habeant,
1214 2949 1325 3018 jam
1373 2964 1517 3005 nunc
1545 2950 1766 3005 oracula
1798 2960 2019 3023 quoque
2034 2950 2217 3007 divina
2244 2949 2457 3013 audire,
2486 2956 2700 3017 tempus
2728 2943 2912 2999 fuerit.

734 3065 1126 3118 ΚΕΦΑΛΑῙΟΝ
1166 3066 1247 3121 A'.

424 3157 459 3211 ῦ
479 3159 566 3222 ιζ’.
587 3187 658 3199 -—
679 3158 823 3211 Θεοῦ
844 3161 929 3224 εὶς
944 3160 1291 3225 ἀνθρώπους
1314 3159 1572 3227 ἀφίξεως
1585 3160 1768 3228 δήλω-

450 3244 566 3293 σις,
601 3229 695 3281 καὶ
720 3229 816 3281 ἐπὶ
860 3230 1039 3296 ταύτῃ
1067 3228 1285 3297 κλῆσις
1312 3229 1518 3283 ἐθνῶν.

277 3338 301 3371 ι
342 3321 452 3373 Καὶ
484 3318 691 3373 ἔκλινεν
738 3318 1020 3388 οὐρανοὺς,
1061 3318 1155 3371 καὶ
1199 3320 1425 3390 κατέϐη,
1448 3322 1539 3375 καὶ
1566 3321 1768 3392 γνόφος

194 3413 312 3466 ὑπὸ
338 3414 464 3476 τοὺς
487 3414 648 3475 πόδας
682 3410 845 3467 αὑτοῦ
866 3428 879 3442 ο
912 3411 1005 3465 καὶ
1032 3411 1202 3482 ἐπέϐη
1234 3413 1325 3465 ἐπὶ
1359 3415 1640 3485 χερουϐὶμ,
1674 3417 1769 3470 καὶ

194 3506 514 3576 ἐπετάσθη·
576 3505 847 3577 ἐπετάσθη
902 3506 994 3561 ἐπὶ
1043 3503 1329 3576 πτερύγων
1375 3507 1622 3579 ἀνέμων·
1675 3509 1768 3561 καὶ

198 3599 356 3651 ἔθετο
407 3596 595 3661 σκότος
645 3598 966 3669 ἀποκρυφὴν
1020 3598 1221 3662 αὑτοῦ,
1272 3599 1453 3669 κύκλῳ
1511 3598 1676 3651 αὑτοῦ
1733 3600 1766 3669 ἡ

198 3688 378 3759 σκηνὴ
408 3688 591 3742 αὐτοῦ.
632 3707 650 3739 ι
693 3687 956 3759 Ἡγοῦμαι
990 3689 1079 3743 διὰ
1123 3691 1325 3745 τούτων
1363 3692 1615 3761 ἄντικρυς
1636 3689 1767 3743 Θεοῦ

196 3782 429 3837 κάθοδον
459 3781 747 3852 οὐρανόθεν
777 3783 1158 3854 παρίστασθαι.
1194 3783 1477 3857 Προειπὼν
1501 3784 1608 3856 γὰρ
1640 3784 1769 3839 πολ-

195 3874 300 3938 λάς
326 3872 624 3940 θεολογίας,
667 3873 907 3940 ἐπιλέγει
943 3873 1012 3926 τὰ
1052 3856 1361 3945 ἐκκείμενα.
1386 3875 1473 3945 Τῷ
1501 3876 1557 3928 δὲ
1594 3856 1768 3943 λέγειν

197 3965 405 4017 κλίνειν
425 3962 586 4015 αὑτὸν
612 3963 890 4034 οὐρανοὺς,
920 3963 1012 4015 καὶ
1053 3962 1486 4033 κατεληλυθέναι,
1518 3963 1771 4033 σημαίνει

198 4056 300 4127 τὴν
321 4055 622 4125 ὑποστολὴν
647 4057 745 4126 τῆς
759 4053 943 4107 ἐνθέου
976 4053 1154 4124 δόξης,
1187 4056 1252 4125 ἦν
1283 4056 1311 4108 ό
1336 4056 1474 4119 θεῖος
1510 4055 1767 4109 Ἀπόστο-

198 4150 292 4214 λος
314 4148 586 4218 παριστὰς
611 4146 818 4215 ἐλεγενε
854 4167 873 4198 ι
908 4149 1003 4210 Ὃς
1020 4150 1079 4201 ἐν
1112 4150 1292 4219 μορφῇ
1324 4146 1457 4200 Θεοῦ
1487 4146 1765 4218 ὑπάρχων,

198 4243 299 4311 οὐχ
331 4240 627 4311 ἁρπαγμὸν
681 4241 924 4311 ἡγήσατο
972 4241 1032 4293 τὸ
1061 4234 1198 4292 εἶναι
1227 4239 1316 4293 ἴσα
1344 4239 1481 4309 Θεῷ,
1516 4239 1630 4293 ἀλλ’
1665 4239 1767 4291 αὐ-

196 4332 293 4384 τὸν
311 4331 566 4393 ἐκένωσε,
594 4330 801 4403 μορφὴν
822 4330 1004 4383 δούλου
1031 4330 1229 4384 λαϐών.
1258 4350 1275 4380 ι
1303 4330 1408 4383 Καὶ
1421 4330 1500 4392 τὸ,
1526 4349 1544 4381 ι
1567 4329 1765 4399 Ἔπέϐη

207 3160 419 3227 Ψαλμο

2388 3066 2550 3136 253
2576 3061 2805 3120 CAPUT
2840 3060 2881 3116 1.

1870 3164 1910 3216 Α
1942 3163 2147 3232 psalmo
2189 3177 2319 3215 xvu.
2344 3189 2417 3232 —_
2438 3158 2535 3210 Dei
2559 3156 2627 3208 ad
2652 3155 2882 3232 homines
2907 3152 3165 3232 adventus
3197 3150 3434 3205 ostendi-

2269 3241 2375 3288 tur,
2403 3230 2525 3281 item
2548 3227 2749 3281 vacatio
2777 3224 3030 3294 gentium.

1943 3341 1962 3373 ι
1993 3322 2058 3375 Ει
2095 3322 2376 3376 inclinavit
2399 3321 2569 3376 cados
2597 3328 2651 3374 et
2694 3314 2999 3378 descendit,
3035 3322 3088 3368 et
3125 3312 3300 3381 caligo
3333 3309 3435 3365 sub

1869 3416 2097 3485 pedibus
2125 3414 2281 3483 ejus:
2313 3421 2367 3467 et
2395 3412 2639 3466 ascendit
2675 3425 2837 3478 super
2868 3406 3172 3469 cherubim,
3207 3411 3260 3459 et
3288 3402 3434 3457 vola-

1868 3508 1945 3561 vit
1976 3522 1989 3558 :
2028 3506 2229 3561 volavit
2254 3519 2417 3573 super
2449 3518 2654 3572 pennas
2692 3510 2979 3555 ventorum
3014 3518 3027 3553 :
3063 3507 3116 3552 et
3136 3494 3318 3567 posuit
3347 3500 3433 3547 te-

1869 3602 2065 3654 nebras
2092 3598 2372 3652 latibulum
2404 3610 2586 3657 suum,
2620 3595 2675 3646 in
2701 3592 2932 3651 circuitu
2960 3590 3079 3659 ejus
3107 3588 3434 3642 tabernacu-

1871 3694 1980 3746 lum
2010 3691 2131 3762 ejus
2152 3692 2213 3743 ".
2258 3709 2276 3740 ›
2327 3688 2576 3742 Arbitror
2624 3702 2691 3741 ex
2731 3684 2819 3738 his
2860 3680 3177 3753 planissime
3219 3678 3313 3732 Dei
3367 3676 3435 3730 de

1870 3784 2009 3838 coelo
2055 3783 2377 3837 descensum
2405 3775 2619 3833 ostendi
2652 3790 2666 3825 :
2714 3780 3001 3843 postquam
3030 3768 3176 3824 enim
3235 3766 3435 3819 multas

1872 3877 2172 3944 theologias
2224 3870 2550 3935 enuntiavit,
2592 3878 2704 3922 tum
2744 3881 2808 3921 ea
2857 3879 2979 3934 qua:
3024 3859 3271 3928 exposita
3307 3864 3431 3912 sunt

1869 3967 2134 4037 adjungit.
2166 3964 2341 4019 Porro
2381 3964 2508 4017 dum
2552 3959 2687 4014 dicit
2721 3956 3015 4011 inclinasse
3050 3952 3202 4005 illum
3240 3949 3433 4009 cados,

1869 4065 1922 4111 et
1946 4057 2026 4110 sic
2050 4053 2423 4115 descendisse,
2461 4050 2889 4105 contractionem
2929 4043 3124 4098 divina:
3146 4038 3331 4111 glorize
3360 4040 3434 4093 si-

1867 4149 2108 4219 gniﬁcat,
2122 4161 2283 4216 quam
2312 4144 2530 4199 divinus
2545 4141 2836 4212 Apostolus
2852 4137 3139 4194 declarans
3156 4132 3230 4186 ait
3248 4147 3262 4183 :
3288 4149 3305 4182 ι
3331 4128 3433 4195 Qui

1869 4256 1992 4294 cum
2022 4240 2075 4295 in
2104 4239 2274 4293 forma
2304 4237 2396 4294 Dei
2414 4245 2582 4299 esset,
2604 4250 2713 4289 non
2742 4231 2987 4301 rapinam
3028 4226 3323 4281 arbitratus
3352 4228 3435 4275 est

1868 4347 1992 4386 esse
2021 4346 2079 4385 se
2103 4330 2363 4400 aequalem
2397 4329 2509 4383 Deo
2541 4343 2554 4380 :
2581 4326 2674 4382 sed
2706 4323 2946 4392 seipsum
2970 4315 3289 4378 exinauivit,
3324 4311 3434 4365 for-

196 4426 257 4478 δέ
274 4425 368 4476 ἐπὶ⁸
390 4424 669 4494 χερουὸὶμ,
691 4424 781 4476 κα)⁵
803 4422 1095 4494 ἐπετάσθη,
1125 4443 1142 4473 ι
1162 4421 1487 4476 αἰνίττεσθαί
1517 4439 1605 4491 μοι
1626 4421 1765 4473 δοκεί

1875 4442 2017 4479 mam
2054 4428 2195 4480 servi
2236 4421 2589 4493 accipiens”.
2623 4438 2641 4469 ι
2675 4416 2809 4470 lllud
2850 4419 3029 4466 autem
3061 4449 3076 4473 ,
3120 4427 3139 4459 ι
3176 4403 3435 4494 Ascendit

198 4517 299 4587 τὴν
324 4516 418 4569 ἐπὶ
446 4514 540 4568 τοῦ
567 4514 699 4567 Θεοῦ
722 4514 872 4582 δόξαν
902 4515 1362 4577 ἀποκατάστασιν,
1387 4515 1452 4585 ἢν
1476 4512 1767 4584 πεποίηται

199 4609 524 4676 ἁγγελικαῖς
580 4607 671 4660 καὶ
725 4607 893 4669 θείαις
950 4606 1208 4676 δυνάμεσι
1268 4603 1762 4677 δορυφορούμενος·

200 4700 229 4751 ὃ
263 4699 359 4752 καὶ
412 4697 542 4750 αὐτὸ
572 4695 855 4767 δηλοῦσθαι
886 4714 975 4767 μοι
1004 4696 1147 4749 δοκεῖ
1167 4696 1251 4751 διὰ
1279 4696 1397 4749 τοῦ⁶
1418 4715 1436 4748 ι
1462 4695 1762 4764 Ἐπετάσθη

202 4791 293 4841 ἐπὶ
326 4787 611 4860 πτερύγων
650 4788 884 4859 ἀνέμων.
916 4807 934 4839 ι
972 4788 1044 4841 Τὸ
1078 4788 1135 4840 δὲ
1160 4788 1348 4851 σκότος
1372 4786 1646 4841 τεθεῖσθαι
1665 4788 1763 4859 τὴν

202 4881 529 4951 ἀποκρυφὴν
558 4877 745 4941 αὑτοῦ,
784 4879 875 4933 καὶ
900 4879 1094 4947 γνόφον
1126 4879 1228 4931 ὑπὸ
1255 4879 1377 4941 τοὺς
1417 4878 1580 4941 πόδας
1605 4877 1770 4931 αὐτοῦ

204 4972 483 5039 λέγεσθαι,
534 4970 936 5043 παραστατικὸν
982 4969 1047 5023 ἂν
1106 4970 1192 5041 εἴη
1232 4970 1331 5039 τῆς
1386 4970 1619 5041 κρυφίου
1678 4969 1771 5023 καὶ

206 5065 518 5134 ἀπορρήτου
571 5062 899 5132 οἰκονομίας,
942 5062 1059 5115 καθ’
1093 5064 1158 5134 ἢν
1196 5062 1368 5115 ταῦτα
1410 5064 1587 5117 πάντα
1623 5062 1771 5133 αύτῷ

206 5156 457 5207 ἐτελεῖτο.
503 5172 520 5203 ι
558 5152 754 5223 Κύκλῳ
802 5153 858 5206 δὲ
882 5152 1047 5207 αὑτοῦ
1080 5156 1113 5225 ἡ
1170 5146 1562 5224 σκηνὴάύτοῦ,
1600 5174 1618 5206 ι
1649 5156 1768 5208 τίνα

205 5245 459 5314 λέγεσθαι
516 5247 777 5317 προσήκει
813 5245 1042 5315 νοεῖν,ἢ
1094 5246 1191 5314 τὴν
1239 5244 1400 5312 ἀγίαν
1459 5242 1620 5296 αὐτοῦ
1679 5246 1770 5298 καὶ

204 5339 496 5408 καθολικὴν
528 5338 868 5408 Ἐκκλησίαν,
899 5338 1007 5390 εἴτε
1030 5336 1127 5407 τὴν
1161 5337 1249 5390 ἐπὶ
1267 5337 1360 5407 τῆς
1378 5336 1502 5406 γῆς,
1535 5336 1643 5389 εἴτε
1675 5336 1772 5408 τὴν

202 5433 260 5484 ἐν
286 5433 563 5502 ούρανοῖς;
608 5431 762 5500 Ἑξῆς
791 5431 847 5483 δὲ
876 5429 1018 5484 κατά
1045 5431 1133 5482 τὸν
1165 5431 1322 5484 αὑτὸν
1350 5431 1560 5502 ψαλμὸν
1595 5430 1773 5483 τελευ-

201 5526 309 5587 τῶν
333 5529 362 5577 ὁ
380 5525 555 5592 λόγος,
576 5523 710 5593 ὁμοῦ
737 5523 1062 5593 παραίτησιν
1083 5523 1177 5576 τοῦ
1206 5525 1468 5596 προτέρου
1503 5523 1653 5587 λαοῦ,
1682 5525 1773 5579 καὶ

277 5700 316 5731 ¹¹
350 5700 493 5755 l’sal.
526 5715 655 5765 xvn,
694 5699 873 5756 10-12.
958 5701 998 5731 ’³
1037 5699 1265 5765 Philipp.
1298 5715 1357 5763 ιι,
1386 5699 1439 5755 6.

1876 4531 2040 4585 super
2060 4513 2363 4574 cherubim,
2395 4518 2450 4565 et
2478 4508 2703 4569 volavit,
2739 4525 2756 4556 ι
2792 4501 3101 4572 signiﬁcare
3122 4497 3251 4551 mihi
3287 4493 3434 4585 vide-

1873 4584 1982 4669 tur,
2013 4606 2155 4676 quod
2197 4605 2381 4674 gloriae
2421 4601 2514 4656 Dei
2542 4606 2690 4654 esset
2733 4590 3125 4669 restituendus,
3169 4593 3332 4656 atque
3362 4584 3445 4638 in-

1872 4700 2030 4754 terim
2086 4696 2346 4767 angelicis
2400 4692 2708 4761 divinisque
2752 4686 2925 4756 copiis
2979 4677 3433 4767 constipandust:

1871 4789 2014 4860 quod
2055 4766 2180 4843 item
2221 4787 2351 4840 mihi
2392 4784 2670 4838 declarare
2698 4778 2829 4833 illud
2867 4776 3080 4830 videtur
3119 4790 3132 4824 :
3166 4790 3184 4820 ι
3226 4766 3434 4821 Volavit

1870 4898 2035 4953 super
2061 4895 2267 4951 pennas
2296 4886 2599 4935 ventorum.
2634 4894 2652 4925 ι
2683 4872 2839 4940 Quod
2863 4876 3042 4924 autem
3077 4862 3331 4919 tenebras
3360 4860 3433 4911 la-

1868 4975 2099 5028 tibulum
2146 4986 2305 5026 suum
2336 4968 2600 5039 posuerit,
2632 4977 2685 5021 et
2737 4964 3022 5034 caliginem
3068 4958 3169 5014 sub
3206 4953 3435 5025 pedibus

1869 5064 1989 5133 ejus
2022 5061 2236 5124 dixerit,
2261 5059 2517 5114 nimirum
2549 5057 2655 5109 hoc
2691 5056 2778 5117 sit,
2823 5050 3088 5106 occultam
3114 5053 3168 5100 et
3198 5039 3442 5097 ineffabi-

1871 5159 1975 5213 lem
2015 5153 2476 5224 dispensationem
2522 5145 2839 5207 indicantis,
2898 5137 3197 5197 secundum
3247 5148 3435 5204 quam,

1875 5250 2128 5305 universa
2175 5248 2289 5301 haec
2318 5246 2387 5299 ab
2421 5246 2543 5314 ipso
2588 5238 2825 5313 perfecta
2853 5241 2980 5289 sunt
3014 5247 3025 5282 :
3060 5228 3206 5299 quod
3256 5232 3435 5279 autem

1879 5359 1897 5392 ι
1936 5341 1994 5394 1η
2025 5338 2255 5394 circuitu
2309 5336 2429 5405 ejus
2460 5330 2869 5390 tabernaculum
2902 5324 3022 5394 ejus
3054 5341 3072 5374 ι
3107 5320 3311 5375 dictum
3345 5315 3436 5378 sit,

1872 5433 2006 5488 nihil
2050 5446 2152 5500 ego
2200 5429 2345 5484 aliud
2398 5428 2622 5497 intelligi
2663 5429 2918 5493 oportere
2966 5416 3223 5474 arbitror,
3274 5424 3436 5479 quam

1875 5528 2118 5579 sanctam
2165 5521 2339 5592 ipsius
2368 5526 2423 5575 et
2456 5516 2782 5574 catholicam
2812 5508 3138 5571 Ecclesiam,
3173 5504 3287 5559 sive
3319 5516 3437 5556 eam
