  <div class='ocr_page' id='page_1' title='image "/cluster/home/n/w/nwhite01/storage/ocr_20150623/22/hvd.32044073501132/213.png"; bbox 0 0 3916 6200; ppageno 0'>
   <div class='ocr_carea' id='block_1_1' title="bbox 454 241 558 295">
    <p class='ocr_par' dir='ltr' id='par_1_1' title="bbox 454 241 558 295">
     <span class='ocr_line' id='line_1_1' title="bbox 454 241 558 295; baseline 0 0"><span class='ocrx_word' id='word_1_1' title='bbox 454 241 558 295; x_wconf 66' lang='grc' dir='ltr'>ιιεῑ</span> 
     </span>
    </p>
   </div>
   <div class='ocr_carea' id='block_1_2' title="bbox 1091 220 2993 291">
    <p class='ocr_par' dir='ltr' id='par_1_2' title="bbox 1091 220 2993 291">
     <span class='ocr_line' id='line_1_2' title="bbox 1091 220 2993 291; baseline -0.008 0"><span class='ocrx_word' id='word_1_2' title='bbox 1091 231 1356 291; x_wconf 79' lang='lat' dir='ltr'><strong>EUSEBII</strong></span> <span class='ocrx_word' id='word_1_3' title='bbox 1380 227 1854 286; x_wconf 69' lang='lat' dir='ltr'><strong>CASSARIENSIS</strong></span> <span class='ocrx_word' id='word_1_4' title='bbox 1892 227 2043 283; x_wconf 79' lang='lat' dir='ltr'><strong>OPP.</strong></span> <span class='ocrx_word' id='word_1_5' title='bbox 2084 224 2262 282; x_wconf 74' lang='lat' dir='ltr'><strong>PARS</strong></span> <span class='ocrx_word' id='word_1_6' title='bbox 2293 224 2357 280; x_wconf 87' lang='lat' dir='ltr'><strong>ll.</strong></span> <span class='ocrx_word' id='word_1_7' title='bbox 2396 255 2466 267; x_wconf 91' lang='lat'><strong>——</strong></span> <span class='ocrx_word' id='word_1_8' title='bbox 2498 220 2993 279; x_wconf 79' lang='lat' dir='ltr'><strong>APOLOGETICA.</strong></span> 
     </span>
    </p>
   </div>
   <div class='ocr_carea' id='block_1_3' title="bbox 3597 223 3708 278">
    <p class='ocr_par' dir='ltr' id='par_1_3' title="bbox 3597 223 3708 278">
     <span class='ocr_line' id='line_1_3' title="bbox 3597 223 3708 278; baseline -0.018 0"><span class='ocrx_word' id='word_1_9' title='bbox 3597 223 3708 278; x_wconf 70' lang='lat' dir='ltr'><strong>M6</strong></span> 
     </span>
    </p>
   </div>
   <div class='ocr_carea' id='block_1_4' title="bbox 453 336 2033 433">
    <p class='ocr_par' dir='ltr' id='par_1_4' title="bbox 453 351 2033 433">
     <span class='ocr_line' id='line_1_4' title="bbox 453 351 2033 433; baseline -0.009 -16"><span class='ocrx_word' id='word_1_10' title='bbox 453 379 576 433; x_wconf 67' lang='lat' dir='ltr'><strong>qua:</strong></span> <span class='ocrx_word' id='word_1_11' title='bbox 603 363 658 416; x_wconf 94' lang='lat' dir='ltr'><strong>in</strong></span> <span class='ocrx_word' id='word_1_12' title='bbox 682 361 863 424; x_wconf 88' lang='lat' dir='ltr'><strong>terris,</strong></span> <span class='ocrx_word' id='word_1_13' title='bbox 897 359 1012 414; x_wconf 86' lang='lat' dir='ltr'><strong>sive</strong></span> <span class='ocrx_word' id='word_1_14' title='bbox 1049 372 1166 409; x_wconf 80' lang='lat' dir='ltr'><strong>eam</strong></span> <span class='ocrx_word' id='word_1_15' title='bbox 1200 370 1322 425; x_wconf 78' lang='lat' dir='ltr'><strong>qua:</strong></span> <span class='ocrx_word' id='word_1_16' title='bbox 1352 355 1406 409; x_wconf 92' lang='lat' dir='ltr'><strong>in</strong></span> <span class='ocrx_word' id='word_1_17' title='bbox 1437 354 1579 409; x_wconf 68' lang='lat' dir='ltr'><strong>coilo</strong></span> <span class='ocrx_word' id='word_1_18' title='bbox 1603 361 1855 408; x_wconf 77' lang='lat' dir='ltr'><strong>versatur</strong></span> <span class='ocrx_word' id='word_1_19' title='bbox 1888 351 2033 404; x_wconf 90' lang='lat' dir='ltr'><strong>acci-</strong></span> 
     </span>
    </p>
   </div>
   <div class='ocr_carea' id='block_1_5' title="bbox 2139 336 3702 433">
    <p class='ocr_par' dir='ltr' id='par_1_5' title="bbox 2139 336 3702 420">
     <span class='ocr_line' id='line_1_5' title="bbox 2139 336 3702 420; baseline -0.004 -18"><span class='ocrx_word' id='word_1_20' title='bbox 2139 350 2228 420; x_wconf 79' lang='grc' dir='ltr'>τὴν</span> <span class='ocrx_word' id='word_1_21' title='bbox 2287 348 2479 418; x_wconf 82' lang='grc' dir='ltr'>κλῆσιν</span> <span class='ocrx_word' id='word_1_22' title='bbox 2522 346 2629 399; x_wconf 90' lang='grc' dir='ltr'><strong>τῶν</strong></span> <span class='ocrx_word' id='word_1_23' title='bbox 2676 343 2844 400; x_wconf 91' lang='grc' dir='ltr'>ἐθνῶν</span> <span class='ocrx_word' id='word_1_24' title='bbox 2895 341 3270 415; x_wconf 77' lang='grc' dir='ltr'>προθεσπίζει,</span> <span class='ocrx_word' id='word_1_25' title='bbox 3309 341 3377 395; x_wconf 81' lang='grc' dir='ltr'>δι’</span> <span class='ocrx_word' id='word_1_26' title='bbox 3421 336 3496 396; x_wconf 81' lang='grc' dir='ltr'>ὧν</span> <span class='ocrx_word' id='word_1_27' title='bbox 3535 360 3702 415; x_wconf 70' lang='grc' dir='ltr'>φησιο</span> 
     </span>
    </p>
   </div>
   <div class='ocr_carea' id='block_1_6' title="bbox 457 444 2029 525">
    <p class='ocr_par' dir='ltr' id='par_1_6' title="bbox 457 444 2029 525">
     <span class='ocr_line' id='line_1_6' title="bbox 457 444 2029 525; baseline -0.008 -17"><span class='ocrx_word' id='word_1_28' title='bbox 457 457 596 525; x_wconf 87' lang='lat' dir='ltr'><strong>pias.</strong></span> <span class='ocrx_word' id='word_1_29' title='bbox 631 453 894 520; x_wconf 87' lang='lat' dir='ltr'><strong>Deinceps</strong></span> <span class='ocrx_word' id='word_1_30' title='bbox 913 465 1042 504; x_wconf 89' lang='lat' dir='ltr'><strong>vero</strong></span> <span class='ocrx_word' id='word_1_31' title='bbox 1067 449 1121 501; x_wconf 92' lang='lat' dir='ltr'><strong>in</strong></span> <span class='ocrx_word' id='word_1_32' title='bbox 1152 447 1342 502; x_wconf 91' lang='lat' dir='ltr'><strong>eodem</strong></span> <span class='ocrx_word' id='word_1_33' title='bbox 1375 444 1895 516; x_wconf 82' lang='lat' dir='ltr'><strong>psalmo‘ubi-oratio</strong></span> <span class='ocrx_word' id='word_1_34' title='bbox 1924 452 2029 497; x_wconf 81' lang='lat' dir='ltr'><strong>ter-</strong></span> 
     </span>
    </p>
   </div>
   <div class='ocr_carea' id='block_1_7' title="bbox 457 537 2029 610">
    <p class='ocr_par' dir='ltr' id='par_1_7' title="bbox 457 537 2029 610">
     <span class='ocr_line' id='line_1_7' title="bbox 457 537 2029 610; baseline -0.01 -7"><span class='ocrx_word' id='word_1_35' title='bbox 457 551 717 610; x_wconf 89' lang='lat' dir='ltr'><strong>minatur,</strong></span> <span class='ocrx_word' id='word_1_36' title='bbox 740 546 899 600; x_wconf 85' lang='lat' dir='ltr'><strong>simul</strong></span> <span class='ocrx_word' id='word_1_37' title='bbox 931 550 984 597; x_wconf 91' lang='lat' dir='ltr'><strong>et</strong></span> <span class='ocrx_word' id='word_1_38' title='bbox 1009 541 1352 610; x_wconf 74' lang='lat' dir='ltr'><strong>rejectionem</strong></span> <span class='ocrx_word' id='word_1_39' title='bbox 1383 539 1580 610; x_wconf 81' lang='lat' dir='ltr'><strong>prioris</strong></span> <span class='ocrx_word' id='word_1_40' title='bbox 1610 537 1813 608; x_wconf 87' lang='lat' dir='ltr'><strong>populi,</strong></span> <span class='ocrx_word' id='word_1_41' title='bbox 1845 543 1900 591; x_wconf 90' lang='lat' dir='ltr'><strong>et</strong></span> <span class='ocrx_word' id='word_1_42' title='bbox 1933 551 2029 588; x_wconf 86' lang='lat' dir='ltr'><strong>vo-</strong></span> 
     </span>
    </p>
   </div>
   <div class='ocr_carea' id='block_1_8' title="bbox 455 626 2029 708">
    <p class='ocr_par' dir='ltr' id='par_1_8' title="bbox 455 626 2029 708">
     <span class='ocr_line' id='line_1_8' title="bbox 455 626 2029 708; baseline -0.009 -14"><span class='ocrx_word' id='word_1_43' title='bbox 455 642 725 694; x_wconf 89' lang='lat' dir='ltr'><strong>cationem</strong></span> <span class='ocrx_word' id='word_1_44' title='bbox 755 638 996 708; x_wconf 89' lang='lat' dir='ltr'><strong>gentium</strong></span> <span class='ocrx_word' id='word_1_45' title='bbox 1028 631 1471 705; x_wconf 69' lang='lat' dir='ltr'><strong>praedivinat,his</strong></span> <span class='ocrx_word' id='word_1_46' title='bbox 1494 630 1715 685; x_wconf 86' lang='lat' dir='ltr'><strong>verbis:</strong></span> <span class='ocrx_word' id='word_1_47' title='bbox 1759 647 1778 679; x_wconf 76' lang='grc' dir='ltr'><strong>ι</strong></span> <span class='ocrx_word' id='word_1_48' title='bbox 1816 626 2029 696; x_wconf 87' lang='lat' dir='ltr'><strong>Eripies</strong></span> 
     </span>
    </p>
   </div>
   <div class='ocr_carea' id='block_1_9' title="bbox 459 717 2027 796">
    <p class='ocr_par' dir='ltr' id='par_1_9' title="bbox 459 717 2027 796">
     <span class='ocr_line' id='line_1_9' title="bbox 459 717 2027 796; baseline -0.011 -7"><span class='ocrx_word' id='word_1_49' title='bbox 459 750 544 789; x_wconf 88' lang='lat' dir='ltr'><strong>me</strong></span> <span class='ocrx_word' id='word_1_50' title='bbox 573 733 640 788; x_wconf 88' lang='lat' dir='ltr'><strong>de</strong></span> <span class='ocrx_word' id='word_1_51' title='bbox 681 728 1210 789; x_wconf 86' lang='lat' dir='ltr'><strong>contradictionibus</strong></span> <span class='ocrx_word' id='word_1_52' title='bbox 1259 724 1468 796; x_wconf 90' lang='lat' dir='ltr'><strong>populi,</strong></span> <span class='ocrx_word' id='word_1_53' title='bbox 1505 722 1809 778; x_wconf 74' lang='lat' dir='ltr'><strong>constitues</strong></span> <span class='ocrx_word' id='word_1_54' title='bbox 1853 734 1939 773; x_wconf 91' lang='lat' dir='ltr'><strong>me</strong></span> <span class='ocrx_word' id='word_1_55' title='bbox 1969 717 2027 771; x_wconf 90' lang='lat' dir='ltr'><strong>in</strong></span> 
     </span>
    </p>
   </div>
   <div class='ocr_carea' id='block_1_10' title="bbox 458 808 2029 901">
    <p class='ocr_par' dir='ltr' id='par_1_10' title="bbox 458 808 2029 901">
     <span class='ocr_line' id='line_1_10' title="bbox 458 808 2029 901; baseline -0.016 -15"><span class='ocrx_word' id='word_1_56' title='bbox 458 836 623 901; x_wconf 90' lang='lat' dir='ltr'><strong>caput</strong></span> <span class='ocrx_word' id='word_1_57' title='bbox 650 826 914 899; x_wconf 89' lang='lat' dir='ltr'><strong>gentium.</strong></span> <span class='ocrx_word' id='word_1_58' title='bbox 948 821 1187 892; x_wconf 88' lang='lat' dir='ltr'><strong>Populus</strong></span> <span class='ocrx_word' id='word_1_59' title='bbox 1228 833 1388 889; x_wconf 87' lang='lat' dir='ltr'><strong>quem</strong></span> <span class='ocrx_word' id='word_1_60' title='bbox 1412 831 1520 872; x_wconf 92' lang='lat' dir='ltr'><strong>non</strong></span> <span class='ocrx_word' id='word_1_61' title='bbox 1545 813 1774 885; x_wconf 78' lang='lat' dir='ltr'><strong>cognovi</strong></span> <span class='ocrx_word' id='word_1_62' title='bbox 1805 808 2029 866; x_wconf 81' lang='lat' dir='ltr'><strong>servivit</strong></span> 
     </span>
    </p>
   </div>
   <div class='ocr_carea' id='block_1_11' title="bbox 459 897 2027 986">
    <p class='ocr_par' dir='ltr' id='par_1_11' title="bbox 459 897 2027 986">
     <span class='ocr_line' id='line_1_11' title="bbox 459 897 2027 986; baseline -0.018 -6"><span class='ocrx_word' id='word_1_63' title='bbox 459 897 616 986; x_wconf 80' lang='lat' dir='ltr'><strong>mihi,</strong></span> <span class='ocrx_word' id='word_1_64' title='bbox 659 897 718 974; x_wconf 83' lang='lat' dir='ltr'><strong>in</strong></span> <span class='ocrx_word' id='word_1_65' title='bbox 775 916 963 971; x_wconf 90' lang='lat' dir='ltr'><strong>auditu</strong></span> <span class='ocrx_word' id='word_1_66' title='bbox 1018 913 1169 968; x_wconf 89' lang='lat' dir='ltr'><strong>auris</strong></span> <span class='ocrx_word' id='word_1_67' title='bbox 1211 909 1452 966; x_wconf 86' lang='lat' dir='ltr'><strong>obcdivit</strong></span> <span class='ocrx_word' id='word_1_68' title='bbox 1500 907 1631 962; x_wconf 92' lang='lat' dir='ltr'><strong>mihi</strong></span> <span class='ocrx_word' id='word_1_69' title='bbox 1672 922 1684 956; x_wconf 84' lang='lat'><strong>:</strong></span> <span class='ocrx_word' id='word_1_70' title='bbox 1729 903 1824 958; x_wconf 81' lang='lat' dir='ltr'><strong>lilii</strong></span> <span class='ocrx_word' id='word_1_71' title='bbox 1864 897 2027 956; x_wconf 88' lang='lat' dir='ltr'><strong>alieni</strong></span> 
     </span>
    </p>
   </div>
   <div class='ocr_carea' id='block_1_12' title="bbox 2137 435 3708 511">
    <p class='ocr_par' dir='ltr' id='par_1_12' title="bbox 2137 435 3708 511">
     <span class='ocr_line' id='line_1_12' title="bbox 2137 435 3708 511; baseline -0.011 -16"><span class='ocrx_word' id='word_1_72' title='bbox 2137 463 2155 494; x_wconf 79' lang='grc' dir='ltr'><strong>ι</strong></span> <span class='ocrx_word' id='word_1_73' title='bbox 2200 440 2364 511; x_wconf 81' lang='grc' dir='ltr'>Ῥύσῃ</span> <span class='ocrx_word' id='word_1_74' title='bbox 2386 456 2452 511; x_wconf 86' lang='grc' dir='ltr'><strong>με</strong></span> <span class='ocrx_word' id='word_1_75' title='bbox 2475 437 2535 503; x_wconf 79' lang='grc' dir='ltr'>ἐξ</span> <span class='ocrx_word' id='word_1_76' title='bbox 2553 436 2867 506; x_wconf 83' lang='grc' dir='ltr'><strong>ἀντιλογιῶν</strong></span> <span class='ocrx_word' id='word_1_77' title='bbox 2887 435 3040 501; x_wconf 85' lang='grc' dir='ltr'>λαοῦ,</span> <span class='ocrx_word' id='word_1_78' title='bbox 3057 435 3420 504; x_wconf 80' lang='grc' dir='ltr'><strong>καταστήσεις</strong></span> <span class='ocrx_word' id='word_1_79' title='bbox 3443 437 3708 504; x_wconf 80' lang='grc' dir='ltr'>μεειςχε-</span> 
     </span>
    </p>
   </div>
   <div class='ocr_carea' id='block_1_13' title="bbox 2131 523 3706 603">
    <p class='ocr_par' dir='ltr' id='par_1_13' title="bbox 2131 523 3706 603">
     <span class='ocr_line' id='line_1_13' title="bbox 2131 523 3706 603; baseline -0.004 -18"><span class='ocrx_word' id='word_1_80' title='bbox 2131 531 2305 603; x_wconf 80' lang='grc' dir='ltr'>φαλάς</span> <span class='ocrx_word' id='word_1_81' title='bbox 2332 528 2520 583; x_wconf 85' lang='grc' dir='ltr'>ἐθνῶν.</span> <span class='ocrx_word' id='word_1_82' title='bbox 2552 528 2692 592; x_wconf 83' lang='grc' dir='ltr'>Δαὸς</span> <span class='ocrx_word' id='word_1_83' title='bbox 2722 527 2782 580; x_wconf 84' lang='grc' dir='ltr'>ὃν</span> <span class='ocrx_word' id='word_1_84' title='bbox 2815 527 2913 580; x_wconf 87' lang='grc' dir='ltr'><strong>οὑκ</strong></span> <span class='ocrx_word' id='word_1_85' title='bbox 2940 525 3112 594; x_wconf 77' lang='grc' dir='ltr'>ἔγνων</span> <span class='ocrx_word' id='word_1_86' title='bbox 3140 523 3418 578; x_wconf 87' lang='grc' dir='ltr'>ἐδούλευσέ</span> <span class='ocrx_word' id='word_1_87' title='bbox 3450 542 3560 594; x_wconf 86' lang='grc' dir='ltr'>μοι,</span> <span class='ocrx_word' id='word_1_88' title='bbox 3596 526 3706 579; x_wconf 76' lang='grc' dir='ltr'>υἱοὶ</span> 
     </span>
    </p>
   </div>
   <div class='ocr_carea' id='block_1_14' title="bbox 2130 615 3707 694">
    <p class='ocr_par' dir='ltr' id='par_1_14' title="bbox 2130 615 3707 694">
     <span class='ocr_line' id='line_1_14' title="bbox 2130 615 3707 694; baseline -0.005 -17"><span class='ocrx_word' id='word_1_89' title='bbox 2130 623 2396 694; x_wconf 83' lang='grc' dir='ltr'>ἀλλότριοι</span> <span class='ocrx_word' id='word_1_90' title='bbox 2427 619 2724 682; x_wconf 72' lang='grc' dir='ltr'>ἐψεύσαντό</span> <span class='ocrx_word' id='word_1_91' title='bbox 2771 636 2882 689; x_wconf 90' lang='grc' dir='ltr'>μοι,</span> <span class='ocrx_word' id='word_1_92' title='bbox 2914 618 3021 671; x_wconf 80' lang='grc' dir='ltr'>υἱοὶ</span> <span class='ocrx_word' id='word_1_93' title='bbox 3055 616 3325 688; x_wconf 82' lang='grc' dir='ltr'>ἀλλότριοι</span> <span class='ocrx_word' id='word_1_94' title='bbox 3360 615 3707 688; x_wconf 83' lang='grc' dir='ltr'>ἐπαλαιὼθη-</span> 
     </span>
    </p>
   </div>
   <div class='ocr_carea' id='block_1_15' title="bbox 2132 706 3706 782">
    <p class='ocr_par' dir='ltr' id='par_1_15' title="bbox 2132 706 3706 782">
     <span class='ocr_line' id='line_1_15' title="bbox 2132 706 3706 782; baseline -0.007 -13"><span class='ocrx_word' id='word_1_95' title='bbox 2132 733 2251 780; x_wconf 84' lang='grc' dir='ltr'>σαν,</span> <span class='ocrx_word' id='word_1_96' title='bbox 2284 713 2376 766; x_wconf 64' lang='grc' dir='ltr'><strong>καὶ⁸</strong></span> <span class='ocrx_word' id='word_1_97' title='bbox 2401 710 2671 782; x_wconf 85' lang='grc' dir='ltr'>ἐχώλαναν</span> <span class='ocrx_word' id='word_1_98' title='bbox 2710 711 2818 764; x_wconf 78' lang='grc' dir='ltr'>ἀπὸ</span> <span class='ocrx_word' id='word_1_99' title='bbox 2841 709 2950 762; x_wconf 90' lang='grc' dir='ltr'><strong>τῶν</strong></span> <span class='ocrx_word' id='word_1_100' title='bbox 2980 707 3184 780; x_wconf 71' lang='grc' dir='ltr'>τρίϐων</span> <span class='ocrx_word' id='word_1_101' title='bbox 3211 707 3414 762; x_wconf 83' lang='grc' dir='ltr'>αὐτῶν.</span> <span class='ocrx_word' id='word_1_102' title='bbox 3457 725 3477 758; x_wconf 73' lang='grc' dir='ltr'><strong>ι</strong></span> <span class='ocrx_word' id='word_1_103' title='bbox 3512 706 3706 760; x_wconf 86' lang='grc' dir='ltr'>Ταῦτα</span> 
     </span>
    </p>
   </div>
   <div class='ocr_carea' id='block_1_16' title="bbox 2131 799 3708 872">
    <p class='ocr_par' dir='ltr' id='par_1_16' title="bbox 2131 799 3708 872">
     <span class='ocr_line' id='line_1_16' title="bbox 2131 799 3708 872; baseline -0.004 -15"><span class='ocrx_word' id='word_1_104' title='bbox 2131 804 2187 858; x_wconf 86' lang='grc' dir='ltr'><strong>δέ</strong></span> <span class='ocrx_word' id='word_1_105' title='bbox 2215 802 2402 866; x_wconf 74' lang='grc' dir='ltr'>ὁποίας</span> <span class='ocrx_word' id='word_1_106' title='bbox 2425 801 2663 865; x_wconf 80' lang='grc' dir='ltr'>διανοίας</span> <span class='ocrx_word' id='word_1_107' title='bbox 2695 800 2898 872; x_wconf 78' lang='grc' dir='ltr'>ἔχεται,</span> <span class='ocrx_word' id='word_1_108' title='bbox 2916 799 3058 853; x_wconf 87' lang='grc' dir='ltr'><strong>κατά</strong></span> <span class='ocrx_word' id='word_1_109' title='bbox 3085 799 3176 853; x_wconf 82' lang='grc' dir='ltr'>τὸν</span> <span class='ocrx_word' id='word_1_110' title='bbox 3205 799 3549 870; x_wconf 77' lang='grc' dir='ltr'>προσήκοντα</span> <span class='ocrx_word' id='word_1_111' title='bbox 3585 816 3708 853; x_wconf 87' lang='grc' dir='ltr'>και-</span> 
     </span>
    </p>
   </div>
   <div class='ocr_carea' id='block_1_17' title="bbox 2135 891 2693 966">
    <p class='ocr_par' dir='ltr' id='par_1_17' title="bbox 2135 891 2693 966">
     <span class='ocr_line' id='line_1_17' title="bbox 2135 891 2693 966; baseline -0.004 -18"><span class='ocrx_word' id='word_1_112' title='bbox 2135 895 2228 966; x_wconf 85' lang='grc' dir='ltr'>ρὸν</span> <span class='ocrx_word' id='word_1_113' title='bbox 2253 891 2693 962; x_wconf 81' lang='grc' dir='ltr'>ἐξετασθήσεται.</span> 
     </span>
    </p>
   </div>
   <div class='ocr_carea' id='block_1_18' title="bbox 460 981 3708 1077">
    <p class='ocr_par' dir='ltr' id='par_1_18' title="bbox 460 981 3708 1077">
     <span class='ocr_line' id='line_1_18' title="bbox 460 981 3708 1077; baseline -0.009 -12"><span class='ocrx_word' id='word_1_114' title='bbox 460 981 674 1075; x_wconf 66' lang='lat' dir='ltr'><strong>mentiti</strong></span> <span class='ocrx_word' id='word_1_115' title='bbox 725 1025 855 1071; x_wconf 82' lang='lat' dir='ltr'><strong>sunt</strong></span> <span class='ocrx_word' id='word_1_116' title='bbox 899 1009 1054 1077; x_wconf 88' lang='lat' dir='ltr'><strong>mihi,</strong></span> <span class='ocrx_word' id='word_1_117' title='bbox 1102 1007 1197 1063; x_wconf 78' lang='lat' dir='ltr'><strong>lilii</strong></span> <span class='ocrx_word' id='word_1_118' title='bbox 1245 1005 1406 1061; x_wconf 86' lang='lat' dir='ltr'><strong>alieni</strong></span> <span class='ocrx_word' id='word_1_119' title='bbox 1456 1001 1739 1058; x_wconf 86' lang='lat' dir='ltr'><strong>inveterati</strong></span> <span class='ocrx_word' id='word_1_120' title='bbox 1773 1007 1922 1060; x_wconf 88' lang='lat' dir='ltr'><strong>sunt,</strong></span> <span class='ocrx_word' id='word_1_121' title='bbox 1973 1001 2028 1051; x_wconf 87' lang='lat' dir='ltr'><strong>et</strong></span> <span class='ocrx_word' id='word_1_122' title='bbox 2054 989 2498 1048; x_wconf 88' lang='lat' dir='ltr'><strong>claudieaverunt</strong></span> <span class='ocrx_word' id='word_1_123' title='bbox 2525 1002 2556 1042; x_wconf 91' lang='lat' dir='ltr'><strong>a</strong></span> <span class='ocrx_word' id='word_1_124' title='bbox 2586 986 2797 1043; x_wconf 85' lang='lat' dir='ltr'><strong>semitis</strong></span> <span class='ocrx_word' id='word_1_125' title='bbox 2855 985 2970 1041; x_wconf 86' lang='lat' dir='ltr'><strong>suis</strong></span> <span class='ocrx_word' id='word_1_126' title='bbox 2997 984 3060 1037; x_wconf 75' lang='lat'><strong>“.</strong></span> <span class='ocrx_word' id='word_1_127' title='bbox 3103 1003 3123 1037; x_wconf 73' lang='grc' dir='ltr'><strong>ι</strong></span> <span class='ocrx_word' id='word_1_128' title='bbox 3177 981 3302 1040; x_wconf 64' lang='lat' dir='ltr'><strong>Hac</strong></span> <span class='ocrx_word' id='word_1_129' title='bbox 3323 991 3504 1039; x_wconf 82' lang='lat' dir='ltr'><strong>autem</strong></span> <span class='ocrx_word' id='word_1_130' title='bbox 3561 998 3708 1054; x_wconf 63' lang='lat' dir='ltr'><strong>quo-</strong></span> 
     </span>
    </p>
   </div>
   <div class='ocr_carea' id='block_1_19' title="bbox 461 1084 2531 1178">
    <p class='ocr_par' dir='ltr' id='par_1_19' title="bbox 461 1084 2531 1178">
     <span class='ocr_line' id='line_1_19' title="bbox 461 1084 2531 1178; baseline -0.016 -7"><span class='ocrx_word' id='word_1_131' title='bbox 461 1130 588 1171; x_wconf 90' lang='lat' dir='ltr'><strong>nam</strong></span> <span class='ocrx_word' id='word_1_132' title='bbox 645 1126 810 1169; x_wconf 90' lang='lat' dir='ltr'><strong>sensu</strong></span> <span class='ocrx_word' id='word_1_133' title='bbox 837 1109 1152 1178; x_wconf 88' lang='lat' dir='ltr'><strong>accipienda</strong></span> <span class='ocrx_word' id='word_1_134' title='bbox 1188 1106 1318 1168; x_wconf 92' lang='lat' dir='ltr'><strong>sint,</strong></span> <span class='ocrx_word' id='word_1_135' title='bbox 1348 1115 1451 1157; x_wconf 90' lang='lat' dir='ltr'><strong>suo</strong></span> <span class='ocrx_word' id='word_1_136' title='bbox 1479 1110 1722 1170; x_wconf 87' lang='lat' dir='ltr'><strong>tempore</strong></span> <span class='ocrx_word' id='word_1_137' title='bbox 1747 1090 2128 1165; x_wconf 84' lang='lat' dir='ltr'><strong>inquirendum</strong></span> <span class='ocrx_word' id='word_1_138' title='bbox 2167 1104 2195 1140; x_wconf 90' lang='lat' dir='ltr'><strong>a</strong></span> <span class='ocrx_word' id='word_1_139' title='bbox 2221 1084 2378 1140; x_wconf 90' lang='lat' dir='ltr'><strong>nobis</strong></span> <span class='ocrx_word' id='word_1_140' title='bbox 2406 1085 2531 1140; x_wconf 87' lang='lat' dir='ltr'><strong>erit.</strong></span> 
     </span>
    </p>
   </div>
   <div class='ocr_carea' id='block_1_20' title="bbox 975 1213 1510 1291">
    <p class='ocr_par' dir='ltr' id='par_1_20' title="bbox 975 1213 1510 1291">
     <span class='ocr_line' id='line_1_20' title="bbox 975 1213 1510 1291; baseline -0.006 -18"><span class='ocrx_word' id='word_1_141' title='bbox 975 1219 1140 1291; x_wconf 74' lang='lat'><strong>259</strong></span> <span class='ocrx_word' id='word_1_142' title='bbox 1177 1215 1402 1273; x_wconf 74' lang='lat' dir='ltr'><strong>CAPUT</strong></span> <span class='ocrx_word' id='word_1_143' title='bbox 1445 1213 1510 1270; x_wconf 86' lang='grc' dir='ltr'><strong>ιι.</strong></span> 
     </span>
    </p>
   </div>
   <div class='ocr_carea' id='block_1_21' title="bbox 465 1323 2028 1408">
    <p class='ocr_par' dir='ltr' id='par_1_21' title="bbox 465 1323 2028 1408">
     <span class='ocr_line' id='line_1_21' title="bbox 465 1323 2028 1408; baseline -0.013 -13"><span class='ocrx_word' id='word_1_144' title='bbox 465 1342 505 1396; x_wconf 74' lang='grc' dir='ltr'><strong>Α</strong></span> <span class='ocrx_word' id='word_1_145' title='bbox 541 1339 744 1408; x_wconf 78' lang='lat' dir='ltr'><strong>psalmo</strong></span> <span class='ocrx_word' id='word_1_146' title='bbox 769 1352 911 1408; x_wconf 70' lang='lat' dir='ltr'><strong>aut.</strong></span> <span class='ocrx_word' id='word_1_147' title='bbox 944 1363 1016 1375; x_wconf 94' lang='lat'>—</span> <span class='ocrx_word' id='word_1_148' title='bbox 1040 1334 1302 1408; x_wconf 64' lang='lat' dir='ltr'><strong>Ascensus</strong></span> <span class='ocrx_word' id='word_1_149' title='bbox 1331 1329 1426 1384; x_wconf 82' lang='lat' dir='ltr'><strong>Dei</strong></span> <span class='ocrx_word' id='word_1_150' title='bbox 1455 1329 1544 1398; x_wconf 81' lang='lat' dir='ltr'><strong>qui</strong></span> <span class='ocrx_word' id='word_1_151' title='bbox 1570 1328 1718 1397; x_wconf 76' lang='lat' dir='ltr'><strong>prius</strong></span> <span class='ocrx_word' id='word_1_152' title='bbox 1749 1323 2028 1408; x_wconf 65' lang='lat' dir='ltr'><strong>descende--</strong></span> 
     </span>
    </p>
   </div>
   <div class='ocr_carea' id='block_1_22' title="bbox 537 1399 2029 1472">
    <p class='ocr_par' dir='ltr' id='par_1_22' title="bbox 537 1399 2029 1472">
     <span class='ocr_line' id='line_1_22' title="bbox 537 1399 2029 1472; baseline -0.01 -9"><span class='ocrx_word' id='word_1_153' title='bbox 537 1399 619 1463; x_wconf 71' lang='lat' dir='ltr'><strong>rat</strong></span> <span class='ocrx_word' id='word_1_154' title='bbox 646 1424 662 1462; x_wconf 91' lang='lat'><strong>:</strong></span> <span class='ocrx_word' id='word_1_155' title='bbox 692 1425 754 1462; x_wconf 82' lang='lat' dir='ltr'><strong>ac</strong></span> <span class='ocrx_word' id='word_1_156' title='bbox 774 1407 1012 1472; x_wconf 78' lang='lat' dir='ltr'><strong>deinceps</strong></span> <span class='ocrx_word' id='word_1_157' title='bbox 1047 1403 1249 1457; x_wconf 78' lang='lat' dir='ltr'><strong>uacatio</strong></span> <span class='ocrx_word' id='word_1_158' title='bbox 1290 1409 1598 1472; x_wconf 78' lang='lat' dir='ltr'><strong>cunctarum</strong></span> <span class='ocrx_word' id='word_1_159' title='bbox 1627 1399 1882 1466; x_wconf 84' lang='lat' dir='ltr'><strong>gentium,</strong></span> <span class='ocrx_word' id='word_1_160' title='bbox 1913 1410 2029 1464; x_wconf 78' lang='lat' dir='ltr'><strong>qua:</strong></span> 
     </span>
    </p>
   </div>
   <div class='ocr_carea' id='block_1_23' title="bbox 537 1470 1692 1539">
    <p class='ocr_par' dir='ltr' id='par_1_23' title="bbox 537 1470 1692 1539">
     <span class='ocr_line' id='line_1_23' title="bbox 537 1470 1692 1539; baseline -0.006 -10"><span class='ocrx_word' id='word_1_161' title='bbox 537 1491 696 1530; x_wconf 84' lang='lat' dir='ltr'><strong>unum</strong></span> <span class='ocrx_word' id='word_1_162' title='bbox 717 1489 766 1532; x_wconf 85' lang='lat' dir='ltr'><strong>et</strong></span> <span class='ocrx_word' id='word_1_163' title='bbox 798 1470 968 1532; x_wconf 72' lang='lat' dir='ltr'><strong>solum</strong></span> <span class='ocrx_word' id='word_1_164' title='bbox 1001 1473 1167 1530; x_wconf 86' lang='lat' dir='ltr'><strong>Deum</strong></span> <span class='ocrx_word' id='word_1_165' title='bbox 1203 1481 1354 1525; x_wconf 87' lang='lat' dir='ltr'><strong>erant</strong></span> <span class='ocrx_word' id='word_1_166' title='bbox 1384 1470 1692 1539; x_wconf 78' lang='lat' dir='ltr'><strong>cogniturw.</strong></span> 
     </span>
    </p>
   </div>
   <div class='ocr_carea' id='block_1_24' title="bbox 540 1555 2029 1640">
    <p class='ocr_par' dir='ltr' id='par_1_24' title="bbox 540 1555 2029 1640">
     <span class='ocr_line' id='line_1_24' title="bbox 540 1555 2029 1640; baseline -0.009 -17"><span class='ocrx_word' id='word_1_167' title='bbox 540 1589 559 1623; x_wconf 77' lang='grc' dir='ltr'><strong>ι</strong></span> <span class='ocrx_word' id='word_1_168' title='bbox 594 1572 792 1625; x_wconf 89' lang='lat' dir='ltr'><strong>Omnes</strong></span> <span class='ocrx_word' id='word_1_169' title='bbox 816 1576 1026 1640; x_wconf 87' lang='lat' dir='ltr'><strong>gentes.</strong></span> <span class='ocrx_word' id='word_1_170' title='bbox 1076 1564 1314 1636; x_wconf 79' lang='lat' dir='ltr'><strong>plaudite</strong></span> <span class='ocrx_word' id='word_1_171' title='bbox 1345 1562 1622 1623; x_wconf 88' lang='lat' dir='ltr'><strong>manibus,</strong></span> <span class='ocrx_word' id='word_1_172' title='bbox 1656 1558 1883 1629; x_wconf 86' lang='lat' dir='ltr'><strong>jubilatc</strong></span> <span class='ocrx_word' id='word_1_173' title='bbox 1920 1555 2029 1610; x_wconf 71' lang='lat' dir='ltr'><strong>Deo</strong></span> 
     </span>
    </p>
   </div>
   <div class='ocr_carea' id='block_1_25' title="bbox 464 1648 2026 1726">
    <p class='ocr_par' dir='ltr' id='par_1_25' title="bbox 464 1648 2026 1726">
     <span class='ocr_line' id='line_1_25' title="bbox 464 1648 2026 1726; baseline -0.01 -10"><span class='ocrx_word' id='word_1_174' title='bbox 464 1661 514 1716; x_wconf 83' lang='lat' dir='ltr'><strong>ir</strong></span> <span class='ocrx_word' id='word_1_175' title='bbox 557 1676 688 1715; x_wconf 83' lang='lat' dir='ltr'><strong>voce</strong></span> <span class='ocrx_word' id='word_1_176' title='bbox 713 1657 1113 1721; x_wconf 84' lang='lat' dir='ltr'><strong>exsultationis,</strong></span> <span class='ocrx_word' id='word_1_177' title='bbox 1146 1654 1400 1726; x_wconf 80' lang='lat' dir='ltr'><strong>queuiam</strong></span> <span class='ocrx_word' id='word_1_178' title='bbox 1416 1651 1680 1705; x_wconf 89' lang='lat' dir='ltr'><strong>Dominus</strong></span> <span class='ocrx_word' id='word_1_179' title='bbox 1705 1648 2026 1710; x_wconf 90' lang='lat' dir='ltr'><strong>altissimus,</strong></span> 
     </span>
    </p>
   </div>
   <div class='ocr_carea' id='block_1_26' title="bbox 2670 1197 3175 1251">
    <p class='ocr_par' dir='ltr' id='par_1_26' title="bbox 2670 1197 3175 1251">
     <span class='ocr_line' id='line_1_26' title="bbox 2670 1197 3175 1251; baseline -0.004 0"><span class='ocrx_word' id='word_1_180' title='bbox 2670 1197 3062 1251; x_wconf 79' lang='grc' dir='ltr'><strong>ΚΕΦᾹΛΑΙΟΝ</strong></span> <span class='ocrx_word' id='word_1_181' title='bbox 3099 1197 3175 1250; x_wconf 85' lang='lat' dir='ltr'><strong>B’.</strong></span> 
     </span>
    </p>
   </div>
   <div class='ocr_carea' id='block_1_27' title="bbox 2138 1325 3712 1452">
    <p class='ocr_par' dir='ltr' id='par_1_27' title="bbox 2138 1325 3712 1452">
     <span class='ocr_line' id='line_1_27' title="bbox 2138 1325 3712 1452; baseline -0.005 -68"><span class='ocrx_word' id='word_1_182' title='bbox 2138 1329 2386 1399; x_wconf 80' lang='grc' dir='ltr'>Ψαλμοῦ</span> <span class='ocrx_word' id='word_1_183' title='bbox 2418 1337 2532 1452; x_wconf 55' lang='grc' dir='ltr'>μᾷ.</span> <span class='ocrx_word' id='word_1_184' title='bbox 2565 1360 2635 1370; x_wconf 89' lang='grc'><strong><em>-</em></strong></span> <span class='ocrx_word' id='word_1_185' title='bbox 2667 1327 2976 1394; x_wconf 76' lang='grc' dir='ltr'>Ἀνάϐασις</span> <span class='ocrx_word' id='word_1_186' title='bbox 3005 1325 3152 1381; x_wconf 86' lang='grc' dir='ltr'><strong>Θεοῦ</strong></span> <span class='ocrx_word' id='word_1_187' title='bbox 3185 1325 3712 1396; x_wconf 71' lang='grc' dir='ltr'>προκατεληλυθό-</span> 
     </span>
     <span class='ocr_line' id='line_1_28' title="bbox 2205 1395 3710 1452; baseline -0.003 0"><span class='ocrx_word' id='word_1_188' title='bbox 2205 1418 2325 1452; x_wconf 71' lang='grc' dir='ltr'>τοο.</span> <span class='ocrx_word' id='word_1_189' title='bbox 2344 1419 2422 1452; x_wconf 84' lang='grc' dir='ltr'><strong>κα</strong></span> <span class='ocrx_word' id='word_1_190' title='bbox 2461 1401 2780 1452; x_wconf 68' lang='grc' dir='ltr'>ἐπίκλησις</span> <span class='ocrx_word' id='word_1_191' title='bbox 2807 1397 2996 1452; x_wconf 72' lang='grc' dir='ltr'>ἐθνῶν</span> <span class='ocrx_word' id='word_1_192' title='bbox 3015 1396 3317 1452; x_wconf 75' lang='grc' dir='ltr'>ἁπάντων.</span> <span class='ocrx_word' id='word_1_193' title='bbox 3344 1397 3452 1448; x_wconf 74' lang='grc' dir='ltr'><strong>τὸν</strong></span> <span class='ocrx_word' id='word_1_194' title='bbox 3473 1395 3582 1448; x_wconf 80' lang='grc' dir='ltr'><strong>ἕνα</strong></span> <span class='ocrx_word' id='word_1_195' title='bbox 3607 1395 3710 1448; x_wconf 77' lang='grc' dir='ltr'>καὶ</span> 
     </span>
    </p>
   </div>
   <div class='ocr_carea' id='block_1_28' title="bbox 2205 1395 3710 1466">
    <p class='ocr_par' dir='ltr' id='par_1_28' title="bbox 2205 1395 3710 1466">
     <span class='ocr_line' id='line_1_29' title="bbox 2205 1395 3710 1466; baseline -0.004 -13"><span class='ocrx_word' id='word_1_196' title='bbox 2205 1395 2325 1465; x_wconf 54' lang='grc' dir='ltr'>τος,</span> <span class='ocrx_word' id='word_1_197' title='bbox 2344 1395 2442 1453; x_wconf 68' lang='grc' dir='ltr'>καὶ</span> <span class='ocrx_word' id='word_1_198' title='bbox 2461 1401 2780 1466; x_wconf 71' lang='grc' dir='ltr'>ἐπίκλησις</span> <span class='ocrx_word' id='word_1_199' title='bbox 2807 1397 2996 1452; x_wconf 72' lang='grc' dir='ltr'>ἐθνῶν</span> <span class='ocrx_word' id='word_1_200' title='bbox 3015 1395 3317 1460; x_wconf 75' lang='grc' dir='ltr'>ἁπάντων,</span> <span class='ocrx_word' id='word_1_201' title='bbox 3344 1397 3452 1448; x_wconf 76' lang='grc' dir='ltr'><strong>τὸν</strong></span> <span class='ocrx_word' id='word_1_202' title='bbox 3473 1395 3582 1448; x_wconf 80' lang='grc' dir='ltr'><strong>ἕνα</strong></span> <span class='ocrx_word' id='word_1_203' title='bbox 3607 1395 3710 1448; x_wconf 75' lang='grc' dir='ltr'>καὶ</span> 
     </span>
    </p>
   </div>
   <div class='ocr_carea' id='block_1_29' title="bbox 2203 1467 3103 1540">
    <p class='ocr_par' dir='ltr' id='par_1_29' title="bbox 2203 1467 3103 1540">
     <span class='ocr_line' id='line_1_30' title="bbox 2203 1467 3103 1540; baseline -0.001 -18"><span class='ocrx_word' id='word_1_204' title='bbox 2203 1472 2392 1540; x_wconf 72' lang='grc' dir='ltr'>μόνον</span> <span class='ocrx_word' id='word_1_205' title='bbox 2417 1471 2562 1525; x_wconf 81' lang='grc' dir='ltr'><strong>Θεὸν</strong></span> <span class='ocrx_word' id='word_1_206' title='bbox 2593 1467 3103 1538; x_wconf 75' lang='grc' dir='ltr'>ὲπιγνωσομένων.</span> 
     </span>
    </p>
   </div>
   <div class='ocr_carea' id='block_1_30' title="bbox 2208 1556 3712 1633">
    <p class='ocr_par' dir='ltr' id='par_1_30' title="bbox 2208 1556 3712 1633">
     <span class='ocr_line' id='line_1_31' title="bbox 2208 1556 3712 1633; baseline -0.003 -20"><span class='ocrx_word' id='word_1_207' title='bbox 2208 1581 2226 1613; x_wconf 78' lang='grc' dir='ltr'><strong>ι</strong></span> <span class='ocrx_word' id='word_1_208' title='bbox 2257 1561 2439 1616; x_wconf 82' lang='grc' dir='ltr'>Πάντα</span> <span class='ocrx_word' id='word_1_209' title='bbox 2466 1561 2536 1614; x_wconf 88' lang='grc' dir='ltr'><strong>τά</strong></span> <span class='ocrx_word' id='word_1_210' title='bbox 2559 1561 2684 1631; x_wconf 74' lang='grc' dir='ltr'>ἔθνη</span> <span class='ocrx_word' id='word_1_211' title='bbox 2716 1561 3018 1633; x_wconf 82' lang='grc' dir='ltr'>κροτήσατε</span> <span class='ocrx_word' id='word_1_212' title='bbox 3047 1561 3265 1630; x_wconf 81' lang='grc' dir='ltr'>χεῖρας,</span> <span class='ocrx_word' id='word_1_213' title='bbox 3301 1556 3603 1620; x_wconf 80' lang='grc' dir='ltr'>ἀλαλάξατε</span> <span class='ocrx_word' id='word_1_214' title='bbox 3629 1556 3712 1627; x_wconf 78' lang='grc' dir='ltr'>τῷ</span> 
     </span>
    </p>
   </div>
   <div class='ocr_carea' id='block_1_31' title="bbox 2133 1648 3714 1724">
    <p class='ocr_par' dir='ltr' id='par_1_31' title="bbox 2133 1648 3714 1724">
     <span class='ocr_line' id='line_1_32' title="bbox 2133 1648 3714 1724; baseline -0.004 -18"><span class='ocrx_word' id='word_1_215' title='bbox 2133 1653 2249 1723; x_wconf 88' lang='grc' dir='ltr'>Θεῷ</span> <span class='ocrx_word' id='word_1_216' title='bbox 2279 1655 2338 1706; x_wconf 87' lang='grc' dir='ltr'><strong>ἐν</strong></span> <span class='ocrx_word' id='word_1_217' title='bbox 2369 1656 2517 1724; x_wconf 81' lang='grc' dir='ltr'>φωνῇ</span> <span class='ocrx_word' id='word_1_218' title='bbox 2549 1653 2916 1721; x_wconf 77' lang='grc' dir='ltr'>ἀγαλλιάσεως</span> <span class='ocrx_word' id='word_1_219' title='bbox 2936 1691 2950 1710; x_wconf 91' lang='grc'><strong>.</strong></span> <span class='ocrx_word' id='word_1_220' title='bbox 2971 1653 3052 1705; x_wconf 84' lang='grc' dir='ltr'>ὅτι</span> <span class='ocrx_word' id='word_1_221' title='bbox 3092 1650 3293 1721; x_wconf 83' lang='grc' dir='ltr'>Κύριος</span> <span class='ocrx_word' id='word_1_222' title='bbox 3319 1648 3577 1719; x_wconf 70' lang='grc' dir='ltr'>ὕψιστος,</span> <span class='ocrx_word' id='word_1_223' title='bbox 3611 1666 3714 1716; x_wconf 65' lang='grc' dir='ltr'>φοι</span> 
     </span>
    </p>
   </div>
   <div class='ocr_carea' id='block_1_32' title="bbox 466 1736 2033 1819">
    <p class='ocr_par' dir='ltr' id='par_1_32' title="bbox 466 1737 2031 1819">
     <span class='ocr_line' id='line_1_33' title="bbox 466 1737 2031 1819; baseline -0.008 -15"><span class='ocrx_word' id='word_1_224' title='bbox 466 1751 750 1814; x_wconf 86' lang='lat' dir='ltr'><strong>terribilis,</strong></span> <span class='ocrx_word' id='word_1_225' title='bbox 782 1766 875 1805; x_wconf 75' lang='lat' dir='ltr'><strong>rex</strong></span> <span class='ocrx_word' id='word_1_226' title='bbox 909 1764 1137 1819; x_wconf 87' lang='lat' dir='ltr'><strong>magnus</strong></span> <span class='ocrx_word' id='word_1_227' title='bbox 1180 1761 1342 1816; x_wconf 85' lang='lat' dir='ltr'><strong>super</strong></span> <span class='ocrx_word' id='word_1_228' title='bbox 1387 1758 1602 1798; x_wconf 88' lang='lat' dir='ltr'><strong>omnem</strong></span> <span class='ocrx_word' id='word_1_229' title='bbox 1635 1749 1856 1795; x_wconf 88' lang='lat' dir='ltr'><strong>terram.</strong></span> <span class='ocrx_word' id='word_1_230' title='bbox 1886 1737 2031 1792; x_wconf 87' lang='lat' dir='ltr'><strong>Sub-</strong></span> 
     </span>
    </p>
   </div>
   <div class='ocr_carea' id='block_1_33' title="bbox 2139 1736 3710 1819">
    <p class='ocr_par' dir='ltr' id='par_1_33' title="bbox 2139 1739 3710 1817">
     <span class='ocr_line' id='line_1_34' title="bbox 2139 1739 3710 1817; baseline -0.004 -19"><span class='ocrx_word' id='word_1_231' title='bbox 2139 1745 2308 1817; x_wconf 79' lang='grc' dir='ltr'>6ερὺς,</span> <span class='ocrx_word' id='word_1_232' title='bbox 2343 1745 2591 1816; x_wconf 82' lang='grc' dir='ltr'>βασιλεὺς</span> <span class='ocrx_word' id='word_1_233' title='bbox 2623 1745 2793 1816; x_wconf 88' lang='grc' dir='ltr'>μέγας</span> <span class='ocrx_word' id='word_1_234' title='bbox 2827 1745 2917 1797; x_wconf 76' lang='grc' dir='ltr'>ἐπὶ</span> <span class='ocrx_word' id='word_1_235' title='bbox 2950 1744 3130 1796; x_wconf 71' lang='grc' dir='ltr'>πᾶσαν</span> <span class='ocrx_word' id='word_1_236' title='bbox 3153 1743 3254 1813; x_wconf 81' lang='grc' dir='ltr'>τὴν</span> <span class='ocrx_word' id='word_1_237' title='bbox 3283 1741 3405 1813; x_wconf 82' lang='grc' dir='ltr'>γῆν.</span> <span class='ocrx_word' id='word_1_238' title='bbox 3437 1739 3710 1805; x_wconf 77' lang='grc' dir='ltr'>Ὑπέταξε</span> 
     </span>
    </p>
   </div>
   <div class='ocr_carea' id='block_1_34' title="bbox 464 1832 2024 1914">
    <p class='ocr_par' dir='ltr' id='par_1_34' title="bbox 464 1832 2024 1914">
     <span class='ocr_line' id='line_1_35' title="bbox 464 1832 2024 1914; baseline -0.008 -16"><span class='ocrx_word' id='word_1_239' title='bbox 464 1843 593 1914; x_wconf 77' lang='lat' dir='ltr'><strong>iecit</strong></span> <span class='ocrx_word' id='word_1_240' title='bbox 627 1843 852 1912; x_wconf 91' lang='lat' dir='ltr'><strong>populos</strong></span> <span class='ocrx_word' id='word_1_241' title='bbox 884 1841 1061 1904; x_wconf 88' lang='lat' dir='ltr'><strong>nobis,</strong></span> <span class='ocrx_word' id='word_1_242' title='bbox 1090 1846 1349 1909; x_wconf 83' lang='lat' dir='ltr'><strong>etgentes</strong></span> <span class='ocrx_word' id='word_1_243' title='bbox 1376 1836 1478 1891; x_wconf 91' lang='lat' dir='ltr'><strong>sub</strong></span> <span class='ocrx_word' id='word_1_244' title='bbox 1504 1834 1737 1905; x_wconf 81' lang='lat' dir='ltr'><strong>pedibus</strong></span> <span class='ocrx_word' id='word_1_245' title='bbox 1773 1832 1976 1886; x_wconf 89' lang='lat' dir='ltr'><strong>nostris</strong></span> <span class='ocrx_word' id='word_1_246' title='bbox 2011 1850 2024 1885; x_wconf 92' lang='lat'><strong>:</strong></span> 
     </span>
    </p>
   </div>
   <div class='ocr_carea' id='block_1_35' title="bbox 465 1922 2028 2004">
    <p class='ocr_par' dir='ltr' id='par_1_35' title="bbox 465 1922 2028 2004">
     <span class='ocr_line' id='line_1_36' title="bbox 465 1922 2028 2004; baseline -0.01 -16"><span class='ocrx_word' id='word_1_247' title='bbox 465 1935 626 2004; x_wconf 84' lang='lat' dir='ltr'><strong>elegit</strong></span> <span class='ocrx_word' id='word_1_248' title='bbox 655 1932 813 1987; x_wconf 90' lang='lat' dir='ltr'><strong>nobis</strong></span> <span class='ocrx_word' id='word_1_249' title='bbox 840 1929 1207 1984; x_wconf 66' lang='lat' dir='ltr'><strong>haareditatem</strong></span> <span class='ocrx_word' id='word_1_250' title='bbox 1250 1926 1376 1991; x_wconf 83' lang='lat' dir='ltr'><strong>sibi,</strong></span> <span class='ocrx_word' id='word_1_251' title='bbox 1406 1926 1641 1996; x_wconf 84' lang='lat' dir='ltr'><strong>speciem</strong></span> <span class='ocrx_word' id='word_1_252' title='bbox 1672 1922 1840 1975; x_wconf 83' lang='lat' dir='ltr'><strong>Jacob</strong></span> <span class='ocrx_word' id='word_1_253' title='bbox 1866 1936 2028 1990; x_wconf 85' lang='lat' dir='ltr'><strong>quam</strong></span> 
     </span>
    </p>
   </div>
   <div class='ocr_carea' id='block_1_36' title="bbox 466 2015 2032 2089">
    <p class='ocr_par' dir='ltr' id='par_1_36' title="bbox 466 2015 2032 2089">
     <span class='ocr_line' id='line_1_37' title="bbox 466 2015 2032 2089; baseline -0.008 -11"><span class='ocrx_word' id='word_1_254' title='bbox 466 2025 674 2079; x_wconf 79' lang='lat' dir='ltr'><strong>dilexit.</strong></span> <span class='ocrx_word' id='word_1_255' title='bbox 725 2022 982 2078; x_wconf 85' lang='lat' dir='ltr'><strong>Ascendit</strong></span> <span class='ocrx_word' id='word_1_256' title='bbox 1011 2021 1152 2077; x_wconf 91' lang='lat' dir='ltr'><strong>Deus</strong></span> <span class='ocrx_word' id='word_1_257' title='bbox 1181 2023 1234 2075; x_wconf 91' lang='lat' dir='ltr'><strong>in</strong></span> <span class='ocrx_word' id='word_1_258' title='bbox 1258 2020 1454 2089; x_wconf 88' lang='lat' dir='ltr'><strong>jubilo,</strong></span> <span class='ocrx_word' id='word_1_259' title='bbox 1493 2016 1754 2073; x_wconf 85' lang='lat' dir='ltr'><strong>Dominus</strong></span> <span class='ocrx_word' id='word_1_260' title='bbox 1799 2015 1853 2068; x_wconf 93' lang='lat' dir='ltr'><strong>in</strong></span> <span class='ocrx_word' id='word_1_261' title='bbox 1901 2027 2032 2066; x_wconf 90' lang='lat' dir='ltr'><strong>voce</strong></span> 
     </span>
    </p>
   </div>
   <div class='ocr_carea' id='block_1_37' title="bbox 468 2104 2030 2183">
    <p class='ocr_par' dir='ltr' id='par_1_37' title="bbox 468 2104 2030 2183">
     <span class='ocr_line' id='line_1_38' title="bbox 468 2104 2030 2183; baseline -0.01 -12"><span class='ocrx_word' id='word_1_262' title='bbox 468 2118 632 2172; x_wconf 67' lang='lat' dir='ltr'><strong>tuhaa.</strong></span> <span class='ocrx_word' id='word_1_263' title='bbox 668 2116 887 2171; x_wconf 86' lang='lat' dir='ltr'><strong>Psallite</strong></span> <span class='ocrx_word' id='word_1_264' title='bbox 945 2113 1055 2169; x_wconf 88' lang='lat' dir='ltr'><strong>Deo</strong></span> <span class='ocrx_word' id='word_1_265' title='bbox 1101 2121 1314 2176; x_wconf 88' lang='lat' dir='ltr'><strong>nostro,</strong></span> <span class='ocrx_word' id='word_1_266' title='bbox 1349 2111 1599 2183; x_wconf 87' lang='lat' dir='ltr'><strong>psallite,</strong></span> <span class='ocrx_word' id='word_1_267' title='bbox 1659 2107 1874 2179; x_wconf 90' lang='lat' dir='ltr'><strong>psallite</strong></span> <span class='ocrx_word' id='word_1_268' title='bbox 1915 2104 2030 2174; x_wconf 82' lang='lat' dir='ltr'><strong>regi</strong></span> 
     </span>
    </p>
   </div>
   <div class='ocr_carea' id='block_1_38' title="bbox 468 2196 2030 2278">
    <p class='ocr_par' dir='ltr' id='par_1_38' title="bbox 468 2196 2030 2278">
     <span class='ocr_line' id='line_1_39' title="bbox 468 2196 2030 2278; baseline -0.009 -14"><span class='ocrx_word' id='word_1_269' title='bbox 468 2218 676 2272; x_wconf 89' lang='lat' dir='ltr'><strong>nostro,</strong></span> <span class='ocrx_word' id='word_1_270' title='bbox 709 2209 942 2278; x_wconf 88' lang='lat' dir='ltr'><strong>psallite,</strong></span> <span class='ocrx_word' id='word_1_271' title='bbox 979 2207 1235 2277; x_wconf 90' lang='lat' dir='ltr'><strong>quoniam</strong></span> <span class='ocrx_word' id='word_1_272' title='bbox 1283 2220 1376 2260; x_wconf 78' lang='lat' dir='ltr'><strong>rex</strong></span> <span class='ocrx_word' id='word_1_273' title='bbox 1421 2202 1602 2258; x_wconf 83' lang='lat' dir='ltr'><strong>omnis</strong></span> <span class='ocrx_word' id='word_1_274' title='bbox 1658 2210 1818 2255; x_wconf 67' lang='lat' dir='ltr'><strong>terra:</strong></span> <span class='ocrx_word' id='word_1_275' title='bbox 1866 2196 2030 2259; x_wconf 87' lang='lat' dir='ltr'><strong>Deus,</strong></span> 
     </span>
    </p>
   </div>
   <div class='ocr_carea' id='block_1_39' title="bbox 467 2295 2029 2372">
    <p class='ocr_par' dir='ltr' id='par_1_39' title="bbox 467 2295 2029 2372">
     <span class='ocr_line' id='line_1_40' title="bbox 467 2295 2029 2372; baseline -0.009 -14"><span class='ocrx_word' id='word_1_276' title='bbox 467 2302 681 2372; x_wconf 83' lang='lat' dir='ltr'><strong>psallite</strong></span> <span class='ocrx_word' id='word_1_277' title='bbox 731 2301 1044 2372; x_wconf 82' lang='lat' dir='ltr'><strong>sapienter:</strong></span> <span class='ocrx_word' id='word_1_278' title='bbox 1109 2299 1355 2369; x_wconf 85' lang='lat' dir='ltr'><strong>regnavit</strong></span> <span class='ocrx_word' id='word_1_279' title='bbox 1406 2295 1550 2350; x_wconf 88' lang='lat' dir='ltr'><strong>Deus</strong></span> <span class='ocrx_word' id='word_1_280' title='bbox 1604 2308 1768 2364; x_wconf 84' lang='lat' dir='ltr'><strong>super</strong></span> <span class='ocrx_word' id='word_1_281' title='bbox 1822 2298 2029 2360; x_wconf 84' lang='lat' dir='ltr'><strong>gentes,</strong></span> 
     </span>
    </p>
   </div>
   <div class='ocr_carea' id='block_1_40' title="bbox 467 2380 2034 2463">
    <p class='ocr_par' dir='ltr' id='par_1_40' title="bbox 467 2380 2034 2463">
     <span class='ocr_line' id='line_1_41' title="bbox 467 2380 2034 2463; baseline -0.008 -17"><span class='ocrx_word' id='word_1_282' title='bbox 467 2392 609 2448; x_wconf 86' lang='lat' dir='ltr'><strong>Deus</strong></span> <span class='ocrx_word' id='word_1_283' title='bbox 640 2392 788 2446; x_wconf 91' lang='lat' dir='ltr'><strong>sedet</strong></span> <span class='ocrx_word' id='word_1_284' title='bbox 830 2407 995 2463; x_wconf 85' lang='lat' dir='ltr'><strong>super</strong></span> <span class='ocrx_word' id='word_1_285' title='bbox 1015 2390 1197 2445; x_wconf 88' lang='lat' dir='ltr'><strong>sedem</strong></span> <span class='ocrx_word' id='word_1_286' title='bbox 1233 2399 1475 2443; x_wconf 89' lang='lat' dir='ltr'><strong>sanctam</strong></span> <span class='ocrx_word' id='word_1_287' title='bbox 1529 2399 1706 2440; x_wconf 89' lang='lat' dir='ltr'><strong>suam.</strong></span> <span class='ocrx_word' id='word_1_288' title='bbox 1754 2380 2034 2449; x_wconf 88' lang='lat' dir='ltr'><strong>Principes</strong></span> 
     </span>
    </p>
   </div>
   <div class='ocr_carea' id='block_1_41' title="bbox 467 2470 2029 2553">
    <p class='ocr_par' dir='ltr' id='par_1_41' title="bbox 467 2470 2029 2553">
     <span class='ocr_line' id='line_1_42' title="bbox 467 2470 2029 2553; baseline -0.01 -16"><span class='ocrx_word' id='word_1_289' title='bbox 467 2483 790 2553; x_wconf 86' lang='lat' dir='ltr'><strong>populorum</strong></span> <span class='ocrx_word' id='word_1_290' title='bbox 850 2481 1162 2551; x_wconf 78' lang='lat' dir='ltr'><strong>congregati</strong></span> <span class='ocrx_word' id='word_1_291' title='bbox 1225 2488 1354 2533; x_wconf 90' lang='lat' dir='ltr'><strong>sunt</strong></span> <span class='ocrx_word' id='word_1_292' title='bbox 1402 2493 1522 2533; x_wconf 89' lang='lat' dir='ltr'><strong>cum</strong></span> <span class='ocrx_word' id='word_1_293' title='bbox 1571 2474 1680 2527; x_wconf 89' lang='lat' dir='ltr'><strong>Deo</strong></span> <span class='ocrx_word' id='word_1_294' title='bbox 1717 2470 2029 2530; x_wconf 83' lang='lat' dir='ltr'><strong>Abraham,</strong></span> 
     </span>
    </p>
   </div>
   <div class='ocr_carea' id='block_1_42' title="bbox 467 2560 2033 2644">
    <p class='ocr_par' dir='ltr' id='par_1_42' title="bbox 467 2560 2033 2644">
     <span class='ocr_line' id='line_1_43' title="bbox 467 2560 2033 2644; baseline -0.009 -17"><span class='ocrx_word' id='word_1_295' title='bbox 467 2573 724 2644; x_wconf 91' lang='lat' dir='ltr'><strong>quoniam</strong></span> <span class='ocrx_word' id='word_1_296' title='bbox 768 2572 938 2641; x_wconf 91' lang='lat' dir='ltr'><strong>ipsius</strong></span> <span class='ocrx_word' id='word_1_297' title='bbox 968 2571 1062 2625; x_wconf 88' lang='lat' dir='ltr'><strong>Dei</strong></span> <span class='ocrx_word' id='word_1_298' title='bbox 1116 2571 1285 2625; x_wconf 79' lang='lat' dir='ltr'><strong>fortes</strong></span> <span class='ocrx_word' id='word_1_299' title='bbox 1310 2588 1338 2624; x_wconf 88' lang='lat' dir='ltr'><strong>a</strong></span> <span class='ocrx_word' id='word_1_300' title='bbox 1374 2578 1515 2622; x_wconf 89' lang='lat' dir='ltr'><strong>terra</strong></span> <span class='ocrx_word' id='word_1_301' title='bbox 1545 2565 1893 2620; x_wconf 78' lang='lat' dir='ltr'><strong>vehementer</strong></span> <span class='ocrx_word' id='word_1_302' title='bbox 1921 2560 2033 2614; x_wconf 87' lang='lat' dir='ltr'><strong>ele-</strong></span> 
     </span>
    </p>
   </div>
   <div class='ocr_carea' id='block_1_43' title="bbox 467 2651 2035 2728">
    <p class='ocr_par' dir='ltr' id='par_1_43' title="bbox 467 2651 2035 2728">
     <span class='ocr_line' id='line_1_44' title="bbox 467 2651 2035 2728; baseline -0.01 -10"><span class='ocrx_word' id='word_1_303' title='bbox 467 2665 577 2718; x_wconf 91' lang='lat' dir='ltr'><strong>vati</strong></span> <span class='ocrx_word' id='word_1_304' title='bbox 608 2672 738 2719; x_wconf 92' lang='lat' dir='ltr'><strong>sunt</strong></span> <span class='ocrx_word' id='word_1_305' title='bbox 769 2665 833 2720; x_wconf 83' lang='grc'><strong>¹⁸.</strong></span> <span class='ocrx_word' id='word_1_306' title='bbox 869 2684 887 2714; x_wconf 73' lang='grc' dir='ltr'><strong>ι</strong></span> <span class='ocrx_word' id='word_1_307' title='bbox 925 2662 1064 2728; x_wconf 83' lang='lat' dir='ltr'><strong>Quid</strong></span> <span class='ocrx_word' id='word_1_308' title='bbox 1088 2661 1304 2715; x_wconf 86' lang='lat' dir='ltr'><strong>tandem</strong></span> <span class='ocrx_word' id='word_1_309' title='bbox 1336 2657 1480 2712; x_wconf 89' lang='lat' dir='ltr'><strong>aliud</strong></span> <span class='ocrx_word' id='word_1_310' title='bbox 1513 2671 1622 2727; x_wconf 69' lang='lat' dir='ltr'><strong>pra:</strong></span> <span class='ocrx_word' id='word_1_311' title='bbox 1651 2670 1710 2711; x_wconf 90' lang='lat' dir='ltr'><strong>se</strong></span> <span class='ocrx_word' id='word_1_312' title='bbox 1730 2652 1872 2708; x_wconf 77' lang='lat' dir='ltr'><strong>ferre</strong></span> <span class='ocrx_word' id='word_1_313' title='bbox 1921 2651 2035 2706; x_wconf 89' lang='lat' dir='ltr'><strong>vult</strong></span> 
     </span>
    </p>
   </div>
   <div class='ocr_carea' id='block_1_44' title="bbox 469 2745 2034 2821">
    <p class='ocr_par' dir='ltr' id='par_1_44' title="bbox 469 2745 2034 2821">
     <span class='ocr_line' id='line_1_45' title="bbox 469 2745 2034 2821; baseline -0.008 -12"><span class='ocrx_word' id='word_1_314' title='bbox 469 2757 517 2810; x_wconf 91' lang='lat' dir='ltr'><strong>is</strong></span> <span class='ocrx_word' id='word_1_315' title='bbox 543 2754 753 2811; x_wconf 88' lang='lat' dir='ltr'><strong>Domini</strong></span> <span class='ocrx_word' id='word_1_316' title='bbox 785 2771 847 2810; x_wconf 92' lang='lat' dir='ltr'><strong>ac</strong></span> <span class='ocrx_word' id='word_1_317' title='bbox 885 2755 976 2810; x_wconf 83' lang='lat' dir='ltr'><strong>Dei</strong></span> <span class='ocrx_word' id='word_1_318' title='bbox 1021 2769 1305 2816; x_wconf 88' lang='lat' dir='ltr'><strong>ascensus,</strong></span> <span class='ocrx_word' id='word_1_319' title='bbox 1356 2751 1448 2821; x_wconf 92' lang='lat' dir='ltr'><strong>qui</strong></span> <span class='ocrx_word' id='word_1_320' title='bbox 1481 2750 1631 2805; x_wconf 88' lang='lat' dir='ltr'><strong>hisce</strong></span> <span class='ocrx_word' id='word_1_321' title='bbox 1663 2745 1842 2800; x_wconf 87' lang='lat' dir='ltr'><strong>verbis</strong></span> <span class='ocrx_word' id='word_1_322' title='bbox 1867 2758 2034 2814; x_wconf 81' lang='lat' dir='ltr'><strong>expo-</strong></span> 
     </span>
    </p>
   </div>
   <div class='ocr_carea' id='block_1_45' title="bbox 469 2836 2035 2916">
    <p class='ocr_par' dir='ltr' id='par_1_45' title="bbox 469 2836 2035 2916">
     <span class='ocr_line' id='line_1_46' title="bbox 469 2836 2035 2916; baseline -0.007 -15"><span class='ocrx_word' id='word_1_323' title='bbox 469 2850 606 2901; x_wconf 88' lang='lat' dir='ltr'><strong>situs</strong></span> <span class='ocrx_word' id='word_1_324' title='bbox 627 2855 730 2909; x_wconf 83' lang='lat' dir='ltr'><strong>est,</strong></span> <span class='ocrx_word' id='word_1_325' title='bbox 761 2861 921 2916; x_wconf 89' lang='lat' dir='ltr'><strong>quam</strong></span> <span class='ocrx_word' id='word_1_326' title='bbox 961 2855 1120 2899; x_wconf 87' lang='lat' dir='ltr'><strong>antea</strong></span> <span class='ocrx_word' id='word_1_327' title='bbox 1151 2843 1500 2900; x_wconf 88' lang='lat' dir='ltr'><strong>descendisse</strong></span> <span class='ocrx_word' id='word_1_328' title='bbox 1553 2855 1676 2894; x_wconf 92' lang='lat' dir='ltr'><strong>eum</strong></span> <span class='ocrx_word' id='word_1_329' title='bbox 1704 2878 1720 2902; x_wconf 94' lang='lat'><strong>,</strong></span> <span class='ocrx_word' id='word_1_330' title='bbox 1763 2836 1856 2907; x_wconf 93' lang='lat' dir='ltr'><strong>qui</strong></span> <span class='ocrx_word' id='word_1_331' title='bbox 1890 2849 2035 2891; x_wconf 89' lang='lat' dir='ltr'><strong>nunc</strong></span> 
     </span>
    </p>
   </div>
   <div class='ocr_carea' id='block_1_46' title="bbox 471 2933 2035 3009">
    <p class='ocr_par' dir='ltr' id='par_1_46' title="bbox 471 2933 2035 3009">
     <span class='ocr_line' id='line_1_47' title="bbox 471 2933 2035 3009; baseline -0.008 -17"><span class='ocrx_word' id='word_1_332' title='bbox 471 2937 768 2994; x_wconf 86' lang='lat' dir='ltr'><strong>ascendat?</strong></span> <span class='ocrx_word' id='word_1_333' title='bbox 799 2947 919 3009; x_wconf 91' lang='lat' dir='ltr'><strong>post</strong></span> <span class='ocrx_word' id='word_1_334' title='bbox 946 2954 1106 3009; x_wconf 90' lang='lat' dir='ltr'><strong>quem</strong></span> <span class='ocrx_word' id='word_1_335' title='bbox 1141 2954 1271 2993; x_wconf 91' lang='lat' dir='ltr'><strong>sane</strong></span> <span class='ocrx_word' id='word_1_336' title='bbox 1293 2949 1605 2997; x_wconf 88' lang='lat' dir='ltr'><strong>ascensum,</strong></span> <span class='ocrx_word' id='word_1_337' title='bbox 1638 2933 1888 3002; x_wconf 91' lang='lat' dir='ltr'><strong>protinus</strong></span> <span class='ocrx_word' id='word_1_338' title='bbox 1901 2943 2035 2999; x_wconf 90' lang='lat' dir='ltr'><strong>gen-</strong></span> 
     </span>
    </p>
   </div>
   <div class='ocr_carea' id='block_1_47' title="bbox 470 3023 2033 3091">
    <p class='ocr_par' dir='ltr' id='par_1_47' title="bbox 470 3023 2033 3091">
     <span class='ocr_line' id='line_1_48' title="bbox 470 3023 2033 3091; baseline -0.009 -7"><span class='ocrx_word' id='word_1_339' title='bbox 470 3031 602 3084; x_wconf 91' lang='lat' dir='ltr'><strong>tium</strong></span> <span class='ocrx_word' id='word_1_340' title='bbox 631 3038 950 3084; x_wconf 90' lang='lat' dir='ltr'><strong>cunctarum</strong></span> <span class='ocrx_word' id='word_1_341' title='bbox 998 3031 1213 3085; x_wconf 87' lang='lat' dir='ltr'><strong>vocatio</strong></span> <span class='ocrx_word' id='word_1_342' title='bbox 1269 3028 1505 3090; x_wconf 86' lang='lat' dir='ltr'><strong>canitur,</strong></span> <span class='ocrx_word' id='word_1_343' title='bbox 1538 3023 1935 3091; x_wconf 86' lang='lat' dir='ltr'><strong>hilaritatisque</strong></span> <span class='ocrx_word' id='word_1_344' title='bbox 1969 3034 2033 3071; x_wconf 87' lang='lat' dir='ltr'><strong>ac</strong></span> 
     </span>
    </p>
   </div>
   <div class='ocr_carea' id='block_1_48' title="bbox 471 3108 2030 3191">
    <p class='ocr_par' dir='ltr' id='par_1_48' title="bbox 471 3108 2030 3191">
     <span class='ocr_line' id='line_1_49' title="bbox 471 3108 2030 3191; baseline -0.009 -17"><span class='ocrx_word' id='word_1_345' title='bbox 471 3121 670 3177; x_wconf 63' lang='lat' dir='ltr'><strong>latitia:</strong></span> <span class='ocrx_word' id='word_1_346' title='bbox 700 3123 875 3190; x_wconf 81' lang='lat' dir='ltr'><strong>signa.</strong></span> <span class='ocrx_word' id='word_1_347' title='bbox 907 3129 1033 3191; x_wconf 75' lang='lat' dir='ltr'><strong>pust</strong></span> <span class='ocrx_word' id='word_1_348' title='bbox 1063 3137 1182 3176; x_wconf 91' lang='lat' dir='ltr'><strong>eam</strong></span> <span class='ocrx_word' id='word_1_349' title='bbox 1206 3136 1326 3190; x_wconf 76' lang='lat' dir='ltr'><strong>qua:</strong></span> <span class='ocrx_word' id='word_1_350' title='bbox 1355 3122 1706 3187; x_wconf 81' lang='lat' dir='ltr'><strong>exspectatur</strong></span> <span class='ocrx_word' id='word_1_351' title='bbox 1729 3111 1819 3166; x_wconf 91' lang='lat' dir='ltr'><strong>Dei</strong></span> <span class='ocrx_word' id='word_1_352' title='bbox 1839 3108 2030 3180; x_wconf 89' lang='lat' dir='ltr'><strong>cogni-</strong></span> 
     </span>
    </p>
   </div>
   <div class='ocr_carea' id='block_1_49' title="bbox 469 3198 2036 3276">
    <p class='ocr_par' dir='ltr' id='par_1_49' title="bbox 469 3198 2036 3276">
     <span class='ocr_line' id='line_1_50' title="bbox 469 3198 2036 3276; baseline -0.009 -8"><span class='ocrx_word' id='word_1_353' title='bbox 469 3215 694 3276; x_wconf 88' lang='lat' dir='ltr'><strong>tionem,</strong></span> <span class='ocrx_word' id='word_1_354' title='bbox 730 3214 1042 3268; x_wconf 83' lang='lat' dir='ltr'><strong>nationibus</strong></span> <span class='ocrx_word' id='word_1_355' title='bbox 1077 3211 1349 3266; x_wconf 88' lang='lat' dir='ltr'><strong>universis</strong></span> <span class='ocrx_word' id='word_1_356' title='bbox 1397 3203 1734 3262; x_wconf 82' lang='lat' dir='ltr'><strong>nuntiatur?</strong></span> <span class='ocrx_word' id='word_1_357' title='bbox 1790 3198 2036 3272; x_wconf 88' lang='lat' dir='ltr'><strong>quando-</strong></span> 
     </span>
    </p>
   </div>
   <div class='ocr_carea' id='block_1_50' title="bbox 470 3290 2034 3376">
    <p class='ocr_par' dir='ltr' id='par_1_50' title="bbox 470 3290 2034 3376">
     <span class='ocr_line' id='line_1_51' title="bbox 470 3290 2034 3376; baseline -0.012 -17"><span class='ocrx_word' id='word_1_358' title='bbox 470 3304 686 3376; x_wconf 85' lang='lat' dir='ltr'><strong>quidem</strong></span> <span class='ocrx_word' id='word_1_359' title='bbox 741 3303 919 3371; x_wconf 90' lang='lat' dir='ltr'><strong>ipsum</strong></span> <span class='ocrx_word' id='word_1_360' title='bbox 945 3300 1233 3357; x_wconf 89' lang='lat' dir='ltr'><strong>Dominum</strong></span> <span class='ocrx_word' id='word_1_361' title='bbox 1275 3298 1635 3358; x_wconf 89' lang='lat' dir='ltr'><strong>altissimum,</strong></span> <span class='ocrx_word' id='word_1_362' title='bbox 1665 3306 1824 3362; x_wconf 88' lang='lat' dir='ltr'><strong>quem</strong></span> <span class='ocrx_word' id='word_1_363' title='bbox 1857 3290 2034 3344; x_wconf 90' lang='lat' dir='ltr'><strong>solum</strong></span> 
     </span>
    </p>
   </div>
   <div class='ocr_carea' id='block_1_51' title="bbox 473 3388 2037 3464">
    <p class='ocr_par' dir='ltr' id='par_1_51' title="bbox 473 3388 2037 3464">
     <span class='ocr_line' id='line_1_52' title="bbox 473 3388 2037 3464; baseline -0.004 -16"><span class='ocrx_word' id='word_1_364' title='bbox 473 3396 640 3450; x_wconf 89' lang='lat' dir='ltr'><strong>Deum</strong></span> <span class='ocrx_word' id='word_1_365' title='bbox 670 3409 734 3449; x_wconf 90' lang='lat' dir='ltr'><strong>ac</strong></span> <span class='ocrx_word' id='word_1_366' title='bbox 763 3410 941 3464; x_wconf 79' lang='lat' dir='ltr'><strong>regem</strong></span> <span class='ocrx_word' id='word_1_367' title='bbox 971 3393 1236 3448; x_wconf 67' lang='lat' dir='ltr'><strong>universae</strong></span> <span class='ocrx_word' id='word_1_368' title='bbox 1261 3399 1420 3446; x_wconf 70' lang='lat' dir='ltr'><strong>terrae</strong></span> <span class='ocrx_word' id='word_1_369' title='bbox 1455 3391 1741 3448; x_wconf 79' lang='lat' dir='ltr'><strong>confessus</strong></span> <span class='ocrx_word' id='word_1_370' title='bbox 1770 3402 1872 3454; x_wconf 89' lang='lat' dir='ltr'><strong>est,</strong></span> <span class='ocrx_word' id='word_1_371' title='bbox 1905 3388 2037 3445; x_wconf 91' lang='lat' dir='ltr'><strong>sub-</strong></span> 
     </span>
    </p>
   </div>
   <div class='ocr_carea' id='block_1_52' title="bbox 468 3479 2036 3556">
    <p class='ocr_par' dir='ltr' id='par_1_52' title="bbox 468 3479 2036 3556">
     <span class='ocr_line' id='line_1_53' title="bbox 468 3479 2036 3556; baseline -0.007 -12"><span class='ocrx_word' id='word_1_372' title='bbox 468 3490 740 3556; x_wconf 81' lang='lat' dir='ltr'><strong>iecturum</strong></span> <span class='ocrx_word' id='word_1_373' title='bbox 784 3487 944 3541; x_wconf 88' lang='lat' dir='ltr'><strong>nobis</strong></span> <span class='ocrx_word' id='word_1_374' title='bbox 998 3485 1226 3556; x_wconf 91' lang='lat' dir='ltr'><strong>populos</strong></span> <span class='ocrx_word' id='word_1_375' title='bbox 1271 3483 1404 3538; x_wconf 90' lang='lat' dir='ltr'><strong>dicit</strong></span> <span class='ocrx_word' id='word_1_376' title='bbox 1436 3502 1448 3536; x_wconf 89' lang='lat'><strong>:</strong></span> <span class='ocrx_word' id='word_1_377' title='bbox 1487 3484 1644 3538; x_wconf 91' lang='lat' dir='ltr'><strong>nobis</strong></span> <span class='ocrx_word' id='word_1_378' title='bbox 1680 3490 1882 3546; x_wconf 87' lang='lat' dir='ltr'><strong>autem,</strong></span> <span class='ocrx_word' id='word_1_379' title='bbox 1913 3479 2036 3550; x_wconf 77' lang='lat' dir='ltr'><strong>qui-</strong></span> 
     </span>
    </p>
   </div>
   <div class='ocr_carea' id='block_1_53' title="bbox 472 3561 2037 3646">
    <p class='ocr_par' dir='ltr' id='par_1_53' title="bbox 472 3561 2037 3646">
     <span class='ocr_line' id='line_1_54' title="bbox 472 3561 2037 3646; baseline -0.006 -11"><span class='ocrx_word' id='word_1_380' title='bbox 472 3581 576 3636; x_wconf 88' lang='lat' dir='ltr'><strong>bus</strong></span> <span class='ocrx_word' id='word_1_381' title='bbox 605 3580 628 3632; x_wconf 75' lang='grc' dir='ltr'>τ</span> <span class='ocrx_word' id='word_1_382' title='bbox 657 3580 739 3633; x_wconf 89' lang='lat' dir='ltr'><strong>his</strong></span> <span class='ocrx_word' id='word_1_383' title='bbox 766 3561 917 3642; x_wconf 86' lang='lat' dir='ltr'><strong>sane,</strong></span> <span class='ocrx_word' id='word_1_384' title='bbox 947 3578 1039 3646; x_wconf 93' lang='lat' dir='ltr'><strong>qui</strong></span> <span class='ocrx_word' id='word_1_385' title='bbox 1072 3576 1184 3630; x_wconf 65' lang='lat' dir='ltr'><strong>haec</strong></span> <span class='ocrx_word' id='word_1_386' title='bbox 1216 3577 1330 3645; x_wconf 88' lang='lat' dir='ltr'><strong>ipsa</strong></span> <span class='ocrx_word' id='word_1_387' title='bbox 1367 3576 1646 3630; x_wconf 88' lang='lat' dir='ltr'><strong>vaticinati</strong></span> <span class='ocrx_word' id='word_1_388' title='bbox 1671 3583 1800 3629; x_wconf 89' lang='lat' dir='ltr'><strong>sunt</strong></span> <span class='ocrx_word' id='word_1_389' title='bbox 1832 3593 1844 3628; x_wconf 93' lang='lat'><strong>:</strong></span> <span class='ocrx_word' id='word_1_390' title='bbox 1892 3572 2037 3643; x_wconf 91' lang='lat' dir='ltr'><strong>quod</strong></span> 
     </span>
    </p>
   </div>
   <div class='ocr_carea' id='block_1_54' title="bbox 472 3652 2037 3742">
    <p class='ocr_par' dir='ltr' id='par_1_54' title="bbox 472 3652 2037 3742">
     <span class='ocr_line' id='line_1_55' title="bbox 472 3652 2037 3742; baseline -0.004 -17"><span class='ocrx_word' id='word_1_391' title='bbox 472 3672 649 3742; x_wconf 88' lang='lat' dir='ltr'><strong>ipsum</strong></span> <span class='ocrx_word' id='word_1_392' title='bbox 703 3671 919 3741; x_wconf 89' lang='lat' dir='ltr'><strong>quidem</strong></span> <span class='ocrx_word' id='word_1_393' title='bbox 942 3671 1054 3740; x_wconf 80' lang='lat' dir='ltr'><strong>jam</strong></span> <span class='ocrx_word' id='word_1_394' title='bbox 1086 3683 1231 3723; x_wconf 91' lang='lat' dir='ltr'><strong>nunc</strong></span> <span class='ocrx_word' id='word_1_395' title='bbox 1262 3668 1590 3736; x_wconf 88' lang='lat' dir='ltr'><strong>completum</strong></span> <span class='ocrx_word' id='word_1_396' title='bbox 1636 3669 1794 3737; x_wconf 86' lang='lat' dir='ltr'><strong>plane</strong></span> <span class='ocrx_word' id='word_1_397' title='bbox 1839 3652 2037 3720; x_wconf 77' lang='lat' dir='ltr'><strong>intueri</strong></span> 
     </span>
    </p>
   </div>
   <div class='ocr_carea' id='block_1_55' title="bbox 473 3758 2036 3835">
    <p class='ocr_par' dir='ltr' id='par_1_55' title="bbox 473 3758 2036 3835">
     <span class='ocr_line' id='line_1_56' title="bbox 473 3758 2036 3835; baseline -0.005 -17"><span class='ocrx_word' id='word_1_398' title='bbox 473 3766 617 3827; x_wconf 89' lang='lat' dir='ltr'><strong>licet,</strong></span> <span class='ocrx_word' id='word_1_399' title='bbox 641 3763 856 3835; x_wconf 88' lang='lat' dir='ltr'><strong>quando</strong></span> <span class='ocrx_word' id='word_1_400' title='bbox 882 3773 1086 3833; x_wconf 82' lang='lat' dir='ltr'><strong>gentes.</strong></span> <span class='ocrx_word' id='word_1_401' title='bbox 1114 3775 1233 3830; x_wconf 71' lang='lat' dir='ltr'><strong>quae</strong></span> <span class='ocrx_word' id='word_1_402' title='bbox 1254 3759 1307 3813; x_wconf 91' lang='lat' dir='ltr'><strong>in</strong></span> <span class='ocrx_word' id='word_1_403' title='bbox 1339 3759 1543 3814; x_wconf 83' lang='lat' dir='ltr'><strong>Christi</strong></span> <span class='ocrx_word' id='word_1_404' title='bbox 1570 3758 1727 3814; x_wconf 81' lang='lat' dir='ltr'><strong>ﬁdem</strong></span> <span class='ocrx_word' id='word_1_405' title='bbox 1749 3765 2036 3822; x_wconf 86' lang='lat' dir='ltr'><strong>venerunt,</strong></span> 
     </span>
    </p>
   </div>
   <div class='ocr_carea' id='block_1_56' title="bbox 473 3849 2039 3923">
    <p class='ocr_par' dir='ltr' id='par_1_56' title="bbox 473 3849 2039 3923">
     <span class='ocr_line' id='line_1_57' title="bbox 473 3849 2039 3923; baseline -0.004 -13"><span class='ocrx_word' id='word_1_406' title='bbox 473 3872 664 3912; x_wconf 87' lang='lat' dir='ltr'><strong>omnes</strong></span> <span class='ocrx_word' id='word_1_407' title='bbox 707 3855 946 3910; x_wconf 90' lang='lat' dir='ltr'><strong>oraculis</strong></span> <span class='ocrx_word' id='word_1_408' title='bbox 989 3853 1375 3923; x_wconf 86' lang='lat' dir='ltr'><strong>prophetarum</strong></span> <span class='ocrx_word' id='word_1_409' title='bbox 1432 3852 1661 3906; x_wconf 63' lang='lat' dir='ltr'><strong>abdictze</strong></span> <span class='ocrx_word' id='word_1_410' title='bbox 1721 3860 1866 3905; x_wconf 76' lang='lat' dir='ltr'><strong>sunt.</strong></span> <span class='ocrx_word' id='word_1_411' title='bbox 1914 3849 2039 3905; x_wconf 74' lang='lat' dir='ltr'><strong>Ha-c</strong></span> 
     </span>
    </p>
   </div>
   <div class='ocr_carea' id='block_1_57' title="bbox 471 3941 2041 4016">
    <p class='ocr_par' dir='ltr' id='par_1_57' title="bbox 471 3941 2041 4016">
     <span class='ocr_line' id='line_1_58' title="bbox 471 3941 2041 4016; baseline -0.004 -14"><span class='ocrx_word' id='word_1_412' title='bbox 471 3957 652 4003; x_wconf 87' lang='lat' dir='ltr'><strong>tamen</strong></span> <span class='ocrx_word' id='word_1_413' title='bbox 677 3950 888 4012; x_wconf 89' lang='lat' dir='ltr'><strong>eadem,</strong></span> <span class='ocrx_word' id='word_1_414' title='bbox 911 3949 1072 4003; x_wconf 92' lang='lat' dir='ltr'><strong>etiam</strong></span> <span class='ocrx_word' id='word_1_415' title='bbox 1089 3964 1156 4002; x_wconf 82' lang='lat' dir='ltr'><strong>ex</strong></span> <span class='ocrx_word' id='word_1_416' title='bbox 1180 3945 1549 4016; x_wconf 89' lang='lat' dir='ltr'><strong>apostolorum</strong></span> <span class='ocrx_word' id='word_1_417' title='bbox 1594 3941 1894 3998; x_wconf 85' lang='lat' dir='ltr'><strong>Salvatoris</strong></span> <span class='ocrx_word' id='word_1_418' title='bbox 1940 3957 2041 3997; x_wconf 86' lang='lat' dir='ltr'><strong>no-</strong></span> 
     </span>
    </p>
   </div>
   <div class='ocr_carea' id='block_1_58' title="bbox 476 4035 2038 4111">
    <p class='ocr_par' dir='ltr' id='par_1_58' title="bbox 476 4035 2038 4111">
     <span class='ocr_line' id='line_1_59' title="bbox 476 4035 2038 4111; baseline -0.004 -16"><span class='ocrx_word' id='word_1_419' title='bbox 476 4041 576 4096; x_wconf 90' lang='lat' dir='ltr'><strong>stri</strong></span> <span class='ocrx_word' id='word_1_420' title='bbox 616 4055 847 4111; x_wconf 89' lang='lat' dir='ltr'><strong>persona</strong></span> <span class='ocrx_word' id='word_1_421' title='bbox 883 4040 990 4094; x_wconf 90' lang='lat' dir='ltr'><strong>dici</strong></span> <span class='ocrx_word' id='word_1_422' title='bbox 1020 4047 1273 4110; x_wconf 89' lang='lat' dir='ltr'><strong>possunt,</strong></span> <span class='ocrx_word' id='word_1_423' title='bbox 1299 4037 1391 4108; x_wconf 92' lang='lat' dir='ltr'><strong>qui</strong></span> <span class='ocrx_word' id='word_1_424' title='bbox 1423 4035 1640 4106; x_wconf 89' lang='lat' dir='ltr'><strong>quidem</strong></span> <span class='ocrx_word' id='word_1_425' title='bbox 1672 4035 1726 4090; x_wconf 87' lang='lat' dir='ltr'><strong>id</strong></span> <span class='ocrx_word' id='word_1_426' title='bbox 1757 4036 1832 4089; x_wconf 84' lang='lat' dir='ltr'><strong>ita</strong></span> <span class='ocrx_word' id='word_1_427' title='bbox 1862 4050 2038 4089; x_wconf 91' lang='lat' dir='ltr'><strong>enun-</strong></span> 
     </span>
    </p>
   </div>
   <div class='ocr_carea' id='block_1_59' title="bbox 477 4129 2040 4201">
    <p class='ocr_par' dir='ltr' id='par_1_59' title="bbox 477 4129 2040 4201">
     <span class='ocr_line' id='line_1_60' title="bbox 477 4129 2040 4201; baseline -0.005 -16"><span class='ocrx_word' id='word_1_428' title='bbox 477 4132 613 4186; x_wconf 90' lang='lat' dir='ltr'><strong>tient</strong></span> <span class='ocrx_word' id='word_1_429' title='bbox 639 4149 652 4186; x_wconf 90' lang='lat'><strong>:</strong></span> <span class='ocrx_word' id='word_1_430' title='bbox 688 4147 705 4180; x_wconf 78' lang='grc' dir='ltr'><strong>ι</strong></span> <span class='ocrx_word' id='word_1_431' title='bbox 729 4129 903 4201; x_wconf 79' lang='lat' dir='ltr'><strong>Elegit</strong></span> <span class='ocrx_word' id='word_1_432' title='bbox 929 4130 1084 4184; x_wconf 88' lang='lat' dir='ltr'><strong>nobis</strong></span> <span class='ocrx_word' id='word_1_433' title='bbox 1109 4129 1474 4184; x_wconf 64' lang='lat' dir='ltr'><strong>haareditatem</strong></span> <span class='ocrx_word' id='word_1_434' title='bbox 1504 4142 1659 4181; x_wconf 90' lang='lat' dir='ltr'><strong>suam</strong></span> <span class='ocrx_word' id='word_1_435' title='bbox 1693 4144 1706 4180; x_wconf 91' lang='lat'><strong>:</strong></span> <span class='ocrx_word' id='word_1_436' title='bbox 1739 4144 1756 4177; x_wconf 74' lang='grc' dir='ltr'><strong>ι</strong></span> <span class='ocrx_word' id='word_1_437' title='bbox 1784 4131 2040 4179; x_wconf 75' lang='lat' dir='ltr'><strong>czeterum</strong></span> 
     </span>
    </p>
   </div>
   <div class='ocr_carea' id='block_1_60' title="bbox 477 4215 2040 4292">
    <p class='ocr_par' dir='ltr' id='par_1_60' title="bbox 477 4215 2040 4292">
     <span class='ocr_line' id='line_1_61' title="bbox 477 4215 2040 4292; baseline -0.004 -16"><span class='ocrx_word' id='word_1_438' title='bbox 477 4238 638 4292; x_wconf 90' lang='lat' dir='ltr'><strong>quam</strong></span> <span class='ocrx_word' id='word_1_439' title='bbox 667 4224 883 4276; x_wconf 91' lang='lat' dir='ltr'><strong>tandem</strong></span> <span class='ocrx_word' id='word_1_440' title='bbox 937 4220 1304 4276; x_wconf 61' lang='lat' dir='ltr'><strong>hmreditatem</strong></span> <span class='ocrx_word' id='word_1_441' title='bbox 1338 4218 1584 4288; x_wconf 90' lang='lat' dir='ltr'><strong>accipere</strong></span> <span class='ocrx_word' id='word_1_442' title='bbox 1635 4224 1886 4286; x_wconf 90' lang='lat' dir='ltr'><strong>oportet,</strong></span> <span class='ocrx_word' id='word_1_443' title='bbox 1935 4215 2040 4271; x_wconf 87' lang='lat' dir='ltr'><strong>nisi</strong></span> 
     </span>
    </p>
   </div>
   <div class='ocr_carea' id='block_1_61' title="bbox 474 4308 2042 4384">
    <p class='ocr_par' dir='ltr' id='par_1_61' title="bbox 474 4308 2042 4384">
     <span class='ocr_line' id='line_1_62' title="bbox 474 4308 2042 4384; baseline -0.004 -15"><span class='ocrx_word' id='word_1_444' title='bbox 474 4314 812 4369; x_wconf 82' lang='lat' dir='ltr'><strong>vocationem</strong></span> <span class='ocrx_word' id='word_1_445' title='bbox 846 4314 1085 4384; x_wconf 86' lang='lat' dir='ltr'><strong>gentium</strong></span> <span class='ocrx_word' id='word_1_446' title='bbox 1110 4310 1701 4379; x_wconf 86' lang='lat' dir='ltr'><strong>universarum?quam</strong></span> <span class='ocrx_word' id='word_1_447' title='bbox 1738 4311 1854 4379; x_wconf 85' lang='lat' dir='ltr'><strong>ipse</strong></span> <span class='ocrx_word' id='word_1_448' title='bbox 1883 4308 2042 4363; x_wconf 88' lang='lat' dir='ltr'><strong>Chri-</strong></span> 
     </span>
    </p>
   </div>
   <div class='ocr_carea' id='block_1_62' title="bbox 2130 1833 3714 1909">
    <p class='ocr_par' dir='ltr' id='par_1_62' title="bbox 2130 1833 3714 1909">
     <span class='ocr_line' id='line_1_63' title="bbox 2130 1833 3714 1909; baseline -0.001 -20"><span class='ocrx_word' id='word_1_449' title='bbox 2130 1837 2288 1902; x_wconf 75' lang='grc' dir='ltr'>λαοὺς</span> <span class='ocrx_word' id='word_1_450' title='bbox 2313 1840 2474 1908; x_wconf 82' lang='grc' dir='ltr'>ἡμῖν,</span> <span class='ocrx_word' id='word_1_451' title='bbox 2522 1838 2616 1891; x_wconf 77' lang='grc' dir='ltr'>καὶ</span> <span class='ocrx_word' id='word_1_452' title='bbox 2645 1837 2769 1909; x_wconf 74' lang='grc' dir='ltr'>ἔθνη</span> <span class='ocrx_word' id='word_1_453' title='bbox 2812 1837 2917 1890; x_wconf 84' lang='grc' dir='ltr'>ὑπὸ</span> <span class='ocrx_word' id='word_1_454' title='bbox 2961 1837 3088 1900; x_wconf 79' lang='grc' dir='ltr'>τοὺς</span> <span class='ocrx_word' id='word_1_455' title='bbox 3119 1836 3284 1899; x_wconf 83' lang='grc' dir='ltr'>πόδας</span> <span class='ocrx_word' id='word_1_456' title='bbox 3316 1835 3499 1906; x_wconf 59' lang='grc' dir='ltr'>ἡμῶν</span> <span class='ocrx_word' id='word_1_457' title='bbox 3531 1833 3714 1901; x_wconf 76' lang='grc' dir='ltr'>ἐξελέ-</span> 
     </span>
    </p>
   </div>
   <div class='ocr_carea' id='block_1_63' title="bbox 2133 1923 3715 1999">
    <p class='ocr_par' dir='ltr' id='par_1_63' title="bbox 2133 1923 3715 1999">
     <span class='ocr_line' id='line_1_64' title="bbox 2133 1923 3715 1999; baseline -0.003 -19"><span class='ocrx_word' id='word_1_458' title='bbox 2133 1925 2258 1991; x_wconf 83' lang='grc' dir='ltr'>ξατο</span> <span class='ocrx_word' id='word_1_459' title='bbox 2286 1930 2416 1998; x_wconf 81' lang='grc' dir='ltr'>ἡμῖν</span> <span class='ocrx_word' id='word_1_460' title='bbox 2442 1928 2539 1999; x_wconf 79' lang='grc' dir='ltr'>τὴν</span> <span class='ocrx_word' id='word_1_461' title='bbox 2569 1927 2931 1998; x_wconf 81' lang='grc' dir='ltr'>κληρονομίαν</span> <span class='ocrx_word' id='word_1_462' title='bbox 2964 1924 3161 1996; x_wconf 82' lang='grc' dir='ltr'>ἐαυτῷ,</span> <span class='ocrx_word' id='word_1_463' title='bbox 3191 1925 3288 1997; x_wconf 73' lang='grc' dir='ltr'>τὴν</span> <span class='ocrx_word' id='word_1_464' title='bbox 3314 1923 3580 1994; x_wconf 74' lang='grc' dir='ltr'>καλλονὴν</span> <span class='ocrx_word' id='word_1_465' title='bbox 3605 1925 3715 1976; x_wconf 84' lang='grc' dir='ltr'><strong>Ἰα-</strong></span> 
     </span>
    </p>
   </div>
   <div class='ocr_carea' id='block_1_64' title="bbox 2132 2015 3714 2091">
    <p class='ocr_par' dir='ltr' id='par_1_64' title="bbox 2132 2015 3714 2091">
     <span class='ocr_line' id='line_1_65' title="bbox 2132 2015 3714 2091; baseline -0.004 -19"><span class='ocrx_word' id='word_1_466' title='bbox 2132 2019 2280 2084; x_wconf 75' lang='grc' dir='ltr'>κὼϐ,</span> <span class='ocrx_word' id='word_1_467' title='bbox 2328 2020 2394 2091; x_wconf 81' lang='grc' dir='ltr'>ἢν</span> <span class='ocrx_word' id='word_1_468' title='bbox 2445 2020 2750 2090; x_wconf 70' lang='grc' dir='ltr'>ἠγάπησεν.</span> <span class='ocrx_word' id='word_1_469' title='bbox 2803 2018 2994 2089; x_wconf 76' lang='grc' dir='ltr'>Ἀνέϐη</span> <span class='ocrx_word' id='word_1_470' title='bbox 3029 2019 3057 2070; x_wconf 86' lang='lat'><strong>6</strong></span> <span class='ocrx_word' id='word_1_471' title='bbox 3101 2017 3232 2081; x_wconf 72' lang='grc' dir='ltr'>Θεὸς</span> <span class='ocrx_word' id='word_1_472' title='bbox 3267 2019 3324 2070; x_wconf 82' lang='grc' dir='ltr'>ὲν</span> <span class='ocrx_word' id='word_1_473' title='bbox 3367 2015 3714 2086; x_wconf 79' lang='grc' dir='ltr'>ἀλαλαγμῷ,</span> 
     </span>
    </p>
   </div>
   <div class='ocr_carea' id='block_1_65' title="bbox 2133 2109 3712 2182">
    <p class='ocr_par' dir='ltr' id='par_1_65' title="bbox 2133 2109 3712 2182">
     <span class='ocr_line' id='line_1_66' title="bbox 2133 2109 3712 2182; baseline -0.002 -19"><span class='ocrx_word' id='word_1_474' title='bbox 2133 2110 2332 2182; x_wconf 80' lang='grc' dir='ltr'>Κύριος</span> <span class='ocrx_word' id='word_1_475' title='bbox 2373 2113 2430 2164; x_wconf 86' lang='grc' dir='ltr'><strong>ἐν</strong></span> <span class='ocrx_word' id='word_1_476' title='bbox 2463 2113 2611 2182; x_wconf 75' lang='grc' dir='ltr'>φωνῇ</span> <span class='ocrx_word' id='word_1_477' title='bbox 2648 2110 2964 2178; x_wconf 80' lang='grc' dir='ltr'>σάλπιγγος.</span> <span class='ocrx_word' id='word_1_478' title='bbox 2995 2109 3212 2163; x_wconf 82' lang='grc' dir='ltr'>Ψάλατε</span> <span class='ocrx_word' id='word_1_479' title='bbox 3244 2109 3320 2179; x_wconf 80' lang='grc' dir='ltr'><strong>τῷ</strong></span> <span class='ocrx_word' id='word_1_480' title='bbox 3361 2109 3479 2178; x_wconf 87' lang='grc' dir='ltr'><strong>Θεῷ</strong></span> <span class='ocrx_word' id='word_1_481' title='bbox 3507 2109 3672 2179; x_wconf 77' lang='grc' dir='ltr'>ἡμῶν</span> <span class='ocrx_word' id='word_1_482' title='bbox 3695 2147 3712 2170; x_wconf 89' lang='grc'><strong>,</strong></span> 
     </span>
    </p>
   </div>
   <div class='ocr_carea' id='block_1_66' title="bbox 2130 2198 3712 2273">
    <p class='ocr_par' dir='ltr' id='par_1_66' title="bbox 2130 2198 3712 2273">
     <span class='ocr_line' id='line_1_67' title="bbox 2130 2198 3712 2273; baseline -0.004 -17"><span class='ocrx_word' id='word_1_483' title='bbox 2130 2203 2354 2273; x_wconf 66' lang='grc' dir='ltr'>ψάλατε,</span> <span class='ocrx_word' id='word_1_484' title='bbox 2388 2203 2593 2273; x_wconf 77' lang='grc' dir='ltr'>ψάλατε</span> <span class='ocrx_word' id='word_1_485' title='bbox 2619 2202 2696 2272; x_wconf 79' lang='grc' dir='ltr'>τῷ</span> <span class='ocrx_word' id='word_1_486' title='bbox 2728 2201 2935 2272; x_wconf 81' lang='grc' dir='ltr'>βασιλεῖ</span> <span class='ocrx_word' id='word_1_487' title='bbox 2965 2201 3142 2272; x_wconf 74' lang='grc' dir='ltr'>ἡμῶν,</span> <span class='ocrx_word' id='word_1_488' title='bbox 3181 2199 3409 2270; x_wconf 76' lang='grc' dir='ltr'>ψάλατε,</span> <span class='ocrx_word' id='word_1_489' title='bbox 3444 2201 3526 2252; x_wconf 87' lang='grc' dir='ltr'>ὄτι</span> <span class='ocrx_word' id='word_1_490' title='bbox 3559 2198 3712 2268; x_wconf 61' lang='grc' dir='ltr'>βασι-</span> 
     </span>
    </p>
   </div>
   <div class='ocr_carea' id='block_1_67' title="bbox 2132 2292 3714 2366">
    <p class='ocr_par' dir='ltr' id='par_1_67' title="bbox 2132 2292 3714 2366">
     <span class='ocr_line' id='line_1_68' title="bbox 2132 2292 3714 2366; baseline -0.002 -20"><span class='ocrx_word' id='word_1_491' title='bbox 2132 2294 2256 2358; x_wconf 86' lang='grc' dir='ltr'>λεὺς</span> <span class='ocrx_word' id='word_1_492' title='bbox 2281 2295 2457 2366; x_wconf 84' lang='grc' dir='ltr'>πάσης</span> <span class='ocrx_word' id='word_1_493' title='bbox 2483 2295 2582 2364; x_wconf 81' lang='grc' dir='ltr'><strong>τῆς</strong></span> <span class='ocrx_word' id='word_1_494' title='bbox 2612 2294 2716 2364; x_wconf 77' lang='grc' dir='ltr'>γῆς</span> <span class='ocrx_word' id='word_1_495' title='bbox 2746 2296 2774 2346; x_wconf 91' lang='lat'><strong>6</strong></span> <span class='ocrx_word' id='word_1_496' title='bbox 2802 2294 2954 2358; x_wconf 83' lang='grc' dir='ltr'>Θεὸς,</span> <span class='ocrx_word' id='word_1_497' title='bbox 2986 2293 3192 2363; x_wconf 66' lang='grc' dir='ltr'>ψάλατε</span> <span class='ocrx_word' id='word_1_498' title='bbox 3223 2293 3458 2356; x_wconf 80' lang='grc' dir='ltr'>συνετῶς</span> <span class='ocrx_word' id='word_1_499' title='bbox 3479 2309 3493 2322; x_wconf 75' lang='grc' dir='ltr'><strong>ο</strong></span> <span class='ocrx_word' id='word_1_500' title='bbox 3523 2292 3714 2344; x_wconf 63' lang='lat' dir='ltr'><strong>eam-</strong></span> 
     </span>
    </p>
   </div>
   <div class='ocr_carea' id='block_1_68' title="bbox 2133 2380 3714 2454">
    <p class='ocr_par' dir='ltr' id='par_1_68' title="bbox 2133 2380 3714 2454">
     <span class='ocr_line' id='line_1_69' title="bbox 2133 2380 3714 2454; baseline -0.003 -16"><span class='ocrx_word' id='word_1_501' title='bbox 2133 2385 2321 2438; x_wconf 88' lang='grc' dir='ltr'>λευσεν</span> <span class='ocrx_word' id='word_1_502' title='bbox 2343 2385 2370 2436; x_wconf 98' lang='lat'><strong>6</strong></span> <span class='ocrx_word' id='word_1_503' title='bbox 2399 2385 2531 2450; x_wconf 76' lang='grc' dir='ltr'>Θεὸς</span> <span class='ocrx_word' id='word_1_504' title='bbox 2556 2386 2648 2438; x_wconf 74' lang='grc' dir='ltr'>ἐπὶ</span> <span class='ocrx_word' id='word_1_505' title='bbox 2685 2384 2753 2437; x_wconf 81' lang='grc' dir='ltr'>τὰ</span> <span class='ocrx_word' id='word_1_506' title='bbox 2794 2383 2922 2454; x_wconf 83' lang='grc' dir='ltr'>ἒθνη</span> <span class='ocrx_word' id='word_1_507' title='bbox 2941 2401 2954 2414; x_wconf 80' lang='lat'><strong><em>°</em></strong></span> <span class='ocrx_word' id='word_1_508' title='bbox 2988 2385 3016 2437; x_wconf 86' lang='lat'><strong>6</strong></span> <span class='ocrx_word' id='word_1_509' title='bbox 3040 2383 3172 2446; x_wconf 86' lang='grc' dir='ltr'><strong>Θεὸς</strong></span> <span class='ocrx_word' id='word_1_510' title='bbox 3197 2381 3428 2454; x_wconf 82' lang='grc' dir='ltr'>κάθηται</span> <span class='ocrx_word' id='word_1_511' title='bbox 3455 2382 3545 2434; x_wconf 78' lang='grc' dir='ltr'>ἐπὶ</span> <span class='ocrx_word' id='word_1_512' title='bbox 3579 2380 3714 2452; x_wconf 76' lang='grc' dir='ltr'>θρό-</span> 
     </span>
    </p>
   </div>
   <div class='ocr_carea' id='block_1_69' title="bbox 2134 2473 3714 2549">
    <p class='ocr_par' dir='ltr' id='par_1_69' title="bbox 2134 2473 3714 2549">
     <span class='ocr_line' id='line_1_70' title="bbox 2134 2473 3714 2549; baseline -0.001 -20"><span class='ocrx_word' id='word_1_513' title='bbox 2134 2494 2224 2529; x_wconf 91' lang='grc' dir='ltr'><strong>νου</strong></span> <span class='ocrx_word' id='word_1_514' title='bbox 2260 2478 2412 2545; x_wconf 81' lang='grc' dir='ltr'>ἁγίου</span> <span class='ocrx_word' id='word_1_515' title='bbox 2447 2475 2631 2531; x_wconf 88' lang='grc' dir='ltr'>αὑτοῦ.</span> <span class='ocrx_word' id='word_1_516' title='bbox 2675 2479 2966 2549; x_wconf 74' lang='grc' dir='ltr'>’Ἄρχοντες</span> <span class='ocrx_word' id='word_1_517' title='bbox 3005 2476 3148 2529; x_wconf 91' lang='grc' dir='ltr'>λαῶν</span> <span class='ocrx_word' id='word_1_518' title='bbox 3191 2475 3523 2545; x_wconf 76' lang='grc' dir='ltr'>συνήχθησαν</span> <span class='ocrx_word' id='word_1_519' title='bbox 3562 2473 3714 2544; x_wconf 77' lang='grc' dir='ltr'><strong>μετά</strong></span> 
     </span>
    </p>
   </div>
   <div class='ocr_carea' id='block_1_70' title="bbox 2133 2563 3714 2639">
    <p class='ocr_par' dir='ltr' id='par_1_70' title="bbox 2133 2563 3714 2639">
     <span class='ocr_line' id='line_1_71' title="bbox 2133 2563 3714 2639; baseline -0.003 -19"><span class='ocrx_word' id='word_1_520' title='bbox 2133 2566 2226 2620; x_wconf 84' lang='grc' dir='ltr'><strong>τοῦ</strong></span> <span class='ocrx_word' id='word_1_521' title='bbox 2259 2567 2392 2622; x_wconf 87' lang='grc' dir='ltr'><strong>Θεοῦ</strong></span> <span class='ocrx_word' id='word_1_522' title='bbox 2441 2567 2711 2639; x_wconf 75' lang='grc' dir='ltr'>Ἀϐραὰμ,</span> <span class='ocrx_word' id='word_1_523' title='bbox 2743 2569 2822 2622; x_wconf 83' lang='grc' dir='ltr'>ὅτι</span> <span class='ocrx_word' id='word_1_524' title='bbox 2845 2567 2938 2620; x_wconf 91' lang='grc' dir='ltr'><strong>τοῦ</strong></span> <span class='ocrx_word' id='word_1_525' title='bbox 2960 2566 3094 2620; x_wconf 83' lang='grc' dir='ltr'>Θεοῦ</span> <span class='ocrx_word' id='word_1_526' title='bbox 3120 2568 3166 2619; x_wconf 79' lang='grc' dir='ltr'>οἱ</span> <span class='ocrx_word' id='word_1_527' title='bbox 3200 2565 3447 2636; x_wconf 68' lang='grc' dir='ltr'>κραταιοὶ</span> <span class='ocrx_word' id='word_1_528' title='bbox 3471 2563 3573 2632; x_wconf 79' lang='grc' dir='ltr'>τῆς</span> <span class='ocrx_word' id='word_1_529' title='bbox 3604 2563 3714 2635; x_wconf 77' lang='grc' dir='ltr'>γῆς</span> 
     </span>
    </p>
   </div>
   <div class='ocr_carea' id='block_1_71' title="bbox 2137 2655 3715 2730">
    <p class='ocr_par' dir='ltr' id='par_1_71' title="bbox 2137 2655 3715 2730">
     <span class='ocr_line' id='line_1_72' title="bbox 2137 2655 3715 2730; baseline -0.003 -20"><span class='ocrx_word' id='word_1_530' title='bbox 2137 2659 2339 2729; x_wconf 78' lang='grc' dir='ltr'>σφόδρα</span> <span class='ocrx_word' id='word_1_531' title='bbox 2373 2659 2709 2730; x_wconf 79' lang='grc' dir='ltr'>ἐπήρθησαν.</span> <span class='ocrx_word' id='word_1_532' title='bbox 2751 2679 2768 2711; x_wconf 76' lang='grc' dir='ltr'><strong>ι</strong></span> <span class='ocrx_word' id='word_1_533' title='bbox 2807 2659 2917 2712; x_wconf 81' lang='grc' dir='ltr'><strong>Καὶ</strong></span> <span class='ocrx_word' id='word_1_534' title='bbox 2947 2659 2998 2711; x_wconf 88' lang='grc' dir='ltr'><strong>τί</strong></span> <span class='ocrx_word' id='word_1_535' title='bbox 3023 2658 3211 2729; x_wconf 76' lang='grc' dir='ltr'>ἕτερον</span> <span class='ocrx_word' id='word_1_536' title='bbox 3237 2656 3483 2727; x_wconf 79' lang='grc' dir='ltr'>βούλεται</span> <span class='ocrx_word' id='word_1_537' title='bbox 3517 2655 3715 2725; x_wconf 77' lang='grc' dir='ltr'>σημαί-</span> 
     </span>
    </p>
   </div>
   <div class='ocr_carea' id='block_1_72' title="bbox 2135 2748 3714 2822">
    <p class='ocr_par' dir='ltr' id='par_1_72' title="bbox 2135 2748 3714 2822">
     <span class='ocr_line' id='line_1_73' title="bbox 2135 2748 3714 2822; baseline -0.003 -19"><span class='ocrx_word' id='word_1_538' title='bbox 2135 2767 2245 2803; x_wconf 92' lang='grc' dir='ltr'>νειν</span> <span class='ocrx_word' id='word_1_539' title='bbox 2277 2753 2309 2821; x_wconf 82' lang='grc' dir='ltr'>ἡ</span> <span class='ocrx_word' id='word_1_540' title='bbox 2348 2750 2433 2804; x_wconf 83' lang='grc' dir='ltr'>διὰ</span> <span class='ocrx_word' id='word_1_541' title='bbox 2461 2751 2664 2804; x_wconf 83' lang='grc' dir='ltr'>τούτων</span> <span class='ocrx_word' id='word_1_542' title='bbox 2700 2751 3002 2822; x_wconf 78' lang='grc' dir='ltr'>δηλουμένη</span> <span class='ocrx_word' id='word_1_543' title='bbox 3061 2749 3262 2820; x_wconf 78' lang='grc' dir='ltr'>Κυρίου</span> <span class='ocrx_word' id='word_1_544' title='bbox 3327 2748 3420 2802; x_wconf 90' lang='grc' dir='ltr'><strong>τοῦ</strong></span> <span class='ocrx_word' id='word_1_545' title='bbox 3446 2748 3581 2800; x_wconf 84' lang='grc' dir='ltr'>Θεοῦ</span> <span class='ocrx_word' id='word_1_546' title='bbox 3619 2749 3714 2800; x_wconf 81' lang='grc' dir='ltr'><strong>ἇν-</strong></span> 
     </span>
    </p>
   </div>
   <div class='ocr_carea' id='block_1_73' title="bbox 2134 2833 3715 2916">
    <p class='ocr_par' dir='ltr' id='par_1_73' title="bbox 2134 2833 3715 2916">
     <span class='ocr_line' id='line_1_74' title="bbox 2134 2833 3715 2916; baseline -0.001 -20"><span class='ocrx_word' id='word_1_547' title='bbox 2134 2833 2270 2907; x_wconf 84' lang='grc' dir='ltr'>οδος,</span> <span class='ocrx_word' id='word_1_548' title='bbox 2304 2843 2335 2915; x_wconf 83' lang='grc' dir='ltr'>ἦ</span> <span class='ocrx_word' id='word_1_549' title='bbox 2368 2845 2466 2916; x_wconf 78' lang='grc' dir='ltr'>τὴν</span> <span class='ocrx_word' id='word_1_550' title='bbox 2499 2843 2717 2914; x_wconf 74' lang='grc' dir='ltr'>πρὸτῆς</span> <span class='ocrx_word' id='word_1_551' title='bbox 2744 2843 2930 2896; x_wconf 83' lang='grc' dir='ltr'>ἀνόδου</span> <span class='ocrx_word' id='word_1_552' title='bbox 2959 2841 3180 2896; x_wconf 84' lang='grc' dir='ltr'>κάθοδον</span> <span class='ocrx_word' id='word_1_553' title='bbox 3211 2840 3408 2904; x_wconf 88' lang='grc' dir='ltr'>αὑτοῦ;</span> <span class='ocrx_word' id='word_1_554' title='bbox 3436 2834 3578 2913; x_wconf 60' lang='grc' dir='ltr'>ἐφἰᾖ</span> <span class='ocrx_word' id='word_1_555' title='bbox 3607 2841 3715 2894; x_wconf 61' lang='lat' dir='ltr'><strong>ati-</strong></span> 
     </span>
    </p>
   </div>
   <div class='ocr_carea' id='block_1_74' title="bbox 2135 2935 3712 3007">
    <p class='ocr_par' dir='ltr' id='par_1_74' title="bbox 2135 2935 3712 3007">
     <span class='ocr_line' id='line_1_75' title="bbox 2135 2935 3712 3007; baseline 0 -19"><span class='ocrx_word' id='word_1_556' title='bbox 2135 2936 2216 2988; x_wconf 88' lang='grc' dir='ltr'><strong>λιν</strong></span> <span class='ocrx_word' id='word_1_557' title='bbox 2249 2938 2281 3007; x_wconf 86' lang='grc' dir='ltr'><strong>ή</strong></span> <span class='ocrx_word' id='word_1_558' title='bbox 2305 2937 2412 2989; x_wconf 91' lang='grc' dir='ltr'><strong>τῶν</strong></span> <span class='ocrx_word' id='word_1_559' title='bbox 2440 2936 2606 2990; x_wconf 82' lang='grc' dir='ltr'>ἐθνῶν</span> <span class='ocrx_word' id='word_1_560' title='bbox 2630 2937 2844 2990; x_wconf 82' lang='grc' dir='ltr'>πάντων</span> <span class='ocrx_word' id='word_1_561' title='bbox 2869 2936 3059 3006; x_wconf 82' lang='grc' dir='ltr'>κλῆσις</span> <span class='ocrx_word' id='word_1_562' title='bbox 3087 2935 3419 2999; x_wconf 77' lang='grc' dir='ltr'>θεσπίζεται,</span> <span class='ocrx_word' id='word_1_563' title='bbox 3449 2936 3628 3004; x_wconf 72' lang='grc' dir='ltr'>χαρᾶς</span> <span class='ocrx_word' id='word_1_564' title='bbox 3653 2953 3712 2988; x_wconf 84' lang='grc' dir='ltr'><strong>τε</strong></span> 
     </span>
    </p>
   </div>
   <div class='ocr_carea' id='block_1_75' title="bbox 2137 3026 3714 3100">
    <p class='ocr_par' dir='ltr' id='par_1_75' title="bbox 2137 3026 3714 3100">
     <span class='ocr_line' id='line_1_76' title="bbox 2137 3026 3714 3100; baseline -0.002 -19"><span class='ocrx_word' id='word_1_565' title='bbox 2137 3029 2228 3081; x_wconf 76' lang='grc' dir='ltr'><strong>καὶ</strong></span> <span class='ocrx_word' id='word_1_566' title='bbox 2263 3028 2598 3100; x_wconf 76' lang='grc' dir='ltr'>εὐφροσύνης</span> <span class='ocrx_word' id='word_1_567' title='bbox 2640 3031 2840 3100; x_wconf 88' lang='grc' dir='ltr'>σημεῖα</span> <span class='ocrx_word' id='word_1_568' title='bbox 2880 3029 2972 3081; x_wconf 71' lang='grc' dir='ltr'>ἐπὶ</span> <span class='ocrx_word' id='word_1_569' title='bbox 3007 3031 3074 3098; x_wconf 78' lang='grc' dir='ltr'>τῇ</span> <span class='ocrx_word' id='word_1_570' title='bbox 3111 3026 3376 3099; x_wconf 73' lang='grc' dir='ltr'>μελλούσῃ</span> <span class='ocrx_word' id='word_1_571' title='bbox 3413 3026 3714 3098; x_wconf 71' lang='grc' dir='ltr'>θεογνωσῐᾳ</span> 
     </span>
    </p>
   </div>
   <div class='ocr_carea' id='block_1_76' title="bbox 2133 3118 3714 3190">
    <p class='ocr_par' dir='ltr' id='par_1_76' title="bbox 2133 3118 3714 3190">
     <span class='ocr_line' id='line_1_77' title="bbox 2133 3118 3714 3190; baseline -0.002 -17"><span class='ocrx_word' id='word_1_572' title='bbox 2133 3123 2246 3183; x_wconf 85' lang='grc' dir='ltr'>τοῖς</span> <span class='ocrx_word' id='word_1_573' title='bbox 2274 3119 2480 3174; x_wconf 81' lang='grc' dir='ltr'>ἔθνεσιν</span> <span class='ocrx_word' id='word_1_574' title='bbox 2512 3121 2712 3174; x_wconf 81' lang='grc' dir='ltr'>ἀπασιν</span> <span class='ocrx_word' id='word_1_575' title='bbox 2750 3119 3179 3188; x_wconf 74' lang='grc' dir='ltr'>εὐαγγελίζεται,</span> <span class='ocrx_word' id='word_1_576' title='bbox 3212 3118 3298 3171; x_wconf 83' lang='grc' dir='ltr'>ὅτε</span> <span class='ocrx_word' id='word_1_577' title='bbox 3323 3118 3526 3190; x_wconf 85' lang='grc' dir='ltr'>Κύριος</span> <span class='ocrx_word' id='word_1_578' title='bbox 3545 3118 3714 3181; x_wconf 69' lang='grc' dir='ltr'>αὑτὸς</span> 
     </span>
    </p>
   </div>
   <div class='ocr_carea' id='block_1_77' title="bbox 2134 3210 3712 3282">
    <p class='ocr_par' dir='ltr' id='par_1_77' title="bbox 2134 3210 3712 3282">
     <span class='ocr_line' id='line_1_78' title="bbox 2134 3210 3712 3282; baseline 0.002 -18"><span class='ocrx_word' id='word_1_579' title='bbox 2134 3213 2163 3264; x_wconf 89' lang='lat'><strong>6</strong></span> <span class='ocrx_word' id='word_1_580' title='bbox 2193 3210 2414 3279; x_wconf 63' lang='grc' dir='ltr'>ὕψιστος</span> <span class='ocrx_word' id='word_1_581' title='bbox 2436 3251 2450 3274; x_wconf 92' lang='grc'><strong>,</strong></span> <span class='ocrx_word' id='word_1_582' title='bbox 2481 3211 2639 3282; x_wconf 85' lang='grc' dir='ltr'>μόνος</span> <span class='ocrx_word' id='word_1_583' title='bbox 2669 3212 2800 3276; x_wconf 83' lang='grc' dir='ltr'>Θεὸς</span> <span class='ocrx_word' id='word_1_584' title='bbox 2833 3212 2924 3264; x_wconf 75' lang='grc' dir='ltr'><strong>καὶ</strong></span> <span class='ocrx_word' id='word_1_585' title='bbox 2958 3210 3208 3281; x_wconf 81' lang='grc' dir='ltr'>βασιλεὺς</span> <span class='ocrx_word' id='word_1_586' title='bbox 3237 3211 3449 3279; x_wconf 78' lang='grc' dir='ltr'>ἀπάσης</span> <span class='ocrx_word' id='word_1_587' title='bbox 3484 3211 3582 3281; x_wconf 77' lang='grc' dir='ltr'>τῆς</span> <span class='ocrx_word' id='word_1_588' title='bbox 3609 3211 3712 3278; x_wconf 73' lang='grc' dir='ltr'><strong>γῆς</strong></span> 
     </span>
    </p>
   </div>
   <div class='ocr_carea' id='block_1_78' title="bbox 2134 3301 3714 3373">
    <p class='ocr_par' dir='ltr' id='par_1_78' title="bbox 2134 3301 3714 3373">
     <span class='ocr_line' id='line_1_79' title="bbox 2134 3301 3714 3373; baseline 0 -19"><span class='ocrx_word' id='word_1_589' title='bbox 2134 3301 2521 3372; x_wconf 66' lang='grc' dir='ltr'>ὁμολογηθεὶς,</span> <span class='ocrx_word' id='word_1_590' title='bbox 2554 3302 2842 3369; x_wconf 81' lang='grc' dir='ltr'>ὑποτάξειν</span> <span class='ocrx_word' id='word_1_591' title='bbox 2879 3304 3040 3366; x_wconf 71' lang='grc' dir='ltr'>λαοὺς</span> <span class='ocrx_word' id='word_1_592' title='bbox 3079 3304 3210 3373; x_wconf 79' lang='grc' dir='ltr'>ἡμῖν</span> <span class='ocrx_word' id='word_1_593' title='bbox 3243 3302 3510 3355; x_wconf 86' lang='grc' dir='ltr'>λέλεκται.</span> <span class='ocrx_word' id='word_1_594' title='bbox 3547 3303 3714 3372; x_wconf 81' lang='grc' dir='ltr'>Ἡμῖν</span> 
     </span>
    </p>
   </div>
   <div class='ocr_carea' id='block_1_79' title="bbox 2134 3395 3718 3466">
    <p class='ocr_par' dir='ltr' id='par_1_79' title="bbox 2134 3395 3718 3466">
     <span class='ocr_line' id='line_1_80' title="bbox 2134 3395 3718 3466; baseline 0 -18"><span class='ocrx_word' id='word_1_595' title='bbox 2134 3395 2192 3448; x_wconf 83' lang='grc' dir='ltr'><strong>δέ</strong></span> <span class='ocrx_word' id='word_1_596' title='bbox 2223 3396 2363 3449; x_wconf 86' lang='grc' dir='ltr'>τίσιν</span> <span class='ocrx_word' id='word_1_597' title='bbox 2413 3396 2445 3466; x_wconf 77' lang='grc' dir='ltr'><strong>ἢ</strong></span> <span class='ocrx_word' id='word_1_598' title='bbox 2475 3395 2674 3466; x_wconf 84' lang='grc' dir='ltr'>δηλαδὴ</span> <span class='ocrx_word' id='word_1_599' title='bbox 2727 3397 2839 3459; x_wconf 87' lang='grc' dir='ltr'>τοῖς</span> <span class='ocrx_word' id='word_1_600' title='bbox 2864 3395 3034 3448; x_wconf 84' lang='grc' dir='ltr'>ταῦτα</span> <span class='ocrx_word' id='word_1_601' title='bbox 3055 3395 3521 3465; x_wconf 72' lang='grc' dir='ltr'>προφητεύουσιν;</span> <span class='ocrx_word' id='word_1_602' title='bbox 3553 3396 3588 3448; x_wconf 82' lang='grc' dir='ltr'><strong>δ</strong></span> <span class='ocrx_word' id='word_1_603' title='bbox 3617 3397 3718 3448; x_wconf 75' lang='grc' dir='ltr'>καὶ</span> 
     </span>
    </p>
   </div>
   <div class='ocr_carea' id='block_1_80' title="bbox 2136 3487 3719 3559">
    <p class='ocr_par' dir='ltr' id='par_1_80' title="bbox 2136 3487 3719 3559">
     <span class='ocr_line' id='line_1_81' title="bbox 2136 3487 3719 3559; baseline 0.001 -19"><span class='ocrx_word' id='word_1_604' title='bbox 2136 3487 2280 3541; x_wconf 82' lang='grc' dir='ltr'>ἔστιν</span> <span class='ocrx_word' id='word_1_605' title='bbox 2313 3488 2554 3559; x_wconf 82' lang='grc' dir='ltr'>ἐναργῶς</span> <span class='ocrx_word' id='word_1_606' title='bbox 2588 3488 2712 3540; x_wconf 78' lang='grc' dir='ltr'>ἰδεῖν</span> <span class='ocrx_word' id='word_1_607' title='bbox 2746 3487 3190 3559; x_wconf 81' lang='grc' dir='ltr'>πεπληρωμένον,</span> <span class='ocrx_word' id='word_1_608' title='bbox 3215 3490 3302 3542; x_wconf 84' lang='grc' dir='ltr'>ὅτε</span> <span class='ocrx_word' id='word_1_609' title='bbox 3334 3488 3512 3542; x_wconf 76' lang='grc' dir='ltr'>πάντα</span> <span class='ocrx_word' id='word_1_610' title='bbox 3540 3487 3719 3552; x_wconf 62' lang='lat' dir='ltr'><strong>tisi;</strong></span> 
     </span>
    </p>
   </div>
   <div class='ocr_carea' id='block_1_81' title="bbox 2135 3581 3717 3653">
    <p class='ocr_par' dir='ltr' id='par_1_81' title="bbox 2135 3581 3717 3653">
     <span class='ocr_line' id='line_1_82' title="bbox 2135 3581 3717 3653; baseline 0.001 -20"><span class='ocrx_word' id='word_1_611' title='bbox 2135 3581 2370 3652; x_wconf 77' lang='grc' dir='ltr'>Χριστὸν</span> <span class='ocrx_word' id='word_1_612' title='bbox 2397 3581 2799 3635; x_wconf 82' lang='grc' dir='ltr'>πεπιστευκότα</span> <span class='ocrx_word' id='word_1_613' title='bbox 2841 3581 2966 3653; x_wconf 79' lang='grc' dir='ltr'>ἔθνη</span> <span class='ocrx_word' id='word_1_614' title='bbox 2993 3584 3104 3644; x_wconf 82' lang='grc' dir='ltr'>τοῖς</span> <span class='ocrx_word' id='word_1_615' title='bbox 3145 3581 3322 3650; x_wconf 82' lang='grc' dir='ltr'>λόγοις</span> <span class='ocrx_word' id='word_1_616' title='bbox 3355 3581 3462 3633; x_wconf 88' lang='grc' dir='ltr'><strong>τῶν</strong></span> <span class='ocrx_word' id='word_1_617' title='bbox 3493 3598 3717 3652; x_wconf 59' lang='grc' dir='ltr'>προφη-</span> 
     </span>
    </p>
   </div>
   <div class='ocr_carea' id='block_1_82' title="bbox 2137 3673 3717 3744">
    <p class='ocr_par' dir='ltr' id='par_1_82' title="bbox 2137 3673 3717 3744">
     <span class='ocr_line' id='line_1_83' title="bbox 2137 3673 3717 3744; baseline -0.001 -18"><span class='ocrx_word' id='word_1_618' title='bbox 2137 3673 2244 3726; x_wconf 89' lang='grc' dir='ltr'><strong>τῶν</strong></span> <span class='ocrx_word' id='word_1_619' title='bbox 2275 3673 2651 3726; x_wconf 82' lang='grc' dir='ltr'>ὑποτέτακται.</span> <span class='ocrx_word' id='word_1_620' title='bbox 2695 3674 2918 3742; x_wconf 87' lang='grc' dir='ltr'>Λέγοιτο</span> <span class='ocrx_word' id='word_1_621' title='bbox 2943 3673 2988 3726; x_wconf 75' lang='grc' dir='ltr'>δ’</span> <span class='ocrx_word' id='word_1_622' title='bbox 3018 3673 3083 3726; x_wconf 85' lang='grc' dir='ltr'>ἂν</span> <span class='ocrx_word' id='word_1_623' title='bbox 3115 3673 3285 3726; x_wconf 90' lang='grc' dir='ltr'>ταῦτα</span> <span class='ocrx_word' id='word_1_624' title='bbox 3312 3674 3406 3726; x_wconf 70' lang='grc' dir='ltr'>καὶ</span> <span class='ocrx_word' id='word_1_625' title='bbox 3437 3674 3503 3725; x_wconf 83' lang='grc' dir='ltr'><strong>ἐκ</strong></span> <span class='ocrx_word' id='word_1_626' title='bbox 3531 3689 3717 3744; x_wconf 76' lang='grc' dir='ltr'>προσ·-</span> 
     </span>
    </p>
   </div>
   <div class='ocr_carea' id='block_1_83' title="bbox 2137 3764 3722 3839">
    <p class='ocr_par' dir='ltr' id='par_1_83' title="bbox 2137 3764 3722 3839">
     <span class='ocr_line' id='line_1_84' title="bbox 2137 3764 3722 3839; baseline 0.001 -19"><span class='ocrx_word' id='word_1_627' title='bbox 2137 3764 2286 3820; x_wconf 87' lang='grc' dir='ltr'>ώπου</span> <span class='ocrx_word' id='word_1_628' title='bbox 2332 3765 2440 3818; x_wconf 91' lang='grc' dir='ltr'><strong>τῶν</strong></span> <span class='ocrx_word' id='word_1_629' title='bbox 2485 3766 2798 3820; x_wconf 80' lang='grc' dir='ltr'>ἀποστόλων</span> <span class='ocrx_word' id='word_1_630' title='bbox 2841 3765 2935 3819; x_wconf 88' lang='grc' dir='ltr'><strong>τοῦ</strong></span> <span class='ocrx_word' id='word_1_631' title='bbox 2985 3766 3237 3839; x_wconf 79' lang='grc' dir='ltr'>Σωτῆρος</span> <span class='ocrx_word' id='word_1_632' title='bbox 3281 3766 3467 3838; x_wconf 82' lang='grc' dir='ltr'>ήμῶν,</span> <span class='ocrx_word' id='word_1_633' title='bbox 3515 3768 3566 3820; x_wconf 74' lang='grc' dir='ltr'>οἳ</span> <span class='ocrx_word' id='word_1_634' title='bbox 3618 3770 3722 3822; x_wconf 77' lang='grc' dir='ltr'>καὶ</span> 
     </span>
    </p>
   </div>
   <div class='ocr_carea' id='block_1_84' title="bbox 2138 3858 3720 3932">
    <p class='ocr_par' dir='ltr' id='par_1_84' title="bbox 2138 3858 3720 3932">
     <span class='ocr_line' id='line_1_85' title="bbox 2138 3858 3720 3932; baseline 0.001 -19"><span class='ocrx_word' id='word_1_635' title='bbox 2138 3859 2342 3913; x_wconf 75' lang='grc' dir='ltr'>εἴποιεν</span> <span class='ocrx_word' id='word_1_636' title='bbox 2380 3859 2445 3913; x_wconf 85' lang='grc' dir='ltr'>ἂν</span> <span class='ocrx_word' id='word_1_637' title='bbox 2477 3859 2556 3912; x_wconf 80' lang='grc' dir='ltr'>τό’</span> <span class='ocrx_word' id='word_1_638' title='bbox 2607 3878 2624 3910; x_wconf 77' lang='grc' dir='ltr'><strong>ι</strong></span> <span class='ocrx_word' id='word_1_639' title='bbox 2669 3858 2982 3924; x_wconf 80' lang='grc' dir='ltr'>Ἐξελὲξατο</span> <span class='ocrx_word' id='word_1_640' title='bbox 3035 3861 3166 3931; x_wconf 83' lang='grc' dir='ltr'>ἡμῖν</span> <span class='ocrx_word' id='word_1_641' title='bbox 3211 3861 3310 3931; x_wconf 79' lang='grc' dir='ltr'>τὴν</span> <span class='ocrx_word' id='word_1_642' title='bbox 3345 3859 3720 3932; x_wconf 77' lang='grc' dir='ltr'>κληρονομὲαν</span> 
     </span>
    </p>
   </div>
   <div class='ocr_carea' id='block_1_85' title="bbox 2140 3948 3719 4021">
    <p class='ocr_par' dir='ltr' id='par_1_85' title="bbox 2140 3948 3719 4021">
     <span class='ocr_line' id='line_1_86' title="bbox 2140 3948 3719 4021; baseline 0.001 -18"><span class='ocrx_word' id='word_1_643' title='bbox 2140 3948 2351 4004; x_wconf 82' lang='grc' dir='ltr'>ἑαυτοῦ.</span> <span class='ocrx_word' id='word_1_644' title='bbox 2387 3967 2403 3999; x_wconf 76' lang='grc' dir='ltr'><strong>ι</strong></span> <span class='ocrx_word' id='word_1_645' title='bbox 2437 3948 2817 4021; x_wconf 74' lang='grc' dir='ltr'>κληρονομίαν</span> <span class='ocrx_word' id='word_1_646' title='bbox 2845 3949 2901 4003; x_wconf 82' lang='grc' dir='ltr'>δὲ</span> <span class='ocrx_word' id='word_1_647' title='bbox 2929 3948 3092 4003; x_wconf 90' lang='grc' dir='ltr'>αὑτοῦ</span> <span class='ocrx_word' id='word_1_648' title='bbox 3122 3949 3241 4003; x_wconf 75' lang='grc' dir='ltr'>τίνα</span> <span class='ocrx_word' id='word_1_649' title='bbox 3262 3951 3364 4021; x_wconf 77' lang='grc' dir='ltr'><strong>χρὴ</strong></span> <span class='ocrx_word' id='word_1_650' title='bbox 3389 3953 3530 4004; x_wconf 80' lang='grc' dir='ltr'>νοεῖν</span> <span class='ocrx_word' id='word_1_651' title='bbox 3553 3951 3586 4021; x_wconf 77' lang='grc' dir='ltr'><strong>ἥ</strong></span> <span class='ocrx_word' id='word_1_652' title='bbox 3615 3953 3719 4020; x_wconf 72' lang='grc' dir='ltr'>τὴν</span> 
     </span>
    </p>
   </div>
   <div class='ocr_carea' id='block_1_86' title="bbox 2139 4038 3719 4112">
    <p class='ocr_par' dir='ltr' id='par_1_86' title="bbox 2139 4038 3719 4112">
     <span class='ocr_line' id='line_1_87' title="bbox 2139 4038 3719 4112; baseline 0.001 -19"><span class='ocrx_word' id='word_1_653' title='bbox 2139 4039 2328 4110; x_wconf 77' lang='grc' dir='ltr'>κλῆσιν</span> <span class='ocrx_word' id='word_1_654' title='bbox 2351 4039 2458 4092; x_wconf 90' lang='grc' dir='ltr'><strong>τῶν</strong></span> <span class='ocrx_word' id='word_1_655' title='bbox 2484 4038 2651 4092; x_wconf 87' lang='grc' dir='ltr'>ἐθνῶν</span> <span class='ocrx_word' id='word_1_656' title='bbox 2684 4039 2971 4104; x_wconf 83' lang='grc' dir='ltr'>ἀπάντων;</span> <span class='ocrx_word' id='word_1_657' title='bbox 3010 4042 3074 4109; x_wconf 78' lang='grc' dir='ltr'>ἦν</span> <span class='ocrx_word' id='word_1_658' title='bbox 3105 4040 3264 4103; x_wconf 77' lang='grc' dir='ltr'>αὐτὸς</span> <span class='ocrx_word' id='word_1_659' title='bbox 3289 4043 3316 4094; x_wconf 92' lang='lat'><strong>6</strong></span> <span class='ocrx_word' id='word_1_660' title='bbox 3347 4041 3582 4112; x_wconf 79' lang='grc' dir='ltr'>Χριστὸς</span> <span class='ocrx_word' id='word_1_661' title='bbox 3616 4043 3719 4096; x_wconf 80' lang='grc' dir='ltr'><strong>τοῦ</strong></span> 
     </span>
    </p>
   </div>
   <div class='ocr_carea' id='block_1_87' title="bbox 2138 4129 3716 4206">
    <p class='ocr_par' dir='ltr' id='par_1_87' title="bbox 2138 4129 3716 4206">
     <span class='ocr_line' id='line_1_88' title="bbox 2138 4129 3716 4206; baseline 0.002 -22"><span class='ocrx_word' id='word_1_662' title='bbox 2138 4130 2273 4184; x_wconf 86' lang='grc' dir='ltr'>Θεοῦ</span> <span class='ocrx_word' id='word_1_663' title='bbox 2329 4132 2598 4202; x_wconf 78' lang='grc' dir='ltr'>παριστὰς</span> <span class='ocrx_word' id='word_1_664' title='bbox 2659 4132 2863 4202; x_wconf 75' lang='grc' dir='ltr'>ἔφησε·</span> <span class='ocrx_word' id='word_1_665' title='bbox 2925 4151 2943 4182; x_wconf 77' lang='grc' dir='ltr'><strong>ι</strong></span> <span class='ocrx_word' id='word_1_666' title='bbox 2988 4132 3188 4203; x_wconf 85' lang='grc' dir='ltr'>Κύριος</span> <span class='ocrx_word' id='word_1_667' title='bbox 3237 4129 3356 4185; x_wconf 78' lang='grc' dir='ltr'>εἷπε</span> <span class='ocrx_word' id='word_1_668' title='bbox 3417 4134 3555 4204; x_wconf 83' lang='grc' dir='ltr'>πρός</span> <span class='ocrx_word' id='word_1_669' title='bbox 3611 4152 3716 4206; x_wconf 74' lang='grc' dir='ltr'>με’</span> 
     </span>
    </p>
   </div>
   <div class='ocr_carea' id='block_1_88' title="bbox 2142 4220 3720 4298">
    <p class='ocr_par' dir='ltr' id='par_1_88' title="bbox 2142 4220 3720 4298">
     <span class='ocr_line' id='line_1_89' title="bbox 2142 4220 3720 4298; baseline 0.004 -23"><span class='ocrx_word' id='word_1_670' title='bbox 2142 4223 2269 4287; x_wconf 80' lang='grc' dir='ltr'>Υἱός</span> <span class='ocrx_word' id='word_1_671' title='bbox 2322 4241 2422 4294; x_wconf 86' lang='grc' dir='ltr'><strong>μου</strong></span> <span class='ocrx_word' id='word_1_672' title='bbox 2463 4220 2512 4276; x_wconf 70' lang='grc' dir='ltr'>εἴ</span> <span class='ocrx_word' id='word_1_673' title='bbox 2541 4225 2625 4286; x_wconf 76' lang='grc' dir='ltr'>σὺ,</span> <span class='ocrx_word' id='word_1_674' title='bbox 2650 4223 2760 4291; x_wconf 80' lang='grc' dir='ltr'>ἐγὼ</span> <span class='ocrx_word' id='word_1_675' title='bbox 2783 4226 3021 4296; x_wconf 77' lang='grc' dir='ltr'>σήμερον</span> <span class='ocrx_word' id='word_1_676' title='bbox 3053 4226 3353 4296; x_wconf 78' lang='grc' dir='ltr'>γεγέννηκά</span> <span class='ocrx_word' id='word_1_677' title='bbox 3383 4244 3463 4279; x_wconf 90' lang='grc' dir='ltr'><strong>σε.</strong></span> <span class='ocrx_word' id='word_1_678' title='bbox 3483 4226 3720 4298; x_wconf 69' lang='grc' dir='ltr'>Αἴτησαι</span> 
     </span>
    </p>
   </div>
   <div class='ocr_carea' id='block_1_89' title="bbox 2142 4313 3718 4388">
    <p class='ocr_par' dir='ltr' id='par_1_89' title="bbox 2142 4313 3718 4388">
     <span class='ocr_line' id='line_1_90' title="bbox 2142 4313 3718 4388; baseline 0.001 -21"><span class='ocrx_word' id='word_1_679' title='bbox 2142 4315 2268 4386; x_wconf 86' lang='grc' dir='ltr'>παρ’</span> <span class='ocrx_word' id='word_1_680' title='bbox 2301 4313 2435 4386; x_wconf 84' lang='grc' dir='ltr'>ἐμοῦ</span> <span class='ocrx_word' id='word_1_681' title='bbox 2457 4356 2470 4378; x_wconf 89' lang='grc'><strong>,</strong></span> <span class='ocrx_word' id='word_1_682' title='bbox 2497 4317 2591 4368; x_wconf 76' lang='grc' dir='ltr'>καὶ</span> <span class='ocrx_word' id='word_1_683' title='bbox 2615 4315 2769 4368; x_wconf 82' lang='grc' dir='ltr'>δώσω</span> <span class='ocrx_word' id='word_1_684' title='bbox 2798 4333 2878 4369; x_wconf 92' lang='grc' dir='ltr'><strong>σοι</strong></span> <span class='ocrx_word' id='word_1_685' title='bbox 2905 4317 3028 4388; x_wconf 75' lang='grc' dir='ltr'>ἔθνη</span> <span class='ocrx_word' id='word_1_686' title='bbox 3064 4317 3160 4388; x_wconf 80' lang='grc' dir='ltr'>τὴν</span> <span class='ocrx_word' id='word_1_687' title='bbox 3194 4317 3558 4388; x_wconf 71' lang='grc' dir='ltr'>κληρονομίαν</span> <span class='ocrx_word' id='word_1_688' title='bbox 3591 4336 3718 4380; x_wconf 54' lang='grc' dir='ltr'>σοι,</span> 
     </span>
    </p>
   </div>
   <div class='ocr_carea' id='block_1_90' title="bbox 475 4401 2033 4480">
    <p class='ocr_par' dir='ltr' id='par_1_90' title="bbox 475 4401 2033 4477">
     <span class='ocr_line' id='line_1_91' title="bbox 475 4401 2033 4477; baseline -0.006 -13"><span class='ocrx_word' id='word_1_689' title='bbox 475 4417 590 4464; x_wconf 78' lang='lat' dir='ltr'><strong>stus</strong></span> <span class='ocrx_word' id='word_1_690' title='bbox 632 4407 724 4462; x_wconf 90' lang='lat' dir='ltr'><strong>Dei</strong></span> <span class='ocrx_word' id='word_1_691' title='bbox 755 4422 875 4460; x_wconf 77' lang='lat' dir='ltr'>CIIII]</span> <span class='ocrx_word' id='word_1_692' title='bbox 901 4406 1208 4477; x_wconf 82' lang='lat' dir='ltr'><strong>signiﬁcare</strong></span> <span class='ocrx_word' id='word_1_693' title='bbox 1232 4405 1426 4469; x_wconf 85' lang='lat' dir='ltr'><strong>vellet,</strong></span> <span class='ocrx_word' id='word_1_694' title='bbox 1460 4403 1534 4456; x_wconf 90' lang='lat' dir='ltr'><strong>ita</strong></span> <span class='ocrx_word' id='word_1_695' title='bbox 1564 4403 1639 4456; x_wconf 91' lang='lat' dir='ltr'><strong>ait</strong></span> <span class='ocrx_word' id='word_1_696' title='bbox 1673 4422 1684 4456; x_wconf 79' lang='grc' dir='ltr'><strong>ι</strong></span> <span class='ocrx_word' id='word_1_697' title='bbox 1720 4420 1739 4452; x_wconf 73' lang='grc' dir='ltr'><strong>ι</strong></span> <span class='ocrx_word' id='word_1_698' title='bbox 1775 4401 2033 4456; x_wconf 88' lang='lat' dir='ltr'><strong>Dominus</strong></span> 
     </span>
    </p>
   </div>
   <div class='ocr_carea' id='block_1_91' title="bbox 2139 4401 3719 4480">
    <p class='ocr_par' dir='ltr' id='par_1_91' title="bbox 2140 4406 3719 4480">
     <span class='ocr_line' id='line_1_92' title="bbox 2140 4406 3719 4480; baseline 0.005 -23"><span class='ocrx_word' id='word_1_699' title='bbox 2140 4406 2228 4458; x_wconf 76' lang='grc' dir='ltr'><strong>καὶ</strong></span> <span class='ocrx_word' id='word_1_700' title='bbox 2259 4407 2358 4477; x_wconf 82' lang='grc' dir='ltr'>τὴν</span> <span class='ocrx_word' id='word_1_701' title='bbox 2386 4407 2711 4476; x_wconf 80' lang='grc' dir='ltr'>κατάσχεσίν</span> <span class='ocrx_word' id='word_1_702' title='bbox 2745 4424 2838 4460; x_wconf 89' lang='grc' dir='ltr'><strong>σου</strong></span> <span class='ocrx_word' id='word_1_703' title='bbox 2875 4408 2942 4461; x_wconf 80' lang='grc' dir='ltr'><strong>τὰ</strong></span> <span class='ocrx_word' id='word_1_704' title='bbox 2974 4411 3181 4480; x_wconf 90' lang='grc' dir='ltr'>πέρατα</span> <span class='ocrx_word' id='word_1_705' title='bbox 3223 4410 3321 4480; x_wconf 80' lang='grc' dir='ltr'>τῆς</span> <span class='ocrx_word' id='word_1_706' title='bbox 3346 4410 3472 4479; x_wconf 80' lang='grc' dir='ltr'>γῆς.</span> <span class='ocrx_word' id='word_1_707' title='bbox 3505 4430 3523 4460; x_wconf 71' lang='grc' dir='ltr'><strong>ι</strong></span> <span class='ocrx_word' id='word_1_708' title='bbox 3573 4411 3719 4464; x_wconf 63' lang='lat' dir='ltr'><strong>Tati-</strong></span> 
     </span>
    </p>
   </div>
   <div class='ocr_carea' id='block_1_92' title="bbox 473 4493 2032 4565">
    <p class='ocr_par' dir='ltr' id='par_1_92' title="bbox 473 4493 2032 4565">
     <span class='ocr_line' id='line_1_93' title="bbox 473 4493 2032 4565; baseline -0.004 -12"><span class='ocrx_word' id='word_1_709' title='bbox 473 4499 611 4554; x_wconf 85' lang='lat' dir='ltr'><strong>dixit</strong></span> <span class='ocrx_word' id='word_1_710' title='bbox 641 4499 704 4553; x_wconf 87' lang='lat' dir='ltr'><strong>ad</strong></span> <span class='ocrx_word' id='word_1_711' title='bbox 731 4514 834 4560; x_wconf 90' lang='lat' dir='ltr'><strong>me,</strong></span> <span class='ocrx_word' id='word_1_712' title='bbox 867 4497 1039 4552; x_wconf 86' lang='lat' dir='ltr'><strong>Filius</strong></span> <span class='ocrx_word' id='word_1_713' title='bbox 1067 4513 1218 4551; x_wconf 89' lang='lat' dir='ltr'><strong>meus</strong></span> <span class='ocrx_word' id='word_1_714' title='bbox 1246 4512 1305 4551; x_wconf 92' lang='lat' dir='ltr'><strong>es</strong></span> <span class='ocrx_word' id='word_1_715' title='bbox 1337 4504 1417 4559; x_wconf 90' lang='lat' dir='ltr'><strong>tu,</strong></span> <span class='ocrx_word' id='word_1_716' title='bbox 1437 4511 1537 4565; x_wconf 86' lang='lat' dir='ltr'><strong>ego</strong></span> <span class='ocrx_word' id='word_1_717' title='bbox 1568 4494 1728 4548; x_wconf 89' lang='lat' dir='ltr'><strong>hodie</strong></span> <span class='ocrx_word' id='word_1_718' title='bbox 1752 4493 1913 4564; x_wconf 88' lang='lat' dir='ltr'><strong>genui</strong></span> <span class='ocrx_word' id='word_1_719' title='bbox 1945 4501 2032 4558; x_wconf 91' lang='lat' dir='ltr'><strong>te;</strong></span> 
     </span>
    </p>
   </div>
   <div class='ocr_carea' id='block_1_93' title="bbox 476 4587 2034 4663">
    <p class='ocr_par' dir='ltr' id='par_1_93' title="bbox 476 4587 2034 4663">
     <span class='ocr_line' id='line_1_94' title="bbox 476 4587 2034 4663; baseline -0.004 -17"><span class='ocrx_word' id='word_1_720' title='bbox 476 4591 689 4663; x_wconf 88' lang='lat' dir='ltr'><strong>postula</strong></span> <span class='ocrx_word' id='word_1_721' title='bbox 719 4605 748 4643; x_wconf 89' lang='lat' dir='ltr'><strong>a</strong></span> <span class='ocrx_word' id='word_1_722' title='bbox 778 4605 883 4655; x_wconf 89' lang='lat' dir='ltr'><strong>me,</strong></span> <span class='ocrx_word' id='word_1_723' title='bbox 912 4598 964 4645; x_wconf 91' lang='lat' dir='ltr'><strong>et</strong></span> <span class='ocrx_word' id='word_1_724' title='bbox 996 4590 1136 4645; x_wconf 89' lang='lat' dir='ltr'><strong>dabo</strong></span> <span class='ocrx_word' id='word_1_725' title='bbox 1157 4590 1252 4644; x_wconf 90' lang='lat' dir='ltr'><strong>tibi</strong></span> <span class='ocrx_word' id='word_1_726' title='bbox 1284 4597 1473 4660; x_wconf 79' lang='lat' dir='ltr'><strong>gentes</strong></span> <span class='ocrx_word' id='word_1_727' title='bbox 1504 4587 1871 4641; x_wconf 56' lang='lat' dir='ltr'><strong>hereditatem</strong></span> <span class='ocrx_word' id='word_1_728' title='bbox 1888 4596 2034 4641; x_wconf 88' lang='lat' dir='ltr'><strong>tuam</strong></span> 
     </span>
    </p>
   </div>
   <div class='ocr_carea' id='block_1_94' title="bbox 474 4679 2038 4759">
    <p class='ocr_par' dir='ltr' id='par_1_94' title="bbox 474 4679 2038 4759">
     <span class='ocr_line' id='line_1_95' title="bbox 474 4679 2038 4759; baseline -0.008 -15"><span class='ocrx_word' id='word_1_729' title='bbox 474 4700 528 4744; x_wconf 88' lang='lat' dir='ltr'><strong>et</strong></span> <span class='ocrx_word' id='word_1_730' title='bbox 555 4687 956 4759; x_wconf 88' lang='lat' dir='ltr'><strong>possessionem</strong></span> <span class='ocrx_word' id='word_1_731' title='bbox 980 4692 1128 4738; x_wconf 90' lang='lat' dir='ltr'><strong>tuam</strong></span> <span class='ocrx_word' id='word_1_732' title='bbox 1151 4683 1416 4738; x_wconf 90' lang='lat' dir='ltr'><strong>terminos</strong></span> <span class='ocrx_word' id='word_1_733' title='bbox 1446 4689 1604 4735; x_wconf 66' lang='lat' dir='ltr'><strong>terra:</strong></span> <span class='ocrx_word' id='word_1_734' title='bbox 1630 4681 1690 4732; x_wconf 84' lang='lat'><strong>&quot;.</strong></span> <span class='ocrx_word' id='word_1_735' title='bbox 1730 4699 1749 4733; x_wconf 74' lang='grc' dir='ltr'><strong>ι</strong></span> <span class='ocrx_word' id='word_1_736' title='bbox 1778 4679 1909 4747; x_wconf 71' lang='lat' dir='ltr'><strong>Qua:</strong></span> <span class='ocrx_word' id='word_1_737' title='bbox 1939 4680 2038 4750; x_wconf 83' lang='lat' dir='ltr'><strong>igi-</strong></span> 
     </span>
    </p>
   </div>
   <div class='ocr_carea' id='block_1_95' title="bbox 474 4769 2038 4847">
    <p class='ocr_par' dir='ltr' id='par_1_95' title="bbox 474 4769 2038 4847">
     <span class='ocr_line' id='line_1_96' title="bbox 474 4769 2038 4847; baseline -0.006 -14"><span class='ocrx_word' id='word_1_738' title='bbox 474 4786 562 4832; x_wconf 88' lang='lat' dir='ltr'><strong>tur</strong></span> <span class='ocrx_word' id='word_1_739' title='bbox 590 4777 706 4847; x_wconf 88' lang='lat' dir='ltr'><strong>ipsa</strong></span> <span class='ocrx_word' id='word_1_740' title='bbox 734 4789 764 4829; x_wconf 90' lang='lat' dir='ltr'><strong>a</strong></span> <span class='ocrx_word' id='word_1_741' title='bbox 801 4773 960 4828; x_wconf 80' lang='lat' dir='ltr'><strong>Patre</strong></span> <span class='ocrx_word' id='word_1_742' title='bbox 993 4773 1117 4826; x_wconf 87' lang='lat' dir='ltr'><strong>data</strong></span> <span class='ocrx_word' id='word_1_743' title='bbox 1145 4780 1228 4826; x_wconf 88' lang='lat' dir='ltr'><strong>est</strong></span> <span class='ocrx_word' id='word_1_744' title='bbox 1266 4769 1575 4828; x_wconf 63' lang='lat' dir='ltr'><strong>hereditas.</strong></span> <span class='ocrx_word' id='word_1_745' title='bbox 1606 4770 1745 4824; x_wconf 88' lang='lat' dir='ltr'><strong>hanc</strong></span> <span class='ocrx_word' id='word_1_746' title='bbox 1774 4771 2038 4840; x_wconf 90' lang='lat' dir='ltr'><strong>apostolis</strong></span> 
     </span>
    </p>
   </div>
   <div class='ocr_carea' id='block_1_96' title="bbox 474 4861 2040 4938">
    <p class='ocr_par' dir='ltr' id='par_1_96' title="bbox 474 4861 2040 4938">
     <span class='ocr_line' id='line_1_97' title="bbox 474 4861 2040 4938; baseline -0.009 -10"><span class='ocrx_word' id='word_1_747' title='bbox 474 4872 587 4928; x_wconf 90' lang='lat' dir='ltr'><strong>suis</strong></span> <span class='ocrx_word' id='word_1_748' title='bbox 628 4876 788 4938; x_wconf 89' lang='lat' dir='ltr'><strong>atque</strong></span> <span class='ocrx_word' id='word_1_749' title='bbox 819 4865 1100 4937; x_wconf 87' lang='lat' dir='ltr'><strong>pr0phetis</strong></span> <span class='ocrx_word' id='word_1_750' title='bbox 1151 4863 1316 4934; x_wconf 75' lang='lat'><strong>260</strong></span> <span class='ocrx_word' id='word_1_751' title='bbox 1364 4862 1620 4931; x_wconf 87' lang='lat' dir='ltr'><strong>subjecit,</strong></span> <span class='ocrx_word' id='word_1_752' title='bbox 1653 4861 1782 4915; x_wconf 89' lang='lat' dir='ltr'><strong>dum</strong></span> <span class='ocrx_word' id='word_1_753' title='bbox 1812 4862 2040 4931; x_wconf 88' lang='lat' dir='ltr'><strong>quicun-</strong></span> 
     </span>
    </p>
   </div>
   <div class='ocr_carea' id='block_1_97' title="bbox 473 4953 2032 5033">
    <p class='ocr_par' dir='ltr' id='par_1_97' title="bbox 473 4953 2032 5033">
     <span class='ocr_line' id='line_1_98' title="bbox 473 4953 2032 5033; baseline -0.006 -18"><span class='ocrx_word' id='word_1_754' title='bbox 473 4977 577 5033; x_wconf 91' lang='lat' dir='ltr'><strong>que</strong></span> <span class='ocrx_word' id='word_1_755' title='bbox 603 4959 705 5032; x_wconf 89' lang='lat' dir='ltr'><strong>ipsi</strong></span> <span class='ocrx_word' id='word_1_756' title='bbox 723 4957 952 5012; x_wconf 91' lang='lat' dir='ltr'><strong>credunt</strong></span> <span class='ocrx_word' id='word_1_757' title='bbox 983 4955 1175 5008; x_wconf 85' lang='lat' dir='ltr'><strong>horum</strong></span> <span class='ocrx_word' id='word_1_758' title='bbox 1203 4953 1484 5024; x_wconf 64' lang='lat' dir='ltr'><strong>praceptis</strong></span> <span class='ocrx_word' id='word_1_759' title='bbox 1509 4968 1572 5006; x_wconf 86' lang='lat' dir='ltr'><strong>ac</strong></span> <span class='ocrx_word' id='word_1_760' title='bbox 1597 4953 1805 5023; x_wconf 79' lang='lat' dir='ltr'><strong>legibus</strong></span> <span class='ocrx_word' id='word_1_761' title='bbox 1823 4961 2032 5022; x_wconf 88' lang='lat' dir='ltr'><strong>parent,</strong></span> 
     </span>
    </p>
   </div>
   <div class='ocr_carea' id='block_1_98' title="bbox 474 5045 2036 5125">
    <p class='ocr_par' dir='ltr' id='par_1_98' title="bbox 474 5045 2036 5125">
     <span class='ocr_line' id='line_1_99' title="bbox 474 5045 2036 5125; baseline -0.004 -19"><span class='ocrx_word' id='word_1_762' title='bbox 474 5050 922 5125; x_wconf 86' lang='lat' dir='ltr'><strong>quemadmodum</strong></span> <span class='ocrx_word' id='word_1_763' title='bbox 937 5046 1183 5117; x_wconf 82' lang='lat' dir='ltr'><strong>exposita</strong></span> <span class='ocrx_word' id='word_1_764' title='bbox 1201 5046 1453 5099; x_wconf 87' lang='lat' dir='ltr'><strong>vaticinia</strong></span> <span class='ocrx_word' id='word_1_765' title='bbox 1480 5045 1842 5115; x_wconf 65' lang='lat' dir='ltr'><strong>praescribunt</strong></span> <span class='ocrx_word' id='word_1_766' title='bbox 1875 5063 1889 5099; x_wconf 91' lang='lat'><strong>:</strong></span> <span class='ocrx_word' id='word_1_767' title='bbox 1922 5046 2036 5100; x_wconf 62' lang='lat' dir='ltr'><strong>haec</strong></span> 
     </span>
    </p>
   </div>
   <div class='ocr_carea' id='block_1_99' title="bbox 474 5133 2033 5203">
    <p class='ocr_par' dir='ltr' id='par_1_99' title="bbox 474 5133 2033 5203">
     <span class='ocr_line' id='line_1_100' title="bbox 474 5133 2033 5203; baseline -0.006 -5"><span class='ocrx_word' id='word_1_768' title='bbox 474 5160 599 5200; x_wconf 87' lang='lat' dir='ltr'><strong>vero</strong></span> <span class='ocrx_word' id='word_1_769' title='bbox 620 5149 840 5203; x_wconf 90' lang='lat' dir='ltr'><strong>cuncta,</strong></span> <span class='ocrx_word' id='word_1_770' title='bbox 871 5152 995 5193; x_wconf 90' lang='lat' dir='ltr'><strong>cum</strong></span> <span class='ocrx_word' id='word_1_771' title='bbox 1016 5136 1156 5191; x_wconf 90' lang='lat' dir='ltr'><strong>Deus</strong></span> <span class='ocrx_word' id='word_1_772' title='bbox 1174 5133 1408 5190; x_wconf 83' lang='lat' dir='ltr'><strong>Verbum</strong></span> <span class='ocrx_word' id='word_1_773' title='bbox 1431 5135 1534 5190; x_wconf 86' lang='lat' dir='ltr'><strong>sub</strong></span> <span class='ocrx_word' id='word_1_774' title='bbox 1553 5135 1846 5190; x_wconf 90' lang='lat' dir='ltr'><strong>adventum</strong></span> <span class='ocrx_word' id='word_1_775' title='bbox 1876 5152 2033 5191; x_wconf 91' lang='lat' dir='ltr'><strong>suum</strong></span> 
     </span>
    </p>
   </div>
   <div class='ocr_carea' id='block_1_100' title="bbox 473 5225 2038 5297">
    <p class='ocr_par' dir='ltr' id='par_1_100' title="bbox 473 5225 2038 5297">
     <span class='ocr_line' id='line_1_101' title="bbox 473 5225 2038 5297; baseline -0.005 -10"><span class='ocrx_word' id='word_1_776' title='bbox 473 5234 538 5288; x_wconf 89' lang='lat' dir='ltr'><strong>ad</strong></span> <span class='ocrx_word' id='word_1_777' title='bbox 557 5231 826 5295; x_wconf 88' lang='lat' dir='ltr'><strong>homines,</strong></span> <span class='ocrx_word' id='word_1_778' title='bbox 870 5226 1224 5297; x_wconf 90' lang='lat' dir='ltr'><strong>compleverit</strong></span> <span class='ocrx_word' id='word_1_779' title='bbox 1249 5239 1312 5278; x_wconf 87' lang='lat' dir='ltr'><strong>ac</strong></span> <span class='ocrx_word' id='word_1_780' title='bbox 1341 5225 1663 5294; x_wconf 80' lang='lat' dir='ltr'><strong>perfecerit,</strong></span> <span class='ocrx_word' id='word_1_781' title='bbox 1698 5226 1766 5280; x_wconf 85' lang='lat' dir='ltr'><strong>de</strong></span> <span class='ocrx_word' id='word_1_782' title='bbox 1787 5242 1895 5296; x_wconf 87' lang='lat' dir='ltr'><strong>quo</strong></span> <span class='ocrx_word' id='word_1_783' title='bbox 1930 5225 2038 5281; x_wconf 92' lang='lat' dir='ltr'><strong>Deo</strong></span> 
     </span>
    </p>
   </div>
   <div class='ocr_carea' id='block_1_101' title="bbox 476 5305 2040 5395">
    <p class='ocr_par' dir='ltr' id='par_1_101' title="bbox 476 5305 2040 5395">
     <span class='ocr_line' id='line_1_102' title="bbox 476 5305 2040 5395; baseline -0.006 -13"><span class='ocrx_word' id='word_1_784' title='bbox 476 5325 778 5395; x_wconf 72' lang='lat' dir='ltr'><strong>Verbojam</strong></span> <span class='ocrx_word' id='word_1_785' title='bbox 811 5324 967 5394; x_wconf 88' lang='lat' dir='ltr'><strong>plura</strong></span> <span class='ocrx_word' id='word_1_786' title='bbox 992 5318 1370 5384; x_wconf 87' lang='lat' dir='ltr'><strong>tractavimus,</strong></span> <span class='ocrx_word' id='word_1_787' title='bbox 1401 5325 1518 5374; x_wconf 89' lang='lat' dir='ltr'><strong>tum</strong></span> <span class='ocrx_word' id='word_1_788' title='bbox 1553 5305 1800 5373; x_wconf 84' lang='lat' dir='ltr'><strong>ascendit</strong></span> <span class='ocrx_word' id='word_1_789' title='bbox 1851 5319 1906 5373; x_wconf 92' lang='lat' dir='ltr'><strong>in</strong></span> <span class='ocrx_word' id='word_1_790' title='bbox 1951 5319 2040 5388; x_wconf 88' lang='lat' dir='ltr'><strong>ju-</strong></span> 
     </span>
    </p>
   </div>
   <div class='ocr_carea' id='block_1_102' title="bbox 473 5408 2037 5488">
    <p class='ocr_par' dir='ltr' id='par_1_102' title="bbox 473 5408 2037 5488">
     <span class='ocr_line' id='line_1_103' title="bbox 473 5408 2037 5488; baseline -0.003 -19"><span class='ocrx_word' id='word_1_791' title='bbox 473 5416 602 5485; x_wconf 90' lang='lat' dir='ltr'><strong>bilo,</strong></span> <span class='ocrx_word' id='word_1_792' title='bbox 631 5415 778 5488; x_wconf 89' lang='lat' dir='ltr'><strong>quod</strong></span> <span class='ocrx_word' id='word_1_793' title='bbox 803 5414 1023 5486; x_wconf 91' lang='lat' dir='ltr'><strong>quidem</strong></span> <span class='ocrx_word' id='word_1_794' title='bbox 1057 5426 1180 5466; x_wconf 89' lang='lat' dir='ltr'><strong>cum</strong></span> <span class='ocrx_word' id='word_1_795' title='bbox 1217 5408 1514 5480; x_wconf 81' lang='lat' dir='ltr'><strong>Apostolus</strong></span> <span class='ocrx_word' id='word_1_796' title='bbox 1570 5409 2037 5480; x_wconf 88' lang='lat' dir='ltr'><strong>interpretaretur,</strong></span> 
     </span>
    </p>
   </div>
   <div class='ocr_carea' id='block_1_103' title="bbox 474 5501 2040 5577">
    <p class='ocr_par' dir='ltr' id='par_1_103' title="bbox 474 5501 2040 5577">
     <span class='ocr_line' id='line_1_104' title="bbox 474 5501 2040 5577; baseline -0.002 -18"><span class='ocrx_word' id='word_1_797' title='bbox 474 5505 546 5560; x_wconf 89' lang='lat' dir='ltr'><strong>ita</strong></span> <span class='ocrx_word' id='word_1_798' title='bbox 595 5509 712 5561; x_wconf 87' lang='lat' dir='ltr'><strong>ait:</strong></span> <span class='ocrx_word' id='word_1_799' title='bbox 746 5525 765 5560; x_wconf 79' lang='grc' dir='ltr'><strong>ι</strong></span> <span class='ocrx_word' id='word_1_800' title='bbox 802 5504 958 5573; x_wconf 84' lang='lat' dir='ltr'><strong>Quod</strong></span> <span class='ocrx_word' id='word_1_801' title='bbox 1008 5511 1190 5560; x_wconf 91' lang='lat' dir='ltr'><strong>autem</strong></span> <span class='ocrx_word' id='word_1_802' title='bbox 1225 5501 1552 5564; x_wconf 90' lang='lat' dir='ltr'><strong>ascenderit,</strong></span> <span class='ocrx_word' id='word_1_803' title='bbox 1606 5501 1737 5571; x_wconf 92' lang='lat' dir='ltr'><strong>quid</strong></span> <span class='ocrx_word' id='word_1_804' title='bbox 1789 5510 1892 5566; x_wconf 85' lang='lat' dir='ltr'><strong>est,</strong></span> <span class='ocrx_word' id='word_1_805' title='bbox 1937 5502 2040 5577; x_wconf 84' lang='lat' dir='ltr'><strong>nisi</strong></span> 
     </span>
    </p>
   </div>
   <div class='ocr_carea' id='block_1_104' title="bbox 2134 4496 3716 4572">
    <p class='ocr_par' dir='ltr' id='par_1_104' title="bbox 2134 4496 3716 4572">
     <span class='ocr_line' id='line_1_105' title="bbox 2134 4496 3716 4572; baseline 0.002 -20"><span class='ocrx_word' id='word_1_806' title='bbox 2134 4517 2233 4570; x_wconf 84' lang='grc' dir='ltr'><strong>την</strong></span> <span class='ocrx_word' id='word_1_807' title='bbox 2266 4496 2356 4554; x_wconf 75' lang='grc' dir='ltr'>οὖν</span> <span class='ocrx_word' id='word_1_808' title='bbox 2379 4500 2475 4570; x_wconf 84' lang='grc' dir='ltr'>τὴν</span> <span class='ocrx_word' id='word_1_809' title='bbox 2508 4499 2614 4552; x_wconf 77' lang='grc' dir='ltr'><strong>ὑπὸ</strong></span> <span class='ocrx_word' id='word_1_810' title='bbox 2652 4499 2746 4553; x_wconf 89' lang='grc' dir='ltr'><strong>τοῦ</strong></span> <span class='ocrx_word' id='word_1_811' title='bbox 2791 4501 3002 4572; x_wconf 83' lang='grc' dir='ltr'>Πατρὸς</span> <span class='ocrx_word' id='word_1_812' title='bbox 3026 4501 3314 4572; x_wconf 80' lang='grc' dir='ltr'>δεδομένην</span> <span class='ocrx_word' id='word_1_813' title='bbox 3340 4501 3489 4571; x_wconf 83' lang='grc' dir='ltr'>αὑτῷ</span> <span class='ocrx_word' id='word_1_814' title='bbox 3512 4502 3716 4572; x_wconf 81' lang='grc' dir='ltr'>κληρο-</span> 
     </span>
    </p>
   </div>
   <div class='ocr_carea' id='block_1_105' title="bbox 2137 4592 3716 4666">
    <p class='ocr_par' dir='ltr' id='par_1_105' title="bbox 2137 4592 3716 4666">
     <span class='ocr_line' id='line_1_106' title="bbox 2137 4592 3716 4666; baseline 0.001 -22"><span class='ocrx_word' id='word_1_815' title='bbox 2137 4593 2358 4662; x_wconf 86' lang='grc' dir='ltr'>νομίαν,</span> <span class='ocrx_word' id='word_1_816' title='bbox 2393 4592 2625 4658; x_wconf 79' lang='grc' dir='ltr'>ὑπέταξε</span> <span class='ocrx_word' id='word_1_817' title='bbox 2656 4595 2767 4655; x_wconf 84' lang='grc' dir='ltr'>τοῖς</span> <span class='ocrx_word' id='word_1_818' title='bbox 2806 4593 3118 4655; x_wconf 85' lang='grc' dir='ltr'>ἀποστόλοις</span> <span class='ocrx_word' id='word_1_819' title='bbox 3148 4592 3312 4646; x_wconf 87' lang='grc' dir='ltr'>αὑτοῦ</span> <span class='ocrx_word' id='word_1_820' title='bbox 3360 4594 3455 4646; x_wconf 81' lang='grc' dir='ltr'><strong>καὶ</strong></span> <span class='ocrx_word' id='word_1_821' title='bbox 3494 4600 3716 4666; x_wconf 73' lang='grc' dir='ltr'>προφὴ-</span> 
     </span>
    </p>
   </div>
   <div class='ocr_carea' id='block_1_106' title="bbox 2136 4683 3718 4753">
    <p class='ocr_par' dir='ltr' id='par_1_106' title="bbox 2136 4683 3718 4753">
     <span class='ocr_line' id='line_1_107' title="bbox 2136 4683 3718 4753; baseline -0.003 -12"><span class='ocrx_word' id='word_1_822' title='bbox 2136 4700 2256 4746; x_wconf 85' lang='grc' dir='ltr'>ταις</span> <span class='ocrx_word' id='word_1_823' title='bbox 2277 4725 2289 4746; x_wconf 84' lang='grc'><strong>,</strong></span> <span class='ocrx_word' id='word_1_824' title='bbox 2326 4683 2400 4753; x_wconf 81' lang='grc' dir='ltr'><strong>τῷ</strong></span> <span class='ocrx_word' id='word_1_825' title='bbox 2431 4687 2555 4748; x_wconf 67' lang='grc' dir='ltr'>τοὺς</span> <span class='ocrx_word' id='word_1_826' title='bbox 2593 4687 2670 4747; x_wconf 87' lang='grc' dir='ltr'><strong>εἰς</strong></span> <span class='ocrx_word' id='word_1_827' title='bbox 2716 4685 2876 4737; x_wconf 75' lang='grc' dir='ltr'>αὑτὸν</span> <span class='ocrx_word' id='word_1_828' title='bbox 2908 4686 3336 4749; x_wconf 83' lang='grc' dir='ltr'>πεπιστευκότας</span> <span class='ocrx_word' id='word_1_829' title='bbox 3366 4690 3480 4750; x_wconf 84' lang='grc' dir='ltr'>τοῖς</span> <span class='ocrx_word' id='word_1_830' title='bbox 3507 4687 3718 4742; x_wconf 75' lang='grc' dir='ltr'>τούτων</span> 
     </span>
    </p>
   </div>
   <div class='ocr_carea' id='block_1_107' title="bbox 2140 4775 3718 4850">
    <p class='ocr_par' dir='ltr' id='par_1_107' title="bbox 2140 4775 3718 4850">
     <span class='ocr_line' id='line_1_108' title="bbox 2140 4775 3718 4850; baseline 0.005 -25"><span class='ocrx_word' id='word_1_831' title='bbox 2140 4775 2502 4846; x_wconf 84' lang='grc' dir='ltr'>ὑποτετάχθαι</span> <span class='ocrx_word' id='word_1_832' title='bbox 2549 4777 2758 4844; x_wconf 78' lang='grc' dir='ltr'>λόγοις,</span> <span class='ocrx_word' id='word_1_833' title='bbox 2812 4776 3118 4841; x_wconf 82' lang='grc' dir='ltr'>ἀκολούθως</span> <span class='ocrx_word' id='word_1_834' title='bbox 3166 4780 3276 4840; x_wconf 70' lang='grc' dir='ltr'>τοῖς</span> <span class='ocrx_word' id='word_1_835' title='bbox 3329 4781 3718 4850; x_wconf 82' lang='grc' dir='ltr'>προκειμένοις</span> 
     </span>
    </p>
   </div>
   <div class='ocr_carea' id='block_1_108' title="bbox 2139 4865 3720 4939">
    <p class='ocr_par' dir='ltr' id='par_1_108' title="bbox 2139 4865 3720 4939">
     <span class='ocr_line' id='line_1_109' title="bbox 2139 4865 3720 4939; baseline 0.004 -21"><span class='ocrx_word' id='word_1_836' title='bbox 2139 4865 2487 4938; x_wconf 86' lang='grc' dir='ltr'>θεσπίσμασι.</span> <span class='ocrx_word' id='word_1_837' title='bbox 2543 4869 2652 4920; x_wconf 73' lang='grc' dir='ltr'><strong>Καὶ</strong></span> <span class='ocrx_word' id='word_1_838' title='bbox 2697 4867 2868 4922; x_wconf 86' lang='grc' dir='ltr'>ταῦτα</span> <span class='ocrx_word' id='word_1_839' title='bbox 2902 4868 2957 4920; x_wconf 81' lang='grc' dir='ltr'>δὲ</span> <span class='ocrx_word' id='word_1_840' title='bbox 3006 4869 3180 4922; x_wconf 81' lang='grc' dir='ltr'>πάντα</span> <span class='ocrx_word' id='word_1_841' title='bbox 3231 4868 3584 4939; x_wconf 81' lang='grc' dir='ltr'>κατορθώσας</span> <span class='ocrx_word' id='word_1_842' title='bbox 3624 4873 3720 4924; x_wconf 74' lang='grc' dir='ltr'>ἐπὶ</span> 
     </span>
    </p>
   </div>
   <div class='ocr_carea' id='block_1_109' title="bbox 2139 4960 3712 5033">
    <p class='ocr_par' dir='ltr' id='par_1_109' title="bbox 2139 4960 3712 5033">
     <span class='ocr_line' id='line_1_110' title="bbox 2139 4960 3712 5033; baseline 0.004 -22"><span class='ocrx_word' id='word_1_843' title='bbox 2139 4961 2238 5031; x_wconf 82' lang='grc' dir='ltr'>τῆς</span> <span class='ocrx_word' id='word_1_844' title='bbox 2265 4961 2345 5024; x_wconf 85' lang='grc' dir='ltr'><strong>είς</strong></span> <span class='ocrx_word' id='word_1_845' title='bbox 2387 4960 2704 5032; x_wconf 77' lang='grc' dir='ltr'>ἀνθρώπους</span> <span class='ocrx_word' id='word_1_846' title='bbox 2736 4960 2901 5014; x_wconf 83' lang='grc' dir='ltr'>αὑτοῦ</span> <span class='ocrx_word' id='word_1_847' title='bbox 2951 4963 3250 5033; x_wconf 80' lang='grc' dir='ltr'>παρουσίας</span> <span class='ocrx_word' id='word_1_848' title='bbox 3281 4963 3308 5015; x_wconf 90' lang='lat'><strong>6</strong></span> <span class='ocrx_word' id='word_1_849' title='bbox 3337 4964 3473 5026; x_wconf 80' lang='grc' dir='ltr'>Θεὸς</span> <span class='ocrx_word' id='word_1_850' title='bbox 3501 4965 3712 5032; x_wconf 82' lang='grc' dir='ltr'>Λόγος.</span> 
     </span>
    </p>
   </div>
   <div class='ocr_carea' id='block_1_110' title="bbox 2142 5046 3716 5125">
    <p class='ocr_par' dir='ltr' id='par_1_110' title="bbox 2142 5046 3716 5125">
     <span class='ocr_line' id='line_1_111' title="bbox 2142 5046 3716 5125; baseline 0.004 -23"><span class='ocrx_word' id='word_1_851' title='bbox 2142 5052 2269 5121; x_wconf 76' lang='grc' dir='ltr'>περὶ</span> <span class='ocrx_word' id='word_1_852' title='bbox 2307 5046 2367 5105; x_wconf 72' lang='grc' dir='ltr'><strong>οὗ</strong></span> <span class='ocrx_word' id='word_1_853' title='bbox 2414 5051 2636 5104; x_wconf 88' lang='grc' dir='ltr'>πλεῖστα</span> <span class='ocrx_word' id='word_1_854' title='bbox 2691 5054 2821 5122; x_wconf 81' lang='grc' dir='ltr'>ἡμῖν</span> <span class='ocrx_word' id='word_1_855' title='bbox 2877 5051 3215 5122; x_wconf 80' lang='grc' dir='ltr'>διείληπται,</span> <span class='ocrx_word' id='word_1_856' title='bbox 3259 5054 3424 5125; x_wconf 79' lang='grc' dir='ltr'>ἀνέόη</span> <span class='ocrx_word' id='word_1_857' title='bbox 3468 5055 3527 5106; x_wconf 89' lang='grc' dir='ltr'><strong>ἐν</strong></span> <span class='ocrx_word' id='word_1_858' title='bbox 3580 5057 3716 5109; x_wconf 87' lang='grc' dir='ltr'>ἀλα-</span> 
     </span>
    </p>
   </div>
   <div class='ocr_carea' id='block_1_111' title="bbox 2140 5141 3713 5216">
    <p class='ocr_par' dir='ltr' id='par_1_111' title="bbox 2140 5141 3713 5216">
     <span class='ocr_line' id='line_1_112' title="bbox 2140 5141 3713 5216; baseline 0.003 -24"><span class='ocrx_word' id='word_1_859' title='bbox 2140 5141 2350 5212; x_wconf 83' lang='grc' dir='ltr'>λαγμῷ.</span> <span class='ocrx_word' id='word_1_860' title='bbox 2385 5141 2554 5194; x_wconf 86' lang='grc' dir='ltr'>Τοῦτο</span> <span class='ocrx_word' id='word_1_861' title='bbox 2595 5141 2650 5194; x_wconf 82' lang='grc' dir='ltr'><strong>δέ</strong></span> <span class='ocrx_word' id='word_1_862' title='bbox 2694 5143 3011 5213; x_wconf 78' lang='grc' dir='ltr'>ἑρμηνεύων</span> <span class='ocrx_word' id='word_1_863' title='bbox 3059 5142 3134 5210; x_wconf 74' lang='grc'><strong>(1)</strong></span> <span class='ocrx_word' id='word_1_864' title='bbox 3177 5143 3498 5209; x_wconf 83' lang='grc' dir='ltr'>Ἀπόστολός</span> <span class='ocrx_word' id='word_1_865' title='bbox 3531 5162 3662 5216; x_wconf 74' lang='grc' dir='ltr'>ερησι</span> <span class='ocrx_word' id='word_1_866' title='bbox 3693 5159 3713 5175; x_wconf 72' lang='grc' dir='ltr'><strong><em>ο</em></strong></span> 
     </span>
    </p>
   </div>
   <div class='ocr_carea' id='block_1_112' title="bbox 2150 5230 3719 5306">
    <p class='ocr_par' dir='ltr' id='par_1_112' title="bbox 2150 5230 3719 5306">
     <span class='ocr_line' id='line_1_113' title="bbox 2150 5230 3719 5306; baseline 0.003 -24"><span class='ocrx_word' id='word_1_867' title='bbox 2150 5249 2167 5282; x_wconf 76' lang='grc' dir='ltr'><strong>ι</strong></span> <span class='ocrx_word' id='word_1_868' title='bbox 2201 5231 2273 5282; x_wconf 80' lang='grc' dir='ltr'>Τὸ</span> <span class='ocrx_word' id='word_1_869' title='bbox 2286 5231 2342 5284; x_wconf 78' lang='grc' dir='ltr'>δὲ</span> <span class='ocrx_word' id='word_1_870' title='bbox 2365 5231 2528 5301; x_wconf 77' lang='grc' dir='ltr'>ἀνέϐη</span> <span class='ocrx_word' id='word_1_871' title='bbox 2548 5230 2600 5282; x_wconf 86' lang='grc' dir='ltr'><strong>τί</strong></span> <span class='ocrx_word' id='word_1_872' title='bbox 2623 5232 2791 5293; x_wconf 89' lang='grc' dir='ltr'>ἐστιν,</span> <span class='ocrx_word' id='word_1_873' title='bbox 2825 5233 2872 5284; x_wconf 91' lang='grc' dir='ltr'>εἰ</span> <span class='ocrx_word' id='word_1_874' title='bbox 2908 5231 2981 5302; x_wconf 80' lang='grc' dir='ltr'>μὴ</span> <span class='ocrx_word' id='word_1_875' title='bbox 3002 5232 3084 5285; x_wconf 75' lang='grc' dir='ltr'>ὅτι</span> <span class='ocrx_word' id='word_1_876' title='bbox 3114 5233 3205 5286; x_wconf 76' lang='grc' dir='ltr'>καὶ</span> <span class='ocrx_word' id='word_1_877' title='bbox 3221 5234 3425 5304; x_wconf 76' lang='grc' dir='ltr'>κατέϐη</span> <span class='ocrx_word' id='word_1_878' title='bbox 3462 5235 3680 5306; x_wconf 86' lang='grc' dir='ltr'>πρῶτον</span> <span class='ocrx_word' id='word_1_879' title='bbox 3697 5253 3719 5298; x_wconf 88' lang='grc'><strong>;</strong></span> 
     </span>
    </p>
   </div>
   <div class='ocr_carea' id='block_1_113' title="bbox 2145 5320 3722 5394">
    <p class='ocr_par' dir='ltr' id='par_1_113' title="bbox 2145 5320 3722 5394">
     <span class='ocr_line' id='line_1_114' title="bbox 2145 5320 3722 5394; baseline 0.004 -20"><span class='ocrx_word' id='word_1_880' title='bbox 2145 5323 2222 5385; x_wconf 79' lang='grc' dir='ltr'><strong>είς</strong></span> <span class='ocrx_word' id='word_1_881' title='bbox 2270 5322 2337 5376; x_wconf 75' lang='grc' dir='ltr'><strong>τά</strong></span> <span class='ocrx_word' id='word_1_882' title='bbox 2390 5320 2674 5376; x_wconf 85' lang='grc' dir='ltr'>κατώτατα</span> <span class='ocrx_word' id='word_1_883' title='bbox 2719 5323 2858 5394; x_wconf 88' lang='grc' dir='ltr'>μέρη</span> <span class='ocrx_word' id='word_1_884' title='bbox 2890 5323 2989 5393; x_wconf 78' lang='grc' dir='ltr'>τῆς</span> <span class='ocrx_word' id='word_1_885' title='bbox 3023 5325 3123 5394; x_wconf 83' lang='grc' dir='ltr'>γῆς</span> <span class='ocrx_word' id='word_1_886' title='bbox 3159 5327 3187 5378; x_wconf 88' lang='lat'><strong>6</strong></span> <span class='ocrx_word' id='word_1_887' title='bbox 3219 5325 3500 5393; x_wconf 56' lang='lat' dir='ltr'><strong>xa&#39;ta6ig,</strong></span> <span class='ocrx_word' id='word_1_888' title='bbox 3553 5328 3722 5392; x_wconf 83' lang='grc' dir='ltr'>αὑτός</span> 
     </span>
    </p>
   </div>
   <div class='ocr_carea' id='block_1_114' title="bbox 2145 5413 3728 5489">
    <p class='ocr_par' dir='ltr' id='par_1_114' title="bbox 2145 5413 3728 5489">
     <span class='ocr_line' id='line_1_115' title="bbox 2145 5413 3728 5489; baseline 0.006 -25"><span class='ocrx_word' id='word_1_889' title='bbox 2145 5414 2262 5464; x_wconf 86' lang='grc' dir='ltr'>ἐστι</span> <span class='ocrx_word' id='word_1_890' title='bbox 2301 5413 2392 5465; x_wconf 76' lang='grc' dir='ltr'><strong>καὶ</strong></span> <span class='ocrx_word' id='word_1_891' title='bbox 2417 5414 2446 5466; x_wconf 90' lang='lat'><strong>6</strong></span> <span class='ocrx_word' id='word_1_892' title='bbox 2473 5413 2678 5475; x_wconf 77' lang='grc' dir='ltr'>ἀναϐὰς</span> <span class='ocrx_word' id='word_1_893' title='bbox 2709 5414 2963 5486; x_wconf 76' lang='grc' dir='ltr'>ὑπεράνω</span> <span class='ocrx_word' id='word_1_894' title='bbox 2990 5416 3097 5468; x_wconf 86' lang='grc' dir='ltr'><strong>τῶν</strong></span> <span class='ocrx_word' id='word_1_895' title='bbox 3123 5416 3384 5489; x_wconf 81' lang='grc' dir='ltr'>οὐρανῶν.</span> <span class='ocrx_word' id='word_1_896' title='bbox 3429 5437 3447 5468; x_wconf 74' lang='grc' dir='ltr'><strong>ι</strong></span> <span class='ocrx_word' id='word_1_897' title='bbox 3470 5419 3560 5472; x_wconf 84' lang='grc' dir='ltr'>Ἐν</span> <span class='ocrx_word' id='word_1_898' title='bbox 3589 5420 3728 5473; x_wconf 63' lang='grc' dir='ltr'><strong>ἀλα⁵</strong></span> 
     </span>
    </p>
   </div>
   <div class='ocr_carea' id='block_1_115' title="bbox 2145 5501 3730 5581">
    <p class='ocr_par' dir='ltr' id='par_1_115' title="bbox 2145 5501 3730 5581">
     <span class='ocr_line' id='line_1_116' title="bbox 2145 5501 3730 5581; baseline 0.008 -27"><span class='ocrx_word' id='word_1_899' title='bbox 2145 5501 2340 5572; x_wconf 84' lang='grc' dir='ltr'>λαγμῷ</span> <span class='ocrx_word' id='word_1_900' title='bbox 2369 5503 2425 5556; x_wconf 82' lang='grc' dir='ltr'>δὲ</span> <span class='ocrx_word' id='word_1_901' title='bbox 2457 5505 2617 5559; x_wconf 85' lang='grc' dir='ltr'>αὑτόν</span> <span class='ocrx_word' id='word_1_902' title='bbox 2648 5522 2811 5577; x_wconf 79' lang='grc' dir='ltr'>φησιν</span> <span class='ocrx_word' id='word_1_903' title='bbox 2841 5506 3226 5577; x_wconf 86' lang='grc' dir='ltr'>ἀνεληλυθέναι</span> <span class='ocrx_word' id='word_1_904' title='bbox 3257 5509 3346 5563; x_wconf 84' lang='grc' dir='ltr'><strong>διὰ</strong></span> <span class='ocrx_word' id='word_1_905' title='bbox 3377 5509 3480 5581; x_wconf 82' lang='grc' dir='ltr'>τὴν</span> <span class='ocrx_word' id='word_1_906' title='bbox 3509 5513 3593 5574; x_wconf 85' lang='grc' dir='ltr'><strong>είς</strong></span> <span class='ocrx_word' id='word_1_907' title='bbox 3631 5512 3730 5568; x_wconf 71' lang='grc' dir='ltr'><strong>αὐ-</strong></span> 
     </span>
    </p>
   </div>
   <div class='ocr_carea' id='block_1_116' title="bbox 543 5591 2453 5659">
    <p class='ocr_par' dir='ltr' id='par_1_116' title="bbox 543 5591 2453 5659">
     <span class='ocr_line' id='line_1_117' title="bbox 543 5591 2453 5659; baseline 0 -9"><span class='ocrx_word' id='word_1_908' title='bbox 543 5596 586 5629; x_wconf 77' lang='grc'><strong>¹⁸</strong></span> <span class='ocrx_word' id='word_1_909' title='bbox 616 5595 762 5656; x_wconf 89' lang='lat' dir='ltr'><strong>Psal.</strong></span> <span class='ocrx_word' id='word_1_910' title='bbox 801 5611 935 5659; x_wconf 77' lang='lat' dir='ltr'><strong>xvu,</strong></span> <span class='ocrx_word' id='word_1_911' title='bbox 979 5593 1169 5650; x_wconf 66' lang='lat' dir='ltr'>M46.</span> <span class='ocrx_word' id='word_1_912' title='bbox 1245 5594 1287 5626; x_wconf 84' lang='grc'>¹⁸</span> <span class='ocrx_word' id='word_1_913' title='bbox 1320 5592 1462 5650; x_wconf 84' lang='lat' dir='ltr'><strong>Psal.</strong></span> <span class='ocrx_word' id='word_1_914' title='bbox 1517 5608 1664 5658; x_wconf 71' lang='grc' dir='ltr'>κιγι,</span> <span class='ocrx_word' id='word_1_915' title='bbox 1697 5593 1847 5648; x_wconf 73' lang='grc'>2-10.</span> <span class='ocrx_word' id='word_1_916' title='bbox 1929 5593 1972 5624; x_wconf 80' lang='grc'>¹⁶</span> <span class='ocrx_word' id='word_1_917' title='bbox 2005 5591 2148 5648; x_wconf 84' lang='lat' dir='ltr'><strong>Psal.</strong></span> <span class='ocrx_word' id='word_1_918' title='bbox 2189 5609 2260 5654; x_wconf 85' lang='lat' dir='ltr'><strong>ll,</strong></span> <span class='ocrx_word' id='word_1_919' title='bbox 2313 5595 2362 5657; x_wconf 87' lang='lat'><strong>7,</strong></span> <span class='ocrx_word' id='word_1_920' title='bbox 2400 5594 2453 5650; x_wconf 90' lang='lat'><strong>8.</strong></span> 
     </span>
    </p>
   </div>
   <div class='ocr_carea' id='block_1_117' title="bbox 540 5688 1284 5751">
    <p class='ocr_par' dir='ltr' id='par_1_117' title="bbox 540 5688 1284 5751">
     <span class='ocr_line' id='line_1_118' title="bbox 540 5688 1284 5751; baseline 0.011 -13"><span class='ocrx_word' id='word_1_921' title='bbox 540 5688 621 5749; x_wconf 84' lang='lat' dir='ltr'><strong>(ll</strong></span> <span class='ocrx_word' id='word_1_922' title='bbox 647 5689 1004 5751; x_wconf 70' lang='lat' dir='ltr'><strong>Desideratur</strong></span> <span class='ocrx_word' id='word_1_923' title='bbox 1034 5693 1081 5744; x_wconf 86' lang='lat'>6.</span> <span class='ocrx_word' id='word_1_924' title='bbox 1125 5689 1284 5746; x_wconf 78' lang='lat' dir='ltr'><strong>Enn.</strong></span> 
     </span>
    </p>
   </div>
  </div>
