3916 6200
274 297 379 353 ιετ

1218 298 1859 355 DEMDNSTRATIONIS
1900 299 2356 356 EVANGELlCIE
2394 300 2520 356 LIB.
2564 301 2649 357 V'l.

3389 305 3495 362 418

269 392 361 469 τὸν
407 413 682 483 θεολογίαν
742 414 846 469 τῶν
908 414 1345 487 δορυφορούντων
1392 413 1551 467 αὐτὸν
1615 413 1806 466 ἀνιόντι

1935 415 2077 485 quod
2101 422 2154 469 et
2177 413 2518 470 descenderit
2550 417 2780 487 primum
2805 418 2856 473 in
2886 417 3099 475 infimas
3119 423 3328 490 'partes
3378 431 3491 476 ter~

269 505 535 573 ἀγγέλων·
563 506 610 559 οἳ
631 508 723 560 καὶ
759 507 960 576 ἔλεγον·
994 525 1010 557 ι
1028 509 1226 578 Ἀρατε
1253 507 1443 572 πύλας,
1471 510 1519 560 oi
1540 509 1822 578 ἄρχοντες,

275 598 299 651 3
307 597 445 667 μῶν,
463 598 554 650 καὶ
569 598 858 668 ὲπάρθητε,
879 596 1039 651 πύλαι
1057 595 1282 662 αίὼνιοι,
1309 599 1404 650 καὶ
1426 597 1787 650 εἰσελεύσεται
1803 598 1832 650 ὁ

270 688 523 759 βασιλεὺς
569 689 662 759 τῆς
698 689 873 758 δόξης.
920 710 938 741 ι
972 686 1155 761 Φωνὴν
1202 691 1255 743 δὲ
1292 689 1589 757 σάλπιγγος
1620 690 1719 742 οὐκ
1763 689 1829 742 ἂν

269 781 529 853 σφαλείης
559 782 617 834 τὸ
643 783 899 852 κήρυγμα
924 781 1089 833 εἰπὼν
1118 781 1179 834 τὸ
1208 780 1580 849 εύαγγελικὸν,
1622 783 1700 845 είς
1729 782 1829 834 πᾶ-

267 891 367 927 σαν
395 873 665 943 ὲξηχῆσαν
697 874 793 945 τὴν
825 875 1163 943 οἰκουμένην.
1210 872 1414 935 Παντὸς
1449 872 1556 943 γὰρ
1599 874 1826 943 ὀργάνου

269 965 527 1036 μουσικοῦ
565 964 1071 1035 μεγαλοφωνοτέρας
1098 964 1262 1035 οῦσης
1286 965 1384 1035 τῆς
1414 964 1729 1033 σάλπιγγος,
1754 967 1830 1017 ol-

265 1058 426 1119 κείως
472 1046 833 1128 παρείληπται
877 1058 936 1110 τὸ
987 1057 1331 1128 παράδειγμα
1374 1058 1453 1121 είς
1488 1058 1827 1128 παράστασιν

261 1147 356 1201 τοῦ
382 1148 593 1201 πάντων
616 1147 722 1200 τῶν
751 1148 809 1214 ἐξ
835 1147 1027 1212 αἰῶνος
1055 1148 1445 1219 κραταιοτέραν
1476 1148 1569 1201 καὶ
1594 1147 1826 1215 μεγαλο-

262 1239 572 1310 φωνοτέραν
612 1239 708 1310 τὴν
736 1237 984 1310 περὶτοῦ
1038 1238 1272 1308 Χριστοῦ
1316 1240 1479 1292 πᾶσιν
1524 1237 1827 1310 ἀνθρώποις

262 1329 627 1401 κατηγγέλθαι
655 1330 1016 1395 διδασκαλίαν,
1061 1331 1128 1384 δι’
1151 1326 1219 1403 ἦς
1257 1329 1444 1399 ὥσπερ
1474 1331 1560 1385 διὰ
1596 1330 1824 1399 σάλπιγ-

261 1438 358 1488 γος
402 1424 480 1484 είς
510 1420 829 1485 ἐξάκουστον
870 1423 1086 1476 πάντων
1113 1422 1221 1475 τῶν
1251 1422 1552 1493 ἀνθρώπων
1596 1423 1692 1494 βοᾷ
1732 1424 1824 1476 καὶ

260 1513 498 1583 ιιέκραγε
543 1513 600 1565 τὸ
642 1512 862 1583 Πνεῦμα
898 1513 955 1565 τὸ
992 1513 1143 1582 ἆγιον
1172 1512 1238 1565 τὰ
1276 1512 1404 1581 ἑξῆς
1449 1514 1540 1566 τοῦ
1571 1513 1783 1584 ψαλμοῦ
1806 1554 1820 1578 ,

258 1602 324 1657 δι’
375 1597 449 1656 ὧν
492 1604 738 1674 εἴρηται·
777 1623 793 1653 ι
827 1603 1043 1657 Ψάλατε
1073 1602 1150 1674 τῷ
1195 1603 1313 1674 Θεῷ
1339 1603 1524 1674 ἡμῶν,
1575 1603 1780 1674 ψάλατε
1805 1643 1820 1669 ,

256 1694 463 1765 ψάλατε
506 1694 583 1764 τῷ
633 1693 836 1765 βασιλεῖ
881 1694 1054 1765 ἡμῶν,
1105 1695 1308 1765 ψάλατε
1345 1712 1359 1725 ·
1408 1697 1487 1749 ὅτι
1525 1696 1815 1765 βασιλεὺς)

1932 520 2006 559 ται
2034 506 2058 558 ?
2083 506 2173 576 qui
2232 492 2535 570 descendit,
2584 508 2699 577 ipse
2737 517 2821 564 est
2854 519 2907 565 et
2930 511 3024 580 qui
3057 513 3300 567 ascendit
3327 529 3492 584 supra

1931 611 2118 652 omnes
2151 598 2319 653 caelos
2345 600 2384 629 ¹⁷
2420 617 2432 652 :
2474 618 2491 649 ι
2536 600 2591 653 in
2619 600 2795 669 jubilo
2820 611 3000 657 autem
3034 602 3187 656 illum
3211 602 3345 658 dicit
3398 620 3491 657 as-

1931 685 2199 750 cendisse,
2231 687 2301 741 ob
2323 687 2537 742 divinas
2592 699 2645 741 et
2675 704 2861 744 sacras
2912 705 3040 760 erga
3098 691 3275 760 ipsum
3303 706 3489 757 voces,

1931 778 2105 847 ipsum
2155 778 2283 832 dum
2319 779 2639 833 ascenderet
2677 783 3106 850 constipantium
3148 783 3486 851 angelorum,

1929 870 2021 939 qui
2046 869 2208 924 etiam
2238 869 2372 923 illud
2403 870 2655 925 dicebant
2692 890 2704 925 :
2746 890 2764 922 ι
2819 870 3014 926 Tollite
3062 881 3266 942 portas,
3294 875 3494 944 princi-

1930 976 2044 1029 pes,
2078 968 2309 1023 vestras,
2345 968 2397 1015 et
2421 961 2727 1026 elevamini,
2762 972 2930 1032 portae
2956 971 3191 1027 αξιοι-ηδε,
3218 972 3271 1019 et
3318 966 3489 1020 intro-

1934 1051 2037 1105 ibit
2070 1066 2164 1106 rex
2208 1051 2394 1123 gloriae
2427 1053 2523 1104 ³⁸.»
2558 1050 2754 1107 Vocem
2786 1064 2964 1109 autem
2996 1055 3137 1110 tuba:
3174 1072 3283 1111 non
3311 1058 3491 1111 admo-

1927 1142 2054 1197 dum
2085 1144 2456 1208 aberraveris,
2508 1146 2554 1199 si
2588 1146 3024 1214 prtedicationem
3073 1149 3277 1204 dixeris
3330 1165 3489 1204 evan-

1927 1236 2174 1307 gelicam,
2223 1252 2345 1307 qua:
2381 1239 2434 1290 in
2460 1243 2632 1291 totum
2668 1239 2925 1293 exaudita
2969 1248 3051 1295 est
3086 1248 3353 1295 terrarum
3401 1257 3489 1296 or-

1926 1327 2087 1381 bem:
2126 1340 2247 1379 cum
2276 1326 2419 1380 enim
2453 1326 2579 1381 tuba
2625 1328 2773 1380 omni
2818 1328 2926 1380 alio
2971 1328 3337 1382 instrumento
3364 1344 3486 1382 mu-

1925 1416 2040 1471 sico
2064 1416 2305 1470 vocalior
2334 1416 2425 1479 sit,
2453 1416 2587 1472 satis
2605 1418 3008 1473 accommodata
3023 1419 3477 1488 convenientique

1922 1506 2094 1577 ﬁgura
2126 1505 2328 1559 dictum
2361 1505 2523 1560 fuerit
2553 1507 2705 1571 illud,
2733 1507 2801 1561 ad
2830 1508 3313 1563 demonstrandum
3337 1508 3483 1577 quod

1922 1598 2177 1653 omnibus
2213 1598 2335 1653 aliis
2383 1614 2504 1668 qua:
2533 1613 2562 1652 a
2608 1600 2826 1655 condito
2873 1615 2987 1655 aevo
3029 1601 3360 1666 exstiterint,
3392 1619 3484 1657 ro-

1923 1689 2133 1744 buStior
2161 1697 2215 1744 et
2240 1689 2483 1744 vocalior
2529 1691 2745 1746 cunctis
2802 1691 3115 1746 hominibus
3160 1693 3477 1748 denuntiata

255 1785 436 1839 δύκέτι
487 1787 648 1856 μόνου
698 1785 791 1838 τοῦ
846 1785 1113 1839 Ἰουδαίων
1155 1786 1358 1851 ἔθνους,
1406 1786 1538 1839 ἀλλὰ
1570 1804 1589 1838 ι
1620 1788 1806 1858 πάσης⁴

1921 1781 2209 1835 sitChristi
2238 1782 2508 1845 doctrina,
2532 1798 2627 1851 per
2651 1798 2812 1853 quam
2836 1785 2997 1838 veluti
3030 1801 3126 1855 per
3154 1785 3360 1850 tubam,
3392 1800 3483 1840 us-

254 1879 406 1947 φησι,
436 1878 531 1948 τῆς
548 1877 647 1947 γῆς
683 1878 711 1929 ό
751 1875 1123 1945 Θεόςοψάλατε
1158 1876 1411 1940 συνετῶς.
1440 1897 1457 1928 ι
1495 1878 1688 1931 Οὐκέτι
1712 1877 1806 1949 γὰρ

1918 1886 2023 1940 que
2052 1871 2187 1925 adeo
2221 1881 2445 1927 sanctus
2488 1875 2705 1937 clamat,
2738 1880 2790 1926 et
2824 1873 3156 1929 vociferatur
3215 1873 3476 1945 Spiritus,

252 1970 299 2020 οἱ
332 1969 462 2039 πρὶν
486 1968 750 2037 δαίμονες,
777 1969 925 2038 φησὶ,
944 1969 1062 2023 οὐδὲ
1086 1968 1154 2022 τὰ
1176 1969 1426 2041 περίγεια
1454 1969 1545 2022 καὶ
1569 1969 1806 2041 ἀπατηλὰ

1918 1968 1977 2014 ut
2011 1960 2077 2014 ab
2110 1962 2363 2017 omnibus
2385 1963 2632 2017 exaudiri
2667 1964 2840 2034 possit
2898 1965 3228 2029 hominibus,
3280 1966 3479 2019 clamat

252 2059 557 2129 πνεύματα,
585 2059 694 2112 ἀλλ’
721 2059 878 2122 αὐτὸς
912 2079 929 2111 ι
958 2062 986 2113 ό
1016 2060 1145 2124 Θεὸς
1170 2059 1512 2114 ἐϐασίλευσεν
1525 2060 1614 2111 ἐπὶ
1643 2060 1815 2112 πάντα

247 2150 319 2201 τὰ
349 2150 475 2221 ἔθνη
492 2166 505 2181 ·
522 2169 539 2201 ›
566 2150 739 2214 όΘεὸς
753 2151 932 2215 αὐτὸς,
970 2170 986 2202 ι
1013 2151 1071 2214 ὃς
1095 2150 1331 2223 κάθηται
1353 2151 1443 2203 ἐπὶ
1460 2151 1646 2222 θρόνου
1659 2150 1814 2220 ἁγίου

248 2240 436 2294 αὑτοῦ.
454 2260 469 2291 ι
501 2240 639 2310 Ἤδη
665 2241 720 2293 δὲ
744 2241 1002 2312 πρότερον
1020 2240 1114 2294 τοῦ
1141 2239 1275 2295 Θεοῦ
1300 2240 1471 2309 Λόγου
1493 2240 1581 2293 τὸν
1607 2240 1813 2312 θρόνον,

251 2333 337 2399 ἐφ’
366 2331 425 2384 ὃν
467 2330 787 2394 καθέζεσθαι
836 2334 863 2385 ό
910 2333 1101 2404 Πατὴρ
1150 2330 1298 2403 αὐτῷ
1342 2331 1810 2402 παρεκελεύσατο,

250 2423 461 2489 εἰπὼν,
515 2444 532 2475 ι
568 2423 747 2477 Κάθου
794 2426 857 2477 ὲκ
910 2423 1096 2489 δεξιῶν
1132 2441 1265 2495 μου,
1310 2425 1412 2487 ἕως
1452 2423 1517 2478 ἂν
1566 2423 1642 2477 θῶ
1688 2425 1812 2486 τοὺς

251 2514 480 2586 ἐχθρούς
507 2532 598 2567 σου
626 2515 911 2569 ὑποπόδιον
943 2516 1049 2569 τῶν
1079 2515 1254 2569 ποδῶν
1285 2533 1400 2577 σου,
1428 2535 1446 2566 ι
1475 2515 1562 2569 διὰ
1583 2515 1674 2569 τοῦ
1705 2514 1811 2587 πρὸ

240 2604 440 2657 τούτου
476 2605 899 2676 συγγράμματος
927 2606 1362 2677 παρεστήσαμεν.
1397 2604 1469 2658 Τὸ
1493 2606 1583 2670 δὲ,
1633 2625 1651 2657 ι
1680 2607 1811 2678 Ἀρ-

246 2712 435 2763 χοντες
458 2694 600 2748 λαῶν
628 2695 967 2767 συνήχθησαν
1004 2695 1139 2766 μετὰ
1168 2696 1260 2749 τοῦ
1300 2695 1433 2749 Θεοῦ
1470 2696 1749 2768 Ἀϐραὰμ,
1784 2718 1802 2749 ι

247 2786 330 2837 ἔτι
376 2786 700 2858 σαφέστερον
730 2786 877 2856 δηλοῖ
922 2781 1326 2860 μετατεθεΐσθαι
1374 2790 1452 2852 εἰς
1485 2788 1575 2840 τὸν
1611 2788 1806 2859 κλῆρον

244 2878 354 2930 τῶν
394 2878 559 2931 πάλαι
614 2878 871 2949 θεοφιλῶν
918 2879 1013 2932 τοῦ
1062 2879 1193 2933 Θεοῦ
1242 2880 1530 2951 προφητῶν
1573 2881 1698 2944 τοὺς
1747 2881 1807 2946 ἐξ

244 2970 416 3023 ἐθνῶν
445 2969 707 3040 ἄρχοντας
732 2971 829 3042 τῆς
860 2969 1090 3042 Χριστοῦ
1132 2970 1475 3041 Ἐκκλησίας,
1510 2970 1581 3036 οἳ,
1613 2972 1705 3024 καὶ
1738 2974 1802 3042 τῇ

240 3062 470 3131 δυνάμει
503 3061 596 3115 τοῦ
626 3062 878 3134 Σωτῆρος
905 3063 1059 3133 ἡμῶν
1089 3062 1519 3132 κραταιωθέντες
1540 3101 1555 3127 ,
1601 3062 1805 3133 σφόδρα

240 3152 561 3224 ἐπήρθησαν
608 3154 816 3217 οὐδενὸς
872 3152 1170 3225 ἀνθρώπων
1223 3153 1545 3207 καταϐαλεῖν
1610 3154 1805 3219 αὐτοὺς

241 3246 339 3296 καὶ
375 3244 701 3297 ταπεινῶσαι
734 3244 1109 3316 δεδυνημένου,
1143 3244 1229 3297 διὰ
1253 3246 1352 3318 τὴν
1379 3243 1683 3314 ἁνυψοῦσαν
1710 3245 1806 3300 αὐ-

239 3338 367 3399 τοὺς
402 3337 495 3389 καὶ
518 3337 853 3406 δυναμοῦσαν
879 3335 968 3390 τοῦ
994 3335 1127 3389 Θεοῦ
1158 3335 1359 3401 δεξιάν.
1400 3338 1510 3390 Καὶ
1544 3336 1713 3391 ταῦτα
1746 3337 1801 3391 δὲ

236 3429 333 3480 ἐπὶ
366 3428 560 3498 σχολῆς
586 3428 828 3491 ἐντελοῦς
860 3428 1104 3492 τεύξεται
1135 3427 1456 3499 διηγήσεως.

1915 2066 2046 2106 vero
2073 2067 2135 2107 ea
2163 2069 2282 2123 qua:
2313 2054 2365 2107 in
2388 2054 2581 2109 eodem
2604 2058 2813 2125 psalmo
2831 2066 3149 2125 sequuntur,
3204 2057 3257 2110 in
3280 2057 3478 2126 quibus

1915 2142 2116 2198 dicitur
2142 2163 2154 2198 :
2191 2162 2211 2197 ι
2251 2144 2470 2200 Psallite
2492 2144 2601 2199 Deo
2625 2155 2832 2211 nostro,
2859 2147 3090 2217 psallite,
3112 2148 3325 2217 psallite
3361 2148 3473 2218 regi

1914 2241 2121 2297 nostro,
2140 2236 2373 2305 psallite,
2406 2237 2661 2306 quoniam
2688 2253 2779 2292 rex
2824 2258 2841 2289 ι
2892 2254 3001 2291 non
3044 2240 3276 2307 amplius
3306 2241 3471 2296 unius

1918 2326 2150 2383 iudaica:
2178 2330 2375 2399 gentis,
2429 2330 2521 2384 sed
2554 2348 2572 2379 ‹
2609 2331 2805 2396 omnis,
2836 2331 3034 2401 inquit,
3094 2341 3252 2386 terrae
3302 2332 3471 2398 Deus,

1912 2421 2124 2490 psallite
2144 2421 2439 2489 sapienter.
2492 2439 2510 2473 ι
2537 2418 2655 2474 Non
2678 2422 2822 2474 enim
2859 2422 3115 2492 amplius,
3166 2423 3363 2493 inquit,
3394 2423 3471 2477 illi

1909 2512 2003 2581 qui
2033 2512 2184 2582 prius
2210 2511 2504 2575 daemones,
2538 2528 2714 2583 neque
2743 2514 2949 2569 circum
2978 2524 3177 2570 terram
3192 2528 3474 2573 versantes

1910 2603 2241 2673 fallacesque
2269 2603 2518 2673 spiritus,
2550 2604 2646 2659 sed
2678 2604 2795 2675 ipse
2819 2623 2836 2656 ι
2868 2604 3009 2661 Deus
3037 2609 3283 2678 regnavit
3308 2624 3473 2678 super

1908 2712 2098 2752 omnes
2126 2706 2336 2769 gentes,
2366 2716 2386 2749 ι
2428 2697 2564 2768 ipse,
2601 2698 2848 2767 inquam,
2900 2698 3064 2764 Deus,
3112 2719 3131 2752 ι
3167 2701 3259 2771 qui
3321 2701 3472 2756 sedet

1909 2804 2074 2858 super
2121 2789 2249 2843 sede
2301 2797 2488 2843 sancta
2524 2803 2644 2843 sua.
2678 2808 2696 2839 ι
2731 2787 2995 2843 Caztcrum
3020 2789 3130 2860 jam
3185 2798 3343 2843 antea
3374 2789 3469 2844 Dei

1908 2874 2068 2931 Verbi
2094 2877 2272 2931 sedem
2304 2892 2465 2947 super
2492 2892 2598 2946 qua
2632 2877 2791 2932 Pater
2835 2878 3011 2948 ipsum
3060 2879 3249 2935 sedere
3289 2880 3471 2950 jusse-

1906 2976 2012 3034 rat,
2042 2969 2151 3023 illis
2180 2969 2399 3024 verbis:
2437 2988 2455 3019 ι
2495 2969 2633 3025 Sede
2666 2986 2696 3025 a
2727 2970 2935 3026 dextris
2964 2971 3102 3027 meis
3122 3012 3136 3036 ,
3167 2973 3340 3027 donec
3370 2988 3469 3042 po-

1908 3075 2030 3113 nam
2050 3060 2297 3114 inimicos
2327 3068 2449 3115 tuos
2467 3062 2758 3116 scabellum
2792 3062 2986 3131 pedum
3021 3072 3237 3117 tuorum
3272 3063 3369 3127 ",i
3402 3077 3467 3117 eo

1909 3153 1999 3222 qui
2024 3152 2169 3206 hunc
2197 3155 2471 3208 antecedit
2495 3156 2655 3220 libro,
2691 3170 2789 3224 pro
2806 3155 3012 3210 viribus
3042 3154 3462 3211 declaravimus.

1909 3244 2045 3298 Illud
2091 3251 2270 3298 autem
2315 3262 2383 3298 ιι
2433 3244 2715 3315 Principes
2774 3246 3092 3315 populorum
3153 3246 3467 3315 congregati

1908 3341 2037 3388 sunt
2065 3348 2186 3387 cum
2235 3332 2345 3388 Deo
2392 3335 2687 3399 Abraham,
2722 3354 2741 3385 ι
2768 3335 2944 3389 adimo
2966 3335 3207 3404 apertius
3240 3335 3465 3388 demon-

1909 3432 2066 3488 strat,
2123 3433 2488 3479 commutatos
2515 3440 2638 3480 esse
2671 3427 2724 3479 in
2753 3424 2947 3479 fortem
3002 3431 3214 3480 uterum
3249 3424 3466 3494 religio-

237 3534 428 3574 sorum
478 3518 570 3574 Dei
631 3522 1034 3588 pr0pbetarum,
1071 3528 1382 3588 assumptos
1425 3519 1492 3573 de
1540 3518 1795 3588 gentibus
1830 3516 2087 3573 Ecclesia:
2131 3515 2336 3570 Christi
2388 3516 2689 3585 principes,
2714 3519 2808 3586 qui
2857 3516 3028 3571 etiam
3093 3517 3296 3572 virtute
3340 3515 3462 3569 Sal-

236 3612 445 3665 vatoris
494 3611 665 3665 nostri
721 3610 1077 3677 corroborati,
1121 3612 1176 3666 in
1220 3612 1453 3667 sublime
1500 3610 1791 3664 admodum
1822 3608 1994 3664 evecti
2018 3616 2165 3670 sunt,
2192 3605 2390 3675 quippe
2441 3620 2580 3674 quos
2634 3621 2796 3660 nemo
2849 3620 2917 3659 ex
2948 3604 3199 3660 omnibus
3231 3603 3463 3659 homini-

238 3705 341 3758 bus
368 3705 604 3774 dejicere
632 3712 725 3758 aut
766 3712 1107 3773 prosternere
1153 3705 1410 3775 potuerit,
1435 3705 1665 3768 obeam,
1696 3705 1787 3774 qui
1823 3702 1971 3773 ipsos
2026 3700 2257 3759 extollit.
2286 3699 2562 3769 fortesque
2614 3698 2766 3764 facit,
2818 3697 3016 3752 summi
3045 3695 3140 3751 Dei
3191 3696 3458 3751 dextram.

235 3798 395 3868 261
426 3797 688 3851 (laterum
728 3796 845 3852 haec
881 3798 1057 3866 majus
1091 3798 1258 3852 otium
1297 3798 1461 3860 nacti,
1491 3796 1791 3852 absolutius
1823 3791 2117 3863 aliquando
2144 3790 2542 3873 enarrabimus.

759 3909 1150 3965 ΚΕΦΔΛΑΙΟΝ
1197 3910 1272 3963 T'.

246 4022 377 4077 Ἀπὸ
414 4023 656 4093 ψαλμοῦ
689 4028 801 4093 μθ⁹.
841 4055 908 4064 —-
942 4023 1033 4089 Ὠς
1069 4019 1342 4093 ἐμφανῶς
1381 4019 1554 4093 ἥξειν
1651 4017 1795 4093 Θερς

302 4098 392 4162 εἰς
414 4086 760 4162 [ir-013cbequ
800 4086 1052 4161 λέγεται,
1079 4086 1174 4144 καὶ
1216 4090 1337 4144 πᾶν
1373 4089 1546 4163 γένος
1577 4086 1795 4157 ἀνθρώ-

302 4181 435 4219 πων
468 4166 615 4231 πρὸς
643 4164 856 4217 ἑαυτὸν
885 4163 1391 4216 ἀνακαλέσασθαι.

305 4300 326 4332 ι
362 4279 495 4341 Θεὸς
523 4276 656 4330 θεῶν
688 4279 887 4347 Κύριος
915 4276 1162 4345 ἐλάλησε,
1201 4274 1294 4328 καὶ
1326 4272 1547 4326 ἐκάλεσε
1575 4270 1669 4341 τὴν
1692 4270 1794 4341 γῆν

230 4372 340 4427 ἀπὸ
367 4368 641 4423 ἀνατολῶν
674 4368 823 4439 ἡλίου
864 4367 956 4421 καὶ
989 4367 1149 4439 μέχρι
1187 4364 1424 4435 δυσμῶν.
1469 4364 1561 4416 Ἐκ
1590 4360 1725 4415 Σιὼν
1756 4362 1789 4431 ἡ

2495 3897 2722 3955 CAPUT
2776 3896 2859 3950 Ill.

1900 4017 1941 4070 Α
1977 4016 2178 4083 psalmo
2202 4030 2348 4068 xmx.
2383 4042 2451 4054 —-
2489 4011 2640 4078 Quod
2664 4010 2939 4079 manifeste
2972 4008 3041 4062 ad
3066 4009 3298 4083 homines
3334 4023 3458 4083 ven:

1973 4076 2118 4139 turus
2152 4085 2348 4136 dicitur
2381 4076 2551 4145 Deus,
2582 4092 2629 4135 et
2668 4076 2817 4134 omne
2867 4095 3027 4149 genus
3074 4079 3339 4132 hominum
3389 4076 3457 4129 ad

1970 4158 2198 4225 scipsum
2238 4163 2591 4207 revocaturus.

1972 4283 1991 4315 ι
2034 4264 2176 4320 Deus
2205 4265 2426 4319 deorum
2457 4262 2716 4317 Dominus
2762 4262 2977 4317 locutus
3022 4267 3125 4321 est.
3160 4265 3212 4313 et
3246 4258 3458 4313 vocavit

1897 4363 2097 4411 terram
2133 4370 2163 4407 a
2195 4355 2326 4409 solis
2372 4363 2495 4409 ortu
2548 4368 2717 4422 usque
2748 4356 2812 4404 ad
2856 4365 3131 4407 occasum.
3192 4348 3271 4403 Ex
3326 4348 3456 4404 Sion

228 4461 531 4533 εὐπρέπεια
562 4460 659 4530 τῆς
693 4458 1015 4530 ὼραιότητος
1053 4456 1235 4511 αὑτοῦ.
1282 4457 1341 4508 '0
1370 4454 1501 4518 Θεὸς
1538 4452 1792 4524 ἐμφανῶς

1913 4447 2107 4517 species
2139 4446 2354 4500 decoris
2386 4445 2506 4513 ejus
2538 4464 2549 4499 :
2595 4445 2735 4498 Deus
2767 4442 3054 4497 manifeste
3080 4442 3280 4504 veniet,
3316 4440 3456 4497 Deus

230 4556 373 4626 ἣξει,
404 4553 433 4604 ὁ
473 4552 602 4615 Θεὸς
644 4550 820 4622 ἡμῶν,
856 4550 950 4603 καὶ⁸
981 4550 1041 4602 οὐ
1082 4548 1583 4619 παρασιωπήσεται.
1621 4565 1640 4597 ι
1681 4546 1792 4598 Καὶ

227 4647 350 4716 μεθ’
410 4645 599 4717 ἕτερα·
634 4662 654 4694 ι
690 4643 969 4703 ¹Ἄκουσον,
1017 4640 1167 4711 φησὶ,
1206 4638 1331 4701 λαός
1374 4655 1495 4708 μου,
1551 4636 1644 4690 καὶ
1693 4636 1788 4688 λα-

229 4740 380 4810 λήσω
412 4754 514 4801 σοι,
553 4733 785 4806 Ἰσραὴλ,
817 4732 910 4786 καὶ
953 4729 1393 4803 διαμαρτύρομαι
1426 4745 1527 4780 σοι.
1576 4725 1635 4781 '0
1660 4726 1791 4790 Θεὸς

228 4834 258 4883 ό
296 4830 434 4892 Θεός
482 4845 571 4881 σου
624 4827 739 4896 εἰμὶ
792 4825 920 4894 ἐγώ.
982 4826 1097 4877 Οὐκ
1146 4823 1235 4875 ἐπὶ
1286 4823 1404 4885 ταῖς
1434 4820 1646 4882 θυσίαις
1694 4834 1787 4871 σου

223 4921 433 4989 ἐλέγξω
455 4937 533 4973 σε.
558 4919 639 4972 Τὰ
663 4919 720 4972 δὲ
745 4912 1162 4985 ὁλοκαυτώματα
1182 4929 1273 4965 σου
1306 4910 1531 4964 ἐνώπιόν
1562 4927 1659 4981 μου
1685 4908 1790 4962 εἰσὶ

222 5013 312 5068 διὰ
345 5011 564 5075 παντός.
616 5010 692 5064 Ού
731 5008 948 5078 δέξομαι
978 5009 1041 5058 ὲκ
1083 5005 1177 5058 τοῦ
1211 5004 1359 5056 οἴκου
1408 5019 1500 5055 σου
1535 5001 1787 5071 μόσχους,

221 5103 345 5157 οὐδὲ
385 5103 450 5155 ἐκ
486 5100 592 5154 τῶν
636 5099 899 5171 ποιμνίων
951 5114 1040 5149 σου
1082 5096 1368 5167 χιμάρους,
1407 5094 1487 5145 ὅτι
1522 5092 1630 5161 ὲμόι
1672 5093 1787 5144 ἐστι

220 5198 401 5250 πάντα
433 5193 499 5247 τὰ
530 5192 691 5266 θηρία
736 5190 829 5247 τοῦ
876 5188 1100 5261 δρυμοῦ,
1152 5189 1320 5259 κτήνη
1372 5188 1430 5238 ὲν
1473 5187 1584 5247 τοῖς
1615 5184 1783 5255 ὄρεσι,

215 5287 314 5341 καὶ
362 5285 511 5355 βόες·
546 5285 759 5353 ἔγνωκα
806 5283 979 5337 πάντα
1022 5280 1089 5333 τα
1140 5278 1356 5333 πετεινὰ
1400 5277 1491 5329 τοῦ
1533 5274 1784 5346 ούρανοῦ,

218 5378 314 5429 καὶ
344 5374 609 5445 ὠραιότης
638 5371 808 5445 ἀγροῦ
842 5371 953 5443 μετ’
983 5369 1116 5441 ἐμοῦ
1146 5372 1312 5423 ἐστιν.
1363 5367 1488 5420 Ἐὰν
1522 5365 1780 5427 πεινάσω,

214 5469 273 5520 ὡ
309 5469 387 5538 μή
420 5483 497 5519 σοι
528 5467 665 5519 εἴπω
687 5483 700 5495 ·
732 5464 838 5536 ὲμὴ
865 5464 972 5535 γάρ
1000 5464 1145 5515 ἐστιν
1180 5464 1213 5532 ἡ
1241 5459 1551 5530 οἰκουμένη,
1592 5457 1684 5510 καὶ
1721 5458 1782 5509 τὸ

216 5562 493 5630 πλήρωμα
527 5555 710 5628 αὐτῆς.
747 5555 836 5628 Μὴ
860 5557 1100 5626 φάγομαι
1132 5553 1270 5626 κρέα
1301 5552 1535 5623 ταύρων,
1567 5550 1599 5620 ἢ
1641 5544 1781 5620 αἷμα

1896 4547 2102 4602 noster,
2132 4545 2187 4591 et
2216 4551 2321 4591 non
2351 4537 2532 4592 silebit
2564 4536 2631 4588 ³ο.
2672 4555 2690 4587 ι
2728 4535 2791 4588 Ει
2821 4542 2941 4604 post
2994 4534 3254 4588 nonnulla
3295 4534 3399 4588 alia
3437 4551 3450 4586 :

1902 4649 1920 4681 ι
1950 4629 2108 4691 Audi,
2141 4629 2334 4698 inquit,
2355 4629 2586 4698 populus
2611 4642 2782 4689 meus,
2815 4636 2869 4681 et
2899 4627 3092 4696 loquar
3125 4625 3244 4686 tibi,
3264 4623 3452 4687 Israel,

1896 4729 1948 4777 et
1986 4721 2319 4777 testificabor
2351 4719 2467 4783 tibi,
2502 4718 2642 4775 Deus
2675 4718 2815 4773 Deus
2848 4728 2972 4772 tuus
3003 4732 3123 4771 sum
3177 4730 3298 4785 ego.
3332 4713 3450 4767 Non

1896 4814 1951 4867 in
1986 4812 2269 4867 sacrificiis
2300 4811 2407 4865 tuis
2434 4825 2655 4879 arguam
2684 4817 2737 4863 te
2770 4826 2782 4862 :
2820 4808 3136 4862 holocausta
3165 4812 3450 4859 autemtua

1897 4907 1952 4960 in
1981 4911 2274 4974 conspectu
2308 4918 2426 4956 meo
2476 4914 2603 4957 sunt.
2636 4917 2867 4971 semper.
2924 4898 3043 4952 Non
3095 4896 3358 4966 accipiam
3383 4896 3452 4950 de

1894 4996 2058 5061 domo.
2080 5005 2171 5049 tua
2202 4996 2402 5050 vitulos
2438 5034 2453 5058 ,
2503 5008 2679 5063 neque
2713 4993 2765 5044 in
2795 4990 3047 5061 gregibus
3089 4986 3198 5041 tuis
3245 4985 3448 5047 hircos,

1891 5088 2146 5159 quoniam
2182 5101 2313 5142 mea:
2343 5094 2471 5139 sunt
2497 5100 2686 5139 omnes
2717 5082 2842 5137 ferae
2880 5082 3174 5152 sylvarum,
3200 5076 3450 5145 jumenta

1891 5179 1948 5232 in
1996 5179 2303 5242 montibus,
2336 5189 2389 5233 et
2423 5178 2640 5231 boves:
2703 5174 2934 5244 cognovi
2980 5169 3160 5224 omnia
3208 5168 3448 5221 volatilia

1891 5271 2037 5335 caali,
2069 5280 2123 5326 et
2153 5271 2503 5340 pulchritudo
2535 5270 2650 5340 agri
2680 5279 2891 5321 mecum
2930 5270 3033 5318 est.
3071 5260 3127 5314 Si
3179 5260 3448 5324 esuriero,

1892 5378 2001 5417 non
2022 5363 2201 5417 dicam
2232 5363 2363 5429 tibi;
2396 5377 2549 5417 meus
2568 5371 2650 5416 est
2680 5358 2825 5415 enim
2858 5355 3009 5411 orbis
3039 5362 3219 5417 terrae,
3252 5362 3305 5407 et
3337 5352 3452 5420 ple-

1888 5452 2080 5508 nitudo
2100 5454 2239 5523 ejus.
2271 5450 2542 5520 Numquid
2558 5443 2897 5502 manducabo
2926 5458 3118 5499 carnes
3131 5449 3410 5494 taurorum
3427 5439 3453 5493 ‘I

1886 5552 1981 5600 aut
2011 5546 2327 5615 sanguinem
2366 5543 2639 5597 hircorum
2670 5536 2874 5610 potabo
2905 5534 2930 5591 τ
2967 5534 3185 5589 immola
3212 5531 3322 5587 Deo
3361 5547 3451 5585 sa.

289 5716 333 5747 "
370 5714 567 5778 Ephes.
622 5730 706 5777 tv,
738 5712 824 5768 10.
900 5710 947 5743 ⁸⁸
972 5708 1115 5766 Psal.
1148 5726 1303 5771 χχιιι,
1345 5710 1461 5764 7-9.
1542 5710 1582 5740 ¹⁹
1618 5706 1806 5762 Psal.c

1926 5703 1982 5767 2,
2013 5703 2065 5757 5.
2140 5700 2185 5733 ³⁸
2209 5697 2353 5753 Psal.
2378 5713 2525 5763 xux,
2570 5696 2685 5753 1-5.
