3916 6200
427 271 534 329 M9

1080 262 1350 321 EUSEBII
1379 259 1860 320 CIESARIENSIS
1901 261 2049 320 OPP.
2083 261 2262 318 PARS
2299 257 2363 317 11.
2400 293 2468 304 --
2501 262 2995 319 APOLOGETICA.

3556 265 3665 321 620

429 363 695 422 oriﬁcium
721 357 919 422 laudis,
953 361 1010 411 et
1035 359 1201 410 redde
1223 355 1508 411 Altissimo
1535 364 1662 411 vota
1698 365 1810 420 tua,
1833 366 1886 412 et
1917 358 1993 410 in-

2107 353 2310 424 τράγων
2337 353 2528 424 πίομαι
2552 370 2566 419 ;
2595 353 2767 407 Θῦσον
2791 354 2869 425 τῷ
2897 353 3014 426 Θεῷ
3041 351 3230 410 θυσίαν
3260 355 3539 422 αἰνέσεως,
3572 359 3662 411 καὶ

430 473 565 512 voca
599 469 686 508 me
720 454 773 506 in
816 449 902 504 die
929 445 1302 504 tribulationis
1328 447 1394 501 ¹¹.
1422 467 1448 500 s
1485 446 1662 501 Etiam
1714 447 1818 503 hoc
1871 448 1990 503 loco

427 546 610 601 divina
661 540 938 612 praedictio
969 539 1125 610 plane
1157 537 1325 594 Deum
1355 537 1643 594 manifeste
1699 546 1991 594 venturum

427 640 594 702 canit,
625 649 748 705 qua:
793 632 1014 702 quidem
1045 646 1155 685 non
1189 631 1358 686 alium
1389 670 1406 695 ,
1455 645 1620 700 quam
1675 630 1852 699 ipsum
1897 629 1995 686 Dei

428 726 665 782 Verbum
699 723 990 794 signiﬁcat.
1015 721 1164 776 illius
1193 735 1323 776 vero
1354 719 1618 775 adventus
1633 735 1854 774 causam
1874 734 1992 773 ma-

428 814 780 872 nifestissime
807 811 1032 876 indicat,
1059 824 1124 864 ac
1152 809 1394 880 gentium
1418 824 1634 870 rursus,
1658 823 1776 880 quae
1797 808 1852 862 in
1882 815 1993 862 tota

430 919 573 963 terra
609 907 986 968 continentur,
1037 901 1380 956 vocationem
1426 899 1662 954 futuram
1689 901 1994 956 denuntiat.

429 1003 619 1070 Itaque
657 1017 676 1050 ι
721 996 966 1059 Vocavit,
1000 995 1196 1064 inquit,
1230 1003 1451 1059 terram,
1490 993 1558 1047 ab
1590 1001 1711 1048 ortu
1743 993 1873 1048 solis
1901 1008 1996 1048 us-

429 1108 534 1162 que
560 1091 626 1145 ad
647 1103 923 1144 occasum.
951 1107 970 1139 ι
999 1086 1134 1142 Miro
1160 1093 1341 1139 autem
1375 1084 1610 1154 quodam
1640 1084 1851 1148 ordine,
1874 1092 1996 1154 post

429 1187 717 1240 adventum
749 1182 897 1235 illius
918 1219 932 1243 ,
964 1187 1017 1234 et
1043 1187 1169 1248 post
1211 1177 1454 1247 gentium
1479 1175 1839 1239 vocationem,
1875 1175 1999 1245 reji-

430 1276 681 1331 ciendam
721 1289 840 1328 esse
873 1280 1107 1327 veterem
1156 1269 1302 1322 illam
1349 1266 1568 1338 corpori
1597 1265 1771 1336 magis
1818 1267 1997 1321 inser-

430 1368 689 1430 vientem,
712 1380 874 1434 quam
901 1361 1136 1432 spiritui,
1158 1376 1222 1414 ex
1259 1359 1374 1429 lege
1405 1359 1600 1430 Moysis
1626 1358 1996 1412 adorationem

432 1460 612 1519 docet,
637 1473 758 1527 qua:
802 1456 918 1524 ipsa
948 1468 1165 1522 quoque
1213 1465 1372 1505 suum
1403 1450 1629 1519 contigit
1661 1448 1842 1514 finem,
1875 1455 1998 1519 post

433 1548 528 1604 Dei
553 1546 716 1601 Verbi
755 1545 819 1599 ad
854 1545 1101 1600 homines
1159 1541 1475 1595 adventum.
1519 1540 1600 1594 Ex
1635 1540 1728 1594 illo
1759 1541 1903 1595 enim
1930 1539 1998 1594 ad

434 1637 580 1692 hunc
612 1651 784 1704 usque
838 1633 982 1688 diem
1040 1630 1216 1685 vocati
1236 1630 1349 1700 jam
1384 1637 1511 1686 sunt
1554 1645 1744 1686 omnes
1790 1630 1857 1686 de
1885 1639 1998 1686 toto

432 1732 564 1786 orbe
597 1739 864 1784 terrarum
916 1725 1162 1780 homines
1189 1764 1206 1789 ,
1252 1737 1550 1792 omnesque
1584 1714 1653 1778 ab
1693 1731 1818 1777 ortu
1867 1723 1998 1779 solis

435 1839 608 1893 usque
639 1822 706 1876 ad
731 1835 985 1876 occasum
1015 1829 1220 1888 gentes.
1280 1815 1530 1871 Cessavit
1563 1823 1766 1883 autem,
1815 1817 1999 1871 subla-

434 1929 632 1987 tusque
683 1921 767 1969 est
820 1911 1128 1966 Iudaeorum
1160 1909 1297 1963 ritus
1327 1947 1343 1973 ,
1391 1908 1484 1962 ubi
1533 1923 1600 1963 ex
1629 1906 1778 1962 Novo
1835 1909 1996 1979 262

433 2005 756 2075 evangelica:
801 1999 1205 2072 praedicationis
1253 1997 1639 2062 Testamento,
1677 2013 1785 2052 non
1815 2008 1997 2054 autem

432 2113 499 2155 ex
515 2098 630 2167 lege
648 2096 864 2166 Moysis,
888 2108 1078 2148 omnes
1109 2092 1356 2147 homines
1379 2090 1549 2146 Deum
1577 2091 1778 2155 colere,
1803 2100 1998 2146 etcum

433 2191 632 2261 pietate
671 2189 852 2244 vivere
884 2185 1149 2240 admoniti
1197 2184 1488 2255 edoctique
1557 2191 1706 2239 sunt.
1743 2185 1999 2239 Attamen

432 2281 622 2340 eadem
652 2281 767 2336 ιιωο
794 2279 862 2335 ad
895 2278 1196 2336 secundum
1239 2277 1654 2348 gloriosumque
1704 2274 2000 2332 Salvatoris

433 2377 749 2440 adventum,
769 2374 959 2430 referri
990 2373 1120 2428 item
1149 2385 1400 2442 possunt.

1039 2483 1268 2540 CAPUT
1306 2483 1393 2540 IV.

437 2603 477 2658 Α
525 2601 730 2672 psalmo
755 2615 1077 2672 Lxxxr.i_._—_—
1100 2595 1536 2672 Quodvidendus
1561 2597 1614 2672 in
1635 2604 1775 2649 terra
1805 2594 2002 2649 dicere-

506 2666 592 2727 tur
619 2671 780 2737 Deus,
814 2685 904 2738 per
932 2667 1132 2722 Christi
1157 2668 1225 2720 ad
1255 2667 1488 2720 homines
1523 2666 1824 2720 adventum.

512 2867 532 2903 ι
583 2847 865 2903 Videbitur
887 2847 1029 2901 Deus
1063 2847 1290 2902 deorum
1321 2848 1377 2902 in
1401 2845 1554 2901 Sion.
1587 2845 1814 2900 Domine
1857 2845 2000 2902 Deus

434 2942 721 3005 virtutum,
747 2939 942 2995 exaudi
963 2939 1265 2993 orationem
1285 2953 1483 3002 meam,
1503 2938 1728 2993 auribus
1760 2939 1996 3008 percipe,

439 3032 582 3088 Deus
603 3031 789 3086 Jacob.
818 3029 1099 3086 Protector
1130 3038 1316 3084 noster
1343 3029 1543 3098 aspice,
1585 3026 1748 3093 Deus,
1787 3029 1999 3098 respice

2097 445 2292 508 ἀπόδος
2327 444 2406 516 τῷ
2447 445 2680 516 ’Υψίστῳ
2722 444 2821 508 τὰς
2867 445 3032 516 εὐχάς
3082 461 3195 510 σου,
3224 449 3317 501 xal.
3347 443 3668 504 ὲπικάλεσαῐ

2096 555 2164 608 με
2188 540 2245 590 έν
2287 537 2466 609 ἡμέρα
2491 537 2737 607 θλίψεως.
2771 555 2791 589 ι
2827 536 3119 592 Κάνταῦθα
3150 541 3183 608 ἡ
3211 535 3331 593 θεία
3362 542 3667 613 πρόρρησις

2095 629 2282 698 σαφῶς
2326 629 2457 682 Θεὸν
2500 628 2756 699 ἐμφανῶς
2795 628 2945 700 ἥξειν
2988 627 3253 694 θεσπίζει,
3297 632 3397 684 οὐκ
3441 633 3665 706 ἄλλονῆ

2092 722 2183 776 τὸν
2209 722 2301 776 τοῦ
2344 721 2480 776 Θεοῦ
2513 722 2682 790 Λόγον
2724 722 2976 792 δηλοῦσα.
3021 724 3131 776 Καὶ
3171 723 3232 776 τὸ
3268 724 3438 778 αἴτιον
3476 725 3532 778 δὲ
3561 724 3666 796 τῆς

2095 812 2393 884 παρουσίας
2425 809 2602 865 αὐτοῦ·
2633 809 2944 880 σαφέστατα
2986 809 3334 881 παρίστησιν,
3376 806 3530 874 αὖθις
3563 810 3667 880 τὴν

2094 904 2284 975 κλῆσιν
2333 901 2668 974 σημαίνουσα
2711 900 2819 953 τῶν
2869 899 2990 954 καθ’
3038 899 3166 971 ὅλης
3209 901 3308 970 τῆς
3343 900 3672 972 οἰκουμένης

2096 997 2285 1052 ὲθνῶν·
2329 1016 2348 1048 ι
2406 996 2661 1050 Ἐκάλεσε
2716 993 2866 1064 γοῦν,
2923 995 3078 1065 φησι,
3112 993 3210 1065 τὴν
3249 995 3351 1064 γῆν
3405 994 3515 1046 άπὸ
3542 993 3678 1046 ἀνα-ι

2094 1085 2262 1140 τολῶν
2289 1085 2438 1157 ἡλίου
2467 1085 2562 1139 καί
2596 1084 2755 1156 μέχρι
2785 1083 3022 1154 δυσμῶν.
3055 1102 3072 1134 ι
3111 1083 3322 1154 Σφόδρα
3360 1081 3417 1135 δὲ
3448 1082 3678 1136 ἀκολού-⁸

2097 1176 2204 1241 θως
2233 1176 2374 1247 μετὰ
2398 1177 2495 1247 τὴν
2539 1176 2861 1245 ἐπιφάνειαν
2894 1173 3080 1240 αὑτοῦ,
3107 1175 3201 1228 καὶ
3241 1175 3378 1244 μετὰ
3411 1173 3512 1245 τὴν
3540 1174 3676 1245 κλῆ-

2100 1285 2182 1321 σιν
2217 1267 2324 1321 τῶν
2356 1268 2522 1322 ὲθνῶν
2547 1308 2562 1333 ,
2596 1269 2697 1338 τὴν
2737 1269 3065 1340 παραίτησιν
3102 1268 3204 1338 τῆς
3241 1268 3381 1322 κατὰ
3419 1268 3512 1320 τὸν
3537 1269 3678 1322 Μω-

2100 1361 2235 1425 σέως
2260 1363 2421 1432 νόμον
2465 1361 2922 1433 σωματικωτέρας
2950 1360 3199 1432 λατρείας
3228 1360 3489 1424 διδάσκει,
3513 1362 3548 1432 ἢ
3580 1363 3682 1414 καὶ

2097 1453 2232 1524 αὑτὴ
2256 1453 2441 1516 τέλους
2467 1451 2623 1522 ἔτυχε
2653 1451 2789 1522 μετὰ
2827 1450 2922 1522 τὴν
2943 1450 3036 1503 τοῦ
3064 1450 3196 1503 Θεοῦ
3222 1451 3393 1518 Λόγου
3425 1453 3506 1515 εἰς
3541 1452 3685 1505 πάν-

2096 1561 2198 1608 τας
2225 1543 2542 1616 ἀνθρώπους
2568 1544 2909 1613 ὲπιφάνειαν.
2955 1543 3042 1610 Ἐξ
3074 1543 3278 1596 ἐκείνου
3315 1543 3420 1615 γάρ
3455 1561 3540 1597 τοι
3579 1545 3682 1598 καὶ

2099 1639 2178 1700 εἰς
2208 1637 2365 1709 δεῦρο
2412 1636 2701 1708 κέκληνται
2737 1636 2836 1708 μὲν
2875 1635 3074 1699 πάντες
3117 1637 3166 1688 οἱ
3208 1635 3301 1688 ἐπὶ
3351 1636 3536 1706 πάσης
3576 1636 3675 1706 τῆς

2030 1775 2070 1830 Β
2098 1731 2420 1802 οἰκουμένης
2463 1730 2758 1801 ἄνθρωποι,
2799 1726 2894 1783 καὶ
2935 1727 3112 1782 πάντα
3153 1727 3222 1782 τὰ
3259 1729 3366 1782 ἀπὸ
3399 1727 3681 1782 ἀνατολῶν

2099 1823 2195 1876 καὶ⁴
2228 1824 2388 1896 μέχρι
2410 1823 2626 1894 δυσμῶν
2661 1823 2808 1895 ἔθνη.
2842 1825 3126 1880 Πέπαυται
3155 1824 3211 1877 δὲ
3242 1823 3337 1876 καὶ
3368 1821 3678 1892 καθῄρηται

2100 1917 2134 1986 ὴ
2166 1913 2307 1968 κατὰ
2343 1913 2622 1978 Ἰουδαίους
2655 1913 2937 1986 θρησκεία,
2965 1916 3107 1970 κατὰ
3133 1915 3232 1986 τὴν
3264 1913 3455 1984 καινὴν
3480 1911 3614 1974 ᾼιαθ
3626 1913 3688 1984 ῆ-

2100 2026 2203 2079 κην
2232 2007 2324 2061 τοῦ
2355 2007 2704 2076 εὐαΠελικοῦ
2735 2009 3108 2080 κηρύγματος,
3150 2007 3262 2060 ἀλλ’
3303 2007 3362 2059 οὐ
3399 2005 3557 2060 Κατὰ
3581 2005 3684 2058 τὸν

2098 2101 2340 2165 Μωσέως
2373 2101 2558 2171 νόμον,
2615 2101 2831 2155 πάντων
2854 2101 3154 2173 ἀνθρώπων
3182 2097 3423 2152 εὐσεϐεῖν
3448 2115 3680 2170 παρηγ-

2098 2191 2393 2262 γελμένων.
2429 2189 2613 2243 Ταῦτα
2644 2189 2700 2242 δὲ
2746 2191 2841 2244 καὶ
2889 2191 2981 2243 ἐπὶ
3023 2189 3122 2262 τὴν
3162 2188 3417 2259 δευτέραν
3448 2189 3545 2242 καὶ
3585 2187 3682 2241 έν-

2098 2283 2246 2347 δοξον
2277 2281 2595 2352 ἐπιφάνειαν
2622 2281 2717 2336 τοῦ
2749 2282 2999 2356 Σωτῆρος
3028 2281 3352 2353 ἀναφέροιτο
3377 2281 3456 2336 ἄν.

2641 2481 3032 2535 ΚΕΦΑΛΑΙΟΝ
3058 2482 3132 2536 Δθ.

2112 2591 2270 2677 iing
2291 2595 2537 2677 ψαλμοῦ
2567 2595 2918 2677 δεῖξαι-η’ος
2953 2595 3211 2677 ἐπὶ-’τῆς
3241 2595 3682 2677 όὲςθήσερνθριῤ

2171 2663 2312 2728 Θεὸς
2350 2665 2583 2737 λέγεται
2624 2663 2722 2720 διὰ
2747 2663 2853 2734 τῆς
2892 2667 3000 2721 τοῦ
3041 2663 3300 2736 Χρισωῦ
3337 2669 3424 2733 είς
3449 2667 3681 2737 ἀνθρώ-

2169 2750 2320 2799 πους
2351 2735 2719 2804 ἐπιφανείας.

2175 2865 2191 2895 ι
2240 2847 2563 2919 Ὀφθήσεται
2599 2851 2629 2902 ὁ
2673 2849 2804 2914 Θεὸς
2838 2850 2947 2904 τῶν
2987 2850 3124 2906 θεῶν
3151 2855 3208 2906 ὲν
3251 2852 3409 2908 Σιών.
3441 2855 3619 2927 Κύριε
3649 2858 3682 2910 ὁ

2097 2933 2228 2998 Θεὸς
2271 2937 2378 2988 τῶν
2413 2936 2713 3008 δυνάμεων,
2742 2941 3053 2995 εἰσάκουσον
3083 2943 3180 3013 τῆς
3211 2947 3515 3016 προσευχῆς
3548 2965 3680 3017 μου,

2099 3024 2370 3092 ὲνώτισαι,
2405 3030 2434 3080 ὁ
2458 3030 2590 3093 Θεὸς
2625 3029 2815 3086 Ἰακώὸ
2835 3049 2847 3062 °
2891 3033 3268 3104 ὑπερασπιστὰ
3313 3037 3344 3106 ἡ
3355 3037 3492 3106 μῶν,
3523 3038 3621 3100 [δε.
3647 3039 3684 3092 6

439 3125 494 3178 in
528 3123 719 3177 faciem
747 3123 949 3178 Christi
979 3123 1058 3176 tui
1085 3125 1150 3177 ".
1180 3142 1198 3174 ι
1239 3121 1534 3190 Postquam
1568 3119 1734 3175 Deum
1770 3120 1995 3176 deorum

2107 3117 2252 3183 Θεὸς,
2284 3121 2378 3173 καὶ
2425 3121 2714 3191 ἐπιϐλέψον
2745 3125 2836 3177 ἐπὶ
2866 3124 2928 3177 τὸ
2975 3127 3267 3196 πρόσωπον
3295 3127 3387 3181 τοῦ
3431 3129 3680 3200 Χριστοῦ

437 3215 729 3271 videndum
761 3215 1029 3285 praedixit,
1057 3223 1172 3270 tum
1219 3223 1341 3269 orat
1372 3215 1662 3269 adventum
1692 3215 1810 3285 ejus
1832 3229 1997 3284 quam

437 3309 722 3363 celerrime
749 3309 940 3364 adesse
960 3348 975 3373 ,
1037 3307 1258 3362 modum
1291 3322 1402 3377 quo
1429 3305 1696 3361 videndus
1739 3307 1811 3362 sit
1854 3306 1998 3361 inte-

441 3400 544 3454 rim
573 3399 777 3455 docens
817 3400 928 3454 illis
960 3400 1140 3456 verbis
1171 3418 1184 3454 :
1219 3421 1237 3451 ι
1273 3398 1503 3470 Respice
1535 3398 1590 3453 in
1621 3398 1816 3454 faciem
1840 3397 2003 3454 Chri-

439 3493 509 3547 sti
534 3493 634 3557 tui,
676 3512 695 3544 ι
724 3507 833 3546 non
875 3492 1032 3547 aliter
1061 3507 1223 3563 quam
1276 3493 1514 3563 planius,
1546 3492 1812 3547 dixisset:
1873 3489 2004 3545 Post

439 3584 630 3638 faciem
678 3582 882 3639 Christi
929 3584 1008 3638 tui
1059 3584 1238 3654 praebe
1268 3585 1498 3654 teipsum
1523 3584 1832 3638 videndum.
1866 3581 2002 3636 Pro-

439 3683 620 3746 pterea
641 3675 808 3741 enim,
842 3676 988 3746 quod
1019 3695 1037 3728 ‹
1077 3676 1170 3746 qui
1203 3675 1335 3730 vidit
1367 3674 1584 3742 Filium,
1621 3675 1756 3729 vidit
1787 3675 2001 3729 Patrem

438 3770 531 3840 qui
561 3769 709 3822 misit
735 3769 885 3822 illum
915 3768 1009 3824 “:
1075 3788 1094 3821 ι
1124 3768 1318 3822 merito
1369 3783 1467 3838 per
1521 3766 1713 3821 faciem
1774 3767 1999 3832 Christi,

439 3877 562 3916 eum
593 3862 688 3932 qui
716 3861 772 3916 in
792 3860 1015 3918 Christo
1029 3861 1254 3925 habitat,
1283 3859 1453 3915 Deum
1472 3858 1694 3914 deorum
1713 3858 2002 3914 videndum

439 3955 742 4011 denuntiat.

1055 4149 1285 4206 CAPUT
1326 4148 1390 4203 V.

441 4266 484 4319 Α
525 4263 731 4334 psalmo
761 4275 883 4318 xcv.
915 4292 986 4306 ——
1026 4263 1291 4318 Adventus
1342 4263 1554 4318 Domini
1600 4264 1653 4316 in
1686 4272 1878 4334 terram
1923 4276 2004 4315 re-

511 4331 788 4405 gnumque
819 4334 932 4402 ejus
982 4336 1117 4387 inter
1157 4344 1366 4405 gentes,
1413 4345 1461 4388 et
1495 4350 1682 4405 novum
1722 4331 2002 4388 Canticum

510 4403 613 4459 non
636 4405 734 4471 ipsi
763 4403 954 4468 Israel,
988 4406 1076 4458 sed
1101 4404 1338 4474 gentibus
1368 4403 1734 4461 exhibendum.

516 4605 536 4638 ι
557 4583 786 4640 Cantate
800 4583 1027 4639 Domino
1040 4584 1314 4639 canticum
1332 4599 1553 4648 novum,
1576 4591 1792 4640 cantate
1821 4583 2004 4640 Domi-

442 4693 536 4744 no,
559 4677 928 4747 omnis,terra,
949 4686 1165 4733 cantate
1196 4677 1449 4740 Domino,
1470 4677 1774 4734 benedicite
1793 4679 1999 4732 nomini

438 4774 583 4844 ejus,
612 4772 928 4826 annuntiate
989 4772 1056 4826 de
1113 4773 1200 4827 die
1253 4772 1306 4826 in
1362 4771 1506 4827 diem
1556 4773 1796 4827 salutare
1844 4772 1999 4841 ejus,

441 4865 764 4920 annuntiate
811 4865 955 4918 inter
1004 4871 1192 4934 gentes
1246 4865 1471 4934 gloriam
1503 4864 1654 4934 ejus,
1711 4865 1766 4918 in
1823 4863 2002 4919 omni-

439 4958 543 5012 bus
603 4955 816 5028 pupulis
877 4956 1146 5010 mirabilia
1209 4956 1388 5025 ejus:
1449 4956 1708 5027 quoniam
1766 4969 1998 5024 magnus

439 5052 598 5123 263
657 5051 920 5106 Dominus
967 5060 1020 5106 et
1063 5050 1348 5104 laudabilis
1378 5050 1564 5115 nimis,
1594 5049 1855 5104 terribilis
1914 5056 1999 5103 est

436 5159 600 5214 super
634 5159 824 5200 onmes
847 5142 986 5199 Deos
1024 5142 1090 5197 ".
1123 5161 1140 5194 ι
1164 5141 1228 5195 Et
1257 5155 1486 5196 rursus:
1537 5159 1557 5193 ι
1590 5141 1788 5196 Afferte
1815 5139 1998 5195 Domi-

440 5251 509 5289 no
532 5238 716 5305 patria:
747 5238 985 5306 gentium
1009 5237 1078 5290 ".
1115 5253 1134 5286 ι
1172 5234 1236 5287 Et
1256 5250 1449 5289 rursus
1483 5253 1497 5288 :
1530 5252 1549 5286 ι
1580 5233 1752 5289 Dicite
1780 5233 1835 5288 in
1868 5249 2000 5301 gen-

439 5327 582 5383 tibus
613 5328 756 5398 quod
812 5329 1074 5383 Dominus
1131 5327 1375 5398 regnavit
1413 5327 1479 5381 ²⁸.
1517 5346 1536 5379 ι
1568 5325 1650 5380 Ad
1695 5333 1997 5380 extremum

440 5435 566 5475 vero
591 5423 837 5491 adjungit
869 5440 881 5476 :
919 5441 938 5472 ι
981 5424 1134 5477 Tunc
1164 5421 1514 5477 exsultabunt
1537 5421 1719 5475 omnia
1743 5421 1885 5492 ligna
1909 5420 2002 5475 sil-

438 5519 621 5567 Varu'm
640 5527 670 5565 a
688 5512 824 5569 facie
845 5515 1078 5579 Domini,
1095 5513 1351 5584 quoniam
1371 5513 1552 5568 venit:
1576 5511 1832 5583 quoniam
1853 5512 2000 5568 venit

499 5667 544 5699 “
577 5665 718 5722 Psal.
747 5683 903 5729 χιιι.
925 5668 1073 5724 7-15.
1150 5669 1351 5726 “Psal.
1377 5685 1582 5735 Lxxxn,
1614 5668 1765 5724 8-10.
1842 5671 1888 5701 ’³
1915 5668 1998 5723 Jo:

2107 5687 2203 5735 xu,
2229 5672 2318 5726 45.

2100 3227 2212 3264 σου.
2240 3230 2259 3262 ι
2280 3213 2382 3266 Τὸν
2397 3212 2527 3266 Θεὸν
2550 3214 2656 3267 τῶν
2683 3215 2819 3268 θεῶν
2843 3216 3174 3288 ὀφθήσεσθαι
3195 3220 3490 3290 προειπὼν,
3518 3221 3682 3293 εὔχε-

2096 3321 2186 3359 ται
2215 3304 2313 3376 τὴν
2341 3306 2662 3375 ἐπιφάνειαν
2703 3307 2866 3362 αὐτοῦ
2994 3311 3157 3381 τάχος
3202 3313 3505 3385 ἐπιστῆναι,
3547 3317 3683 3371 καθ’

2096 3397 2156 3450 ὃν
2197 3397 2492 3469 ὀφθήσεται
2516 3399 2716 3470 τρόπον
2757 3400 3024 3456 διδάσκων
3062 3402 3148 3456 διὰ
3194 3403 3320 3458 τοῦθ
3359 3425 3378 3456 ε
3424 3408 3683 3462 Ἐπίόλε-

2098 3489 2196 3557 ψον
2226 3490 2318 3542 ἐπὶ
2357 3490 2417 3543 τὸ
2446 3491 2735 3562 πρόσωπον
2775 3493 2870 3546 τοῦ
2901 3495 3136 3564 Χριστοῦ
3179 3512 3271 3550 σου
3296 3515 3309 3525 ’
3352 3517 3369 3550 ι
3403 3498 3535 3552 ώσεί
3571 3517 3680 3554 σα·-

2100 3582 2357 3652 φέστερον
2412 3584 2650 3653 εἰρήκει·
2703 3584 2801 3637 Διὰ
2847 3584 2936 3638 τοῦ
2982 3586 3270 3658 προσώπου
3313 3589 3407 3643 τοῦ
3436 3591 3680 3662 Χριστοῦ

2103 3689 2196 3727 σου
2243 3675 2556 3746 ἐπιφάνηθι.
2611 3677 2763 3730 Ἐπεὶ
2834 3677 2932 3750 γὰρ
3005 3682 3036 3733 ὁ
3106 3682 3368 3754 ἑωρακὼς
3409 3684 3501 3737 τὸν
3538 3685 3681 3738 Υἱὸυ

2101 3764 2312 3837 ἑώρακε
2356 3766 2446 3819 τὸν
2494 3767 2714 3839 Πατέρα
2751 3769 2842 3824 τὸν
2889 3771 3179 3844 πέμψαντα
3227 3775 3409 3838 αὑτὸν,
3445 3777 3680 3843 εἰκότως

2101 3857 2188 3910 διὰ
2230 3857 2324 3910 τοῦ
2372 3858 2656 3930 προσώπου
2685 3861 2780 3914 τοῦ
2825 3864 3061 3934 Χριστοῦ
3100 3867 3524 3939 ὲπιφανήσεσθαι
3581 3870 3680 3923 τὸν

2103 3949 2164 4094 ἐξ
2203 3948 2281 4020 τῷ
2322 3949 2540 4021 Χριστῷ
2584 3953 2940 4008 κατοικοῦντα
2983 3956 3115 4010 Θεὸν
3163 3958 3272 4013 τῶν
3323 3959 3460 4015 θεῶν
3499 3963 3675 4032 ἐπαγ.

2103 4061 2137 4094 γ
2168 4042 2298 4094 λλει.

2103 4042 2298 4112 γέλλει.

2631 4157 3022 4215 ΚΕΦΑΛΑῙΟΝ
3065 4162 3140 4218 E'.

2115 4262 2246 4349 ἏθΞύ
2275 4268 2518 4349 ψαλμοῦ
2557 4274 2666 4349 με’.-
2697 4301 2782 4349 —_
2805 4274 3353 4349 IIagovglaAKvglov
3397 4277 3496 4333 ἐπὶ
3533 4279 3674 4349 γῆς,

2167 4337 2456 4410 garrulam
2495 4356 2557 4410 re
2583 4337 2795 4397 αὐτοῦ·
2823 4337 2922 4396 ἐπὶ
2961 4345 3077 4397 τῶν
3107 4337 3316 4410 ἐθνῶν,
3350 4337 3564 4402 καινόν
3596 4337 3678 4405 ’ἑὲ

2174 4401 2338 4490 ᾅοςμα
2377 4413 2449 4463 οὐ
2480 4409 2559 4475 τῷ
2613 4411 2880 4481 Ἰσραὴλ,
2921 4415 3081 4469 ἀλλὰ
3108 4416 3231 4482 τοῖς
3261 4401 3464 4473 ἔθνεσι
3497 4401 3680 4490 δοθηξ

2029 4463 2078 4522 D
2172 4463 2448 4546 ὸόξιενον.

2179 4610 2197 4642 ι
2239 4593 2436 4663 ¹’ᾼσατε
2459 4593 2535 4664 τῷ
2559 4597 2747 4668 Κυρίῳ
2769 4595 2920 4670 ᾆσμα
2949 4601 3154 4667 καινὸν,
3185 4601 3348 4673 ᾁσατε
3364 4603 3442 4674 τῷ
3457 4606 3674 4678 Κυρίῳ,

2103 4686 2305 4756 πᾶσαῆ
2335 4687 2427 4756 γῆ.
2464 4689 2663 4758 ’ᾼσατε
2692 4690 2770 4761 τῷ
2801 4692 3011 4763 Κυρίῳ,
3040 4693 3367 4764 εὐλογήσατε
3392 4697 3454 4749 τὸ
3500 4697 3673 4769 δνομα

2101 4776 2286 4831 αὑτοῦ.
2309 4778 2746 4847 Εὐαγγελίσασθε
2774 4782 2982 4854 ἡμέραν
3002 4785 3061 4849 ἐξ
3087 4786 3297 4858 ἡμέρας
3322 4787 3383 4841 τὸ
3405 4790 3676 4860 σωτήριον

2103 4869 2264 4922 αὑτοῦ
2291 4886 2304 4900 ο
2344 4871 2697 4939 ἀναγγείλατε
2727 4875 2784 4926 ὲν
2817 4878 2929 4938 τοῖς
2952 4877 3126 4930 ἔθνεσι
3153 4879 3252 4948 τὴν
3288 4877 3446 4943 δόξαν
3481 4881 3673 4946 αὐτοῦ,

2104 4961 2162 5014 ὲν
2202 4964 2332 5015 πᾶσι
2369 4967 2478 5026 τοῖς
2518 4963 2665 5027 λαοῖς
2695 4965 2765 5019 τὰ
2807 4966 3082 5038 θαυμάσια
3128 4971 3293 5024 αὐτοῦ
3319 4989 3332 5002 ο
3380 4974 3461 5026 ὅτι
3494 4975 3676 5044 μέγας

2104 5052 2306 5125 Κύριος
2334 5055 2426 5107 καὶ
2458 5057 2666 5120 αἰνετὸς
2688 5058 2910 5130 σφόδρα,
2941 5061 3164 5133 φοϐερός
3201 5067 3347 5117 ἐστιν
3379 5067 3518 5136 ὑπὲρ
3541 5069 3675 5122 πάν-

2103 5161 2201 5208 τας
2240 5148 2366 5210 τοὺς
2406 5147 2576 5211 θεούς.
2621 5168 2640 5201 ν
2683 5151 2793 5203 Καὶ
2831 5153 2989 5207 πάλιν
3015 5171 3029 5185 ο
3067 5174 3086 5206 ι
3136 5156 3420 5224 Ἐνέγκατε
3451 5158 3530 5229 τῷ
3563 5160 3673 5212 Κυ-

2108 5236 2206 5309 ρίῳ
2229 5239 2285 5290 αἰ
2313 5243 2538 5310 πατριαὶ
2559 5242 2664 5295 τῶν
2687 5243 2875 5298 ἐθνῶν.
2915 5265 2936 5297 s
2966 5247 3074 5300 Kal.
3100 5248 3258 5302 πάλιν
3277 5267 3290 5279 ο
3328 5269 3346 5300 ι
3378 5250 3584 5305 Εἴπατε
3614 5253 3670 5304 έν

2101 5331 2216 5393 τοῖς
2244 5330 2470 5394 ἔθνεσιν,
2509 5334 2590 5386 ὅτι
2622 5334 2822 5407 Κύριος
2860 5337 3196 5394 ὲΰασίλευσε.
3227 5360 3246 5392 ι
3292 5342 3400 5394 Καὶ
3447 5343 3540 5396 ἐπὶ
3569 5345 3674 5396 πᾶα

2106 5437 2190 5474 σιν
2222 5421 2500 5492 ἐπιλέγει·
2547 5445 2566 5476 ι
2602 5425 2735 5480 Τότε
2775 5429 3188 5497 ἀγαλλιάσονται
3221 5433 3396 5488 πάντα
3433 5437 3500 5489 τὰ
3545 5436 3676 5500 ξύλα

2103 5513 2195 5566 τοῦ
2228 5513 2454 5586 δρυμοῦ,
2491 5518 2597 5570 ἀπὸ
2629 5519 2918 5590 προσώπου
2943 5525 3167 5595 Κυρίου,
3209 5526 3288 5579 ὅτι
3311 5527 3532 5598 ἔρχεται
3552 5547 3567 5560 ·
3594 5533 3676 5584 ὅτι

2395 5673 2439 5704 ’⁸
2481 5672 2621 5730 Psal.
2661 5692 2777 5744 xcv,
2804 5679 2914 5734 1-4.
2991 5682 3184 5738 "ibid.
3219 5683 3270 5737 7.
3344 5685 3390 5716 ’⁸
3409 5685 3544 5742 ibid.
3587 5688 3672 5743 10·
