3866 6202
175 290 263 343 ﬁl

1051 290 1701 347 DEMONSTRATIONIS
1740 291 2195 350 EVANGELICE
2238 293 2366 350 LIB.
2405 293 2490 350 Vl.

3310 303 3414 356 49.2

166 409 273 477 ἥκει
300 409 483 476 κρῖναι
509 407 611 478 τὴν
634 407 759 477 γῆν.
787 408 975 479 Κρινεῖ
995 409 1092 481 τὴν
1113 410 1432 481 οἰκουμένην
1461 411 1518 461 ἐν
1538 409 1723 463 δικαιο·

1837 410 2088 480 judicare
2109 422 2331 466 terram.
2363 411 2637 467 ludicabit
2664 412 2852 468 orbem
2906 421 3068 469 terra:
3092 414 3145 469 in
3172 413 3411 485 iustitia,

166 496 307 567 σύνη,
341 499 440 550 καὶ
480 497 642 560 λαοὺς
684 500 741 550 ἐν
781 502 846 569 τῇ
883 499 1109 570 ἀληθείᾳ
1142 499 1326 554 αὑτοῦ.
1370 519 1387 549 ι
1444 499 1736 554 Κάνταῦθα

160 590 311 643 πάλιν
352 591 649 661 ἐρχόμενος
686 593 768 655 είς
808 592 1126 663 ἀνθρώπους
1163 592 1366 664 Κύριος
1424 592 1734 664 προφητεύ-

161 701 288 745 εται,
322 683 517 735 καινόν
539 701 599 736 τε
627 679 779 754 ᾆσμα
799 685 891 737 ἐπὶ
918 687 986 755 τῇ
1007 685 1277 756 παρουσίᾳ
1303 683 1465 737 αὑτοῦ
1484 684 1729 755 ᾷσεσθαι,

157 775 243 844 τὴν
272 775 494 845 Καινὴν
535 775 828 847 Διαθήκην,
867 777 929 828 ού
976 777 1037 829 τὸ
1079 777 1347 830 Ἰουδαίων
1397 775 1567 840 ἔθνος,
1601 776 1735 830 ἀλλά

158 866 326 916 πᾶσαν
379 864 478 935 τὴν
520 867 653 936 γῆνο
708 865 1260 936 εὑαγγελισθήσεσθαί
1306 883 1364 919 τε
1410 866 1595 920 οὐκέτι
1641 867 1735 920 τὸν

165 956 401 1027 Ἰσραὴλ,
452 956 589 1009 ἀλλὰ
641 958 818 1011 πάντα
864 956 932 1010 τά
985 957 1145 1027 ἐθνη’
1210 957 1507 1029 ἐπειδήπερ
1555 958 1732 1011 αὐτῶν

152 1049 371 1102 ἐσεσθαί
410 1067 547 1120 φησι
585 1049 808 1119 βασιλέα
846 1050 938 1103 τὸν
968 1051 1257 1121 ἐρχόμενον
1287 1050 1509 1122 Κύριον.
1547 1052 1641 1114 Τίς
1686 1051 1732 1104 δ’

154 1141 212 1194 ἂν
234 1141 319 1211 εῐη
360 1134 523 1203 οὗτος
549 1142 585 1211 ἢ
620 1143 649 1194 ὁ
691 1142 822 1204 Θεὸς
846 1143 1053 1208 Λόγοςς
1093 1142 1152 1204 ὃς
1184 1141 1389 1211 μέλλων
1420 1143 1731 1214 δικαιοσύνῃ

152 1233 239 1303 τὴν
266 1233 629 1303 οἰκουμένην,
659 1234 755 1286 καὶ
792 1233 1017 1304 ἀληθείᾳ
1049 1234 1147 1304 τὴν
1185 1233 1575 1304 ἀνθρωπότητα
1616 1234 1734 1303 κρί-

152 1340 250 1375 νειν
274 1323 473 1393 ὲξίσης
504 1323 752 1386 ἅπαντας
774 1325 899 1386 τοὺς
928 1323 1020 1375 ἐπὶ
1049 1323 1150 1393 τῆς
1177 1323 1504 1392 οἰκουμένης
1532 1321 1734 1393 ἀνθρώ-

156 1432 299 1477 πους,
340 1416 442 1485 τῆς
477 1414 644 1467 αὑτοῦ
683 1415 944 1485 κλήσεως,
986 1414 1079 1467 καὶ
1116 1414 1214 1484 τῆς
1247 1413 1337 1466 ἐπὶ
1380 1413 1551 1484 ταύτῃ
1586 1412 1733 1483 παρὰ

156 1508 229 1578 τῷ
259 1506 383 1575 Θεῷ
409 1506 686 1577 σωτηρίας
707 1503 1060 1575 κατηξίωσεν.

668 1658 1068 1756 ΚΕΦΑΛΑἲοΝ
1108 1704 1197 1769 ς’.

1836 510 1890 558 et
1910 504 2140 573 populos
2164 504 2219 558 in
2252 504 2481 557 veritate
2502 520 2599 558 sua
2626 506 2691 559 ’⁷.
2732 524 2751 557 ι
2780 503 2893 559 Hoc
2917 506 3042 559 item
3068 507 3187 563 loco
3220 515 3416 562 ventu-

1836 611 1931 649 rus
1964 595 2032 649 ad
2065 596 2311 650 homines
2345 597 2680 665 promittitur
2740 596 3002 652 Dominus
3023 637 3038 662 ,
3101 614 3412 670 novumque

1834 683 1891 738 in
1921 685 2209 740 adventum
2238 684 2360 754 ejus
2376 686 2681 745 canendum
2712 701 2834 740 esse
2862 687 3167 751 canticum,
3197 685 3408 742 Novum

1834 778 2088 833 videlicet
2117 776 2552 840 Testamentum,
2579 793 2687 831 non
2719 779 2787 831 ab
2814 794 2919 833 una
2950 777 3176 833 Judaica
3228 788 3408 850 gente,

1833 869 1928 924 sed
1959 869 2028 923 ab
2074 869 2223 922 omni
2256 876 2421 930 terra,
2444 866 2846 937 Evangelioque
2877 869 3257 923 illustrandum
3298 885 3408 924 non

1833 961 2066 1031 amplius
2095 960 2272 1029 ipsum
2321 958 2506 1023 Israel,
2541 959 2634 1013 sed
2676 974 2867 1013 omnes
2893 968 3083 1029 gentes
3112 979 3126 1015 :
3160 961 3408 1029 quando-

1832 1052 2049 1122 quidem
2082 1050 2199 1106 l‘ore
2230 1052 2473 1121 ipsorum
2506 1066 2685 1120 regem
2726 1051 2801 1103 ait
2833 1066 2955 1104 eum
2980 1089 2993 1112 ,
3030 1050 3121 1120 qui
3145 1060 3407 1106 venturus

1833 1144 1905 1198 sit
1942 1143 2228 1199 Dominus.
2261 1142 2397 1208 Quis
2425 1158 2588 1213 porro
2619 1143 2707 1196 hic
2741 1145 2810 1197 sit
2852 1144 3014 1205 alius,
3050 1158 3210 1213 quam
3263 1141 3407 1198 Deus

1832 1232 2121 1288 Verbum?
2182 1234 2273 1303 qui
2328 1234 2546 1302 justitia
2598 1233 2784 1286 orbem
2837 1241 3016 1297 terrai.
3065 1239 3120 1286 et
3176 1233 3406 1288 veritate

1833 1327 2219 1381 humanitatem
2247 1326 2592 1395 judicaturus
2612 1365 2627 1387 ,
2655 1340 2719 1379 ex
2755 1340 2913 1394 aequo
2944 1325 3203 1378 omnibus
3227 1325 3318 1394 qui
3348 1326 3402 1380 in

1832 1418 2017 1473 orbem
2047 1425 2205 1472 terra:
2233 1425 2416 1472 essent
2446 1416 2778 1477 hominibus,
2816 1417 3159 1470 vocationem
3219 1430 3398 1479 suam,

1832 1519 1883 1566 et
1908 1517 2030 1580 post
2063 1508 2402 1563 vocationem
2422 1549 2439 1577 ,
2486 1509 2716 1563 salutem
2748 1523 2777 1562 a
2810 1507 2921 1563 Deo
2985 1507 3402 1578 impertiendam

1831 1615 1953 1655 esse
1982 1598 2213 1668 putavit.

2434 1708 2664 1765 CAPUT
2703 1708 2792 1764 Vl.

174 1817 285 1897 ’Δξθ
328 1818 589 1897 ψαλμοῦ
623 1817 842 1897 tgnn—
861 1812 1059 1897 .3301“:
1115 1819 1343 1897 καινὸν,
1395 1815 1618 1897 puberi;-
1666 1834 1723 1897 τε

1833 1822 1873 1877 Α
1929 1823 2132 1893 psalmo
2173 1837 2347 1897 μονῇ.
2406 1851 2479 1897 τ
2530 1820 2807 1876 Canticum
2867 1838 3102 1897 nouum,
3144 1823 3402 1897 gentium-

227 1887 399 1941 ἐθνῶν
434 1887 549 1955 τῆς
582 1887 945 1954 τοῦΚιιρίου
965 1887 1373 1956 δικαιοσύνης,
1406 1888 1730 1956 ἑρχόμενός

233 1974 287 2011 te
313 1959 496 2024 αὐτὸς
533 1956 747 2025 κριτὴς
776 1956 894 2010 τῶν
919 1956 1096 2011 ὅλων.

241 2091 259 2124 ι
284 2075 474 2143 ’ᾼσατε
517 2073 600 2145 τῷ
635 2071 824 2143 Κυρίῳ
879 2065 1031 2141 ᾆσμα
1079 2071 1283 2134 καινὸν,
1319 2071 1401 2124 ὅτι
1445 2069 1728 2141 θαυμαστά

173 2168 394 2236 ἐποίησε,
415 2186 433 2218 ι
456 2165 641 2218 καὶτὰ
656 2164 803 2233 ἑξῆςο
831 2181 849 2215 ι
872 2162 1161 2233 Ἐγνώρισε
1178 2160 1450 2233 Κύριοςτὸ
1467 2164 1728 2233 σωτήριον

166 2258 330 2317 αὐτοῦ.
363 2257 616 2310 ἐναντίον
660 2256 878 2308 πάντων
925 2254 1031 2307 τῶν
1080 2252 1247 2307 ἐθνῶν
1287 2253 1599 2324 ἀπεκάλυψε
1630 2255 1727 2325 τὴν

162 2350 491 2419 δικαιοσύνην
549 2347 738 2401 αὑτοῦ.
770 2366 788 2397 ›
824 2346 933 2399 Καὶ
983 2345 1177 2399 πάλιν·
1223 2362 1246 2399 ι
1277 2345 1501 2398 Εἶδοσαν
1551 2345 1728 2398 πάντα

165 2443 219 2494 τὰ
237 2442 442 2512 πέρατα
464 2441 568 2509 τῆς
603 2440 704 2509 γῆς
725 2437 786 2491 τὸ
813 2438 1075 2508 σωτήριον
1099 2436 1194 2489 τοῦ
1222 2436 1355 2489 Θεοῦ
1382 2434 1560 2507 ἡμῶν.
1578 2436 1729 2489 ’Δλα-

163 2534 331 2600 λάξατε
376 2534 463 2604 τῷ
512 2531 707 2603 Κυρίῳ
737 2531 884 2583 πᾶσα
914 2531 948 2600 ἡ
975 2529 1068 2599 γῆ.
1094 2548 1113 2580 ι
1144 2530 1253 2583 Καὶ
1278 2529 1370 2581 ἐπὶ
1402 2529 1566 2581 πᾶσι·
1598 2547 1620 2580 ι
1646 2529 1726 2581 Τὰ

164 2626 244 2696 ὅρη
273 2624 701 2693 ἀγαλλιάσονται
742 2621 849 2675 ἀπὸ
877 2620 1164 2693 προσώπου
1201 2620 1422 2691 Κυρίου,
1453 2620 1534 2672 ὅτι
1571 2619 1725 2691 ἔρχε-

162 2734 254 2777 ται,
278 2720 354 2770 ὅτι
387 2717 525 2784 ἥκει
557 2717 743 2785 κρῖναι
784 2712 880 2784 τὴν
907 2713 1031 2783 γῆν.
1059 2713 1249 2781 Κρινεῖ
1273 2710 1371 2781 τὴν
1404 2710 1724 2781 οἰκουμένην

164 2810 209 2859 ὲν
239 2806 587 2880 δικαιοσύνῃ,
618 2806 711 2858 καὶ
738 2804 900 2868 λαοὺς
922 2805 977 2856 ἐν
1004 2802 1275 2872 εὐθύτητι.
1304 2821 1322 2853 ι
1353 2801 1569 2854 Πολλῶν
1590 2802 1725 2870 ἀγα-

162 2903 251 2955 θῶν
278 2904 430 2956 αἰτία
460 2902 560 2954 καὶ
591 2899 677 2953 διὰ
700 2897 903 2951 τούτων
923 2899 955 2968 ἡ
977 2896 1070 2949 τοῦ
1098 2894 1299 2967 Κυρίου
1325 2894 1592 2966 παρουσία
1613 2897 1723 2958 τοῖς

162 2996 316 3048 ἔθνεσι
349 2992 687 3063 γεγενῆσθαι
718 2990 1113 3063 προφητεύεται
1133 3007 1145 3018 ·
1174 2989 1209 3042 ἀ
1233 2990 1326 3042 καὶ
1358 2988 1443 3041 διὰ
1474 2989 1571 3058 τῆς
1603 2990 1722 3041 ἐπι-

1899 1892 1995 1964 que
2025 1894 2260 1975 cognitio
2279 1893 2526 1963 justiliw,
2566 1902 2909 1962 venturasque
2947 1894 3055 1960 ipse
3075 1892 3243 1963 judex
3282 1897 3403 1948 uni-

1901 1980 2056 2017 υετδι.

1905 2094 1923 2126 ι
1956 2079 2181 2133 Cantate
2210 2073 2439 2130 Domino
2471 2074 2741 2127 canticum
2765 2089 2986 2139 novum,
3013 2075 3267 2144 quoniam
3296 2075 3402 2129 mi-

1828 2167 2019 2221 rabilia
2061 2166 2208 2228 fecit,
2247 2185 2266 2217 ›
2302 2172 2354 2219 et
2392 2175 2582 2219 cetera
2618 2183 2631 2217 :
2670 2182 2688 2215 ι
2728 2162 2923 2217 Notum
2959 2164 3085 2220 fecit
3138 2166 3400 2223 Dominus

1830 2258 2068 2314 salutare
2113 2271 2294 2318 suum,
2327 2256 2383 2309 in
2415 2265 2710 2324 conspectu
2746 2255 2984 2324 gentium
3033 2256 3288 2310 revelavit
3308 2256 3399 2325 ju-

1829 2349 2031 2404 sﬁtiam
2091 2363 2244 2403 suam
2262 2348 2326 2402 ³⁸.
2369 2367 2387 2398 ι
2438 2346 2503 2399 Et
2559 2362 2795 2402 rursus:
2836 2365 2854 2397 ι
2895 2344 3157 2401 Viderunt
3208 2361 3398 2406 omnes

1830 2441 2044 2495 termini
2090 2448 2248 2493 terra:
2286 2440 2523 2494 salutare
2549 2437 2642 2493 Dei
2666 2438 2857 2503 nostri,
2883 2438 3110 2508 jubilate
3146 2437 3396 2505 Domino,

1827 2531 2005 2585 omnis
2031 2539 2174 2584 terra
2187 2530 2252 2582 ”.
2292 2547 2309 2578 ι
2341 2527 2408 2581 Et
2435 2527 2502 2582 ad
2534 2533 2834 2596 extremum
2868 2545 2881 2580 :
2916 2545 2935 2578 ι
2971 2526 3180 2583 Montes
3208 2529 3396 2584 exsul-

1827 2622 2021 2677 tabunt
2041 2636 2070 2674 a
2093 2628 2385 2692 conspectu
2408 2619 2641 2682 Domini,
2671 2618 2925 2689 quoniam
2953 2619 3119 2681 venit,
3140 2620 3393 2691 quoniam

1827 2713 1975 2767 venit
1994 2712 2242 2782 judicare
2272 2718 2498 2765 terram.
2520 2707 2793 2763 Judicabit
2823 2708 3009 2762 orbem
3042 2715 3199 2762 terra:
3228 2708 3282 2762 in
3308 2707 3399 2778 ju-

1827 2806 1997 2869 stitia,
2033 2814 2087 2859 et
2131 2803 2359 2874 populos
2407 2802 2463 2855 in
2508 2798 2817 2869 atquitate'o
2860 2817 2873 2853 :
2918 2818 2936 2850 ι
2976 2798 3267 2851 multorum
3299 2797 3397 2852 bo-

1826 2913 2025 2954 norum
2071 2896 2380 2952 effectorem
2426 2892 2637 2946 Domini
2668 2892 2959 2945 adventum
2993 2890 3244 2961 gentibus
3266 2904 3396 2944 con-

1831 2991 2040 3061 tigisse,
2071 2989 2185 3043 hate
2228 2987 2390 3041 verba
2437 2982 2740 3053 praedicunt
2771 3020 2786 3045 ,
2820 2996 2939 3050 quae
2983 2981 3198 3049 quidem
3229 2980 3394 3044 bona,

162 3090 365 3156 φανείας
383 3086 487 3139 τοῦ
502 3086 756 3154 Σωτῆρος
779 3082 932 3154 ἡμῶν
962 3083 1053 3135 ἐπὶ
1074 3081 1247 3153 πέρας
1265 3080 1496 3150 ἀχθέντα
1521 3081 1721 3136 δείκνυ-

1831 3098 1920 3155 per
1961 3081 2212 3137 eumdem
2262 3075 2560 3131 Salvatoris
2608 3073 2776 3127 nostri
2824 3072 3135 3134 adventum,
3188 3070 3396 3125 exitum

160 3179 360 3242 ται.Ἐξ
387 3178 609 3230 ἐκείνου
638 3175 748 3245 γάρ
788 3191 870 3227 τοι
904 3174 996 3227 καί
1033 3174 1094 3226 ού
1127 3173 1409 3243 πρότερον,
1439 3173 1500 3226 τὸ
1543 3175 1723 3227 καινὸν

1831 3173 2106 3244 accepisse
2142 3176 2541 3225 monstrantur.
2593 3166 2713 3221 Non
2761 3165 2912 3235 prius
2976 3164 3143 3228 enim,
3181 3162 3274 3217 sed
3326 3178 3393 3216 ex

162 3265 299 3339 ᾆσμα
348 3269 449 3337 τῆς
485 3266 701 3335 Καινῆς
740 3264 1012 3335 Διαθήκης
1052 3265 1133 3326 είς
1176 3262 1383 3326 πάντας
1411 3263 1727 3334 ἀνθρώπους

162 3361 349 3429 ᾅδεται,
380 3359 478 3411 καὶ
498 3358 570 3410 τὰ
603 3357 880 3427 θαυμάσια
910 3354 1073 3408 αὐτοῦ
1107 3355 1194 3408 διὰ
1224 3356 1322 3426 τῆς
1353 3356 1460 3409 τῶν
1488 3356 1727 3424 Εὑαγγε-

162 3448 275 3502 λίων
298 3449 523 3519 γραφῆς
554 3445 804 3517 γνώριμα
835 3446 928 3499 καί
960 3444 1256 3509 ἐξάκουστα
1279 3449 1386 3510 τοῖς
1420 3449 1551 3500 πᾶσι
1584 3448 1725 3515 γίνε-

162 3560 257 3595 ται.
285 3545 361 3596 0οὸ
408 3543 517 3613 μὴν
560 3540 694 3593 ἀλλά
726 3539 820 3593 ml.
856 3539 1236 3610 τὸσωτήριον,
1268 3540 1328 3592 τὸ
1366 3539 1507 3592 κατά
1534 3538 1628 3609 τὴν
1661 3542 1724 3592 ὲκ

164 3636 359 3707 νεκρῶν
402 3634 702 3687 ἀνάστασιν
752 3628 937 3694 αὐτοῦ,
993 3631 1158 3683 πᾶσιν
1204 3629 1559 3701 ἀπεκαλύφθη
1613 3633 1723 3693 τοῖς

166 3727 352 3788 ἔθνεσι,
397 3725 498 3778 καὶ
549 3726 585 3793 ἡ
634 3721 843 3793 ἀληθὴς
891 3722 1224 3793 δικαιοσύνη,
1270 3722 1337 3774 δι’
1365 3716 1433 3792 ἦς
1481 3721 1721 3793 ἐναργῶς

170 3820 475 3889 ἀπεδείχθη,
507 3821 591 3871 ὅτι
628 3817 701 3889 μὴ
745 3816 1010 3869 Ἰουδαίων
1033 3818 1061 3869 ὁ
1086 3816 1218 3887 Θεὸς
1272 3816 1448 3885 μόνον,
1475 3815 1608 3868 ἀλλὰ
1632 3817 1722 3869 καὶ

171 3910 344 3963 ὲθνώεν
382 3931 401 3962 ι
425 3911 688 3981 Ἐπείπερ
716 3904 796 3972 εἷς
822 3911 849 3962 ὁ
873 3909 1057 3972 Oak,»
1089 3907 1230 3962 κατὰ
1265 3908 1355 3962 τὸν
1389 3908 1529 3977 ἱερὸν
1562 3907 1721 3959 Ἀπό-

171 4007 357 4067 πολον,
398 4023 416 4054 ι
445 4004 506 4066 ὃς
550 4000 829 4055 δικαιώσει
871 4000 1169 4072 περιτομὴν
1210 4000 1274 4053 ὲκ
1314 4000 1561 4063 πίστεως.
1597 4019 1614 4050 ι
1649 4000 1721 4052 Τὸ

166 4096 233 4157 δὲ,
270 4099 423 4149 «Ὅτι
455 4096 672 4165 ἔρχεται
698 4096 875 4164 κρῖναι
905 4093 1011 4163 τὴν
1035 4093 1160 4162 γῆν,
1196 4113 1214 4144 ι
1245 4092 1438 4161 γένοιτ’
1462 4092 1527 4146 ἂν
1550 4091 1721 4163 δηλω-

166 4189 301 4241 τικὸν
326 4189 420 4241 καὶ
448 4185 547 4258 τῆς
575 4186 831 4257 δευτέρας
854 4184 1017 4238 αὑτοῦ
1051 4184 1369 4254 παρουσίας.

688 4476 1079 4532 ΚΕΦΑΛᾹΙΟΝ
1117 4478 1190 4531 Z'.

179 4590 299 4645 Ἀπὸ
328 4594 569 4662 ψαλμοῦ
592 4599 702 4661 pc’.
740 4624 809 4632 —
855 4592 1041 4659 Λόγος
1074 4589 1221 4644 Θεοῦ
1253 4592 1338 4662 είς
1369 4587 1715 4662 ἀνθρώπους

233 4660 743 4733 ἀποστελλόμενος
765 4661 864 4714 ἐπὶ
892 4662 1169 4733 θεραπείᾳ
1200 4660 1296 4712 καὶ
1320 4660 1580 4733 σωτηρίᾳ
1606 4663 1716 4728 Vv-

238 4732 361 4800 χῶν,
391 4734 509 4786 τῶν
541 4728 724 4787 εἰάλαι
748 4733 817 4785 ἐν
845 4731 1077 4796 κακίαις
1106 4728 1578 4797 τετρυχωμένων.

243 4844 881 4914 «Ἐξομολογησάσθωσαν
922 4843 1000 4913 τῷ
1044 4843 1231 4913 Κυρίῳ
1278 4842 1346 4895 τά
1371 4840 1491 4912 ὲλὲη
1526 4841 1709 4905 αὑτοῦ,

173 4934 254 4985 καὶ
273 4936 332 4987 τὰ
358 4936 636 5005 θαυμάσια
657 4934 821 4988 αὐτοῦ
843 4937 953 4999 τοῖς
982 4936 1115 4995 υίοῖς
1136 4932 1243 4985 τῶν
1275 4932 1371 4985 ἀνθ
1381 4931 1576 5004 ρώπων
1596 4949 1609 4961 ·
1634 4932 1714 4984 ὅτι

176 5026 435 5097 συνέτριψε
466 5027 638 5090 πύλας
668 5026 890 5097 χαλκᾶς,
922 5026 1015 5078 καὶ
1053 5023 1279 5094 μοχλοὺς
1313 5022 1563 5092 σιδηροῦς
1595 5039 1718 5074 συν-

178 5117 750 5175 έθλασεν.Ἀντελά6ετο
791 5119 966 5172 αὐτῶν
1006 5117 1064 5181 ἐξ
1094 5114 1213 5169 ὁδοῦ
1248 5116 1473 5185 ἀνομίας
1499 5113 1675 5167 αὐτῶν
1695 5130 1709 5144 ο

176 5206 252 5259 διὰ
294 5212 393 5281 γάρ
441 5212 537 5275 τάς
584 5212 812 5281 ἀνομίας
862 5210 1039 5263 αὐτῶν
1088 5206 1555 5276 ἐταπεινώθησαν·
1606 5206 1711 5258 πᾶν

180 5299 350 5373 βρίῖιμα
379 5304 687 5368 ὲὸδελύξατο
728 5306 760 5373 ή
804 5303 949 5373 ψυχὴ
994 5301 1192 5361 αὐτῶν,
1220 5300 1311 5353 καὶ
1346 5300 1578 5369 ἧγγισαν
1608 5298 1713 5359 ἕως

178 5386 270 5440 τῶν
302 5392 472 5445 πυλῶν
500 5394 594 5447 τοῦ
624 5392 873 5455 θανάτου,
910 5392 1002 5443 καὶ
1028 5389 1327 5461 ἐκέκραξαν
1355 5388 1489 5459 πρὸς
1510 5387 1711 5458 Κύριον

181 5480 231 5531 ὲν
256 5483 325 5551 τῷ
352 5484 614 5538 θλίϐεσθαι
647 5486 860 5547 αὐτοὺς,
896 5485 990 5537 καὶ
1019 5485 1081 5535 ὲκ
1108 5484 1215 5534 τῶν
1244 5480 1494 5548 ἀναγκῶν
1533 5480 1711 5533 αὐτῶν

182 5570 355 5626 {manu
368 5578 570 5641 αὐτούς.
590 5576 897 5630 Ἀπέστειλε
922 5575 1013 5628 τὸν
1027 5574 1182 5642 λόγον
1199 5572 1383 5637 αὑτοῦ,
1403 5573 1496 5627 καὶ
1523 5571 1710 5626 ἰάσατο

1745 4431 1792 4486 D

1825 3267 1919 3322 illo
1967 3264 2251 3325 duntaxat,
2308 3274 2504 3313 novum
2554 3258 2688 3311 Novi
2738 3254 3071 3311 Testamenti
3121 3253 3393 3308 canticum

1826 3353 1970 3424 apud
1997 3366 2187 3406 omnes
2215 3350 2463 3403 homines
2493 3348 2727 3409 canitur,
2755 3353 2808 3398 et
2840 3345 3110 3399 mirabilia
3150 3343 3268 3413 ejus
3298 3358 3395 3412 per

1824 3448 2149 3516 scripturam
2180 3441 2592 3511 Evangeliorum
2624 3437 2785 3508 264
2807 3444 2933 3490 nota
2966 3435 3121 3499 ﬁunt,
3147 3442 3199 3487 et
3221 3449 3390 3488 exau-

1822 3542 2048 3597 diuntur
2086 3537 2155 3591 ab
2187 3534 2461 3590 omnibus.
2493 3530 2805 3596 Quinetiam
2841 3530 3097 3593 salutare,
3132 3527 3274 3597 quod
3306 3541 3393 3581 se-

1822 3633 2062 3689 cundum
2092 3628 2326 3684 reditum
2350 3626 2495 3679 illius
2520 3626 2572 3677 in
2603 3625 2766 3676 vitam
2794 3621 3111 3690 percipitur,
3136 3619 3389 3673 omnibus

1824 3722 2154 3793 patefactum
2196 3725 2281 3774 est
2318 3715 2590 3786 gentibus.
2625 3723 2678 3767 et
2715 3726 2838 3766 cum
2877 3725 2943 3764 eo
2976 3725 3104 3764 vera
3154 3708 3386 3777 iustitia,

1821 3830 1917 3885 per
1948 3828 2111 3884 quam
2144 3808 2422 3865 evidenter
2442 3813 2721 3860 ostensum
2744 3812 2848 3867 est,
2866 3801 3008 3870 quod
3034 3816 3140 3854 non
3173 3798 3390 3853 Jndaao-

1821 3921 1940 3960 rum
1970 3905 2146 3960 solum
2179 3901 2250 3957 sit
2284 3899 2445 3962 Deus,
2480 3895 2573 3951 sed
2605 3894 2832 3947 aliarum
2861 3904 3075 3961 quoque
3107 3889 3384 3959 gentium:

1825 4014 1845 4047 ι
1882 3990 2353 4061 Quandoquidem,
2390 4000 2532 4040 unus
2582 3983 2743 4047 Deus,
2785 4001 2804 4033 ι
2853 3989 3076 4037 sanctus
3130 3980 3204 4033 ait
3242 3978 3387 4047 Apo-

1820 4087 2015 4149 stolus,
2068 4101 2088 4136 ι
2124 4082 2217 4152 qui
2266 4077 2587 4150 justiﬁcabit
2630 4072 3101 4130 circumcisionem
3146 4087 3212 4125 ex
3258 4071 3381 4136 lide,

1818 4186 1873 4234 et
1894 4174 2214 4247 praeputium
2231 4187 2326 4242 per
2338 4171 2497 4225 ﬁdem
2514 4170 2577 4223 ³¹.
2594 4188 2611 4220 ι
2634 4165 2768 4221 Illud
2787 4173 2963 4219 autem
2982 4182 2994 4217 :
3017 4182 3035 4214 ι
3063 4161 3216 4228 Quod
3239 4162 3387 4215 venit

1814 4269 2062 4341 judicare
2114 4274 2338 4327 terram,
2372 4282 2390 4315 ι
2428 4262 2590 4318 etiam
2642 4260 2872 4315 alterum
2908 4256 3055 4312 illius
3095 4254 3384 4313 adventum

1820 4358 2126 4430 signiﬁcare
2147 4356 2363 4427 poterit.

2408 4465 2636 4522 CAPUT
2679 4464 2789 4521 Vll.

1821 4585 1861 4637 A
1886 4582 2090 4652 psalmo
2135 4597 2241 4636 cvr.
2267 4613 2335 4623 —
2393 4582 2615 4635 Verbum
2650 4580 2746 4634 Dei
2792 4581 2860 4632 ad
2895 4579 3129 4633 homines
3168 4579 3387 4652 missum

1888 4648 1956 4706 nd
1990 4653 2244 4707 medelam
2276 4663 2323 4706 el
2358 4653 2581 4706 salutem
2610 4654 2928 4713 animarum,
2964 4666 3081 4719 qua:
3120 4648 3386 4720 quondam

1889 4736 2087 4777 vexata:
2113 4739 2468 4792 oppressa'que
2492 4732 2640 4774 erant
2667 4723 2719 4773 in
2746 4720 2925 4774 malis.

1895 4858 1913 4888 ι
1934 4839 2307 4894 Conﬁteantur
2329 4836 2557 4890 Domino
2578 4834 2966 4891 misericordia:
2987 4832 3128 4901 ejus.
3148 4839 3200 4885 et
3218 4833 3384 4884 mira-

1821 4929 1949 4983 bilia
1996 4929 2116 4998 ejus
2164 4928 2287 4983 [iliis
2339 4927 2668 4981 hominum:
2715 4927 2841 4996 quia
2890 4924 3145 4979 contrivit
3196 4931 3386 4992 portas

1817 5036 2008 5082 azreas,
2043 5028 2095 5075 et
2128 5027 2310 5075 vectes
2340 5018 2547 5074 ferreos
2578 5017 2865 5087 confregit.
2912 5014 3161 5082 Suscepit
3188 5028 3284 5068 eos
3316 5013 3385 5066 de

1816 5113 1901 5165 via
1932 5112 2235 5182 iniquitatis
2262 5125 2472 5173 eorum,
2510 5126 2634 5164 nam
2662 5119 2881 5180 pr0pter
2908 5105 3207 5176 injustitias
3255 5119 3385 5159 suas

1815 5200 2085 5255 humiliati
2107 5211 2233 5257 sunt
2262 5221 2273 5255 :
2303 5215 2521 5255 onmem
2540 5215 2721 5257 escam
2754 5200 3054 5254 abominata
3083 5203 3167 5251 est
3203 5196 3405 5250 anima'

1815 5310 2026 5357 eorum,
2049 5302 2104 5349 et
2136 5295 2709 5367 appropinquaverunt
2732 5308 2903 5362 usque
2933 5291 2998 5344 ad
3025 5297 3211 5360 portas
3234 5303 3383 5343 mor-

1815 5388 1907 5452 tis,
1948 5396 2005 5442 et
2054 5387 2425 5442 clamaverunt
2457 5387 2523 5441 ad
2568 5386 2851 5440 Dominum
2885 5397 3007 5435 cum
3052 5380 3385 5461 tribularen-

1815 5487 1925 5541 tur,
1944 5487 1998 5533 et
2024 5477 2091 5533 de
2117 5479 2537 5534 necessitatibus
2563 5491 2750 5533 eorum
2782 5474 3031 5529 liberavit
3057 5488 3150 5529 eos
3185 5493 3199 5529 :
3235 5474 3387 5527 misi-

1814 5572 2039 5627 verbum
2071 5587 2229 5625 suum
2256 5571 2555 5629 et.sanavit
2598 5584 2714 5633 eos,
2744 5575 2797 5622 ct
2832 5567 3033 5638 eripuit
3065 5582 3161 5624 eos
3195 5566 3262 5623 de
3294 5566 3382 5620 in-

245 5728 278 5757 ⁸⁷
318 5729 446 5785 Psal.
484 5749 603 5798 xcv,
641 5733 722 5798 12,
760 5734 843 5788 l3.
919 5732 963 5763 "‘
998 5730 1139 5785 Psal.
1178 5745 1343 5793 xcvn,
1382 5729 1510 5794 με.
1586 5729 1630 5761 ¹⁹
1661 5727 1794 5784 ibid.
1832 5727 1883 5783 3.
1964 5728 2008 5760 ³⁸
2040 5726 2170 5782 ibid.
2212 5727 2265 5793 8,
2300 5727 2353 5781 9.
2433 5728 2472 5759 "
2514 5728 2671 5783 Rom.
2704 5741 2789 5789 tu,
2824 5726 2913 5782 50.
