  <div class='ocr_page' id='page_1' title='image "/cluster/home/n/w/nwhite01/storage/ocr_20150623/22/hvd.32044073501132/217.png"; bbox 0 0 3916 6200; ppageno 0'>
   <div class='ocr_carea' id='block_1_1' title="bbox 494 277 599 330">
    <p class='ocr_par' dir='ltr' id='par_1_1' title="bbox 494 277 599 330">
     <span class='ocr_line' id='line_1_1' title="bbox 494 277 599 330; baseline 0 0"><span class='ocrx_word' id='word_1_1' title='bbox 494 277 599 330; x_wconf 66' lang='grc'><strong>423</strong></span> 
     </span>
    </p>
   </div>
   <div class='ocr_carea' id='block_1_2' title="bbox 1125 252 3052 324">
    <p class='ocr_par' dir='ltr' id='par_1_2' title="bbox 1125 252 3052 324">
     <span class='ocr_line' id='line_1_2' title="bbox 1125 252 3052 324; baseline -0.006 -2"><span class='ocrx_word' id='word_1_2' title='bbox 1125 263 1394 324; x_wconf 86' lang='lat' dir='ltr'><strong>EUSEBII</strong></span> <span class='ocrx_word' id='word_1_3' title='bbox 1423 261 1901 321; x_wconf 67' lang='lat' dir='ltr'><strong>CESARIENSIS</strong></span> <span class='ocrx_word' id='word_1_4' title='bbox 1938 258 2090 317; x_wconf 87' lang='lat' dir='ltr'><strong>OPP.</strong></span> <span class='ocrx_word' id='word_1_5' title='bbox 2133 255 2313 313; x_wconf 74' lang='lat' dir='ltr'><strong>PARS</strong></span> <span class='ocrx_word' id='word_1_6' title='bbox 2351 254 2414 310; x_wconf 87' lang='grc'><strong>11.</strong></span> <span class='ocrx_word' id='word_1_7' title='bbox 2455 287 2525 298; x_wconf 87' lang='grc'><strong>--</strong></span> <span class='ocrx_word' id='word_1_8' title='bbox 2552 252 3052 313; x_wconf 75' lang='lat' dir='ltr'><strong>APOLOGE&#39;I‘ICA.</strong></span> 
     </span>
    </p>
   </div>
   <div class='ocr_carea' id='block_1_3' title="bbox 3647 257 3758 312">
    <p class='ocr_par' dir='ltr' id='par_1_3' title="bbox 3647 257 3758 312">
     <span class='ocr_line' id='line_1_3' title="bbox 3647 257 3758 312; baseline 0.018 -3"><span class='ocrx_word' id='word_1_9' title='bbox 3647 257 3758 312; x_wconf 59' lang='grc' dir='ltr'><strong>εει</strong></span> 
     </span>
    </p>
   </div>
   <div class='ocr_carea' id='block_1_4' title="bbox 492 370 2048 455">
    <p class='ocr_par' dir='ltr' id='par_1_4' title="bbox 492 377 2048 455">
     <span class='ocr_line' id='line_1_4' title="bbox 492 377 2048 455; baseline -0.013 -5"><span class='ocrx_word' id='word_1_10' title='bbox 492 393 842 450; x_wconf 86' lang='lat' dir='ltr'><strong>teritionilms</strong></span> <span class='ocrx_word' id='word_1_11' title='bbox 897 400 1082 443; x_wconf 79' lang='lat' dir='ltr'><strong>eorum</strong></span> <span class='ocrx_word' id='word_1_12' title='bbox 1101 386 1166 440; x_wconf 79' lang='lat'><strong>&quot;.</strong></span> <span class='ocrx_word' id='word_1_13' title='bbox 1206 404 1224 438; x_wconf 74' lang='grc' dir='ltr'><strong>ι</strong></span> <span class='ocrx_word' id='word_1_14' title='bbox 1267 383 1332 439; x_wconf 88' lang='lat' dir='ltr'><strong>Et</strong></span> <span class='ocrx_word' id='word_1_15' title='bbox 1383 391 1508 455; x_wconf 90' lang='lat' dir='ltr'><strong>post</strong></span> <span class='ocrx_word' id='word_1_16' title='bbox 1555 384 1706 437; x_wconf 86' lang='lat' dir='ltr'><strong>alia:</strong></span> <span class='ocrx_word' id='word_1_17' title='bbox 1743 399 1763 433; x_wconf 74' lang='grc' dir='ltr'><strong>ι</strong></span> <span class='ocrx_word' id='word_1_18' title='bbox 1815 377 2048 436; x_wconf 67' lang='grc' dir='ltr'>Ειαίιεηι</span> 
     </span>
    </p>
   </div>
   <div class='ocr_carea' id='block_1_5' title="bbox 2155 370 3756 455">
    <p class='ocr_par' dir='ltr' id='par_1_5' title="bbox 2163 370 3756 446">
     <span class='ocr_line' id='line_1_5' title="bbox 2163 370 3756 446; baseline -0.003 -18"><span class='ocrx_word' id='word_1_19' title='bbox 2163 375 2378 438; x_wconf 80' lang='grc' dir='ltr'>αὑτοὺς,</span> <span class='ocrx_word' id='word_1_20' title='bbox 2427 375 2519 428; x_wconf 79' lang='grc' dir='ltr'>καὶ</span> <span class='ocrx_word' id='word_1_21' title='bbox 2563 373 2831 446; x_wconf 76' lang='grc' dir='ltr'>ἐρρύσατο</span> <span class='ocrx_word' id='word_1_22' title='bbox 2859 373 3058 436; x_wconf 77' lang='grc' dir='ltr'>αὐτοὺς</span> <span class='ocrx_word' id='word_1_23' title='bbox 3087 370 3152 426; x_wconf 83' lang='grc' dir='ltr'><strong>ἐκ</strong></span> <span class='ocrx_word' id='word_1_24' title='bbox 3185 371 3292 426; x_wconf 87' lang='grc' dir='ltr'><strong>τῶν</strong></span> <span class='ocrx_word' id='word_1_25' title='bbox 3311 371 3617 443; x_wconf 80' lang='grc' dir='ltr'>διαφθορῶν</span> <span class='ocrx_word' id='word_1_26' title='bbox 3651 375 3756 426; x_wconf 77' lang='grc' dir='ltr'>αὑ-</span> 
     </span>
    </p>
   </div>
   <div class='ocr_carea' id='block_1_6' title="bbox 496 471 2067 556">
    <p class='ocr_par' dir='ltr' id='par_1_6' title="bbox 496 471 2067 556">
     <span class='ocr_line' id='line_1_6' title="bbox 496 471 2067 556; baseline -0.013 -13"><span class='ocrx_word' id='word_1_27' title='bbox 496 503 620 543; x_wconf 92' lang='lat' dir='ltr'><strong>eum</strong></span> <span class='ocrx_word' id='word_1_28' title='bbox 652 505 664 540; x_wconf 90' lang='lat'>:</span> <span class='ocrx_word' id='word_1_29' title='bbox 689 484 768 556; x_wconf 84' lang='lat' dir='ltr'><strong>[in</strong></span> <span class='ocrx_word' id='word_1_30' title='bbox 792 481 1034 538; x_wconf 81' lang='lat' dir='ltr'><strong>Ecclesia</strong></span> <span class='ocrx_word' id='word_1_31' title='bbox 1063 477 1267 548; x_wconf 85' lang='lat' dir='ltr'><strong>populi,</strong></span> <span class='ocrx_word' id='word_1_32' title='bbox 1304 484 1358 531; x_wconf 93' lang='lat' dir='ltr'><strong>et</strong></span> <span class='ocrx_word' id='word_1_33' title='bbox 1402 477 1458 529; x_wconf 91' lang='lat' dir='ltr'><strong>in</strong></span> <span class='ocrx_word' id='word_1_34' title='bbox 1488 471 1764 528; x_wconf 80' lang='lat' dir='ltr'><strong>cathedris</strong></span> <span class='ocrx_word' id='word_1_35' title='bbox 1789 471 2067 527; x_wconf 86' lang='lat' dir='ltr'><strong>seniorum</strong></span> 
     </span>
    </p>
   </div>
   <div class='ocr_carea' id='block_1_7' title="bbox 496 562 2068 640">
    <p class='ocr_par' dir='ltr' id='par_1_7' title="bbox 496 562 2068 640">
     <span class='ocr_line' id='line_1_7' title="bbox 496 562 2068 640; baseline -0.01 -7"><span class='ocrx_word' id='word_1_36' title='bbox 496 576 716 632; x_wconf 89' lang='lat' dir='ltr'><strong>laudent</strong></span> <span class='ocrx_word' id='word_1_37' title='bbox 747 571 1112 640; x_wconf 82' lang='lat' dir='ltr'><strong>eum,lposu|t</strong></span> <span class='ocrx_word' id='word_1_38' title='bbox 1132 566 1355 621; x_wconf 84' lang='lat' dir='ltr'><strong>numina</strong></span> <span class='ocrx_word' id='word_1_39' title='bbox 1387 566 1440 620; x_wconf 89' lang='lat' dir='ltr'><strong>in</strong></span> <span class='ocrx_word' id='word_1_40' title='bbox 1473 565 1774 628; x_wconf 90' lang='lat' dir='ltr'><strong>desertum,</strong></span> <span class='ocrx_word' id='word_1_41' title='bbox 1805 572 1860 618; x_wconf 89' lang='lat' dir='ltr'><strong>et</strong></span> <span class='ocrx_word' id='word_1_42' title='bbox 1886 562 2068 618; x_wconf 84' lang='lat' dir='ltr'><strong>exitus</strong></span> 
     </span>
    </p>
   </div>
   <div class='ocr_carea' id='block_1_8' title="bbox 495 651 2067 736">
    <p class='ocr_par' dir='ltr' id='par_1_8' title="bbox 495 651 2067 736">
     <span class='ocr_line' id='line_1_8' title="bbox 495 651 2067 736; baseline -0.011 -15"><span class='ocrx_word' id='word_1_43' title='bbox 495 677 759 736; x_wconf 88' lang='lat' dir='ltr'><strong>aquarum</strong></span> <span class='ocrx_word' id='word_1_44' title='bbox 812 661 865 714; x_wconf 93' lang='lat' dir='ltr'><strong>in</strong></span> <span class='ocrx_word' id='word_1_45' title='bbox 909 662 1078 722; x_wconf 82' lang='lat' dir='ltr'><strong>sitim,</strong></span> <span class='ocrx_word' id='word_1_46' title='bbox 1119 667 1322 712; x_wconf 89' lang='lat' dir='ltr'><strong>terram</strong></span> <span class='ocrx_word' id='word_1_47' title='bbox 1358 653 1696 709; x_wconf 90' lang='lat' dir='ltr'><strong>fructiferam</strong></span> <span class='ocrx_word' id='word_1_48' title='bbox 1743 653 1798 707; x_wconf 91' lang='lat' dir='ltr'><strong>in</strong></span> <span class='ocrx_word' id='word_1_49' title='bbox 1827 651 2067 722; x_wconf 80' lang='lat' dir='ltr'><strong>salsugi-</strong></span> 
     </span>
    </p>
   </div>
   <div class='ocr_carea' id='block_1_9' title="bbox 491 745 2068 822">
    <p class='ocr_par' dir='ltr' id='par_1_9' title="bbox 491 745 2068 822">
     <span class='ocr_line' id='line_1_9' title="bbox 491 745 2068 822; baseline -0.009 -10"><span class='ocrx_word' id='word_1_50' title='bbox 491 774 642 822; x_wconf 89' lang='lat' dir='ltr'><strong>nem,</strong></span> <span class='ocrx_word' id='word_1_51' title='bbox 678 771 707 809; x_wconf 90' lang='lat' dir='ltr'><strong>a</strong></span> <span class='ocrx_word' id='word_1_52' title='bbox 741 753 946 808; x_wconf 85' lang='lat' dir='ltr'><strong>malitia</strong></span> <span class='ocrx_word' id='word_1_53' title='bbox 977 751 1396 808; x_wconf 90' lang='lat' dir='ltr'><strong>inhabitantium</strong></span> <span class='ocrx_word' id='word_1_54' title='bbox 1427 750 1482 803; x_wconf 90' lang='lat' dir='ltr'><strong>in</strong></span> <span class='ocrx_word' id='word_1_55' title='bbox 1516 763 1578 803; x_wconf 89' lang='lat' dir='ltr'><strong>ea</strong></span> <span class='ocrx_word' id='word_1_56' title='bbox 1611 767 1624 802; x_wconf 90' lang='lat'><strong>:</strong></span> <span class='ocrx_word' id='word_1_57' title='bbox 1661 745 1846 818; x_wconf 88' lang='lat' dir='ltr'><strong>posuit</strong></span> <span class='ocrx_word' id='word_1_58' title='bbox 1879 745 2068 800; x_wconf 81' lang='lat' dir='ltr'><strong>deser-</strong></span> 
     </span>
    </p>
   </div>
   <div class='ocr_carea' id='block_1_10' title="bbox 489 835 2066 914">
    <p class='ocr_par' dir='ltr' id='par_1_10' title="bbox 489 835 2066 914">
     <span class='ocr_line' id='line_1_10' title="bbox 489 835 2066 914; baseline -0.008 -12"><span class='ocrx_word' id='word_1_59' title='bbox 489 856 602 902; x_wconf 91' lang='lat' dir='ltr'><strong>tum</strong></span> <span class='ocrx_word' id='word_1_60' title='bbox 666 847 721 900; x_wconf 89' lang='lat' dir='ltr'><strong>in</strong></span> <span class='ocrx_word' id='word_1_61' title='bbox 766 851 958 914; x_wconf 85' lang='lat' dir='ltr'><strong>stagna</strong></span> <span class='ocrx_word' id='word_1_62' title='bbox 993 858 1280 914; x_wconf 88' lang='lat' dir='ltr'><strong>aquarum,</strong></span> <span class='ocrx_word' id='word_1_63' title='bbox 1319 850 1372 897; x_wconf 93' lang='lat' dir='ltr'><strong>et</strong></span> <span class='ocrx_word' id='word_1_64' title='bbox 1418 849 1620 894; x_wconf 90' lang='lat' dir='ltr'><strong>terram</strong></span> <span class='ocrx_word' id='word_1_65' title='bbox 1666 839 1786 893; x_wconf 86' lang='lat' dir='ltr'><strong>sine</strong></span> <span class='ocrx_word' id='word_1_66' title='bbox 1827 849 1968 906; x_wconf 87' lang='lat' dir='ltr'><strong>aqua</strong></span> <span class='ocrx_word' id='word_1_67' title='bbox 2011 835 2066 890; x_wconf 92' lang='lat' dir='ltr'><strong>in</strong></span> 
     </span>
    </p>
   </div>
   <div class='ocr_carea' id='block_1_11' title="bbox 486 929 2066 1006">
    <p class='ocr_par' dir='ltr' id='par_1_11' title="bbox 486 929 2066 1006">
     <span class='ocr_line' id='line_1_11' title="bbox 486 929 2066 1006; baseline -0.009 -12"><span class='ocrx_word' id='word_1_68' title='bbox 486 939 666 994; x_wconf 81' lang='lat' dir='ltr'><strong>exitus</strong></span> <span class='ocrx_word' id='word_1_69' title='bbox 723 950 1011 1006; x_wconf 90' lang='lat' dir='ltr'><strong>aquarum,</strong></span> <span class='ocrx_word' id='word_1_70' title='bbox 1057 943 1109 989; x_wconf 90' lang='lat' dir='ltr'><strong>et</strong></span> <span class='ocrx_word' id='word_1_71' title='bbox 1143 933 1431 988; x_wconf 86' lang='lat' dir='ltr'><strong>collocavit</strong></span> <span class='ocrx_word' id='word_1_72' title='bbox 1482 932 1594 985; x_wconf 92' lang='lat' dir='ltr'><strong>illic</strong></span> <span class='ocrx_word' id='word_1_73' title='bbox 1643 929 1970 995; x_wconf 88' lang='lat' dir='ltr'><strong>esurientes,</strong></span> <span class='ocrx_word' id='word_1_74' title='bbox 2011 933 2066 982; x_wconf 91' lang='lat' dir='ltr'><strong>et</strong></span> 
     </span>
    </p>
   </div>
   <div class='ocr_carea' id='block_1_12' title="bbox 485 1021 2066 1085">
    <p class='ocr_par' dir='ltr' id='par_1_12' title="bbox 485 1021 2066 1085">
     <span class='ocr_line' id='line_1_12' title="bbox 485 1021 2066 1085; baseline -0.006 0"><span class='ocrx_word' id='word_1_75' title='bbox 485 1029 890 1085; x_wconf 84' lang='lat' dir='ltr'><strong>constituerunt</strong></span> <span class='ocrx_word' id='word_1_76' title='bbox 931 1027 1206 1081; x_wconf 85' lang='lat' dir='ltr'><strong>civitatem</strong></span> <span class='ocrx_word' id='word_1_77' title='bbox 1241 1025 1591 1080; x_wconf 77' lang='lat' dir='ltr'><strong>habitationis</strong></span> <span class='ocrx_word' id='word_1_78' title='bbox 1607 1023 1672 1078; x_wconf 85' lang='grc'>⁸³.</span> <span class='ocrx_word' id='word_1_79' title='bbox 1702 1043 1720 1075; x_wconf 77' lang='grc' dir='ltr'><strong>ι</strong></span> <span class='ocrx_word' id='word_1_80' title='bbox 1753 1021 1920 1077; x_wconf 86' lang='lat' dir='ltr'><strong>Plane</strong></span> <span class='ocrx_word' id='word_1_81' title='bbox 1951 1021 2066 1076; x_wconf 68' lang='lat' dir='ltr'><strong>haec</strong></span> 
     </span>
    </p>
   </div>
   <div class='ocr_carea' id='block_1_13' title="bbox 485 1114 2062 1192">
    <p class='ocr_par' dir='ltr' id='par_1_13' title="bbox 485 1114 2062 1192">
     <span class='ocr_line' id='line_1_13' title="bbox 485 1114 2062 1192; baseline -0.004 -18"><span class='ocrx_word' id='word_1_82' title='bbox 485 1136 704 1192; x_wconf 90' lang='lat' dir='ltr'><strong>quoque</strong></span> <span class='ocrx_word' id='word_1_83' title='bbox 752 1119 1075 1173; x_wconf 91' lang='lat' dir='ltr'><strong>nominatim</strong></span> <span class='ocrx_word' id='word_1_84' title='bbox 1122 1117 1216 1173; x_wconf 89' lang='lat' dir='ltr'><strong>Dei</strong></span> <span class='ocrx_word' id='word_1_85' title='bbox 1251 1116 1414 1172; x_wconf 82' lang='lat' dir='ltr'><strong>Verbi</strong></span> <span class='ocrx_word' id='word_1_86' title='bbox 1445 1116 1513 1172; x_wconf 92' lang='lat' dir='ltr'><strong>de</strong></span> <span class='ocrx_word' id='word_1_87' title='bbox 1555 1117 1697 1171; x_wconf 62' lang='lat' dir='ltr'><strong>calo</strong></span> <span class='ocrx_word' id='word_1_88' title='bbox 1734 1114 2062 1170; x_wconf 82' lang='lat' dir='ltr'><strong>descensum</strong></span> 
     </span>
    </p>
   </div>
   <div class='ocr_carea' id='block_1_14' title="bbox 486 1207 2064 1281">
    <p class='ocr_par' dir='ltr' id='par_1_14' title="bbox 486 1207 2064 1281">
     <span class='ocr_line' id='line_1_14' title="bbox 486 1207 2064 1281; baseline -0.004 -14"><span class='ocrx_word' id='word_1_89' title='bbox 486 1213 834 1276; x_wconf 89' lang='lat' dir='ltr'><strong>annuntiant,</strong></span> <span class='ocrx_word' id='word_1_90' title='bbox 885 1225 1289 1281; x_wconf 88' lang='lat' dir='ltr'><strong>prosperosque</strong></span> <span class='ocrx_word' id='word_1_91' title='bbox 1340 1208 1586 1278; x_wconf 82' lang='lat' dir='ltr'><strong>ejusdem</strong></span> <span class='ocrx_word' id='word_1_92' title='bbox 1629 1207 1896 1264; x_wconf 83' lang='lat' dir='ltr'><strong>adventus</strong></span> <span class='ocrx_word' id='word_1_93' title='bbox 1937 1222 2064 1263; x_wconf 89' lang='lat' dir='ltr'><strong>suc-</strong></span> 
     </span>
    </p>
   </div>
   <div class='ocr_carea' id='block_1_15' title="bbox 484 1300 2064 1373">
    <p class='ocr_par' dir='ltr' id='par_1_15' title="bbox 484 1300 2064 1373">
     <span class='ocr_line' id='line_1_15' title="bbox 484 1300 2064 1373; baseline -0.005 -11"><span class='ocrx_word' id='word_1_94' title='bbox 484 1322 674 1362; x_wconf 87' lang='lat' dir='ltr'><strong>cessus</strong></span> <span class='ocrx_word' id='word_1_95' title='bbox 711 1324 724 1360; x_wconf 90' lang='lat'><strong>:</strong></span> <span class='ocrx_word' id='word_1_96' title='bbox 769 1322 787 1356; x_wconf 82' lang='grc' dir='ltr'><strong>ι</strong></span> <span class='ocrx_word' id='word_1_97' title='bbox 826 1304 992 1368; x_wconf 85' lang='lat' dir='ltr'><strong>Misit,</strong></span> <span class='ocrx_word' id='word_1_98' title='bbox 1043 1303 1240 1373; x_wconf 91' lang='lat' dir='ltr'><strong>inquit,</strong></span> <span class='ocrx_word' id='word_1_99' title='bbox 1271 1301 1508 1357; x_wconf 78' lang='lat' dir='ltr'><strong>Verbum</strong></span> <span class='ocrx_word' id='word_1_100' title='bbox 1546 1317 1729 1366; x_wconf 88' lang='lat' dir='ltr'><strong>suum,</strong></span> <span class='ocrx_word' id='word_1_101' title='bbox 1753 1309 1808 1355; x_wconf 89' lang='lat' dir='ltr'><strong>et</strong></span> <span class='ocrx_word' id='word_1_102' title='bbox 1848 1300 2064 1356; x_wconf 82' lang='lat' dir='ltr'><strong>sanavit</strong></span> 
     </span>
    </p>
   </div>
   <div class='ocr_carea' id='block_1_16' title="bbox 482 1392 2058 1464">
    <p class='ocr_par' dir='ltr' id='par_1_16' title="bbox 482 1392 2058 1464">
     <span class='ocr_line' id='line_1_16' title="bbox 482 1392 2058 1464; baseline -0.003 -12"><span class='ocrx_word' id='word_1_103' title='bbox 482 1412 598 1452; x_wconf 87' lang='lat' dir='ltr'><strong>eos.</strong></span> <span class='ocrx_word' id='word_1_104' title='bbox 641 1416 660 1450; x_wconf 75' lang='grc' dir='ltr'><strong>ι</strong></span> <span class='ocrx_word' id='word_1_105' title='bbox 701 1393 936 1452; x_wconf 83' lang='lat' dir='ltr'><strong>Verbum</strong></span> <span class='ocrx_word' id='word_1_106' title='bbox 983 1404 1164 1450; x_wconf 92' lang='lat' dir='ltr'><strong>autem</strong></span> <span class='ocrx_word' id='word_1_107' title='bbox 1195 1393 1291 1449; x_wconf 90' lang='lat' dir='ltr'><strong>Dei</strong></span> <span class='ocrx_word' id='word_1_108' title='bbox 1327 1409 1427 1449; x_wconf 91' lang='lat' dir='ltr'><strong>nos</strong></span> <span class='ocrx_word' id='word_1_109' title='bbox 1465 1394 1626 1464; x_wconf 85' lang='lat' dir='ltr'><strong>plane</strong></span> <span class='ocrx_word' id='word_1_110' title='bbox 1658 1393 1763 1448; x_wconf 92' lang='lat' dir='ltr'><strong>hoc</strong></span> <span class='ocrx_word' id='word_1_111' title='bbox 1799 1392 2058 1456; x_wconf 86' lang='lat' dir='ltr'><strong>dicimus,</strong></span> 
     </span>
    </p>
   </div>
   <div class='ocr_carea' id='block_1_17' title="bbox 481 1484 2060 1558">
    <p class='ocr_par' dir='ltr' id='par_1_17' title="bbox 481 1484 2060 1558">
     <span class='ocr_line' id='line_1_17' title="bbox 481 1484 2060 1558; baseline -0.003 -16"><span class='ocrx_word' id='word_1_112' title='bbox 481 1487 627 1558; x_wconf 89' lang='lat' dir='ltr'><strong>quod</strong></span> <span class='ocrx_word' id='word_1_113' title='bbox 674 1488 868 1543; x_wconf 87' lang='lat' dir='ltr'><strong>salutis</strong></span> <span class='ocrx_word' id='word_1_114' title='bbox 897 1502 1062 1542; x_wconf 87' lang='lat' dir='ltr'><strong>causa</strong></span> <span class='ocrx_word' id='word_1_115' title='bbox 1099 1487 1166 1540; x_wconf 90' lang='lat' dir='ltr'><strong>ad</strong></span> <span class='ocrx_word' id='word_1_116' title='bbox 1187 1502 1376 1542; x_wconf 90' lang='lat' dir='ltr'><strong>omnes</strong></span> <span class='ocrx_word' id='word_1_117' title='bbox 1408 1485 1657 1542; x_wconf 88' lang='lat' dir='ltr'><strong>homines</strong></span> <span class='ocrx_word' id='word_1_118' title='bbox 1680 1501 1710 1539; x_wconf 90' lang='lat' dir='ltr'><strong>a</strong></span> <span class='ocrx_word' id='word_1_119' title='bbox 1736 1484 1898 1540; x_wconf 87' lang='lat' dir='ltr'><strong>Patre</strong></span> <span class='ocrx_word' id='word_1_120' title='bbox 1924 1485 2060 1539; x_wconf 85' lang='lat' dir='ltr'><strong>mis-</strong></span> 
     </span>
    </p>
   </div>
   <div class='ocr_carea' id='block_1_18' title="bbox 482 1579 2062 1652">
    <p class='ocr_par' dir='ltr' id='par_1_18' title="bbox 482 1579 2062 1652">
     <span class='ocr_line' id='line_1_18' title="bbox 482 1579 2062 1652; baseline -0.003 -12"><span class='ocrx_word' id='word_1_121' title='bbox 482 1597 603 1640; x_wconf 85' lang='lat' dir='ltr'><strong>sum</strong></span> <span class='ocrx_word' id='word_1_122' title='bbox 637 1590 720 1638; x_wconf 81' lang='lat' dir='ltr'><strong>est</strong></span> <span class='ocrx_word' id='word_1_123' title='bbox 751 1600 764 1636; x_wconf 91' lang='lat'>:</span> <span class='ocrx_word' id='word_1_124' title='bbox 797 1582 1049 1652; x_wconf 90' lang='lat' dir='ltr'><strong>quodque</strong></span> <span class='ocrx_word' id='word_1_125' title='bbox 1088 1597 1154 1636; x_wconf 78' lang='lat' dir='ltr'><strong>ex</strong></span> <span class='ocrx_word' id='word_1_126' title='bbox 1199 1581 1372 1636; x_wconf 87' lang='lat' dir='ltr'><strong>sacris</strong></span> <span class='ocrx_word' id='word_1_127' title='bbox 1427 1579 1734 1652; x_wconf 88' lang='lat' dir='ltr'><strong>Evangeliis</strong></span> <span class='ocrx_word' id='word_1_128' title='bbox 1784 1580 2062 1636; x_wconf 87' lang='lat' dir='ltr'><strong>celebrare</strong></span> 
     </span>
    </p>
   </div>
   <div class='ocr_carea' id='block_1_19' title="bbox 482 1670 2057 1742">
    <p class='ocr_par' dir='ltr' id='par_1_19' title="bbox 482 1670 2057 1742">
     <span class='ocr_line' id='line_1_19' title="bbox 482 1670 2057 1742; baseline -0.002 -13"><span class='ocrx_word' id='word_1_129' title='bbox 482 1681 543 1729; x_wconf 87' lang='lat' dir='ltr'><strong>ut</strong></span> <span class='ocrx_word' id='word_1_130' title='bbox 593 1673 783 1737; x_wconf 90' lang='lat' dir='ltr'><strong>Deum,</strong></span> <span class='ocrx_word' id='word_1_131' title='bbox 814 1673 992 1729; x_wconf 89' lang='lat' dir='ltr'><strong>edocti</strong></span> <span class='ocrx_word' id='word_1_132' title='bbox 1043 1688 1256 1728; x_wconf 89' lang='lat' dir='ltr'><strong>sumus.</strong></span> <span class='ocrx_word' id='word_1_133' title='bbox 1286 1670 1446 1742; x_wconf 76' lang='lat'><strong>265</strong></span> <span class='ocrx_word' id='word_1_134' title='bbox 1488 1670 1770 1742; x_wconf 81' lang='lat' dir='ltr'><strong>Significat</strong></span> <span class='ocrx_word' id='word_1_135' title='bbox 1800 1685 2057 1742; x_wconf 66' lang='lat' dir='ltr'><strong>praeterea</strong></span> 
     </span>
    </p>
   </div>
   <div class='ocr_carea' id='block_1_20' title="bbox 2170 461 3759 534">
    <p class='ocr_par' dir='ltr' id='par_1_20' title="bbox 2170 461 3759 534">
     <span class='ocr_line' id='line_1_20' title="bbox 2170 461 3759 534; baseline -0.003 -16"><span class='ocrx_word' id='word_1_136' title='bbox 2170 463 2298 524; x_wconf 83' lang='grc' dir='ltr'>τῶν.</span> <span class='ocrx_word' id='word_1_137' title='bbox 2331 484 2350 515; x_wconf 69' lang='grc' dir='ltr'><strong>ι</strong></span> <span class='ocrx_word' id='word_1_138' title='bbox 2387 465 2498 516; x_wconf 80' lang='lat' dir='ltr'><strong>Kal</strong></span> <span class='ocrx_word' id='word_1_139' title='bbox 2523 463 2640 534; x_wconf 83' lang='grc' dir='ltr'>μεθ’</span> <span class='ocrx_word' id='word_1_140' title='bbox 2672 463 2868 534; x_wconf 65' lang='grc' dir='ltr'>ἕτεραα</span> <span class='ocrx_word' id='word_1_141' title='bbox 2905 481 2923 513; x_wconf 76' lang='grc' dir='ltr'><strong>ι</strong></span> <span class='ocrx_word' id='word_1_142' title='bbox 2947 461 3353 532; x_wconf 76' lang='grc' dir='ltr'>Ὑψωσάτωσαν</span> <span class='ocrx_word' id='word_1_143' title='bbox 3377 462 3538 515; x_wconf 85' lang='grc' dir='ltr'>αὑτόν</span> <span class='ocrx_word' id='word_1_144' title='bbox 3557 478 3572 492; x_wconf 79' lang='grc' dir='ltr'><strong>ο</strong></span> <span class='ocrx_word' id='word_1_145' title='bbox 3601 461 3759 514; x_wconf 78' lang='grc' dir='ltr'>ἔθετο</span> 
     </span>
    </p>
   </div>
   <div class='ocr_carea' id='block_1_21' title="bbox 2169 554 3752 628">
    <p class='ocr_par' dir='ltr' id='par_1_21' title="bbox 2169 554 3752 628">
     <span class='ocr_line' id='line_1_21' title="bbox 2169 554 3752 628; baseline 0 -20"><span class='ocrx_word' id='word_1_146' title='bbox 2169 558 2448 628; x_wconf 77' lang='grc' dir='ltr'>ποταμοὺς</span> <span class='ocrx_word' id='word_1_147' title='bbox 2471 559 2552 620; x_wconf 90' lang='grc' dir='ltr'><strong>είς</strong></span> <span class='ocrx_word' id='word_1_148' title='bbox 2579 555 2804 627; x_wconf 80' lang='grc' dir='ltr'>ἔρημον,</span> <span class='ocrx_word' id='word_1_149' title='bbox 2833 557 2927 610; x_wconf 75' lang='grc' dir='ltr'><strong>καὶ</strong></span> <span class='ocrx_word' id='word_1_150' title='bbox 2951 555 3216 620; x_wconf 79' lang='grc' dir='ltr'>διεξόδους</span> <span class='ocrx_word' id='word_1_151' title='bbox 3245 554 3452 608; x_wconf 84' lang='grc' dir='ltr'>ὑδάτων</span> <span class='ocrx_word' id='word_1_152' title='bbox 3475 556 3552 618; x_wconf 85' lang='grc' dir='ltr'><strong>εἰς</strong></span> <span class='ocrx_word' id='word_1_153' title='bbox 3574 555 3752 624; x_wconf 74' lang='grc' dir='ltr'>δίψος,</span> 
     </span>
    </p>
   </div>
   <div class='ocr_carea' id='block_1_22' title="bbox 2168 646 3754 720">
    <p class='ocr_par' dir='ltr' id='par_1_22' title="bbox 2168 646 3754 720">
     <span class='ocr_line' id='line_1_22' title="bbox 2168 646 3754 720; baseline -0.003 -17"><span class='ocrx_word' id='word_1_154' title='bbox 2168 649 2273 720; x_wconf 85' lang='grc' dir='ltr'><strong>γῆν</strong></span> <span class='ocrx_word' id='word_1_155' title='bbox 2320 649 2668 720; x_wconf 78' lang='grc' dir='ltr'><strong>καρποφόρον</strong></span> <span class='ocrx_word' id='word_1_156' title='bbox 2712 651 2791 712; x_wconf 88' lang='grc' dir='ltr'><strong>εἰς</strong></span> <span class='ocrx_word' id='word_1_157' title='bbox 2836 648 3014 720; x_wconf 83' lang='grc' dir='ltr'>ἆλμην</span> <span class='ocrx_word' id='word_1_158' title='bbox 3056 648 3164 701; x_wconf 87' lang='grc' dir='ltr'><strong>ἀπὸ</strong></span> <span class='ocrx_word' id='word_1_159' title='bbox 3199 647 3400 710; x_wconf 80' lang='grc' dir='ltr'>κακίας</span> <span class='ocrx_word' id='word_1_160' title='bbox 3425 646 3531 700; x_wconf 90' lang='grc' dir='ltr'><strong>τῶν</strong></span> <span class='ocrx_word' id='word_1_161' title='bbox 3557 665 3754 700; x_wconf 61' lang='grc' dir='ltr'>καίτοι-</span> 
     </span>
    </p>
   </div>
   <div class='ocr_carea' id='block_1_23' title="bbox 2168 739 3756 811">
    <p class='ocr_par' dir='ltr' id='par_1_23' title="bbox 2168 739 3756 811">
     <span class='ocr_line' id='line_1_23' title="bbox 2168 739 3756 811; baseline 0.001 -18"><span class='ocrx_word' id='word_1_162' title='bbox 2168 740 2403 793; x_wconf 86' lang='grc' dir='ltr'>κούντων</span> <span class='ocrx_word' id='word_1_163' title='bbox 2450 741 2508 792; x_wconf 85' lang='grc' dir='ltr'><strong>ἐν</strong></span> <span class='ocrx_word' id='word_1_164' title='bbox 2548 739 2908 811; x_wconf 80' lang='grc' dir='ltr'>αὑτῇ.”Εθετο</span> <span class='ocrx_word' id='word_1_165' title='bbox 2937 740 3035 811; x_wconf 84' lang='grc' dir='ltr'>τὴν</span> <span class='ocrx_word' id='word_1_166' title='bbox 3061 739 3266 811; x_wconf 77' lang='grc' dir='ltr'>ἔρημον</span> <span class='ocrx_word' id='word_1_167' title='bbox 3292 740 3372 802; x_wconf 89' lang='grc' dir='ltr'><strong>εἰς</strong></span> <span class='ocrx_word' id='word_1_168' title='bbox 3394 739 3584 810; x_wconf 84' lang='grc' dir='ltr'>λίμνας</span> <span class='ocrx_word' id='word_1_169' title='bbox 3612 741 3756 794; x_wconf 75' lang='grc' dir='ltr'>ὑδά-</span> 
     </span>
    </p>
   </div>
   <div class='ocr_carea' id='block_1_24' title="bbox 2166 831 3756 904">
    <p class='ocr_par' dir='ltr' id='par_1_24' title="bbox 2166 831 3756 904">
     <span class='ocr_line' id='line_1_24' title="bbox 2166 831 3756 904; baseline -0.002 -17"><span class='ocrx_word' id='word_1_170' title='bbox 2166 850 2294 897; x_wconf 93' lang='grc' dir='ltr'>των,</span> <span class='ocrx_word' id='word_1_171' title='bbox 2320 833 2413 886; x_wconf 67' lang='grc' dir='ltr'><strong>καί⁵</strong></span> <span class='ocrx_word' id='word_1_172' title='bbox 2444 832 2546 904; x_wconf 79' lang='grc' dir='ltr'>γῆν</span> <span class='ocrx_word' id='word_1_173' title='bbox 2574 832 2799 903; x_wconf 85' lang='grc' dir='ltr'>ἄνυδρον</span> <span class='ocrx_word' id='word_1_174' title='bbox 2825 833 2904 895; x_wconf 86' lang='grc' dir='ltr'><strong>εἰς</strong></span> <span class='ocrx_word' id='word_1_175' title='bbox 2935 831 3198 898; x_wconf 70' lang='grc' dir='ltr'>διεξόδους</span> <span class='ocrx_word' id='word_1_176' title='bbox 3228 831 3436 884; x_wconf 81' lang='grc' dir='ltr'>ὑδάτων</span> <span class='ocrx_word' id='word_1_177' title='bbox 3455 847 3470 860; x_wconf 89' lang='grc'><strong>·</strong></span> <span class='ocrx_word' id='word_1_178' title='bbox 3501 833 3592 883; x_wconf 72' lang='grc' dir='ltr'><strong>καὶ</strong></span> <span class='ocrx_word' id='word_1_179' title='bbox 3613 849 3756 884; x_wconf 87' lang='grc' dir='ltr'>κατ-</span> 
     </span>
    </p>
   </div>
   <div class='ocr_carea' id='block_1_25' title="bbox 2165 921 3755 993">
    <p class='ocr_par' dir='ltr' id='par_1_25' title="bbox 2165 921 3755 993">
     <span class='ocr_line' id='line_1_25' title="bbox 2165 921 3755 993; baseline -0.001 -19"><span class='ocrx_word' id='word_1_180' title='bbox 2165 921 2362 992; x_wconf 81' lang='grc' dir='ltr'>ῴκισεν</span> <span class='ocrx_word' id='word_1_181' title='bbox 2391 924 2506 976; x_wconf 84' lang='grc' dir='ltr'>ἐκεῖ</span> <span class='ocrx_word' id='word_1_182' title='bbox 2531 921 2846 985; x_wconf 84' lang='grc' dir='ltr'>πεινῶντας,</span> <span class='ocrx_word' id='word_1_183' title='bbox 2863 923 2957 974; x_wconf 78' lang='grc' dir='ltr'>καὶ</span> <span class='ocrx_word' id='word_1_184' title='bbox 2983 924 3380 993; x_wconf 76' lang='grc' dir='ltr'><strong>συνεστήσαντο</strong></span> <span class='ocrx_word' id='word_1_185' title='bbox 3405 921 3584 984; x_wconf 84' lang='grc' dir='ltr'>πόλεις</span> <span class='ocrx_word' id='word_1_186' title='bbox 3613 939 3755 973; x_wconf 88' lang='grc' dir='ltr'>κατ-</span> 
     </span>
    </p>
   </div>
   <div class='ocr_carea' id='block_1_26' title="bbox 2166 1011 3753 1084">
    <p class='ocr_par' dir='ltr' id='par_1_26' title="bbox 2166 1011 3753 1084">
     <span class='ocr_line' id='line_1_26' title="bbox 2166 1011 3753 1084; baseline -0.003 -15"><span class='ocrx_word' id='word_1_187' title='bbox 2166 1015 2428 1080; x_wconf 88' lang='grc' dir='ltr'>οικεσίας.</span> <span class='ocrx_word' id='word_1_188' title='bbox 2464 1035 2480 1068; x_wconf 74' lang='grc' dir='ltr'><strong>ι</strong></span> <span class='ocrx_word' id='word_1_189' title='bbox 2533 1017 2641 1069; x_wconf 76' lang='lat' dir='ltr'><strong>Kal</strong></span> <span class='ocrx_word' id='word_1_190' title='bbox 2681 1015 2853 1069; x_wconf 76' lang='grc' dir='ltr'>ταῦτα</span> <span class='ocrx_word' id='word_1_191' title='bbox 2929 1015 3116 1084; x_wconf 80' lang='grc' dir='ltr'>σαφῶς</span> <span class='ocrx_word' id='word_1_192' title='bbox 3161 1013 3420 1083; x_wconf 85' lang='grc' dir='ltr'>ὀνομαστὶ</span> <span class='ocrx_word' id='word_1_193' title='bbox 3463 1011 3564 1084; x_wconf 72' lang='grc' dir='ltr'>τὴν</span> <span class='ocrx_word' id='word_1_194' title='bbox 3609 1012 3753 1064; x_wconf 73' lang='grc' dir='ltr'>Θεοῦ</span> 
     </span>
    </p>
   </div>
   <div class='ocr_carea' id='block_1_27' title="bbox 2164 1105 3756 1180">
    <p class='ocr_par' dir='ltr' id='par_1_27' title="bbox 2164 1105 3756 1180">
     <span class='ocr_line' id='line_1_27' title="bbox 2164 1105 3756 1180; baseline -0.004 -18"><span class='ocrx_word' id='word_1_195' title='bbox 2164 1107 2337 1177; x_wconf 83' lang='grc' dir='ltr'>Λόγου</span> <span class='ocrx_word' id='word_1_196' title='bbox 2363 1108 2421 1174; x_wconf 81' lang='grc' dir='ltr'>ἐξ</span> <span class='ocrx_word' id='word_1_197' title='bbox 2449 1106 2694 1180; x_wconf 81' lang='grc' dir='ltr'>οὐρανῶν</span> <span class='ocrx_word' id='word_1_198' title='bbox 2737 1107 2961 1161; x_wconf 90' lang='grc' dir='ltr'>κάθοδον</span> <span class='ocrx_word' id='word_1_199' title='bbox 2998 1105 3423 1176; x_wconf 74' lang='grc' dir='ltr'><strong>εὐαγγελίζεται,</strong></span> <span class='ocrx_word' id='word_1_200' title='bbox 3453 1106 3520 1159; x_wconf 83' lang='grc' dir='ltr'><strong>τά</strong></span> <span class='ocrx_word' id='word_1_201' title='bbox 3555 1121 3612 1157; x_wconf 90' lang='grc' dir='ltr'><strong>τε</strong></span> <span class='ocrx_word' id='word_1_202' title='bbox 3645 1106 3756 1175; x_wconf 74' lang='grc' dir='ltr'>τῆς</span> 
     </span>
    </p>
   </div>
   <div class='ocr_carea' id='block_1_28' title="bbox 2166 1197 3750 1272">
    <p class='ocr_par' dir='ltr' id='par_1_28' title="bbox 2166 1197 3750 1272">
     <span class='ocr_line' id='line_1_28' title="bbox 2166 1197 3750 1272; baseline -0.004 -18"><span class='ocrx_word' id='word_1_203' title='bbox 2166 1200 2469 1272; x_wconf 84' lang='grc' dir='ltr'><strong>παρουσίας</strong></span> <span class='ocrx_word' id='word_1_204' title='bbox 2521 1199 2685 1254; x_wconf 77' lang='grc' dir='ltr'>αὑτοῦ</span> <span class='ocrx_word' id='word_1_205' title='bbox 2720 1199 3136 1272; x_wconf 77' lang='grc' dir='ltr'><strong>κατορθώματα.</strong></span> <span class='ocrx_word' id='word_1_206' title='bbox 3175 1217 3193 1250; x_wconf 76' lang='grc' dir='ltr'><strong>ι</strong></span> <span class='ocrx_word' id='word_1_207' title='bbox 3238 1197 3550 1250; x_wconf 74' lang='grc' dir='ltr'>Ἀπέστειλε</span> <span class='ocrx_word' id='word_1_208' title='bbox 3591 1197 3750 1265; x_wconf 77' lang='grc' dir='ltr'>γοῦν,</span> 
     </span>
    </p>
   </div>
   <div class='ocr_carea' id='block_1_29' title="bbox 2164 1289 3753 1364">
    <p class='ocr_par' dir='ltr' id='par_1_29' title="bbox 2164 1289 3753 1364">
     <span class='ocr_line' id='line_1_29' title="bbox 2164 1289 3753 1364; baseline -0.003 -17"><span class='ocrx_word' id='word_1_209' title='bbox 2164 1294 2320 1364; x_wconf 79' lang='grc' dir='ltr'>φησὶ,</span> <span class='ocrx_word' id='word_1_210' title='bbox 2365 1291 2457 1346; x_wconf 81' lang='grc' dir='ltr'><strong>τὸν</strong></span> <span class='ocrx_word' id='word_1_211' title='bbox 2483 1293 2654 1363; x_wconf 87' lang='grc' dir='ltr'>Λόγον</span> <span class='ocrx_word' id='word_1_212' title='bbox 2687 1293 2876 1356; x_wconf 81' lang='grc' dir='ltr'>αὑτοῦ,</span> <span class='ocrx_word' id='word_1_213' title='bbox 2913 1292 3008 1346; x_wconf 71' lang='grc' dir='ltr'><strong>καὶ</strong></span> <span class='ocrx_word' id='word_1_214' title='bbox 3061 1291 3248 1344; x_wconf 88' lang='grc' dir='ltr'>ἰάσατο</span> <span class='ocrx_word' id='word_1_215' title='bbox 3273 1289 3490 1352; x_wconf 87' lang='grc' dir='ltr'>αὑτούς.</span> <span class='ocrx_word' id='word_1_216' title='bbox 3518 1309 3538 1340; x_wconf 75' lang='grc' dir='ltr'><strong>ι</strong></span> <span class='ocrx_word' id='word_1_217' title='bbox 3571 1289 3753 1356; x_wconf 80' lang='grc' dir='ltr'>Λόγον</span> 
     </span>
    </p>
   </div>
   <div class='ocr_carea' id='block_1_30' title="bbox 2161 1379 3754 1459">
    <p class='ocr_par' dir='ltr' id='par_1_30' title="bbox 2161 1379 3754 1459">
     <span class='ocr_line' id='line_1_30' title="bbox 2161 1379 3754 1459; baseline -0.006 -18"><span class='ocrx_word' id='word_1_218' title='bbox 2161 1389 2219 1441; x_wconf 90' lang='grc' dir='ltr'><strong>δέ</strong></span> <span class='ocrx_word' id='word_1_219' title='bbox 2249 1387 2384 1441; x_wconf 81' lang='grc' dir='ltr'>Θεοῦ</span> <span class='ocrx_word' id='word_1_220' title='bbox 2411 1389 2573 1459; x_wconf 77' lang='grc' dir='ltr'>ἡμεῖς</span> <span class='ocrx_word' id='word_1_221' title='bbox 2604 1386 2790 1456; x_wconf 84' lang='grc' dir='ltr'>σαφῶς</span> <span class='ocrx_word' id='word_1_222' title='bbox 2815 1384 3002 1438; x_wconf 82' lang='grc' dir='ltr'>τοῦτόν</span> <span class='ocrx_word' id='word_1_223' title='bbox 3031 1400 3212 1454; x_wconf 77' lang='grc' dir='ltr'>φαμεν</span> <span class='ocrx_word' id='word_1_224' title='bbox 3243 1383 3332 1436; x_wconf 83' lang='grc' dir='ltr'><strong>τὸν</strong></span> <span class='ocrx_word' id='word_1_225' title='bbox 3363 1379 3501 1454; x_wconf 83' lang='grc' dir='ltr'>πρὸς</span> <span class='ocrx_word' id='word_1_226' title='bbox 3522 1381 3616 1433; x_wconf 82' lang='grc' dir='ltr'><strong>τοὺ</strong></span> <span class='ocrx_word' id='word_1_227' title='bbox 3639 1382 3754 1434; x_wconf 85' lang='grc' dir='ltr'><strong>Πα-</strong></span> 
     </span>
    </p>
   </div>
   <div class='ocr_carea' id='block_1_31' title="bbox 2160 1471 3750 1552">
    <p class='ocr_par' dir='ltr' id='par_1_31' title="bbox 2160 1471 3750 1552">
     <span class='ocr_line' id='line_1_31' title="bbox 2160 1471 3750 1552; baseline -0.005 -19"><span class='ocrx_word' id='word_1_228' title='bbox 2160 1479 2289 1552; x_wconf 76' lang='grc' dir='ltr'>τρὸς</span> <span class='ocrx_word' id='word_1_229' title='bbox 2323 1479 2695 1533; x_wconf 84' lang='grc' dir='ltr'>ἀποσταλέντα</span> <span class='ocrx_word' id='word_1_230' title='bbox 2729 1479 2894 1531; x_wconf 80' lang='grc' dir='ltr'>πᾶσιν</span> <span class='ocrx_word' id='word_1_231' title='bbox 2923 1474 3230 1546; x_wconf 87' lang='grc' dir='ltr'>ἀνθρώποις</span> <span class='ocrx_word' id='word_1_232' title='bbox 3260 1471 3522 1545; x_wconf 73' lang='grc' dir='ltr'>Σωτῆραο</span> <span class='ocrx_word' id='word_1_233' title='bbox 3555 1474 3614 1527; x_wconf 76' lang='grc' dir='ltr'><strong>ὃν</strong></span> <span class='ocrx_word' id='word_1_234' title='bbox 3651 1474 3750 1527; x_wconf 74' lang='grc' dir='ltr'>καὶ</span> 
     </span>
    </p>
   </div>
   <div class='ocr_carea' id='block_1_32' title="bbox 2161 1567 3746 1644">
    <p class='ocr_par' dir='ltr' id='par_1_32' title="bbox 2161 1567 3746 1644">
     <span class='ocr_line' id='line_1_32' title="bbox 2161 1567 3746 1644; baseline -0.004 -19"><span class='ocrx_word' id='word_1_235' title='bbox 2161 1571 2248 1626; x_wconf 86' lang='grc' dir='ltr'>διὰ</span> <span class='ocrx_word' id='word_1_236' title='bbox 2279 1571 2388 1624; x_wconf 92' lang='grc' dir='ltr'><strong>τῶν</strong></span> <span class='ocrx_word' id='word_1_237' title='bbox 2413 1571 2572 1644; x_wconf 89' lang='grc' dir='ltr'>ἱερῶν</span> <span class='ocrx_word' id='word_1_238' title='bbox 2607 1570 2956 1641; x_wconf 73' lang='grc' dir='ltr'>Εὑαγγελίωγ</span> <span class='ocrx_word' id='word_1_239' title='bbox 3005 1567 3270 1637; x_wconf 86' lang='grc' dir='ltr'>θεολογεῖν</span> <span class='ocrx_word' id='word_1_240' title='bbox 3304 1567 3746 1638; x_wconf 75' lang='grc' dir='ltr'>πεπαιδεύμεθα.</span> 
     </span>
    </p>
   </div>
   <div class='ocr_carea' id='block_1_33' title="bbox 2161 1659 3750 1733">
    <p class='ocr_par' dir='ltr' id='par_1_33' title="bbox 2161 1659 3750 1733">
     <span class='ocr_line' id='line_1_33' title="bbox 2161 1659 3750 1733; baseline -0.001 -19"><span class='ocrx_word' id='word_1_241' title='bbox 2161 1663 2464 1716; x_wconf 84' lang='grc' dir='ltr'>Αἱνίττεται</span> <span class='ocrx_word' id='word_1_242' title='bbox 2493 1662 2549 1715; x_wconf 79' lang='grc' dir='ltr'>δὲ</span> <span class='ocrx_word' id='word_1_243' title='bbox 2592 1663 2686 1714; x_wconf 75' lang='grc' dir='ltr'><strong>καὶ</strong></span> <span class='ocrx_word' id='word_1_244' title='bbox 2716 1662 2813 1733; x_wconf 83' lang='grc' dir='ltr'><strong>τὴν</strong></span> <span class='ocrx_word' id='word_1_245' title='bbox 2860 1661 3022 1733; x_wconf 87' lang='grc' dir='ltr'>μέχρι</span> <span class='ocrx_word' id='word_1_246' title='bbox 3050 1660 3280 1714; x_wconf 90' lang='grc' dir='ltr'>θανάτου</span> <span class='ocrx_word' id='word_1_247' title='bbox 3317 1660 3542 1714; x_wconf 82' lang='grc' dir='ltr'>κάθοδον</span> <span class='ocrx_word' id='word_1_248' title='bbox 3574 1659 3750 1714; x_wconf 73' lang='grc' dir='ltr'>αὑτοῦ</span> 
     </span>
    </p>
   </div>
   <div class='ocr_carea' id='block_1_34' title="bbox 481 1748 2048 1836">
    <p class='ocr_par' dir='ltr' id='par_1_34' title="bbox 481 1764 2048 1836">
     <span class='ocr_line' id='line_1_34' title="bbox 481 1764 2048 1836; baseline -0.001 -16"><span class='ocrx_word' id='word_1_249' title='bbox 481 1765 630 1821; x_wconf 86' lang='lat' dir='ltr'><strong>illius</strong></span> <span class='ocrx_word' id='word_1_250' title='bbox 678 1781 849 1836; x_wconf 89' lang='lat' dir='ltr'><strong>usque</strong></span> <span class='ocrx_word' id='word_1_251' title='bbox 882 1764 951 1818; x_wconf 89' lang='lat' dir='ltr'><strong>ad</strong></span> <span class='ocrx_word' id='word_1_252' title='bbox 1002 1771 1234 1819; x_wconf 86' lang='lat' dir='ltr'><strong>mortem</strong></span> <span class='ocrx_word' id='word_1_253' title='bbox 1284 1765 1632 1828; x_wconf 83' lang='lat' dir='ltr'><strong>descensum,</strong></span> <span class='ocrx_word' id='word_1_254' title='bbox 1677 1779 1787 1834; x_wconf 87' lang='lat' dir='ltr'><strong>quo</strong></span> <span class='ocrx_word' id='word_1_255' title='bbox 1841 1775 2048 1835; x_wconf 80' lang='lat' dir='ltr'><strong>propter</strong></span> 
     </span>
    </p>
   </div>
   <div class='ocr_carea' id='block_1_35' title="bbox 2155 1748 3750 1836">
    <p class='ocr_par' dir='ltr' id='par_1_35' title="bbox 2156 1748 3750 1822">
     <span class='ocr_line' id='line_1_35' title="bbox 2156 1748 3750 1822; baseline -0.004 -16"><span class='ocrx_word' id='word_1_256' title='bbox 2156 1753 2243 1807; x_wconf 82' lang='grc' dir='ltr'>διὰ</span> <span class='ocrx_word' id='word_1_257' title='bbox 2284 1754 2411 1817; x_wconf 77' lang='grc' dir='ltr'>τοὺς</span> <span class='ocrx_word' id='word_1_258' title='bbox 2484 1751 2788 1822; x_wconf 78' lang='grc' dir='ltr'>ἐφθακότας</span> <span class='ocrx_word' id='word_1_259' title='bbox 2849 1753 2928 1814; x_wconf 88' lang='grc' dir='ltr'><strong>εἰς</strong></span> <span class='ocrx_word' id='word_1_260' title='bbox 2975 1749 3162 1803; x_wconf 78' lang='grc' dir='ltr'>τοῦτον</span> <span class='ocrx_word' id='word_1_261' title='bbox 3204 1749 3600 1820; x_wconf 73' lang='grc' dir='ltr'><strong>γεγενημένην·</strong></span> <span class='ocrx_word' id='word_1_262' title='bbox 3649 1748 3750 1800; x_wconf 75' lang='grc' dir='ltr'><strong>καὶ</strong></span> 
     </span>
    </p>
   </div>
   <div class='ocr_carea' id='block_1_36' title="bbox 480 1858 2054 1929">
    <p class='ocr_par' dir='ltr' id='par_1_36' title="bbox 480 1858 2054 1929">
     <span class='ocr_line' id='line_1_36' title="bbox 480 1858 2054 1929; baseline -0.001 -16"><span class='ocrx_word' id='word_1_263' title='bbox 480 1872 596 1922; x_wconf 83' lang='lat' dir='ltr'><strong>eos,</strong></span> <span class='ocrx_word' id='word_1_264' title='bbox 631 1859 723 1929; x_wconf 87' lang='lat' dir='ltr'><strong>qui</strong></span> <span class='ocrx_word' id='word_1_265' title='bbox 758 1859 824 1912; x_wconf 89' lang='lat' dir='ltr'><strong>ad</strong></span> <span class='ocrx_word' id='word_1_266' title='bbox 875 1858 1015 1912; x_wconf 89' lang='lat' dir='ltr'><strong>hanc</strong></span> <span class='ocrx_word' id='word_1_267' title='bbox 1047 1866 1173 1912; x_wconf 87' lang='lat' dir='ltr'><strong>ante</strong></span> <span class='ocrx_word' id='word_1_268' title='bbox 1217 1859 1396 1928; x_wconf 85' lang='lat' dir='ltr'><strong>ipsum</strong></span> <span class='ocrx_word' id='word_1_269' title='bbox 1435 1867 1720 1921; x_wconf 86' lang='lat' dir='ltr'><strong>venerant.</strong></span> <span class='ocrx_word' id='word_1_270' title='bbox 1756 1873 1890 1913; x_wconf 89' lang='lat' dir='ltr'><strong>usus</strong></span> <span class='ocrx_word' id='word_1_271' title='bbox 1925 1867 2007 1914; x_wconf 88' lang='lat' dir='ltr'><strong>est</strong></span> <span class='ocrx_word' id='word_1_272' title='bbox 2041 1877 2054 1912; x_wconf 90' lang='lat'>:</span> 
     </span>
    </p>
   </div>
   <div class='ocr_carea' id='block_1_37' title="bbox 479 1951 2058 2021">
    <p class='ocr_par' dir='ltr' id='par_1_37' title="bbox 479 1951 2058 2021">
     <span class='ocr_line' id='line_1_37' title="bbox 479 1951 2058 2021; baseline 0 -15"><span class='ocrx_word' id='word_1_273' title='bbox 479 1951 643 2006; x_wconf 88' lang='lat' dir='ltr'><strong>etiam</strong></span> <span class='ocrx_word' id='word_1_274' title='bbox 681 1951 945 2006; x_wconf 89' lang='lat' dir='ltr'><strong>adventus</strong></span> <span class='ocrx_word' id='word_1_275' title='bbox 978 1951 1151 2021; x_wconf 89' lang='lat' dir='ltr'><strong>ipsius</strong></span> <span class='ocrx_word' id='word_1_276' title='bbox 1187 1965 1410 2005; x_wconf 89' lang='lat' dir='ltr'><strong>causam</strong></span> <span class='ocrx_word' id='word_1_277' title='bbox 1442 1951 1622 2015; x_wconf 85' lang='lat' dir='ltr'><strong>docet,</strong></span> <span class='ocrx_word' id='word_1_278' title='bbox 1655 1951 1845 2021; x_wconf 87' lang='lat' dir='ltr'><strong>utique</strong></span> <span class='ocrx_word' id='word_1_279' title='bbox 1879 1960 1936 2005; x_wconf 93' lang='lat' dir='ltr'><strong>ut</strong></span> <span class='ocrx_word' id='word_1_280' title='bbox 1963 1966 2058 2006; x_wconf 89' lang='lat' dir='ltr'><strong>eos</strong></span> 
     </span>
    </p>
   </div>
   <div class='ocr_carea' id='block_1_38' title="bbox 480 2041 2058 2112">
    <p class='ocr_par' dir='ltr' id='par_1_38' title="bbox 480 2041 2058 2112">
     <span class='ocr_line' id='line_1_38' title="bbox 480 2041 2058 2112; baseline 0.001 -15"><span class='ocrx_word' id='word_1_281' title='bbox 480 2041 757 2104; x_wconf 86' lang='lat' dir='ltr'><strong>liberaret,</strong></span> <span class='ocrx_word' id='word_1_282' title='bbox 781 2041 873 2112; x_wconf 88' lang='lat' dir='ltr'><strong>qui</strong></span> <span class='ocrx_word' id='word_1_283' title='bbox 926 2057 1020 2111; x_wconf 91' lang='lat' dir='ltr'><strong>per</strong></span> <span class='ocrx_word' id='word_1_284' title='bbox 1069 2041 1245 2111; x_wconf 85' lang='lat' dir='ltr'><strong>ipsum</strong></span> <span class='ocrx_word' id='word_1_285' title='bbox 1295 2041 1550 2096; x_wconf 83' lang='lat' dir='ltr'><strong>servandi</strong></span> <span class='ocrx_word' id='word_1_286' title='bbox 1587 2051 1762 2096; x_wconf 89' lang='lat' dir='ltr'><strong>erant.</strong></span> <span class='ocrx_word' id='word_1_287' title='bbox 1800 2041 1934 2096; x_wconf 85' lang='lat' dir='ltr'><strong>Nam</strong></span> <span class='ocrx_word' id='word_1_288' title='bbox 1963 2057 2058 2098; x_wconf 91' lang='lat' dir='ltr'><strong>eos</strong></span> 
     </span>
    </p>
   </div>
   <div class='ocr_carea' id='block_1_39' title="bbox 477 2132 2058 2205">
    <p class='ocr_par' dir='ltr' id='par_1_39' title="bbox 477 2132 2058 2205">
     <span class='ocr_line' id='line_1_39' title="bbox 477 2132 2058 2205; baseline 0.001 -19"><span class='ocrx_word' id='word_1_289' title='bbox 477 2133 570 2204; x_wconf 90' lang='lat' dir='ltr'><strong>qui</strong></span> <span class='ocrx_word' id='word_1_290' title='bbox 621 2141 749 2188; x_wconf 91' lang='lat' dir='ltr'><strong>ante</strong></span> <span class='ocrx_word' id='word_1_291' title='bbox 795 2133 995 2204; x_wconf 92' lang='lat' dir='ltr'><strong>ipsum,</strong></span> <span class='ocrx_word' id='word_1_292' title='bbox 1032 2148 1208 2204; x_wconf 90' lang='lat' dir='ltr'><strong>usque</strong></span> <span class='ocrx_word' id='word_1_293' title='bbox 1248 2132 1316 2187; x_wconf 90' lang='lat' dir='ltr'><strong>ad</strong></span> <span class='ocrx_word' id='word_1_294' title='bbox 1353 2139 1542 2202; x_wconf 88' lang='lat' dir='ltr'><strong>portas</strong></span> <span class='ocrx_word' id='word_1_295' title='bbox 1575 2134 1768 2188; x_wconf 91' lang='lat' dir='ltr'><strong>mortis</strong></span> <span class='ocrx_word' id='word_1_296' title='bbox 1797 2149 2058 2205; x_wconf 76' lang='lat' dir='ltr'><strong>pervene-</strong></span> 
     </span>
    </p>
   </div>
   <div class='ocr_carea' id='block_1_40' title="bbox 478 2225 2054 2296">
    <p class='ocr_par' dir='ltr' id='par_1_40' title="bbox 478 2225 2054 2296">
     <span class='ocr_line' id='line_1_40' title="bbox 478 2225 2054 2296; baseline -0.001 -14"><span class='ocrx_word' id='word_1_297' title='bbox 478 2234 622 2290; x_wconf 85' lang='lat' dir='ltr'><strong>rant,</strong></span> <span class='ocrx_word' id='word_1_298' title='bbox 671 2226 786 2296; x_wconf 89' lang='lat' dir='ltr'><strong>ipse</strong></span> <span class='ocrx_word' id='word_1_299' title='bbox 837 2225 988 2281; x_wconf 88' lang='lat' dir='ltr'><strong>solus</strong></span> <span class='ocrx_word' id='word_1_300' title='bbox 1036 2225 1295 2287; x_wconf 90' lang='lat' dir='ltr'><strong>servavit,</strong></span> <span class='ocrx_word' id='word_1_301' title='bbox 1349 2233 1513 2296; x_wconf 91' lang='lat' dir='ltr'><strong>atque</strong></span> <span class='ocrx_word' id='word_1_302' title='bbox 1561 2225 1783 2281; x_wconf 89' lang='lat' dir='ltr'><strong>eosdem</strong></span> <span class='ocrx_word' id='word_1_303' title='bbox 1833 2227 2054 2281; x_wconf 89' lang='lat' dir='ltr'><strong>sanitati</strong></span> 
     </span>
    </p>
   </div>
   <div class='ocr_carea' id='block_1_41' title="bbox 475 2317 2055 2388">
    <p class='ocr_par' dir='ltr' id='par_1_41' title="bbox 475 2317 2055 2388">
     <span class='ocr_line' id='line_1_41' title="bbox 475 2317 2055 2388; baseline 0.001 -16"><span class='ocrx_word' id='word_1_304' title='bbox 475 2317 887 2380; x_wconf 85' lang='lat' dir='ltr'><strong>restituens,de</strong></span> <span class='ocrx_word' id='word_1_305' title='bbox 937 2317 1347 2372; x_wconf 87' lang='lat' dir='ltr'><strong>interitionibus</strong></span> <span class='ocrx_word' id='word_1_306' title='bbox 1403 2317 1650 2388; x_wconf 91' lang='lat' dir='ltr'><strong>ipsorum</strong></span> <span class='ocrx_word' id='word_1_307' title='bbox 1705 2317 1924 2387; x_wconf 87' lang='lat' dir='ltr'><strong>eripuit,</strong></span> <span class='ocrx_word' id='word_1_308' title='bbox 1959 2334 2055 2374; x_wconf 82' lang='lat' dir='ltr'><strong>ne-</strong></span> 
     </span>
    </p>
   </div>
   <div class='ocr_carea' id='block_1_42' title="bbox 474 2409 2055 2481">
    <p class='ocr_par' dir='ltr' id='par_1_42' title="bbox 474 2409 2055 2481">
     <span class='ocr_line' id='line_1_42' title="bbox 474 2409 2055 2481; baseline 0.001 -17"><span class='ocrx_word' id='word_1_309' title='bbox 474 2425 582 2481; x_wconf 91' lang='lat' dir='ltr'><strong>que</strong></span> <span class='ocrx_word' id='word_1_310' title='bbox 629 2411 732 2465; x_wconf 91' lang='lat' dir='ltr'><strong>hoc</strong></span> <span class='ocrx_word' id='word_1_311' title='bbox 776 2410 937 2465; x_wconf 88' lang='lat' dir='ltr'><strong>aliter</strong></span> <span class='ocrx_word' id='word_1_312' title='bbox 987 2409 1234 2480; x_wconf 90' lang='lat' dir='ltr'><strong>perfecit,</strong></span> <span class='ocrx_word' id='word_1_313' title='bbox 1270 2424 1433 2480; x_wconf 91' lang='lat' dir='ltr'><strong>quam</strong></span> <span class='ocrx_word' id='word_1_314' title='bbox 1487 2423 1581 2465; x_wconf 88' lang='lat' dir='ltr'><strong>eas</strong></span> <span class='ocrx_word' id='word_1_315' title='bbox 1636 2410 1830 2464; x_wconf 83' lang='lat' dir='ltr'><strong>mortis</strong></span> <span class='ocrx_word' id='word_1_316' title='bbox 1868 2418 2055 2480; x_wconf 85' lang='lat' dir='ltr'><strong>portas</strong></span> 
     </span>
    </p>
   </div>
   <div class='ocr_carea' id='block_1_43' title="bbox 475 2501 2057 2574">
    <p class='ocr_par' dir='ltr' id='par_1_43' title="bbox 475 2501 2057 2574">
     <span class='ocr_line' id='line_1_43' title="bbox 475 2501 2057 2574; baseline 0 -18"><span class='ocrx_word' id='word_1_317' title='bbox 475 2511 785 2568; x_wconf 82' lang='lat' dir='ltr'><strong>conterens,</strong></span> <span class='ocrx_word' id='word_1_318' title='bbox 828 2519 948 2574; x_wconf 71' lang='lat' dir='ltr'><strong>qua:</strong></span> <span class='ocrx_word' id='word_1_319' title='bbox 999 2518 1155 2557; x_wconf 67' lang='lat' dir='ltr'><strong>aereae</strong></span> <span class='ocrx_word' id='word_1_320' title='bbox 1184 2501 1466 2567; x_wconf 91' lang='lat' dir='ltr'><strong>dicuntur,</strong></span> <span class='ocrx_word' id='word_1_321' title='bbox 1502 2511 1557 2556; x_wconf 92' lang='lat' dir='ltr'><strong>et</strong></span> <span class='ocrx_word' id='word_1_322' title='bbox 1585 2511 1770 2557; x_wconf 87' lang='lat' dir='ltr'><strong>vectes</strong></span> <span class='ocrx_word' id='word_1_323' title='bbox 1809 2502 2057 2557; x_wconf 83' lang='lat' dir='ltr'><strong>confrin-</strong></span> 
     </span>
    </p>
   </div>
   <div class='ocr_carea' id='block_1_44' title="bbox 473 2595 2055 2670">
    <p class='ocr_par' dir='ltr' id='par_1_44' title="bbox 473 2595 2055 2670">
     <span class='ocr_line' id='line_1_44' title="bbox 473 2595 2055 2670; baseline -0.003 -17"><span class='ocrx_word' id='word_1_324' title='bbox 473 2613 631 2670; x_wconf 85' lang='lat' dir='ltr'><strong>gens,</strong></span> <span class='ocrx_word' id='word_1_325' title='bbox 685 2597 779 2666; x_wconf 90' lang='lat' dir='ltr'><strong>qui</strong></span> <span class='ocrx_word' id='word_1_326' title='bbox 822 2595 982 2651; x_wconf 89' lang='lat' dir='ltr'><strong>ferrei</strong></span> <span class='ocrx_word' id='word_1_327' title='bbox 1015 2611 1119 2650; x_wconf 89' lang='lat' dir='ltr'><strong>:ac</strong></span> <span class='ocrx_word' id='word_1_328' title='bbox 1151 2595 1410 2665; x_wconf 90' lang='lat' dir='ltr'><strong>deinceps</strong></span> <span class='ocrx_word' id='word_1_329' title='bbox 1458 2602 1579 2664; x_wconf 86' lang='lat' dir='ltr'><strong>post</strong></span> <span class='ocrx_word' id='word_1_330' title='bbox 1622 2595 1735 2648; x_wconf 78' lang='lat' dir='ltr'><strong>haec</strong></span> <span class='ocrx_word' id='word_1_331' title='bbox 1775 2603 1924 2648; x_wconf 91' lang='lat' dir='ltr'><strong>certo</strong></span> <span class='ocrx_word' id='word_1_332' title='bbox 1963 2609 2055 2650; x_wconf 88' lang='lat' dir='ltr'><strong>or-</strong></span> 
     </span>
    </p>
   </div>
   <div class='ocr_carea' id='block_1_45' title="bbox 473 2686 2049 2758">
    <p class='ocr_par' dir='ltr' id='par_1_45' title="bbox 473 2686 2049 2758">
     <span class='ocr_line' id='line_1_45' title="bbox 473 2686 2049 2758; baseline -0.002 -13"><span class='ocrx_word' id='word_1_333' title='bbox 473 2690 603 2746; x_wconf 86' lang='lat' dir='ltr'><strong>dine</strong></span> <span class='ocrx_word' id='word_1_334' title='bbox 647 2689 876 2750; x_wconf 86' lang='lat' dir='ltr'><strong>divinat.</strong></span> <span class='ocrx_word' id='word_1_335' title='bbox 914 2703 1009 2743; x_wconf 90' lang='lat' dir='ltr'><strong>eos</strong></span> <span class='ocrx_word' id='word_1_336' title='bbox 1051 2703 1176 2742; x_wconf 87' lang='lat' dir='ltr'><strong>esse</strong></span> <span class='ocrx_word' id='word_1_337' title='bbox 1209 2687 1264 2741; x_wconf 91' lang='lat' dir='ltr'><strong>in</strong></span> <span class='ocrx_word' id='word_1_338' title='bbox 1306 2686 1656 2741; x_wconf 91' lang='lat' dir='ltr'><strong>solitudinem</strong></span> <span class='ocrx_word' id='word_1_339' title='bbox 1705 2687 2049 2758; x_wconf 83' lang='lat' dir='ltr'><strong>redigendos,</strong></span> 
     </span>
    </p>
   </div>
   <div class='ocr_carea' id='block_1_46' title="bbox 475 2777 2053 2848">
    <p class='ocr_par' dir='ltr' id='par_1_46' title="bbox 475 2777 2053 2848">
     <span class='ocr_line' id='line_1_46' title="bbox 475 2777 2053 2848; baseline 0.003 -18"><span class='ocrx_word' id='word_1_340' title='bbox 475 2778 570 2848; x_wconf 87' lang='lat' dir='ltr'><strong>qui</strong></span> <span class='ocrx_word' id='word_1_341' title='bbox 616 2777 794 2848; x_wconf 89' lang='lat' dir='ltr'><strong>ipsum</strong></span> <span class='ocrx_word' id='word_1_342' title='bbox 845 2778 1152 2832; x_wconf 80' lang='lat' dir='ltr'><strong>venientem</strong></span> <span class='ocrx_word' id='word_1_343' title='bbox 1198 2792 1306 2830; x_wconf 92' lang='lat' dir='ltr'><strong>non</strong></span> <span class='ocrx_word' id='word_1_344' title='bbox 1375 2777 1737 2848; x_wconf 86' lang='lat' dir='ltr'><strong>susceperint.</strong></span> <span class='ocrx_word' id='word_1_345' title='bbox 1788 2798 1806 2830; x_wconf 78' lang='grc' dir='ltr'><strong>ι</strong></span> <span class='ocrx_word' id='word_1_346' title='bbox 1863 2779 2053 2834; x_wconf 86' lang='lat' dir='ltr'><strong>Posuit</strong></span> 
     </span>
    </p>
   </div>
   <div class='ocr_carea' id='block_1_47' title="bbox 473 2869 2053 2942">
    <p class='ocr_par' dir='ltr' id='par_1_47' title="bbox 473 2869 2053 2942">
     <span class='ocr_line' id='line_1_47' title="bbox 473 2869 2053 2942; baseline -0.001 -17"><span class='ocrx_word' id='word_1_347' title='bbox 473 2871 643 2934; x_wconf 90' lang='lat' dir='ltr'><strong>enim,</strong></span> <span class='ocrx_word' id='word_1_348' title='bbox 675 2871 870 2941; x_wconf 89' lang='lat' dir='ltr'><strong>inquit,</strong></span> <span class='ocrx_word' id='word_1_349' title='bbox 895 2869 1117 2924; x_wconf 85' lang='lat' dir='ltr'><strong>flumina</strong></span> <span class='ocrx_word' id='word_1_350' title='bbox 1147 2870 1201 2925; x_wconf 92' lang='lat' dir='ltr'><strong>in</strong></span> <span class='ocrx_word' id='word_1_351' title='bbox 1230 2869 1528 2934; x_wconf 87' lang='lat' dir='ltr'><strong>desertum,</strong></span> <span class='ocrx_word' id='word_1_352' title='bbox 1560 2877 1615 2924; x_wconf 90' lang='lat' dir='ltr'><strong>et</strong></span> <span class='ocrx_word' id='word_1_353' title='bbox 1663 2870 1842 2925; x_wconf 73' lang='lat' dir='ltr'><strong>exitus</strong></span> <span class='ocrx_word' id='word_1_354' title='bbox 1885 2885 2053 2942; x_wconf 89' lang='lat' dir='ltr'><strong>aqua-</strong></span> 
     </span>
    </p>
   </div>
   <div class='ocr_carea' id='block_1_48' title="bbox 475 2962 2051 3035">
    <p class='ocr_par' dir='ltr' id='par_1_48' title="bbox 475 2962 2051 3035">
     <span class='ocr_line' id='line_1_48' title="bbox 475 2962 2051 3035; baseline 0 -16"><span class='ocrx_word' id='word_1_355' title='bbox 475 2979 596 3019; x_wconf 89' lang='lat' dir='ltr'><strong>rum</strong></span> <span class='ocrx_word' id='word_1_356' title='bbox 644 2966 699 3018; x_wconf 93' lang='lat' dir='ltr'><strong>in</strong></span> <span class='ocrx_word' id='word_1_357' title='bbox 749 2964 920 3027; x_wconf 91' lang='lat' dir='ltr'><strong>sitim,</strong></span> <span class='ocrx_word' id='word_1_358' title='bbox 951 2969 1156 3018; x_wconf 89' lang='lat' dir='ltr'><strong>terram</strong></span> <span class='ocrx_word' id='word_1_359' title='bbox 1194 2962 1533 3018; x_wconf 88' lang='lat' dir='ltr'><strong>fructiferam</strong></span> <span class='ocrx_word' id='word_1_360' title='bbox 1571 2965 1627 3018; x_wconf 89' lang='lat' dir='ltr'><strong>in</strong></span> <span class='ocrx_word' id='word_1_361' title='bbox 1655 2964 1985 3035; x_wconf 83' lang='lat' dir='ltr'><strong>salsuginem</strong></span> <span class='ocrx_word' id='word_1_362' title='bbox 2018 2979 2051 3019; x_wconf 70' lang='grc' dir='ltr'>ι</span> 
     </span>
    </p>
   </div>
   <div class='ocr_carea' id='block_1_49' title="bbox 474 3053 2049 3126">
    <p class='ocr_par' dir='ltr' id='par_1_49' title="bbox 474 3053 2049 3126">
     <span class='ocr_line' id='line_1_49' title="bbox 474 3053 2049 3126; baseline 0.001 -16"><span class='ocrx_word' id='word_1_363' title='bbox 474 3055 679 3110; x_wconf 89' lang='lat' dir='ltr'><strong>malitia</strong></span> <span class='ocrx_word' id='word_1_364' title='bbox 738 3053 1158 3108; x_wconf 83' lang='lat' dir='ltr'><strong>inhabitantium</strong></span> <span class='ocrx_word' id='word_1_365' title='bbox 1206 3055 1262 3109; x_wconf 91' lang='lat' dir='ltr'><strong>in</strong></span> <span class='ocrx_word' id='word_1_366' title='bbox 1308 3069 1392 3110; x_wconf 89' lang='lat' dir='ltr'><strong>ea.</strong></span> <span class='ocrx_word' id='word_1_367' title='bbox 1431 3073 1449 3108; x_wconf 75' lang='grc' dir='ltr'><strong>ι</strong></span> <span class='ocrx_word' id='word_1_368' title='bbox 1484 3053 1615 3121; x_wconf 67' lang='lat' dir='ltr'><strong>Quae</strong></span> <span class='ocrx_word' id='word_1_369' title='bbox 1640 3055 1863 3126; x_wconf 87' lang='lat' dir='ltr'><strong>quidem</strong></span> <span class='ocrx_word' id='word_1_370' title='bbox 1891 3055 2049 3126; x_wconf 89' lang='lat' dir='ltr'><strong>plane</strong></span> 
     </span>
    </p>
   </div>
   <div class='ocr_carea' id='block_1_50' title="bbox 473 3146 2049 3219">
    <p class='ocr_par' dir='ltr' id='par_1_50' title="bbox 473 3146 2049 3219">
     <span class='ocr_line' id='line_1_50' title="bbox 473 3146 2049 3219; baseline 0.002 -17"><span class='ocrx_word' id='word_1_371' title='bbox 473 3147 689 3218; x_wconf 86' lang='lat' dir='ltr'><strong>cognita</strong></span> <span class='ocrx_word' id='word_1_372' title='bbox 721 3148 966 3211; x_wconf 88' lang='lat' dir='ltr'><strong>habebis,</strong></span> <span class='ocrx_word' id='word_1_373' title='bbox 987 3147 1034 3202; x_wconf 91' lang='lat' dir='ltr'><strong>si</strong></span> <span class='ocrx_word' id='word_1_374' title='bbox 1059 3147 1396 3217; x_wconf 86' lang='lat' dir='ltr'><strong>percurreris</strong></span> <span class='ocrx_word' id='word_1_375' title='bbox 1423 3147 1573 3202; x_wconf 89' lang='lat' dir='ltr'><strong>illam</strong></span> <span class='ocrx_word' id='word_1_376' title='bbox 1601 3146 1842 3204; x_wconf 66' lang='lat' dir='ltr'><strong>Judaicaa</strong></span> <span class='ocrx_word' id='word_1_377' title='bbox 1871 3149 2049 3219; x_wconf 84' lang='lat' dir='ltr'><strong>gentis</strong></span> 
     </span>
    </p>
   </div>
   <div class='ocr_carea' id='block_1_51' title="bbox 472 3236 2046 3310">
    <p class='ocr_par' dir='ltr' id='par_1_51' title="bbox 472 3236 2046 3310">
     <span class='ocr_line' id='line_1_51' title="bbox 472 3236 2046 3310; baseline 0 -18"><span class='ocrx_word' id='word_1_378' title='bbox 472 3239 772 3310; x_wconf 88' lang='lat' dir='ltr'><strong>antiquitus</strong></span> <span class='ocrx_word' id='word_1_379' title='bbox 804 3237 1134 3293; x_wconf 89' lang='lat' dir='ltr'><strong>celebratam</strong></span> <span class='ocrx_word' id='word_1_380' title='bbox 1162 3236 1465 3294; x_wconf 83' lang='lat' dir='ltr'><strong>Jerusalem</strong></span> <span class='ocrx_word' id='word_1_381' title='bbox 1485 3281 1499 3305; x_wconf 92' lang='lat'><strong>,</strong></span> <span class='ocrx_word' id='word_1_382' title='bbox 1522 3239 1759 3310; x_wconf 84' lang='lat' dir='ltr'><strong>ejusque</strong></span> <span class='ocrx_word' id='word_1_383' title='bbox 1794 3239 2046 3310; x_wconf 78' lang='lat' dir='ltr'><strong>gloriam,</strong></span> 
     </span>
    </p>
   </div>
   <div class='ocr_carea' id='block_1_52' title="bbox 471 3309 2049 3400">
    <p class='ocr_par' dir='ltr' id='par_1_52' title="bbox 471 3309 2049 3400">
     <span class='ocr_line' id='line_1_52' title="bbox 471 3309 2049 3400; baseline 0.002 -18"><span class='ocrx_word' id='word_1_384' title='bbox 471 3343 537 3382; x_wconf 86' lang='lat' dir='ltr'><strong>ac</strong></span> <span class='ocrx_word' id='word_1_385' title='bbox 570 3309 769 3382; x_wconf 60' lang='lat' dir='ltr'><strong>divinae</strong></span> <span class='ocrx_word' id='word_1_386' title='bbox 823 3327 996 3400; x_wconf 80' lang='lat' dir='ltr'><strong>frugis</strong></span> <span class='ocrx_word' id='word_1_387' title='bbox 1057 3339 1402 3398; x_wconf 83' lang='lat' dir='ltr'><strong>proventum.</strong></span> <span class='ocrx_word' id='word_1_388' title='bbox 1435 3309 1624 3383; x_wconf 77' lang='lat' dir='ltr'><strong>eorum</strong></span> <span class='ocrx_word' id='word_1_389' title='bbox 1678 3309 1866 3400; x_wconf 88' lang='lat' dir='ltr'><strong>utique</strong></span> <span class='ocrx_word' id='word_1_390' title='bbox 1919 3346 2049 3385; x_wconf 87' lang='lat' dir='ltr'><strong>san-</strong></span> 
     </span>
    </p>
   </div>
   <div class='ocr_carea' id='block_1_53' title="bbox 471 3419 2046 3492">
    <p class='ocr_par' dir='ltr' id='par_1_53' title="bbox 471 3419 2046 3492">
     <span class='ocr_line' id='line_1_53' title="bbox 471 3419 2046 3492; baseline 0.003 -20"><span class='ocrx_word' id='word_1_391' title='bbox 471 3427 683 3473; x_wconf 85' lang='lat' dir='ltr'><strong>ctorum</strong></span> <span class='ocrx_word' id='word_1_392' title='bbox 743 3419 1026 3474; x_wconf 87' lang='lat' dir='ltr'><strong>hominum</strong></span> <span class='ocrx_word' id='word_1_393' title='bbox 1081 3419 1284 3489; x_wconf 86' lang='lat' dir='ltr'><strong>Deique</strong></span> <span class='ocrx_word' id='word_1_394' title='bbox 1343 3421 1681 3484; x_wconf 90' lang='lat' dir='ltr'><strong>amicorum,</strong></span> <span class='ocrx_word' id='word_1_395' title='bbox 1725 3423 1817 3492; x_wconf 90' lang='lat' dir='ltr'><strong>qui</strong></span> <span class='ocrx_word' id='word_1_396' title='bbox 1880 3423 1933 3476; x_wconf 89' lang='lat' dir='ltr'><strong>in</strong></span> <span class='ocrx_word' id='word_1_397' title='bbox 1983 3439 2046 3477; x_wconf 90' lang='lat' dir='ltr'><strong>ea</strong></span> 
     </span>
    </p>
   </div>
   <div class='ocr_carea' id='block_1_54' title="bbox 470 3509 2048 3584">
    <p class='ocr_par' dir='ltr' id='par_1_54' title="bbox 470 3509 2048 3584">
     <span class='ocr_line' id='line_1_54' title="bbox 470 3509 2048 3584; baseline 0.006 -22"><span class='ocrx_word' id='word_1_398' title='bbox 470 3509 726 3571; x_wconf 79' lang='lat' dir='ltr'><strong>vixerint,</strong></span> <span class='ocrx_word' id='word_1_399' title='bbox 773 3526 936 3580; x_wconf 87' lang='lat' dir='ltr'><strong>quam</strong></span> <span class='ocrx_word' id='word_1_400' title='bbox 989 3513 1177 3584; x_wconf 91' lang='lat' dir='ltr'><strong>utique</strong></span> <span class='ocrx_word' id='word_1_401' title='bbox 1229 3514 1285 3567; x_wconf 88' lang='lat' dir='ltr'><strong>in</strong></span> <span class='ocrx_word' id='word_1_402' title='bbox 1336 3513 1592 3583; x_wconf 72' lang='lat' dir='ltr'><strong>prmsenti</strong></span> <span class='ocrx_word' id='word_1_403' title='bbox 1647 3515 1904 3570; x_wconf 86' lang='lat' dir='ltr'><strong>omnibus</strong></span> <span class='ocrx_word' id='word_1_404' title='bbox 1965 3517 2048 3571; x_wconf 85' lang='lat' dir='ltr'><strong>his</strong></span> 
     </span>
    </p>
   </div>
   <div class='ocr_carea' id='block_1_55' title="bbox 470 3602 2046 3677">
    <p class='ocr_par' dir='ltr' id='par_1_55' title="bbox 470 3602 2046 3677">
     <span class='ocr_line' id='line_1_55' title="bbox 470 3602 2046 3677; baseline 0.005 -23"><span class='ocrx_word' id='word_1_405' title='bbox 470 3602 634 3655; x_wconf 85' lang='lat' dir='ltr'><strong>rebus</strong></span> <span class='ocrx_word' id='word_1_406' title='bbox 688 3602 952 3672; x_wconf 88' lang='lat' dir='ltr'><strong>privatam</strong></span> <span class='ocrx_word' id='word_1_407' title='bbox 1001 3605 1395 3675; x_wconf 88' lang='lat' dir='ltr'><strong>spoliatamque</strong></span> <span class='ocrx_word' id='word_1_408' title='bbox 1438 3605 1702 3660; x_wconf 89' lang='lat' dir='ltr'><strong>invenies.</strong></span> <span class='ocrx_word' id='word_1_409' title='bbox 1756 3605 1890 3660; x_wconf 85' lang='lat' dir='ltr'><strong>Nam</strong></span> <span class='ocrx_word' id='word_1_410' title='bbox 1921 3615 2046 3677; x_wconf 91' lang='lat' dir='ltr'><strong>post</strong></span> 
     </span>
    </p>
   </div>
   <div class='ocr_carea' id='block_1_56' title="bbox 471 3694 2046 3774">
    <p class='ocr_par' dir='ltr' id='par_1_56' title="bbox 471 3694 2046 3774">
     <span class='ocr_line' id='line_1_56' title="bbox 471 3694 2046 3774; baseline 0.004 -25"><span class='ocrx_word' id='word_1_411' title='bbox 471 3694 673 3774; x_wconf 78' lang='lat' dir='ltr'><strong>Christi</strong></span> <span class='ocrx_word' id='word_1_412' title='bbox 705 3694 1176 3759; x_wconf 85' lang='lat' dir='ltr'><strong>adventum,facta</strong></span> <span class='ocrx_word' id='word_1_413' title='bbox 1204 3706 1288 3753; x_wconf 86' lang='lat' dir='ltr'><strong>est</strong></span> <span class='ocrx_word' id='word_1_414' title='bbox 1319 3714 1443 3753; x_wconf 88' lang='lat' dir='ltr'><strong>vere</strong></span> <span class='ocrx_word' id='word_1_415' title='bbox 1473 3697 1815 3753; x_wconf 80' lang='lat' dir='ltr'><strong>infructuosa</strong></span> <span class='ocrx_word' id='word_1_416' title='bbox 1847 3708 1900 3753; x_wconf 91' lang='lat' dir='ltr'><strong>et</strong></span> <span class='ocrx_word' id='word_1_417' title='bbox 1929 3704 2046 3755; x_wconf 91' lang='lat' dir='ltr'><strong>sine</strong></span> 
     </span>
    </p>
   </div>
   <div class='ocr_carea' id='block_1_57' title="bbox 473 3787 2043 3860">
    <p class='ocr_par' dir='ltr' id='par_1_57' title="bbox 473 3787 2043 3860">
     <span class='ocr_line' id='line_1_57' title="bbox 473 3787 2043 3860; baseline 0.004 -22"><span class='ocrx_word' id='word_1_418' title='bbox 473 3801 634 3856; x_wconf 87' lang='lat' dir='ltr'><strong>aqua,</strong></span> <span class='ocrx_word' id='word_1_419' title='bbox 668 3793 721 3841; x_wconf 92' lang='lat' dir='ltr'><strong>et</strong></span> <span class='ocrx_word' id='word_1_420' title='bbox 749 3787 973 3841; x_wconf 90' lang='lat' dir='ltr'><strong>omnino</strong></span> <span class='ocrx_word' id='word_1_421' title='bbox 995 3787 1233 3851; x_wconf 86' lang='lat' dir='ltr'><strong>deserta,</strong></span> <span class='ocrx_word' id='word_1_422' title='bbox 1268 3796 1344 3851; x_wconf 88' lang='lat' dir='ltr'><strong>et,</strong></span> <span class='ocrx_word' id='word_1_423' title='bbox 1382 3797 1440 3844; x_wconf 90' lang='lat' dir='ltr'><strong>ut</strong></span> <span class='ocrx_word' id='word_1_424' title='bbox 1485 3789 1560 3844; x_wconf 89' lang='lat' dir='ltr'><strong>ait</strong></span> <span class='ocrx_word' id='word_1_425' title='bbox 1601 3789 1882 3860; x_wconf 86' lang='lat' dir='ltr'><strong>pr0phetia</strong></span> <span class='ocrx_word' id='word_1_426' title='bbox 1928 3809 1946 3842; x_wconf 79' lang='grc' dir='ltr'><strong>ι</strong></span> <span class='ocrx_word' id='word_1_427' title='bbox 1990 3791 2043 3844; x_wconf 92' lang='lat' dir='ltr'><strong>in</strong></span> 
     </span>
    </p>
   </div>
   <div class='ocr_carea' id='block_1_58' title="bbox 472 3877 2043 3948">
    <p class='ocr_par' dir='ltr' id='par_1_58' title="bbox 472 3877 2043 3948">
     <span class='ocr_line' id='line_1_58' title="bbox 472 3877 2043 3948; baseline 0.003 -17"><span class='ocrx_word' id='word_1_428' title='bbox 472 3877 803 3948; x_wconf 78' lang='lat' dir='ltr'><strong>salsuginem</strong></span> <span class='ocrx_word' id='word_1_429' title='bbox 849 3894 879 3932; x_wconf 89' lang='lat' dir='ltr'><strong>a</strong></span> <span class='ocrx_word' id='word_1_430' title='bbox 931 3879 1139 3934; x_wconf 88' lang='lat' dir='ltr'><strong>malitia</strong></span> <span class='ocrx_word' id='word_1_431' title='bbox 1189 3879 1606 3934; x_wconf 90' lang='lat' dir='ltr'><strong>inhabitantium</strong></span> <span class='ocrx_word' id='word_1_432' title='bbox 1647 3881 1701 3934; x_wconf 92' lang='lat' dir='ltr'><strong>in</strong></span> <span class='ocrx_word' id='word_1_433' title='bbox 1747 3895 1831 3936; x_wconf 90' lang='lat' dir='ltr'><strong>ea.</strong></span> <span class='ocrx_word' id='word_1_434' title='bbox 1872 3899 1891 3932; x_wconf 74' lang='grc' dir='ltr'><strong>ι</strong></span> <span class='ocrx_word' id='word_1_435' title='bbox 1945 3880 2043 3937; x_wconf 85' lang='lat' dir='ltr'><strong>His</strong></span> 
     </span>
    </p>
   </div>
   <div class='ocr_carea' id='block_1_59' title="bbox 471 3969 2043 4041">
    <p class='ocr_par' dir='ltr' id='par_1_59' title="bbox 471 3969 2043 4041">
     <span class='ocr_line' id='line_1_59' title="bbox 471 3969 2043 4041; baseline 0.003 -18"><span class='ocrx_word' id='word_1_436' title='bbox 471 3969 710 4024; x_wconf 79' lang='lat' dir='ltr'><strong>adnectit</strong></span> <span class='ocrx_word' id='word_1_437' title='bbox 731 3969 1010 4041; x_wconf 91' lang='lat' dir='ltr'><strong>deinceps,</strong></span> <span class='ocrx_word' id='word_1_438' title='bbox 1045 3978 1208 4041; x_wconf 87' lang='lat' dir='ltr'><strong>atque</strong></span> <span class='ocrx_word' id='word_1_439' title='bbox 1241 3971 1530 4025; x_wconf 89' lang='lat' dir='ltr'><strong>admodum</strong></span> <span class='ocrx_word' id='word_1_440' title='bbox 1572 3981 1723 4027; x_wconf 91' lang='lat' dir='ltr'><strong>certo</strong></span> <span class='ocrx_word' id='word_1_441' title='bbox 1749 3971 1943 4029; x_wconf 90' lang='lat' dir='ltr'><strong>ordine</strong></span> <span class='ocrx_word' id='word_1_442' title='bbox 1989 3981 2043 4030; x_wconf 89' lang='lat' dir='ltr'><strong>et</strong></span> 
     </span>
    </p>
   </div>
   <div class='ocr_carea' id='block_1_60' title="bbox 469 4063 2042 4136">
    <p class='ocr_par' dir='ltr' id='par_1_60' title="bbox 469 4063 2042 4136">
     <span class='ocr_line' id='line_1_60' title="bbox 469 4063 2042 4136; baseline 0.003 -20"><span class='ocrx_word' id='word_1_443' title='bbox 469 4063 789 4134; x_wconf 89' lang='lat' dir='ltr'><strong>prophetico</strong></span> <span class='ocrx_word' id='word_1_444' title='bbox 811 4079 963 4118; x_wconf 91' lang='lat' dir='ltr'><strong>more</strong></span> <span class='ocrx_word' id='word_1_445' title='bbox 988 4064 1262 4133; x_wconf 87' lang='lat' dir='ltr'><strong>pr0ponit,</strong></span> <span class='ocrx_word' id='word_1_446' title='bbox 1289 4064 1409 4134; x_wconf 88' lang='lat' dir='ltr'><strong>ejus</strong></span> <span class='ocrx_word' id='word_1_447' title='bbox 1433 4080 1554 4136; x_wconf 66' lang='lat' dir='ltr'><strong>quae</strong></span> <span class='ocrx_word' id='word_1_448' title='bbox 1586 4065 1714 4119; x_wconf 93' lang='lat' dir='ltr'><strong>olim</strong></span> <span class='ocrx_word' id='word_1_449' title='bbox 1742 4066 1961 4121; x_wconf 88' lang='lat' dir='ltr'><strong>deserta</strong></span> <span class='ocrx_word' id='word_1_450' title='bbox 1986 4073 2042 4122; x_wconf 89' lang='lat' dir='ltr'><strong>et</strong></span> 
     </span>
    </p>
   </div>
   <div class='ocr_carea' id='block_1_61' title="bbox 468 4155 2039 4230">
    <p class='ocr_par' dir='ltr' id='par_1_61' title="bbox 468 4155 2039 4230">
     <span class='ocr_line' id='line_1_61' title="bbox 468 4155 2039 4230; baseline 0.002 -19"><span class='ocrx_word' id='word_1_451' title='bbox 468 4156 748 4211; x_wconf 87' lang='lat' dir='ltr'><strong>siticulosa</strong></span> <span class='ocrx_word' id='word_1_452' title='bbox 801 4166 939 4220; x_wconf 89' lang='lat' dir='ltr'><strong>erat,</strong></span> <span class='ocrx_word' id='word_1_453' title='bbox 985 4155 1100 4211; x_wconf 84' lang='lat' dir='ltr'><strong>sive</strong></span> <span class='ocrx_word' id='word_1_454' title='bbox 1143 4156 1286 4210; x_wconf 89' lang='lat' dir='ltr'><strong>hanc</strong></span> <span class='ocrx_word' id='word_1_455' title='bbox 1334 4158 1769 4230; x_wconf 88' lang='lat' dir='ltr'><strong>uniuscujusque</strong></span> <span class='ocrx_word' id='word_1_456' title='bbox 1802 4159 2039 4214; x_wconf 88' lang='lat' dir='ltr'><strong>hominis</strong></span> 
     </span>
    </p>
   </div>
   <div class='ocr_carea' id='block_1_62' title="bbox 467 4246 2038 4318">
    <p class='ocr_par' dir='ltr' id='par_1_62' title="bbox 467 4246 2038 4318">
     <span class='ocr_line' id='line_1_62' title="bbox 467 4246 2038 4318; baseline 0.004 -18"><span class='ocrx_word' id='word_1_457' title='bbox 467 4247 728 4310; x_wconf 88' lang='lat' dir='ltr'><strong>animam,</strong></span> <span class='ocrx_word' id='word_1_458' title='bbox 793 4246 909 4301; x_wconf 80' lang='lat' dir='ltr'><strong>sive</strong></span> <span class='ocrx_word' id='word_1_459' title='bbox 959 4247 1027 4303; x_wconf 91' lang='lat' dir='ltr'><strong>de</strong></span> <span class='ocrx_word' id='word_1_460' title='bbox 1081 4247 1335 4318; x_wconf 78' lang='lat' dir='ltr'><strong>gentibus</strong></span> <span class='ocrx_word' id='word_1_461' title='bbox 1385 4248 1672 4304; x_wconf 89' lang='lat' dir='ltr'><strong>collectam</strong></span> <span class='ocrx_word' id='word_1_462' title='bbox 1734 4248 2038 4306; x_wconf 85' lang='lat' dir='ltr'><strong>Eeclesiam</strong></span> 
     </span>
    </p>
   </div>
   <div class='ocr_carea' id='block_1_63' title="bbox 464 4337 2037 4410">
    <p class='ocr_par' dir='ltr' id='par_1_63' title="bbox 464 4337 2037 4410">
     <span class='ocr_line' id='line_1_63' title="bbox 464 4337 2037 4410; baseline 0.005 -18"><span class='ocrx_word' id='word_1_463' title='bbox 464 4337 693 4402; x_wconf 78' lang='lat' dir='ltr'><strong>dixeris,</strong></span> <span class='ocrx_word' id='word_1_464' title='bbox 737 4337 879 4407; x_wconf 89' lang='lat' dir='ltr'><strong>ejus,</strong></span> <span class='ocrx_word' id='word_1_465' title='bbox 925 4339 1170 4410; x_wconf 90' lang='lat' dir='ltr'><strong>inquam,</strong></span> <span class='ocrx_word' id='word_1_466' title='bbox 1218 4340 1702 4396; x_wconf 86' lang='lat' dir='ltr'><strong>commutationem</strong></span> <span class='ocrx_word' id='word_1_467' title='bbox 1732 4340 1786 4396; x_wconf 91' lang='lat' dir='ltr'><strong>in</strong></span> <span class='ocrx_word' id='word_1_468' title='bbox 1815 4353 2037 4400; x_wconf 88' lang='lat' dir='ltr'><strong>sanctos</strong></span> 
     </span>
    </p>
   </div>
   <div class='ocr_carea' id='block_1_64' title="bbox 462 4431 2029 4503">
    <p class='ocr_par' dir='ltr' id='par_1_64' title="bbox 462 4431 2029 4503">
     <span class='ocr_line' id='line_1_64' title="bbox 462 4431 2029 4503; baseline 0.004 -19"><span class='ocrx_word' id='word_1_469' title='bbox 462 4444 665 4492; x_wconf 88' lang='lat' dir='ltr'><strong>mores,</strong></span> <span class='ocrx_word' id='word_1_470' title='bbox 705 4445 915 4486; x_wconf 91' lang='lat' dir='ltr'><strong>necnon</strong></span> <span class='ocrx_word' id='word_1_471' title='bbox 960 4431 1015 4486; x_wconf 91' lang='lat' dir='ltr'><strong>in</strong></span> <span class='ocrx_word' id='word_1_472' title='bbox 1054 4431 1256 4488; x_wconf 91' lang='lat' dir='ltr'><strong>divinis</strong></span> <span class='ocrx_word' id='word_1_473' title='bbox 1289 4433 1632 4487; x_wconf 89' lang='lat' dir='ltr'><strong>sermonibus</strong></span> <span class='ocrx_word' id='word_1_474' title='bbox 1683 4445 2029 4503; x_wconf 89' lang='lat' dir='ltr'><strong>proventum,</strong></span> 
     </span>
    </p>
   </div>
   <div class='ocr_carea' id='block_1_65' title="bbox 2159 1841 3747 1917">
    <p class='ocr_par' dir='ltr' id='par_1_65' title="bbox 2159 1841 3747 1917">
     <span class='ocr_line' id='line_1_65' title="bbox 2159 1841 3747 1917; baseline -0.005 -18"><span class='ocrx_word' id='word_1_475' title='bbox 2159 1849 2257 1917; x_wconf 84' lang='grc' dir='ltr'><strong>τήν</strong></span> <span class='ocrx_word' id='word_1_476' title='bbox 2289 1863 2352 1913; x_wconf 84' lang='grc' dir='ltr'><strong>γε</strong></span> <span class='ocrx_word' id='word_1_477' title='bbox 2402 1846 2579 1898; x_wconf 83' lang='grc' dir='ltr'>αἰτίαν</span> <span class='ocrx_word' id='word_1_478' title='bbox 2621 1845 2722 1914; x_wconf 72' lang='grc' dir='ltr'>τῆς</span> <span class='ocrx_word' id='word_1_479' title='bbox 2765 1842 3004 1912; x_wconf 78' lang='grc' dir='ltr'><strong>ἀφίξεως</strong></span> <span class='ocrx_word' id='word_1_480' title='bbox 3054 1842 3219 1895; x_wconf 84' lang='grc' dir='ltr'>αὑτοῦ</span> <span class='ocrx_word' id='word_1_481' title='bbox 3270 1841 3604 1912; x_wconf 79' lang='grc' dir='ltr'>παρίστησι,</span> <span class='ocrx_word' id='word_1_482' title='bbox 3645 1841 3747 1910; x_wconf 68' lang='grc' dir='ltr'>τὴν</span> 
     </span>
    </p>
   </div>
   <div class='ocr_carea' id='block_1_66' title="bbox 2159 1933 3744 2010">
    <p class='ocr_par' dir='ltr' id='par_1_66' title="bbox 2159 1933 3744 2010">
     <span class='ocr_line' id='line_1_66' title="bbox 2159 1933 3744 2010; baseline -0.004 -18"><span class='ocrx_word' id='word_1_483' title='bbox 2159 1937 2534 2010; x_wconf 79' lang='grc' dir='ltr'>ἀπολύτρωσιν</span> <span class='ocrx_word' id='word_1_484' title='bbox 2565 1937 2842 2008; x_wconf 84' lang='grc' dir='ltr'>ἐμφαίνων</span> <span class='ocrx_word' id='word_1_485' title='bbox 2869 1936 2976 1990; x_wconf 89' lang='grc' dir='ltr'><strong>τῶν</strong></span> <span class='ocrx_word' id='word_1_486' title='bbox 3002 1936 3067 1989; x_wconf 80' lang='grc' dir='ltr'>δι’</span> <span class='ocrx_word' id='word_1_487' title='bbox 3091 1934 3256 1988; x_wconf 82' lang='grc' dir='ltr'>αὑτοῦ</span> <span class='ocrx_word' id='word_1_488' title='bbox 3321 1933 3744 2005; x_wconf 79' lang='grc' dir='ltr'>σωθησομένων.</span> 
     </span>
    </p>
   </div>
   <div class='ocr_carea' id='block_1_67' title="bbox 2160 2025 3746 2101">
    <p class='ocr_par' dir='ltr' id='par_1_67' title="bbox 2160 2025 3746 2101">
     <span class='ocr_line' id='line_1_67' title="bbox 2160 2025 3746 2101; baseline -0.002 -18"><span class='ocrx_word' id='word_1_489' title='bbox 2160 2032 2298 2095; x_wconf 72' lang='grc' dir='ltr'>Τοὺς</span> <span class='ocrx_word' id='word_1_490' title='bbox 2341 2030 2451 2101; x_wconf 86' lang='grc' dir='ltr'>γὰρ</span> <span class='ocrx_word' id='word_1_491' title='bbox 2493 2029 2798 2100; x_wconf 79' lang='grc' dir='ltr'>ἐφθακότας</span> <span class='ocrx_word' id='word_1_492' title='bbox 2839 2028 2944 2091; x_wconf 77' lang='grc' dir='ltr'>ἕως</span> <span class='ocrx_word' id='word_1_493' title='bbox 2985 2028 3095 2081; x_wconf 87' lang='grc' dir='ltr'><strong>τῶν</strong></span> <span class='ocrx_word' id='word_1_494' title='bbox 3146 2027 3330 2080; x_wconf 87' lang='grc' dir='ltr'>πυλῶν</span> <span class='ocrx_word' id='word_1_495' title='bbox 3362 2025 3458 2080; x_wconf 79' lang='grc' dir='ltr'>τοῦ</span> <span class='ocrx_word' id='word_1_496' title='bbox 3505 2025 3746 2080; x_wconf 75' lang='grc' dir='ltr'>Θανάτου</span> 
     </span>
    </p>
   </div>
   <div class='ocr_carea' id='block_1_68' title="bbox 2159 2118 3747 2195">
    <p class='ocr_par' dir='ltr' id='par_1_68' title="bbox 2159 2118 3747 2195">
     <span class='ocr_line' id='line_1_68' title="bbox 2159 2118 3747 2195; baseline -0.003 -18"><span class='ocrx_word' id='word_1_497' title='bbox 2159 2124 2328 2178; x_wconf 82' lang='grc' dir='ltr'>ἔσωσε</span> <span class='ocrx_word' id='word_1_498' title='bbox 2358 2121 2513 2195; x_wconf 86' lang='grc' dir='ltr'>μόνος</span> <span class='ocrx_word' id='word_1_499' title='bbox 2543 2121 2757 2185; x_wconf 88' lang='grc' dir='ltr'>αὑτούς.</span> <span class='ocrx_word' id='word_1_500' title='bbox 2793 2121 3028 2184; x_wconf 80' lang='grc' dir='ltr'>Τούτους</span> <span class='ocrx_word' id='word_1_501' title='bbox 3057 2120 3113 2174; x_wconf 83' lang='grc' dir='ltr'><strong>δέ</strong></span> <span class='ocrx_word' id='word_1_502' title='bbox 3145 2121 3238 2174; x_wconf 75' lang='grc' dir='ltr'>καὶ</span> <span class='ocrx_word' id='word_1_503' title='bbox 3277 2118 3548 2190; x_wconf 73' lang='grc' dir='ltr'>ἐρρύσατο</span> <span class='ocrx_word' id='word_1_504' title='bbox 3579 2121 3747 2172; x_wconf 69' lang='grc' dir='ltr'>ἰασά-</span> 
     </span>
    </p>
   </div>
   <div class='ocr_carea' id='block_1_69' title="bbox 2162 2211 3744 2287">
    <p class='ocr_par' dir='ltr' id='par_1_69' title="bbox 2162 2211 3744 2287">
     <span class='ocr_line' id='line_1_69' title="bbox 2162 2211 3744 2287; baseline -0.005 -18"><span class='ocrx_word' id='word_1_505' title='bbox 2162 2233 2321 2287; x_wconf 86' lang='grc' dir='ltr'>μενος</span> <span class='ocrx_word' id='word_1_506' title='bbox 2350 2217 2413 2268; x_wconf 90' lang='grc' dir='ltr'><strong>ἐκ</strong></span> <span class='ocrx_word' id='word_1_507' title='bbox 2445 2214 2555 2268; x_wconf 89' lang='grc' dir='ltr'><strong>τῶν</strong></span> <span class='ocrx_word' id='word_1_508' title='bbox 2595 2211 2903 2284; x_wconf 82' lang='grc' dir='ltr'>διαφθορῶν</span> <span class='ocrx_word' id='word_1_509' title='bbox 2943 2211 3149 2266; x_wconf 73' lang='grc' dir='ltr'>αὑτῶψ</span> <span class='ocrx_word' id='word_1_510' title='bbox 3183 2213 3275 2264; x_wconf 77' lang='grc' dir='ltr'>καὶ</span> <span class='ocrx_word' id='word_1_511' title='bbox 3318 2211 3650 2282; x_wconf 69' lang='grc' dir='ltr'>διεπράξατό</span> <span class='ocrx_word' id='word_1_512' title='bbox 3679 2227 3744 2277; x_wconf 79' lang='grc' dir='ltr'><strong>γε</strong></span> 
     </span>
    </p>
   </div>
   <div class='ocr_carea' id='block_1_70' title="bbox 2155 2303 3746 2378">
    <p class='ocr_par' dir='ltr' id='par_1_70' title="bbox 2155 2303 3746 2378">
     <span class='ocr_line' id='line_1_70' title="bbox 2155 2303 3746 2378; baseline -0.005 -16"><span class='ocrx_word' id='word_1_513' title='bbox 2155 2309 2331 2363; x_wconf 84' lang='grc' dir='ltr'>ταῦτα</span> <span class='ocrx_word' id='word_1_514' title='bbox 2353 2308 2452 2362; x_wconf 88' lang='grc' dir='ltr'><strong>οὑκ</strong></span> <span class='ocrx_word' id='word_1_515' title='bbox 2473 2307 2646 2370; x_wconf 78' lang='grc' dir='ltr'>ἄλλως</span> <span class='ocrx_word' id='word_1_516' title='bbox 2676 2306 2709 2378; x_wconf 84' lang='grc' dir='ltr'>ἢ</span> <span class='ocrx_word' id='word_1_517' title='bbox 2735 2305 2829 2359; x_wconf 78' lang='grc' dir='ltr'>τοῦ</span> <span class='ocrx_word' id='word_1_518' title='bbox 2857 2304 3085 2360; x_wconf 87' lang='grc' dir='ltr'>θανάτου</span> <span class='ocrx_word' id='word_1_519' title='bbox 3116 2304 3216 2370; x_wconf 84' lang='grc' dir='ltr'>τὰς</span> <span class='ocrx_word' id='word_1_520' title='bbox 3240 2303 3535 2375; x_wconf 78' lang='grc' dir='ltr'>λεγομένας</span> <span class='ocrx_word' id='word_1_521' title='bbox 3558 2303 3746 2365; x_wconf 80' lang='grc' dir='ltr'>πύλας</span> 
     </span>
    </p>
   </div>
   <div class='ocr_carea' id='block_1_71' title="bbox 2155 2399 3745 2474">
    <p class='ocr_par' dir='ltr' id='par_1_71' title="bbox 2155 2399 3745 2474">
     <span class='ocr_line' id='line_1_71' title="bbox 2155 2399 3745 2474; baseline -0.004 -17"><span class='ocrx_word' id='word_1_522' title='bbox 2155 2403 2362 2474; x_wconf 82' lang='grc' dir='ltr'>χαλκᾶς</span> <span class='ocrx_word' id='word_1_523' title='bbox 2407 2401 2719 2474; x_wconf 81' lang='grc' dir='ltr'>συντρίψας,</span> <span class='ocrx_word' id='word_1_524' title='bbox 2751 2403 2845 2456; x_wconf 76' lang='grc' dir='ltr'>καὶ</span> <span class='ocrx_word' id='word_1_525' title='bbox 2879 2403 3005 2466; x_wconf 84' lang='grc' dir='ltr'>τοὺς</span> <span class='ocrx_word' id='word_1_526' title='bbox 3044 2399 3292 2472; x_wconf 84' lang='grc' dir='ltr'>σιδηροῦς</span> <span class='ocrx_word' id='word_1_527' title='bbox 3333 2399 3551 2472; x_wconf 76' lang='grc' dir='ltr'>μοχλοὺς</span> <span class='ocrx_word' id='word_1_528' title='bbox 3593 2415 3745 2466; x_wconf 78' lang='grc' dir='ltr'>συγ-</span> 
     </span>
    </p>
   </div>
   <div class='ocr_carea' id='block_1_72' title="bbox 2157 2491 3744 2567">
    <p class='ocr_par' dir='ltr' id='par_1_72' title="bbox 2157 2491 3744 2567">
     <span class='ocr_line' id='line_1_72' title="bbox 2157 2491 3744 2567; baseline -0.004 -17"><span class='ocrx_word' id='word_1_529' title='bbox 2157 2497 2381 2560; x_wconf 89' lang='grc' dir='ltr'>κλάσας.</span> <span class='ocrx_word' id='word_1_530' title='bbox 2411 2497 2522 2550; x_wconf 78' lang='grc' dir='ltr'>Καὶ</span> <span class='ocrx_word' id='word_1_531' title='bbox 2563 2495 2625 2566; x_wconf 82' lang='grc' dir='ltr'>δὴ</span> <span class='ocrx_word' id='word_1_532' title='bbox 2663 2495 2800 2567; x_wconf 85' lang='grc' dir='ltr'><strong>μετά</strong></span> <span class='ocrx_word' id='word_1_533' title='bbox 2846 2495 3016 2549; x_wconf 79' lang='grc' dir='ltr'>ταῦτα</span> <span class='ocrx_word' id='word_1_534' title='bbox 3056 2493 3362 2556; x_wconf 78' lang='grc' dir='ltr'>ἀκολούθως</span> <span class='ocrx_word' id='word_1_535' title='bbox 3400 2491 3744 2564; x_wconf 74' lang='grc' dir='ltr'>προφητεύει</span> 
     </span>
    </p>
   </div>
   <div class='ocr_carea' id='block_1_73' title="bbox 2154 2589 3742 2661">
    <p class='ocr_par' dir='ltr' id='par_1_73' title="bbox 2154 2589 3742 2661">
     <span class='ocr_line' id='line_1_73' title="bbox 2154 2589 3742 2661; baseline -0.001 -19"><span class='ocrx_word' id='word_1_536' title='bbox 2154 2589 2252 2660; x_wconf 80' lang='grc' dir='ltr'>τὴν</span> <span class='ocrx_word' id='word_1_537' title='bbox 2278 2592 2359 2653; x_wconf 85' lang='grc' dir='ltr'><strong>εἰς</strong></span> <span class='ocrx_word' id='word_1_538' title='bbox 2389 2589 2594 2661; x_wconf 75' lang='grc' dir='ltr'>ἔρημον</span> <span class='ocrx_word' id='word_1_539' title='bbox 2639 2590 2972 2644; x_wconf 87' lang='grc' dir='ltr'>κατάστασιν</span> <span class='ocrx_word' id='word_1_540' title='bbox 3007 2589 3116 2643; x_wconf 86' lang='grc' dir='ltr'><strong>τῶν</strong></span> <span class='ocrx_word' id='word_1_541' title='bbox 3164 2592 3238 2660; x_wconf 74' lang='grc' dir='ltr'>μὴ</span> <span class='ocrx_word' id='word_1_542' title='bbox 3288 2589 3507 2642; x_wconf 79' lang='grc' dir='ltr'>ἐλθόντα</span> <span class='ocrx_word' id='word_1_543' title='bbox 3550 2605 3742 2660; x_wconf 84' lang='grc' dir='ltr'>παρα-</span> 
     </span>
    </p>
   </div>
   <div class='ocr_carea' id='block_1_74' title="bbox 2153 2681 3740 2752">
    <p class='ocr_par' dir='ltr' id='par_1_74' title="bbox 2153 2681 3740 2752">
     <span class='ocr_line' id='line_1_74' title="bbox 2153 2681 3740 2752; baseline -0.001 -18"><span class='ocrx_word' id='word_1_544' title='bbox 2153 2681 2461 2752; x_wconf 81' lang='grc' dir='ltr'>δεξαμένων</span> <span class='ocrx_word' id='word_1_545' title='bbox 2499 2681 2681 2734; x_wconf 75' lang='grc' dir='ltr'>αὑτόνσ</span> <span class='ocrx_word' id='word_1_546' title='bbox 2713 2702 2730 2732; x_wconf 74' lang='grc' dir='ltr'><strong>ι</strong></span> <span class='ocrx_word' id='word_1_547' title='bbox 2776 2681 2968 2735; x_wconf 87' lang='grc' dir='ltr'>’Έθετο</span> <span class='ocrx_word' id='word_1_548' title='bbox 2996 2682 3124 2752; x_wconf 80' lang='grc' dir='ltr'>γὰρ,</span> <span class='ocrx_word' id='word_1_549' title='bbox 3156 2681 3309 2750; x_wconf 67' lang='grc' dir='ltr'>φησί,</span> <span class='ocrx_word' id='word_1_550' title='bbox 3347 2683 3629 2751; x_wconf 69' lang='grc' dir='ltr'>ποταμοὺς</span> <span class='ocrx_word' id='word_1_551' title='bbox 3657 2682 3740 2743; x_wconf 80' lang='grc' dir='ltr'><strong>είς</strong></span> 
     </span>
    </p>
   </div>
   <div class='ocr_carea' id='block_1_75' title="bbox 2155 2771 3736 2846">
    <p class='ocr_par' dir='ltr' id='par_1_75' title="bbox 2155 2771 3736 2846">
     <span class='ocr_line' id='line_1_75' title="bbox 2155 2771 3736 2846; baseline 0.002 -21"><span class='ocrx_word' id='word_1_552' title='bbox 2155 2772 2378 2844; x_wconf 78' lang='grc' dir='ltr'>ἔρημον,</span> <span class='ocrx_word' id='word_1_553' title='bbox 2412 2775 2505 2828; x_wconf 76' lang='grc' dir='ltr'><strong>καὶ</strong></span> <span class='ocrx_word' id='word_1_554' title='bbox 2525 2774 2788 2841; x_wconf 81' lang='grc' dir='ltr'>διεξόδους</span> <span class='ocrx_word' id='word_1_555' title='bbox 2820 2774 3027 2828; x_wconf 82' lang='grc' dir='ltr'>ὑδάτων</span> <span class='ocrx_word' id='word_1_556' title='bbox 3059 2776 3137 2835; x_wconf 86' lang='grc' dir='ltr'><strong>εἰς</strong></span> <span class='ocrx_word' id='word_1_557' title='bbox 3180 2771 3360 2842; x_wconf 74' lang='grc' dir='ltr'>δίψος,</span> <span class='ocrx_word' id='word_1_558' title='bbox 3387 2774 3491 2843; x_wconf 79' lang='grc' dir='ltr'>γῆν</span> <span class='ocrx_word' id='word_1_559' title='bbox 3521 2792 3736 2846; x_wconf 83' lang='grc' dir='ltr'>καρπο-</span> 
     </span>
    </p>
   </div>
   <div class='ocr_carea' id='block_1_76' title="bbox 2155 2863 3740 2938">
    <p class='ocr_par' dir='ltr' id='par_1_76' title="bbox 2155 2863 3740 2938">
     <span class='ocr_line' id='line_1_76' title="bbox 2155 2863 3740 2938; baseline 0.001 -19"><span class='ocrx_word' id='word_1_560' title='bbox 2155 2866 2317 2938; x_wconf 82' lang='grc' dir='ltr'>φόρον</span> <span class='ocrx_word' id='word_1_561' title='bbox 2339 2867 2416 2926; x_wconf 86' lang='grc' dir='ltr'><strong>εἰς</strong></span> <span class='ocrx_word' id='word_1_562' title='bbox 2435 2866 2612 2937; x_wconf 77' lang='grc' dir='ltr'>ἅλμην</span> <span class='ocrx_word' id='word_1_563' title='bbox 2633 2865 2740 2919; x_wconf 76' lang='grc' dir='ltr'><strong>ἀπὸ</strong></span> <span class='ocrx_word' id='word_1_564' title='bbox 2758 2867 2956 2929; x_wconf 86' lang='grc' dir='ltr'>κακίας</span> <span class='ocrx_word' id='word_1_565' title='bbox 2981 2865 3089 2918; x_wconf 87' lang='grc' dir='ltr'><strong>τῶν</strong></span> <span class='ocrx_word' id='word_1_566' title='bbox 3115 2863 3513 2918; x_wconf 78' lang='grc' dir='ltr'>κατοικούντων</span> <span class='ocrx_word' id='word_1_567' title='bbox 3551 2868 3610 2918; x_wconf 84' lang='grc' dir='ltr'>ἐν</span> <span class='ocrx_word' id='word_1_568' title='bbox 3641 2867 3740 2920; x_wconf 78' lang='grc' dir='ltr'>αὑ-</span> 
     </span>
    </p>
   </div>
   <div class='ocr_carea' id='block_1_77' title="bbox 2152 2957 3737 3030">
    <p class='ocr_par' dir='ltr' id='par_1_77' title="bbox 2152 2957 3737 3030">
     <span class='ocr_line' id='line_1_77' title="bbox 2152 2957 3737 3030; baseline 0.001 -19"><span class='ocrx_word' id='word_1_569' title='bbox 2152 2962 2240 3030; x_wconf 78' lang='grc' dir='ltr'>τῇ.</span> <span class='ocrx_word' id='word_1_570' title='bbox 2267 2979 2284 3009; x_wconf 73' lang='grc' dir='ltr'><strong>ι</strong></span> <span class='ocrx_word' id='word_1_571' title='bbox 2322 2961 2387 3011; x_wconf 80' lang='grc' dir='ltr'><strong>’Ἃ</strong></span> <span class='ocrx_word' id='word_1_572' title='bbox 2403 2959 2497 3012; x_wconf 79' lang='grc' dir='ltr'>καὶ</span> <span class='ocrx_word' id='word_1_573' title='bbox 2519 2961 2733 3028; x_wconf 87' lang='grc' dir='ltr'>νοήσεις</span> <span class='ocrx_word' id='word_1_574' title='bbox 2763 2957 3092 3030; x_wconf 82' lang='grc' dir='ltr'>ἀναδραμὼν</span> <span class='ocrx_word' id='word_1_575' title='bbox 3119 2957 3214 3011; x_wconf 79' lang='grc' dir='ltr'>τοῦ</span> <span class='ocrx_word' id='word_1_576' title='bbox 3249 2957 3518 3011; x_wconf 85' lang='grc' dir='ltr'>Ἰουδαίων</span> <span class='ocrx_word' id='word_1_577' title='bbox 3545 2959 3737 3025; x_wconf 80' lang='grc' dir='ltr'>ἐθνους</span> 
     </span>
    </p>
   </div>
   <div class='ocr_carea' id='block_1_78' title="bbox 2155 3050 3735 3122">
    <p class='ocr_par' dir='ltr' id='par_1_78' title="bbox 2155 3050 3735 3122">
     <span class='ocr_line' id='line_1_78' title="bbox 2155 3050 3735 3122; baseline 0.001 -18"><span class='ocrx_word' id='word_1_578' title='bbox 2155 3051 2247 3104; x_wconf 76' lang='grc' dir='ltr'>ἐπὶ</span> <span class='ocrx_word' id='word_1_579' title='bbox 2277 3051 2377 3122; x_wconf 81' lang='grc' dir='ltr'>τὴν</span> <span class='ocrx_word' id='word_1_580' title='bbox 2399 3051 2565 3104; x_wconf 85' lang='grc' dir='ltr'>πάλαι</span> <span class='ocrx_word' id='word_1_581' title='bbox 2599 3051 2878 3122; x_wconf 85' lang='grc' dir='ltr'>βοωμένην</span> <span class='ocrx_word' id='word_1_582' title='bbox 2907 3050 3209 3122; x_wconf 85' lang='grc' dir='ltr'>Ὶερουσαλὴ</span> <span class='ocrx_word' id='word_1_583' title='bbox 3220 3065 3278 3117; x_wconf 89' lang='grc' dir='ltr'><strong>μ,</strong></span> <span class='ocrx_word' id='word_1_584' title='bbox 3303 3051 3400 3103; x_wconf 80' lang='grc' dir='ltr'>καὶ</span> <span class='ocrx_word' id='word_1_585' title='bbox 3439 3050 3541 3119; x_wconf 84' lang='grc' dir='ltr'><strong>τὴν</strong></span> <span class='ocrx_word' id='word_1_586' title='bbox 3569 3052 3735 3116; x_wconf 79' lang='grc' dir='ltr'>δόξαν</span> 
     </span>
    </p>
   </div>
   <div class='ocr_carea' id='block_1_79' title="bbox 2153 3142 3731 3215">
    <p class='ocr_par' dir='ltr' id='par_1_79' title="bbox 2153 3142 3731 3215">
     <span class='ocr_line' id='line_1_79' title="bbox 2153 3142 3731 3215; baseline -0.001 -17"><span class='ocrx_word' id='word_1_587' title='bbox 2153 3145 2342 3215; x_wconf 79' lang='grc' dir='ltr'>αὐτῆς,</span> <span class='ocrx_word' id='word_1_588' title='bbox 2371 3144 2466 3198; x_wconf 78' lang='grc' dir='ltr'><strong>καὶ</strong></span> <span class='ocrx_word' id='word_1_589' title='bbox 2491 3143 2589 3215; x_wconf 79' lang='grc' dir='ltr'><strong>τὴν</strong></span> <span class='ocrx_word' id='word_1_590' title='bbox 2610 3143 2778 3196; x_wconf 87' lang='grc' dir='ltr'>ἐθνῶν</span> <span class='ocrx_word' id='word_1_591' title='bbox 2796 3142 3192 3214; x_wconf 80' lang='grc' dir='ltr'>καρποφορίαν,</span> <span class='ocrx_word' id='word_1_592' title='bbox 3213 3143 3319 3196; x_wconf 89' lang='grc' dir='ltr'><strong>τῶν</strong></span> <span class='ocrx_word' id='word_1_593' title='bbox 3337 3144 3395 3195; x_wconf 89' lang='grc' dir='ltr'><strong>ἐν</strong></span> <span class='ocrx_word' id='word_1_594' title='bbox 3417 3144 3554 3214; x_wconf 73' lang='grc' dir='ltr'>αὑτῇ</span> <span class='ocrx_word' id='word_1_595' title='bbox 3575 3145 3731 3196; x_wconf 77' lang='grc' dir='ltr'>πολι-</span> 
     </span>
    </p>
   </div>
   <div class='ocr_carea' id='block_1_80' title="bbox 2149 3235 3730 3308">
    <p class='ocr_par' dir='ltr' id='par_1_80' title="bbox 2149 3235 3730 3308">
     <span class='ocr_line' id='line_1_80' title="bbox 2149 3235 3730 3308; baseline 0 -17"><span class='ocrx_word' id='word_1_596' title='bbox 2149 3237 2456 3308; x_wconf 90' lang='grc' dir='ltr'>τευομένων</span> <span class='ocrx_word' id='word_1_597' title='bbox 2513 3237 2686 3305; x_wconf 80' lang='grc' dir='ltr'>ἁγίων</span> <span class='ocrx_word' id='word_1_598' title='bbox 2743 3238 2837 3290; x_wconf 76' lang='grc' dir='ltr'>καὶ</span> <span class='ocrx_word' id='word_1_599' title='bbox 2888 3235 3151 3305; x_wconf 83' lang='grc' dir='ltr'>θεοφιλῶν</span> <span class='ocrx_word' id='word_1_600' title='bbox 3209 3235 3420 3308; x_wconf 86' lang='grc' dir='ltr'>ἀνδρῶν</span> <span class='ocrx_word' id='word_1_601' title='bbox 3471 3238 3568 3292; x_wconf 80' lang='grc' dir='ltr'>ἐπὶ</span> <span class='ocrx_word' id='word_1_602' title='bbox 3633 3238 3730 3291; x_wconf 73' lang='grc' dir='ltr'>τοῦ</span> 
     </span>
    </p>
   </div>
   <div class='ocr_carea' id='block_1_81' title="bbox 2151 3328 3732 3402">
    <p class='ocr_par' dir='ltr' id='par_1_81' title="bbox 2151 3328 3732 3402">
     <span class='ocr_line' id='line_1_81' title="bbox 2151 3328 3732 3402; baseline 0.002 -20"><span class='ocrx_word' id='word_1_603' title='bbox 2151 3330 2417 3402; x_wconf 86' lang='grc' dir='ltr'>παρόντος</span> <span class='ocrx_word' id='word_1_604' title='bbox 2451 3330 2845 3402; x_wconf 88' lang='grc' dir='ltr'>ὑστερημένην.</span> <span class='ocrx_word' id='word_1_605' title='bbox 2881 3330 3034 3383; x_wconf 81' lang='grc' dir='ltr'>Μετά</span> <span class='ocrx_word' id='word_1_606' title='bbox 3078 3329 3187 3401; x_wconf 76' lang='grc' dir='ltr'>γὰρ</span> <span class='ocrx_word' id='word_1_607' title='bbox 3230 3329 3330 3400; x_wconf 83' lang='grc' dir='ltr'><strong>τὴν</strong></span> <span class='ocrx_word' id='word_1_608' title='bbox 3359 3328 3455 3382; x_wconf 84' lang='grc' dir='ltr'>τοῦ</span> <span class='ocrx_word' id='word_1_609' title='bbox 3487 3331 3732 3402; x_wconf 76' lang='grc' dir='ltr'>Χριστοῦ</span> 
     </span>
    </p>
   </div>
   <div class='ocr_carea' id='block_1_82' title="bbox 2150 3421 3730 3496">
    <p class='ocr_par' dir='ltr' id='par_1_82' title="bbox 2150 3421 3730 3496">
     <span class='ocr_line' id='line_1_82' title="bbox 2150 3421 3730 3496; baseline -0.001 -20"><span class='ocrx_word' id='word_1_610' title='bbox 2150 3424 2450 3496; x_wconf 84' lang='grc' dir='ltr'>παρουσίαν</span> <span class='ocrx_word' id='word_1_611' title='bbox 2485 3423 2706 3493; x_wconf 85' lang='grc' dir='ltr'>γέγονεν</span> <span class='ocrx_word' id='word_1_612' title='bbox 2746 3421 2962 3494; x_wconf 85' lang='grc' dir='ltr'>ἀληθῶς</span> <span class='ocrx_word' id='word_1_613' title='bbox 3002 3421 3276 3493; x_wconf 77' lang='grc' dir='ltr'>ἄκαρπος,</span> <span class='ocrx_word' id='word_1_614' title='bbox 3332 3421 3425 3474; x_wconf 60' lang='grc' dir='ltr'><strong>καὶ⁸</strong></span> <span class='ocrx_word' id='word_1_615' title='bbox 3477 3421 3730 3492; x_wconf 80' lang='grc' dir='ltr'>ἄνυδρος,</span> 
     </span>
    </p>
   </div>
   <div class='ocr_carea' id='block_1_83' title="bbox 2150 3513 3732 3585">
    <p class='ocr_par' dir='ltr' id='par_1_83' title="bbox 2150 3513 3732 3585">
     <span class='ocr_line' id='line_1_83' title="bbox 2150 3513 3732 3585; baseline -0.001 -18"><span class='ocrx_word' id='word_1_616' title='bbox 2150 3516 2244 3567; x_wconf 72' lang='grc' dir='ltr'><strong>καὶ</strong></span> <span class='ocrx_word' id='word_1_617' title='bbox 2259 3513 2536 3574; x_wconf 85' lang='grc' dir='ltr'>παντελῶς</span> <span class='ocrx_word' id='word_1_618' title='bbox 2552 3513 2779 3585; x_wconf 74' lang='grc' dir='ltr'>ἕρημος,</span> <span class='ocrx_word' id='word_1_619' title='bbox 2797 3516 2911 3576; x_wconf 79' lang='grc' dir='ltr'>καὶ,</span> <span class='ocrx_word' id='word_1_620' title='bbox 2934 3513 3010 3576; x_wconf 82' lang='grc' dir='ltr'><strong>ὣς</strong></span> <span class='ocrx_word' id='word_1_621' title='bbox 3023 3528 3184 3584; x_wconf 83' lang='grc' dir='ltr'>φησιν</span> <span class='ocrx_word' id='word_1_622' title='bbox 3199 3515 3232 3583; x_wconf 80' lang='grc' dir='ltr'><strong>ἡ</strong></span> <span class='ocrx_word' id='word_1_623' title='bbox 3253 3513 3580 3583; x_wconf 81' lang='grc' dir='ltr'>προφητεία,</span> <span class='ocrx_word' id='word_1_624' title='bbox 3600 3531 3621 3564; x_wconf 79' lang='grc' dir='ltr'><strong>ι</strong></span> <span class='ocrx_word' id='word_1_625' title='bbox 3646 3517 3732 3577; x_wconf 75' lang='grc' dir='ltr'><strong>εἰς</strong></span> 
     </span>
    </p>
   </div>
   <div class='ocr_carea' id='block_1_84' title="bbox 2148 3604 3730 3676">
    <p class='ocr_par' dir='ltr' id='par_1_84' title="bbox 2148 3604 3730 3676">
     <span class='ocr_line' id='line_1_84' title="bbox 2148 3604 3730 3676; baseline 0 -17"><span class='ocrx_word' id='word_1_626' title='bbox 2148 3604 2325 3676; x_wconf 75' lang='grc' dir='ltr'>ἅλμην</span> <span class='ocrx_word' id='word_1_627' title='bbox 2348 3606 2456 3659; x_wconf 84' lang='grc' dir='ltr'><strong>ἀπὸ</strong></span> <span class='ocrx_word' id='word_1_628' title='bbox 2476 3607 2672 3671; x_wconf 84' lang='grc' dir='ltr'>κακίας</span> <span class='ocrx_word' id='word_1_629' title='bbox 2706 3607 2814 3660; x_wconf 86' lang='grc' dir='ltr'><strong>τῶν</strong></span> <span class='ocrx_word' id='word_1_630' title='bbox 2846 3606 3239 3660; x_wconf 82' lang='grc' dir='ltr'>κατοικούντων</span> <span class='ocrx_word' id='word_1_631' title='bbox 3256 3606 3316 3658; x_wconf 86' lang='grc' dir='ltr'>ἐν</span> <span class='ocrx_word' id='word_1_632' title='bbox 3342 3607 3502 3676; x_wconf 80' lang='grc' dir='ltr'>αὑτῇ.</span> <span class='ocrx_word' id='word_1_633' title='bbox 3541 3626 3560 3656; x_wconf 73' lang='grc' dir='ltr'><strong>ι</strong></span> <span class='ocrx_word' id='word_1_634' title='bbox 3585 3605 3730 3659; x_wconf 78' lang='grc' dir='ltr'>Τού-</span> 
     </span>
    </p>
   </div>
   <div class='ocr_carea' id='block_1_85' title="bbox 2146 3695 3731 3770">
    <p class='ocr_par' dir='ltr' id='par_1_85' title="bbox 2146 3695 3731 3770">
     <span class='ocr_line' id='line_1_85' title="bbox 2146 3695 3731 3770; baseline 0 -20"><span class='ocrx_word' id='word_1_635' title='bbox 2146 3715 2261 3762; x_wconf 86' lang='grc' dir='ltr'>τοις</span> <span class='ocrx_word' id='word_1_636' title='bbox 2289 3699 2643 3751; x_wconf 87' lang='grc' dir='ltr'>ἐπισυνάπτει</span> <span class='ocrx_word' id='word_1_637' title='bbox 2679 3697 2881 3768; x_wconf 85' lang='grc' dir='ltr'>σφόδρα</span> <span class='ocrx_word' id='word_1_638' title='bbox 2904 3695 3211 3762; x_wconf 88' lang='grc' dir='ltr'>ἀκολούθως</span> <span class='ocrx_word' id='word_1_639' title='bbox 3241 3697 3565 3770; x_wconf 77' lang='grc' dir='ltr'>προφητικῷ</span> <span class='ocrx_word' id='word_1_640' title='bbox 3599 3699 3731 3768; x_wconf 83' lang='grc' dir='ltr'>τρό-</span> 
     </span>
    </p>
   </div>
   <div class='ocr_carea' id='block_1_86' title="bbox 2146 3790 3728 3862">
    <p class='ocr_par' dir='ltr' id='par_1_86' title="bbox 2146 3790 3728 3862">
     <span class='ocr_line' id='line_1_86' title="bbox 2146 3790 3728 3862; baseline 0.001 -19"><span class='ocrx_word' id='word_1_641' title='bbox 2146 3805 2233 3861; x_wconf 83' lang='grc' dir='ltr'>πῳ</span> <span class='ocrx_word' id='word_1_642' title='bbox 2255 3791 2623 3861; x_wconf 80' lang='grc' dir='ltr'>αἰνιττόμενος</span> <span class='ocrx_word' id='word_1_643' title='bbox 2646 3794 2744 3861; x_wconf 81' lang='grc' dir='ltr'><strong>τῆς</strong></span> <span class='ocrx_word' id='word_1_644' title='bbox 2785 3790 2952 3844; x_wconf 87' lang='grc' dir='ltr'>πάλαι</span> <span class='ocrx_word' id='word_1_645' title='bbox 2985 3791 3191 3861; x_wconf 86' lang='grc' dir='ltr'>ἐρήμου</span> <span class='ocrx_word' id='word_1_646' title='bbox 3224 3791 3318 3844; x_wconf 76' lang='grc' dir='ltr'><strong>καὶ</strong></span> <span class='ocrx_word' id='word_1_647' title='bbox 3342 3790 3578 3860; x_wconf 79' lang='grc' dir='ltr'>διψάδος,</span> <span class='ocrx_word' id='word_1_648' title='bbox 3603 3792 3728 3862; x_wconf 77' lang='grc' dir='ltr'>ἢτοι</span> 
     </span>
    </p>
   </div>
   <div class='ocr_carea' id='block_1_87' title="bbox 2145 3881 3726 3953">
    <p class='ocr_par' dir='ltr' id='par_1_87' title="bbox 2145 3881 3726 3953">
     <span class='ocr_line' id='line_1_87' title="bbox 2145 3881 3726 3953; baseline 0.001 -18"><span class='ocrx_word' id='word_1_649' title='bbox 2145 3882 2326 3953; x_wconf 87' lang='grc' dir='ltr'>πάσης</span> <span class='ocrx_word' id='word_1_650' title='bbox 2360 3881 2645 3953; x_wconf 83' lang='grc' dir='ltr'>ἀνθρώπου</span> <span class='ocrx_word' id='word_1_651' title='bbox 2666 3881 2864 3952; x_wconf 72' lang='grc' dir='ltr'>ψυχῆς,</span> <span class='ocrx_word' id='word_1_652' title='bbox 2901 3882 2934 3953; x_wconf 80' lang='grc' dir='ltr'>ἢ</span> <span class='ocrx_word' id='word_1_653' title='bbox 2974 3885 3072 3952; x_wconf 85' lang='grc' dir='ltr'><strong>τῆς</strong></span> <span class='ocrx_word' id='word_1_654' title='bbox 3098 3882 3157 3946; x_wconf 80' lang='grc' dir='ltr'>ἐξ</span> <span class='ocrx_word' id='word_1_655' title='bbox 3186 3881 3356 3935; x_wconf 87' lang='grc' dir='ltr'>ἐθνῶν</span> <span class='ocrx_word' id='word_1_656' title='bbox 3393 3882 3726 3953; x_wconf 81' lang='grc' dir='ltr'>Ἐκκλησίας</span> 
     </span>
    </p>
   </div>
   <div class='ocr_carea' id='block_1_88' title="bbox 2141 3973 3726 4047">
    <p class='ocr_par' dir='ltr' id='par_1_88' title="bbox 2141 3973 3726 4047">
     <span class='ocr_line' id='line_1_88' title="bbox 2141 3973 3726 4047; baseline 0.001 -19"><span class='ocrx_word' id='word_1_657' title='bbox 2141 3974 2240 4046; x_wconf 81' lang='grc' dir='ltr'><strong>τὴν</strong></span> <span class='ocrx_word' id='word_1_658' title='bbox 2269 3976 2348 4039; x_wconf 90' lang='grc' dir='ltr'><strong>εἰς</strong></span> <span class='ocrx_word' id='word_1_659' title='bbox 2377 3974 2658 4028; x_wconf 77' lang='grc' dir='ltr'>εὐσέϐειαν</span> <span class='ocrx_word' id='word_1_660' title='bbox 2688 3974 3006 4047; x_wconf 76' lang='grc' dir='ltr'>μεταϐολὴν,</span> <span class='ocrx_word' id='word_1_661' title='bbox 3032 3976 3130 4046; x_wconf 83' lang='grc' dir='ltr'>τήν</span> <span class='ocrx_word' id='word_1_662' title='bbox 3156 3992 3214 4028; x_wconf 89' lang='grc' dir='ltr'><strong>τε</strong></span> <span class='ocrx_word' id='word_1_663' title='bbox 3240 3977 3298 4028; x_wconf 89' lang='grc' dir='ltr'><strong>ἐν</strong></span> <span class='ocrx_word' id='word_1_664' title='bbox 3333 3975 3498 4039; x_wconf 86' lang='grc' dir='ltr'>θείοις</span> <span class='ocrx_word' id='word_1_665' title='bbox 3538 3973 3726 4045; x_wconf 78' lang='grc' dir='ltr'>λόγοις</span> 
     </span>
    </p>
   </div>
   <div class='ocr_carea' id='block_1_89' title="bbox 2143 4068 3718 4143">
    <p class='ocr_par' dir='ltr' id='par_1_89' title="bbox 2143 4068 3718 4143">
     <span class='ocr_line' id='line_1_89' title="bbox 2143 4068 3718 4143; baseline -0.001 -19"><span class='ocrx_word' id='word_1_666' title='bbox 2143 4071 2550 4143; x_wconf 65' lang='grc' dir='ltr'>καρποφορων·</span> <span class='ocrx_word' id='word_1_667' title='bbox 2596 4071 2633 4125; x_wconf 76' lang='grc' dir='ltr'>ἃ</span> <span class='ocrx_word' id='word_1_668' title='bbox 2676 4071 2770 4124; x_wconf 71' lang='grc' dir='ltr'>καὶ</span> <span class='ocrx_word' id='word_1_669' title='bbox 2818 4069 3096 4142; x_wconf 80' lang='grc' dir='ltr'>προδήλως</span> <span class='ocrx_word' id='word_1_670' title='bbox 3128 4068 3445 4132; x_wconf 87' lang='grc' dir='ltr'>αἰνίττεται,</span> <span class='ocrx_word' id='word_1_671' title='bbox 3497 4069 3679 4138; x_wconf 87' lang='grc' dir='ltr'>λέγων</span> <span class='ocrx_word' id='word_1_672' title='bbox 3703 4088 3718 4101; x_wconf 92' lang='grc'><strong>·</strong></span> 
     </span>
    </p>
   </div>
   <div class='ocr_carea' id='block_1_90' title="bbox 2147 4160 3718 4235">
    <p class='ocr_par' dir='ltr' id='par_1_90' title="bbox 2147 4160 3718 4235">
     <span class='ocr_line' id='line_1_90' title="bbox 2147 4160 3718 4235; baseline -0.001 -19"><span class='ocrx_word' id='word_1_673' title='bbox 2147 4181 2166 4215; x_wconf 80' lang='lat' dir='ltr'><strong>t</strong></span> <span class='ocrx_word' id='word_1_674' title='bbox 2195 4162 2386 4216; x_wconf 83' lang='grc' dir='ltr'>Ἔθετο</span> <span class='ocrx_word' id='word_1_675' title='bbox 2427 4163 2632 4235; x_wconf 78' lang='grc' dir='ltr'>ἔρημον</span> <span class='ocrx_word' id='word_1_676' title='bbox 2671 4164 2751 4227; x_wconf 86' lang='grc' dir='ltr'><strong>εἰς</strong></span> <span class='ocrx_word' id='word_1_677' title='bbox 2791 4163 2986 4234; x_wconf 88' lang='grc' dir='ltr'>λίμνας</span> <span class='ocrx_word' id='word_1_678' title='bbox 3021 4162 3249 4220; x_wconf 82' lang='grc' dir='ltr'>ὑδάτων,</span> <span class='ocrx_word' id='word_1_679' title='bbox 3273 4180 3290 4212; x_wconf 74' lang='grc' dir='ltr'><strong>ι</strong></span> <span class='ocrx_word' id='word_1_680' title='bbox 3319 4160 3415 4214; x_wconf 79' lang='grc' dir='ltr'>καὶ</span> <span class='ocrx_word' id='word_1_681' title='bbox 3451 4160 3521 4214; x_wconf 82' lang='grc' dir='ltr'>τὰ</span> <span class='ocrx_word' id='word_1_682' title='bbox 3552 4161 3718 4232; x_wconf 71' lang='grc' dir='ltr'><strong>ἑξῆς·</strong></span> 
     </span>
    </p>
   </div>
   <div class='ocr_carea' id='block_1_91' title="bbox 2140 4252 3718 4326">
    <p class='ocr_par' dir='ltr' id='par_1_91' title="bbox 2140 4252 3718 4326">
     <span class='ocr_line' id='line_1_91' title="bbox 2140 4252 3718 4326; baseline -0.002 -17"><span class='ocrx_word' id='word_1_683' title='bbox 2140 4253 2282 4325; x_wconf 73' lang='grc' dir='ltr'>ᾇπερ</span> <span class='ocrx_word' id='word_1_684' title='bbox 2313 4257 2502 4325; x_wconf 71' lang='grc' dir='ltr'>νοῆσαι</span> <span class='ocrx_word' id='word_1_685' title='bbox 2532 4255 2692 4326; x_wconf 84' lang='grc' dir='ltr'>μόνου</span> <span class='ocrx_word' id='word_1_686' title='bbox 2733 4254 2827 4307; x_wconf 81' lang='grc' dir='ltr'>τοῦ</span> <span class='ocrx_word' id='word_1_687' title='bbox 2862 4253 3014 4326; x_wconf 87' lang='grc' dir='ltr'><strong>παρά</strong></span> <span class='ocrx_word' id='word_1_688' title='bbox 3039 4253 3157 4325; x_wconf 85' lang='grc' dir='ltr'><strong>Θεῷ</strong></span> <span class='ocrx_word' id='word_1_689' title='bbox 3184 4253 3379 4322; x_wconf 86' lang='grc' dir='ltr'>γένοιτ’</span> <span class='ocrx_word' id='word_1_690' title='bbox 3414 4252 3481 4306; x_wconf 80' lang='grc' dir='ltr'><strong>ἀν</strong></span> <span class='ocrx_word' id='word_1_691' title='bbox 3513 4253 3718 4323; x_wconf 79' lang='grc' dir='ltr'>σοφοῦ,</span> 
     </span>
    </p>
   </div>
   <div class='ocr_carea' id='block_1_92' title="bbox 2139 4344 3714 4419">
    <p class='ocr_par' dir='ltr' id='par_1_92' title="bbox 2139 4344 3714 4419">
     <span class='ocr_line' id='line_1_92' title="bbox 2139 4344 3714 4419; baseline 0.001 -21"><span class='ocrx_word' id='word_1_692' title='bbox 2139 4347 2281 4400; x_wconf 85' lang='grc' dir='ltr'>κατὰ</span> <span class='ocrx_word' id='word_1_693' title='bbox 2312 4347 2412 4419; x_wconf 80' lang='grc' dir='ltr'><strong>τὴν</strong></span> <span class='ocrx_word' id='word_1_694' title='bbox 2434 4346 2526 4400; x_wconf 80' lang='grc' dir='ltr'><strong>ἐπὶ</strong></span> <span class='ocrx_word' id='word_1_695' title='bbox 2560 4346 2702 4400; x_wconf 88' lang='grc' dir='ltr'>τέλει</span> <span class='ocrx_word' id='word_1_696' title='bbox 2731 4344 2825 4399; x_wconf 80' lang='grc' dir='ltr'>τοῦ</span> <span class='ocrx_word' id='word_1_697' title='bbox 2859 4345 3074 4417; x_wconf 75' lang='grc' dir='ltr'>ψαλμοῦ</span> <span class='ocrx_word' id='word_1_698' title='bbox 3117 4347 3362 4417; x_wconf 78' lang='grc' dir='ltr'>φήσασαν</span> <span class='ocrx_word' id='word_1_699' title='bbox 3394 4348 3714 4419; x_wconf 65' lang='grc' dir='ltr'><strong>ἐπαγωγὴν⁹</strong></span> 
     </span>
    </p>
   </div>
   <div class='ocr_carea' id='block_1_93' title="bbox 2144 4438 3535 4510">
    <p class='ocr_par' dir='ltr' id='par_1_93' title="bbox 2144 4438 3535 4510">
     <span class='ocr_line' id='line_1_93' title="bbox 2144 4438 3535 4510; baseline 0.002 -20"><span class='ocrx_word' id='word_1_700' title='bbox 2144 4459 2162 4490; x_wconf 76' lang='grc' dir='ltr'><strong>ι</strong></span> <span class='ocrx_word' id='word_1_701' title='bbox 2193 4440 2289 4504; x_wconf 88' lang='grc' dir='ltr'>Τίς</span> <span class='ocrx_word' id='word_1_702' title='bbox 2320 4441 2500 4510; x_wconf 79' lang='grc' dir='ltr'>σοφὸς,</span> <span class='ocrx_word' id='word_1_703' title='bbox 2523 4440 2616 4494; x_wconf 76' lang='grc' dir='ltr'>καὶ</span> <span class='ocrx_word' id='word_1_704' title='bbox 2648 4440 2869 4510; x_wconf 78' lang='grc' dir='ltr'>φυλάξει</span> <span class='ocrx_word' id='word_1_705' title='bbox 2894 4439 3093 4504; x_wconf 82' lang='grc' dir='ltr'>ταῦτα;</span> <span class='ocrx_word' id='word_1_706' title='bbox 3127 4459 3143 4489; x_wconf 76' lang='grc' dir='ltr'><strong>ι</strong></span> <span class='ocrx_word' id='word_1_707' title='bbox 3165 4441 3258 4493; x_wconf 56' lang='grc' dir='ltr'><strong>καὶ⁵</strong></span> <span class='ocrx_word' id='word_1_708' title='bbox 3292 4439 3361 4493; x_wconf 82' lang='grc' dir='ltr'>τὰ</span> <span class='ocrx_word' id='word_1_709' title='bbox 3385 4438 3535 4510; x_wconf 79' lang='grc' dir='ltr'>ἑξῆς.</span> 
     </span>
    </p>
   </div>
   <div class='ocr_carea' id='block_1_94' title="bbox 461 4522 3717 4602">
    <p class='ocr_par' dir='ltr' id='par_1_94' title="bbox 461 4522 3717 4602">
     <span class='ocr_line' id='line_1_94' title="bbox 461 4522 3717 4602; baseline 0.002 -27"><span class='ocrx_word' id='word_1_710' title='bbox 461 4536 581 4593; x_wconf 67' lang='lat' dir='ltr'><strong>quae</strong></span> <span class='ocrx_word' id='word_1_711' title='bbox 632 4522 796 4576; x_wconf 77' lang='lat' dir='ltr'><strong>etiam</strong></span> <span class='ocrx_word' id='word_1_712' title='bbox 843 4523 1056 4593; x_wconf 87' lang='lat' dir='ltr'><strong>planius</strong></span> <span class='ocrx_word' id='word_1_713' title='bbox 1089 4523 1291 4588; x_wconf 88' lang='lat' dir='ltr'><strong>innuit,</strong></span> <span class='ocrx_word' id='word_1_714' title='bbox 1342 4523 1530 4580; x_wconf 89' lang='lat' dir='ltr'><strong>dicens</strong></span> <span class='ocrx_word' id='word_1_715' title='bbox 1571 4543 1584 4578; x_wconf 90' lang='lat'><strong>:</strong></span> <span class='ocrx_word' id='word_1_716' title='bbox 1626 4544 1644 4575; x_wconf 79' lang='grc' dir='ltr'><strong>ι</strong></span> <span class='ocrx_word' id='word_1_717' title='bbox 1678 4525 1868 4580; x_wconf 88' lang='lat' dir='ltr'><strong>Posuit</strong></span> <span class='ocrx_word' id='word_1_718' title='bbox 1901 4527 2178 4583; x_wconf 88' lang='lat' dir='ltr'><strong>desertum</strong></span> <span class='ocrx_word' id='word_1_719' title='bbox 2213 4531 2266 4584; x_wconf 92' lang='lat' dir='ltr'><strong>in</strong></span> <span class='ocrx_word' id='word_1_720' title='bbox 2324 4538 2514 4602; x_wconf 88' lang='lat' dir='ltr'><strong>stagna</strong></span> <span class='ocrx_word' id='word_1_721' title='bbox 2573 4545 2864 4600; x_wconf 89' lang='lat' dir='ltr'><strong>aquarum,</strong></span> <span class='ocrx_word' id='word_1_722' title='bbox 2898 4549 2916 4581; x_wconf 75' lang='grc' dir='ltr'><strong>ι</strong></span> <span class='ocrx_word' id='word_1_723' title='bbox 2961 4538 3093 4592; x_wconf 83' lang='lat' dir='ltr'><strong>etc.,</strong></span> <span class='ocrx_word' id='word_1_724' title='bbox 3129 4544 3250 4598; x_wconf 69' lang='lat' dir='ltr'><strong>qua:</strong></span> <span class='ocrx_word' id='word_1_725' title='bbox 3281 4531 3468 4599; x_wconf 91' lang='lat' dir='ltr'><strong>utique</strong></span> <span class='ocrx_word' id='word_1_726' title='bbox 3509 4529 3717 4585; x_wconf 82' lang='lat' dir='ltr'><strong>intelli-</strong></span> 
     </span>
    </p>
   </div>
   <div class='ocr_carea' id='block_1_95' title="bbox 459 4615 3714 4694">
    <p class='ocr_par' dir='ltr' id='par_1_95' title="bbox 459 4615 3714 4694">
     <span class='ocr_line' id='line_1_95' title="bbox 459 4615 3714 4694; baseline 0.002 -24"><span class='ocrx_word' id='word_1_727' title='bbox 459 4616 639 4688; x_wconf 85' lang='lat' dir='ltr'><strong>gentia</strong></span> <span class='ocrx_word' id='word_1_728' title='bbox 697 4615 956 4686; x_wconf 87' lang='lat' dir='ltr'><strong>consequi</strong></span> <span class='ocrx_word' id='word_1_729' title='bbox 1005 4616 1126 4687; x_wconf 92' lang='lat' dir='ltr'><strong>ejus</strong></span> <span class='ocrx_word' id='word_1_730' title='bbox 1174 4617 1337 4672; x_wconf 92' lang='lat' dir='ltr'><strong>unius</strong></span> <span class='ocrx_word' id='word_1_731' title='bbox 1367 4631 1490 4672; x_wconf 88' lang='lat' dir='ltr'><strong>esse</strong></span> <span class='ocrx_word' id='word_1_732' title='bbox 1529 4625 1723 4688; x_wconf 87' lang='lat' dir='ltr'><strong>potest,</strong></span> <span class='ocrx_word' id='word_1_733' title='bbox 1765 4620 1855 4689; x_wconf 88' lang='lat' dir='ltr'><strong>qui</strong></span> <span class='ocrx_word' id='word_1_734' title='bbox 1899 4620 2040 4690; x_wconf 86' lang='lat' dir='ltr'><strong>apud</strong></span> <span class='ocrx_word' id='word_1_735' title='bbox 2093 4619 2259 4675; x_wconf 89' lang='lat' dir='ltr'><strong>Deum</strong></span> <span class='ocrx_word' id='word_1_736' title='bbox 2303 4623 2375 4676; x_wconf 91' lang='lat' dir='ltr'><strong>sit</strong></span> <span class='ocrx_word' id='word_1_737' title='bbox 2429 4623 2668 4692; x_wconf 85' lang='lat' dir='ltr'><strong>sapiens,</strong></span> <span class='ocrx_word' id='word_1_738' title='bbox 2707 4625 2848 4678; x_wconf 89' lang='lat' dir='ltr'><strong>sicut</strong></span> <span class='ocrx_word' id='word_1_739' title='bbox 2885 4637 2948 4677; x_wconf 89' lang='lat' dir='ltr'><strong>ea</strong></span> <span class='ocrx_word' id='word_1_740' title='bbox 2978 4621 3222 4676; x_wconf 91' lang='lat' dir='ltr'><strong>inductio</strong></span> <span class='ocrx_word' id='word_1_741' title='bbox 3266 4622 3450 4685; x_wconf 88' lang='lat' dir='ltr'><strong>habet,</strong></span> <span class='ocrx_word' id='word_1_742' title='bbox 3500 4637 3626 4694; x_wconf 70' lang='lat' dir='ltr'><strong>quae</strong></span> <span class='ocrx_word' id='word_1_743' title='bbox 3660 4623 3714 4678; x_wconf 88' lang='lat' dir='ltr'><strong>in</strong></span> 
     </span>
    </p>
   </div>
   <div class='ocr_carea' id='block_1_96' title="bbox 460 4709 998 4782">
    <p class='ocr_par' dir='ltr' id='par_1_96' title="bbox 460 4709 998 4782">
     <span class='ocr_line' id='line_1_96' title="bbox 460 4709 998 4782; baseline -0.002 -17"><span class='ocrx_word' id='word_1_744' title='bbox 460 4711 565 4766; x_wconf 86' lang='lat' dir='ltr'><strong>fine</strong></span> <span class='ocrx_word' id='word_1_745' title='bbox 614 4709 808 4782; x_wconf 85' lang='lat' dir='ltr'><strong>psalmi</strong></span> <span class='ocrx_word' id='word_1_746' title='bbox 855 4710 930 4763; x_wconf 87' lang='lat' dir='ltr'><strong>ait</strong></span> <span class='ocrx_word' id='word_1_747' title='bbox 987 4729 998 4764; x_wconf 93' lang='lat'><strong>:</strong></span> 
     </span>
    </p>
   </div>
   <div class='ocr_carea' id='block_1_97' title="bbox 1033 4818 1440 4878">
    <p class='ocr_par' dir='ltr' id='par_1_97' title="bbox 1033 4818 1440 4878">
     <span class='ocr_line' id='line_1_97' title="bbox 1033 4818 1440 4878; baseline 0.005 -2"><span class='ocrx_word' id='word_1_748' title='bbox 1033 4818 1264 4876; x_wconf 80' lang='lat' dir='ltr'><strong>CAPUT</strong></span> <span class='ocrx_word' id='word_1_749' title='bbox 1303 4818 1440 4878; x_wconf 78' lang='lat' dir='ltr'><strong>Vlll.</strong></span> 
     </span>
    </p>
   </div>
   <div class='ocr_carea' id='block_1_98' title="bbox 453 4911 2028 4985">
    <p class='ocr_par' dir='ltr' id='par_1_98' title="bbox 453 4911 2028 4985">
     <span class='ocr_line' id='line_1_98' title="bbox 453 4911 2028 4985; baseline -0.004 -15"><span class='ocrx_word' id='word_1_750' title='bbox 453 4915 498 4970; x_wconf 87' lang='lat' dir='ltr'><strong><em>A</em></strong></span> <span class='ocrx_word' id='word_1_751' title='bbox 567 4916 770 4985; x_wconf 83' lang='lat' dir='ltr'><strong>psalmo</strong></span> <span class='ocrx_word' id='word_1_752' title='bbox 825 4929 950 4968; x_wconf 64' lang='lat' dir='ltr'><strong>cam</strong></span> <span class='ocrx_word' id='word_1_753' title='bbox 1013 4923 1063 4968; x_wconf 88' lang='lat' dir='ltr'><strong>et</strong></span> <span class='ocrx_word' id='word_1_754' title='bbox 1120 4928 1288 4968; x_wconf 80' lang='lat' dir='ltr'><strong>cxvn.</strong></span> <span class='ocrx_word' id='word_1_755' title='bbox 1345 4943 1414 4954; x_wconf 94' lang='lat'><strong>--</strong></span> <span class='ocrx_word' id='word_1_756' title='bbox 1497 4911 2028 4985; x_wconf 4' lang='lat' dir='ltr'><strong>Gentiumgvocatio,</strong></span> 
     </span>
    </p>
   </div>
   <div class='ocr_carea' id='block_1_99' title="bbox 530 4983 2030 5056">
    <p class='ocr_par' dir='ltr' id='par_1_99' title="bbox 530 4983 2030 5056">
     <span class='ocr_line' id='line_1_99' title="bbox 530 4983 2030 5056; baseline -0.002 -17"><span class='ocrx_word' id='word_1_757' title='bbox 530 4983 766 5056; x_wconf 82' lang='lat' dir='ltr'><strong>Deusque</strong></span> <span class='ocrx_word' id='word_1_758' title='bbox 820 4985 1096 5056; x_wconf 68' lang='lat' dir='ltr'><strong>manifeste</strong></span> <span class='ocrx_word' id='word_1_759' title='bbox 1157 4999 1436 5054; x_wconf 81' lang='lat' dir='ltr'><strong>apparens,</strong></span> <span class='ocrx_word' id='word_1_760' title='bbox 1490 4993 1541 5038; x_wconf 87' lang='lat' dir='ltr'><strong>et</strong></span> <span class='ocrx_word' id='word_1_761' title='bbox 1593 4983 1893 5037; x_wconf 77' lang='lat' dir='ltr'><strong>benedictus</strong></span> <span class='ocrx_word' id='word_1_762' title='bbox 1941 4985 2030 5052; x_wconf 81' lang='lat' dir='ltr'><strong>qui</strong></span> 
     </span>
    </p>
   </div>
   <div class='ocr_carea' id='block_1_100' title="bbox 524 5055 1257 5112">
    <p class='ocr_par' dir='ltr' id='par_1_100' title="bbox 524 5055 1257 5112">
     <span class='ocr_line' id='line_1_100' title="bbox 524 5055 1257 5112; baseline -0.003 0"><span class='ocrx_word' id='word_1_763' title='bbox 524 5059 656 5112; x_wconf 81' lang='lat' dir='ltr'><strong>venit</strong></span> <span class='ocrx_word' id='word_1_764' title='bbox 694 5059 747 5110; x_wconf 85' lang='lat' dir='ltr'><strong>in</strong></span> <span class='ocrx_word' id='word_1_765' title='bbox 784 5057 991 5110; x_wconf 82' lang='lat' dir='ltr'><strong>nomine</strong></span> <span class='ocrx_word' id='word_1_766' title='bbox 1021 5055 1257 5110; x_wconf 87' lang='lat' dir='ltr'><strong>Domini.</strong></span> 
     </span>
    </p>
   </div>
   <div class='ocr_carea' id='block_1_101' title="bbox 528 5168 2029 5242">
    <p class='ocr_par' dir='ltr' id='par_1_101' title="bbox 528 5168 2029 5242">
     <span class='ocr_line' id='line_1_101' title="bbox 528 5168 2029 5242; baseline -0.001 -20"><span class='ocrx_word' id='word_1_767' title='bbox 528 5189 546 5222; x_wconf 72' lang='grc' dir='ltr'><strong>ι</strong></span> <span class='ocrx_word' id='word_1_768' title='bbox 578 5171 820 5227; x_wconf 88' lang='lat' dir='ltr'><strong>Laudate</strong></span> <span class='ocrx_word' id='word_1_769' title='bbox 877 5168 1191 5234; x_wconf 91' lang='lat' dir='ltr'><strong>Dominum,</strong></span> <span class='ocrx_word' id='word_1_770' title='bbox 1223 5185 1413 5226; x_wconf 89' lang='lat' dir='ltr'><strong>omnes</strong></span> <span class='ocrx_word' id='word_1_771' title='bbox 1452 5177 1661 5242; x_wconf 86' lang='lat' dir='ltr'><strong>gentes,</strong></span> <span class='ocrx_word' id='word_1_772' title='bbox 1712 5176 1767 5223; x_wconf 88' lang='lat' dir='ltr'><strong>et</strong></span> <span class='ocrx_word' id='word_1_773' title='bbox 1822 5169 2029 5222; x_wconf 87' lang='lat' dir='ltr'><strong>collau-</strong></span> 
     </span>
    </p>
   </div>
   <div class='ocr_carea' id='block_1_102' title="bbox 450 5262 2025 5334">
    <p class='ocr_par' dir='ltr' id='par_1_102' title="bbox 450 5262 2025 5334">
     <span class='ocr_line' id='line_1_102' title="bbox 450 5262 2025 5334; baseline -0.002 -15"><span class='ocrx_word' id='word_1_774' title='bbox 450 5263 575 5320; x_wconf 90' lang='lat' dir='ltr'><strong>date</strong></span> <span class='ocrx_word' id='word_1_775' title='bbox 598 5279 745 5328; x_wconf 89' lang='lat' dir='ltr'><strong>eum,</strong></span> <span class='ocrx_word' id='word_1_776' title='bbox 768 5279 960 5319; x_wconf 87' lang='lat' dir='ltr'><strong>omnes</strong></span> <span class='ocrx_word' id='word_1_777' title='bbox 992 5262 1200 5334; x_wconf 88' lang='lat' dir='ltr'><strong>populi,</strong></span> <span class='ocrx_word' id='word_1_778' title='bbox 1229 5264 1487 5333; x_wconf 86' lang='lat' dir='ltr'><strong>quoniam</strong></span> <span class='ocrx_word' id='word_1_779' title='bbox 1511 5263 1674 5333; x_wconf 76' lang='grc'><strong>266</strong></span> <span class='ocrx_word' id='word_1_780' title='bbox 1703 5264 2025 5316; x_wconf 81' lang='lat' dir='ltr'><strong>Confirmata</strong></span> 
     </span>
    </p>
   </div>
   <div class='ocr_carea' id='block_1_103' title="bbox 449 5354 2020 5426">
    <p class='ocr_par' dir='ltr' id='par_1_103' title="bbox 449 5354 2020 5426">
     <span class='ocr_line' id='line_1_103' title="bbox 449 5354 2020 5426; baseline 0 -18"><span class='ocrx_word' id='word_1_781' title='bbox 449 5362 533 5408; x_wconf 87' lang='lat' dir='ltr'><strong>est</strong></span> <span class='ocrx_word' id='word_1_782' title='bbox 582 5372 749 5426; x_wconf 89' lang='lat' dir='ltr'><strong>super</strong></span> <span class='ocrx_word' id='word_1_783' title='bbox 800 5372 902 5410; x_wconf 90' lang='lat' dir='ltr'><strong>nos</strong></span> <span class='ocrx_word' id='word_1_784' title='bbox 951 5355 1329 5411; x_wconf 87' lang='lat' dir='ltr'><strong>misericordia</strong></span> <span class='ocrx_word' id='word_1_785' title='bbox 1353 5354 1552 5424; x_wconf 81' lang='lat' dir='ltr'><strong>ejus“,</strong></span> <span class='ocrx_word' id='word_1_786' title='bbox 1591 5373 1610 5405; x_wconf 74' lang='grc' dir='ltr'><strong>ι</strong></span> <span class='ocrx_word' id='word_1_787' title='bbox 1669 5364 1722 5409; x_wconf 84' lang='lat' dir='ltr'><strong>et</strong></span> <span class='ocrx_word' id='word_1_788' title='bbox 1769 5363 1964 5410; x_wconf 69' lang='lat' dir='ltr'><strong>caetera</strong></span> <span class='ocrx_word' id='word_1_789' title='bbox 2007 5371 2020 5408; x_wconf 87' lang='lat'>:</span> 
     </span>
    </p>
   </div>
   <div class='ocr_carea' id='block_1_104' title="bbox 455 5444 2019 5516">
    <p class='ocr_par' dir='ltr' id='par_1_104' title="bbox 455 5444 2019 5516">
     <span class='ocr_line' id='line_1_104' title="bbox 455 5444 2019 5516; baseline 0.001 -18"><span class='ocrx_word' id='word_1_790' title='bbox 455 5462 476 5498; x_wconf 76' lang='grc' dir='ltr'><strong>ι</strong></span> <span class='ocrx_word' id='word_1_791' title='bbox 511 5444 556 5502; x_wconf 90' lang='lat'><strong>0</strong></span> <span class='ocrx_word' id='word_1_792' title='bbox 611 5446 857 5512; x_wconf 89' lang='lat' dir='ltr'><strong>Domine,</strong></span> <span class='ocrx_word' id='word_1_793' title='bbox 909 5449 1120 5504; x_wconf 89' lang='lat' dir='ltr'><strong>salvum</strong></span> <span class='ocrx_word' id='word_1_794' title='bbox 1171 5447 1258 5503; x_wconf 82' lang='lat' dir='ltr'><strong>fac</strong></span> <span class='ocrx_word' id='word_1_795' title='bbox 1306 5448 1414 5516; x_wconf 86' lang='lat' dir='ltr'><strong>iam</strong></span> <span class='ocrx_word' id='word_1_796' title='bbox 1460 5462 1628 5514; x_wconf 88' lang='lat' dir='ltr'><strong>nunc,</strong></span> <span class='ocrx_word' id='word_1_797' title='bbox 1668 5462 1703 5499; x_wconf 90' lang='grc' dir='ltr'>ο</span> <span class='ocrx_word' id='word_1_798' title='bbox 1770 5446 2019 5512; x_wconf 91' lang='lat' dir='ltr'><strong>Domine,</strong></span> 
     </span>
    </p>
   </div>
   <div class='ocr_carea' id='block_1_105' title="bbox 451 5538 2021 5611">
    <p class='ocr_par' dir='ltr' id='par_1_105' title="bbox 451 5538 2021 5611">
     <span class='ocr_line' id='line_1_105' title="bbox 451 5538 2021 5611; baseline -0.003 -15"><span class='ocrx_word' id='word_1_799' title='bbox 451 5539 519 5596; x_wconf 88' lang='lat' dir='ltr'><strong>da</strong></span> <span class='ocrx_word' id='word_1_800' title='bbox 569 5538 868 5610; x_wconf 87' lang='lat' dir='ltr'><strong>profectum</strong></span> <span class='ocrx_word' id='word_1_801' title='bbox 907 5541 1020 5611; x_wconf 88' lang='lat' dir='ltr'><strong>jam</strong></span> <span class='ocrx_word' id='word_1_802' title='bbox 1064 5556 1232 5596; x_wconf 88' lang='lat' dir='ltr'><strong>nunc.</strong></span> <span class='ocrx_word' id='word_1_803' title='bbox 1273 5538 1603 5596; x_wconf 85' lang='lat' dir='ltr'><strong>Benedictus</strong></span> <span class='ocrx_word' id='word_1_804' title='bbox 1633 5541 1727 5610; x_wconf 89' lang='lat' dir='ltr'><strong>qui</strong></span> <span class='ocrx_word' id='word_1_805' title='bbox 1769 5539 1918 5594; x_wconf 89' lang='lat' dir='ltr'><strong>venit</strong></span> <span class='ocrx_word' id='word_1_806' title='bbox 1967 5539 2021 5592; x_wconf 90' lang='lat' dir='ltr'><strong>in</strong></span> 
     </span>
    </p>
   </div>
   <div class='ocr_carea' id='block_1_106' title="bbox 513 5691 1998 5761">
    <p class='ocr_par' dir='ltr' id='par_1_106' title="bbox 513 5691 1998 5761">
     <span class='ocr_line' id='line_1_106' title="bbox 513 5691 1998 5761; baseline -0.003 -9"><span class='ocrx_word' id='word_1_807' title='bbox 513 5703 558 5735; x_wconf 83' lang='grc'><strong><em>³²</em></strong></span> <span class='ocrx_word' id='word_1_808' title='bbox 588 5695 734 5752; x_wconf 84' lang='lat' dir='ltr'><strong>Psal.</strong></span> <span class='ocrx_word' id='word_1_809' title='bbox 756 5711 864 5761; x_wconf 80' lang='lat' dir='ltr'><strong>CVI,</strong></span> <span class='ocrx_word' id='word_1_810' title='bbox 904 5697 968 5752; x_wconf 77' lang='grc'><strong>15</strong></span> <span class='ocrx_word' id='word_1_811' title='bbox 995 5697 1086 5752; x_wconf 78' lang='lat'><strong>9.0.</strong></span> <span class='ocrx_word' id='word_1_812' title='bbox 1161 5698 1204 5731; x_wconf 86' lang='grc'><strong><em>³⁸</em></strong></span> <span class='ocrx_word' id='word_1_813' title='bbox 1235 5697 1368 5754; x_wconf 86' lang='lat' dir='ltr'><strong>ibid.</strong></span> <span class='ocrx_word' id='word_1_814' title='bbox 1403 5695 1592 5753; x_wconf 69' lang='lat'><strong>52-57.</strong></span> <span class='ocrx_word' id='word_1_815' title='bbox 1670 5694 1712 5726; x_wconf 73' lang='lat'><strong>“</strong></span> <span class='ocrx_word' id='word_1_816' title='bbox 1747 5691 1878 5752; x_wconf 85' lang='lat' dir='ltr'><strong>ibid.</strong></span> <span class='ocrx_word' id='word_1_817' title='bbox 1906 5691 1998 5748; x_wconf 71' lang='grc'><strong>45.</strong></span> 
     </span>
    </p>
   </div>
   <div class='ocr_carea' id='block_1_107' title="bbox 1061 4708 2439 4780">
    <p class='ocr_par' dir='ltr' id='par_1_107' title="bbox 1061 4708 2439 4780">
     <span class='ocr_line' id='line_1_107' title="bbox 1061 4708 2439 4780; baseline 0.005 -20"><span class='ocrx_word' id='word_1_818' title='bbox 1061 4727 1079 4760; x_wconf 73' lang='grc' dir='ltr'><strong>ι</strong></span> <span class='ocrx_word' id='word_1_819' title='bbox 1144 4708 1278 4776; x_wconf 87' lang='lat' dir='ltr'><strong>Quis</strong></span> <span class='ocrx_word' id='word_1_820' title='bbox 1329 4710 1566 4780; x_wconf 90' lang='lat' dir='ltr'><strong>sapiens,</strong></span> <span class='ocrx_word' id='word_1_821' title='bbox 1611 4716 1666 4764; x_wconf 92' lang='lat' dir='ltr'><strong>et</strong></span> <span class='ocrx_word' id='word_1_822' title='bbox 1726 4710 1998 4766; x_wconf 89' lang='lat' dir='ltr'><strong>custodiet</strong></span> <span class='ocrx_word' id='word_1_823' title='bbox 2030 4711 2247 4766; x_wconf 66' lang='lat' dir='ltr'><strong>haec”?</strong></span> <span class='ocrx_word' id='word_1_824' title='bbox 2281 4732 2298 4764; x_wconf 72' lang='grc' dir='ltr'><strong>ι</strong></span> <span class='ocrx_word' id='word_1_825' title='bbox 2333 4723 2439 4767; x_wconf 84' lang='lat' dir='ltr'><strong>etc.</strong></span> 
     </span>
    </p>
   </div>
   <div class='ocr_carea' id='block_1_108' title="bbox 2663 4820 3179 4874">
    <p class='ocr_par' dir='ltr' id='par_1_108' title="bbox 2663 4820 3179 4874">
     <span class='ocr_line' id='line_1_108' title="bbox 2663 4820 3179 4874; baseline 0.002 -1"><span class='ocrx_word' id='word_1_826' title='bbox 2663 4820 3057 4874; x_wconf 78' lang='grc' dir='ltr'><strong>ΚΕΦΑΛΑΙΟΝ</strong></span> <span class='ocrx_word' id='word_1_827' title='bbox 3098 4822 3179 4874; x_wconf 82' lang='lat' dir='ltr'><strong>H&#39;.</strong></span> 
     </span>
    </p>
   </div>
   <div class='ocr_carea' id='block_1_109' title="bbox 2148 4911 3716 4981">
    <p class='ocr_par' dir='ltr' id='par_1_109' title="bbox 2148 4911 3716 4981">
     <span class='ocr_line' id='line_1_109' title="bbox 2148 4911 3716 4981; baseline 0.003 -16"><span class='ocrx_word' id='word_1_828' title='bbox 2148 4912 2291 4965; x_wconf 74' lang='grc' dir='ltr'><strong>Ἀπὸ</strong></span> <span class='ocrx_word' id='word_1_829' title='bbox 2313 4913 2556 4981; x_wconf 64' lang='grc' dir='ltr'>ψαλμοῦ</span> <span class='ocrx_word' id='word_1_830' title='bbox 2575 4913 2689 4981; x_wconf 62' lang='grc' dir='ltr'><strong>ριςέ</strong></span> <span class='ocrx_word' id='word_1_831' title='bbox 2713 4913 2810 4966; x_wconf 76' lang='grc' dir='ltr'>καὶ</span> <span class='ocrx_word' id='word_1_832' title='bbox 2826 4913 2955 4981; x_wconf 63' lang='grc' dir='ltr'>ριζν.</span> <span class='ocrx_word' id='word_1_833' title='bbox 2975 4943 3043 4952; x_wconf 90' lang='lat'><strong><em>—</em></strong></span> <span class='ocrx_word' id='word_1_834' title='bbox 3061 4911 3277 4968; x_wconf 76' lang='grc' dir='ltr'>Ἐθνῶν</span> <span class='ocrx_word' id='word_1_835' title='bbox 3297 4911 3540 4980; x_wconf 71' lang='grc' dir='ltr'>κλῆσις,</span> <span class='ocrx_word' id='word_1_836' title='bbox 3570 4916 3716 4980; x_wconf 60' lang='lat' dir='ltr'><strong>Gea-</strong></span> 
     </span>
    </p>
   </div>
   <div class='ocr_carea' id='block_1_110' title="bbox 2206 4983 3711 5054">
    <p class='ocr_par' dir='ltr' id='par_1_110' title="bbox 2206 4983 3711 5054">
     <span class='ocr_line' id='line_1_110' title="bbox 2206 4983 3711 5054; baseline 0.003 -20"><span class='ocrx_word' id='word_1_837' title='bbox 2206 5000 2269 5035; x_wconf 88' lang='grc' dir='ltr'><strong>τε</strong></span> <span class='ocrx_word' id='word_1_838' title='bbox 2288 4984 2608 5051; x_wconf 72' lang='grc' dir='ltr'>ἐπιφανὴς,</span> <span class='ocrx_word' id='word_1_839' title='bbox 2662 4985 2760 5038; x_wconf 77' lang='grc' dir='ltr'><strong>καὶ</strong></span> <span class='ocrx_word' id='word_1_840' title='bbox 2799 4984 3208 5054; x_wconf 74' lang='grc' dir='ltr'>εὐλογημένος</span> <span class='ocrx_word' id='word_1_841' title='bbox 3229 4987 3261 5037; x_wconf 84' lang='grc' dir='ltr'><strong>ό</strong></span> <span class='ocrx_word' id='word_1_842' title='bbox 3288 4983 3615 5054; x_wconf 80' lang='grc' dir='ltr'>ἐρχόμενος</span> <span class='ocrx_word' id='word_1_843' title='bbox 3643 4986 3711 5038; x_wconf 73' lang='grc' dir='ltr'>ἐν</span> 
     </span>
    </p>
   </div>
   <div class='ocr_carea' id='block_1_111' title="bbox 2207 5055 2717 5122">
    <p class='ocr_par' dir='ltr' id='par_1_111' title="bbox 2207 5055 2717 5122">
     <span class='ocr_line' id='line_1_111' title="bbox 2207 5055 2717 5122; baseline 0.004 -18"><span class='ocrx_word' id='word_1_844' title='bbox 2207 5055 2447 5122; x_wconf 71' lang='grc' dir='ltr'>ὀνόματι</span> <span class='ocrx_word' id='word_1_845' title='bbox 2475 5056 2717 5122; x_wconf 83' lang='grc' dir='ltr'><strong>Κυρίου.</strong></span> 
     </span>
    </p>
   </div>
   <div class='ocr_carea' id='block_1_112' title="bbox 2208 5167 3710 5240">
    <p class='ocr_par' dir='ltr' id='par_1_112' title="bbox 2208 5167 3710 5240">
     <span class='ocr_line' id='line_1_112' title="bbox 2208 5167 3710 5240; baseline 0.003 -20"><span class='ocrx_word' id='word_1_846' title='bbox 2208 5188 2226 5220; x_wconf 73' lang='grc' dir='ltr'><strong>ι</strong></span> <span class='ocrx_word' id='word_1_847' title='bbox 2257 5169 2464 5221; x_wconf 75' lang='grc' dir='ltr'>Αἰνεῖτε</span> <span class='ocrx_word' id='word_1_848' title='bbox 2493 5167 2585 5220; x_wconf 86' lang='grc' dir='ltr'><strong>τὸν</strong></span> <span class='ocrx_word' id='word_1_849' title='bbox 2626 5168 2848 5239; x_wconf 84' lang='grc' dir='ltr'>Κύριον,</span> <span class='ocrx_word' id='word_1_850' title='bbox 2883 5169 3059 5223; x_wconf 86' lang='grc' dir='ltr'>πάντα</span> <span class='ocrx_word' id='word_1_851' title='bbox 3089 5169 3158 5224; x_wconf 80' lang='grc' dir='ltr'>τὰ</span> <span class='ocrx_word' id='word_1_852' title='bbox 3189 5169 3339 5240; x_wconf 74' lang='grc' dir='ltr'>ἔθνη,</span> <span class='ocrx_word' id='word_1_853' title='bbox 3369 5171 3464 5224; x_wconf 75' lang='grc' dir='ltr'><strong>καὶ</strong></span> <span class='ocrx_word' id='word_1_854' title='bbox 3498 5173 3710 5224; x_wconf 79' lang='grc' dir='ltr'>ἐπαινε-</span> 
     </span>
    </p>
   </div>
   <div class='ocr_carea' id='block_1_113' title="bbox 2134 5259 3704 5333">
    <p class='ocr_par' dir='ltr' id='par_1_113' title="bbox 2134 5259 3704 5333">
     <span class='ocr_line' id='line_1_113' title="bbox 2134 5259 3704 5333; baseline 0.002 -21"><span class='ocrx_word' id='word_1_855' title='bbox 2134 5260 2382 5314; x_wconf 85' lang='grc' dir='ltr'>σάτωσαν</span> <span class='ocrx_word' id='word_1_856' title='bbox 2417 5260 2580 5314; x_wconf 87' lang='grc' dir='ltr'>αὑτὸν</span> <span class='ocrx_word' id='word_1_857' title='bbox 2619 5259 2818 5324; x_wconf 88' lang='grc' dir='ltr'>πάντες</span> <span class='ocrx_word' id='word_1_858' title='bbox 2849 5263 2897 5314; x_wconf 92' lang='grc' dir='ltr'><strong>οί</strong></span> <span class='ocrx_word' id='word_1_859' title='bbox 2941 5261 3085 5314; x_wconf 75' lang='grc' dir='ltr'>λαοί’</span> <span class='ocrx_word' id='word_1_860' title='bbox 3129 5263 3212 5316; x_wconf 87' lang='grc' dir='ltr'>ὃτι</span> <span class='ocrx_word' id='word_1_861' title='bbox 3245 5261 3589 5333; x_wconf 64' lang='grc' dir='ltr'>ἐκραταιιέὠη</span> <span class='ocrx_word' id='word_1_862' title='bbox 3622 5264 3704 5331; x_wconf 77' lang='grc' dir='ltr'>ἐφ’</span> 
     </span>
    </p>
   </div>
   <div class='ocr_carea' id='block_1_114' title="bbox 2128 5351 3710 5426">
    <p class='ocr_par' dir='ltr' id='par_1_114' title="bbox 2128 5351 3710 5426">
     <span class='ocr_line' id='line_1_114' title="bbox 2128 5351 3710 5426; baseline 0.001 -22"><span class='ocrx_word' id='word_1_863' title='bbox 2128 5354 2277 5422; x_wconf 73' lang='grc' dir='ltr'>ἡμᾶς</span> <span class='ocrx_word' id='word_1_864' title='bbox 2294 5353 2355 5404; x_wconf 83' lang='grc' dir='ltr'><strong>τὸ</strong></span> <span class='ocrx_word' id='word_1_865' title='bbox 2380 5351 2526 5415; x_wconf 76' lang='grc' dir='ltr'>ἕλεος</span> <span class='ocrx_word' id='word_1_866' title='bbox 2552 5353 2771 5416; x_wconf 76' lang='grc' dir='ltr'>αὑτοῦ,»</span> <span class='ocrx_word' id='word_1_867' title='bbox 2799 5356 2892 5407; x_wconf 81' lang='grc' dir='ltr'>καὶ</span> <span class='ocrx_word' id='word_1_868' title='bbox 2918 5353 2985 5407; x_wconf 86' lang='grc' dir='ltr'>τὰ</span> <span class='ocrx_word' id='word_1_869' title='bbox 3010 5355 3135 5425; x_wconf 80' lang='grc' dir='ltr'>ἐξῆς</span> <span class='ocrx_word' id='word_1_870' title='bbox 3159 5374 3172 5410; x_wconf 92' lang='lat'><strong>:</strong></span> <span class='ocrx_word' id='word_1_871' title='bbox 3193 5351 3292 5408; x_wconf 81' lang='grc' dir='ltr'><strong>«Ὦ</strong></span> <span class='ocrx_word' id='word_1_872' title='bbox 3312 5354 3509 5426; x_wconf 85' lang='grc' dir='ltr'>Κύριε,</span> <span class='ocrx_word' id='word_1_873' title='bbox 3540 5357 3710 5408; x_wconf 68' lang='grc' dir='ltr'>σῶς-τιν</span> 
     </span>
    </p>
   </div>
   <div class='ocr_carea' id='block_1_115' title="bbox 2127 5435 3712 5516">
    <p class='ocr_par' dir='ltr' id='par_1_115' title="bbox 2127 5435 3712 5516">
     <span class='ocr_line' id='line_1_115' title="bbox 2127 5435 3712 5516; baseline 0.001 -23"><span class='ocrx_word' id='word_1_874' title='bbox 2127 5441 2211 5512; x_wconf 83' lang='grc' dir='ltr'>δὴ,</span> <span class='ocrx_word' id='word_1_875' title='bbox 2239 5435 2284 5494; x_wconf 80' lang='grc' dir='ltr'>ὦ</span> <span class='ocrx_word' id='word_1_876' title='bbox 2318 5441 2512 5513; x_wconf 82' lang='grc' dir='ltr'>Κύριε,</span> <span class='ocrx_word' id='word_1_877' title='bbox 2548 5442 2810 5497; x_wconf 87' lang='grc' dir='ltr'>εὑόδωσον</span> <span class='ocrx_word' id='word_1_878' title='bbox 2831 5443 2916 5516; x_wconf 81' lang='grc' dir='ltr'>δή.</span> <span class='ocrx_word' id='word_1_879' title='bbox 2951 5443 3325 5514; x_wconf 81' lang='grc' dir='ltr'>Εὐλογημένος</span> <span class='ocrx_word' id='word_1_880' title='bbox 3353 5445 3382 5496; x_wconf 85' lang='grc' dir='ltr'><strong>ό</strong></span> <span class='ocrx_word' id='word_1_881' title='bbox 3413 5445 3712 5514; x_wconf 67' lang='grc' dir='ltr'>ἐρχόμενος</span> 
     </span>
    </p>
   </div>
   <div class='ocr_carea' id='block_1_116' title="bbox 2129 5537 3714 5610">
    <p class='ocr_par' dir='ltr' id='par_1_116' title="bbox 2129 5537 3714 5610">
     <span class='ocr_line' id='line_1_116' title="bbox 2129 5537 3714 5610; baseline -0.003 -20"><span class='ocrx_word' id='word_1_882' title='bbox 2129 5539 2187 5590; x_wconf 85' lang='grc' dir='ltr'>ἐν</span> <span class='ocrx_word' id='word_1_883' title='bbox 2231 5538 2455 5607; x_wconf 82' lang='grc' dir='ltr'>ὀνόματι</span> <span class='ocrx_word' id='word_1_884' title='bbox 2519 5538 2745 5609; x_wconf 83' lang='grc' dir='ltr'>Κυρίου.</span> <span class='ocrx_word' id='word_1_885' title='bbox 2801 5538 2933 5602; x_wconf 76' lang='grc' dir='ltr'>Θεὸς</span> <span class='ocrx_word' id='word_1_886' title='bbox 2980 5537 3204 5610; x_wconf 80' lang='grc' dir='ltr'>Κύριος,</span> <span class='ocrx_word' id='word_1_887' title='bbox 3273 5539 3366 5592; x_wconf 76' lang='grc' dir='ltr'><strong>καὶ</strong></span> <span class='ocrx_word' id='word_1_888' title='bbox 3436 5537 3714 5608; x_wconf 78' lang='grc' dir='ltr'>ὲπέφανεν</span> 
     </span>
    </p>
   </div>
   <div class='ocr_carea' id='block_1_117' title="bbox 2073 5690 2614 5755">
    <p class='ocr_par' dir='ltr' id='par_1_117' title="bbox 2073 5690 2614 5755">
     <span class='ocr_line' id='line_1_117' title="bbox 2073 5690 2614 5755; baseline 0 -9"><span class='ocrx_word' id='word_1_889' title='bbox 2073 5691 2118 5726; x_wconf 79' lang='grc'><strong><em>³⁵</em></strong></span> <span class='ocrx_word' id='word_1_890' title='bbox 2149 5690 2293 5747; x_wconf 85' lang='lat' dir='ltr'><strong>Psal.</strong></span> <span class='ocrx_word' id='word_1_891' title='bbox 2325 5706 2470 5755; x_wconf 71' lang='lat' dir='ltr'><strong>cxvx.</strong></span> <span class='ocrx_word' id='word_1_892' title='bbox 2495 5691 2546 5753; x_wconf 81' lang='grc'>1,</span> <span class='ocrx_word' id='word_1_893' title='bbox 2563 5691 2614 5746; x_wconf 74' lang='lat'><strong>3.</strong></span> 
     </span>
    </p>
   </div>
  </div>
