  <div class='ocr_page' id='page_1' title='image "/cluster/home/n/w/nwhite01/storage/ocr_20150623/22/hvd.32044073501132/218.png"; bbox 0 0 3916 6200; ppageno 0'>
   <div class='ocr_carea' id='block_1_1' title="bbox 259 187 359 244">
    <p class='ocr_par' dir='ltr' id='par_1_1' title="bbox 259 187 359 244">
     <span class='ocr_line' id='line_1_1' title="bbox 259 187 359 244; baseline -0.02 0"><span class='ocrx_word' id='word_1_1' title='bbox 259 187 359 244; x_wconf 70' lang='grc' dir='ltr'>ιιιδ</span> 
     </span>
    </p>
   </div>
   <div class='ocr_carea' id='block_1_2' title="bbox 1146 187 2610 247">
    <p class='ocr_par' dir='ltr' id='par_1_2' title="bbox 1146 187 2610 247">
     <span class='ocr_line' id='line_1_2' title="bbox 1146 187 2610 247; baseline 0.001 -3"><span class='ocrx_word' id='word_1_2' title='bbox 1146 189 1800 247; x_wconf 69' lang='grc' dir='ltr'><strong>ΒΕΜΟΝΞΤΠΑΤῙΟΝΙΞ</strong></span> <span class='ocrx_word' id='word_1_3' title='bbox 1840 187 2303 244; x_wconf 60' lang='lat' dir='ltr'><strong>EVANGEIJCxE</strong></span> <span class='ocrx_word' id='word_1_4' title='bbox 2341 189 2469 244; x_wconf 70' lang='grc' dir='ltr'><strong>1ιΙΒ.</strong></span> <span class='ocrx_word' id='word_1_5' title='bbox 2515 189 2610 246; x_wconf 75' lang='grc' dir='ltr'>γι.</span> 
     </span>
    </p>
   </div>
   <div class='ocr_carea' id='block_1_3' title="bbox 3379 193 3482 250">
    <p class='ocr_par' dir='ltr' id='par_1_3' title="bbox 3379 193 3482 250">
     <span class='ocr_line' id='line_1_3' title="bbox 3379 193 3482 250; baseline 0 -1"><span class='ocrx_word' id='word_1_6' title='bbox 3379 193 3482 250; x_wconf 72' lang='grc'><strong>426</strong></span> 
     </span>
    </p>
   </div>
   <div class='ocr_carea' id='block_1_4' title="bbox 258 309 1806 385">
    <p class='ocr_par' dir='ltr' id='par_1_4' title="bbox 258 311 1801 385">
     <span class='ocr_line' id='line_1_4' title="bbox 258 311 1801 385; baseline 0.001 -21"><span class='ocrx_word' id='word_1_7' title='bbox 258 311 398 381; x_wconf 80' lang='grc' dir='ltr'>ἡμῖν.</span> <span class='ocrx_word' id='word_1_8' title='bbox 421 330 440 361; x_wconf 72' lang='grc' dir='ltr'><strong>ι</strong></span> <span class='ocrx_word' id='word_1_9' title='bbox 470 311 578 363; x_wconf 76' lang='grc' dir='ltr'><strong>Καὶ</strong></span> <span class='ocrx_word' id='word_1_10' title='bbox 601 311 790 363; x_wconf 83' lang='grc' dir='ltr'>τούτου</span> <span class='ocrx_word' id='word_1_11' title='bbox 821 311 1086 384; x_wconf 77' lang='grc' dir='ltr'><strong>μέμνηται</strong></span> <span class='ocrx_word' id='word_1_12' title='bbox 1115 314 1146 383; x_wconf 77' lang='grc' dir='ltr'><strong>η</strong></span> <span class='ocrx_word' id='word_1_13' title='bbox 1184 313 1301 385; x_wconf 77' lang='grc' dir='ltr'>ἱερὰ</span> <span class='ocrx_word' id='word_1_14' title='bbox 1338 314 1431 366; x_wconf 92' lang='grc' dir='ltr'><strong>τοῦ</strong></span> <span class='ocrx_word' id='word_1_15' title='bbox 1469 314 1801 382; x_wconf 86' lang='grc' dir='ltr'>Εὑαγγελίου</span> 
     </span>
    </p>
   </div>
   <div class='ocr_carea' id='block_1_5' title="bbox 1914 309 3480 385">
    <p class='ocr_par' dir='ltr' id='par_1_5' title="bbox 1914 309 3480 370">
     <span class='ocr_line' id='line_1_5' title="bbox 1914 309 3480 370; baseline 0.003 -6"><span class='ocrx_word' id='word_1_16' title='bbox 1914 311 2130 366; x_wconf 87' lang='lat' dir='ltr'><strong>nomine</strong></span> <span class='ocrx_word' id='word_1_17' title='bbox 2162 309 2400 365; x_wconf 84' lang='lat' dir='ltr'><strong>Domini.</strong></span> <span class='ocrx_word' id='word_1_18' title='bbox 2434 310 2576 366; x_wconf 90' lang='lat' dir='ltr'><strong>Deus</strong></span> <span class='ocrx_word' id='word_1_19' title='bbox 2608 309 2870 366; x_wconf 87' lang='lat' dir='ltr'><strong>Dominus</strong></span> <span class='ocrx_word' id='word_1_20' title='bbox 2897 320 2949 367; x_wconf 90' lang='lat' dir='ltr'><strong>et</strong></span> <span class='ocrx_word' id='word_1_21' title='bbox 2978 311 3155 368; x_wconf 81' lang='lat' dir='ltr'><strong>illuxit</strong></span> <span class='ocrx_word' id='word_1_22' title='bbox 3184 313 3424 370; x_wconf 74' lang='lat' dir='ltr'><strong>nobis&quot;.</strong></span> <span class='ocrx_word' id='word_1_23' title='bbox 3461 336 3480 369; x_wconf 75' lang='grc' dir='ltr'><strong>ι</strong></span> 
     </span>
    </p>
   </div>
   <div class='ocr_carea' id='block_1_6' title="bbox 252 400 1815 476">
    <p class='ocr_par' dir='ltr' id='par_1_6' title="bbox 252 400 1815 476">
     <span class='ocr_line' id='line_1_6' title="bbox 252 400 1815 476; baseline 0.001 -21"><span class='ocrx_word' id='word_1_24' title='bbox 252 401 292 455; x_wconf 86' lang='grc' dir='ltr'><strong><em>Γ</em></strong></span> <span class='ocrx_word' id='word_1_25' title='bbox 295 400 456 474; x_wconf 75' lang='grc' dir='ltr'>ραφὴ,</span> <span class='ocrx_word' id='word_1_26' title='bbox 481 402 665 465; x_wconf 78' lang='grc' dir='ltr'><strong>τέλους</strong></span> <span class='ocrx_word' id='word_1_27' title='bbox 692 404 1310 476; x_wconf 81' lang='grc' dir='ltr'>τετυχηκότος,ὁπηνίκα</span> <span class='ocrx_word' id='word_1_28' title='bbox 1329 406 1356 456; x_wconf 99' lang='lat'><strong>6</strong></span> <span class='ocrx_word' id='word_1_29' title='bbox 1378 407 1566 476; x_wconf 78' lang='grc' dir='ltr'>Σωτὴρ</span> <span class='ocrx_word' id='word_1_30' title='bbox 1585 407 1677 458; x_wconf 74' lang='grc' dir='ltr'><strong>καὶ</strong></span> <span class='ocrx_word' id='word_1_31' title='bbox 1704 405 1815 457; x_wconf 68' lang='lat' dir='ltr'><strong>K13-</strong></span> 
     </span>
    </p>
   </div>
   <div class='ocr_carea' id='block_1_7' title="bbox 253 492 1816 568">
    <p class='ocr_par' dir='ltr' id='par_1_7' title="bbox 253 492 1816 568">
     <span class='ocr_line' id='line_1_7' title="bbox 253 492 1816 568; baseline 0.003 -24"><span class='ocrx_word' id='word_1_32' title='bbox 253 509 363 565; x_wconf 88' lang='grc' dir='ltr'>ριος</span> <span class='ocrx_word' id='word_1_33' title='bbox 391 492 547 563; x_wconf 79' lang='grc' dir='ltr'>ἡμῶν</span> <span class='ocrx_word' id='word_1_34' title='bbox 571 492 734 556; x_wconf 81' lang='grc' dir='ltr'>αὑτὸς</span> <span class='ocrx_word' id='word_1_35' title='bbox 761 493 790 544; x_wconf 83' lang='lat'><strong>6</strong></span> <span class='ocrx_word' id='word_1_36' title='bbox 820 494 1050 564; x_wconf 79' lang='grc' dir='ltr'>Χριστὸς</span> <span class='ocrx_word' id='word_1_37' title='bbox 1075 498 1245 568; x_wconf 82' lang='grc' dir='ltr'><strong>εἰσῄει</strong></span> <span class='ocrx_word' id='word_1_38' title='bbox 1277 498 1354 560; x_wconf 84' lang='grc' dir='ltr'><strong>είς</strong></span> <span class='ocrx_word' id='word_1_39' title='bbox 1372 494 1816 567; x_wconf 80' lang='grc' dir='ltr'>τὰῚεροσόλυμα,</span> 
     </span>
    </p>
   </div>
   <div class='ocr_carea' id='block_1_8' title="bbox 251 583 1817 659">
    <p class='ocr_par' dir='ltr' id='par_1_8' title="bbox 251 583 1817 659">
     <span class='ocr_line' id='line_1_8' title="bbox 251 583 1817 659; baseline 0.002 -23"><span class='ocrx_word' id='word_1_40' title='bbox 251 583 380 637; x_wconf 77' lang='grc' dir='ltr'>πολύ</span> <span class='ocrx_word' id='word_1_41' title='bbox 414 601 474 636; x_wconf 90' lang='grc' dir='ltr'><strong>τε</strong></span> <span class='ocrx_word' id='word_1_42' title='bbox 507 584 708 656; x_wconf 83' lang='grc' dir='ltr'>πλῆθος</span> <span class='ocrx_word' id='word_1_43' title='bbox 746 586 951 658; x_wconf 82' lang='grc' dir='ltr'>ἀνδρῶν</span> <span class='ocrx_word' id='word_1_44' title='bbox 992 590 1086 641; x_wconf 71' lang='grc' dir='ltr'><strong>καὶ</strong></span> <span class='ocrx_word' id='word_1_45' title='bbox 1131 588 1332 640; x_wconf 87' lang='grc' dir='ltr'>παίδων</span> <span class='ocrx_word' id='word_1_46' title='bbox 1375 591 1619 659; x_wconf 80' lang='grc' dir='ltr'><strong>προῆγεν</strong></span> <span class='ocrx_word' id='word_1_47' title='bbox 1651 587 1817 640; x_wconf 83' lang='grc' dir='ltr'>αὑτὸν</span> 
     </span>
    </p>
   </div>
   <div class='ocr_carea' id='block_1_9' title="bbox 257 677 1819 750">
    <p class='ocr_par' dir='ltr' id='par_1_9' title="bbox 257 677 1819 750">
     <span class='ocr_line' id='line_1_9' title="bbox 257 677 1819 750; baseline 0.001 -21"><span class='ocrx_word' id='word_1_48' title='bbox 257 679 368 747; x_wconf 86' lang='grc' dir='ltr'>μετ’</span> <span class='ocrx_word' id='word_1_49' title='bbox 415 677 751 749; x_wconf 78' lang='grc' dir='ltr'>εὑφροσὺνης</span> <span class='ocrx_word' id='word_1_50' title='bbox 781 679 1118 733; x_wconf 82' lang='grc' dir='ltr'>ἐπιϐοώντων</span> <span class='ocrx_word' id='word_1_51' title='bbox 1137 703 1149 710; x_wconf 77' lang='lat'>~</span> <span class='ocrx_word' id='word_1_52' title='bbox 1188 699 1206 726; x_wconf 77' lang='grc' dir='ltr'><strong><em>σ</em></strong></span> <span class='ocrx_word' id='word_1_53' title='bbox 1245 680 1472 734; x_wconf 78' lang='grc' dir='ltr'>Ὡσαννὰ</span> <span class='ocrx_word' id='word_1_54' title='bbox 1504 679 1582 750; x_wconf 84' lang='grc' dir='ltr'>τῷ</span> <span class='ocrx_word' id='word_1_55' title='bbox 1610 678 1710 750; x_wconf 83' lang='grc' dir='ltr'>υἱῷ</span> <span class='ocrx_word' id='word_1_56' title='bbox 1741 678 1819 750; x_wconf 82' lang='grc' dir='ltr'>τῷ</span> 
     </span>
    </p>
   </div>
   <div class='ocr_carea' id='block_1_10' title="bbox 252 764 1816 842">
    <p class='ocr_par' dir='ltr' id='par_1_10' title="bbox 252 764 1816 842">
     <span class='ocr_line' id='line_1_10' title="bbox 252 764 1816 842; baseline 0.005 -27"><span class='ocrx_word' id='word_1_57' title='bbox 252 764 412 817; x_wconf 66' lang='grc' dir='ltr'>Δαϐὶδ</span> <span class='ocrx_word' id='word_1_58' title='bbox 430 805 445 829; x_wconf 91' lang='grc'><strong>,</strong></span> <span class='ocrx_word' id='word_1_59' title='bbox 491 767 848 838; x_wconf 79' lang='grc' dir='ltr'><strong>εὐλογημένος</strong></span> <span class='ocrx_word' id='word_1_60' title='bbox 869 771 897 821; x_wconf 89' lang='lat'><strong>6</strong></span> <span class='ocrx_word' id='word_1_61' title='bbox 928 770 1220 840; x_wconf 79' lang='grc' dir='ltr'>ἐρχόμενος</span> <span class='ocrx_word' id='word_1_62' title='bbox 1250 772 1306 822; x_wconf 86' lang='grc' dir='ltr'><strong>ἐν</strong></span> <span class='ocrx_word' id='word_1_63' title='bbox 1333 771 1554 842; x_wconf 84' lang='grc' dir='ltr'>ὀνόματι</span> <span class='ocrx_word' id='word_1_64' title='bbox 1581 771 1816 842; x_wconf 78' lang='grc' dir='ltr'>Κυρίου,</span> 
     </span>
    </p>
   </div>
   <div class='ocr_carea' id='block_1_11' title="bbox 261 855 1822 933">
    <p class='ocr_par' dir='ltr' id='par_1_11' title="bbox 261 855 1822 933">
     <span class='ocr_line' id='line_1_11' title="bbox 261 855 1822 933; baseline 0.005 -25"><span class='ocrx_word' id='word_1_65' title='bbox 261 855 485 910; x_wconf 75' lang='grc' dir='ltr'>Ὡσαννὰ</span> <span class='ocrx_word' id='word_1_66' title='bbox 511 859 568 911; x_wconf 80' lang='grc' dir='ltr'><strong>ἐν</strong></span> <span class='ocrx_word' id='word_1_67' title='bbox 595 863 706 923; x_wconf 86' lang='grc' dir='ltr'>τοῖς</span> <span class='ocrx_word' id='word_1_68' title='bbox 740 860 997 929; x_wconf 62' lang='grc' dir='ltr'>ὑψίστοις.</span> <span class='ocrx_word' id='word_1_69' title='bbox 1027 883 1043 913; x_wconf 73' lang='grc' dir='ltr'><strong>ι</strong></span> <span class='ocrx_word' id='word_1_70' title='bbox 1085 863 1227 914; x_wconf 73' lang='grc' dir='ltr'>Ἀντὶ</span> <span class='ocrx_word' id='word_1_71' title='bbox 1256 861 1364 932; x_wconf 74' lang='grc' dir='ltr'><strong>γὰρ</strong></span> <span class='ocrx_word' id='word_1_72' title='bbox 1389 860 1505 929; x_wconf 88' lang='grc' dir='ltr'>τοῦ,</span> <span class='ocrx_word' id='word_1_73' title='bbox 1526 883 1543 913; x_wconf 75' lang='grc' dir='ltr'><strong>ι</strong></span> <span class='ocrx_word' id='word_1_74' title='bbox 1567 857 1822 933; x_wconf 83' lang='grc' dir='ltr'>ὧΚὺριε,</span> 
     </span>
    </p>
   </div>
   <div class='ocr_carea' id='block_1_12' title="bbox 254 949 1811 1023">
    <p class='ocr_par' dir='ltr' id='par_1_12' title="bbox 254 949 1811 1023">
     <span class='ocr_line' id='line_1_12' title="bbox 254 949 1811 1023; baseline 0.003 -21"><span class='ocrx_word' id='word_1_75' title='bbox 254 949 420 1002; x_wconf 78' lang='grc' dir='ltr'>σῶσον</span> <span class='ocrx_word' id='word_1_76' title='bbox 463 949 547 1020; x_wconf 79' lang='grc' dir='ltr'><strong>δὴ,</strong></span> <span class='ocrx_word' id='word_1_77' title='bbox 573 973 592 1003; x_wconf 68' lang='grc' dir='ltr'><strong>ι</strong></span> <span class='ocrx_word' id='word_1_78' title='bbox 621 952 868 1021; x_wconf 78' lang='grc' dir='ltr'>κειμένου</span> <span class='ocrx_word' id='word_1_79' title='bbox 914 954 970 1004; x_wconf 86' lang='grc' dir='ltr'><strong>ἐν</strong></span> <span class='ocrx_word' id='word_1_80' title='bbox 1017 951 1093 1023; x_wconf 82' lang='grc' dir='ltr'><strong>τῷ</strong></span> <span class='ocrx_word' id='word_1_81' title='bbox 1116 952 1334 1023; x_wconf 76' lang='grc' dir='ltr'>ψαλμῷ,</span> <span class='ocrx_word' id='word_1_82' title='bbox 1376 953 1437 1005; x_wconf 83' lang='grc' dir='ltr'><strong>τδ</strong></span> <span class='ocrx_word' id='word_1_83' title='bbox 1475 972 1493 1003; x_wconf 78' lang='grc' dir='ltr'><strong>ι</strong></span> <span class='ocrx_word' id='word_1_84' title='bbox 1533 952 1760 1006; x_wconf 80' lang='grc' dir='ltr'>Ὡσαννὰ</span> <span class='ocrx_word' id='word_1_85' title='bbox 1793 973 1811 1005; x_wconf 75' lang='grc' dir='ltr'><strong>ι</strong></span> 
     </span>
    </p>
   </div>
   <div class='ocr_carea' id='block_1_13' title="bbox 263 1038 1817 1115">
    <p class='ocr_par' dir='ltr' id='par_1_13' title="bbox 263 1038 1817 1115">
     <span class='ocr_line' id='line_1_13' title="bbox 263 1038 1817 1115; baseline 0.005 -24"><span class='ocrx_word' id='word_1_86' title='bbox 263 1038 690 1111; x_wconf 85' lang='grc' dir='ltr'>Ἐϐραῖκώτερον</span> <span class='ocrx_word' id='word_1_87' title='bbox 723 1042 1019 1109; x_wconf 71' lang='grc' dir='ltr'>φάσκοντες</span> <span class='ocrx_word' id='word_1_88' title='bbox 1058 1042 1326 1096; x_wconf 86' lang='grc' dir='ltr'>ἐπεϐόων·</span> <span class='ocrx_word' id='word_1_89' title='bbox 1369 1045 1726 1115; x_wconf 79' lang='grc' dir='ltr'>ἑρμηνεύεται</span> <span class='ocrx_word' id='word_1_90' title='bbox 1761 1044 1817 1098; x_wconf 84' lang='grc' dir='ltr'>δὲ</span> 
     </span>
    </p>
   </div>
   <div class='ocr_carea' id='block_1_14' title="bbox 248 1130 1816 1206">
    <p class='ocr_par' dir='ltr' id='par_1_14' title="bbox 248 1130 1816 1206">
     <span class='ocr_line' id='line_1_14' title="bbox 248 1130 1816 1206; baseline 0.003 -24"><span class='ocrx_word' id='word_1_91' title='bbox 248 1130 422 1192; x_wconf 87' lang='grc' dir='ltr'>τοῦτο,</span> <span class='ocrx_word' id='word_1_92' title='bbox 447 1131 654 1184; x_wconf 79' lang='grc' dir='ltr'>«Σῶσον</span> <span class='ocrx_word' id='word_1_93' title='bbox 679 1131 759 1204; x_wconf 83' lang='grc' dir='ltr'>δή.</span> <span class='ocrx_word' id='word_1_94' title='bbox 777 1153 794 1184; x_wconf 72' lang='grc' dir='ltr'><strong>ι</strong></span> <span class='ocrx_word' id='word_1_95' title='bbox 816 1133 924 1186; x_wconf 75' lang='grc' dir='ltr'><strong>Καὶ</strong></span> <span class='ocrx_word' id='word_1_96' title='bbox 953 1133 1032 1196; x_wconf 81' lang='grc' dir='ltr'><strong>τὸ,</strong></span> <span class='ocrx_word' id='word_1_97' title='bbox 1058 1133 1290 1205; x_wconf 79' lang='grc' dir='ltr'>«Εὑλογη</span> <span class='ocrx_word' id='word_1_98' title='bbox 1301 1135 1457 1204; x_wconf 89' lang='grc' dir='ltr'>μένος</span> <span class='ocrx_word' id='word_1_99' title='bbox 1480 1136 1508 1186; x_wconf 93' lang='lat'><strong>6</strong></span> <span class='ocrx_word' id='word_1_100' title='bbox 1529 1134 1816 1206; x_wconf 80' lang='grc' dir='ltr'>ἐρχόμενος</span> 
     </span>
    </p>
   </div>
   <div class='ocr_carea' id='block_1_15' title="bbox 247 1211 1812 1296">
    <p class='ocr_par' dir='ltr' id='par_1_15' title="bbox 247 1211 1812 1296">
     <span class='ocr_line' id='line_1_15' title="bbox 247 1211 1812 1296; baseline 0.002 -19"><span class='ocrx_word' id='word_1_101' title='bbox 247 1222 306 1277; x_wconf 72' lang='grc' dir='ltr'>ιν</span> <span class='ocrx_word' id='word_1_102' title='bbox 326 1223 546 1293; x_wconf 89' lang='grc' dir='ltr'>ὀνόματι</span> <span class='ocrx_word' id='word_1_103' title='bbox 561 1223 786 1295; x_wconf 79' lang='grc' dir='ltr'>Κυρίου,</span> <span class='ocrx_word' id='word_1_104' title='bbox 813 1244 830 1275; x_wconf 80' lang='grc' dir='ltr'><strong>ι</strong></span> <span class='ocrx_word' id='word_1_105' title='bbox 864 1225 1117 1295; x_wconf 80' lang='grc' dir='ltr'><strong>διασαφεῖ</strong></span> <span class='ocrx_word' id='word_1_106' title='bbox 1133 1225 1194 1278; x_wconf 86' lang='grc' dir='ltr'>τὺ</span> <span class='ocrx_word' id='word_1_107' title='bbox 1219 1225 1396 1294; x_wconf 89' lang='grc' dir='ltr'>λόγιον</span> <span class='ocrx_word' id='word_1_108' title='bbox 1412 1211 1542 1296; x_wconf 75' lang='grc' dir='ltr'>ἐξῆς</span> <span class='ocrx_word' id='word_1_109' title='bbox 1574 1227 1779 1296; x_wconf 79' lang='grc' dir='ltr'>φάσκον</span> <span class='ocrx_word' id='word_1_110' title='bbox 1799 1245 1812 1257; x_wconf 92' lang='grc'><strong>·</strong></span> 
     </span>
    </p>
   </div>
   <div class='ocr_carea' id='block_1_16' title="bbox 254 1312 1816 1387">
    <p class='ocr_par' dir='ltr' id='par_1_16' title="bbox 254 1312 1816 1387">
     <span class='ocr_line' id='line_1_16' title="bbox 254 1312 1816 1387; baseline 0.002 -21"><span class='ocrx_word' id='word_1_111' title='bbox 254 1335 273 1366; x_wconf 73' lang='grc' dir='ltr'><strong>ι</strong></span> <span class='ocrx_word' id='word_1_112' title='bbox 296 1315 426 1377; x_wconf 79' lang='grc' dir='ltr'>θεὸς</span> <span class='ocrx_word' id='word_1_113' title='bbox 450 1315 669 1385; x_wconf 83' lang='grc' dir='ltr'>Κύριος,</span> <span class='ocrx_word' id='word_1_114' title='bbox 701 1318 790 1368; x_wconf 78' lang='grc' dir='ltr'><strong>καὶ</strong></span> <span class='ocrx_word' id='word_1_115' title='bbox 814 1317 1081 1387; x_wconf 59' lang='grc' dir='ltr'>ἐπέψηνεν</span> <span class='ocrx_word' id='word_1_116' title='bbox 1106 1318 1255 1386; x_wconf 78' lang='grc' dir='ltr'>ἡμῖν.</span> <span class='ocrx_word' id='word_1_117' title='bbox 1283 1336 1301 1369; x_wconf 74' lang='grc' dir='ltr'><strong>ι</strong></span> <span class='ocrx_word' id='word_1_118' title='bbox 1330 1317 1536 1370; x_wconf 82' lang='grc' dir='ltr'>Οὐκοῦν</span> <span class='ocrx_word' id='word_1_119' title='bbox 1563 1312 1643 1380; x_wconf 73' lang='grc' dir='ltr'>εἷς</span> <span class='ocrx_word' id='word_1_120' title='bbox 1670 1318 1765 1371; x_wconf 69' lang='grc' dir='ltr'><strong>καὶ</strong></span> <span class='ocrx_word' id='word_1_121' title='bbox 1788 1319 1816 1369; x_wconf 91' lang='lat'><strong>6</strong></span> 
     </span>
    </p>
   </div>
   <div class='ocr_carea' id='block_1_17' title="bbox 247 1403 1814 1479">
    <p class='ocr_par' dir='ltr' id='par_1_17' title="bbox 247 1403 1814 1479">
     <span class='ocr_line' id='line_1_17' title="bbox 247 1403 1814 1479; baseline 0 -19"><span class='ocrx_word' id='word_1_122' title='bbox 247 1407 407 1470; x_wconf 74' lang='grc' dir='ltr'>αὐτὸς</span> <span class='ocrx_word' id='word_1_123' title='bbox 432 1403 498 1478; x_wconf 79' lang='grc' dir='ltr'>ἦν</span> <span class='ocrx_word' id='word_1_124' title='bbox 523 1408 551 1458; x_wconf 95' lang='lat'><strong>6</strong></span> <span class='ocrx_word' id='word_1_125' title='bbox 584 1408 864 1476; x_wconf 76' lang='grc' dir='ltr'>ἐπιφανεὶς</span> <span class='ocrx_word' id='word_1_126' title='bbox 909 1410 1038 1479; x_wconf 77' lang='grc' dir='ltr'>ἡμῖν</span> <span class='ocrx_word' id='word_1_127' title='bbox 1073 1407 1204 1472; x_wconf 74' lang='grc' dir='ltr'>Θεὸς</span> <span class='ocrx_word' id='word_1_128' title='bbox 1241 1407 1461 1479; x_wconf 83' lang='grc' dir='ltr'>Κύριος,</span> <span class='ocrx_word' id='word_1_129' title='bbox 1489 1411 1516 1461; x_wconf 89' lang='lat'><strong>6</strong></span> <span class='ocrx_word' id='word_1_130' title='bbox 1542 1408 1635 1462; x_wconf 89' lang='grc' dir='ltr'><strong>τοῦ</strong></span> <span class='ocrx_word' id='word_1_131' title='bbox 1682 1407 1814 1461; x_wconf 86' lang='grc' dir='ltr'>Θεοῦ</span> 
     </span>
    </p>
   </div>
   <div class='ocr_carea' id='block_1_18' title="bbox 245 1498 1815 1571">
    <p class='ocr_par' dir='ltr' id='par_1_18' title="bbox 245 1498 1815 1571">
     <span class='ocr_line' id='line_1_18' title="bbox 245 1498 1815 1571; baseline -0.001 -18"><span class='ocrx_word' id='word_1_132' title='bbox 245 1498 445 1570; x_wconf 76' lang='grc' dir='ltr'>δηλαδὴ</span> <span class='ocrx_word' id='word_1_133' title='bbox 473 1498 661 1566; x_wconf 81' lang='grc' dir='ltr'>Λόγος,</span> <span class='ocrx_word' id='word_1_134' title='bbox 693 1500 720 1551; x_wconf 91' lang='lat'><strong>6</strong></span> <span class='ocrx_word' id='word_1_135' title='bbox 741 1499 832 1550; x_wconf 75' lang='grc' dir='ltr'><strong>καὶ</strong></span> <span class='ocrx_word' id='word_1_136' title='bbox 853 1498 940 1550; x_wconf 71' lang='grc' dir='ltr'>διὰ</span> <span class='ocrx_word' id='word_1_137' title='bbox 971 1499 1128 1552; x_wconf 83' lang='grc' dir='ltr'>τοῦτο</span> <span class='ocrx_word' id='word_1_138' title='bbox 1154 1499 1530 1570; x_wconf 76' lang='grc' dir='ltr'>εὐλογημένος,</span> <span class='ocrx_word' id='word_1_139' title='bbox 1559 1501 1640 1553; x_wconf 81' lang='grc' dir='ltr'>ὅτι</span> <span class='ocrx_word' id='word_1_140' title='bbox 1667 1499 1730 1571; x_wconf 83' lang='grc' dir='ltr'>δὴ</span> <span class='ocrx_word' id='word_1_141' title='bbox 1759 1501 1815 1552; x_wconf 86' lang='grc' dir='ltr'><strong>ἐν</strong></span> 
     </span>
    </p>
   </div>
   <div class='ocr_carea' id='block_1_19' title="bbox 244 1591 1816 1663">
    <p class='ocr_par' dir='ltr' id='par_1_19' title="bbox 244 1591 1816 1663">
     <span class='ocr_line' id='line_1_19' title="bbox 244 1591 1816 1663; baseline -0.001 -19"><span class='ocrx_word' id='word_1_142' title='bbox 244 1591 466 1663; x_wconf 83' lang='grc' dir='ltr'>ὀνόματι</span> <span class='ocrx_word' id='word_1_143' title='bbox 493 1592 694 1662; x_wconf 85' lang='grc' dir='ltr'>Κυρίου</span> <span class='ocrx_word' id='word_1_144' title='bbox 723 1591 816 1644; x_wconf 88' lang='grc' dir='ltr'><strong>τοῦ</strong></span> <span class='ocrx_word' id='word_1_145' title='bbox 845 1591 1155 1662; x_wconf 60' lang='grc' dir='ltr'>πέμψαντος</span> <span class='ocrx_word' id='word_1_146' title='bbox 1185 1592 1343 1645; x_wconf 82' lang='grc' dir='ltr'>αὑτὸν</span> <span class='ocrx_word' id='word_1_147' title='bbox 1375 1592 1586 1663; x_wconf 77' lang='grc' dir='ltr'>Πατρὸς</span> <span class='ocrx_word' id='word_1_148' title='bbox 1617 1591 1714 1663; x_wconf 80' lang='grc' dir='ltr'><strong>τὴν</strong></span> <span class='ocrx_word' id='word_1_149' title='bbox 1738 1593 1816 1656; x_wconf 83' lang='grc' dir='ltr'>εἰς</span> 
     </span>
    </p>
   </div>
   <div class='ocr_carea' id='block_1_20' title="bbox 1926 403 3490 474">
    <p class='ocr_par' dir='ltr' id='par_1_20' title="bbox 1926 403 3490 474">
     <span class='ocr_line' id='line_1_20' title="bbox 1926 403 3490 474; baseline 0.004 -18"><span class='ocrx_word' id='word_1_150' title='bbox 1926 403 2214 460; x_wconf 83' lang='lat' dir='ltr'><strong>Enimvero</strong></span> <span class='ocrx_word' id='word_1_151' title='bbox 2236 404 2304 460; x_wconf 92' lang='lat' dir='ltr'><strong>de</strong></span> <span class='ocrx_word' id='word_1_152' title='bbox 2321 403 2422 458; x_wconf 85' lang='lat' dir='ltr'><strong>hac</strong></span> <span class='ocrx_word' id='word_1_153' title='bbox 2451 405 2566 474; x_wconf 89' lang='lat' dir='ltr'><strong>ipsa</strong></span> <span class='ocrx_word' id='word_1_154' title='bbox 2585 420 2663 468; x_wconf 88' lang='lat' dir='ltr'><strong>re,</strong></span> <span class='ocrx_word' id='word_1_155' title='bbox 2679 405 3130 474; x_wconf 83' lang='lat' dir='ltr'><strong>quemadmodum</strong></span> <span class='ocrx_word' id='word_1_156' title='bbox 3153 421 3310 461; x_wconf 91' lang='lat' dir='ltr'><strong>suum</strong></span> <span class='ocrx_word' id='word_1_157' title='bbox 3329 408 3490 464; x_wconf 86' lang='lat' dir='ltr'><strong>ﬁnem</strong></span> 
     </span>
    </p>
   </div>
   <div class='ocr_carea' id='block_1_21' title="bbox 1925 495 3492 567">
    <p class='ocr_par' dir='ltr' id='par_1_21' title="bbox 1925 495 3492 567">
     <span class='ocr_line' id='line_1_21' title="bbox 1925 495 3492 567; baseline 0.005 -19"><span class='ocrx_word' id='word_1_158' title='bbox 1925 495 2234 566; x_wconf 74' lang='lat' dir='ltr'><strong>contigerit,</strong></span> <span class='ocrx_word' id='word_1_159' title='bbox 2268 496 2430 550; x_wconf 90' lang='lat' dir='ltr'><strong>etiam</strong></span> <span class='ocrx_word' id='word_1_160' title='bbox 2473 512 2627 550; x_wconf 89' lang='lat' dir='ltr'><strong>sacra</strong></span> <span class='ocrx_word' id='word_1_161' title='bbox 2655 495 2927 567; x_wconf 77' lang='lat' dir='ltr'><strong>Evangelii</strong></span> <span class='ocrx_word' id='word_1_162' title='bbox 2947 496 3229 567; x_wconf 76' lang='lat' dir='ltr'><strong>Scriptura</strong></span> <span class='ocrx_word' id='word_1_163' title='bbox 3261 502 3492 556; x_wconf 88' lang='lat' dir='ltr'><strong>mentio-</strong></span> 
     </span>
    </p>
   </div>
   <div class='ocr_carea' id='block_1_22' title="bbox 1925 586 3488 658">
    <p class='ocr_par' dir='ltr' id='par_1_22' title="bbox 1925 586 3488 658">
     <span class='ocr_line' id='line_1_22' title="bbox 1925 586 3488 658; baseline 0.003 -17"><span class='ocrx_word' id='word_1_164' title='bbox 1925 602 2050 642; x_wconf 90' lang='lat' dir='ltr'><strong>nem</strong></span> <span class='ocrx_word' id='word_1_165' title='bbox 2075 587 2348 657; x_wconf 80' lang='lat' dir='ltr'><strong>facit,quo</strong></span> <span class='ocrx_word' id='word_1_166' title='bbox 2373 595 2614 656; x_wconf 88' lang='lat' dir='ltr'><strong>tempore</strong></span> <span class='ocrx_word' id='word_1_167' title='bbox 2630 586 2878 642; x_wconf 78' lang='lat' dir='ltr'><strong>Salvator</strong></span> <span class='ocrx_word' id='word_1_168' title='bbox 2905 603 2969 644; x_wconf 84' lang='lat' dir='ltr'><strong>ac</strong></span> <span class='ocrx_word' id='word_1_169' title='bbox 2991 589 3250 647; x_wconf 85' lang='lat' dir='ltr'><strong>Dominus</strong></span> <span class='ocrx_word' id='word_1_170' title='bbox 3282 602 3488 658; x_wconf 83' lang='lat' dir='ltr'><strong>noster,</strong></span> 
     </span>
    </p>
   </div>
   <div class='ocr_carea' id='block_1_23' title="bbox 1926 678 3491 754">
    <p class='ocr_par' dir='ltr' id='par_1_23' title="bbox 1926 678 3491 754">
     <span class='ocr_line' id='line_1_23' title="bbox 1926 678 3491 754; baseline 0.004 -22"><span class='ocrx_word' id='word_1_171' title='bbox 1926 679 2041 750; x_wconf 92' lang='lat' dir='ltr'><strong>ipse</strong></span> <span class='ocrx_word' id='word_1_172' title='bbox 2065 679 2316 734; x_wconf 84' lang='lat' dir='ltr'><strong>Christus</strong></span> <span class='ocrx_word' id='word_1_173' title='bbox 2350 678 2720 750; x_wconf 83' lang='lat' dir='ltr'><strong>Hierosolyma</strong></span> <span class='ocrx_word' id='word_1_174' title='bbox 2756 681 3036 751; x_wconf 83' lang='lat' dir='ltr'><strong>ingressus</strong></span> <span class='ocrx_word' id='word_1_175' title='bbox 3067 691 3170 750; x_wconf 88' lang='lat' dir='ltr'><strong>est,</strong></span> <span class='ocrx_word' id='word_1_176' title='bbox 3204 692 3365 754; x_wconf 87' lang='lat' dir='ltr'><strong>atque</strong></span> <span class='ocrx_word' id='word_1_177' title='bbox 3405 685 3491 739; x_wconf 92' lang='lat' dir='ltr'><strong>in-</strong></span> 
     </span>
    </p>
   </div>
   <div class='ocr_carea' id='block_1_24' title="bbox 1923 766 3492 840">
    <p class='ocr_par' dir='ltr' id='par_1_24' title="bbox 1923 766 3492 840">
     <span class='ocr_line' id='line_1_24' title="bbox 1923 766 3492 840; baseline 0.003 -17"><span class='ocrx_word' id='word_1_178' title='bbox 1923 784 2057 840; x_wconf 85' lang='lat' dir='ltr'><strong>gens</strong></span> <span class='ocrx_word' id='word_1_179' title='bbox 2093 766 2380 822; x_wconf 85' lang='lat' dir='ltr'><strong>multitudo</strong></span> <span class='ocrx_word' id='word_1_180' title='bbox 2412 767 2653 820; x_wconf 90' lang='lat' dir='ltr'><strong>virorum</strong></span> <span class='ocrx_word' id='word_1_181' title='bbox 2683 775 2736 821; x_wconf 89' lang='lat' dir='ltr'><strong>et</strong></span> <span class='ocrx_word' id='word_1_182' title='bbox 2768 784 3084 838; x_wconf 86' lang='lat' dir='ltr'><strong>puerorum,</strong></span> <span class='ocrx_word' id='word_1_183' title='bbox 3117 772 3295 840; x_wconf 89' lang='lat' dir='ltr'><strong>ipsum</strong></span> <span class='ocrx_word' id='word_1_184' title='bbox 3337 781 3492 828; x_wconf 85' lang='lat' dir='ltr'><strong>ante-</strong></span> 
     </span>
    </p>
   </div>
   <div class='ocr_carea' id='block_1_25' title="bbox 1925 858 3491 923">
    <p class='ocr_par' dir='ltr' id='par_1_25' title="bbox 1925 858 3491 923">
     <span class='ocr_line' id='line_1_25' title="bbox 1925 858 3491 923; baseline 0.003 -8"><span class='ocrx_word' id='word_1_185' title='bbox 1925 860 2171 923; x_wconf 84' lang='lat' dir='ltr'><strong>cedebat,</strong></span> <span class='ocrx_word' id='word_1_186' title='bbox 2211 875 2333 913; x_wconf 89' lang='lat' dir='ltr'><strong>cum</strong></span> <span class='ocrx_word' id='word_1_187' title='bbox 2388 858 2567 913; x_wconf 65' lang='lat' dir='ltr'><strong>laetitia</strong></span> <span class='ocrx_word' id='word_1_188' title='bbox 2595 861 2944 914; x_wconf 86' lang='lat' dir='ltr'><strong>clamantium</strong></span> <span class='ocrx_word' id='word_1_189' title='bbox 2980 879 2996 915; x_wconf 89' lang='lat'><strong>:</strong></span> <span class='ocrx_word' id='word_1_190' title='bbox 3035 881 3053 912; x_wconf 74' lang='grc' dir='ltr'><strong>ι</strong></span> <span class='ocrx_word' id='word_1_191' title='bbox 3094 862 3350 919; x_wconf 89' lang='lat' dir='ltr'><strong>Ilosanna</strong></span> <span class='ocrx_word' id='word_1_192' title='bbox 3380 865 3491 920; x_wconf 79' lang='lat' dir='ltr'><strong>tilio</strong></span> 
     </span>
    </p>
   </div>
   <div class='ocr_carea' id='block_1_26' title="bbox 1925 948 3487 1018">
    <p class='ocr_par' dir='ltr' id='par_1_26' title="bbox 1925 948 3487 1018">
     <span class='ocr_line' id='line_1_26' title="bbox 1925 948 3487 1018; baseline 0.001 -16"><span class='ocrx_word' id='word_1_193' title='bbox 1925 948 2116 1011; x_wconf 87' lang='lat' dir='ltr'><strong>David,</strong></span> <span class='ocrx_word' id='word_1_194' title='bbox 2181 948 2498 1002; x_wconf 88' lang='lat' dir='ltr'><strong>benedictus</strong></span> <span class='ocrx_word' id='word_1_195' title='bbox 2545 948 2636 1018; x_wconf 92' lang='lat' dir='ltr'><strong>qui</strong></span> <span class='ocrx_word' id='word_1_196' title='bbox 2690 949 2832 1002; x_wconf 92' lang='lat' dir='ltr'><strong>venit</strong></span> <span class='ocrx_word' id='word_1_197' title='bbox 2879 948 2933 1002; x_wconf 91' lang='lat' dir='ltr'><strong>in</strong></span> <span class='ocrx_word' id='word_1_198' title='bbox 2977 950 3194 1004; x_wconf 88' lang='lat' dir='ltr'><strong>nomine</strong></span> <span class='ocrx_word' id='word_1_199' title='bbox 3254 949 3487 1016; x_wconf 89' lang='lat' dir='ltr'><strong>Domini,</strong></span> 
     </span>
    </p>
   </div>
   <div class='ocr_carea' id='block_1_27' title="bbox 1925 1039 3490 1112">
    <p class='ocr_par' dir='ltr' id='par_1_27' title="bbox 1925 1039 3490 1112">
     <span class='ocr_line' id='line_1_27' title="bbox 1925 1039 3490 1112; baseline -0.002 -15"><span class='ocrx_word' id='word_1_200' title='bbox 1925 1043 2169 1098; x_wconf 90' lang='lat' dir='ltr'><strong>hosanna</strong></span> <span class='ocrx_word' id='word_1_201' title='bbox 2207 1041 2262 1094; x_wconf 92' lang='lat' dir='ltr'><strong>in</strong></span> <span class='ocrx_word' id='word_1_202' title='bbox 2292 1041 2524 1096; x_wconf 80' lang='lat' dir='ltr'><strong>excelsis</strong></span> <span class='ocrx_word' id='word_1_203' title='bbox 2544 1040 2610 1092; x_wconf 84' lang='grc'><strong>³⁷.</strong></span> <span class='ocrx_word' id='word_1_204' title='bbox 2643 1060 2661 1092; x_wconf 75' lang='grc' dir='ltr'><strong>ι</strong></span> <span class='ocrx_word' id='word_1_205' title='bbox 2689 1039 2794 1094; x_wconf 88' lang='lat' dir='ltr'><strong>Pro</strong></span> <span class='ocrx_word' id='word_1_206' title='bbox 2825 1055 2889 1094; x_wconf 91' lang='lat' dir='ltr'><strong>eo</strong></span> <span class='ocrx_word' id='word_1_207' title='bbox 2917 1041 3062 1094; x_wconf 90' lang='lat' dir='ltr'><strong>enim</strong></span> <span class='ocrx_word' id='word_1_208' title='bbox 3094 1042 3236 1110; x_wconf 87' lang='lat' dir='ltr'><strong>quod</strong></span> <span class='ocrx_word' id='word_1_209' title='bbox 3258 1043 3313 1095; x_wconf 91' lang='lat' dir='ltr'><strong>in</strong></span> <span class='ocrx_word' id='word_1_210' title='bbox 3345 1042 3490 1112; x_wconf 92' lang='lat' dir='ltr'><strong>psal-</strong></span> 
     </span>
    </p>
   </div>
   <div class='ocr_carea' id='block_1_28' title="bbox 1925 1131 3483 1202">
    <p class='ocr_par' dir='ltr' id='par_1_28' title="bbox 1925 1131 3483 1202">
     <span class='ocr_line' id='line_1_28' title="bbox 1925 1131 3483 1202; baseline 0.001 -18"><span class='ocrx_word' id='word_1_211' title='bbox 1925 1146 2012 1185; x_wconf 92' lang='lat' dir='ltr'><strong>mo</strong></span> <span class='ocrx_word' id='word_1_212' title='bbox 2036 1133 2273 1202; x_wconf 91' lang='lat' dir='ltr'><strong>positum</strong></span> <span class='ocrx_word' id='word_1_213' title='bbox 2297 1140 2381 1187; x_wconf 90' lang='lat' dir='ltr'><strong>est</strong></span> <span class='ocrx_word' id='word_1_214' title='bbox 2408 1151 2420 1186; x_wconf 94' lang='lat'>:</span> <span class='ocrx_word' id='word_1_215' title='bbox 2452 1131 2526 1186; x_wconf 79' lang='grc' dir='ltr'><strong>«Ο</strong></span> <span class='ocrx_word' id='word_1_216' title='bbox 2546 1132 3019 1196; x_wconf 89' lang='lat' dir='ltr'><strong>Domine,.salvum</strong></span> <span class='ocrx_word' id='word_1_217' title='bbox 3046 1133 3130 1186; x_wconf 86' lang='lat' dir='ltr'><strong>fac</strong></span> <span class='ocrx_word' id='word_1_218' title='bbox 3148 1135 3258 1202; x_wconf 88' lang='lat' dir='ltr'><strong>jam</strong></span> <span class='ocrx_word' id='word_1_219' title='bbox 3279 1149 3442 1200; x_wconf 92' lang='lat' dir='ltr'><strong>nunc,</strong></span> <span class='ocrx_word' id='word_1_220' title='bbox 3465 1156 3483 1185; x_wconf 76' lang='grc' dir='ltr'><strong>ι</strong></span> 
     </span>
    </p>
   </div>
   <div class='ocr_carea' id='block_1_29' title="bbox 1925 1221 3487 1288">
    <p class='ocr_par' dir='ltr' id='par_1_29' title="bbox 1925 1221 3487 1288">
     <span class='ocr_line' id='line_1_29' title="bbox 1925 1221 3487 1288; baseline 0.003 -14"><span class='ocrx_word' id='word_1_221' title='bbox 1925 1221 2090 1278; x_wconf 90' lang='lat' dir='ltr'><strong>illud:</strong></span> <span class='ocrx_word' id='word_1_222' title='bbox 2115 1243 2132 1276; x_wconf 80' lang='grc' dir='ltr'><strong>ι</strong></span> <span class='ocrx_word' id='word_1_223' title='bbox 2165 1223 2444 1288; x_wconf 77' lang='lat' dir='ltr'><strong>I-losanna,</strong></span> <span class='ocrx_word' id='word_1_224' title='bbox 2489 1243 2507 1275; x_wconf 75' lang='grc' dir='ltr'><strong>ι</strong></span> <span class='ocrx_word' id='word_1_225' title='bbox 2542 1223 2810 1278; x_wconf 84' lang='lat' dir='ltr'><strong>Ilebraieo</strong></span> <span class='ocrx_word' id='word_1_226' title='bbox 2837 1238 2989 1278; x_wconf 87' lang='lat' dir='ltr'><strong>more</strong></span> <span class='ocrx_word' id='word_1_227' title='bbox 3009 1225 3404 1288; x_wconf 86' lang='lat' dir='ltr'><strong>acclamahant,</strong></span> <span class='ocrx_word' id='word_1_228' title='bbox 3435 1225 3487 1278; x_wconf 93' lang='lat' dir='ltr'><strong>id</strong></span> 
     </span>
    </p>
   </div>
   <div class='ocr_carea' id='block_1_30' title="bbox 1923 1315 3488 1387">
    <p class='ocr_par' dir='ltr' id='par_1_30' title="bbox 1923 1315 3488 1387">
     <span class='ocr_line' id='line_1_30' title="bbox 1923 1315 3488 1387; baseline 0.001 -17"><span class='ocrx_word' id='word_1_229' title='bbox 1923 1325 2103 1372; x_wconf 88' lang='lat' dir='ltr'><strong>autem</strong></span> <span class='ocrx_word' id='word_1_230' title='bbox 2152 1317 2207 1371; x_wconf 93' lang='lat' dir='ltr'><strong>in</strong></span> <span class='ocrx_word' id='word_1_231' title='bbox 2243 1325 2432 1371; x_wconf 86' lang='lat' dir='ltr'><strong>nostra</strong></span> <span class='ocrx_word' id='word_1_232' title='bbox 2483 1317 2689 1387; x_wconf 77' lang='lat' dir='ltr'><strong>lingua,</strong></span> <span class='ocrx_word' id='word_1_233' title='bbox 2745 1315 2960 1369; x_wconf 85' lang='lat' dir='ltr'><strong>Salvum</strong></span> <span class='ocrx_word' id='word_1_234' title='bbox 3009 1316 3097 1384; x_wconf 83' lang='lat' dir='ltr'><strong>[ac</strong></span> <span class='ocrx_word' id='word_1_235' title='bbox 3145 1316 3292 1381; x_wconf 87' lang='lat' dir='ltr'><strong>dum,</strong></span> <span class='ocrx_word' id='word_1_236' title='bbox 3337 1315 3488 1371; x_wconf 85' lang='lat' dir='ltr'><strong>reddi</strong></span> 
     </span>
    </p>
   </div>
   <div class='ocr_carea' id='block_1_31' title="bbox 1925 1407 3490 1476">
    <p class='ocr_par' dir='ltr' id='par_1_31' title="bbox 1925 1407 3490 1476">
     <span class='ocr_line' id='line_1_31' title="bbox 1925 1407 3490 1476; baseline 0 -14"><span class='ocrx_word' id='word_1_237' title='bbox 1925 1407 2082 1463; x_wconf 91' lang='lat' dir='ltr'><strong>solet.</strong></span> <span class='ocrx_word' id='word_1_238' title='bbox 2109 1407 2246 1463; x_wconf 91' lang='lat' dir='ltr'><strong>Illud</strong></span> <span class='ocrx_word' id='word_1_239' title='bbox 2283 1424 2408 1463; x_wconf 90' lang='lat' dir='ltr'><strong>vero</strong></span> <span class='ocrx_word' id='word_1_240' title='bbox 2442 1425 2457 1462; x_wconf 89' lang='lat'><strong>:</strong></span> <span class='ocrx_word' id='word_1_241' title='bbox 2497 1427 2516 1459; x_wconf 86' lang='grc'><em>‹</em></span> <span class='ocrx_word' id='word_1_242' title='bbox 2550 1407 2874 1463; x_wconf 86' lang='lat' dir='ltr'><strong>Benedictus</strong></span> <span class='ocrx_word' id='word_1_243' title='bbox 2900 1409 2990 1476; x_wconf 91' lang='lat' dir='ltr'><strong>qui</strong></span> <span class='ocrx_word' id='word_1_244' title='bbox 3023 1407 3168 1462; x_wconf 89' lang='lat' dir='ltr'><strong>venit</strong></span> <span class='ocrx_word' id='word_1_245' title='bbox 3191 1409 3244 1461; x_wconf 90' lang='lat' dir='ltr'><strong>in</strong></span> <span class='ocrx_word' id='word_1_246' title='bbox 3267 1408 3490 1462; x_wconf 89' lang='lat' dir='ltr'><strong>nomine</strong></span> 
     </span>
    </p>
   </div>
   <div class='ocr_carea' id='block_1_32' title="bbox 1923 1498 3491 1570">
    <p class='ocr_par' dir='ltr' id='par_1_32' title="bbox 1923 1498 3491 1570">
     <span class='ocr_line' id='line_1_32' title="bbox 1923 1498 3491 1570; baseline 0.003 -18"><span class='ocrx_word' id='word_1_247' title='bbox 1923 1499 2138 1554; x_wconf 90' lang='lat' dir='ltr'><strong>Domini</strong></span> <span class='ocrx_word' id='word_1_248' title='bbox 2175 1519 2187 1554; x_wconf 95' lang='lat'>:</span> <span class='ocrx_word' id='word_1_249' title='bbox 2219 1520 2236 1550; x_wconf 75' lang='grc' dir='ltr'><strong>ι</strong></span> <span class='ocrx_word' id='word_1_250' title='bbox 2264 1500 2439 1570; x_wconf 89' lang='lat' dir='ltr'><strong>ipsum</strong></span> <span class='ocrx_word' id='word_1_251' title='bbox 2473 1498 2715 1553; x_wconf 74' lang='lat' dir='ltr'><strong>declarat</strong></span> <span class='ocrx_word' id='word_1_252' title='bbox 2741 1499 3040 1562; x_wconf 88' lang='lat' dir='ltr'><strong>oraculum,</strong></span> <span class='ocrx_word' id='word_1_253' title='bbox 3073 1499 3216 1568; x_wconf 88' lang='lat' dir='ltr'><strong>quod</strong></span> <span class='ocrx_word' id='word_1_254' title='bbox 3233 1500 3491 1570; x_wconf 87' lang='lat' dir='ltr'><strong>deinceps</strong></span> 
     </span>
    </p>
   </div>
   <div class='ocr_carea' id='block_1_33' title="bbox 1922 1590 3490 1656">
    <p class='ocr_par' dir='ltr' id='par_1_33' title="bbox 1922 1590 3490 1656">
     <span class='ocr_line' id='line_1_33' title="bbox 1922 1590 3490 1656; baseline 0.003 -11"><span class='ocrx_word' id='word_1_255' title='bbox 1922 1592 1999 1645; x_wconf 86' lang='lat' dir='ltr'><strong>ita</strong></span> <span class='ocrx_word' id='word_1_256' title='bbox 2034 1593 2110 1645; x_wconf 90' lang='lat' dir='ltr'><strong>ait</strong></span> <span class='ocrx_word' id='word_1_257' title='bbox 2147 1611 2158 1644; x_wconf 91' lang='lat'>:</span> <span class='ocrx_word' id='word_1_258' title='bbox 2205 1610 2223 1643; x_wconf 73' lang='grc' dir='ltr'><strong>ι</strong></span> <span class='ocrx_word' id='word_1_259' title='bbox 2274 1591 2416 1646; x_wconf 88' lang='lat' dir='ltr'><strong>Deus</strong></span> <span class='ocrx_word' id='word_1_260' title='bbox 2446 1590 2728 1656; x_wconf 88' lang='lat' dir='ltr'><strong>Dominus,</strong></span> <span class='ocrx_word' id='word_1_261' title='bbox 2751 1601 2803 1646; x_wconf 93' lang='lat' dir='ltr'><strong>et</strong></span> <span class='ocrx_word' id='word_1_262' title='bbox 2831 1593 3009 1645; x_wconf 65' lang='lat' dir='ltr'><strong>illuxit</strong></span> <span class='ocrx_word' id='word_1_263' title='bbox 3064 1592 3242 1648; x_wconf 90' lang='lat' dir='ltr'><strong>nobis.</strong></span> <span class='ocrx_word' id='word_1_264' title='bbox 3283 1612 3301 1645; x_wconf 76' lang='grc' dir='ltr'><strong>ι</strong></span> <span class='ocrx_word' id='word_1_265' title='bbox 3337 1592 3490 1651; x_wconf 89' lang='lat' dir='ltr'><strong>Unus</strong></span> 
     </span>
    </p>
   </div>
   <div class='ocr_carea' id='block_1_34' title="bbox 242 1683 1806 1757">
    <p class='ocr_par' dir='ltr' id='par_1_34' title="bbox 242 1684 1806 1757">
     <span class='ocr_line' id='line_1_34' title="bbox 242 1684 1806 1757; baseline -0.001 -18"><span class='ocrx_word' id='word_1_266' title='bbox 242 1685 561 1756; x_wconf 82' lang='grc' dir='ltr'>ἀνθρώπους</span> <span class='ocrx_word' id='word_1_267' title='bbox 613 1685 776 1738; x_wconf 88' lang='grc' dir='ltr'>αὑτοῦ</span> <span class='ocrx_word' id='word_1_268' title='bbox 824 1685 1125 1757; x_wconf 74' lang='grc' dir='ltr'>παρουσίαν</span> <span class='ocrx_word' id='word_1_269' title='bbox 1181 1685 1494 1756; x_wconf 79' lang='grc' dir='ltr'>ἐποιήσατο.</span> <span class='ocrx_word' id='word_1_270' title='bbox 1552 1684 1806 1755; x_wconf 69' lang='grc' dir='ltr'>Ἑλέγχωι.</span> 
     </span>
    </p>
   </div>
   <div class='ocr_carea' id='block_1_35' title="bbox 1914 1683 3490 1757">
    <p class='ocr_par' dir='ltr' id='par_1_35' title="bbox 1921 1683 3490 1754">
     <span class='ocr_line' id='line_1_35' title="bbox 1921 1683 3490 1754; baseline 0.003 -18"><span class='ocrx_word' id='word_1_271' title='bbox 1921 1683 2108 1753; x_wconf 80' lang='lat' dir='ltr'><strong>igitur,</strong></span> <span class='ocrx_word' id='word_1_272' title='bbox 2144 1684 2394 1754; x_wconf 88' lang='lat' dir='ltr'><strong>idemque</strong></span> <span class='ocrx_word' id='word_1_273' title='bbox 2447 1683 2569 1748; x_wconf 83' lang='lat' dir='ltr'><strong>fuit,</strong></span> <span class='ocrx_word' id='word_1_274' title='bbox 2605 1683 2699 1754; x_wconf 89' lang='lat' dir='ltr'><strong>qui</strong></span> <span class='ocrx_word' id='word_1_275' title='bbox 2753 1686 2993 1753; x_wconf 89' lang='lat' dir='ltr'><strong>seipsum</strong></span> <span class='ocrx_word' id='word_1_276' title='bbox 3048 1684 3208 1738; x_wconf 88' lang='lat' dir='ltr'><strong>nobis</strong></span> <span class='ocrx_word' id='word_1_277' title='bbox 3249 1687 3490 1742; x_wconf 86' lang='lat' dir='ltr'><strong>ostendit</strong></span> 
     </span>
    </p>
   </div>
   <div class='ocr_carea' id='block_1_36' title="bbox 242 1776 1810 1848">
    <p class='ocr_par' dir='ltr' id='par_1_36' title="bbox 242 1776 1810 1848">
     <span class='ocr_line' id='line_1_36' title="bbox 242 1776 1810 1848; baseline 0.002 -21"><span class='ocrx_word' id='word_1_278' title='bbox 242 1776 370 1845; x_wconf 88' lang='grc' dir='ltr'>γοῦν</span> <span class='ocrx_word' id='word_1_279' title='bbox 401 1777 526 1839; x_wconf 79' lang='grc' dir='ltr'>τοὺς</span> <span class='ocrx_word' id='word_1_280' title='bbox 557 1777 914 1840; x_wconf 79' lang='grc' dir='ltr'>ἀπιστοῦντας</span> <span class='ocrx_word' id='word_1_281' title='bbox 935 1777 1081 1848; x_wconf 84' lang='grc' dir='ltr'><strong>αὑτῴ</strong></span> <span class='ocrx_word' id='word_1_282' title='bbox 1109 1777 1215 1830; x_wconf 81' lang='grc' dir='ltr'><strong>τῶν</strong></span> <span class='ocrx_word' id='word_1_283' title='bbox 1240 1777 1302 1830; x_wconf 87' lang='grc' dir='ltr'><strong>ἐκ</strong></span> <span class='ocrx_word' id='word_1_284' title='bbox 1323 1780 1643 1848; x_wconf 85' lang='grc' dir='ltr'>περιτομῆς,</span> <span class='ocrx_word' id='word_1_285' title='bbox 1661 1777 1810 1846; x_wconf 75' lang='grc' dir='ltr'>ἔλεγε</span> 
     </span>
    </p>
   </div>
   <div class='ocr_carea' id='block_1_37' title="bbox 242 1864 1812 1938">
    <p class='ocr_par' dir='ltr' id='par_1_37' title="bbox 242 1864 1812 1938">
     <span class='ocr_line' id='line_1_37' title="bbox 242 1864 1812 1938; baseline -0.001 -19"><span class='ocrx_word' id='word_1_286' title='bbox 242 1868 377 1938; x_wconf 69' lang='grc' dir='ltr'>πρὸς</span> <span class='ocrx_word' id='word_1_287' title='bbox 406 1867 629 1930; x_wconf 76' lang='grc' dir='ltr'>αὐτούς·</span> <span class='ocrx_word' id='word_1_288' title='bbox 656 1887 673 1918; x_wconf 76' lang='grc' dir='ltr'><strong>ι</strong></span> <span class='ocrx_word' id='word_1_289' title='bbox 698 1867 836 1935; x_wconf 83' lang='grc' dir='ltr'>Ἐγὼ</span> <span class='ocrx_word' id='word_1_290' title='bbox 860 1864 1019 1938; x_wconf 78' lang='grc' dir='ltr'>ἦλθον</span> <span class='ocrx_word' id='word_1_291' title='bbox 1043 1868 1099 1919; x_wconf 85' lang='grc' dir='ltr'><strong>ἐν</strong></span> <span class='ocrx_word' id='word_1_292' title='bbox 1128 1867 1204 1938; x_wconf 80' lang='grc' dir='ltr'>τῷ</span> <span class='ocrx_word' id='word_1_293' title='bbox 1227 1867 1446 1937; x_wconf 84' lang='grc' dir='ltr'>ὀνόματι</span> <span class='ocrx_word' id='word_1_294' title='bbox 1479 1865 1572 1918; x_wconf 92' lang='grc' dir='ltr'><strong>τοῦ</strong></span> <span class='ocrx_word' id='word_1_295' title='bbox 1601 1867 1812 1937; x_wconf 80' lang='grc' dir='ltr'>Πατρός</span> 
     </span>
    </p>
   </div>
   <div class='ocr_carea' id='block_1_38' title="bbox 243 1959 1811 2034">
    <p class='ocr_par' dir='ltr' id='par_1_38' title="bbox 243 1959 1811 2034">
     <span class='ocr_line' id='line_1_38' title="bbox 243 1959 1811 2034; baseline 0 -23"><span class='ocrx_word' id='word_1_296' title='bbox 243 1977 365 2029; x_wconf 86' lang='grc' dir='ltr'>μου,</span> <span class='ocrx_word' id='word_1_297' title='bbox 397 1961 489 2012; x_wconf 77' lang='grc' dir='ltr'><strong>καὶ</strong></span> <span class='ocrx_word' id='word_1_298' title='bbox 536 1961 595 2013; x_wconf 89' lang='grc' dir='ltr'><strong>οὑ</strong></span> <span class='ocrx_word' id='word_1_299' title='bbox 641 1959 943 2031; x_wconf 78' lang='grc' dir='ltr'>λαμϐάνετέ</span> <span class='ocrx_word' id='word_1_300' title='bbox 991 1978 1076 2030; x_wconf 88' lang='grc' dir='ltr'><strong>με.</strong></span> <span class='ocrx_word' id='word_1_301' title='bbox 1108 1960 1300 2024; x_wconf 77' lang='grc' dir='ltr'>Ἀλλος</span> <span class='ocrx_word' id='word_1_302' title='bbox 1341 1960 1434 2013; x_wconf 75' lang='grc' dir='ltr'>ἐὰν</span> <span class='ocrx_word' id='word_1_303' title='bbox 1463 1959 1591 2034; x_wconf 78' lang='grc' dir='ltr'>ἔλθῃ</span> <span class='ocrx_word' id='word_1_304' title='bbox 1635 1961 1692 2012; x_wconf 85' lang='grc' dir='ltr'><strong>ἐν</strong></span> <span class='ocrx_word' id='word_1_305' title='bbox 1732 1959 1811 2030; x_wconf 82' lang='grc' dir='ltr'>τῷ</span> 
     </span>
    </p>
   </div>
   <div class='ocr_carea' id='block_1_39' title="bbox 237 2047 1810 2123">
    <p class='ocr_par' dir='ltr' id='par_1_39' title="bbox 237 2047 1810 2123">
     <span class='ocr_line' id='line_1_39' title="bbox 237 2047 1810 2123; baseline -0.001 -19"><span class='ocrx_word' id='word_1_306' title='bbox 237 2051 459 2121; x_wconf 74' lang='grc' dir='ltr'>ίνόματι</span> <span class='ocrx_word' id='word_1_307' title='bbox 493 2051 572 2123; x_wconf 77' lang='grc' dir='ltr'>τῷ</span> <span class='ocrx_word' id='word_1_308' title='bbox 617 2052 748 2122; x_wconf 79' lang='grc' dir='ltr'>ἰδίῳ,</span> <span class='ocrx_word' id='word_1_309' title='bbox 786 2053 988 2104; x_wconf 76' lang='grc' dir='ltr'>ἐκεῖνον</span> <span class='ocrx_word' id='word_1_310' title='bbox 1018 2051 1268 2123; x_wconf 64' lang='grc' dir='ltr'>λήψεσθε.</span> <span class='ocrx_word' id='word_1_311' title='bbox 1305 2072 1322 2102; x_wconf 72' lang='grc' dir='ltr'><strong>ι</strong></span> <span class='ocrx_word' id='word_1_312' title='bbox 1351 2051 1588 2114; x_wconf 82' lang='grc' dir='ltr'>Εἰκότως</span> <span class='ocrx_word' id='word_1_313' title='bbox 1629 2047 1721 2104; x_wconf 80' lang='grc' dir='ltr'><strong>οῦν</strong></span> <span class='ocrx_word' id='word_1_314' title='bbox 1751 2051 1810 2103; x_wconf 83' lang='grc' dir='ltr'><strong>τὸ</strong></span> 
     </span>
    </p>
   </div>
   <div class='ocr_carea' id='block_1_40' title="bbox 239 2141 1811 2213">
    <p class='ocr_par' dir='ltr' id='par_1_40' title="bbox 239 2141 1811 2213">
     <span class='ocr_line' id='line_1_40' title="bbox 239 2141 1811 2213; baseline 0 -19"><span class='ocrx_word' id='word_1_315' title='bbox 239 2141 462 2213; x_wconf 83' lang='grc' dir='ltr'>Πνεῦμα</span> <span class='ocrx_word' id='word_1_316' title='bbox 502 2143 563 2194; x_wconf 77' lang='grc' dir='ltr'><strong>τὸ</strong></span> <span class='ocrx_word' id='word_1_317' title='bbox 608 2143 758 2210; x_wconf 85' lang='grc' dir='ltr'>ἆγιον</span> <span class='ocrx_word' id='word_1_318' title='bbox 812 2142 994 2194; x_wconf 85' lang='grc' dir='ltr'>οὐκέτι</span> <span class='ocrx_word' id='word_1_319' title='bbox 1038 2142 1114 2212; x_wconf 80' lang='grc' dir='ltr'>τῷ</span> <span class='ocrx_word' id='word_1_320' title='bbox 1167 2141 1431 2194; x_wconf 78' lang='grc' dir='ltr'>Ἰουδαίων</span> <span class='ocrx_word' id='word_1_321' title='bbox 1480 2141 1622 2212; x_wconf 78' lang='grc' dir='ltr'>λαῷ,</span> <span class='ocrx_word' id='word_1_322' title='bbox 1678 2141 1811 2194; x_wconf 75' lang='grc' dir='ltr'>ἀλλὰ</span> 
     </span>
    </p>
   </div>
   <div class='ocr_carea' id='block_1_41' title="bbox 236 2232 1814 2304">
    <p class='ocr_par' dir='ltr' id='par_1_41' title="bbox 236 2232 1814 2304">
     <span class='ocr_line' id='line_1_41' title="bbox 236 2232 1814 2304; baseline 0 -18"><span class='ocrx_word' id='word_1_323' title='bbox 236 2236 371 2286; x_wconf 69' lang='grc' dir='ltr'>πᾶσι</span> <span class='ocrx_word' id='word_1_324' title='bbox 415 2237 526 2297; x_wconf 84' lang='grc' dir='ltr'>τοῖς</span> <span class='ocrx_word' id='word_1_325' title='bbox 563 2235 760 2296; x_wconf 76' lang='grc' dir='ltr'>ἔθνεσι,</span> <span class='ocrx_word' id='word_1_326' title='bbox 783 2234 850 2286; x_wconf 78' lang='grc' dir='ltr'>τὰ</span> <span class='ocrx_word' id='word_1_327' title='bbox 885 2235 941 2286; x_wconf 83' lang='grc' dir='ltr'><strong>ἐν</strong></span> <span class='ocrx_word' id='word_1_328' title='bbox 977 2235 1042 2304; x_wconf 80' lang='grc' dir='ltr'>τῇ</span> <span class='ocrx_word' id='word_1_329' title='bbox 1075 2234 1216 2304; x_wconf 82' lang='grc' dir='ltr'><strong>ἀρχῇ</strong></span> <span class='ocrx_word' id='word_1_330' title='bbox 1247 2232 1339 2285; x_wconf 86' lang='grc' dir='ltr'><strong>τοῦ</strong></span> <span class='ocrx_word' id='word_1_331' title='bbox 1390 2232 1604 2304; x_wconf 70' lang='grc' dir='ltr'>ψαλμοῦ</span> <span class='ocrx_word' id='word_1_332' title='bbox 1646 2249 1814 2302; x_wconf 79' lang='grc' dir='ltr'>προσ-</span> 
     </span>
    </p>
   </div>
   <div class='ocr_carea' id='block_1_42' title="bbox 238 2344 428 2395">
    <p class='ocr_par' dir='ltr' id='par_1_42' title="bbox 238 2344 428 2395">
     <span class='ocr_line' id='line_1_42' title="bbox 238 2344 428 2395; baseline 0 -17"><span class='ocrx_word' id='word_1_333' title='bbox 238 2344 428 2395; x_wconf 77' lang='grc' dir='ltr'>φωνει.</span> 
     </span>
    </p>
   </div>
   <div class='ocr_carea' id='block_1_43' title="bbox 1919 1773 3489 1842">
    <p class='ocr_par' dir='ltr' id='par_1_43' title="bbox 1919 1773 3489 1842">
     <span class='ocr_line' id='line_1_43' title="bbox 1919 1773 3489 1842; baseline 0.003 -15"><span class='ocrx_word' id='word_1_334' title='bbox 1919 1775 2063 1829; x_wconf 88' lang='lat' dir='ltr'><strong>Dens</strong></span> <span class='ocrx_word' id='word_1_335' title='bbox 2091 1790 2153 1828; x_wconf 92' lang='lat' dir='ltr'><strong>ac</strong></span> <span class='ocrx_word' id='word_1_336' title='bbox 2178 1773 2459 1838; x_wconf 89' lang='lat' dir='ltr'><strong>Dominus,</strong></span> <span class='ocrx_word' id='word_1_337' title='bbox 2491 1775 2582 1829; x_wconf 91' lang='lat' dir='ltr'><strong>Dei</strong></span> <span class='ocrx_word' id='word_1_338' title='bbox 2612 1774 3300 1842; x_wconf 83' lang='lat' dir='ltr'><strong>videlicetVerbum.Quod</strong></span> <span class='ocrx_word' id='word_1_339' title='bbox 3323 1779 3489 1832; x_wconf 88' lang='lat' dir='ltr'><strong>etiam</strong></span> 
     </span>
    </p>
   </div>
   <div class='ocr_carea' id='block_1_44' title="bbox 1918 1866 3487 1938">
    <p class='ocr_par' dir='ltr' id='par_1_44' title="bbox 1918 1866 3487 1938">
     <span class='ocr_line' id='line_1_44' title="bbox 1918 1866 3487 1938; baseline 0.001 -18"><span class='ocrx_word' id='word_1_340' title='bbox 1918 1866 2126 1921; x_wconf 87' lang='lat' dir='ltr'><strong>idcirco</strong></span> <span class='ocrx_word' id='word_1_341' title='bbox 2151 1876 2234 1922; x_wconf 90' lang='lat' dir='ltr'><strong>est</strong></span> <span class='ocrx_word' id='word_1_342' title='bbox 2259 1867 2895 1938; x_wconf 80' lang='lat' dir='ltr'><strong>benedictum,quoniatn</strong></span> <span class='ocrx_word' id='word_1_343' title='bbox 2922 1869 2984 1922; x_wconf 53' lang='lat' dir='ltr'><strong>in‘</strong></span> <span class='ocrx_word' id='word_1_344' title='bbox 3007 1870 3225 1924; x_wconf 89' lang='lat' dir='ltr'><strong>nomine</strong></span> <span class='ocrx_word' id='word_1_345' title='bbox 3249 1868 3487 1932; x_wconf 91' lang='lat' dir='ltr'><strong>Domini,</strong></span> 
     </span>
    </p>
   </div>
   <div class='ocr_carea' id='block_1_45' title="bbox 1917 1957 3488 2030">
    <p class='ocr_par' dir='ltr' id='par_1_45' title="bbox 1917 1957 3488 2030">
     <span class='ocr_line' id='line_1_45' title="bbox 1917 1957 3488 2030; baseline 0.001 -18"><span class='ocrx_word' id='word_1_346' title='bbox 1917 1959 2010 2030; x_wconf 89' lang='lat' dir='ltr'><strong>qui</strong></span> <span class='ocrx_word' id='word_1_347' title='bbox 2047 1959 2221 2028; x_wconf 92' lang='lat' dir='ltr'><strong>ipsum</strong></span> <span class='ocrx_word' id='word_1_348' title='bbox 2255 1959 2424 2019; x_wconf 88' lang='lat' dir='ltr'><strong>misit,</strong></span> <span class='ocrx_word' id='word_1_349' title='bbox 2461 1957 2656 2020; x_wconf 88' lang='lat' dir='ltr'><strong>Patris,</strong></span> <span class='ocrx_word' id='word_1_350' title='bbox 2687 1974 2843 2012; x_wconf 88' lang='lat' dir='ltr'><strong>suum</strong></span> <span class='ocrx_word' id='word_1_351' title='bbox 2885 1960 2954 2014; x_wconf 85' lang='lat' dir='ltr'><strong>ad</strong></span> <span class='ocrx_word' id='word_1_352' title='bbox 2987 1960 3235 2015; x_wconf 91' lang='lat' dir='ltr'><strong>homines</strong></span> <span class='ocrx_word' id='word_1_353' title='bbox 3288 1959 3488 2014; x_wconf 88' lang='lat' dir='ltr'><strong>adven-</strong></span> 
     </span>
    </p>
   </div>
   <div class='ocr_carea' id='block_1_46' title="bbox 1918 2050 3488 2122">
    <p class='ocr_par' dir='ltr' id='par_1_46' title="bbox 1918 2050 3488 2122">
     <span class='ocr_line' id='line_1_46' title="bbox 1918 2050 3488 2122; baseline 0.001 -18"><span class='ocrx_word' id='word_1_354' title='bbox 1918 2059 2031 2104; x_wconf 92' lang='lat' dir='ltr'><strong>tum</strong></span> <span class='ocrx_word' id='word_1_355' title='bbox 2064 2050 2328 2105; x_wconf 77' lang='lat' dir='ltr'><strong>exhibuit.</strong></span> <span class='ocrx_word' id='word_1_356' title='bbox 2366 2050 2551 2120; x_wconf 87' lang='lat' dir='ltr'><strong>Itaque</strong></span> <span class='ocrx_word' id='word_1_357' title='bbox 2597 2065 2690 2104; x_wconf 89' lang='lat' dir='ltr'><strong>eos</strong></span> <span class='ocrx_word' id='word_1_358' title='bbox 2736 2066 2991 2121; x_wconf 84' lang='lat' dir='ltr'><strong>arguens,</strong></span> <span class='ocrx_word' id='word_1_359' title='bbox 3023 2054 3115 2122; x_wconf 91' lang='lat' dir='ltr'><strong>qui</strong></span> <span class='ocrx_word' id='word_1_360' title='bbox 3151 2053 3252 2122; x_wconf 91' lang='lat' dir='ltr'><strong>ipsi</strong></span> <span class='ocrx_word' id='word_1_361' title='bbox 3283 2053 3348 2107; x_wconf 91' lang='lat' dir='ltr'><strong>de</strong></span> <span class='ocrx_word' id='word_1_362' title='bbox 3379 2052 3488 2107; x_wconf 81' lang='lat' dir='ltr'><strong>cir-</strong></span> 
     </span>
    </p>
   </div>
   <div class='ocr_carea' id='block_1_47' title="bbox 1921 2141 3486 2214">
    <p class='ocr_par' dir='ltr' id='par_1_47' title="bbox 1921 2141 3486 2214">
     <span class='ocr_line' id='line_1_47' title="bbox 1921 2141 3486 2214; baseline 0.003 -19"><span class='ocrx_word' id='word_1_363' title='bbox 1921 2141 2258 2196; x_wconf 91' lang='lat' dir='ltr'><strong>cumcisione</strong></span> <span class='ocrx_word' id='word_1_364' title='bbox 2302 2158 2408 2195; x_wconf 93' lang='lat' dir='ltr'><strong>non</strong></span> <span class='ocrx_word' id='word_1_365' title='bbox 2443 2141 2756 2204; x_wconf 84' lang='lat' dir='ltr'><strong>credebant,</strong></span> <span class='ocrx_word' id='word_1_366' title='bbox 2789 2141 3002 2196; x_wconf 77' lang='lat' dir='ltr'><strong>dicebat</strong></span> <span class='ocrx_word' id='word_1_367' title='bbox 3033 2144 3100 2196; x_wconf 91' lang='lat' dir='ltr'><strong>ad</strong></span> <span class='ocrx_word' id='word_1_368' title='bbox 3137 2158 3232 2198; x_wconf 91' lang='lat' dir='ltr'><strong>eos</strong></span> <span class='ocrx_word' id='word_1_369' title='bbox 3265 2161 3279 2197; x_wconf 87' lang='lat'><strong>:</strong></span> <span class='ocrx_word' id='word_1_370' title='bbox 3318 2161 3338 2196; x_wconf 80' lang='grc' dir='ltr'><strong>ι</strong></span> <span class='ocrx_word' id='word_1_371' title='bbox 3375 2141 3486 2214; x_wconf 72' lang='lat' dir='ltr'><strong>Ege</strong></span> 
     </span>
    </p>
   </div>
   <div class='ocr_carea' id='block_1_48' title="bbox 1919 2233 3486 2304">
    <p class='ocr_par' dir='ltr' id='par_1_48' title="bbox 1919 2233 3486 2304">
     <span class='ocr_line' id='line_1_48' title="bbox 1919 2233 3486 2304; baseline 0.004 -19"><span class='ocrx_word' id='word_1_372' title='bbox 1919 2233 2038 2287; x_wconf 88' lang='lat' dir='ltr'><strong>veni</strong></span> <span class='ocrx_word' id='word_1_373' title='bbox 2075 2233 2128 2286; x_wconf 93' lang='lat' dir='ltr'><strong>in</strong></span> <span class='ocrx_word' id='word_1_374' title='bbox 2181 2233 2400 2288; x_wconf 90' lang='lat' dir='ltr'><strong>nomine</strong></span> <span class='ocrx_word' id='word_1_375' title='bbox 2463 2233 2640 2288; x_wconf 86' lang='lat' dir='ltr'><strong>Patris</strong></span> <span class='ocrx_word' id='word_1_376' title='bbox 2697 2233 2823 2296; x_wconf 89' lang='lat' dir='ltr'><strong>mei,</strong></span> <span class='ocrx_word' id='word_1_377' title='bbox 2859 2242 2910 2287; x_wconf 90' lang='lat' dir='ltr'><strong>et</strong></span> <span class='ocrx_word' id='word_1_378' title='bbox 2943 2249 3052 2288; x_wconf 91' lang='lat' dir='ltr'><strong>non</strong></span> <span class='ocrx_word' id='word_1_379' title='bbox 3091 2234 3336 2304; x_wconf 83' lang='lat' dir='ltr'><strong>accipitis</strong></span> <span class='ocrx_word' id='word_1_380' title='bbox 3377 2249 3486 2290; x_wconf 89' lang='lat' dir='ltr'><strong>me.</strong></span> 
     </span>
    </p>
   </div>
   <div class='ocr_carea' id='block_1_49' title="bbox 1916 2326 3487 2397">
    <p class='ocr_par' dir='ltr' id='par_1_49' title="bbox 1916 2326 3487 2397">
     <span class='ocr_line' id='line_1_49' title="bbox 1916 2326 3487 2397; baseline 0.001 -18"><span class='ocrx_word' id='word_1_381' title='bbox 1916 2327 2071 2382; x_wconf 84' lang='lat' dir='ltr'><strong>Alius</strong></span> <span class='ocrx_word' id='word_1_382' title='bbox 2120 2327 2165 2382; x_wconf 95' lang='lat' dir='ltr'><strong>si</strong></span> <span class='ocrx_word' id='word_1_383' title='bbox 2201 2329 2377 2382; x_wconf 78' lang='lat' dir='ltr'><strong>veniet</strong></span> <span class='ocrx_word' id='word_1_384' title='bbox 2427 2327 2482 2380; x_wconf 92' lang='lat' dir='ltr'><strong>in</strong></span> <span class='ocrx_word' id='word_1_385' title='bbox 2531 2328 2746 2380; x_wconf 89' lang='lat' dir='ltr'><strong>nomine</strong></span> <span class='ocrx_word' id='word_1_386' title='bbox 2776 2326 3017 2396; x_wconf 80' lang='lat' dir='ltr'><strong>preprio,</strong></span> <span class='ocrx_word' id='word_1_387' title='bbox 3059 2328 3210 2381; x_wconf 90' lang='lat' dir='ltr'><strong>illum</strong></span> <span class='ocrx_word' id='word_1_388' title='bbox 3253 2327 3487 2397; x_wconf 84' lang='lat' dir='ltr'><strong>accipie-</strong></span> 
     </span>
    </p>
   </div>
   <div class='ocr_carea' id='block_1_50' title="bbox 235 2416 3485 2492">
    <p class='ocr_par' dir='ltr' id='par_1_50' title="bbox 235 2416 3485 2492">
     <span class='ocr_line' id='line_1_50' title="bbox 235 2416 3485 2492; baseline 0.001 -21"><span class='ocrx_word' id='word_1_389' title='bbox 235 2419 384 2472; x_wconf 72' lang='lat' dir='ltr'><strong>tis&quot;.</strong></span> <span class='ocrx_word' id='word_1_390' title='bbox 416 2437 436 2470; x_wconf 75' lang='grc' dir='ltr'><strong>ι</strong></span> <span class='ocrx_word' id='word_1_391' title='bbox 470 2416 663 2471; x_wconf 79' lang='lat' dir='ltr'><strong>Merito</strong></span> <span class='ocrx_word' id='word_1_392' title='bbox 708 2433 838 2488; x_wconf 87' lang='lat' dir='ltr'><strong>ergo</strong></span> <span class='ocrx_word' id='word_1_393' title='bbox 884 2416 1122 2487; x_wconf 86' lang='lat' dir='ltr'><strong>Spiritus</strong></span> <span class='ocrx_word' id='word_1_394' title='bbox 1166 2426 1416 2480; x_wconf 85' lang='lat' dir='ltr'><strong>sanctus,</strong></span> <span class='ocrx_word' id='word_1_395' title='bbox 1469 2431 1578 2471; x_wconf 93' lang='lat' dir='ltr'><strong>non</strong></span> <span class='ocrx_word' id='word_1_396' title='bbox 1615 2417 1850 2488; x_wconf 89' lang='lat' dir='ltr'><strong>amplius</strong></span> <span class='ocrx_word' id='word_1_397' title='bbox 1911 2422 1979 2475; x_wconf 90' lang='lat' dir='ltr'><strong>ad</strong></span> <span class='ocrx_word' id='word_1_398' title='bbox 2015 2419 2302 2476; x_wconf 74' lang='lat' dir='ltr'><strong>Iudaicum</strong></span> <span class='ocrx_word' id='word_1_399' title='bbox 2358 2421 2637 2490; x_wconf 85' lang='lat' dir='ltr'><strong>populum,</strong></span> <span class='ocrx_word' id='word_1_400' title='bbox 2690 2421 2785 2475; x_wconf 88' lang='lat' dir='ltr'><strong>sed</strong></span> <span class='ocrx_word' id='word_1_401' title='bbox 2830 2421 2898 2473; x_wconf 87' lang='lat' dir='ltr'><strong>ad</strong></span> <span class='ocrx_word' id='word_1_402' title='bbox 2943 2435 3134 2476; x_wconf 80' lang='lat' dir='ltr'><strong>omnes</strong></span> <span class='ocrx_word' id='word_1_403' title='bbox 3178 2428 3387 2492; x_wconf 87' lang='lat' dir='ltr'><strong>gentes,</strong></span> <span class='ocrx_word' id='word_1_404' title='bbox 3421 2436 3485 2474; x_wconf 85' lang='lat' dir='ltr'><strong>ea</strong></span> 
     </span>
    </p>
   </div>
   <div class='ocr_carea' id='block_1_51' title="bbox 235 2511 1564 2583">
    <p class='ocr_par' dir='ltr' id='par_1_51' title="bbox 235 2511 1564 2583">
     <span class='ocr_line' id='line_1_51' title="bbox 235 2511 1564 2583; baseline 0.001 -18"><span class='ocrx_word' id='word_1_405' title='bbox 235 2527 356 2582; x_wconf 73' lang='lat' dir='ltr'><strong>quae</strong></span> <span class='ocrx_word' id='word_1_406' title='bbox 385 2511 442 2565; x_wconf 88' lang='lat' dir='ltr'><strong>in</strong></span> <span class='ocrx_word' id='word_1_407' title='bbox 475 2512 741 2583; x_wconf 89' lang='lat' dir='ltr'><strong>principio</strong></span> <span class='ocrx_word' id='word_1_408' title='bbox 769 2511 964 2582; x_wconf 89' lang='lat' dir='ltr'><strong>psalmi</strong></span> <span class='ocrx_word' id='word_1_409' title='bbox 992 2513 1263 2583; x_wconf 81' lang='lat' dir='ltr'><strong>leguntur,</strong></span> <span class='ocrx_word' id='word_1_410' title='bbox 1297 2511 1564 2566; x_wconf 89' lang='lat' dir='ltr'><strong>enuntiat.</strong></span> 
     </span>
    </p>
   </div>
   <div class='ocr_carea' id='block_1_52' title="bbox 759 2631 1273 2686">
    <p class='ocr_par' dir='ltr' id='par_1_52' title="bbox 759 2631 1273 2686">
     <span class='ocr_line' id='line_1_52' title="bbox 759 2631 1273 2686; baseline 0.004 -2"><span class='ocrx_word' id='word_1_411' title='bbox 759 2632 1152 2686; x_wconf 79' lang='grc' dir='ltr'><strong>ΚΕΦΑΛΑΙΟΝ</strong></span> <span class='ocrx_word' id='word_1_412' title='bbox 1197 2631 1273 2686; x_wconf 66' lang='grc' dir='ltr'><strong>Θθ.</strong></span> 
     </span>
    </p>
   </div>
   <div class='ocr_carea' id='block_1_53' title="bbox 247 2742 1804 2815">
    <p class='ocr_par' dir='ltr' id='par_1_53' title="bbox 247 2742 1804 2815">
     <span class='ocr_line' id='line_1_53' title="bbox 247 2742 1804 2815; baseline 0.001 -18"><span class='ocrx_word' id='word_1_413' title='bbox 247 2742 392 2798; x_wconf 73' lang='grc' dir='ltr'><strong>Ἀπὸ</strong></span> <span class='ocrx_word' id='word_1_414' title='bbox 433 2746 674 2814; x_wconf 64' lang='grc' dir='ltr'>ψαλμοῦ</span> <span class='ocrx_word' id='word_1_415' title='bbox 699 2752 852 2815; x_wconf 68' lang='grc' dir='ltr'>ρμγί.</span> <span class='ocrx_word' id='word_1_416' title='bbox 880 2777 952 2786; x_wconf 93' lang='lat'>—</span> <span class='ocrx_word' id='word_1_417' title='bbox 989 2747 1201 2813; x_wconf 77' lang='grc' dir='ltr'>Κύριος</span> <span class='ocrx_word' id='word_1_418' title='bbox 1228 2747 1554 2810; x_wconf 76' lang='grc' dir='ltr'>οὐρανόθεν</span> <span class='ocrx_word' id='word_1_419' title='bbox 1585 2746 1804 2799; x_wconf 80' lang='grc' dir='ltr'>κατιὼν</span> 
     </span>
    </p>
   </div>
   <div class='ocr_carea' id='block_1_54' title="bbox 305 2815 1874 2883">
    <p class='ocr_par' dir='ltr' id='par_1_54' title="bbox 305 2815 1874 2883">
     <span class='ocr_line' id='line_1_54' title="bbox 305 2815 1874 2883; baseline 0 -13"><span class='ocrx_word' id='word_1_420' title='bbox 305 2815 629 2882; x_wconf 68' lang='grc' dir='ltr'>ἀνθρώπων</span> <span class='ocrx_word' id='word_1_421' title='bbox 653 2816 948 2882; x_wconf 82' lang='grc' dir='ltr'>σωτηρίας</span> <span class='ocrx_word' id='word_1_422' title='bbox 974 2816 1196 2878; x_wconf 76' lang='grc' dir='ltr'>ἕνεκεν,</span> <span class='ocrx_word' id='word_1_423' title='bbox 1233 2815 1353 2883; x_wconf 75' lang='grc' dir='ltr'><strong>ᾠδή</strong></span> <span class='ocrx_word' id='word_1_424' title='bbox 1379 2833 1440 2870; x_wconf 87' lang='grc' dir='ltr'><strong>τε</strong></span> <span class='ocrx_word' id='word_1_425' title='bbox 1476 2816 1576 2869; x_wconf 79' lang='grc' dir='ltr'><strong>ἐπὶ</strong></span> <span class='ocrx_word' id='word_1_426' title='bbox 1610 2819 1799 2880; x_wconf 82' lang='grc' dir='ltr'>τούτῳ</span> <span class='ocrx_word' id='word_1_427' title='bbox 1863 2835 1874 2845; x_wconf 70' lang='grc' dir='ltr'><strong>ο</strong></span> 
     </span>
    </p>
   </div>
   <div class='ocr_carea' id='block_1_55' title="bbox 301 2885 1436 2956">
    <p class='ocr_par' dir='ltr' id='par_1_55' title="bbox 301 2885 1436 2956">
     <span class='ocr_line' id='line_1_55' title="bbox 301 2885 1436 2956; baseline 0.003 -18"><span class='ocrx_word' id='word_1_428' title='bbox 301 2886 584 2956; x_wconf 79' lang='grc' dir='ltr'>ᾁδομένη,</span> <span class='ocrx_word' id='word_1_429' title='bbox 617 2885 840 2954; x_wconf 79' lang='grc' dir='ltr'>Καινῆς</span> <span class='ocrx_word' id='word_1_430' title='bbox 861 2886 1152 2954; x_wconf 79' lang='grc' dir='ltr'>Διαθήκης</span> <span class='ocrx_word' id='word_1_431' title='bbox 1183 2885 1436 2954; x_wconf 73' lang='grc' dir='ltr'>δηλαδή.</span> 
     </span>
    </p>
   </div>
   <div class='ocr_carea' id='block_1_56' title="bbox 305 2999 1809 3072">
    <p class='ocr_par' dir='ltr' id='par_1_56' title="bbox 305 2999 1809 3072">
     <span class='ocr_line' id='line_1_56' title="bbox 305 2999 1809 3072; baseline 0.001 -21"><span class='ocrx_word' id='word_1_432' title='bbox 305 3018 325 3051; x_wconf 71' lang='grc' dir='ltr'><strong>ι</strong></span> <span class='ocrx_word' id='word_1_433' title='bbox 349 3001 543 3072; x_wconf 69' lang='grc' dir='ltr'>Κύριε,</span> <span class='ocrx_word' id='word_1_434' title='bbox 576 3001 627 3052; x_wconf 92' lang='grc' dir='ltr'><strong>τί</strong></span> <span class='ocrx_word' id='word_1_435' title='bbox 661 3003 806 3053; x_wconf 84' lang='grc' dir='ltr'>ἐστιν</span> <span class='ocrx_word' id='word_1_436' title='bbox 827 2999 1128 3072; x_wconf 80' lang='grc' dir='ltr'>ἄνθρωπος,</span> <span class='ocrx_word' id='word_1_437' title='bbox 1160 3002 1239 3054; x_wconf 86' lang='grc' dir='ltr'>ὅτι</span> <span class='ocrx_word' id='word_1_438' title='bbox 1274 3000 1551 3071; x_wconf 84' lang='grc' dir='ltr'>ἐγνώσθης</span> <span class='ocrx_word' id='word_1_439' title='bbox 1583 2999 1749 3070; x_wconf 84' lang='grc' dir='ltr'>αὑτῷ,</span> <span class='ocrx_word' id='word_1_440' title='bbox 1775 2999 1809 3071; x_wconf 81' lang='grc' dir='ltr'>ἢ</span> 
     </span>
    </p>
   </div>
   <div class='ocr_carea' id='block_1_57' title="bbox 230 3092 1810 3164">
    <p class='ocr_par' dir='ltr' id='par_1_57' title="bbox 230 3092 1810 3164">
     <span class='ocr_line' id='line_1_57' title="bbox 230 3092 1810 3164; baseline 0.002 -20"><span class='ocrx_word' id='word_1_441' title='bbox 230 3092 344 3156; x_wconf 73' lang='grc' dir='ltr'>υίὸς</span> <span class='ocrx_word' id='word_1_442' title='bbox 377 3092 685 3163; x_wconf 82' lang='grc' dir='ltr'>ἀνθρώπου,</span> <span class='ocrx_word' id='word_1_443' title='bbox 709 3094 789 3145; x_wconf 78' lang='grc' dir='ltr'>ὅτι</span> <span class='ocrx_word' id='word_1_444' title='bbox 819 3092 999 3163; x_wconf 81' lang='grc' dir='ltr'>λογίζῃ</span> <span class='ocrx_word' id='word_1_445' title='bbox 1019 3094 1206 3157; x_wconf 87' lang='grc' dir='ltr'>αὑτόν;</span> <span class='ocrx_word' id='word_1_446' title='bbox 1242 3094 1435 3164; x_wconf 85' lang='grc' dir='ltr'>Κύριε,</span> <span class='ocrx_word' id='word_1_447' title='bbox 1454 3095 1628 3147; x_wconf 85' lang='grc' dir='ltr'>κλῖνον</span> <span class='ocrx_word' id='word_1_448' title='bbox 1643 3094 1810 3164; x_wconf 79' lang='grc' dir='ltr'>οὑρα-</span> 
     </span>
    </p>
   </div>
   <div class='ocr_carea' id='block_1_58' title="bbox 228 3186 1810 3257">
    <p class='ocr_par' dir='ltr' id='par_1_58' title="bbox 228 3186 1810 3257">
     <span class='ocr_line' id='line_1_58' title="bbox 228 3186 1810 3257; baseline 0 -18"><span class='ocrx_word' id='word_1_449' title='bbox 228 3187 372 3248; x_wconf 71' lang='grc' dir='ltr'>νοὸς,</span> <span class='ocrx_word' id='word_1_450' title='bbox 410 3187 501 3238; x_wconf 72' lang='grc' dir='ltr'><strong>καὶ</strong></span> <span class='ocrx_word' id='word_1_451' title='bbox 517 3186 780 3257; x_wconf 72' lang='grc' dir='ltr'>κατάϐηθι</span> <span class='ocrx_word' id='word_1_452' title='bbox 809 3203 822 3216; x_wconf 83' lang='lat'><strong><em>°</em></strong></span> <span class='ocrx_word' id='word_1_453' title='bbox 857 3187 988 3255; x_wconf 68' lang='grc' dir='ltr'>ἅψαι</span> <span class='ocrx_word' id='word_1_454' title='bbox 1017 3186 1123 3238; x_wconf 78' lang='grc' dir='ltr'><strong>τῶν</strong></span> <span class='ocrx_word' id='word_1_455' title='bbox 1152 3187 1342 3257; x_wconf 82' lang='grc' dir='ltr'>ὀρέων,</span> <span class='ocrx_word' id='word_1_456' title='bbox 1368 3188 1458 3239; x_wconf 72' lang='grc' dir='ltr'><strong>καὶ</strong></span> <span class='ocrx_word' id='word_1_457' title='bbox 1509 3186 1810 3257; x_wconf 80' lang='grc' dir='ltr'>καπνισθήσ-</span> 
     </span>
    </p>
   </div>
   <div class='ocr_carea' id='block_1_59' title="bbox 227 3278 1808 3351">
    <p class='ocr_par' dir='ltr' id='par_1_59' title="bbox 227 3278 1808 3351">
     <span class='ocr_line' id='line_1_59' title="bbox 227 3278 1808 3351; baseline -0.003 -18"><span class='ocrx_word' id='word_1_458' title='bbox 227 3294 436 3333; x_wconf 75' lang='grc' dir='ltr'>σονται.</span> <span class='ocrx_word' id='word_1_459' title='bbox 461 3299 478 3330; x_wconf 77' lang='grc' dir='ltr'><strong>ι</strong></span> <span class='ocrx_word' id='word_1_460' title='bbox 497 3281 604 3332; x_wconf 72' lang='grc' dir='ltr'><strong>Καὶ</strong></span> <span class='ocrx_word' id='word_1_461' title='bbox 627 3278 832 3342; x_wconf 70' lang='grc' dir='ltr'>ὑποϐὰς</span> <span class='ocrx_word' id='word_1_462' title='bbox 856 3279 1096 3347; x_wconf 77' lang='grc' dir='ltr'>ἐπιλέγει</span> <span class='ocrx_word' id='word_1_463' title='bbox 1117 3296 1128 3308; x_wconf 91' lang='grc'><strong>·</strong></span> <span class='ocrx_word' id='word_1_464' title='bbox 1159 3299 1176 3330; x_wconf 78' lang='grc' dir='ltr'><strong>ι</strong></span> <span class='ocrx_word' id='word_1_465' title='bbox 1201 3281 1258 3331; x_wconf 89' lang='lat' dir='ltr'><strong>&#39;O</strong></span> <span class='ocrx_word' id='word_1_466' title='bbox 1283 3280 1432 3342; x_wconf 76' lang='grc' dir='ltr'>Θεὸς,</span> <span class='ocrx_word' id='word_1_467' title='bbox 1456 3279 1597 3350; x_wconf 75' lang='grc' dir='ltr'>ᾠδὴν</span> <span class='ocrx_word' id='word_1_468' title='bbox 1615 3279 1808 3351; x_wconf 83' lang='grc' dir='ltr'>καινὴν</span> 
     </span>
    </p>
   </div>
   <div class='ocr_carea' id='block_1_60' title="bbox 227 3365 1808 3439">
    <p class='ocr_par' dir='ltr' id='par_1_60' title="bbox 227 3365 1808 3439">
     <span class='ocr_line' id='line_1_60' title="bbox 227 3365 1808 3439; baseline 0.001 -21"><span class='ocrx_word' id='word_1_469' title='bbox 227 3365 435 3437; x_wconf 83' lang='grc' dir='ltr'>ᾄσομαί</span> <span class='ocrx_word' id='word_1_470' title='bbox 468 3385 570 3420; x_wconf 86' lang='grc' dir='ltr'>σοι,</span> <span class='ocrx_word' id='word_1_471' title='bbox 601 3388 617 3418; x_wconf 78' lang='lat' dir='ltr'><strong>i</strong></span> <span class='ocrx_word' id='word_1_472' title='bbox 646 3367 900 3437; x_wconf 84' lang='grc' dir='ltr'>Ἐχεσθαι</span> <span class='ocrx_word' id='word_1_473' title='bbox 945 3368 1036 3420; x_wconf 77' lang='grc' dir='ltr'>καὶ</span> <span class='ocrx_word' id='word_1_474' title='bbox 1064 3368 1237 3421; x_wconf 88' lang='grc' dir='ltr'>ταῦτα</span> <span class='ocrx_word' id='word_1_475' title='bbox 1273 3369 1372 3438; x_wconf 80' lang='grc' dir='ltr'>τῆς</span> <span class='ocrx_word' id='word_1_476' title='bbox 1410 3368 1808 3439; x_wconf 79' lang='grc' dir='ltr'>προσκειμένης</span> 
     </span>
    </p>
   </div>
   <div class='ocr_carea' id='block_1_61' title="bbox 225 3457 1804 3530">
    <p class='ocr_par' dir='ltr' id='par_1_61' title="bbox 225 3457 1804 3530">
     <span class='ocr_line' id='line_1_61' title="bbox 225 3457 1804 3530; baseline -0.002 -18"><span class='ocrx_word' id='word_1_477' title='bbox 225 3461 542 3522; x_wconf 77' lang='grc' dir='ltr'>ὑποθέσεως</span> <span class='ocrx_word' id='word_1_478' title='bbox 569 3459 828 3530; x_wconf 80' lang='grc' dir='ltr'>ἡγοῦμαι.</span> <span class='ocrx_word' id='word_1_479' title='bbox 859 3458 968 3530; x_wconf 81' lang='grc' dir='ltr'>Τὴν</span> <span class='ocrx_word' id='word_1_480' title='bbox 1006 3459 1116 3530; x_wconf 77' lang='grc' dir='ltr'><strong>γὰρ</strong></span> <span class='ocrx_word' id='word_1_481' title='bbox 1155 3460 1234 3521; x_wconf 77' lang='grc' dir='ltr'>εἰς</span> <span class='ocrx_word' id='word_1_482' title='bbox 1267 3457 1584 3529; x_wconf 83' lang='grc' dir='ltr'>ἀνθρώπους</span> <span class='ocrx_word' id='word_1_483' title='bbox 1602 3457 1804 3526; x_wconf 81' lang='grc' dir='ltr'>γνῶσιν</span> 
     </span>
    </p>
   </div>
   <div class='ocr_carea' id='block_1_62' title="bbox 220 3545 1808 3619">
    <p class='ocr_par' dir='ltr' id='par_1_62' title="bbox 220 3545 1808 3619">
     <span class='ocr_line' id='line_1_62' title="bbox 220 3545 1808 3619; baseline 0.001 -21"><span class='ocrx_word' id='word_1_484' title='bbox 220 3545 317 3598; x_wconf 86' lang='grc' dir='ltr'><strong>τοῦ</strong></span> <span class='ocrx_word' id='word_1_485' title='bbox 336 3546 474 3598; x_wconf 83' lang='grc' dir='ltr'>Θεοῦ</span> <span class='ocrx_word' id='word_1_486' title='bbox 495 3547 663 3615; x_wconf 78' lang='grc' dir='ltr'>Λόγου</span> <span class='ocrx_word' id='word_1_487' title='bbox 678 3547 984 3617; x_wconf 79' lang='grc' dir='ltr'>θαυμάζων,</span> <span class='ocrx_word' id='word_1_488' title='bbox 1001 3551 1028 3600; x_wconf 89' lang='grc' dir='ltr'><strong>ὑ</strong></span> <span class='ocrx_word' id='word_1_489' title='bbox 1038 3565 1100 3600; x_wconf 88' lang='grc' dir='ltr'><strong>πε</strong></span> <span class='ocrx_word' id='word_1_490' title='bbox 1110 3546 1496 3619; x_wconf 80' lang='grc' dir='ltr'>ρεκπλήττεται</span> <span class='ocrx_word' id='word_1_491' title='bbox 1512 3547 1611 3616; x_wconf 81' lang='grc' dir='ltr'><strong>τῆς</strong></span> <span class='ocrx_word' id='word_1_492' title='bbox 1625 3547 1808 3615; x_wconf 70' lang='grc' dir='ltr'>φιλαν-</span> 
     </span>
    </p>
   </div>
   <div class='ocr_carea' id='block_1_63' title="bbox 222 3634 1806 3711">
    <p class='ocr_par' dir='ltr' id='par_1_63' title="bbox 222 3634 1806 3711">
     <span class='ocr_line' id='line_1_63' title="bbox 222 3634 1806 3711; baseline 0 -21"><span class='ocrx_word' id='word_1_493' title='bbox 222 3634 507 3710; x_wconf 82' lang='grc' dir='ltr'>θρωπίας,</span> <span class='ocrx_word' id='word_1_494' title='bbox 536 3639 601 3691; x_wconf 81' lang='grc' dir='ltr'>δι’</span> <span class='ocrx_word' id='word_1_495' title='bbox 625 3636 692 3711; x_wconf 75' lang='grc' dir='ltr'>ἧς</span> <span class='ocrx_word' id='word_1_496' title='bbox 729 3640 825 3710; x_wconf 80' lang='grc' dir='ltr'>τῆς</span> <span class='ocrx_word' id='word_1_497' title='bbox 857 3640 1104 3710; x_wconf 82' lang='grc' dir='ltr'>θεότητος</span> <span class='ocrx_word' id='word_1_498' title='bbox 1127 3640 1332 3703; x_wconf 84' lang='grc' dir='ltr'>ὑποϐὰς</span> <span class='ocrx_word' id='word_1_499' title='bbox 1383 3639 1496 3703; x_wconf 77' lang='grc' dir='ltr'>καὶ,</span> <span class='ocrx_word' id='word_1_500' title='bbox 1535 3639 1627 3691; x_wconf 88' lang='grc' dir='ltr'><strong>τοῦ</strong></span> <span class='ocrx_word' id='word_1_501' title='bbox 1670 3656 1806 3709; x_wconf 86' lang='grc' dir='ltr'>συμ-</span> 
     </span>
    </p>
   </div>
   <div class='ocr_carea' id='block_1_64' title="bbox 221 3729 1804 3803">
    <p class='ocr_par' dir='ltr' id='par_1_64' title="bbox 221 3729 1804 3803">
     <span class='ocr_line' id='line_1_64' title="bbox 221 3729 1804 3803; baseline 0.025 -32"><span class='ocrx_word' id='word_1_502' title='bbox 221 3729 397 3797; x_wconf 70' lang='grc' dir='ltr'>φυοῦς</span> <span class='ocrx_word' id='word_1_503' title='bbox 427 3730 686 3799; x_wconf 77' lang='grc' dir='ltr'>μεγέθους</span> <span class='ocrx_word' id='word_1_504' title='bbox 720 3731 908 3783; x_wconf 84' lang='grc' dir='ltr'>ἐαυτὸν</span> <span class='ocrx_word' id='word_1_505' title='bbox 935 3731 1233 3803; x_wconf 72' lang='grc' dir='ltr'>σμικρύνας</span> <span class='ocrx_word' id='word_1_506' title='bbox 1253 3771 1267 3792; x_wconf 71' lang='grc' dir='ltr'><strong>ν</strong></span> <span class='ocrx_word' id='word_1_507' title='bbox 1301 3731 1500 3800; x_wconf 67' lang='grc' dir='ltr'>ἠξίωσε</span> <span class='ocrx_word' id='word_1_508' title='bbox 1545 3731 1644 3800; x_wconf 66' lang='grc' dir='ltr'><strong>τῆς</strong></span> <span class='ocrx_word' id='word_1_509' title='bbox 1668 3731 1804 3794; x_wconf 47' lang='lat' dir='ltr'><strong>tam;</strong></span> 
     </span>
    </p>
   </div>
   <div class='ocr_carea' id='block_1_65' title="bbox 219 3819 1804 3894">
    <p class='ocr_par' dir='ltr' id='par_1_65' title="bbox 219 3819 1804 3894">
     <span class='ocr_line' id='line_1_65' title="bbox 219 3819 1804 3894; baseline 0.003 -22"><span class='ocrx_word' id='word_1_510' title='bbox 219 3823 482 3890; x_wconf 79' lang='grc' dir='ltr'>γνώσεως</span> <span class='ocrx_word' id='word_1_511' title='bbox 524 3823 584 3874; x_wconf 82' lang='grc' dir='ltr'><strong>τὸ</strong></span> <span class='ocrx_word' id='word_1_512' title='bbox 633 3822 963 3894; x_wconf 82' lang='grc' dir='ltr'>ἀνθρώπειον</span> <span class='ocrx_word' id='word_1_513' title='bbox 1015 3823 1188 3890; x_wconf 85' lang='grc' dir='ltr'>γένος.</span> <span class='ocrx_word' id='word_1_514' title='bbox 1263 3823 1525 3877; x_wconf 83' lang='grc' dir='ltr'>Ἐνταῦθα</span> <span class='ocrx_word' id='word_1_515' title='bbox 1571 3825 1670 3894; x_wconf 82' lang='grc' dir='ltr'><strong>μὲν</strong></span> <span class='ocrx_word' id='word_1_516' title='bbox 1708 3819 1804 3876; x_wconf 80' lang='grc' dir='ltr'><strong>οὖν</strong></span> 
     </span>
    </p>
   </div>
   <div class='ocr_carea' id='block_1_66' title="bbox 221 3912 1803 3987">
    <p class='ocr_par' dir='ltr' id='par_1_66' title="bbox 221 3912 1803 3987">
     <span class='ocr_line' id='line_1_66' title="bbox 221 3912 1803 3987; baseline 0.002 -21"><span class='ocrx_word' id='word_1_517' title='bbox 221 3912 445 3984; x_wconf 78' lang='grc' dir='ltr'>εῦχεται</span> <span class='ocrx_word' id='word_1_518' title='bbox 473 3914 675 3982; x_wconf 87' lang='grc' dir='ltr'>λέγων·</span> <span class='ocrx_word' id='word_1_519' title='bbox 713 3935 729 3965; x_wconf 77' lang='grc' dir='ltr'><strong>ι</strong></span> <span class='ocrx_word' id='word_1_520' title='bbox 765 3915 935 3987; x_wconf 84' lang='grc' dir='ltr'>Κύριε</span> <span class='ocrx_word' id='word_1_521' title='bbox 956 3956 970 3978; x_wconf 95' lang='grc'><strong>,</strong></span> <span class='ocrx_word' id='word_1_522' title='bbox 1007 3915 1184 3968; x_wconf 84' lang='grc' dir='ltr'>κλῖνον</span> <span class='ocrx_word' id='word_1_523' title='bbox 1211 3915 1469 3985; x_wconf 76' lang='grc' dir='ltr'>οὐρανοὺς</span> <span class='ocrx_word' id='word_1_524' title='bbox 1501 3915 1596 3968; x_wconf 68' lang='grc' dir='ltr'>καὶ</span> <span class='ocrx_word' id='word_1_525' title='bbox 1636 3916 1803 3969; x_wconf 88' lang='grc' dir='ltr'>κατά-</span> 
     </span>
    </p>
   </div>
   <div class='ocr_carea' id='block_1_67' title="bbox 221 4004 1797 4076">
    <p class='ocr_par' dir='ltr' id='par_1_67' title="bbox 221 4004 1797 4076">
     <span class='ocr_line' id='line_1_67' title="bbox 221 4004 1797 4076; baseline 0.001 -19"><span class='ocrx_word' id='word_1_526' title='bbox 221 4004 350 4075; x_wconf 82' lang='grc' dir='ltr'>ϐηθι</span> <span class='ocrx_word' id='word_1_527' title='bbox 378 4046 391 4057; x_wconf 91' lang='grc'><strong>.</strong></span> <span class='ocrx_word' id='word_1_528' title='bbox 428 4025 444 4055; x_wconf 74' lang='grc' dir='ltr'><strong>ι</strong></span> <span class='ocrx_word' id='word_1_529' title='bbox 498 4006 584 4056; x_wconf 85' lang='grc' dir='ltr'>Ἐν</span> <span class='ocrx_word' id='word_1_530' title='bbox 625 4005 678 4057; x_wconf 80' lang='grc' dir='ltr'>δὲ</span> <span class='ocrx_word' id='word_1_531' title='bbox 723 4005 799 4076; x_wconf 80' lang='grc' dir='ltr'>τῷ</span> <span class='ocrx_word' id='word_1_532' title='bbox 832 4006 1274 4075; x_wconf 76' lang='grc' dir='ltr'>ἑπτακαιδεκάτῳ</span> <span class='ocrx_word' id='word_1_533' title='bbox 1313 4005 1510 4076; x_wconf 76' lang='grc' dir='ltr'>ψαλμῷ</span> <span class='ocrx_word' id='word_1_534' title='bbox 1554 4005 1797 4076; x_wconf 73' lang='grc' dir='ltr'>εἴρηται*</span> 
     </span>
    </p>
   </div>
   <div class='ocr_carea' id='block_1_68' title="bbox 226 4097 1798 4168">
    <p class='ocr_par' dir='ltr' id='par_1_68' title="bbox 226 4097 1798 4168">
     <span class='ocr_line' id='line_1_68' title="bbox 226 4097 1798 4168; baseline 0.001 -21"><span class='ocrx_word' id='word_1_535' title='bbox 226 4116 244 4147; x_wconf 75' lang='grc' dir='ltr'><strong>ι</strong></span> <span class='ocrx_word' id='word_1_536' title='bbox 287 4100 402 4150; x_wconf 77' lang='grc' dir='ltr'><strong>Καὶ</strong></span> <span class='ocrx_word' id='word_1_537' title='bbox 429 4097 633 4150; x_wconf 80' lang='grc' dir='ltr'>ἔκλινεν</span> <span class='ocrx_word' id='word_1_538' title='bbox 654 4098 931 4168; x_wconf 75' lang='grc' dir='ltr'>οὐρανοὺς,</span> <span class='ocrx_word' id='word_1_539' title='bbox 968 4100 1061 4151; x_wconf 69' lang='grc' dir='ltr'><strong>καὶ</strong></span> <span class='ocrx_word' id='word_1_540' title='bbox 1091 4097 1316 4168; x_wconf 76' lang='grc' dir='ltr'>κατέϐη,</span> <span class='ocrx_word' id='word_1_541' title='bbox 1348 4097 1442 4150; x_wconf 74' lang='grc' dir='ltr'>καὶ</span> <span class='ocrx_word' id='word_1_542' title='bbox 1475 4097 1669 4166; x_wconf 70' lang='grc' dir='ltr'>γνόφος</span> <span class='ocrx_word' id='word_1_543' title='bbox 1695 4097 1798 4149; x_wconf 65' lang='grc' dir='ltr'>ὑπὸ</span> 
     </span>
    </p>
   </div>
   <div class='ocr_carea' id='block_1_69' title="bbox 219 4186 1795 4257">
    <p class='ocr_par' dir='ltr' id='par_1_69' title="bbox 219 4186 1795 4257">
     <span class='ocr_line' id='line_1_69' title="bbox 219 4186 1795 4257; baseline -0.003 -16"><span class='ocrx_word' id='word_1_544' title='bbox 219 4191 346 4250; x_wconf 71' lang='grc' dir='ltr'>τοὺς</span> <span class='ocrx_word' id='word_1_545' title='bbox 384 4187 548 4249; x_wconf 78' lang='grc' dir='ltr'>πόδας</span> <span class='ocrx_word' id='word_1_546' title='bbox 581 4187 744 4240; x_wconf 88' lang='grc' dir='ltr'>αὑτοῦ</span> <span class='ocrx_word' id='word_1_547' title='bbox 765 4205 776 4216; x_wconf 94' lang='grc'><strong>·</strong></span> <span class='ocrx_word' id='word_1_548' title='bbox 806 4189 899 4240; x_wconf 81' lang='grc' dir='ltr'><strong>καὶ</strong></span> <span class='ocrx_word' id='word_1_549' title='bbox 925 4186 1094 4256; x_wconf 77' lang='grc' dir='ltr'>ἐπέϐη</span> <span class='ocrx_word' id='word_1_550' title='bbox 1119 4187 1209 4240; x_wconf 79' lang='grc' dir='ltr'><strong>ἐπὶ</strong></span> <span class='ocrx_word' id='word_1_551' title='bbox 1230 4186 1514 4257; x_wconf 74' lang='grc' dir='ltr'>χερουϐὶμ,</span> <span class='ocrx_word' id='word_1_552' title='bbox 1550 4186 1642 4238; x_wconf 78' lang='grc' dir='ltr'><strong>καὶ</strong></span> <span class='ocrx_word' id='word_1_553' title='bbox 1667 4187 1795 4237; x_wconf 85' lang='grc' dir='ltr'>ἐπε-</span> 
     </span>
    </p>
   </div>
   <div class='ocr_carea' id='block_1_70' title="bbox 2507 2601 2884 2657">
    <p class='ocr_par' dir='ltr' id='par_1_70' title="bbox 2507 2601 2884 2657">
     <span class='ocr_line' id='line_1_70' title="bbox 2507 2601 2884 2657; baseline 0.003 -1"><span class='ocrx_word' id='word_1_554' title='bbox 2507 2601 2736 2656; x_wconf 78' lang='lat' dir='ltr'><strong>CAPUT</strong></span> <span class='ocrx_word' id='word_1_555' title='bbox 2792 2601 2884 2657; x_wconf 72' lang='lat' dir='ltr'><strong>IX.</strong></span> 
     </span>
    </p>
   </div>
   <div class='ocr_carea' id='block_1_71' title="bbox 1813 2713 3480 2786">
    <p class='ocr_par' dir='ltr' id='par_1_71' title="bbox 1813 2713 3480 2786">
     <span class='ocr_line' id='line_1_71' title="bbox 1813 2713 3480 2786; baseline 0.003 -16"><span class='ocrx_word' id='word_1_556' title='bbox 1813 2717 1834 2734; x_wconf 85' lang='lat'><strong>&quot;</strong></span> <span class='ocrx_word' id='word_1_557' title='bbox 1909 2718 1953 2770; x_wconf 81' lang='grc' dir='ltr'><em>Α</em></span> <span class='ocrx_word' id='word_1_558' title='bbox 2004 2717 2209 2786; x_wconf 80' lang='lat' dir='ltr'><strong>psalmo</strong></span> <span class='ocrx_word' id='word_1_559' title='bbox 2264 2731 2550 2772; x_wconf 77' lang='lat' dir='ltr'><strong>chm.—</strong></span> <span class='ocrx_word' id='word_1_560' title='bbox 2593 2713 2849 2768; x_wconf 73' lang='lat' dir='ltr'><strong>Dominus</strong></span> <span class='ocrx_word' id='word_1_561' title='bbox 2897 2715 2960 2769; x_wconf 89' lang='lat' dir='ltr'><strong>de</strong></span> <span class='ocrx_word' id='word_1_562' title='bbox 3005 2718 3132 2772; x_wconf 75' lang='lat' dir='ltr'><strong>caelo</strong></span> <span class='ocrx_word' id='word_1_563' title='bbox 3169 2719 3480 2775; x_wconf 79' lang='lat' dir='ltr'><strong>descendens</strong></span> 
     </span>
    </p>
   </div>
   <div class='ocr_carea' id='block_1_72' title="bbox 1981 2786 3483 2861">
    <p class='ocr_par' dir='ltr' id='par_1_72' title="bbox 1981 2786 3483 2861">
     <span class='ocr_line' id='line_1_72' title="bbox 1981 2786 3483 2861; baseline 0.003 -20"><span class='ocrx_word' id='word_1_564' title='bbox 1981 2789 2169 2861; x_wconf 78' lang='lat' dir='ltr'><strong>salutis</strong></span> <span class='ocrx_word' id='word_1_565' title='bbox 2200 2789 2470 2861; x_wconf 74' lang='lat' dir='ltr'><strong>hominum</strong></span> <span class='ocrx_word' id='word_1_566' title='bbox 2501 2787 2695 2861; x_wconf 63' lang='lat' dir='ltr'><strong>gratia,</strong></span> <span class='ocrx_word' id='word_1_567' title='bbox 2730 2786 3095 2861; x_wconf 47' lang='lat' dir='ltr'><strong>eaiiticuiilque</strong></span> <span class='ocrx_word' id='word_1_568' title='bbox 3119 2806 3306 2842; x_wconf 80' lang='lat' dir='ltr'><strong>novum</strong></span> <span class='ocrx_word' id='word_1_569' title='bbox 3329 2808 3483 2861; x_wconf 83' lang='lat' dir='ltr'><strong>super</strong></span> 
     </span>
    </p>
   </div>
   <div class='ocr_carea' id='block_1_73' title="bbox 1979 2855 3304 2920">
    <p class='ocr_par' dir='ltr' id='par_1_73' title="bbox 1979 2855 3304 2920">
     <span class='ocr_line' id='line_1_73' title="bbox 1979 2855 3304 2920; baseline 0.002 -9"><span class='ocrx_word' id='word_1_570' title='bbox 1979 2859 2078 2911; x_wconf 84' lang='lat' dir='ltr'><strong>hac</strong></span> <span class='ocrx_word' id='word_1_571' title='bbox 2113 2875 2166 2911; x_wconf 84' lang='lat' dir='ltr'><strong>re</strong></span> <span class='ocrx_word' id='word_1_572' title='bbox 2193 2857 2506 2920; x_wconf 79' lang='lat' dir='ltr'><strong>cauendum,</strong></span> <span class='ocrx_word' id='word_1_573' title='bbox 2536 2855 2674 2909; x_wconf 75' lang='lat' dir='ltr'><strong>Novi</strong></span> <span class='ocrx_word' id='word_1_574' title='bbox 2699 2855 2930 2909; x_wconf 81' lang='lat' dir='ltr'><strong>videlicet</strong></span> <span class='ocrx_word' id='word_1_575' title='bbox 2967 2855 3304 2915; x_wconf 78' lang='lat' dir='ltr'><strong>Testamenti.</strong></span> 
     </span>
    </p>
   </div>
   <div class='ocr_carea' id='block_1_74' title="bbox 1987 2965 3483 3037">
    <p class='ocr_par' dir='ltr' id='par_1_74' title="bbox 1987 2965 3483 3037">
     <span class='ocr_line' id='line_1_74' title="bbox 1987 2965 3483 3037; baseline 0.001 -15"><span class='ocrx_word' id='word_1_576' title='bbox 1987 2989 2006 3022; x_wconf 86' lang='grc'><strong>‹</strong></span> <span class='ocrx_word' id='word_1_577' title='bbox 2054 2969 2281 3022; x_wconf 88' lang='lat' dir='ltr'><strong>Domine</strong></span> <span class='ocrx_word' id='word_1_578' title='bbox 2334 2967 2465 3037; x_wconf 81' lang='lat' dir='ltr'><strong>quid</strong></span> <span class='ocrx_word' id='word_1_579' title='bbox 2524 2974 2608 3021; x_wconf 89' lang='lat' dir='ltr'><strong>est</strong></span> <span class='ocrx_word' id='word_1_580' title='bbox 2640 2965 2822 3029; x_wconf 86' lang='lat' dir='ltr'><strong>homo,</strong></span> <span class='ocrx_word' id='word_1_581' title='bbox 2881 2967 3026 3036; x_wconf 89' lang='lat' dir='ltr'><strong>quod</strong></span> <span class='ocrx_word' id='word_1_582' title='bbox 3083 2968 3364 3024; x_wconf 90' lang='lat' dir='ltr'><strong>innotuisti</strong></span> <span class='ocrx_word' id='word_1_583' title='bbox 3398 2971 3483 3024; x_wconf 85' lang='lat' dir='ltr'><strong>ei?</strong></span> 
     </span>
    </p>
   </div>
   <div class='ocr_carea' id='block_1_75' title="bbox 1910 3056 3482 3127">
    <p class='ocr_par' dir='ltr' id='par_1_75' title="bbox 1910 3056 3482 3127">
     <span class='ocr_line' id='line_1_75' title="bbox 1910 3056 3482 3127; baseline -0.001 -10"><span class='ocrx_word' id='word_1_584' title='bbox 1910 3073 2007 3117; x_wconf 84' lang='lat' dir='ltr'><strong>aut</strong></span> <span class='ocrx_word' id='word_1_585' title='bbox 2040 3061 2182 3116; x_wconf 84' lang='lat' dir='ltr'><strong>Illius</strong></span> <span class='ocrx_word' id='word_1_586' title='bbox 2215 3060 2470 3122; x_wconf 89' lang='lat' dir='ltr'><strong>hominis,</strong></span> <span class='ocrx_word' id='word_1_587' title='bbox 2517 3056 2661 3127; x_wconf 91' lang='lat' dir='ltr'><strong>quod</strong></span> <span class='ocrx_word' id='word_1_588' title='bbox 2702 3064 2922 3127; x_wconf 89' lang='lat' dir='ltr'><strong>reputas</strong></span> <span class='ocrx_word' id='word_1_589' title='bbox 2948 3059 3106 3113; x_wconf 88' lang='lat' dir='ltr'><strong>eum?</strong></span> <span class='ocrx_word' id='word_1_590' title='bbox 3133 3057 3378 3125; x_wconf 91' lang='lat' dir='ltr'><strong>Domine,</strong></span> <span class='ocrx_word' id='word_1_591' title='bbox 3407 3062 3482 3115; x_wconf 86' lang='lat' dir='ltr'><strong>in-</strong></span> 
     </span>
    </p>
   </div>
   <div class='ocr_carea' id='block_1_76' title="bbox 1912 3150 3479 3222">
    <p class='ocr_par' dir='ltr' id='par_1_76' title="bbox 1912 3150 3479 3222">
     <span class='ocr_line' id='line_1_76' title="bbox 1912 3150 3479 3222; baseline -0.001 -15"><span class='ocrx_word' id='word_1_592' title='bbox 1912 3153 2057 3208; x_wconf 90' lang='lat' dir='ltr'><strong>clina</strong></span> <span class='ocrx_word' id='word_1_593' title='bbox 2087 3152 2277 3217; x_wconf 70' lang='lat' dir='ltr'><strong>caelos,</strong></span> <span class='ocrx_word' id='word_1_594' title='bbox 2309 3160 2364 3204; x_wconf 88' lang='lat' dir='ltr'><strong>et</strong></span> <span class='ocrx_word' id='word_1_595' title='bbox 2394 3150 2660 3205; x_wconf 89' lang='lat' dir='ltr'><strong>descende</strong></span> <span class='ocrx_word' id='word_1_596' title='bbox 2688 3168 2701 3204; x_wconf 93' lang='lat'><strong>:</strong></span> <span class='ocrx_word' id='word_1_597' title='bbox 2727 3159 2886 3220; x_wconf 81' lang='lat' dir='ltr'><strong>tange</strong></span> <span class='ocrx_word' id='word_1_598' title='bbox 2916 3160 3145 3216; x_wconf 87' lang='lat' dir='ltr'><strong>montes,</strong></span> <span class='ocrx_word' id='word_1_599' title='bbox 3167 3158 3221 3206; x_wconf 92' lang='lat' dir='ltr'><strong>et</strong></span> <span class='ocrx_word' id='word_1_600' title='bbox 3249 3151 3479 3222; x_wconf 82' lang='lat' dir='ltr'><strong>fumiga-</strong></span> 
     </span>
    </p>
   </div>
   <div class='ocr_carea' id='block_1_77' title="bbox 1911 3241 3479 3313">
    <p class='ocr_par' dir='ltr' id='par_1_77' title="bbox 1911 3241 3479 3313">
     <span class='ocr_line' id='line_1_77' title="bbox 1911 3241 3479 3313; baseline -0.003 -11"><span class='ocrx_word' id='word_1_601' title='bbox 1911 3246 2067 3302; x_wconf 89' lang='lat' dir='ltr'><strong>bunt.</strong></span> <span class='ocrx_word' id='word_1_602' title='bbox 2100 3245 2144 3277; x_wconf 81' lang='grc'><strong>³⁹</strong></span> <span class='ocrx_word' id='word_1_603' title='bbox 2200 3263 2219 3296; x_wconf 73' lang='grc' dir='ltr'><strong>ι</strong></span> <span class='ocrx_word' id='word_1_604' title='bbox 2269 3242 2332 3297; x_wconf 89' lang='lat' dir='ltr'><strong>Et</strong></span> <span class='ocrx_word' id='word_1_605' title='bbox 2359 3256 2708 3313; x_wconf 83' lang='lat' dir='ltr'><strong>progressus,</strong></span> <span class='ocrx_word' id='word_1_606' title='bbox 2741 3241 3026 3312; x_wconf 84' lang='lat' dir='ltr'><strong>adjnngit:</strong></span> <span class='ocrx_word' id='word_1_607' title='bbox 3059 3260 3078 3293; x_wconf 75' lang='grc' dir='ltr'><strong>ι</strong></span> <span class='ocrx_word' id='word_1_608' title='bbox 3113 3241 3276 3309; x_wconf 83' lang='lat' dir='ltr'><strong>Deus,</strong></span> <span class='ocrx_word' id='word_1_609' title='bbox 3299 3244 3479 3298; x_wconf 89' lang='lat' dir='ltr'><strong>canti-</strong></span> 
     </span>
    </p>
   </div>
   <div class='ocr_carea' id='block_1_78' title="bbox 1910 3333 3479 3406">
    <p class='ocr_par' dir='ltr' id='par_1_78' title="bbox 1910 3333 3479 3406">
     <span class='ocr_line' id='line_1_78' title="bbox 1910 3333 3479 3406; baseline -0.001 -14"><span class='ocrx_word' id='word_1_610' title='bbox 1910 3353 2034 3392; x_wconf 88' lang='lat' dir='ltr'><strong>cum</strong></span> <span class='ocrx_word' id='word_1_611' title='bbox 2060 3351 2260 3392; x_wconf 85' lang='lat' dir='ltr'><strong>novum</strong></span> <span class='ocrx_word' id='word_1_612' title='bbox 2279 3333 2513 3390; x_wconf 87' lang='lat' dir='ltr'><strong>cantabo</strong></span> <span class='ocrx_word' id='word_1_613' title='bbox 2532 3333 2628 3390; x_wconf 89' lang='lat' dir='ltr'><strong>tibi</strong></span> <span class='ocrx_word' id='word_1_614' title='bbox 2642 3333 2708 3387; x_wconf 69' lang='grc'><strong>⁸³.</strong></span> <span class='ocrx_word' id='word_1_615' title='bbox 2733 3353 2750 3385; x_wconf 81' lang='grc' dir='ltr'><strong>ι</strong></span> <span class='ocrx_word' id='word_1_616' title='bbox 2772 3333 2896 3389; x_wconf 75' lang='lat' dir='ltr'><strong>Haec</strong></span> <span class='ocrx_word' id='word_1_617' title='bbox 2912 3349 3127 3405; x_wconf 82' lang='lat' dir='ltr'><strong>quoque</strong></span> <span class='ocrx_word' id='word_1_618' title='bbox 3143 3350 3266 3390; x_wconf 89' lang='lat' dir='ltr'><strong>cum</strong></span> <span class='ocrx_word' id='word_1_619' title='bbox 3280 3350 3479 3406; x_wconf 86' lang='lat' dir='ltr'><strong>propo-</strong></span> 
     </span>
    </p>
   </div>
   <div class='ocr_carea' id='block_1_79' title="bbox 1911 3423 3475 3497">
    <p class='ocr_par' dir='ltr' id='par_1_79' title="bbox 1911 3423 3475 3497">
     <span class='ocr_line' id='line_1_79' title="bbox 1911 3423 3475 3497; baseline -0.001 -14"><span class='ocrx_word' id='word_1_620' title='bbox 1911 3427 2019 3483; x_wconf 91' lang='lat' dir='ltr'><strong>sito</strong></span> <span class='ocrx_word' id='word_1_621' title='bbox 2043 3432 2365 3497; x_wconf 84' lang='lat' dir='ltr'><strong>argumento</strong></span> <span class='ocrx_word' id='word_1_622' title='bbox 2393 3438 2514 3479; x_wconf 81' lang='lat' dir='ltr'><strong>esse</strong></span> <span class='ocrx_word' id='word_1_623' title='bbox 2542 3423 3002 3491; x_wconf 83' lang='lat' dir='ltr'><strong>conjuncta,sane</strong></span> <span class='ocrx_word' id='word_1_624' title='bbox 3025 3439 3125 3495; x_wconf 89' lang='lat' dir='ltr'><strong>ego</strong></span> <span class='ocrx_word' id='word_1_625' title='bbox 3149 3427 3475 3495; x_wconf 79' lang='lat' dir='ltr'><strong>putaveriin.</strong></span> 
     </span>
    </p>
   </div>
   <div class='ocr_carea' id='block_1_80' title="bbox 1909 3515 3472 3590">
    <p class='ocr_par' dir='ltr' id='par_1_80' title="bbox 1909 3515 3472 3590">
     <span class='ocr_line' id='line_1_80' title="bbox 1909 3515 3472 3590; baseline -0.001 -17"><span class='ocrx_word' id='word_1_626' title='bbox 1909 3519 2069 3590; x_wconf 73' lang='grc'><strong>267</strong></span> <span class='ocrx_word' id='word_1_627' title='bbox 2099 3517 2478 3588; x_wconf 82' lang='lat' dir='ltr'><strong>Cognitionem</strong></span> <span class='ocrx_word' id='word_1_628' title='bbox 2525 3516 2669 3572; x_wconf 88' lang='lat' dir='ltr'><strong>enim</strong></span> <span class='ocrx_word' id='word_1_629' title='bbox 2712 3515 3025 3572; x_wconf 89' lang='lat' dir='ltr'><strong>hominibus</strong></span> <span class='ocrx_word' id='word_1_630' title='bbox 3077 3516 3333 3572; x_wconf 85' lang='lat' dir='ltr'><strong>traditam</strong></span> <span class='ocrx_word' id='word_1_631' title='bbox 3375 3516 3472 3571; x_wconf 85' lang='lat' dir='ltr'><strong>Dei</strong></span> 
     </span>
    </p>
   </div>
   <div class='ocr_carea' id='block_1_81' title="bbox 1909 3612 3468 3684">
    <p class='ocr_par' dir='ltr' id='par_1_81' title="bbox 1909 3612 3468 3684">
     <span class='ocr_line' id='line_1_81' title="bbox 1909 3612 3468 3684; baseline 0 -16"><span class='ocrx_word' id='word_1_632' title='bbox 1909 3613 2075 3669; x_wconf 81' lang='lat' dir='ltr'><strong>Verbi</strong></span> <span class='ocrx_word' id='word_1_633' title='bbox 2134 3613 2434 3676; x_wconf 84' lang='lat' dir='ltr'><strong>admirans,</strong></span> <span class='ocrx_word' id='word_1_634' title='bbox 2485 3612 2658 3682; x_wconf 91' lang='lat' dir='ltr'><strong>ipsam</strong></span> <span class='ocrx_word' id='word_1_635' title='bbox 2709 3612 3055 3666; x_wconf 87' lang='lat' dir='ltr'><strong>clementiam</strong></span> <span class='ocrx_word' id='word_1_636' title='bbox 3107 3614 3468 3684; x_wconf 84' lang='lat' dir='ltr'><strong>obstupescit,</strong></span> 
     </span>
    </p>
   </div>
   <div class='ocr_carea' id='block_1_82' title="bbox 1907 3704 3460 3777">
    <p class='ocr_par' dir='ltr' id='par_1_82' title="bbox 1907 3704 3460 3777">
     <span class='ocr_line' id='line_1_82' title="bbox 1907 3704 3460 3777; baseline 0.001 -18"><span class='ocrx_word' id='word_1_637' title='bbox 1907 3715 2130 3777; x_wconf 86' lang='lat' dir='ltr'><strong>propter</strong></span> <span class='ocrx_word' id='word_1_638' title='bbox 2162 3721 2324 3777; x_wconf 89' lang='lat' dir='ltr'><strong>quam</strong></span> <span class='ocrx_word' id='word_1_639' title='bbox 2359 3705 2500 3760; x_wconf 80' lang='lat' dir='ltr'><strong>infra</strong></span> <span class='ocrx_word' id='word_1_640' title='bbox 2519 3704 2756 3758; x_wconf 88' lang='lat' dir='ltr'><strong>divinam</strong></span> <span class='ocrx_word' id='word_1_641' title='bbox 2788 3720 2942 3758; x_wconf 87' lang='lat' dir='ltr'><strong>suam</strong></span> <span class='ocrx_word' id='word_1_642' title='bbox 2972 3715 3222 3760; x_wconf 88' lang='lat' dir='ltr'><strong>naturam</strong></span> <span class='ocrx_word' id='word_1_643' title='bbox 3244 3706 3460 3762; x_wconf 80' lang='lat' dir='ltr'><strong>descen-</strong></span> 
     </span>
    </p>
   </div>
   <div class='ocr_carea' id='block_1_83' title="bbox 1907 3798 3473 3872">
    <p class='ocr_par' dir='ltr' id='par_1_83' title="bbox 1907 3798 3473 3872">
     <span class='ocr_line' id='line_1_83' title="bbox 1907 3798 3473 3872; baseline -0.003 -17"><span class='ocrx_word' id='word_1_644' title='bbox 1907 3802 2066 3866; x_wconf 86' lang='lat' dir='ltr'><strong>dens,</strong></span> <span class='ocrx_word' id='word_1_645' title='bbox 2101 3817 2268 3872; x_wconf 91' lang='lat' dir='ltr'><strong>seque</strong></span> <span class='ocrx_word' id='word_1_646' title='bbox 2302 3800 2481 3870; x_wconf 88' lang='lat' dir='ltr'><strong>ipsum</strong></span> <span class='ocrx_word' id='word_1_647' title='bbox 2526 3800 2762 3852; x_wconf 90' lang='lat' dir='ltr'><strong>naturali</strong></span> <span class='ocrx_word' id='word_1_648' title='bbox 2803 3813 2902 3852; x_wconf 88' lang='lat' dir='ltr'><strong>sua</strong></span> <span class='ocrx_word' id='word_1_649' title='bbox 2951 3798 3329 3867; x_wconf 88' lang='lat' dir='ltr'><strong>magnitudine</strong></span> <span class='ocrx_word' id='word_1_650' title='bbox 3372 3799 3473 3852; x_wconf 88' lang='lat' dir='ltr'><strong>mi-</strong></span> 
     </span>
    </p>
   </div>
   <div class='ocr_carea' id='block_1_84' title="bbox 1905 3889 3468 3962">
    <p class='ocr_par' dir='ltr' id='par_1_84' title="bbox 1905 3889 3468 3962">
     <span class='ocr_line' id='line_1_84' title="bbox 1905 3889 3468 3962; baseline -0.003 -14"><span class='ocrx_word' id='word_1_651' title='bbox 1905 3909 2094 3949; x_wconf 87' lang='lat' dir='ltr'><strong>norem</strong></span> <span class='ocrx_word' id='word_1_652' title='bbox 2105 3892 2369 3960; x_wconf 87' lang='lat' dir='ltr'><strong>elliciens,</strong></span> <span class='ocrx_word' id='word_1_653' title='bbox 2389 3891 2608 3962; x_wconf 88' lang='lat' dir='ltr'><strong>propria</strong></span> <span class='ocrx_word' id='word_1_654' title='bbox 2639 3891 2810 3961; x_wconf 85' lang='lat' dir='ltr'><strong>ipsius</strong></span> <span class='ocrx_word' id='word_1_655' title='bbox 2827 3889 3137 3960; x_wconf 89' lang='lat' dir='ltr'><strong>cognitione</strong></span> <span class='ocrx_word' id='word_1_656' title='bbox 3171 3889 3468 3944; x_wconf 86' lang='lat' dir='ltr'><strong>humanum</strong></span> 
     </span>
    </p>
   </div>
   <div class='ocr_carea' id='block_1_85' title="bbox 1903 3980 3469 4058">
    <p class='ocr_par' dir='ltr' id='par_1_85' title="bbox 1903 3980 3469 4058">
     <span class='ocr_line' id='line_1_85' title="bbox 1903 3980 3469 4058; baseline -0.005 -16"><span class='ocrx_word' id='word_1_657' title='bbox 1903 4002 2075 4058; x_wconf 86' lang='lat' dir='ltr'><strong>genus</strong></span> <span class='ocrx_word' id='word_1_658' title='bbox 2113 3987 2333 4056; x_wconf 83' lang='lat' dir='ltr'><strong>dignum</strong></span> <span class='ocrx_word' id='word_1_659' title='bbox 2383 3983 2732 4038; x_wconf 82' lang='lat' dir='ltr'><strong>existimavit.</strong></span> <span class='ocrx_word' id='word_1_660' title='bbox 2780 3980 2966 4051; x_wconf 86' lang='lat' dir='ltr'><strong>Itaque</strong></span> <span class='ocrx_word' id='word_1_661' title='bbox 3011 3980 3112 4035; x_wconf 87' lang='lat' dir='ltr'><strong>hoc</strong></span> <span class='ocrx_word' id='word_1_662' title='bbox 3156 3980 3274 4034; x_wconf 90' lang='lat' dir='ltr'><strong>loco</strong></span> <span class='ocrx_word' id='word_1_663' title='bbox 3327 3989 3469 4045; x_wconf 68' lang='lat' dir='ltr'><strong>orat,</strong></span> 
     </span>
    </p>
   </div>
   <div class='ocr_carea' id='block_1_86' title="bbox 1903 4071 3472 4138">
    <p class='ocr_par' dir='ltr' id='par_1_86' title="bbox 1903 4071 3472 4138">
     <span class='ocr_line' id='line_1_86' title="bbox 1903 4071 3472 4138; baseline -0.005 -4"><span class='ocrx_word' id='word_1_664' title='bbox 1903 4081 2123 4134; x_wconf 83' lang='lat' dir='ltr'><strong>dicens:</strong></span> <span class='ocrx_word' id='word_1_665' title='bbox 2161 4096 2180 4128; x_wconf 76' lang='grc' dir='ltr'><strong>ι</strong></span> <span class='ocrx_word' id='word_1_666' title='bbox 2222 4076 2471 4138; x_wconf 86' lang='lat' dir='ltr'><strong>Domine.</strong></span> <span class='ocrx_word' id='word_1_667' title='bbox 2503 4077 2706 4130; x_wconf 88' lang='lat' dir='ltr'><strong>inclina</strong></span> <span class='ocrx_word' id='word_1_668' title='bbox 2731 4076 2901 4129; x_wconf 75' lang='lat' dir='ltr'><strong>emlos</strong></span> <span class='ocrx_word' id='word_1_669' title='bbox 2934 4081 2988 4128; x_wconf 89' lang='lat' dir='ltr'><strong>et</strong></span> <span class='ocrx_word' id='word_1_670' title='bbox 3011 4071 3300 4127; x_wconf 89' lang='lat' dir='ltr'><strong>descende.</strong></span> <span class='ocrx_word' id='word_1_671' title='bbox 3331 4093 3350 4124; x_wconf 73' lang='grc' dir='ltr'><strong>ι</strong></span> <span class='ocrx_word' id='word_1_672' title='bbox 3399 4074 3472 4126; x_wconf 81' lang='lat' dir='ltr'><strong>At</strong></span> 
     </span>
    </p>
   </div>
   <div class='ocr_carea' id='block_1_87' title="bbox 1901 4163 3470 4237">
    <p class='ocr_par' dir='ltr' id='par_1_87' title="bbox 1901 4163 3470 4237">
     <span class='ocr_line' id='line_1_87' title="bbox 1901 4163 3470 4237; baseline -0.005 -11"><span class='ocrx_word' id='word_1_673' title='bbox 1901 4172 2045 4226; x_wconf 88' lang='lat' dir='ltr'><strong>enim</strong></span> <span class='ocrx_word' id='word_1_674' title='bbox 2079 4171 2132 4222; x_wconf 91' lang='lat' dir='ltr'><strong>in</strong></span> <span class='ocrx_word' id='word_1_675' title='bbox 2165 4169 2377 4222; x_wconf 90' lang='lat' dir='ltr'><strong>decimo</strong></span> <span class='ocrx_word' id='word_1_676' title='bbox 2405 4169 2634 4236; x_wconf 86' lang='lat' dir='ltr'><strong>septimo</strong></span> <span class='ocrx_word' id='word_1_677' title='bbox 2664 4168 2874 4237; x_wconf 87' lang='lat' dir='ltr'><strong>psalmo</strong></span> <span class='ocrx_word' id='word_1_678' title='bbox 2903 4167 2945 4196; x_wconf 83' lang='lat'>“</span> <span class='ocrx_word' id='word_1_679' title='bbox 2970 4164 3177 4218; x_wconf 90' lang='lat' dir='ltr'><strong>dictum</strong></span> <span class='ocrx_word' id='word_1_680' title='bbox 3210 4171 3325 4219; x_wconf 88' lang='lat' dir='ltr'><strong>est:</strong></span> <span class='ocrx_word' id='word_1_681' title='bbox 3359 4182 3378 4214; x_wconf 73' lang='grc' dir='ltr'><strong>ι</strong></span> <span class='ocrx_word' id='word_1_682' title='bbox 3402 4163 3470 4218; x_wconf 87' lang='lat' dir='ltr'><strong>Et</strong></span> 
     </span>
    </p>
   </div>
   <div class='ocr_carea' id='block_1_88' title="bbox 220 4255 1806 4361">
    <p class='ocr_par' dir='ltr' id='par_1_88' title="bbox 220 4271 1791 4350">
     <span class='ocr_line' id='line_1_88' title="bbox 220 4271 1791 4350; baseline -0.003 -18"><span class='ocrx_word' id='word_1_683' title='bbox 220 4280 396 4350; x_wconf 77' lang='grc' dir='ltr'>τὰσθη</span> <span class='ocrx_word' id='word_1_684' title='bbox 425 4280 516 4331; x_wconf 72' lang='grc' dir='ltr'><strong>ἐπὶ</strong></span> <span class='ocrx_word' id='word_1_685' title='bbox 537 4279 819 4350; x_wconf 76' lang='grc' dir='ltr'>πτερύγων</span> <span class='ocrx_word' id='word_1_686' title='bbox 852 4281 1086 4349; x_wconf 82' lang='grc' dir='ltr'>ἀνέμων.</span> <span class='ocrx_word' id='word_1_687' title='bbox 1116 4298 1133 4329; x_wconf 74' lang='grc' dir='ltr'><strong>ι</strong></span> <span class='ocrx_word' id='word_1_688' title='bbox 1163 4280 1240 4329; x_wconf 87' lang='grc' dir='ltr'><strong>Δι’</strong></span> <span class='ocrx_word' id='word_1_689' title='bbox 1265 4271 1342 4331; x_wconf 85' lang='grc' dir='ltr'>ὧν</span> <span class='ocrx_word' id='word_1_690' title='bbox 1371 4278 1438 4330; x_wconf 76' lang='grc' dir='ltr'>τὰ</span> <span class='ocrx_word' id='word_1_691' title='bbox 1464 4277 1564 4346; x_wconf 76' lang='grc' dir='ltr'>τῆς</span> <span class='ocrx_word' id='word_1_692' title='bbox 1585 4276 1791 4340; x_wconf 78' lang='grc' dir='ltr'>ἀνόδου,</span> 
     </span>
    </p>
   </div>
   <div class='ocr_carea' id='block_1_89' title="bbox 1914 4255 3469 4361">
    <p class='ocr_par' dir='ltr' id='par_1_89' title="bbox 1914 4255 3469 4324">
     <span class='ocr_line' id='line_1_89' title="bbox 1914 4255 3469 4324; baseline -0.003 -9"><span class='ocrx_word' id='word_1_693' title='bbox 1914 4259 2189 4315; x_wconf 78' lang='lat' dir='ltr'><strong>inclinavit</strong></span> <span class='ocrx_word' id='word_1_694' title='bbox 2215 4258 2388 4312; x_wconf 74' lang='lat' dir='ltr'><strong>ccelos</strong></span> <span class='ocrx_word' id='word_1_695' title='bbox 2409 4266 2463 4311; x_wconf 90' lang='lat' dir='ltr'><strong>et</strong></span> <span class='ocrx_word' id='word_1_696' title='bbox 2489 4257 2792 4319; x_wconf 88' lang='lat' dir='ltr'><strong>descendit,</strong></span> <span class='ocrx_word' id='word_1_697' title='bbox 2820 4263 2873 4309; x_wconf 92' lang='lat' dir='ltr'><strong>et</strong></span> <span class='ocrx_word' id='word_1_698' title='bbox 2898 4255 3075 4322; x_wconf 84' lang='lat' dir='ltr'><strong>caligo</strong></span> <span class='ocrx_word' id='word_1_699' title='bbox 3105 4255 3208 4309; x_wconf 89' lang='lat' dir='ltr'><strong>sub</strong></span> <span class='ocrx_word' id='word_1_700' title='bbox 3237 4255 3469 4324; x_wconf 87' lang='lat' dir='ltr'><strong>pedibus</strong></span> 
     </span>
    </p>
   </div>
   <div class='ocr_carea' id='block_1_90' title="bbox 221 4367 1795 4442">
    <p class='ocr_par' dir='ltr' id='par_1_90' title="bbox 221 4367 1795 4442">
     <span class='ocr_line' id='line_1_90' title="bbox 221 4367 1795 4442; baseline -0.002 -20"><span class='ocrx_word' id='word_1_701' title='bbox 221 4373 288 4440; x_wconf 72' lang='grc' dir='ltr'>ἣν</span> <span class='ocrx_word' id='word_1_702' title='bbox 309 4371 420 4424; x_wconf 69' lang='grc' dir='ltr'>ἀπὸ</span> <span class='ocrx_word' id='word_1_703' title='bbox 446 4370 547 4439; x_wconf 73' lang='grc' dir='ltr'>γῆς</span> <span class='ocrx_word' id='word_1_704' title='bbox 570 4372 648 4434; x_wconf 76' lang='grc' dir='ltr'>εἰς</span> <span class='ocrx_word' id='word_1_705' title='bbox 676 4371 936 4442; x_wconf 74' lang='grc' dir='ltr'>οὐρανοὺς</span> <span class='ocrx_word' id='word_1_706' title='bbox 967 4372 1280 4440; x_wconf 78' lang='grc' dir='ltr'>ἐποιήσατο,</span> <span class='ocrx_word' id='word_1_707' title='bbox 1318 4367 1579 4431; x_wconf 74' lang='grc' dir='ltr'>θεσπίζει.</span> <span class='ocrx_word' id='word_1_708' title='bbox 1612 4368 1795 4430; x_wconf 87' lang='grc' dir='ltr'>Ὅπως</span> 
     </span>
    </p>
   </div>
   <div class='ocr_carea' id='block_1_91' title="bbox 218 4459 1793 4534">
    <p class='ocr_par' dir='ltr' id='par_1_91' title="bbox 218 4459 1793 4534">
     <span class='ocr_line' id='line_1_91' title="bbox 218 4459 1793 4534; baseline -0.004 -17"><span class='ocrx_word' id='word_1_709' title='bbox 218 4465 276 4517; x_wconf 72' lang='grc' dir='ltr'><strong>δὲ</strong></span> <span class='ocrx_word' id='word_1_710' title='bbox 305 4463 532 4516; x_wconf 63' lang='grc' dir='ltr'>καθοὼν</span> <span class='ocrx_word' id='word_1_711' title='bbox 558 4464 662 4534; x_wconf 80' lang='grc' dir='ltr'><strong>χρὴ</strong></span> <span class='ocrx_word' id='word_1_712' title='bbox 688 4467 829 4516; x_wconf 84' lang='grc' dir='ltr'>νοεῖν</span> <span class='ocrx_word' id='word_1_713' title='bbox 866 4465 959 4516; x_wconf 78' lang='grc' dir='ltr'>καὶ</span> <span class='ocrx_word' id='word_1_714' title='bbox 989 4463 1172 4517; x_wconf 82' lang='grc' dir='ltr'>ἄνοδον</span> <span class='ocrx_word' id='word_1_715' title='bbox 1211 4461 1302 4514; x_wconf 90' lang='grc' dir='ltr'><strong>τοῦ</strong></span> <span class='ocrx_word' id='word_1_716' title='bbox 1343 4459 1478 4514; x_wconf 87' lang='grc' dir='ltr'>Θεοῦ</span> <span class='ocrx_word' id='word_1_717' title='bbox 1508 4460 1702 4528; x_wconf 82' lang='grc' dir='ltr'>Λόγου,</span> <span class='ocrx_word' id='word_1_718' title='bbox 1733 4460 1793 4511; x_wconf 85' lang='grc' dir='ltr'><strong>οὑ</strong></span> 
     </span>
    </p>
   </div>
   <div class='ocr_carea' id='block_1_92' title="bbox 215 4547 1796 4624">
    <p class='ocr_par' dir='ltr' id='par_1_92' title="bbox 215 4547 1796 4624">
     <span class='ocr_line' id='line_1_92' title="bbox 215 4547 1796 4624; baseline -0.005 -17"><span class='ocrx_word' id='word_1_719' title='bbox 215 4553 464 4617; x_wconf 80' lang='grc' dir='ltr'>τοπικῶς</span> <span class='ocrx_word' id='word_1_720' title='bbox 521 4553 844 4624; x_wconf 79' lang='grc' dir='ltr'>μεταϐάσεις</span> <span class='ocrx_word' id='word_1_721' title='bbox 885 4552 1204 4622; x_wconf 87' lang='grc' dir='ltr'>ποιουμένου</span> <span class='ocrx_word' id='word_1_722' title='bbox 1229 4590 1243 4613; x_wconf 89' lang='grc'><strong>,</strong></span> <span class='ocrx_word' id='word_1_723' title='bbox 1282 4549 1552 4621; x_wconf 81' lang='grc' dir='ltr'>τροπικῶς</span> <span class='ocrx_word' id='word_1_724' title='bbox 1599 4548 1654 4601; x_wconf 76' lang='grc' dir='ltr'>δὲ</span> <span class='ocrx_word' id='word_1_725' title='bbox 1698 4547 1796 4608; x_wconf 70' lang='grc' dir='ltr'>τὰς</span> 
     </span>
    </p>
   </div>
   <div class='ocr_carea' id='block_1_93' title="bbox 217 4641 1793 4714">
    <p class='ocr_par' dir='ltr' id='par_1_93' title="bbox 217 4641 1793 4714">
     <span class='ocr_line' id='line_1_93' title="bbox 217 4641 1793 4714; baseline -0.004 -19"><span class='ocrx_word' id='word_1_726' title='bbox 217 4645 434 4698; x_wconf 74' lang='grc' dir='ltr'>τοιάσδε</span> <span class='ocrx_word' id='word_1_727' title='bbox 459 4645 766 4714; x_wconf 75' lang='grc' dir='ltr'>οἰκονομίας</span> <span class='ocrx_word' id='word_1_728' title='bbox 800 4643 962 4696; x_wconf 82' lang='grc' dir='ltr'>αὑτοῦ</span> <span class='ocrx_word' id='word_1_729' title='bbox 987 4642 1172 4696; x_wconf 89' lang='grc' dir='ltr'>τοῦτον</span> <span class='ocrx_word' id='word_1_730' title='bbox 1200 4643 1298 4711; x_wconf 76' lang='grc' dir='ltr'>τῆς</span> <span class='ocrx_word' id='word_1_731' title='bbox 1325 4641 1546 4712; x_wconf 73' lang='grc' dir='ltr'>Γραφῆς</span> <span class='ocrx_word' id='word_1_732' title='bbox 1584 4641 1793 4692; x_wconf 84' lang='grc' dir='ltr'>ἀποκα-</span> 
     </span>
    </p>
   </div>
   <div class='ocr_carea' id='block_1_94' title="bbox 219 4728 1790 4808">
    <p class='ocr_par' dir='ltr' id='par_1_94' title="bbox 219 4728 1790 4808">
     <span class='ocr_line' id='line_1_94' title="bbox 219 4728 1790 4808; baseline -0.006 -20"><span class='ocrx_word' id='word_1_733' title='bbox 219 4737 421 4807; x_wconf 75' lang='grc' dir='ltr'>λοὺσης</span> <span class='ocrx_word' id='word_1_734' title='bbox 457 4737 544 4788; x_wconf 74' lang='grc' dir='ltr'><strong>τὸν</strong></span> <span class='ocrx_word' id='word_1_735' title='bbox 580 4738 814 4808; x_wconf 76' lang='grc' dir='ltr'>τρόπον,</span> <span class='ocrx_word' id='word_1_736' title='bbox 856 4738 942 4788; x_wconf 79' lang='grc' dir='ltr'>ἐπ’</span> <span class='ocrx_word' id='word_1_737' title='bbox 973 4736 1177 4798; x_wconf 81' lang='grc' dir='ltr'>οἰκείας</span> <span class='ocrx_word' id='word_1_738' title='bbox 1214 4732 1563 4802; x_wconf 82' lang='grc' dir='ltr'>ἀποδώσομεν</span> <span class='ocrx_word' id='word_1_739' title='bbox 1579 4728 1790 4800; x_wconf 79' lang='grc' dir='ltr'>σχολῆς.</span> 
     </span>
    </p>
   </div>
   <div class='ocr_carea' id='block_1_95' title="bbox 223 4823 1795 4902">
    <p class='ocr_par' dir='ltr' id='par_1_95' title="bbox 223 4823 1795 4902">
     <span class='ocr_line' id='line_1_95' title="bbox 223 4823 1795 4902; baseline -0.008 -18"><span class='ocrx_word' id='word_1_740' title='bbox 223 4832 378 4884; x_wconf 80' lang='grc' dir='ltr'>Ἔδει</span> <span class='ocrx_word' id='word_1_741' title='bbox 405 4831 460 4882; x_wconf 82' lang='grc' dir='ltr'>δὲ</span> <span class='ocrx_word' id='word_1_742' title='bbox 493 4829 856 4902; x_wconf 74' lang='grc' dir='ltr'>μνημονεῦσαι</span> <span class='ocrx_word' id='word_1_743' title='bbox 881 4831 936 4882; x_wconf 83' lang='grc' dir='ltr'><strong>ἐν</strong></span> <span class='ocrx_word' id='word_1_744' title='bbox 962 4829 1166 4891; x_wconf 81' lang='grc' dir='ltr'>τούτοις</span> <span class='ocrx_word' id='word_1_745' title='bbox 1197 4828 1291 4880; x_wconf 75' lang='grc' dir='ltr'><strong>καὶ</strong></span> <span class='ocrx_word' id='word_1_746' title='bbox 1315 4827 1412 4896; x_wconf 80' lang='grc' dir='ltr'>τῆς</span> <span class='ocrx_word' id='word_1_747' title='bbox 1439 4823 1648 4892; x_wconf 75' lang='grc' dir='ltr'>Καινῆς</span> <span class='ocrx_word' id='word_1_748' title='bbox 1672 4825 1795 4873; x_wconf 81' lang='grc' dir='ltr'>Δια-</span> 
     </span>
    </p>
   </div>
   <div class='ocr_carea' id='block_1_96' title="bbox 220 4913 1796 4994">
    <p class='ocr_par' dir='ltr' id='par_1_96' title="bbox 220 4913 1796 4994">
     <span class='ocr_line' id='line_1_96' title="bbox 220 4913 1796 4994; baseline -0.007 -18"><span class='ocrx_word' id='word_1_749' title='bbox 220 4923 420 4994; x_wconf 70' lang='grc' dir='ltr'>θήκης,</span> <span class='ocrx_word' id='word_1_750' title='bbox 453 4925 519 4993; x_wconf 78' lang='grc' dir='ltr'>ἣν</span> <span class='ocrx_word' id='word_1_751' title='bbox 543 4922 758 4992; x_wconf 76' lang='grc' dir='ltr'>ἔμελλεν</span> <span class='ocrx_word' id='word_1_752' title='bbox 782 4924 816 4993; x_wconf 82' lang='grc' dir='ltr'>ἡ</span> <span class='ocrx_word' id='word_1_753' title='bbox 844 4921 936 4974; x_wconf 80' lang='grc' dir='ltr'><strong>τοῦ</strong></span> <span class='ocrx_word' id='word_1_754' title='bbox 963 4919 1196 4993; x_wconf 85' lang='grc' dir='ltr'>Χριστοῦ</span> <span class='ocrx_word' id='word_1_755' title='bbox 1233 4917 1500 4990; x_wconf 81' lang='grc' dir='ltr'>παρουσία</span> <span class='ocrx_word' id='word_1_756' title='bbox 1532 4913 1796 4987; x_wconf 77' lang='grc' dir='ltr'>προξενή-</span> 
     </span>
    </p>
   </div>
   <div class='ocr_carea' id='block_1_97' title="bbox 219 5005 1791 5086">
    <p class='ocr_par' dir='ltr' id='par_1_97' title="bbox 219 5005 1791 5086">
     <span class='ocr_line' id='line_1_97' title="bbox 219 5005 1791 5086; baseline -0.009 -16"><span class='ocrx_word' id='word_1_757' title='bbox 219 5033 340 5070; x_wconf 83' lang='grc' dir='ltr'>σειν</span> <span class='ocrx_word' id='word_1_758' title='bbox 365 5014 685 5086; x_wconf 75' lang='grc' dir='ltr'>ἀνθρώποις·</span> <span class='ocrx_word' id='word_1_759' title='bbox 712 5015 847 5084; x_wconf 75' lang='grc' dir='ltr'>αὕτη</span> <span class='ocrx_word' id='word_1_760' title='bbox 875 5014 930 5066; x_wconf 86' lang='grc' dir='ltr'><strong>δέ</strong></span> <span class='ocrx_word' id='word_1_761' title='bbox 957 5016 1100 5066; x_wconf 83' lang='grc' dir='ltr'>ἐστιν</span> <span class='ocrx_word' id='word_1_762' title='bbox 1124 5015 1157 5084; x_wconf 78' lang='grc' dir='ltr'>ἡ</span> <span class='ocrx_word' id='word_1_763' title='bbox 1185 5010 1359 5082; x_wconf 80' lang='grc' dir='ltr'>Καινὴ</span> <span class='ocrx_word' id='word_1_764' title='bbox 1384 5008 1620 5079; x_wconf 78' lang='grc' dir='ltr'>Διαθήκη</span> <span class='ocrx_word' id='word_1_765' title='bbox 1657 5005 1791 5076; x_wconf 84' lang='grc' dir='ltr'><strong>μετὰ</strong></span> 
     </span>
    </p>
   </div>
   <div class='ocr_carea' id='block_1_98' title="bbox 221 5096 1788 5178">
    <p class='ocr_par' dir='ltr' id='par_1_98' title="bbox 221 5096 1788 5178">
     <span class='ocr_line' id='line_1_98' title="bbox 221 5096 1788 5178; baseline -0.006 -21"><span class='ocrx_word' id='word_1_766' title='bbox 221 5107 322 5178; x_wconf 73' lang='grc' dir='ltr'><strong>τὴν</strong></span> <span class='ocrx_word' id='word_1_767' title='bbox 358 5106 594 5159; x_wconf 76' lang='grc' dir='ltr'>Παλαιὰν</span> <span class='ocrx_word' id='word_1_768' title='bbox 620 5106 724 5160; x_wconf 85' lang='grc' dir='ltr'><strong>ὑπὸ</strong></span> <span class='ocrx_word' id='word_1_769' title='bbox 752 5103 985 5176; x_wconf 87' lang='grc' dir='ltr'>Χριστοῦ</span> <span class='ocrx_word' id='word_1_770' title='bbox 1012 5104 1143 5155; x_wconf 78' lang='grc' dir='ltr'>πᾶσι</span> <span class='ocrx_word' id='word_1_771' title='bbox 1169 5104 1277 5165; x_wconf 88' lang='grc' dir='ltr'>τοῖς</span> <span class='ocrx_word' id='word_1_772' title='bbox 1311 5100 1484 5152; x_wconf 77' lang='grc' dir='ltr'>ἔθνεσι</span> <span class='ocrx_word' id='word_1_773' title='bbox 1509 5096 1788 5168; x_wconf 83' lang='grc' dir='ltr'>δεδομένη.</span> 
     </span>
    </p>
   </div>
   <div class='ocr_carea' id='block_1_99' title="bbox 217 5189 1788 5272">
    <p class='ocr_par' dir='ltr' id='par_1_99' title="bbox 217 5189 1788 5272">
     <span class='ocr_line' id='line_1_99' title="bbox 217 5189 1788 5272; baseline -0.008 -20"><span class='ocrx_word' id='word_1_774' title='bbox 217 5200 313 5252; x_wconf 79' lang='grc' dir='ltr'>Διό</span> <span class='ocrx_word' id='word_1_775' title='bbox 332 5218 462 5270; x_wconf 70' lang='grc' dir='ltr'>φησι</span> <span class='ocrx_word' id='word_1_776' title='bbox 481 5201 540 5253; x_wconf 81' lang='grc' dir='ltr'><strong>τὸ</strong></span> <span class='ocrx_word' id='word_1_777' title='bbox 565 5201 701 5271; x_wconf 77' lang='grc' dir='ltr'>μετὰ</span> <span class='ocrx_word' id='word_1_778' title='bbox 722 5204 904 5272; x_wconf 84' lang='grc' dir='ltr'>χεῖρας</span> <span class='ocrx_word' id='word_1_779' title='bbox 931 5198 1156 5266; x_wconf 77' lang='grc' dir='ltr'>λόγιον-ι</span> <span class='ocrx_word' id='word_1_780' title='bbox 1179 5197 1236 5248; x_wconf 81' lang='lat'><strong>&#39;0</strong></span> <span class='ocrx_word' id='word_1_781' title='bbox 1252 5195 1403 5257; x_wconf 86' lang='grc' dir='ltr'>Θεὸς,</span> <span class='ocrx_word' id='word_1_782' title='bbox 1431 5192 1573 5263; x_wconf 78' lang='grc' dir='ltr'>ᾠδὴν</span> <span class='ocrx_word' id='word_1_783' title='bbox 1598 5189 1788 5260; x_wconf 83' lang='grc' dir='ltr'>καινὴν</span> 
     </span>
    </p>
   </div>
   <div class='ocr_carea' id='block_1_100' title="bbox 216 5283 1793 5363">
    <p class='ocr_par' dir='ltr' id='par_1_100' title="bbox 216 5283 1793 5363">
     <span class='ocr_line' id='line_1_100' title="bbox 216 5283 1793 5363; baseline -0.01 -20"><span class='ocrx_word' id='word_1_784' title='bbox 216 5291 428 5363; x_wconf 82' lang='grc' dir='ltr'>ᾁσομαί</span> <span class='ocrx_word' id='word_1_785' title='bbox 463 5308 562 5344; x_wconf 79' lang='grc' dir='ltr'>σοι.</span> <span class='ocrx_word' id='word_1_786' title='bbox 602 5311 621 5341; x_wconf 73' lang='grc' dir='ltr'><strong>ι</strong></span> <span class='ocrx_word' id='word_1_787' title='bbox 658 5293 730 5344; x_wconf 82' lang='grc' dir='ltr'><strong>Τὸ</strong></span> <span class='ocrx_word' id='word_1_788' title='bbox 763 5291 838 5354; x_wconf 81' lang='grc' dir='ltr'>δὲ,</span> <span class='ocrx_word' id='word_1_789' title='bbox 880 5312 896 5340; x_wconf 80' lang='grc' dir='ltr'><strong>ι</strong></span> <span class='ocrx_word' id='word_1_790' title='bbox 923 5291 1089 5358; x_wconf 45' lang='lat' dir='ltr'><strong>&quot;Atiam</strong></span> <span class='ocrx_word' id='word_1_791' title='bbox 1120 5288 1227 5340; x_wconf 80' lang='grc' dir='ltr'>τῶν</span> <span class='ocrx_word' id='word_1_792' title='bbox 1245 5283 1438 5356; x_wconf 81' lang='grc' dir='ltr'>ὀρέων,</span> <span class='ocrx_word' id='word_1_793' title='bbox 1473 5285 1565 5336; x_wconf 72' lang='grc' dir='ltr'><strong>καὶ</strong></span> <span class='ocrx_word' id='word_1_794' title='bbox 1600 5295 1793 5331; x_wconf 85' lang='grc' dir='ltr'>καπνι-</span> 
     </span>
    </p>
   </div>
   <div class='ocr_carea' id='block_1_101' title="bbox 217 5373 1788 5454">
    <p class='ocr_par' dir='ltr' id='par_1_101' title="bbox 217 5373 1788 5454">
     <span class='ocr_line' id='line_1_101' title="bbox 217 5373 1788 5454; baseline -0.01 -16"><span class='ocrx_word' id='word_1_795' title='bbox 217 5384 530 5454; x_wconf 78' lang='grc' dir='ltr'>σθήσονται,</span> <span class='ocrx_word' id='word_1_796' title='bbox 546 5401 563 5433; x_wconf 76' lang='grc' dir='ltr'><strong>ι</strong></span> <span class='ocrx_word' id='word_1_797' title='bbox 591 5382 918 5436; x_wconf 78' lang='grc' dir='ltr'>αἰνίττεσθαι</span> <span class='ocrx_word' id='word_1_798' title='bbox 934 5381 1167 5453; x_wconf 76' lang='grc' dir='ltr'>ἡγοῦμαι</span> <span class='ocrx_word' id='word_1_799' title='bbox 1181 5373 1506 5449; x_wconf 72' lang='grc' dir='ltr'>ἐμπρησμὸν</span> <span class='ocrx_word' id='word_1_800' title='bbox 1534 5374 1624 5425; x_wconf 82' lang='grc' dir='ltr'><strong>καὶ</strong></span> <span class='ocrx_word' id='word_1_801' title='bbox 1645 5373 1788 5439; x_wconf 79' lang='grc' dir='ltr'><strong>ἁφα-</strong></span> 
     </span>
    </p>
   </div>
   <div class='ocr_carea' id='block_1_102' title="bbox 216 5462 1789 5547">
    <p class='ocr_par' dir='ltr' id='par_1_102' title="bbox 216 5462 1789 5547">
     <span class='ocr_line' id='line_1_102' title="bbox 216 5462 1789 5547; baseline -0.013 -15"><span class='ocrx_word' id='word_1_802' title='bbox 216 5478 413 5547; x_wconf 67' lang='grc' dir='ltr'>νισμὶιν</span> <span class='ocrx_word' id='word_1_803' title='bbox 437 5478 610 5547; x_wconf 74' lang='grc' dir='ltr'>πάσης</span> <span class='ocrx_word' id='word_1_804' title='bbox 627 5474 1078 5545; x_wconf 83' lang='grc' dir='ltr'>είδωλολατρείας,</span> <span class='ocrx_word' id='word_1_805' title='bbox 1105 5471 1223 5540; x_wconf 79' lang='grc' dir='ltr'>ἥτις</span> <span class='ocrx_word' id='word_1_806' title='bbox 1242 5468 1390 5540; x_wconf 72' lang='grc' dir='ltr'>παρὰ</span> <span class='ocrx_word' id='word_1_807' title='bbox 1403 5469 1513 5529; x_wconf 84' lang='grc' dir='ltr'>τοῖς</span> <span class='ocrx_word' id='word_1_808' title='bbox 1542 5462 1789 5524; x_wconf 85' lang='grc' dir='ltr'>παλαιοῖς</span> 
     </span>
    </p>
   </div>
   <div class='ocr_carea' id='block_1_103' title="bbox 331 5563 1483 5633">
    <p class='ocr_par' dir='ltr' id='par_1_103' title="bbox 331 5563 1483 5633">
     <span class='ocr_line' id='line_1_103' title="bbox 331 5563 1483 5633; baseline -0.005 -11"><span class='ocrx_word' id='word_1_809' title='bbox 331 5571 378 5603; x_wconf 74' lang='grc'><strong>³⁸</strong></span> <span class='ocrx_word' id='word_1_810' title='bbox 410 5569 549 5624; x_wconf 84' lang='lat' dir='ltr'><strong>Psal.</strong></span> <span class='ocrx_word' id='word_1_811' title='bbox 582 5585 747 5633; x_wconf 74' lang='lat' dir='ltr'><strong>exvit,</strong></span> <span class='ocrx_word' id='word_1_812' title='bbox 779 5569 866 5624; x_wconf 72' lang='lat'><strong>‘26.</strong></span> <span class='ocrx_word' id='word_1_813' title='bbox 981 5567 1021 5598; x_wconf 83' lang='grc'><strong>³⁷</strong></span> <span class='ocrx_word' id='word_1_814' title='bbox 1056 5565 1244 5618; x_wconf 81' lang='lat' dir='ltr'><strong>Matth.</strong></span> <span class='ocrx_word' id='word_1_815' title='bbox 1282 5580 1395 5630; x_wconf 66' lang='lat' dir='ltr'><strong>rm,</strong></span> <span class='ocrx_word' id='word_1_816' title='bbox 1429 5563 1483 5618; x_wconf 87' lang='lat'><strong>9.</strong></span> 
     </span>
    </p>
   </div>
   <div class='ocr_carea' id='block_1_104' title="bbox 218 5641 436 5704">
    <p class='ocr_par' dir='ltr' id='par_1_104' title="bbox 218 5641 436 5704">
     <span class='ocr_line' id='line_1_104' title="bbox 218 5641 436 5704; baseline -0.009 -8"><span class='ocrx_word' id='word_1_817' title='bbox 218 5645 309 5704; x_wconf 73' lang='grc'>10,</span> <span class='ocrx_word' id='word_1_818' title='bbox 357 5641 436 5700; x_wconf 83' lang='grc' dir='ltr'>Η.</span> 
     </span>
    </p>
   </div>
   <div class='ocr_carea' id='block_1_105' title="bbox 501 5725 1180 5793">
    <p class='ocr_par' dir='ltr' id='par_1_105' title="bbox 501 5725 1180 5793">
     <span class='ocr_line' id='line_1_105' title="bbox 501 5725 1180 5793; baseline -0.013 0"><span class='ocrx_word' id='word_1_819' title='bbox 501 5735 762 5793; x_wconf 56' lang='lat' dir='ltr'><strong>Pyrno!“</strong></span> <span class='ocrx_word' id='word_1_820' title='bbox 810 5730 926 5791; x_wconf 72' lang='lat' dir='ltr'><strong>GR.</strong></span> <span class='ocrx_word' id='word_1_821' title='bbox 976 5725 1180 5787; x_wconf 73' lang='lat' dir='ltr'><strong>XXII.</strong></span> 
     </span>
    </p>
   </div>
   <div class='ocr_carea' id='block_1_106' title="bbox 1559 5553 2006 5621">
    <p class='ocr_par' dir='ltr' id='par_1_106' title="bbox 1559 5553 2006 5621">
     <span class='ocr_line' id='line_1_106' title="bbox 1559 5553 2006 5621; baseline -0.011 -8"><span class='ocrx_word' id='word_1_822' title='bbox 1559 5561 1602 5591; x_wconf 76' lang='grc'><strong>³⁸</strong></span> <span class='ocrx_word' id='word_1_823' title='bbox 1634 5557 1792 5612; x_wconf 79' lang='lat' dir='ltr'><strong>Joan.</strong></span> <span class='ocrx_word' id='word_1_824' title='bbox 1831 5571 1884 5621; x_wconf 90' lang='lat' dir='ltr'><strong>v,</strong></span> <span class='ocrx_word' id='word_1_825' title='bbox 1917 5553 2006 5608; x_wconf 72' lang='grc'><strong>45.</strong></span> 
     </span>
    </p>
   </div>
   <div class='ocr_carea' id='block_1_107' title="bbox 1900 4346 3470 4422">
    <p class='ocr_par' dir='ltr' id='par_1_107' title="bbox 1900 4346 3470 4422">
     <span class='ocr_line' id='line_1_107' title="bbox 1900 4346 3470 4422; baseline -0.003 -14"><span class='ocrx_word' id='word_1_826' title='bbox 1900 4353 2058 4422; x_wconf 87' lang='lat' dir='ltr'><strong>ejus:</strong></span> <span class='ocrx_word' id='word_1_827' title='bbox 2095 4360 2150 4406; x_wconf 94' lang='lat' dir='ltr'><strong>et</strong></span> <span class='ocrx_word' id='word_1_828' title='bbox 2173 4350 2421 4406; x_wconf 88' lang='lat' dir='ltr'><strong>ascendit</strong></span> <span class='ocrx_word' id='word_1_829' title='bbox 2453 4364 2616 4418; x_wconf 87' lang='lat' dir='ltr'><strong>super</strong></span> <span class='ocrx_word' id='word_1_830' title='bbox 2648 4347 2948 4407; x_wconf 86' lang='lat' dir='ltr'><strong>cherubim,</strong></span> <span class='ocrx_word' id='word_1_831' title='bbox 2974 4355 3027 4400; x_wconf 92' lang='lat' dir='ltr'><strong>et</strong></span> <span class='ocrx_word' id='word_1_832' title='bbox 3055 4346 3289 4401; x_wconf 88' lang='lat' dir='ltr'><strong>volavit:</strong></span> <span class='ocrx_word' id='word_1_833' title='bbox 3325 4349 3470 4404; x_wconf 85' lang='lat' dir='ltr'><strong>vola-</strong></span> 
     </span>
    </p>
   </div>
   <div class='ocr_carea' id='block_1_108' title="bbox 1898 4441 3464 4517">
    <p class='ocr_par' dir='ltr' id='par_1_108' title="bbox 1898 4441 3464 4517">
     <span class='ocr_line' id='line_1_108' title="bbox 1898 4441 3464 4517; baseline -0.004 -14"><span class='ocrx_word' id='word_1_834' title='bbox 1898 4450 1977 4503; x_wconf 88' lang='lat' dir='ltr'><strong>vit</strong></span> <span class='ocrx_word' id='word_1_835' title='bbox 2029 4463 2192 4517; x_wconf 87' lang='lat' dir='ltr'><strong>super</strong></span> <span class='ocrx_word' id='word_1_836' title='bbox 2233 4460 2443 4515; x_wconf 90' lang='lat' dir='ltr'><strong>pennas</strong></span> <span class='ocrx_word' id='word_1_837' title='bbox 2472 4453 2778 4498; x_wconf 87' lang='lat' dir='ltr'><strong>ventorum.</strong></span> <span class='ocrx_word' id='word_1_838' title='bbox 2843 4441 2944 4496; x_wconf 68' lang='lat' dir='ltr'><strong>)In</strong></span> <span class='ocrx_word' id='word_1_839' title='bbox 3003 4441 3205 4512; x_wconf 86' lang='lat' dir='ltr'><strong>quibus</strong></span> <span class='ocrx_word' id='word_1_840' title='bbox 3263 4443 3464 4507; x_wconf 89' lang='lat' dir='ltr'><strong>verbis,</strong></span> 
     </span>
    </p>
   </div>
   <div class='ocr_carea' id='block_1_109' title="bbox 1899 4534 3466 4610">
    <p class='ocr_par' dir='ltr' id='par_1_109' title="bbox 1899 4534 3466 4610">
     <span class='ocr_line' id='line_1_109' title="bbox 1899 4534 3466 4610; baseline -0.004 -15"><span class='ocrx_word' id='word_1_841' title='bbox 1899 4557 1966 4595; x_wconf 90' lang='lat' dir='ltr'><strong>ea</strong></span> <span class='ocrx_word' id='word_1_842' title='bbox 2009 4555 2128 4610; x_wconf 69' lang='lat' dir='ltr'><strong>qua:</strong></span> <span class='ocrx_word' id='word_1_843' title='bbox 2166 4537 2233 4591; x_wconf 92' lang='lat' dir='ltr'><strong>ad</strong></span> <span class='ocrx_word' id='word_1_844' title='bbox 2277 4551 2569 4591; x_wconf 84' lang='lat' dir='ltr'><strong>ascensum</strong></span> <span class='ocrx_word' id='word_1_845' title='bbox 2605 4542 2873 4605; x_wconf 88' lang='lat' dir='ltr'><strong>spectant,</strong></span> <span class='ocrx_word' id='word_1_846' title='bbox 2926 4549 3036 4604; x_wconf 91' lang='lat' dir='ltr'><strong>quo</strong></span> <span class='ocrx_word' id='word_1_847' title='bbox 3078 4534 3146 4588; x_wconf 90' lang='lat' dir='ltr'><strong>de</strong></span> <span class='ocrx_word' id='word_1_848' title='bbox 3191 4545 3338 4588; x_wconf 89' lang='lat' dir='ltr'><strong>terra</strong></span> <span class='ocrx_word' id='word_1_849' title='bbox 3397 4535 3466 4588; x_wconf 85' lang='lat' dir='ltr'><strong>ad</strong></span> 
     </span>
    </p>
   </div>
   <div class='ocr_carea' id='block_1_110' title="bbox 1901 4627 3461 4698">
    <p class='ocr_par' dir='ltr' id='par_1_110' title="bbox 1901 4627 3461 4698">
     <span class='ocr_line' id='line_1_110' title="bbox 1901 4627 3461 4698; baseline -0.007 -9"><span class='ocrx_word' id='word_1_850' title='bbox 1901 4635 2099 4690; x_wconf 72' lang='lat' dir='ltr'><strong>coelum</strong></span> <span class='ocrx_word' id='word_1_851' title='bbox 2135 4647 2193 4687; x_wconf 85' lang='lat' dir='ltr'><strong>se</strong></span> <span class='ocrx_word' id='word_1_852' title='bbox 2217 4631 2458 4692; x_wconf 84' lang='lat' dir='ltr'><strong>sustulit,</strong></span> <span class='ocrx_word' id='word_1_853' title='bbox 2491 4629 2728 4682; x_wconf 89' lang='lat' dir='ltr'><strong>divinat:</strong></span> <span class='ocrx_word' id='word_1_854' title='bbox 2760 4628 2901 4698; x_wconf 87' lang='lat' dir='ltr'><strong>quod</strong></span> <span class='ocrx_word' id='word_1_855' title='bbox 2933 4635 3114 4681; x_wconf 87' lang='lat' dir='ltr'><strong>autem</strong></span> <span class='ocrx_word' id='word_1_856' title='bbox 3139 4627 3461 4681; x_wconf 86' lang='lat' dir='ltr'><strong>descensum</strong></span> 
     </span>
    </p>
   </div>
   <div class='ocr_carea' id='block_1_111' title="bbox 1903 4718 3465 4796">
    <p class='ocr_par' dir='ltr' id='par_1_111' title="bbox 1903 4718 3465 4796">
     <span class='ocr_line' id='line_1_111' title="bbox 1903 4718 3465 4796; baseline -0.006 -16"><span class='ocrx_word' id='word_1_857' title='bbox 1903 4736 2066 4796; x_wconf 86' lang='lat' dir='ltr'><strong>atque</strong></span> <span class='ocrx_word' id='word_1_858' title='bbox 2099 4738 2387 4778; x_wconf 85' lang='lat' dir='ltr'><strong>ascensum</strong></span> <span class='ocrx_word' id='word_1_859' title='bbox 2423 4720 2515 4776; x_wconf 87' lang='lat' dir='ltr'><strong>Dei</strong></span> <span class='ocrx_word' id='word_1_860' title='bbox 2549 4718 2733 4784; x_wconf 85' lang='lat' dir='ltr'><strong>Verbi,</strong></span> <span class='ocrx_word' id='word_1_861' title='bbox 2763 4735 2874 4773; x_wconf 88' lang='lat' dir='ltr'><strong>non</strong></span> <span class='ocrx_word' id='word_1_862' title='bbox 2915 4719 3180 4789; x_wconf 88' lang='lat' dir='ltr'><strong>quosdam</strong></span> <span class='ocrx_word' id='word_1_863' title='bbox 3214 4718 3334 4785; x_wconf 88' lang='lat' dir='ltr'><strong>ejus</strong></span> <span class='ocrx_word' id='word_1_864' title='bbox 3369 4733 3465 4786; x_wconf 85' lang='lat' dir='ltr'><strong>per</strong></span> 
     </span>
    </p>
   </div>
   <div class='ocr_carea' id='block_1_112' title="bbox 1900 4807 3464 4881">
    <p class='ocr_par' dir='ltr' id='par_1_112' title="bbox 1900 4807 3464 4881">
     <span class='ocr_line' id='line_1_112' title="bbox 1900 4807 3464 4881; baseline -0.008 -11"><span class='ocrx_word' id='word_1_865' title='bbox 1900 4818 2081 4871; x_wconf 89' lang='lat' dir='ltr'><strong>locum</strong></span> <span class='ocrx_word' id='word_1_866' title='bbox 2117 4815 2383 4868; x_wconf 90' lang='lat' dir='ltr'><strong>transitus</strong></span> <span class='ocrx_word' id='word_1_867' title='bbox 2423 4811 2671 4881; x_wconf 88' lang='lat' dir='ltr'><strong>accipere</strong></span> <span class='ocrx_word' id='word_1_868' title='bbox 2721 4817 2988 4880; x_wconf 84' lang='lat' dir='ltr'><strong>oporteat,</strong></span> <span class='ocrx_word' id='word_1_869' title='bbox 3021 4807 3464 4878; x_wconf 86' lang='lat' dir='ltr'><strong>quandoquidem</strong></span> 
     </span>
    </p>
   </div>
   <div class='ocr_carea' id='block_1_113' title="bbox 1898 4898 3465 4972">
    <p class='ocr_par' dir='ltr' id='par_1_113' title="bbox 1898 4898 3465 4972">
     <span class='ocr_line' id='line_1_113' title="bbox 1898 4898 3465 4972; baseline -0.009 -9"><span class='ocrx_word' id='word_1_870' title='bbox 1898 4911 1951 4964; x_wconf 92' lang='lat' dir='ltr'><strong>in</strong></span> <span class='ocrx_word' id='word_1_871' title='bbox 1974 4909 2120 4962; x_wconf 87' lang='lat' dir='ltr'><strong>hunc</strong></span> <span class='ocrx_word' id='word_1_872' title='bbox 2145 4905 2369 4960; x_wconf 91' lang='lat' dir='ltr'><strong>modum</strong></span> <span class='ocrx_word' id='word_1_873' title='bbox 2403 4903 2686 4972; x_wconf 82' lang='lat' dir='ltr'><strong>Scriptura</strong></span> <span class='ocrx_word' id='word_1_874' title='bbox 2713 4902 2913 4968; x_wconf 90' lang='lat' dir='ltr'><strong>divina,</strong></span> <span class='ocrx_word' id='word_1_875' title='bbox 2939 4901 3073 4955; x_wconf 83' lang='lat' dir='ltr'><strong>tales</strong></span> <span class='ocrx_word' id='word_1_876' title='bbox 3101 4900 3220 4969; x_wconf 84' lang='lat' dir='ltr'><strong>ejus</strong></span> <span class='ocrx_word' id='word_1_877' title='bbox 3248 4898 3465 4966; x_wconf 85' lang='lat' dir='ltr'><strong>dispen-</strong></span> 
     </span>
    </p>
   </div>
   <div class='ocr_carea' id='block_1_114' title="bbox 1897 4985 3464 5066">
    <p class='ocr_par' dir='ltr' id='par_1_114' title="bbox 1897 4985 3464 5066">
     <span class='ocr_line' id='line_1_114' title="bbox 1897 4985 3464 5066; baseline -0.008 -13"><span class='ocrx_word' id='word_1_878' title='bbox 1897 5000 2139 5054; x_wconf 88' lang='lat' dir='ltr'><strong>sationes</strong></span> <span class='ocrx_word' id='word_1_879' title='bbox 2169 4996 2444 5066; x_wconf 78' lang='lat' dir='ltr'><strong>appellare</strong></span> <span class='ocrx_word' id='word_1_880' title='bbox 2482 4993 2787 5055; x_wconf 90' lang='lat' dir='ltr'><strong>consuevit,</strong></span> <span class='ocrx_word' id='word_1_881' title='bbox 2819 5005 2919 5045; x_wconf 91' lang='lat' dir='ltr'><strong>suo</strong></span> <span class='ocrx_word' id='word_1_882' title='bbox 2957 4991 3078 5044; x_wconf 91' lang='lat' dir='ltr'><strong>loco</strong></span> <span class='ocrx_word' id='word_1_883' title='bbox 3117 4988 3350 5042; x_wconf 87' lang='lat' dir='ltr'><strong>otiosius</strong></span> <span class='ocrx_word' id='word_1_884' title='bbox 3368 4985 3464 5041; x_wconf 61' lang='lat' dir='ltr'><strong>deo</strong></span> 
     </span>
    </p>
   </div>
   <div class='ocr_carea' id='block_1_115' title="bbox 1895 5075 3461 5152">
    <p class='ocr_par' dir='ltr' id='par_1_115' title="bbox 1895 5075 3461 5152">
     <span class='ocr_line' id='line_1_115' title="bbox 1895 5075 3461 5152; baseline -0.009 -9"><span class='ocrx_word' id='word_1_885' title='bbox 1895 5085 2346 5143; x_wconf 89' lang='lat' dir='ltr'><strong>monstrabimus.</strong></span> <span class='ocrx_word' id='word_1_886' title='bbox 2391 5083 2615 5152; x_wconf 81' lang='lat' dir='ltr'><strong>Oportet</strong></span> <span class='ocrx_word' id='word_1_887' title='bbox 2662 5088 2842 5134; x_wconf 83' lang='lat' dir='ltr'><strong>autem</strong></span> <span class='ocrx_word' id='word_1_888' title='bbox 2891 5080 2946 5132; x_wconf 91' lang='lat' dir='ltr'><strong>in</strong></span> <span class='ocrx_word' id='word_1_889' title='bbox 2992 5078 3078 5133; x_wconf 89' lang='lat' dir='ltr'><strong>his</strong></span> <span class='ocrx_word' id='word_1_890' title='bbox 3120 5077 3284 5132; x_wconf 89' lang='lat' dir='ltr'><strong>etiam</strong></span> <span class='ocrx_word' id='word_1_891' title='bbox 3324 5075 3461 5130; x_wconf 82' lang='lat' dir='ltr'><strong>Novi</strong></span> 
     </span>
    </p>
   </div>
   <div class='ocr_carea' id='block_1_116' title="bbox 1897 5166 3463 5241">
    <p class='ocr_par' dir='ltr' id='par_1_116' title="bbox 1897 5166 3463 5241">
     <span class='ocr_line' id='line_1_116' title="bbox 1897 5166 3463 5241; baseline -0.009 -9"><span class='ocrx_word' id='word_1_892' title='bbox 1897 5176 2234 5235; x_wconf 90' lang='lat' dir='ltr'><strong>Testamenti</strong></span> <span class='ocrx_word' id='word_1_893' title='bbox 2260 5174 2587 5228; x_wconf 88' lang='lat' dir='ltr'><strong>mentionem</strong></span> <span class='ocrx_word' id='word_1_894' title='bbox 2623 5171 2820 5241; x_wconf 79' lang='lat' dir='ltr'><strong>facere,</strong></span> <span class='ocrx_word' id='word_1_895' title='bbox 2841 5167 2988 5239; x_wconf 89' lang='lat' dir='ltr'><strong>quod</strong></span> <span class='ocrx_word' id='word_1_896' title='bbox 3011 5166 3324 5221; x_wconf 88' lang='lat' dir='ltr'><strong>hominibus</strong></span> <span class='ocrx_word' id='word_1_897' title='bbox 3343 5175 3463 5220; x_wconf 91' lang='lat' dir='ltr'><strong>erat</strong></span> 
     </span>
    </p>
   </div>
   <div class='ocr_carea' id='block_1_117' title="bbox 1893 5256 3460 5327">
    <p class='ocr_par' dir='ltr' id='par_1_117' title="bbox 1893 5256 3460 5327">
     <span class='ocr_line' id='line_1_117' title="bbox 1893 5256 3460 5327; baseline -0.01 0"><span class='ocrx_word' id='word_1_898' title='bbox 1893 5271 2099 5327; x_wconf 91' lang='lat' dir='ltr'><strong>Christi</strong></span> <span class='ocrx_word' id='word_1_899' title='bbox 2151 5268 2422 5322; x_wconf 87' lang='lat' dir='ltr'><strong>adventus</strong></span> <span class='ocrx_word' id='word_1_900' title='bbox 2465 5263 2894 5319; x_wconf 90' lang='lat' dir='ltr'><strong>eonciliaturus:</strong></span> <span class='ocrx_word' id='word_1_901' title='bbox 2937 5260 3041 5314; x_wconf 88' lang='lat' dir='ltr'><strong>hoc</strong></span> <span class='ocrx_word' id='word_1_902' title='bbox 3087 5274 3218 5314; x_wconf 90' lang='lat' dir='ltr'><strong>sane</strong></span> <span class='ocrx_word' id='word_1_903' title='bbox 3249 5256 3460 5312; x_wconf 85' lang='lat' dir='ltr'><strong>Novum</strong></span> 
     </span>
    </p>
   </div>
   <div class='ocr_carea' id='block_1_118' title="bbox 1893 5351 3462 5424">
    <p class='ocr_par' dir='ltr' id='par_1_118' title="bbox 1893 5351 3462 5424">
     <span class='ocr_line' id='line_1_118' title="bbox 1893 5351 3462 5424; baseline -0.006 -6"><span class='ocrx_word' id='word_1_904' title='bbox 1893 5365 2304 5420; x_wconf 85' lang='lat' dir='ltr'><strong>Testamentum</strong></span> <span class='ocrx_word' id='word_1_905' title='bbox 2339 5358 2473 5413; x_wconf 89' lang='lat' dir='ltr'><strong>illud</strong></span> <span class='ocrx_word' id='word_1_906' title='bbox 2513 5365 2620 5420; x_wconf 88' lang='lat' dir='ltr'><strong>est,</strong></span> <span class='ocrx_word' id='word_1_907' title='bbox 2651 5354 2795 5424; x_wconf 91' lang='lat' dir='ltr'><strong>quod</strong></span> <span class='ocrx_word' id='word_1_908' title='bbox 2827 5370 2856 5406; x_wconf 88' lang='lat' dir='ltr'><strong>a</strong></span> <span class='ocrx_word' id='word_1_909' title='bbox 2887 5353 3109 5408; x_wconf 90' lang='lat' dir='ltr'><strong>Christo</strong></span> <span class='ocrx_word' id='word_1_910' title='bbox 3141 5361 3263 5422; x_wconf 90' lang='lat' dir='ltr'><strong>post</strong></span> <span class='ocrx_word' id='word_1_911' title='bbox 3290 5351 3462 5408; x_wconf 83' lang='lat' dir='ltr'><strong>Vetus</strong></span> 
     </span>
    </p>
   </div>
   <div class='ocr_carea' id='block_1_119' title="bbox 1892 5445 3459 5523">
    <p class='ocr_par' dir='ltr' id='par_1_119' title="bbox 1892 5445 3459 5523">
     <span class='ocr_line' id='line_1_119' title="bbox 1892 5445 3459 5523; baseline -0.008 -11"><span class='ocrx_word' id='word_1_912' title='bbox 1892 5460 2120 5513; x_wconf 85' lang='lat' dir='ltr'><strong>alterum</strong></span> <span class='ocrx_word' id='word_1_913' title='bbox 2159 5453 2413 5509; x_wconf 90' lang='lat' dir='ltr'><strong>omnibus</strong></span> <span class='ocrx_word' id='word_1_914' title='bbox 2455 5450 2709 5523; x_wconf 82' lang='lat' dir='ltr'><strong>gentibus</strong></span> <span class='ocrx_word' id='word_1_915' title='bbox 2757 5447 3016 5501; x_wconf 87' lang='lat' dir='ltr'><strong>traditum</strong></span> <span class='ocrx_word' id='word_1_916' title='bbox 3065 5455 3170 5502; x_wconf 85' lang='lat' dir='ltr'><strong>est.</strong></span> <span class='ocrx_word' id='word_1_917' title='bbox 3220 5445 3459 5501; x_wconf 84' lang='lat' dir='ltr'><strong>Proinde</strong></span> 
     </span>
    </p>
   </div>
   <div class='ocr_carea' id='block_1_120' title="bbox 2113 5541 3461 5614">
    <p class='ocr_par' dir='ltr' id='par_1_120' title="bbox 2113 5541 3461 5614">
     <span class='ocr_line' id='line_1_120' title="bbox 2113 5541 3461 5614; baseline -0.004 -11"><span class='ocrx_word' id='word_1_918' title='bbox 2113 5552 2155 5582; x_wconf 72' lang='grc'><strong>³³</strong></span> <span class='ocrx_word' id='word_1_919' title='bbox 2197 5549 2342 5606; x_wconf 90' lang='lat' dir='ltr'><strong>Psal.</strong></span> <span class='ocrx_word' id='word_1_920' title='bbox 2370 5565 2554 5614; x_wconf 78' lang='lat' dir='ltr'><strong>exuti,</strong></span> <span class='ocrx_word' id='word_1_921' title='bbox 2591 5550 2644 5612; x_wconf 82' lang='lat'><strong>5,</strong></span> <span class='ocrx_word' id='word_1_922' title='bbox 2682 5544 2734 5598; x_wconf 85' lang='lat'><strong>5.</strong></span> <span class='ocrx_word' id='word_1_923' title='bbox 2836 5542 2879 5573; x_wconf 67' lang='grc'><strong>⁴⁰</strong></span> <span class='ocrx_word' id='word_1_924' title='bbox 2908 5541 3039 5596; x_wconf 86' lang='lat' dir='ltr'><strong>ibid.</strong></span> <span class='ocrx_word' id='word_1_925' title='bbox 3083 5542 3137 5598; x_wconf 89' lang='lat'><strong>9.</strong></span> <span class='ocrx_word' id='word_1_926' title='bbox 3213 5543 3272 5573; x_wconf 82' lang='grc'><strong>’⁵¹</strong></span> <span class='ocrx_word' id='word_1_927' title='bbox 3317 5556 3461 5601; x_wconf 84' lang='lat' dir='ltr'><strong>vers.</strong></span> 
     </span>
    </p>
   </div>
   <div class='ocr_carea' id='block_1_121' title="bbox 3077 5703 3146 5762">
    <p class='ocr_par' dir='ltr' id='par_1_121' title="bbox 3077 5703 3146 5762">
     <span class='ocr_line' id='line_1_121' title="bbox 3077 5703 3146 5762; baseline 0 0"><span class='ocrx_word' id='word_1_928' title='bbox 3077 5703 3146 5762; x_wconf 72' lang='lat' dir='ltr'><strong>l&#39;+</strong></span> 
     </span>
    </p>
   </div>
  </div>
