3866 6202
419 265 520 318 127
1061 233 1330 319 EUSEBII'
1365 260 1840 316 CESARIENSIS
1878 261 2026 318 OPP.
2073 263 2248 317 PARS
2283 266 2356 317 ll.
2399 291 2466 302 -—-
2505 261 2999 318 APOLOCETICA.
3525 259 3636 317 428

417 382 697 436 oraculum
769 379 912 451 quod
971 395 1116 433 nunc
1167 380 1220 432 in
1276 378 1529 432 manibus
1577 387 1680 441 est,
1733 379 1811 432 sic
1854 379 1960 432 ait:

2083 399 2121 433 ιν
2156 382 2264 442 τοῖς
2307 379 2456 450 δρεσι
2507 379 2737 448 μάλιστα
2775 374 3136 440 ἐσπουδάζετο
3160 391 3172 404 ·
3221 373 3359 426 ὥστε
3397 372 3498 442 ἢδη
3539 375 3636 429 καὶ

421 473 628 539 «Deus,
671 474 942 527 canticum
992 486 1190 524 novum
1245 470 1478 523 cantabo
1516 469 1616 523 tibi
1665 471 1731 523 δ’.
1760 489 1778 520 ι
1831 468 1968 523 lllud

2083 471 2265 534 κύτους
2307 469 2591 532 Ἰουδαίους
2637 465 3063 536 άπελέγχεσθαι,
3106 465 3180 528 ὡς
3236 464 3328 516 ἐπὶ
3371 465 3478 514 πᾶν
3513 461 3641 534 ὅρος

416 575 628 621 autem:
671 586 690 616 ι
713 564 894 632 Tange
939 571 1151 617 montes
1194 571 1247 617 et
1281 561 1634 632 'i‘umigabunt
1659 580 1704 623 ι,
1738 561 1969 615 arbitror

2083 561 2290 634 δψηλὸν,
2324 562 2463 616 κατά
2499 561 2726 634 μίμησιν
2746 563 2851 613 τῶν
2877 558 3185 628 ἀλλοφύλων
3217 556 3404 620 ἐθνῶν,
3427 555 3640 610 εἰδωλο-

417 657 744 727 signiiicare.
778 652 922 724 quod
945 654 1186 708 omnium
1217 652 1636 708 simulacrorum
1670 651 1852 707 cultus
1899 651 1969 706 sit

2083 655 2172 706 λατ
2179 651 2420 724 ροῦντας.

419 745 791 803 incendendus
839 759 903 799 ac
955 745 1240 806 delendus,
1287 744 1384 814 qui
1426 743 1566 814 apud
1620 744 1874 814 antiquos
1918 745 1972 798 in
2021 745 2298 800 montibus
2365 746 2596 799 maxime
2663 742 3150 813 frequentabatur;
3195 742 3431 812 denique
3469 742 3635 796 etiam

417 840 518 910 ipsi
545 836 712 892 Judan
743 837 1308 907 reprehendebantur,
1365 838 1507 909 quod
1568 839 1623 892 in
1657 838 1805 893 omni
1847 846 2026 892 monte
2077 837 2312 900 excelso,
2361 835 2426 888 ad
2465 835 2816 890 imitationem
2858 845 3205 890 externarum
3247 835 3513 907 gentium,
3551 835 3635 894 si-

416 932 658 987 mulacra
683 931 947 985 colerent.

1025 1067 1250 1123 CAPUT
1286 1068 1328 1122 Χ

415 1208 453 1261 Α
487 1206 688 1273 psalmo
715 1219 914 1259 cnvn.
949 1233 1019 1244 ——
1048 1203 1139 1257 Dei
1179 1202 1402 1257 Verbum
1428 1203 1481 1256 in
1505 1212 1696 1257 terram
1721 1204 1964 1269 missum,

475 1286 523 1330 et
553 1275 693 1330 brevi
723 1285 948 1343 tempore
977 1289 1284 1342 percurrens
1311 1275 1586 1328 universos
1619 1275 1870 1328 homines.

484 1472 728 1538 (Lauda,
747 1471 1066 1535 Jerusalem.
1090 1473 1398 1540 Dominum,
1421 1475 1579 1530 lauda
1597 1475 1764 1531 Deum
1786 1483 1962 1541 tuum,

413 1565 541 1622 Sion
570 1567 637 1621 “.
664 1585 682 1618 ι
736 1565 937 1621 Deinde
982 1567 1256 1636 paululum
1307 1583 1628 1639 progressus
1654 1569 1758 1623 ait:
1803 1587 1822 1621 ι
1863 1568 1964 1635 Qui

411 1660 610 1714 emittit
637 1658 912 1729 eloquium
957 1675 1115 1713 suum
1153 1668 1334 1723 terrae,
1371 1661 1630 1716 velociter
1657 1662 1827 1715 currit
1851 1676 1969 1716 ser-

412 1765 500 1802 mo
530 1749 650 1818 ejus
673 1749 748 1802 “:
786 1767 805 1800 ι
827 1757 1044 1803 constat
1078 1757 1256 1804 autem
1287 1765 1412 1804 eum
1454 1751 1546 1820 qui
1579 1751 1765 1814 mittit,
1795 1752 1864 1806 ab
1902 1767 1967 1806 eo

2609 1079 2999 1131 ΚΕΦΑΛΑΙΟΝ
3035 1078 3094 1134 l'.

2080 1217 2224 1270 Ἀπὸ
2250 1214 2492 1284 ψαλμοῦ
2511 1213 2657 1283 pyri”.
2679 1242 2751 1252 —-
2779 1215 2967 1284 Λόγος
3000 1212 3096 1284 ἐπὶ
3130 1212 3238 1284 γῆς
3265 1215 3644 1271 ἀποστελλὸ.

2141 1282 2599 1355 μενοςζκαὶ-ἐν
2651 1282 2872 1351 βραχεῖ
2919 1283 3116 1351 χρόνῳ
3139 1282 3382 1350 πάντας
3415 1286 3644 1354 ἀνθρὼ-

2144 1353 2296 1421 item;
2318 1353 2659 1424 διατρέχων.

2125 1510 2162 1576 ¹ι
2211 1490 2448 1544 Ἐπαίνει
2473 1530 2488 1554 ,
2533 1488 2919 1561 Ἰερουσαλὴμ,
2960 1488 3050 1540 τὸν
3095 1489 3330 1560 Κύριον,
3371 1489 3511 1542 αίνει
3546 1489 3644 1544 τὸν

2070 1580 2200 1633 Θεόν
2232 1597 2346 1647 σου,
2368 1579 2561 1634 Σιών.»
2591 1577 2704 1633 Εἴθ’
2728 1579 2933 1644 ὑποϐάς
2964 1597 3143 1651 φησιν·
3173 1600 3190 1631 ι
3216 1581 3270 1633 '0
3295 1581 3642 1635 ἀποστέλλων

2072 1672 2159 1725 τὸν
2186 1670 2339 1740 λόγον
2365 1672 2530 1725 αὑτοῦ
2550 1675 2612 1742 τῇ
2641 1675 2710 1742 γῇ
2728 1689 2740 1701 ·
2769 1673 2878 1737 ἕως
2903 1673 3098 1743 τάχους
3124 1673 3404 1744 δραμεῖται
3429 1675 3457 1726 ό
3483 1672 3644 1741 λόγος

2075 1763 2261 1817 αὑτοῦ.
2306 1783 2323 1816 ι
2365 1765 2541 1832 Σαφὲς
2571 1764 2661 1828 δὲ,
2688 1765 2770 1817 ὅτι
2796 1764 2889 1818 τοῦ
2922 1764 3377 1834 ἀποστελλομένου
3424 1766 3453 1818 ό
3497 1766 3640 1818 ἀπο-

412 1843 504 1911 qui
529 1841 762 1896 mittitur
781 1856 904 1896 esse
929 1841 1223 1896 diversum.
1271 1841 1448 1898 Habes
1473 1843 1636 1912 igitur
1657 1844 1818 1898 etiam
1859 1843 1962 1899 hoc

2083 1854 2296 1908 ττέλλων
2327 1855 2510 1927 ἕτερος
2535 1855 2609 1906 ὢν
2630 1855 2902 1925 τυγχάνει.
2961 1856 3140 1926 Ἔχεις
3185 1854 3470 1926 τοιγαροῦν
3504 1857 3642 1908 κάν-

413 1936 555 1999 loco,
601 1950 723 1990 eum
777 1933 992 2004 quidem
1038 1934 1131 2004 qui
1173 1935 1360 2002 mittit,
1411 1951 1724 2006 supremum
1772 1934 1962 1999 Deum,

414 2027 578 2098 268
605 2043 731 2083 eum
764 2043 896 2082 vero
935 2027 1028 2098 qui
1080 2028 1314 2082 mittitur
1353 2044 1688 2084 sermonem:
1721 2028 1814 2100 qui
1843 2045 1966 2084 cum

413 2121 579 2173 multa
602 2119 796 2174 habeat
823 2119 1064 2184 nomina,
1094 2135 1238 2174 nunc
1267 2119 1563 2190 Sapientia,
1585 2137 1731 2176 nunc
1754 2123 1964 2186 Sermo,

412 2211 764 2267 ct'interdum
797 2211 960 2276 Deus,
988 2221 1040 2267 et
1073 2213 1207 2268 alias
1242 2212 1504 2270 Dominus
1531 2217 1586 2269 in
1608 2214 1806 2270 divinis
1844 2227 1968 2270 ora-

410 2306 552 2359 culis
591 2314 967 2375 nuncupatur;
1010 2305 1153 2376 quod
1201 2306 1247 2360 si
1292 2307 1587 2363 attenderis
1615 2307 1968 2377 quemadmo-

411 2398 540 2452 dum
575 2398 894 2454 brevissimo
921 2406 1186 2469 tempore,
1227 2414 1441 2454 omnem
1487 2411 1755 2456 terrarum
1783 2401 1965 2456 orbem

415 2488 606 2545 Sermo
634 2487 896 2544 doctrina:
923 2489 1069 2544 illius
1095 2490 1418 2558 impleverit,
1455 2491 1698 2560 proiecto
1719 2492 1962 2547 vaticinii

411 2581 764 2650 obstupesces
826 2586 1078 2636 eventum
1123 2580 1396 2635 dicentis:
1434 2599 1451 2632 ι
1478 2580 1748 2637 Velociter
1793 2583 1966 2636 currit

413 2686 594 2726 sermo
622 2671 758 2740 ejus.
795 2689 813 2721 ι
1743 2679 1748 2684 ‘

1011 2802 1240 2858 CAPUT
1275 2802 1364 2859 Xl.

416 2940 457 2996 Α
497 2938 721 2993 secundo
752 2937 1064 3006 Regnorum.
1099 2969 1168 2978 —
1199 2937 1456 2993 Dominus
1498 2940 1560 2993 de
1596 2941 1723 2994 cozlo
1755 2941 1968 2995 descen-

469 3011 617 3082 dens,
648 3009 736 3080 qui
760 3009 1010 3082 gentium,
1041 3024 1156 3080 qua:
1194 3011 1343 3082 prius
1365 3010 1516 3063 illum
1553 3028 1654 3064 non
1695 3027 1968 3082 cognosce-

478 3080 628 3145 bant,
659 3082 769 3134 dua:
787 3080 1018 3144 exsistit,
1041 3091 1088 3132 et
1120 3097 1154 3132 a
1177 3081 1407 3136 Iudaica
1436 3093 1582 3151 gente
1624 3080 1849 3150 seipsum
1892 3091 1968 3135 est

471 3167 617 3206 avers
624 3168 654 3204 ιι
661 3169 773 3206 rus.

487 3304 506 3337 ι
539 3284 606 3340 Et
635 3285 852 3341 locutus
902 3295 985 3342 est
1019 3285 1186 3341 David
1239 3285 1468 3341 Domino
1500 3288 1665 3342 verba
1691 3286 1968 3343 carminis

415 3379 578 3450 hujus
629 3380 696 3436 ”.
743 3378 944 3434 Deinde
977 3395 1320 3451 progressus,
1354 3381 1426 3433 ita
1449 3379 1524 3434 ait
1560 3395 1574 3431 :
1613 3398 1632 3430 ι
1653 3377 1718 3433 Et
1745 3380 1971 3434 inclina-

415 3472 493 3526 vit
525 3472 693 3527 caelos
717 3477 770 3526 et
810 3471 1109 3536 descendit,
1141 3479 1194 3526 et
1226 3472 1400 3543 caligo
1428 3473 1532 3527 sub
1567 3472 1796 3542 pedibus
1818 3471 1966 3540 ejus;

415 3570 470 3616 et
496 3561 738 3616 ascendit
752 3576 913 3630 super
944 3561 1242 3625 cherubim,
1261 3570 1314 3617 et
1336 3563 1556 3625 volavit,
1585 3563 1786 3618 volavit
1807 3575 1971 3633 super

410 3665 622 3721 pennas
675 3659 981 3717 ventorum,
1035 3661 1090 3709 et
1133 3655 1319 3724 posuit
1368 3657 1624 3712 tenebras
1680 3655 1967 3710 latibulum

417 3759 574 3798 suum
609 3763 622 3799 :
653 3764 671 3796 ι
705 3752 817 3799 tum
854 3746 906 3799 in
941 3745 1045 3800 ﬁne
1060 3746 1300 3813 ejusdem
1329 3748 1584 3801 carminis
1612 3747 1690 3800 “z
1729 3766 1746 3797 ‹
1777 3745 1970 3801 Libera

416 3849 523 3900 me,
553 3835 745 3905 inquit,
777 3835 844 3891 de
865 3837 1385 3892 contradictionibus
1416 3838 1621 3908 populi,
1672 3836 1971 3891 constitues

418 3943 504 3984 me
535 3927 590 3982 in
630 3939 792 3998 caput
818 3931 1094 3999 gentium;
1128 3931 1358 3998 populus
1387 3944 1547 3999 quem
1581 3943 1690 3982 non
1719 3927 1966 3997 cognovi,

418 4014 639 4068 servivit
679 4016 848 4079 mihi;
883 4017 938 4071 in
985 4016 1172 4072 auditu
1223 4017 1370 4072 auris
1396 4016 1634 4072 obedivit
1668 4016 1838 4082 mihi;
1877 4015 1969 4068 lilii

417 4106 580 4161 alieni
611 4105 927 4174 rejicientur
955 4109 1020 4163 ‘7.
1063 4127 1081 4160 ι
1109 4107 1211 4174 Qui
1247 4109 1528 4164 inclinavit
1555 4109 1746 4173 cazlos,
1791 4118 1844 4164 et
1877 4107 1973 4163 de-

417 4199 629 4253 scendit
654 4197 819 4262 Deus,
839 4200 930 4268 qui
953 4206 1289 4268 assumptum
1319 4199 1424 4254 sibi
1454 4199 1726 4254 hominem
1757 4198 1973 4254 inscen-

417 4288 497 4343 dit
531 4288 712 4360 (quem
743 4306 876 4346 sane
920 4291 1216 4355 hominem,
1259 4306 1404 4344 nunc
1453 4291 1734 4344 oraculum
1777 4291 1972 4346 cheru-

416 4377 528 4431 bim
550 4378 836 4449 nominat),
863 4378 1062 4432 volavit
1086 4393 1209 4432 cum
1231 4395 1296 4433 eo
1320 4394 1560 4442 sursum,
1584 4379 1973 4435 comitantibus

419 4468 859 4538 stipantibusque
893 4471 1066 4539 ipsum
1117 4471 1316 4526 divinis
1363 4471 1667 4539 spiritibus,
1701 4472 1795 4540 qui
1827 4486 1973 4525 nunc

1995 3215 2042 3277 C

2067 1940 2239 2000 ταῦθα
2277 1947 2365 2000 τὸν
2409 1947 2506 2017 μὲν
2533 1947 2925 2000 ἀποστέλλοντα
2950 1947 3062 2014 τὸν,
3091 1949 3181 2000 ἐπὶ
3219 1947 3436 2000 πάντων
3467 1946 3637 1999 Θεόνο

2066 2038 2156 2092 τὸν
2182 2038 2236 2091 δὲ
2261 2037 2729 2109 ἀποστελλόμενον,
2756 2040 2846 2091 τὸν
2873 2039 3048 2108 λόγον·
3079 2039 3136 2102 ὃς
3163 2037 3515 2107 πολυώνυμος
3541 2037 3643 2104 ὢν,

2066 2131 2185 2183 τοτέ
2219 2131 2315 2201 μὲν
2351 2131 2548 2200 Σοφία,
2575 2129 2693 2183 τοτὲ
2720 2130 2774 2182 δὲ
2791 2130 2990 2199 Λόγος,
3021 2129 3204 2183 ἄλλοτε
3242 2130 3301 2182 δὲ
3333 2129 3468 2193 Θεὸς
3494 2169 3509 2194 ,
3549 2130 3644 2182 καὶ

2068 2223 2227 2277 πάλιν
2265 2223 2463 2295 Κύριος
2507 2222 2590 2276 διά
2630 2222 2738 2275 τῶν
2773 2222 2928 2276 θείων
2959 2222 3217 2294 χρησμῶν
3250 2221 3640 2293 ἀνηγόρευται.

2082 2315 2405 2385 Ἐπιστήσας
2437 2315 2514 2379 δὲ,
2547 2314 2669 2368 τίνα
2697 2316 2894 2386 τρόπον
2920 2316 2976 2366 ἐν
3021 2313 3220 2385 σφόδρα
3250 2313 3424 2384 χρόνῳ
3449 2313 3643 2385 βραχεῖ

2066 2405 2164 2476 τὴν
2208 2407 2385 2458 πᾶσαν
2437 2405 2758 2476 οἰκουμένην
2809 2404 3041 2475 ἔπλησεν
3084 2406 3112 2457 ὁ
3159 2404 3256 2474 τῆς
3295 2403 3638 2468 διδασκαλίας

2067 2497 2230 2550 αὑτοῦ
2253 2497 2426 2564 λόγος,
2455 2493 2511 2551 εὗ
2537 2492 2630 2551 οἷδ’
2659 2498 2738 2551 ὅτι
2764 2498 2823 2550 τὸ
2855 2495 3194 2566 ἀποτέλεσμα
3221 2496 3516 2567 θαυμάσεις
3535 2497 3638 2568 τῆς

2068 2589 2421 2660 προρρήσεως
2453 2588 2764 2659 φασκούσης
2784 2606 2796 2618 ·
2845 2607 2863 2639 ι
2900 2589 3041 2652 Ἕως
3067 2589 3260 2660 τάχους
3292 2585 3578 2659 δραμεῖται
3599 2588 3646 2642 ’ὁ

2067 2679 2221 2772 λόγος
2260 2677 2441 2732 αὑτοῦ.
2474 2698 2493 2731 ι

2590 2813 2989 2867 ΚΕΦΑΛΑῘΟΝ
3019 2814 3120 2865 IA'.

2083 2946 2225 3003 Ἀπὸ
2260 2947 2370 3016 τῆς
2405 2949 2684 3016 δευτέρας
2721 2947 2838 3001 τῶν
2864 2946 3214 3002 Βασιλειῶν.
3237 2977 3307 3016 -έ
3331 2947 3550 3013 Κύριος
3576 2947 3644 3013 ἐξ

2142 3015 2401 3098 ούρανοῦ
2420 3015 2666 3098 nursing,
2676 3015 3302 3098 ﬁrouyeuoc‘réfgzpi‘r
3326 3019 3442 3098 ρὺκ
3465 3018 3648 3098 ἐγγω-

2134 3091 2322 3142 κότων
2368 3091 2551 3143 αὑτὸν
2603 3087 2792 3141 ἐθνῶν
2817 3129 2832 3154 ,
2881 3087 2947 3141 τὸ
2989 3087 3057 3140 δὲ
3121 3087 3420 3141 Ἰουδαίων
3464 3087 3646 3153 ἔθνος

2139 3159 2771 3228 ἀυτοστραξρησόμενος.

2149 3314 2167 3346 ε
2201 3294 2312 3348 Καὶ
2346 3294 2573 3365 ἐλάλησε
2615 3291 2781 3347 Δαϐὶδ
2816 3291 2894 3362 τῷ
2924 3291 3112 3362 Κυρίῳ
3143 3290 3267 3354 τοὺς
3309 3289 3501 3356 λόγους
3543 3289 3646 3358 τῆς

2075 3383 2216 3454 ᾠδῆς
2242 3383 2461 3453 ταύτης.
2501 3403 2518 3434 ι
2551 3378 2662 3434 Εἴθ’
2697 3381 2820 3452 ἑξῆς
2843 3397 2973 3450 φησι
3002 3397 3014 3408 ·
3055 3397 3072 3429 ι
3103 3379 3211 3431 Καὶ
3241 3377 3448 3430 ἔκλινεν
3474 3377 3646 3447 ούρα-

2076 3478 2199 3540 νοὺς
2223 3477 2328 3530 καὶ
2369 3474 2608 3544 κατέϐη,
2649 3473 2743 3527 καὶ
2779 3473 2974 3542 γνόφος
3013 3472 3266 3525 ὑποκάτω
3311 3469 3417 3522 τῶν
3464 3467 3648 3521 ποδῶν

2076 3567 2236 3621 αὐτοῦ
2262 3584 2274 3597 ·
2314 3567 2407 3618 καὶ
2439 3565 2606 3635 ἐπέϐη
2645 3564 2738 3616 ἐπὶ
2765 3561 3027 3634 χερουϐὶμ
3047 3603 3061 3625 ,
3096 3559 3365 3629 ὲπετάσθη
3390 3560 3484 3612 ἐπὶ
3511 3573 3646 3612 mt-

2078 3657 2254 3730 ρύγων
2279 3657 2511 3726 ἀνέμων,
2543 3655 2634 3708 καὶ
2659 3654 2806 3707 ἔθετο
2838 3653 3021 3715 σκότος
3045 3652 3364 3722 ἀποκρυφὴν
3395 3649 3587 3703 αὑτοῦ.
3617 3667 3642 3702 ›

2077 3747 2182 3798 Καὶ
2216 3745 2305 3797 ἐπὶ
2332 3745 2472 3799 τέλει
2497 3745 2595 3814 τῆς
2628 3744 2796 3814 αὐτῆς
2828 3743 3000 3814 ᾠδῆς’
3042 3761 3060 3793 ι
3103 3739 3270 3813 Ῥύσῃ
3305 3757 3400 3809 με,
3434 3739 3648 3810 φησὶν,

2076 3837 2137 3902 ἐξ
2183 3836 2494 3905 ἀντιλογιῶν
2546 3835 2694 3888 λαοῦ.
2745 3836 3115 3904 Καταστήσεις
3166 3849 3232 3903 με
3278 3833 3355 3894 είς
3400 3830 3648 3902 κεφαλὴν

2077 3929 2264 3983 ἐθνῶν.
2300 3930 2437 3991 Δαδς
2469 3927 2527 3981 ὃν
2560 3927 2659 3980 οὐκ
2691 3927 2880 3995 ἔγνων,
2912 3925 3187 3978 ἐδούλευσέ
3215 3941 3323 3996 μοι,
3359 3926 3438 3986 εἰς
3471 3923 3646 3995 ἀκοὴν

2077 4021 2236 4074 ὠτίου
2293 4018 2565 4088 ὑπήκουσέ
2624 4035 2744 4088 μου.
2798 4017 2914 4070 Υἱοὶ
2980 4015 3244 4086 ἀλλότριοι
3295 4014 3644 4086 ἀπορριφθή-

2081 4129 2280 4165 σονται.
2329 4130 2351 4163 ι
2412 4110 2470 4164 ὐ
2521 4110 2708 4173 κλίνας
2752 4109 3012 4180 οὐρανοὺς
3056 4109 3148 4160 καὶ
3191 4105 3433 4169 καταϐάς
3475 4105 3645 4169 Θεὸς,

2077 4208 2106 4260 ὁ
2135 4204 2326 4269 ἐπιϐὰς
2357 4197 2401 4272 ᾧ
2432 4201 2714 4272 ἀνείληφεν
2734 4198 3019 4272 ἀνθρώπῳ,
3045 4199 3227 4252 ὅντινα
3251 4196 3345 4250 νῦν
3377 4195 3647 4268 χερουσὶμ

2079 4297 2107 4347 ὁ
2142 4295 2295 4363 λόγος
2321 4291 2608 4365 ὀνομάζει,
2642 4292 2845 4361 ἀνέπτη
2881 4291 2974 4343 σὺν
3004 4288 3150 4360 αὐτῷ
3183 4289 3279 4360 τὴν
3319 4288 3501 4342 ἄνοδον
3540 4305 3644 4340 ςτε-

2080 4384 2373 4456 ποιημένος
2429 4382 2565 4455 μετά
2617 4382 2724 4436 τῶν
2783 4379 3217 4453 δορυφορούντων
3269 4379 3428 4433 αὑτὸν
3481 4379 3648 4432 θείων

2080 4481 2401 4552 πνευμάτων
2421 4521 2436 4545 ,
2471 4479 2754 4550 πτερύγων
2793 4477 3006 4549 ἀνέμων
3045 4477 3139 4532 καὶ
3168 4475 3344 4528 αὐτῶν
3377 4490 3647 4545 χρηματι-

419 4559 524 4629 ipsi
553 4573 769 4630 quoque
800 4568 1082 4615 ventorum
1111 4577 1299 4631 pennae
1327 4563 1690 4631 appellantur.
1725 4560 1969 4617 Obscure

2083 4572 2288 4638 ζόντων.
2314 4570 2610 4632 Σκοτεινῶς
2637 4569 2693 4622 δὲ
2725 4567 2894 4621 ταῦτα
2917 4567 3010 4620 καὶ¹
3032 4570 3087 4620 ἐν
3120 4564 3452 4636 παραϐύστῳ
3477 4579 3640 4630 γεγε-

417 4667 548 4708 vero
584 4652 694 4706 haec
716 4660 769 4708 et
820 4653 873 4706 in
905 4653 1225 4708 abscondito
1259 4652 1400 4707 facta
1431 4669 1573 4718 esse,
1602 4669 1698 4723 per
1729 4654 1972 4724 quaedam

420 4761 617 4804 arcana
657 4755 710 4801 et
758 4745 980 4800 latentia
1024 4747 1188 4801 verba
1231 4745 1522 4815 signiﬁcat,
1579 4746 1668 4800 ubi
1699 4747 1805 4800 ait:
1849 4762 1868 4796 ι
1906 4745 1972 4799 Et

421 4841 603 4911 posuit
639 4840 893 4895 tenebras
944 4838 1228 4893 latibulum
1283 4854 1462 4894 suum.
1488 4859 1507 4890 ι
1545 4838 1676 4904 Quae
1716 4853 1846 4893 vero
1888 4853 1974 4893 se-

420 4939 664 5002 quuntur
709 4931 988 5000 deinceps,
1035 4939 1326 5000 assumptae
1385 4946 1414 4983 a
1460 4930 1681 4986 Christo
1733 4929 1974 4985 hominis

423 5031 633 5080 natura:
670 5031 1034 5077 consentanea
1077 5028 1224 5086 sunt,
1253 5029 1306 5077 et
1342 5023 1827 5077 contradictionem
1855 5034 1974 5092 qua:

421 5115 686 5170 adversus
726 5115 877 5169 illum
915 5113 1054 5168 facta
1083 5121 1165 5170 est
1192 5112 1401 5169 Judaici
1427 5115 1608 5184 populi
1650 5115 1971 5186 praecinunt,

422 5221 636 5261 necnon
669 5207 930 5262 doctrina:
950 5205 1150 5261 Christi
1190 5214 1378 5276 gentes
1399 5222 1518 5262 esse
1545 5206 1970 5262 auscultaturas:

425 5297 614 5354 iisdem
650 5314 813 5368 porro
840 5299 1020 5354 verbis
1042 5298 1239 5353 similia
1265 5299 1510 5354 invenies
1538 5299 1592 5352 in
1633 5299 1843 5368 psalmo
1882 5297 1977 5353 de-

423 5389 565 5443 cimo
605 5392 868 5459 septimo:
905 5392 958 5445 in
1005 5406 1124 5462 quae
1159 5388 1302 5462 quod
1331 5389 1488 5444 nobis
1521 5389 1697 5444 visum
1721 5400 1824 5456 est,
1851 5395 1977 5443 ante

422 5481 529 5549 jam
566 5481 820 5537 diximus.

2078 4661 2293 4732 νῆσθαι,
2323 4660 2469 4713 κατά
2525 4675 2672 4722 τινας
2742 4659 3081 4730 ἀπορρήτους
3135 4657 3228 4709 καὶ
3280 4653 3644 4716 λανθάνοντας

2077 4755 2368 4809 αἰνίττεται
2388 4753 2599 4822 λόγους,
2637 4753 2857 4821 φάσκων
2880 4769 2893 4782 ·
2935 4770 2954 4804 ι
2980 4751 3090 4806 Καὶ
3113 4749 3262 4802 ἔθετο
3296 4749 3483 4811 σκότος
3504 4748 3644 4800 ἀπο-

2077 4842 2286 4914 κρυφὴν
2347 4841 2531 4896 αὑτοῦ.
2577 4862 2595 4894 ι
2659 4840 2736 4894 Τά
2785 4841 2842 4894 δὲ
2893 4840 3020 4911 ἐξῆς
3066 4839 3368 4901 ἀκολούθως
3421 4839 3488 4908 τῇ
3546 4837 3643 4889 τοῦ

2076 4934 2308 5006 Χριστοῦ
2354 4933 2759 5005 ἐνανθρωπήσει
2817 4932 2914 5003 τὴν
2973 4932 3089 4985 κατ’
3120 4929 3282 4983 αὐτοῦ
3343 4926 3643 4997 γενομένην

2075 5027 2378 5096 ἀντιλογίαν
2402 5026 2494 5080 τοῦ
2529 5025 2791 5078 Ἰουδαίων
2819 5023 2948 5078 λαοῦ
2977 5022 3258 5094 σημαίνει,
3281 5021 3374 5074 καὶ
3409 5019 3506 5090 τὴν
3533 5017 3642 5070 τῶν

2080 5120 2248 5174 ἐθνῶν
2285 5121 2521 5192 ἐπακοὴν
2545 5121 2643 5190 τῆς
2665 5115 2756 5172 τοῦ
2779 5118 3011 5190 Χριστοῦ
3043 5113 3407 5176 διδασκαλίας.
3442 5111 3642 5172 Δύτοῖς

2079 5209 2134 5263 δέ
2167 5213 2370 5284 ῥήμασι
2394 5211 2460 5266 τά
2488 5211 2835 5282 παραπλήσια
2857 5209 3031 5280 εὕροις
3057 5208 3121 5262 ἀν
3144 5205 3238 5260 καὶ
3253 5207 3309 5259 ἐν
3329 5199 3642 5258 ἑπτακαιδε-

2081 5302 2232 5374 κάτῳ
2252 5302 2468 5374 ψαλμῷ,
2501 5304 2579 5366 είς
2610 5301 2644 5356 ἀ
2679 5301 2746 5355 τὰ
2780 5299 3013 5369 φανέντα
3043 5297 3381 5369 προείρηται.

496 5675 546 5708 δ’
570 5675 709 5731 Psal.
733 5690 919 5742 cum,
943 5682 992 5736 9.
1055 5679 1100 5714 “
1135 5678 1272 5736 Psal.
1304 5695 1508 5748 CXLVII,
1544 5680 1631 5736 12.
1706 5679 1918 5752 “ibid.
1944 5679 2032 5735 i5.
2109 5679 2152 5710 "
2185 5675 2327 5732 Psal.
2355 5691 2485 5740 xvii,
2514 5677 2564 5730 1.
2641 5675 2685 5708 ⁸⁸
2715 5674 2844 5730 ibid.
2881 5671 3066 5730 10-12.
3142 5671 3187 5705 ⁸⁷
3219 5669 3328 5725 ibid
3382 5665 3576 5724 M46.
