3916 6200
266 259 358 315 H9
1120 267 1772 328 DEMONSTRATIONIS
1811 273 2269 333 EVANGELICJE
2301 277 2429 335 LIB.
2470 277 2558 333 Vl.

1838 409 1885 465 Α

763 385 1151 439 ΚΕΦΑΛΑῘΟΝ
1188 386 1286 438 ΙΒ’.

268 492 402 572 Ἀπὸ
435 493 544 561 τῆς
574 496 772 572 τρίτης
795 498 912 572 τῶν
936 498 1282 572 Βασιλειῶν.
1306 532 1369 541 --
1396 502 1535 568 Θεὸς
1563 506 1804 572 οὐρανόν

321 569 422 643 θεῖν
447 565 680 632 κατιὼν,
715 569 809 621 καὶ
838 573 963 638 μετ’
996 570 1321 637 ἀνθρώπων
1342 572 1440 624 ἐπὶ
1472 565 1583 642 γῆς
1610 565 1805 629 κατοι-

320 652 458 689 κων.

325 806 343 839 ι
371 789 479 841 Καὶ
511 789 623 855 νῦν,
659 790 829 863 Κύριε
871 794 898 845 6
929 794 1059 859 Θεὸς
1094 798 1327 870 Ἰσραὴλ,
1375 801 1698 875 πιστωθήτω
1742 806 1804 878 δὴ

255 878 311 934 τὸ
337 881 483 952 ῥῆμά
514 899 626 945 σου,
660 883 687 935 ὃ
719 883 983 955 ὲλάλησας
1014 887 1091 958 τῷ
1124 889 1268 942 παιδί
1299 908 1390 944 σου
1434 892 1511 962 τῷ
1549 895 1709 948 Δαὸἱδ
1730 896 1805 967 τῷ

254 972 411 1043 πατρί
443 990 574 1042 μου·
609 974 689 1027 ὅτι
724 977 771 1028 εί
804 975 1014 1047 ἀληθῶς
1044 982 1354 1052 κατοικήσει
1386 982 1516 1047 Θεὸς
1551 986 1687 1055 μετά
1709 988 1803 1040 ἀν-

254 1060 477 1133 θρώπων
518 1065 610 1117 ἐπὶ
636 1066 756 1135 γῆς,
783 1069 829 1120 εί
861 1070 889 1121 ὁ
916 1070 1144 1141 οὐρανὸς
1171 1073 1262 1124 καὶ
1287 1075 1315 1126 6
1344 1073 1568 1145 ούρανὸς
1598 1076 1690 1129 τοῦ
1717 1079 1805 1130 ού-

248 1153 409 1223 ρανοῦ
451 1155 551 1207 οὐκ
594 1156 881 1225 ἁρκέσουσί
913 1178 1012 1214 σοι.
1043 1182 1059 1212 ι
1094 1164 1282 1216 Κείται
1312 1165 1482 1219 ταῦτα
1511 1169 1697 1232 αὑταῖς
1722 1169 1807 1224 λέ-

252 1240 393 1307 ξεσιν
423 1246 516 1297 καὶ
556 1248 614 1299 ὲν
643 1248 1170 1322 Παραλειπομέναις·
1213 1274 1231 1307 ι
1266 1256 1355 1327 Τῷ
1388 1259 1484 1327 μὲν
1521 1256 1613 1313 οῦν
1645 1261 1805 1314 Δα6⁴ιδ

248 1336 605 1424 ἐπηγγείλατο
631 1342 659 1392 6
686 1340 816 1404 Θεὸς
856 1345 1177 1416 ἀναστήσειν
1202 1350 1269 1401 ὲκ
1294 1351 1498 1415 κοιλίας
1519 1353 1679 1406 αὑτοῦ
1712 1354 1807 1424 βα-

248 1428 417 1492 σιλέα,
448 1422 506 1482 οῦ
538 1432 717 1504 πατὴρ
744 1434 903 1498 αὐτὸς
948 1438 976 1490 6
1024 1438 1154 1502 Θεὸς
1202 1439 1417 1494 ἔσεσθαί
1452 1462 1632 1514 φησιν,
1667 1422 1805 1499 ὥστε

246 1518 337 1571 τὸν
362 1521 641 1591 γενόμενον
659 1526 722 1577 ὲκ
750 1526 1058 1597 σπέρματος
1084 1530 1265 1597 Δαϐὶδ,
1297 1532 1422 1587 Υῑὸν
1448 1536 1805 1608 ὀνομασθῆναι

242 1610 402 1675 Θεοῦ,
422 1613 602 1684 θρόνον
631 1634 689 1669 τε
713 1617 982 1686 βασιλείας
1001 1621 1139 1685 ἕξειν
1164 1623 1398 1680 αἰώνιον.
1428 1647 1444 1678 ι
1466 1627 1649 1681 Ταῦτα
1673 1629 1728 1682 δὲ
1749 1632 1805 1683 ὲν

245 1713 346 1774 μὲν
373 1709 438 1777 τῇ
459 1707 680 1778 δευτέρα
711 1710 819 1764 τῶν
849 1712 1138 1767 Βασιλειῶν
1168 1716 1252 1769 διὰ
1279 1718 1462 1771 Νάθαν
1492 1719 1581 1772 τοῦ
1600 1722 1808 1792 προφή-

3368 277 3473 336 6'50

2402 392 2566 463 239
2603 390 2830 446 CAPUT
2868 391 2984 446 xu.

1987 506 2031 559 Α
2063 507 2216 559 tertio
2250 505 2561 575 Regnorum.
2587 535 2656 545 —
2685 503 2821 557 Deus
2848 504 2912 558 de
2944 504 3071 575 coelo
3100 503 3437 571 descendens,

2145 585 2195 631 et
2230 574 2347 629 cum
2381 575 2676 629 hominibus
2708 576 2762 628 in
2793 583 2933 628 terra
2967 574 3235 628 habitans.

1993 811 2011 843 ι
2041 790 2109 844 Et
2154 805 2299 845 nunc
2326 828 2342 855 ,
2397 788 2623 844 Domine
2671 789 2814 845 Deus
2865 790 3071 858 Israel,
3117 790 3471 847 conﬁrmetur

1908 883 2021 952 jam
2077 882 2303 938 verbum
2351 889 2536 944 tuum,
2592 881 2736 951 quod
2788 882 3002 937 loeutus
3048 898 3107 937 es
3155 898 3323 952 puero
3377 892 3472 938 tuo

1913 973 2078 1029 David
2118 975 2258 1045 patri
2297 988 2418 1028 meo
2455 976 2747 1043 :quoniam
2789 975 2835 1027 si
2869 990 2993 1029 vere
3025 975 3291 1030 habitabit
3326 974 3472 1031 Deus

1912 1082 2035 1120 cum
2063 1066 2379 1121 hominibus
2408 1067 2462 1121 in
2488 1080 2630 1123 terra
2650 1107 2664 1131 ,
2697 1068 2742 1121 si
2771 1068 2967 1120 caelum
2990 1106 3004 1130 ,
3031 1074 3086 1121 et
3120 1067 3316 1120 coelum
3346 1065 3470 1119 emli

1912 1171 2021 1210 non
2072 1157 2289 1226 capient
2326 1165 2381 1212 te
2414 1157 2481 1210 ⁸⁸.
2512 1178 2529 1209 ι
2562 1157 2750 1213 Posita
2807 1165 2937 1212 sunt
2991 1157 3181 1211 eadem
3239 1156 3353 1211 haec
3403 1156 3469 1209 ad

1907 1250 2133 1305 verbum
2190 1250 2321 1304 item
2396 1251 2451 1304 in
2508 1249 2983 1320 Paralipomenis:
3043 1248 3311 1318 siquidem
3364 1247 3471 1316 ipsi

1910 1340 2081 1395 David
2135 1341 2412 1411 pollicitus
2469 1341 2645 1396 fuerat
2684 1340 2863 1405 Deus,
2909 1342 3270 1395 excitaturum
3309 1356 3368 1395 se
3405 1339 3472 1393 de

1908 1440 2100 1489 ventre
2135 1434 2308 1504 ipsius
2339 1449 2551 1505 regem,
2599 1434 2757 1503 cujus
2801 1443 3007 1503 patrem
3056 1431 3174 1487 fore
3217 1447 3310 1496 se,
3356 1434 3473 1502 ipse

1911 1523 2055 1579 Deus
2094 1523 2331 1589 dixerat,
2352 1539 2527 1593 usque
2567 1524 2702 1578 adeo
2741 1531 2801 1577 ut
2840 1525 2887 1577 is
2926 1521 3019 1592 qui
3052 1530 3370 1578 nasceretur
3406 1520 3473 1576 de

1912 1620 2119 1671 semine
2172 1615 2377 1681 David,
2434 1626 2579 1672 esset
2610 1616 2781 1671 Filius
2830 1614 2925 1670 Dei
2973 1615 3369 1680 nominandus,
3417 1622 3473 1668 et

1912 1710 2108 1764 solium
2150 1709 2303 1778 regni
2342 1716 2605 1764 aeternum
2646 1708 2954 1763 habiturus.
3009 1706 3221 1762 Etenim
3261 1707 3376 1761 haec
3412 1706 3471 1761 in

241 1810 334 1847 του
360 1796 600 1868 ἐχρήσθη
628 1798 704 1869 τῷ
730 1800 890 1853 Δαϐὶδ
909 1801 1090 1855 τοῦτον
1113 1803 1202 1857 τὸν
1227 1806 1440 1876 τρόπον·
1466 1827 1482 1858 ι
1504 1810 1612 1861 Kal
1632 1809 1803 1874 ἔσται¹

1915 1799 2156 1854 secundo
2208 1797 2555 1869 Regnorum,
2612 1813 2709 1868 per
2751 1797 2964 1852 Nathan
3014 1797 3332 1867 prophetam
3378 1812 3469 1852 re-

241 1885 336 1938 ἐὰν
364 1887 724 1959 πληρωθῶσιν
748 1894 802 1944 αἱ
836 1894 1035 1965 ἡμέραι
1069 1912 1183 1957 σου,
1215 1898 1306 1949 καὶ
1335 1899 1643 1972 κοιμηθήσῃ
1676 1901 1810 1970 μετὰ

240 1977 348 2031 τῶν
376 1981 628 2052 πατέρων
663 2000 775 2047 σου,
812 1987 903 2038 καὶ
930 1988 1213 2059 ἀναστήσω
1233 1989 1291 2041 τὸ
1316 1990 1532 2061 σπέρμα
1558 2008 1649 2044 σου
1675 1994 1810 2063 μετά

241 2069 330 2122 σέ’
359 2070 418 2135 ὃς
451 2073 599 2126 ἔσται
627 2075 690 2128 ὲκ
733 2077 829 2146 τῆς
878 2078 1081 2141 κοιλίας
1133 2094 1245 2143 σου,
1276 2080 1368 2132 καὶ
1415 2082 1687 2152 ἑτοιμάσω
1712 2083 1809 2153 τὴν

241 2162 515 2230 βασιλείαν
540 2164 724 2218 αὐτοῦ.
745 2168 912 2230 Αὐτὸς
932 2170 1271 2241 οἰκοδομήσει
1305 2188 1393 2241 μοι
1422 2168 1567 2225 οἶκον
1595 2172 1673 2243 τῷ
1693 2175 1793 2227 ὀνό-

243 2255 373 2322 ματί
399 2273 523 2324 μου,
557 2260 649 2311 καὶ
664 2257 954 2330 ἀνορθώσω
977 2262 1067 2314 τὸν
1089 2262 1274 2333 θρόνον
1299 2262 1457 2315 αὐτοῦ
1487 2264 1591 2326 ἓως
1620 2267 1697 2328 εἰς
1718 2265 1808 2318 τὸν

238 2351 431 2404 αἰῶνα.
449 2350 588 2417 Ἐγὼ
609 2350 799 2421 ἔσομαι
821 2351 969 2423 αὐτῷ
994 2355 1071 2416 εἰς
1095 2354 1333 2424 Πατέρα,
1361 2357 1455 2408 κα)⁸
1477 2356 1636 2419 αὐτὸς
1660 2357 1807 2410 ἔσται

239 2460 330 2511 μοι
364 2445 449 2507 είς
474 2443 621 2496 Υἱόν.
653 2461 670 2492 ι
709 2443 790 2496 re
835 2444 880 2496 δ’
912 2444 1051 2497 αὐτὰ
1092 2445 1183 2497 καὶ
1212 2447 1267 2497 ὲν
1303 2446 1808 2517 Παραλειπομέναις

238 2533 441 2603 ὁμοίως
478 2536 708 2605 εἴρηται.
729 2535 815 2587 Ἐν
844 2535 899 2587 δὲ
927 2534 1124 2605 ψαλμῷ
1150 2535 1488 2607 ὀγδοηκοστῷ
1525 2538 1693 2606 ὀγδόῳ
1723 2537 1810 2591 λέ-

237 2624 456 2677 λεκταιο
490 2643 507 2674 ι
534 2625 700 2688 Αὐτὸς
734 2626 1115 2680 ὲπικαλέσεταί
1145 2644 1210 2697 με
1235 2644 1247 2656 ·
1283 2628 1473 2699 Πατήρ
1505 2646 1604 2699 μου
1634 2626 1686 2682 εἷ
1719 2631 1804 2693 σὺ,

237 2715 370 2778 Θεός
402 2733 524 2785 μου,
552 2715 645 2768 καὶ
678 2715 1023 2789 ἀντιλήπτωρ
1052 2717 1152 2787 τῆς
1184 2720 1453 2789 σωτηρίας
1486 2737 1607 2790 μου.
1638 2720 1808 2789 Κάγὼ

235 2808 584 2879 πρωτότοκον
614 2807 848 2879 θήσομαι
880 2810 1061 2874 αὐτὸν,
1096 2809 1295 2880 ὑψηλὸν
1329 2810 1478 2881 παρά
1515 2812 1626 2875 τοῖς
1657 2813 1808 2882 βασι-

232 2897 389 2951 λεῦσι
423 2899 520 2968 τῆξ
556 2899 687 2970 γῆς·
716 2901 795 2963 εἰς
836 2900 926 2953 τὸν
949 2901 1117 2955 αἰῶνα
1149 2902 1366 2971 φυλάξω
1398 2902 1543 2973 αὑτῷ
1574 2904 1635 2956 τὸ
1663 2903 1808 2968 ἔλεός

241 3009 368 3061 μου,
400 2991 491 3044 καὶ
530 2993 561 3061 ή
584 2992 812 3062 διαθήκη
840 3010 939 3063 μου
966 2993 1129 3065 πιστὴ
1152 2995 1329 3065 αὐτῷ’
1358 2996 1449 3049 καὶ
1475 2995 1708 3067 θήσομαι
1728 2998 1807 3060 είς

235 3080 326 3133 τὸν
361 3079 531 3133 αἰῶνα
561 3080 654 3133 τοῦ
682 3081 873 3144 αἰῶνος
895 3082 953 3136 τὸ
984 3084 1201 3155 σπέρμα
1229 3085 1412 3148 αὐτοῦ,
1442 3087 1534 3140 καὶ
1562 3088 1652 3141 τὸν
1681 3088 1806 3160 θρό-

235 3189 327 3223 νον
356 3172 518 3224 αύτοῦ
545 3174 618 3235 ὡς
644 3173 741 3237 τὰς
775 3174 986 3247 ἡμέρας
1006 3175 1099 3228 τοῦ
1137 3178 1196 3230 ού
1208 3177 1387 3248 ρανοῦ.
1415 3198 1431 3229 ι
1468 3180 1578 3232 Καὶ
1606 3179 1765 3233 πάλιν
1785 3197 1797 3209 ·

244 3280 262 3312 ι
278 3263 486 3332 Ὢμοσα
511 3264 671 3317 Δαὸὶδ
703 3264 780 3334 τῷ
802 3264 969 3335 δούλῳ
999 3284 1097 3336 μου
1116 3284 1129 3297 ·
1167 3268 1307 3331 Ἕως
1330 3270 1422 3322 τοῦ
1452 3270 1644 3334 αἰῶνος
1670 3274 1805 3325 ἐτοι-

238 3353 400 3422 pem
426 3352 485 3405 τὸ
517 3355 735 3426 σπέρμα
762 3372 877 3419 σου,
908 3358 999 3410 καὶ
1021 3359 1356 3430 οἰκοδομήσω
1388 3363 1466 3425 είς
1498 3363 1688 3428 γενεὰν
1714 3364 1804 3417 τὸν

234 3444 427 3516 θρόνον
458 3462 568 3498 σου.
604 3467 621 3497 ι
659 3450 767 3501 Καὶ
790 3446 944 3514 αὖθις
964 3468 977 3481 ο
1019 3451 1232 3517 ι”Λπαξ
1258 3452 1447 3524 ὤμοσα
1468 3456 1525 3507 ἒν
1557 3455 1633 3527 τῷ
1668 3458 1805 3527 ἁγίῳ

240 3554 366 3609 μου,
398 3538 444 3589 εἱ
477 3538 552 3607 τῷ
578 3539 739 3591 Δαϐιδ
762 3540 1030 3611 ψεύσομαι
1052 3561 1065 3573 ·
1090 3544 1150 3596 τὸ
1173 3544 1389 3616 σπέρμα
1424 3546 1584 3599 αὐτοῦ
1616 3550 1693 3610 είς
1714 3547 1804 3602 τὸν

237 3628 415 3682 αἰῶνα
451 3633 618 3699 μενεῖ,
655 3632 748 3683 καὶ
776 3634 804 3683 6
828 3632 1016 3704 θρόνος
1044 3635 1205 3688 αὑτοῦ
1234 3636 1307 3699 ('0;
1333 3639 1360 3689 6
1391 3638 1539 3707 ἥλιος
1569 3639 1804 3692 ἐναντίον

233 3737 363 3793 μου,
397 3722 489 3774 καί
530 3721 605 3783 ὡς
653 3724 685 3792 ἡ
739 3723 931 3796 σελήνη
978 3729 1378 3800 κατηρτισμένη
1412 3731 1492 3792 είς
1534 3729 1623 3785 τὸν
1671 3731 1803 3785 αἰῶ-

231 3830 322 3867 να.
359 3831 379 3864 ι
413 3813 625 3866 Τούτων
653 3815 717 3886 δή
749 3818 840 3871 καὶ
887 3818 915 3868 6
964 3819 1249 3883 ὲκατοστὸς
1294 3822 1606 3892 τριακοστὸς
1659 3823 1805 3893 πρῶ-

232 3923 325 3969 τος
357 3905 570 3975 ψαλμὸς
606 3908 997 3978 μνημονεύσας,
1033 3912 1124 3964 ἐπὶ
1169 3912 1258 3965 τὸν
1291 3913 1521 3985 Χριστὸν
1549 3914 1803 3985 ἀναφέρει

230 4000 301 4051 τὰ
329 3999 856 4069 δηλούμενα.Ἀκουε
885 4002 929 4055 δ’
964 4000 1056 4057 οῦν
1085 4006 1176 4058 καὶ
1203 4004 1389 4059 τούτου
1410 4024 1422 4037 ·
1459 4025 1476 4057 ι
1503 4006 1799 4077 Μνήσθητι,

230 4089 433 4159 Κύριε,
467 4090 558 4143 τοῦ
601 4092 780 4156 Δαόιδ,
823 4093 914 4146 καὶ
950 4094 1129 4165 πάσης
1150 4096 1247 4166 τῆς
1272 4097 1574 4169 πραότητος
1606 4098 1799 4152 αὐτοῦ·

228 4177 309 4242 ὡς
351 4178 531 4248 ὤμοσε
566 4182 643 4252 τῷ
678 4185 882 4254 Κυρίῳ,
910 4185 1110 4255 ηὔξατο
1146 4187 1223 4258 τῷ
1266 4187 1382 4258 Θεῷ
1417 4190 1624 4243 Ἰακώϐ.
1653 4211 1670 4243 ι
1709 4185 1802 4256 Οἷς

232 4268 360 4338 μεθ’
389 4269 548 4341 ἕτερα
585 4272 821 4342 ἐπιλέγει
840 4291 852 4304 -
888 4276 1122 4347 «Ὤμοσε
1154 4276 1353 4347 Κύριος
1385 4278 1461 4348 τῷ
1494 4280 1655 4333 Δαϐιδ
1684 4281 1784 4353 ἀλή

227 4362 408 4423 θειαν,
427 4363 519 4416 καὶ
542 4364 602 4415 ού
633 4364 705 4435 μὴ
739 4363 973 4438 ἀθετήσῃ
1005 4368 1191 4437 αὑτήν.
1224 4370 1316 4421 Ἐκ
1346 4370 1556 4441 καρποῦ
1579 4372 1677 4442 τῆς
1695 4391 1805 4427 κοι-

226 4452 359 4516 λίας
391 4470 480 4506 σου
511 4454 743 4525 θήσομαι
774 4457 864 4509 ἐπὶ
887 4458 974 4510 τὸν
1005 4459 1189 4530 θρόνον
1214 4478 1325 4513 σου.
1352 4481 1370 4513 ι
1401 4464 1509 4515 Καὶ
1538 4464 1803 4520 ὑποκατα-

228 4543 338 4607 6ἀς
367 4544 510 4617 ἑξῆς,
539 4546 630 4600 τὸν
662 4550 725 4601 ἐκ
752 4549 962 4619 καρποῦ
996 4551 1200 4615 κοιλίας
1232 4553 1393 4607 Δαϐὶδ
1425 4556 1794 4628 ἀναστησόμε-

228 4651 324 4686 νον
360 4633 673 4706 λευκότερον
719 4637 990 4708 ὀνομάζει,
1035 4639 1242 4709 λέγων·
1279 4660 1296 4693 ι
1321 4643 1467 4697 Ἑκεῖ
1500 4645 1799 4712 ὲξανατελῶ

230 4727 408 4795 κέρας
445 4726 521 4797 τῷ
549 4729 730 4793 Δαδὶδ,
763 4731 1032 4801 ήτοίμασα
1073 4732 1262 4803 λύχνον
1291 4734 1369 4804 τῷ
1396 4736 1612 4807 Χριστῷ
1658 4754 1758 4807 μου
1782 4753 1795 4766 ⁸

228 4819 366 4880 τοὺς
401 4816 623 4889 ἐχθροὺς
669 4820 830 4873 αὐτοῦ
870 4822 1072 4876 ἐνδύσω
1108 4824 1396 4896 αἰσχύνην·
1435 4827 1526 4879 ἐπὶ
1554 4827 1611 4880 δὲ
1641 4828 1801 4881 αὑτὸν

229 4907 523 4979 ἑξανθήσει
550 4911 608 4963 τὸ
635 4912 883 4982 ἁγίασμά
914 4931 1034 4983 μου.
1074 4933 1092 4965 ι
1121 4915 1618 4989 Ταῦταυτοιγαροῦν
1641 4918 1798 4970 Σολο-

234 4999 363 5068 μῶν
386 5003 414 5053 6
450 5000 754 5069 σοφώτατος
783 5002 861 5073 τῷ
898 5004 1091 5057 ἑαυτοῦ
1150 5007 1316 5078 ’πατρῖ⁴
1347 5007 1650 5078 χρησθέντα
1678 5025 1801 5061 συν-

228 5091 459 5159 νοήσας,
493 5091 566 5161 μὴ
585 5092 773 5162 μικρὰ,
807 5091 1091 5163 μείξοναδὲ
1107 5094 1205 5164 τῆς
1228 5094 1368 5148 κατά
1388 5094 1671 5166 ἄνθρωπον
1701 5095 1799 5165 φύ-

228 5197 380 5243 σεως
422 5184 749 5253 τυγχάνοντα
800 5185 1042 5248 συνιδὼν,
1096 5187 1187 5239 καὶ
1245 5186 1441 5257 μᾶλλον
1493 5187 1798 5259 ἁρμόζοντα

224 5271 361 5343 Θεῷ
404 5275 544 5345 ἢπερ
592 5275 756 5345 αὐτῷ,
791 5277 990 5350 καίπερ
1014 5277 1125 5330 ὄντι
1162 5277 1263 5348 υἱῷ
1295 5278 1476 5340 Δαὸὶδ,
1513 5279 1711 5342 συνιείς
1741 5297 1799 5333 τε

222 5362 327 5415 τὸν
363 5363 495 5433 πρὸς
518 5363 609 5416 τοῦ
638 5363 769 5419 Θεοῦ
791 5366 1136 5436 Πρωτότοκον
1167 5367 1567 5438 ὠνομασμένον,
1594 5369 1685 5422 καὶ
1713 5368 1801 5421 τὸν

225 5451 429 5520 uagatis;
456 5456 920 5527 προφητευόμενον
946 5457 1073 5510 Υίὸν
1111 5456 1266 5519 Θεοῦ,
1299 5458 1639 5529 ὑπεργέγηθε
1684 5460 1802 5521 ταῖς

1912 1906 2111 1961 sponsa
2161 1901 2291 1946 sunt
2343 1891 2448 1960 ipsi
2502 1890 2708 1953 David,
2755 1890 2809 1944 in
2861 1891 3006 1944 hunc
3048 1891 3315 1944 modum:
3352 1906 3371 1940 ι
3407 1887 3473 1942 Et

1909 1980 2033 2045 erit,
2058 1994 2181 2033 cum
2230 1981 2487 2050 completi
2525 1980 2730 2034 fuerint
2769 1980 2887 2035 dies
2930 1980 3043 2045 tui,
3084 1986 3138 2035 et
3180 1980 3471 2034 dormieris

1909 2086 2034 2125 cum
2074 2072 2320 2141 patribus
2359 2072 2501 2135 tuis,
2534 2080 2587 2126 et
2617 2072 2895 2126 suscitabo
2930 2087 3115 2126 semen
3156 2081 3309 2125 tuum
3349 2079 3472 2142 post

1910 2172 1963 2217 te
1985 2203 2000 2229 ,
2033 2170 2087 2218 et
2119 2162 2261 2232 quod
2297 2163 2399 2217 erit
2427 2178 2493 2217 ex
2523 2171 2710 2217 ventre
2740 2171 2868 2225 tuo,
2903 2171 2955 2217 et
3000 2163 3205 2232 parabo
3244 2178 3469 2233 regnum

1909 2255 2047 2323 ejus.
2098 2252 2217 2324 Ipse
2248 2253 2536 2308 aedificabit
2564 2252 2694 2306 mihi
2729 2254 2946 2307 domum
2978 2254 3031 2307 in
3063 2254 3283 2307 nomine
3311 2269 3433 2309 meo
3453 2293 3469 2314 .

1908 2356 1962 2401 et
1991 2347 2192 2416 erigam
2227 2347 2409 2401 sedem
2442 2346 2563 2415 ejus
2613 2361 2785 2415 usque
2833 2345 2899 2398 ad
2945 2344 3357 2414 sempiternum.
3407 2344 3472 2399 Et

1908 2455 2003 2493 ero
2036 2441 2113 2494 illi
2143 2440 2197 2493 in
2228 2438 2443 2494 Patrem
2468 2478 2482 2502 ,
2514 2446 2568 2493 et
2597 2439 2713 2508 ipse
2744 2439 2847 2491 erit
2876 2437 3010 2490 mihi
3042 2437 3098 2491 in
3132 2435 3328 2492 Filium
3357 2438 3421 2491 δ’.
3447 2457 3465 2490 ι

1909 2528 2110 2583 Eadem
2144 2544 2271 2583 vero
2302 2529 2463 2582 etiam
2499 2528 2553 2582 in
2597 2526 3059 2596 Paralipomenis,
3104 2524 3270 2582 simili
3310 2527 3471 2582 modo

1908 2621 2053 2675 dicta
2082 2628 2208 2675 sunt
2236 2622 2302 2675 ⁸ο.
2333 2618 2391 2673 In
2419 2620 2631 2689 psalmo
2677 2626 2854 2674 autem
2900 2620 3231 2690 octogesimo
3278 2632 3473 2679 octavo

1908 2715 2115 2770 dictum
2141 2723 2225 2770 est
2250 2735 2261 2768 :
2295 2733 2312 2766 ι
2343 2715 2462 2785 ipse
2489 2714 2762 2769 invocabit
2786 2731 2893 2779 me,
2918 2713 3081 2769 Pater
3106 2730 3261 2769 meus
3286 2729 3346 2769 es
3370 2722 3431 2770 tu
3449 2753 3468 2783 ,

1906 2807 2052 2863 Deus
2081 2824 2261 2872 meus,
2294 2817 2346 2863 et
2380 2815 2665 2878 susceptor
2694 2808 2885 2863 salutis
2912 2824 3065 2864 meze.
3106 2808 3172 2862 Et
3225 2823 3323 2879 ego
3355 2807 3470 2878 pri-

1906 2899 2238 2969 mogenitum
2286 2914 2484 2969 ponam
2536 2899 2722 2963 illum,
2771 2899 3045 2954 excelsum
3093 2913 3204 2968 pne
3249 2897 3471 2968 regibus

1904 2998 2109 3046 teme:
2173 2990 2229 3044 in
2290 2999 2554 3045 aeternum
2616 2990 2845 3045 servabo
2903 2990 2981 3043 illi
3036 2990 3466 3045 misericordiam

1908 3092 2120 3142 meam,
2177 3084 2230 3132 et
2282 3085 2669 3133 testamentum
2726 3094 2940 3141 meum,
3002 3079 3159 3135 ﬁdele
3211 3081 3358 3151 ipsi:
3414 3087 3471 3136 et

1908 3182 2106 3237 ponam
2144 3169 2197 3220 in
2230 3168 2490 3221 saeculum
2526 3168 2709 3222 saeculi
2757 3183 2941 3223 semen
2984 3169 3139 3238 ejus,
3184 3178 3239 3224 et
3282 3169 3467 3224 sedem

1908 3259 2028 3327 ejus
2063 3259 2209 3312 sicut
2253 3258 2370 3313 dies
2415 3259 2539 3312 coeli
2576 3259 2642 3311 ⁸¹.
2676 3278 2694 3309 ι
2724 3258 2789 3312 Ει
2822 3275 3013 3315 rursus
3045 3279 3057 3313 :
3091 3280 3109 3311 ι
3138 3258 3323 3313 Juravi
3366 3258 3471 3313 Da-

1908 3350 1997 3405 vid
2032 3365 2189 3404 servo
2228 3364 2387 3405 meo:
2415 3348 2598 3419 Usque
2636 3351 2689 3405 in
2731 3352 2985 3407 saeculum
3026 3351 3341 3421 praeparabo
3384 3366 3471 3406 se-

1910 3450 2032 3489 men
2060 3446 2212 3489 tuum
2236 3475 2250 3499 ,
2282 3444 2335 3491 et
2366 3436 2647 3492 aediﬁcabo
2682 3440 2737 3493 in
2769 3440 3174 3510 generationem
3204 3451 3259 3495 et
3304 3455 3469 3509 gene-

1910 3528 2173 3584 rationem
2237 3528 2420 3584 sedem
2477 3537 2628 3585 tuam
2664 3533 2733 3587 ".
2774 3553 2791 3583 ι
2827 3534 2893 3586 Et
2946 3550 3140 3589 rursus
3175 3554 3189 3588 :
3229 3553 3249 3587 ι
3287 3532 3469 3590 Semel

1906 3621 2085 3691 juravi
2127 3621 2182 3676 in
2227 3630 2415 3679 saneto
2459 3639 2618 3689 meo,
2668 3626 2714 3680 si
2758 3624 2925 3680 David
2965 3630 3239 3693 mentiar;
3282 3642 3473 3683 semen

1910 3715 2029 3784 ejus
2059 3716 2111 3771 in
2144 3717 2402 3771 saeculum
2445 3725 2661 3782 manet,
2696 3727 2750 3772 et
2784 3717 2941 3773 sedes
2968 3719 3090 3787 ejus
3122 3720 3266 3774 sicut
3298 3719 3381 3774 sol
3412 3720 3470 3772 in

1910 3818 2204 3879 conspectu
2254 3823 2405 3872 meo,
2457 3817 2511 3863 et
2555 3808 2698 3864 sicut
2744 3810 2871 3863 luna
2916 3810 3153 3880 perfecta
3197 3814 3250 3865 in
3294 3828 3470 3868 saecu-

1909 3902 2020 3955 lum
2052 3901 2118 3955 ⁸³.
2157 3920 2175 3952 ι
2211 3901 2372 3970 27o
2400 3899 2571 3956 Porro
2599 3917 2720 3957 eum
2748 3902 2933 3957 eadem
2983 3903 3095 3957 haec
3133 3905 3295 3959 etiam
3340 3921 3471 3962 cen-

1910 3993 2140 4049 tesimus
2171 3994 2488 4049 tricesimus
2524 3994 2731 4065 primus
2763 3995 3006 4065 psalmus
3037 4004 3468 4061 commemoret,

1910 4086 1979 4139 ad
2031 4085 2306 4142 Christum
2360 4085 2527 4142 refert
2574 4101 2637 4142 ea
2694 4103 2815 4157 quae
2864 4086 3053 4141 dictat.
3112 4087 3251 4141 Audi
3305 4089 3472 4159 igitur

1909 4177 2054 4233 hunc
2106 4192 2365 4248 quoque:
2403 4198 2421 4230 ι
2461 4178 2765 4245 Memento,
2825 4179 3087 4244 Domine,
3147 4179 3315 4235 David
3344 4223 3360 4248 ,
3416 4190 3471 4237 et

1911 4269 2088 4325 omnis
2120 4271 2555 4327 mansuetudinis
2605 4272 2722 4340 ejus
2764 4291 2776 4325 :
2836 4272 2978 4328 sicut
3031 4274 3236 4342 juravit
3288 4273 3472 4329 Domi-

1910 4376 2015 4426 no,
2052 4370 2236 4417 votum
2270 4364 2415 4418 vovit
2440 4362 2551 4418 Deo
2583 4364 2752 4419 Jacob
2784 4365 2851 4418 “.
2894 4384 2912 4416 ι
2952 4366 3162 4431 Quibus
3201 4374 3324 4436 post
3365 4367 3469 4421 alia

1912 4453 2169 4524 deinceps
2216 4455 2504 4526 adiungit:
2542 4473 2560 4507 ι
2594 4454 2806 4509 Juravit
2854 4454 3115 4509 Dominus
3164 4454 3333 4509 David
3375 4472 3468 4511 ve-

1907 4544 2155 4611 ritatem,
2185 4553 2238 4600 et
2267 4562 2375 4601 non
2418 4546 2775 4602 frustrabitur
2816 4562 2960 4602 eum.
2994 4546 3070 4603 De
3112 4546 3291 4601 fructu
3337 4562 3466 4603 ven-

1905 4634 2009 4689 tris
2055 4636 2135 4689 tni
2177 4651 2371 4705 ponam
2419 4653 2586 4708 super
2637 4637 2818 4693 sedem
2878 4647 3027 4691 tuam
3073 4640 3143 4694 ⁸⁸.
3177 4658 3195 4690 ι
3229 4637 3293 4691 Ει
3332 4652 3469 4709 pau-

1906 4726 2017 4779 lum
2050 4742 2374 4798 progressus
2416 4728 2708 4799 deinceps,
2754 4744 2879 4785 eum
2924 4730 3015 4799 qui
3062 4730 3133 4784 sit
3178 4730 3245 4783 de
3285 4729 3465 4783 fructu

1906 4819 2113 4873 ventris
2164 4817 2331 4873 David
2381 4819 2765 4885 suscitandus,
2817 4821 3038 4890 planius
3085 4819 3331 4874 nominat
3382 4820 3467 4874 di-

1907 4923 2037 4966 cens
2066 4930 2078 4965 :
2104 4929 2122 4959 ι
2146 4911 2261 4965 Illic
2288 4912 2584 4982 producam
2622 4928 2794 4968 cornu
2829 4911 2994 4967 David
3016 4952 3031 4976 ,
3066 4911 3253 4981 paravi
3284 4911 3464 4965 lucer-

1907 5016 2032 5055 nam
2076 5001 2299 5057 Christo
2344 5019 2495 5066 meo,
2543 5003 2794 5057 inimicos
2833 5002 2953 5071 ejus
2994 5002 3215 5057 induam
3270 5001 3464 5056 confu-

1907 5094 2079 5148 sione.
2134 5094 2308 5164 Super
2360 5095 2538 5164 ipsum
2591 5103 2770 5149 autem
2811 5092 3075 5149 efﬂorebit
3107 5094 3466 5149 sanctiﬁcatio

1905 5200 2024 5239 mea
2056 5184 2119 5238 “.
2154 5204 2172 5236 ι
2199 5186 2387 5256 Itaque
2419 5187 2533 5240 haec
2560 5184 2816 5241 Salomon
2847 5185 3318 5255 sapientissimus,
3346 5201 3466 5256 qua)

1904 5277 2044 5345 patri
2081 5293 2182 5333 suo
2211 5293 2474 5349 responsa
2509 5278 2753 5343 fuerant,
2788 5293 2911 5332 cum
2947 5278 3309 5333 intellexisset
3351 5293 3465 5333 non

1905 5363 1980 5418 ita
2015 5380 2177 5435 parva
2207 5383 2360 5433 esse,
2396 5368 2492 5424 sed
2526 5368 2733 5438 majora
2765 5383 2924 5437 quam
2956 5376 3015 5422 ut
3045 5376 3256 5423 naturai
3289 5368 3471 5424 homi-

1908 5456 1996 5511 nis
2038 5461 2326 5515 convenire
2366 5468 2619 5530 possent.
2666 5459 2884 5530 Deoque
2927 5460 3109 5530 potius
3159 5474 3469 5517 accommo-

305 5629 443 5708 fflll
468 5630 857 5708 ᾖριξχιιιβϐ,
877 5637 966 5692 27.
1038 5637 1082 5671 δ’
1115 5637 1157 5693 ll
1180 5636 1310 5708 Reg.
1341 5655 1433 5699 vn.
1468 5637 1649 5692 12—”.
1728 5635 1808 5690 "1
1833 5636 2009 5691 Paral.
2034 5653 2166 5699 nu,
2198 5638 2279 5694 10.
2357 5641 2399 5673 ⁸⁸
2442 5640 2584 5697 Psal.
2610 5655 2876 5708 Lxxxvm,
2906 5640 3103 5698 27-30.
3175 5642 3220 5674 "
3254 5640 3385 5700 ibid.
3410 5639 3471 5702 ὦ.

222 5700 278 5735 ⁸³
312 5701 447 5758 ibid.
481 5700 676 5768 56,58.
752 5706 796 5737 ”
831 5705 973 5762 Psal.
1025 5722 1206 5775 cxxxl,
1237 5700 1286 5778 i',
1310 5709 1364 5763 2.
1441 5710 1486 5741 ⁸⁵
1516 5708 1646 5763 ibid.
1688 5708 1772 5795 ll.

1933 5709 2063 5765 ibid.
2110 5710 2198 5797 17,
2234 5710 2320 5765 18.
2748 5712 2753 5717 ”
