3916 6200
445 246 560 321 ἐει

1104 256 1373 316 EUSEBII
1398 246 1876 314 CAESKRiENSIS
1911 250 2063 312 OPP.
2102 250 2285 309 PARS
2318 249 2384 307 ll.
2420 281 2488 291 —
2527 247 3033 306 APOLOGETICA.’
3076 290 3081 293 -

3600 246 3711 302 ιδε

462 379 641 438 danda
670 393 832 450 quam
858 376 1002 442 sibi,
1033 390 1159 430 cum
1191 382 1339 431 esset
1386 388 1605 445 quoque
1654 373 1797 430 (ilius
1846 370 2008 427 David

2114 369 2518 439 ,ἐπαγγελίαις,
2578 367 2673 423 καὶ
2733 369 3048 439 συνεύχεται
3086 364 3433 436 ίπιστωθῆναι
3486 365 3556 420 τά
3608 366 3715 437 τῆς

458 474 794 542 vidissetque
843 482 1004 534 eum,
1060 469 1155 539 qui
1202 482 1234 521 a
1273 467 1385 524 Deo
1420 466 1823 539 Primogenitus
1867 465 2049 521 nomi-

458 573 701 627 naretur,
731 560 933 631 quippe
960 558 1120 630 plane
1148 558 1292 615 ﬁlius
1344 557 1438 614 Dei
1487 557 1760 614 diceretur
1788 555 2040 613 futurus,

458 654 615 710 valde
669 650 870 705 talibus
917 648 1206 719 promissis
1271 648 1492 720 gavisus
1542 656 1628 704 est
1683 667 1698 704 :
1754 655 1811 703 et
1864 647 2026 704 simul

454 743 734 815 exoptavit
774 740 1090 797 conﬁrmari
1135 755 1232 808 ea,
1278 754 1401 815 quae
1433 739 1503 795 ad
1544 738 1650 795 hoc
1701 739 2023 795 vaticinium

459 838 829 909 pertinerent,
881 849 1100 893 necnon
1155 841 1445 889 venturum
1478 832 1629 887 illum
1662 831 1730 888 de
1757 846 1865 903 quo
1897 847 2026 903 pro-

458 927 642 998 phetia
697 925 1033 996 loqueretur,
1085 922 1519 994 Primogenitum
1576 935 1641 976 ac
1694 919 1789 976 Dei
1822 919 2021 976 Filium

458 1020 677 1078 interim
729 1020 884 1075 illum
936 1016 1235 1088 appellans.
1276 1012 1547 1082 Quocirca
1596 1014 1677 1071 sic
1721 1013 1847 1070 ait:
1903 1031 1922 1065 ι
1957 1011 2025 1066 Et

2146 462 2534 535 προρρήσεως,
2580 460 2931 532 ἐπιδημήσειν
2975 476 3034 512 τε
3076 459 3169 513 τὸν
3235 458 3713 531 προφητευόμενον

2141 551 2487 624 Πρωτότοκον
2516 552 2609 606 καὶ
2647 550 2783 604 Θεοῦ
2828 550 2953 604 Υίὸν
2990 549 3356 622 ἀναγορεύων.
3394 547 3483 602 Διό
3528 565 3664 620 φησι
3686 565 3707 580 ο

2137 662 2156 695 ι
2187 644 2298 698 Καὶ
2326 643 2442 707 νῦν,
2477 644 2505 696 6
2538 642 2672 707 Θεὸς
2708 642 2942 715 Ἰσραὴλ,
2976 641 3299 713 πιστωθήτω
3340 641 3406 712 δὴ
3446 641 3507 695 τὸ
3546 639 3713 713 ῥῆμά

2133 752 2247 802 σου,
2279 734 2309 788 ὃ
2339 733 2605 804 ἐλάλησας
2640 733 2719 805 τῷ
2761 733 2909 788 παιδί
2943 750 3033 787 σου
3064 732 3232 786 Δαϐὶδ
3263 730 3340 803 τῷ
3367 731 3526 804 πατρί
3552 749 3660 802 μου
3682 746 3703 763 ⁶

2125 826 2207 880 ὅτι
2245 827 2293 879 εἰ
2320 824 2536 897 ἀληθῶς
2563 826 2881 898 κατοικήσει
2924 825 3056 888 Θεὸς
3088 823 3225 897 μετά
3264 822 3560 895 ἀνθρώπων
3604 823 3710 877 ἐπὶ

2126 919 2225 991 τῆς
2248 919 2370 990 γῆς,
2402 921 2449 971 εί
2473 921 2502 972 6
2524 918 2748 991 οὐρανὸς
2773 919 2868 972 καὶ⁵
2893 920 2922 972 6
2951 917 3180 991 οὐρανὸς
3211 916 3306 970 τοῦ
3332 914 3559 989 οὐρανοῦ
3598 916 3709 969 οὐκ

2129 1011 2420 1083 ἀρκέσουσί
2452 1028 2553 1064 σοι.
2586 1029 2606 1062 ι

456 1127 636 1178 nunc,
684 1109 912 1167 Domine
958 1108 1102 1165 Deus
1161 1106 1362 1175 Israel,
1411 1106 1765 1185 conﬁrmetur
1796 1106 2017 1161 verbum
2050 1111 2238 1165 tuum,
2269 1102 2414 1173 quod
2445 1103 2655 1159 locutus
2703 1117 2763 1158 es
2810 1117 2982 1174 puero
3026 1110 3120 1157 tuo
3149 1100 3317 1157 David
3370 1101 3511 1173 patri
3540 1115 3704 1156 meo:

458 1205 719 1278 quoniam
744 1205 792 1261 si
821 1220 948 1262 vere
975 1203 1239 1263 habitabit
1254 1202 1395 1259 Deus
1432 1217 1558 1259 cum
1595 1202 1910 1259 hominibus
1939 1215 2102 1271 super
2130 1207 2330 1257 terram
2348 1239 2365 1263 ,
2396 1201 2445 1255 si
2475 1199 2671 1255 ccelum
2702 1207 2757 1254 et.
2788 1199 2986 1256 cmlum
3024 1197 3150 1253 coeli
3186 1213 3293 1255 non
3326 1197 3540 1268 capient
3568 1206 3646 1254 te.
3674 1214 3702 1249 ι

1034 1296 1264 1355 CAPUT
1302 1296 1443 1356 XIII.

454 1387 502 1444 Α
533 1387 779 1444 Micltwa.
800 1414 869 1427 -—-
894 1387 966 1443 De
995 1387 1249 1444 descensu
1280 1390 1345 1443 de
1375 1388 1500 1443 caelo
1540 1387 1611 1443 ad
1646 1387 1881 1443 homines
1901 1428 1916 1452 ,
1949 1403 2012 1441 ac

526 1458 590 1514 de
618 1458 816 1527 .futura
867 1461 921 1512 in
969 1458 1192 1513 adventu
1236 1461 1354 1528 ejus
1393 1458 1633 1513 Iudaica:
1676 1459 1843 1529 gentis
1882 1459 2016 1527 reje-

526 1541 725 1594 ctione,
756 1538 804 1583 et
828 1529 1148 1598 reliquarum
1177 1533 1408 1583 omnium
1437 1531 1668 1602 gentium
1713 1529 2010 1598 adoptione.

528 1765 549 1799 ι
579 1747 796 1813 Audite,
828 1749 1011 1819 populi
1074 1764 1301 1817 omnes,
1345 1761 1400 1808 et
1440 1740 1691 1811 attendat‘
1728 1763 1909 1821 terra,
1960 1765 2014 1813 et

446 1855 647 1897 omnes
677 1841 773 1911 qui
803 1840 856 1896 in
889 1856 951 1895 ea
985 1851 1127 1896 sunt.
1168 1841 1235 1897 Et
1266 1843 1371 1899 erit
1422 1844 1685 1903 Dominus
1722 1846 1866 1905 Deus
1916 1864 2013 1905 vc-

450 1941 570 1989 ster
597 1932 655 1987 in
672 1932 1066 1998 testimonium,
1097 1932 1358 1992 Dominus
1383 1936 1450 1993 de
1473 1936 1635 1995 domo
1663 1949 1852 1996 sancta
1879 1957 2010 1998 sua:

452 2024 610 2094 271
646 2023 903 2094 quoniam
932 2040 1067 2081 ecce
1084 2024 1346 2083 Dominus
1363 2030 1639 2101 egreditur
1654 2047 1719 2087 ex
1741 2033 1862 2088 loco
1891 2048 2012 2100 suo,

448 2123 506 2171 et
538 2116 832 2172 descendet
861 2132 1026 2187 super
1053 2117 1369 2176 altitudines
1398 2130 1577 2187 terrae,
1610 2131 1665 2178 et
1701 2139 2014 2181 commove-

447 2209 651 2267 buntur
678 2218 891 2268 montes
941 2211 1131 2267 subter
1173 2228 1238 2269 eo
1265 2253 1280 2279 ,
1320 2223 1374 2269 et
1411 2214 1579 2272 valles
1628 2216 1929 2286 liquescent
1955 2224 2015 2272 ut

446 2317 573 2358 cera
600 2318 631 2357 a
665 2303 804 2360 lacie
826 2304 988 2375 ignis,
1010 2311 1067 2361 et
1084 2306 1225 2361 sicut
1250 2322 1389 2377 aqua
1413 2324 1534 2378 quae
1574 2308 1815 2365 defertur
1838 2312 1891 2364 in
1915 2314 2013 2366 de-

445 2404 983 2466 scensumzpropter
1018 2395 1345 2466 impietatem
1391 2395 1561 2454 Jacoh
1603 2401 1787 2457 omnia
1855 2402 2010 2463 haec.

442 2489 499 2539 et
532 2491 754 2552 propter
788 2491 1070 2554 peccatum
1099 2483 1296 2542 domus
1312 2484 1558 2543 lsrael”.
1581 2508 1600 2541 ι
1620 2488 1777 2546 Nunc
1797 2504 2014 2561 quoque

445 2582 631 2645 aperte
664 2573 927 2632 Dominus
961 2575 1106 2633 Deus
1164 2577 1231 2635 de
1284 2579 1424 2635 cmlo
1446 2580 1805 2646 descendens,
1837 2581 2013 2653 deque

444 2668 565 2723 loco
588 2682 688 2723 suo
714 2667 1018 2739 egrediens,
1038 2669 1092 2724 in
1120 2669 1186 2726 iis
1202 2685 1323 2740 quae
1349 2672 1626 2742 proposita
1649 2680 1776 2729 sunt
1798 2674 2015 2728 nuntia-

447 2765 574 2811 tur:
607 2757 712 2813 erit
748 2764 926 2814 autem
958 2757 1062 2814 hoc
1088 2757 1179 2813 Det
1209 2759 1466 2827 Verbum,
1500 2761 1647 2832 quod
1676 2763 1734 2818 in
1771 2763 1859 2828 iis,
1894 2779 2015 2834 qua:

444 2850 594 2920 prius
623 2849 765 2904 dicta
794 2858 944 2916 sunt,
967 2865 1091 2907 cum
1117 2852 1354 2923 genitum
1385 2854 1475 2914 sit.
1505 2870 1631 2910 eum
1679 2870 1803 2911 esse
1843 2854 2013 2911 Deum

441 2955 507 2996 ac
554 2940 841 2997 Dominum
866 2981 881 3008 ,
911 2949 967 3000 et
991 2944 1173 2998 omnia
1212 2945 1317 3000 sub
1347 2961 1407 3001 se
1448 2945 1734 3003 habentem
1787 2946 2014 3003 demon-

2632 1293 3025 1347 ΚΕΦΔΛΑΙΟΝ
3063 1293 3161 1347 ll".

2124 1386 2270 1443 Ἀπὸ
2314 1384 2421 1440 τοῦ
2472 1385 2713 1455 Μιχαία.
2743 1415 2814 1425 -
2841 1383 2983 1455 Περὶ,
3034 1383 3143 1453 τῆς
3190 1385 3261 1455 ἐξ
3303 1384 3573 1455 οὐρανῶν
3610 1387 3705 1454 εις

2183 1455 2531 1539 ἀνθρῴπους
2556 1454 2871 1539 καθόδουη
2894 1454 2993 1508 καὶ
3013 1456 3147 1539 περὶ
3176 1454 3405 1539 Ξῆςθέπὶ
3445 1454 3555 1539 ιςῆς
3584 1470 3705 1537 ara:

2175 1528 2430 1596 ρουσίας
2449 1525 2633 1596 αὐτοῦ
2664 1524 2985 1594 γενομένης
3053 1525 3351 1596 ἀποϐολῆς
3408 1526 3531 1596 μὲν
3586 1525 3704 1580 τοῦ

2195 1545 3356 1662 ῗὶἰέμίὲἒὶίιςωΐνῗοῖοξεῖῗῗιῗὲοιπῗέτὲιᾷῗλὲἓ
3392 1545 3531 1650 ἐ.εέ
3566 1545 3699 1651 1211’

2183 1664 2312 1719 πῶν
2346 1664 2623 1719 ἁπάντων
2647 1664 2853 1719 ἐθνῶν.

2192 1779 2211 1811 ι
2233 1758 2545 1824 Ἀκούσατε,
2567 1757 2686 1812 λαοὶ
2713 1758 2933 1823 πάντες,
2960 1759 3059 1813 καὶ
3081 1757 3394 1831 προσεχέτω
3420 1760 3454 1830 ή
3477 1758 3574 1829 γῆ,
3598 1759 3696 1813 καὶ

2115 1851 2315 1914 πάντες
2362 1851 2409 1903 οἱ
2454 1850 2511 1903 ἐν
2557 1850 2713 1922 αὐτῇ.
2745 1850 2855 1903 Καὶ
2902 1849 3054 1903 ἔσται
3078 1849 3280 1920 Κύριος
3311 1852 3340 1904 6
3363 1850 3496 1914 Θεὸς
3532 1851 3695 1921 ἡμῶν

2115 1946 2195 2008 είς
2229 1942 2546 2015 μαρτύριον,
2579 1941 2783 2014 Κύριος
2834 1941 2892 2007 ἐξ
2937 1944 3087 1996 οῖκου
3129 1942 3281 2012 ἁγίου
3314 1942 3501 1997 αὐτοῦ.
3539 1944 3692 1997 Διότι

2118 2035 2225 2090 ἰδοὺ
2269 2033 2471 2106 Κύριος
2507 2032 2857 2106 ἐκπορεύεται
2903 2034 2968 2087 ἐκ
3006 2033 3100 2086 τοῦ
3139 2034 3300 2087 τόπου
3347 2034 3542 2099 αὑτοῦ,
3589 2036 3691 2089 καὶ

2113 2123 2479 2195 καταϐήσεται
2506 2123 2598 2178 ἐπὶ
2637 2125 2706 2177 τά
2747 2123 2856 2195 ὕψη
2880 2122 2979 2194 τῆς
3012 2123 3137 2195 γῆς,
3168 2125 3262 2178 καὶ
3294 2123 3687 2195 σαλευθήσεται

2113 2212 2183 2267 τὰ
2208 2213 2308 2286 ὅρη
2340 2210 2684 2267 ὑποκάτωθεν
2711 2212 2896 2279 αὑτοῦ,
2930 2213 3026 2267 καὶ
3056 2215 3112 2267 αἱ
3144 2212 3387 2277 κοιλάδες
3412 2218 3685 2288 τακήσον-

2113 2321 2202 2357 ται
2223 2303 2298 2368 ὡς
2329 2303 2498 2375 κηρὸς
2528 2303 2636 2357 ἀπὸ
2659 2302 2949 2376 προσώπου
2972 2305 3162 2377 πυρὸς,
3194 2306 3290 2361 καὶ
3310 2306 3386 2370 ὡς
3413 2305 3553 2375 ὕδωρ
3576 2324 3685 2360 κα-

2111 2396 2476 2470 ταφερόμενον
2534 2398 2591 2451 ἐν
2652 2396 2989 2451 καταϐάσει·
3047 2396 3114 2450 δι’
3174 2397 3421 2452 ἀσέϐειαν
3478 2396 3681 2451 Ἰακὼϐ

2110 2490 2290 2544 πάντα
2312 2489 2504 2562 ταῦτα,
2528 2489 2622 2541 καὶ
2668 2488 2735 2542 δι’
2763 2489 3036 2562 ἁμαρτίαν
3065 2488 3215 2543 οἴκου
3257 2489 3479 2563 Ἰσραήλ.
3513 2509 3531 2541 ι
3558 2491 3684 2544 Καὶ

2112 2580 2208 2635 νῦν
2239 2579 2561 2645 ἀκαλύπτως
2603 2580 2663 2648 ἐξ
2713 2580 2943 2653 οὐρανοῦ
2988 2579 3191 2635 κατιὼν
3229 2580 3429 2654 Κύριος
3456 2583 3489 2635 6
3517 2580 3680 2651 Θεὸς,

2112 2671 2540 2744 ἐκπορευόμενός
2563 2689 2625 2725 τε
2662 2674 2727 2726 ἐκ
2748 2670 2842 2725 τοῦ
2874 2671 3040 2727 τόπου
3069 2670 3254 2735 αὐτοῦ,
3286 2672 3374 2729 διὰ
3407 2671 3511 2724 τῶν
3544 2688 3686 2742 προ-

2113 2766 2381 2837 κειμένων
2409 2764 2766 2838 κηρύττεται’
2809 2762 2895 2835 είη
2923 2762 2968 2816 δ’
3018 2763 3083 2817 ἂν
3119 2764 3148 2816 6
3178 2763 3272 2817 τοῦ
3313 2761 3446 2816 Θεοῦ
3480 2763 3679 2832 Λόγος,

2111 2857 2170 2912 ὃν
2208 2857 2367 2929 μόνον
2398 2857 2488 2911 διὰ
2515 2855 2621 2910 τῶν
2647 2853 2952 2928 ἔμπροσθεν
2974 2855 3228 2926 γεννητὸν
3261 2855 3524 2926 ὑπάρχειν
3542 2852 3680 2909 Θεὸν

2114 2950 2209 3004 καὶ
2235 2944 2437 3022 Κύριον
2469 2946 2607 3020 μετὰ
2637 2947 2726 3001 τὸν
2759 2945 3018 3000 ἀνωτάτω
3045 2946 3139 3000 καὶ
3197 2944 3293 2999 ἐπὶ
3329 2946 3546 3001 πάντων
3582 2948 3681 2999 ἐπ-

438 3033 753 3090 stravimus.
800 3032 1004 3090 Locum
1032 3044 1210 3091 autem
1245 3035 1367 3106 ejus
1399 3052 1508 3092 non
1549 3037 1791 3101 aberres,
1817 3037 1864 3095 si
1892 3053 2006 3095 cm—

2114 3040 2403 3112 εδείξαμεν.
2439 3041 2614 3095 Τόπον
2628 3038 2674 3092 δ’
2698 3037 2861 3092 αὐτοῦ
2883 3038 3076 3092 οὺκ·ἀν
3107 3038 3369 3110 ἁμάρτοις
3392 3036 3567 3106 λέγων
3596 3032 3679 3090 si-

437 3126 574 3184 leste
604 3140 831 3196 regnum
885 3141 1008 3184 esse
1053 3126 1206 3182 dicas
1230 3167 1245 3193 ,
1275 3128 1673 3201 gloriosamque
1699 3130 2001 3190 divinitatis

436 3220 558 3290 ejus
589 3219 795 3285 sedem,
826 3233 992 3289 quam
1048 3219 1351 3291 theologice
1409 3222 1680 3279 extollens
1734 3222 2005 3295 Propheta

437 3308 744 3380 psallebat,
805 3322 868 3364 ac
919 3307 1219 3365 dicebatzt
1255 3304 1425 3364 Sedes
1469 3317 1586 3373 tua,
1618 3306 1780 3375 Deus,
1821 3310 1877 3365 in
1908 3325 2008 3366 sa:-

435 3402 619 3458 culum
665 3400 846 3457 saeculi
881 3400 969 3455 ἐς
1014 3418 1034 3453 ι
1072 3415 1239 3470 super
1266 3414 1375 3471 qua
1408 3401 1584 3472 ipsum
1642 3403 1832 3459 sedere
1881 3412 2006 3459 tan-

434 3508 600 3565 quam
635 3493 854 3549 unicum
883 3492 1080 3548 Filium
1106 3492 1274 3563 jussit
1296 3492 1458 3550 Pater
1482 3494 1590 3550 illis
1617 3497 1796 3553 verbis
1826 3514 1840 3551 :
1871 3515 1890 3548 ι
1918 3494 2007 3555 Se~

438 3586 507 3643 de
534 3602 565 3641 a
587 3585 790 3643 dextris
822 3586 958 3642 meis
988 3586 1055 3638 θ’.
1101 3605 1121 3639 ι
1153 3583 1289 3665 Nam
1318 3586 1433 3641 haec
1460 3587 1619 3655 plane
1660 3586 1775 3657 jam
1820 3595 2001 3654 antea,

436 3678 505 3735 ad
545 3694 712 3735 unum
750 3677 1084 3734 Salvatorem
1140 3685 1385 3734 nostrum
1446 3677 1615 3734 Deum
1653 3676 1887 3734 Verbum
1919 3695 2005 3736 re-

436 3768 658 3828 ferenda
696 3784 819 3827 esse
871 3769 1092 3841 planum
1146 3769 1394 3825 iecimus.
1427 3767 1584 3824 Hunc
1612 3770 1777 3841 igitur
1822 3771 2002 3842 ipsum

439 3875 678 3934 praesens
708 3861 990 3916 oraculum
1052 3861 1203 3915 canit
1231 3860 1593 3932 egredientem
1623 3860 1692 3918 de
1732 3863 1850 3918 loco
1879 3879 2001 3929 suo,

436 3956 826 4013 descensurum
845 3969 951 4025 que
967 3969 1131 4025 super
1146 3952 1460 4010 altitudines
1489 3960 1666 4010 terrae.
1716 3953 1886 4011 Porro
1908 3971 2004 4011 au-

436 4059 544 4106 tem
562 4063 809 4121 quaenam
824 4048 906 4109 hac
925 4047 1057 4113 sint,
1081 4046 1210 4112 nisi,
1226 4046 1281 4101 id
1303 4047 1447 4118 quod
1471 4048 1590 4118 ipsa
1599 4048 1762 4104 verba
1783 4056 2000 4116 sonant,

435 4148 651 4197 montes
676 4138 843 4195 Israel
870 4148 924 4194 et
960 4138 1162 4204 colles,
1216 4137 1284 4193 de
1324 4139 1525 4208 quibus
1578 4139 2003 4199 innumerabiles

434 4231 732 4302 prophetiae
761 4229 1162 4287 vaticinantur?
1187 4228 1415 4301 ipsaque
1435 4228 1757 4298 Jerusalem,
1783 4239 1838 4289 et
1877 4248 2001 4288 cum

433 4338 499 4379 ea
522 4337 678 4377 mons
702 4319 835 4376 Sion
855 4360 871 4385 ,
895 4320 951 4375 in
975 4336 1086 4392 quo
1111 4320 1404 4391 plurimum
1435 4321 1742 4379 diversatus
1770 4331 1853 4381 est
1886 4323 2003 4379 Sal-

430 4421 592 4473 Vator
620 4427 685 4468 ac
704 4410 965 4471 Dominus
998 4412 1216 4468 noster?
1239 4409 1372 4467 Nam
1392 4410 1507 4469 fore
1538 4414 1726 4468 talium
1758 4414 2002 4470 altitudi-

2115 3150 2202 3188 ναι
2234 3132 2331 3205 τὴν
2356 3135 2413 3187 ἐν
2435 3132 2680 3204 οὐρανοῖς
2704 3129 2996 3202 βασιλείαν,
3023 3129 3113 3183 τόν
3135 3147 3193 3183 τε
3213 3126 3417 3194 ἔνδοξον
3438 3128 3539 3198 τῆς
3568 3128 3679 3181 θεό-

2076 3242 2268 3298 -τητος
2302 3223 2465 3279 αὐτοῦ
2510 3223 2719 3297 θρόνον,
2745 3222 2804 3277 ὃν
2837 3220 3101 3291 θεολογῶν
3132 3221 3161 3274 6
3194 3221 3484 3293 Προφήτης
3512 3219 3679 3290 an.

2107 3318 2217 3385 λεν,
2252 3336 2270 3371 ι
2311 3318 2370 3372 '0
2419 3316 2605 3390 θρόνος
2646 3333 2760 3380 σου,
2805 3334 2824 3368 ι
2862 3315 3106 3385 φάσκων,
3146 3331 3166 3365 ι
3210 3314 3239 3366 6
3270 3312 3420 3379 Θεὸς,
3456 3314 3538 3376 είς
3583 3312 3677 3365 τὸν

2105 3407 2277 3462 αἰῶνα
2293 3405 2387 3481 τοῦ
2409 3405 2630 3470 αἰῶνοςο
2647 3424 2665 3456 ι
2687 3404 2773 3474 ἐφ’
2801 3402 2858 3457 ὃν
2887 3401 3033 3474 αὐτῷ
3061 3404 3090 3456 6
3120 3401 3328 3475 Πατὴρ,
3376 3400 3523 3455 ὼσάν
3558 3400 3679 3473 ΥΞῷ

2108 3502 2402 3571 μονογενεί,
2455 3494 2775 3561 καθέζεσθαι
2800 3493 3234 3567 παρεκελεύσατο
3266 3491 3455 3546 είπιὶιν·
3500 3510 3519 3543 ι
3550 3492 3676 3545 Κά-

2104 3587 2197 3642 θου
2234 3590 2298 3642 ἐκ
2327 3588 2515 3656 δεξιῶν
2547 3605 2668 3660 μου.
2709 3606 2727 3639 ι
2764 3586 2948 3641 Ταῦτα
2978 3586 3086 3659 γὰρ
3131 3583 3317 3653 σαφῶς
3348 3584 3448 3655 ἤδη
3479 3583 3681 3655 πρότε-

2103 3698 2198 3753 ρον
2220 3680 2313 3735 ἐπὶ
2336 3681 2494 3752 μόνον
2524 3679 2887 3752 ἀναφέρεσθαι
2909 3679 2999 3735 τὸν
3028 3677 3294 3750 ἡμέτερον
3326 3675 3555 3747 Σωτῆρα
3579 3675 3675 3729 τὸν

2103 3772 2235 3825 Θεὸν
2271 3771 2441 3840 Λόγον
2480 3771 2921 3844 παρεστήσαμεν.
2963 3769 3132 3823 Αὐτὸν
3176 3767 3240 3840 δὴ
3275 3763 3370 3823 οὖν
3410 3767 3601 3821 τοῦτον
3640 3769 3675 3821 6

2103 3861 2291 3934 παρὼν
2332 3862 2574 3928 θεσπίζει
2619 3862 2776 3932 λόγος
2821 3859 3209 3934 ἐκπορεύεσθαι
3253 3861 3316 3913 ἐκ
3362 3858 3457 3913 τοῦ
3499 3860 3671 3913 τόπου

2101 3953 2290 4020 αὐτοῦ,
2314 3954 2716 4027 καταϐήσεσθαι
2754 3972 2814 4009 τε
2860 3954 2954 4008 ἐπὶ
2980 3955 3050 4007 τὰ
3079 3952 3188 4025 ὕψη
3228 3952 3325 4024 τῆς
3362 3951 3486 4023 γῆς.
3530 3952 3677 4006 Ποῖα

2101 4045 2146 4099 δ’
2182 4045 2248 4099 ἂν
2280 4045 2369 4114 εἴη
2406 4044 2578 4100 ταῦτα
2602 4087 2615 4111 ,
2660 4046 2693 4116 ἢ
2739 4044 2915 4117 ῥητῶς
2945 4044 3045 4115 μὲν
3082 4043 3151 4099 τὰ
3177 4043 3278 4115 ὅρη
3323 4042 3414 4097 τοῦ
3457 4042 3677 4115 Ἰσραὴλ

2102 4137 2196 4192 καὶ
2226 4139 2274 4191 οἱ
2307 4136 2503 4208 βουνοὶ,
2547 4138 2675 4210 περὶ
2702 4133 2776 4192 ὧν
2810 4137 2998 4209 μυρίαι
3032 4137 3355 4209 προφητεῖαι
3381 4132 3674 4200 θεσπίζου-

2105 4260 2209 4309 σιν,
2242 4244 2378 4316 αὐτή
2403 4261 2462 4299 τε
2490 4243 2844 4315 Ἰερουσαλὴμ
2866 4243 2960 4296 καὶ
2989 4241 3051 4295 τὸ
3072 4240 3210 4295 Σιὼν
3236 4241 3381 4314 ὅρος,
3402 4241 3463 4294 ἐν
3568 4239 3674 4304 τάς

2102 4336 2360 4399 πλείστας
2403 4337 2636 4389 ἐποιεῖτο
2677 4332 2959 4407 διατριϐὰς
3000 4335 3028 4388 6
3075 4332 3268 4405 Σωτὴρ
3312 4332 3405 4386 καὶ
3461 4330 3674 4404 Κύριος

2104 4429 2301 4501 ήμῶνς
2336 4427 2551 4483 Τούτων
2577 4428 2636 4482 δέ
2679 4426 2974 4498 διαφθορὰν
3007 4425 3222 4483 ἔσεσθαι
3255 4425 3349 4480 καὶ
3387 4423 3672 4479 ἀπιῖιλειαν

434 4520 564 4560 num
608 4501 965 4575 perditionem
1012 4513 1175 4576 atque
1214 4502 1529 4572 interitum,
1579 4506 1726 4560 cauit
1773 4504 1829 4559 in
1880 4505 2000 4577 ipso

2114 4523 2193 4577 ini.
2222 4525 2288 4594 τῇ
2319 4521 2409 4576 τοῦ
2438 4520 2672 4595 Χριστοῦ
2705 4520 2913 4592 καθόδῳ
2946 4520 3205 4585 θεσπίζει.
3236 4519 3347 4573 Καὶ
3377 4517 3669 4590 πρόῦηλον,

431 4593 639 4654 Christi
670 4596 938 4652 descensu
968 4615 983 4653 :
1019 4604 1074 4652 et
1105 4611 1236 4652 sane
1263 4603 1500 4660 constat,
1532 4605 1655 4666 post
1698 4594 1998 4654 Salvatoris

435 4690 610 4749 nostri
640 4688 937 4747 adventum
967 4697 1193 4761 postque
1250 4702 1315 4743 ea
1361 4702 1483 4760 quae
1530 4688 1794 4746 adversus
1846 4690 1998 4745 illum

435 4791 565 4841 sunt
594 4782 734 4848 ausi,
757 4781 1012 4838 universa
1058 4782 1171 4846 illa,
1205 4795 1327 4851 quae
1349 4795 1522 4859 nuper
1542 4780 1687 4836 dicta
1719 4788 1868 4846 sunt,
1897 4780 1999 4841 de-

431 4876 689 4947 populata
720 4873 912 4939 fuisse,
951 4883 1004 4930 et
1029 4872 1097 4929 ad
1116 4880 1414 4928 extremam
1463 4871 1810 4928 solitudinem
1842 4872 2000 4930 reda-

429 4976 518 5024 cta
545 4984 668 5026 esse
694 4985 709 5022 :
740 4974 1114 5023 verumtamen
1140 4963 1380 5019 Iudaicae
1405 4979 1620 5035 quoque
1650 4966 1826 5037 gentis
1849 4965 2001 5038 prinv-

427 5062 598 5133 cipes,
616 5070 671 5117 et
695 5061 839 5133 quod
865 5065 1014 5132 prius
1039 5074 1206 5131 penes
1232 5057 1379 5127 ipsos
1409 5071 1633 5129 regnum
1653 5059 1851 5124 stabat,
1867 5074 1996 5116 nec-

428 5167 539 5209 non
587 5152 976 5216 sacerdotium,
1004 5160 1060 5207 et
1094 5151 1267 5221 prima
1308 5149 1619 5206 docentium
1650 5148 1839 5215 sedes,
1899 5151 1994 5221 qui

428 5260 575 5301 nunc
616 5253 831 5302 montes
881 5248 1108 5316 ﬁgurate
1161 5243 1547 5311 nominantur,
1600 5243 1990 5300 commovenda

425 5354 549 5394 esse
577 5338 686 5395 dici
716 5347 945 5411 possunt
977 5339 1031 5394 in
1062 5338 1184 5409 ipso
1211 5336 1425 5395 Domini
1451 5338 1519 5394 de
1549 5339 1690 5395 caelo
1718 5337 1986 5394 adventu:

424 5437 482 5484 et
506 5429 609 5486 hoc
632 5431 807 5501 ipsum
836 5430 1055 5503 quidem
1086 5429 1245 5486 ﬁnem
1280 5444 1439 5486 suum
1493 5429 1819 5501 contigisse,
1867 5430 1991 5500 quis

426 5534 534 5574 non
566 5522 782 5576 tandem
810 5522 1074 5588 fateatur,
1116 5530 1240 5594 post
1293 5520 1594 5577 Salvatoris
1630 5519 1803 5575 nostri
1860 5516 1990 5573 Jesu

421 5608 629 5667 Christi
660 5620 922 5684 tempora,
954 5630 1077 5671 cum
1102 5615 1285 5671 omnia
1314 5616 1405 5670 illa
1435 5614 1619 5671 videre
1650 5612 1839 5681 possit,
1874 5625 1987 5666 non

487 5733 533 5767 ⁸⁷
565 5725 728 5784 Mich.
765 5743 805 5793 ι,
843 5727 958 5785 2-5.
1033 5731 1079 5764 ⁵⁸
1102 5730 1248 5788 Psal.
1278 5746 1423 5798 κων,
1455 5729 1509 5785 7.
1585 5729 1632 5764 ⁸³
1670 5728 1815 5783 Psal.
1841 5741 1952 5792 cu,
1988 5726 2037 5781 l.

2096 4614 2170 4679 ὡς
2203 4612 2338 4684 μετά
2364 4612 2462 4684 τὴν
2503 4611 2597 4666 τοῦ
2636 4612 2885 4684 Σωτῆρος
2908 4609 3066 4683 ἡμῶν
3108 4607 3429 4683 παρουσίαν,
3472 4608 3571 4660 καὶ
3595 4605 3671 4660 τὰ

2098 4708 2217 4761 κατ’
2249 4704 2411 4760 αὐτοῦ
2439 4703 2835 4775 τετολμημένα,
2865 4702 2933 4756 τά
2966 4701 3335 4775 προειρημένα
3356 4698 3539 4765 ,πάντα
3566 4713 3669 4750 πε-

2098 4798 2469 4870 πολιόρκηται,
2507 4799 2603 4852 καὶ
2634 4798 2713 4861 εἰς
2746 4796 2980 4867 ἐσχάτην
3007 4795 3244 4868 ἐρημίαν
3280 4790 3557 4864 ἐλήλυθεν.
3585 4793 3665 4845 Οὐ

2100 4890 2208 4963 μὴν
2236 4890 2372 4945 ἀλλὰ
2400 4890 2495 4945 καὶ⁵
2519 4891 2568 4944 oi
2588 4891 2844 4960 ἄρχοντες
2867 4887 2959 4942 τοῦ
3001 4887 3265 4941 Ἰουδαίων
3296 4885 3499 4950 ἔθνους,
3533 4885 3569 4955 ἦ
3600 4900 3668 4938 τε

2099 4984 2229 5056 παρ’
2258 4984 2439 5047 αὐτοῖς
2484 4984 2546 5036 τὸ
2592 4982 2722 5054 πρὶν
2754 4980 3060 5035 συνεστῶσα
3088 4977 3350 5051 βασιλεία,
3388 4973 3668 5047 ἱερωσύνη

2093 5099 2155 5136 τε
2181 5082 2277 5137 καὶ
2296 5081 2626 5136 διδασκάλων
2657 5082 2964 5154 προεδρεία,
2995 5081 3096 5154 ὅρη
3125 5079 3221 5135 νῦν
3246 5077 3521 5153 τροπικῶς
3540 5080 3665 5132 ὀνο-

2096 5185 2396 5260 μαζόμενα,
2441 5186 2864 5258 σαλευθήσεσθαι
2891 5187 3138 5255 λέγονται
3180 5185 3273 5238 ἐπὶ
3309 5188 3376 5256 τῇ
3412 5184 3505 5238 τοῦ
3547 5184 3666 5238 Κυ-

2092 5292 2206 5366 ρίου
2240 5293 2300 5360 ἐξ
2319 5293 2559 5367 οὐρανῶν
2583 5295 2868 5367 παρουσίᾳ.
2893 5286 3003 5348 καὶ
3029 5293 3185 5347 τοῦτο
3212 5293 3269 5346 δέ
3295 5293 3444 5355 ὅπως
3466 5289 3661 5354 τέλους

2091 5400 2266 5473 ἔτυχε,
2297 5402 2382 5466 τίς
2407 5401 2505 5455 οὐκ
2539 5400 2603 5455 ἀν
2630 5394 2998 5473 ὁμολογήσειε,
3032 5397 3169 5470 μετά
3198 5399 3324 5461 τοὺς
3348 5395 3439 5450 τοῦ
3472 5395 3665 5467 Σωτῆο

2092 5523 2184 5578 ρος
2210 5506 2365 5578 ἡμῶν
2402 5506 2575 5578 Ἰησοῦ
2600 5505 2834 5578 Χριστοῦ
2860 5504 3103 5576 χρόνους,
3137 5504 3292 5558 πάντ’
3315 5503 3497 5556 ἐκεῖνα
3529 5500 3663 5557 θεω-

2095 5611 2204 5682 ρῶν
2228 5613 2289 5667 οὐ
2325 5612 2483 5684 μόνον
2516 5611 2858 5678 σαλευθέντα,
2901 5609 3037 5665 ἀλλά
3066 5610 3160 5665 καὶ
3212 5607 3455 5664 ἐκποδὼν
3494 5621 3663 5677 mc-
