3916 6200
253 223 342 279 εδδ
1118 217 1764 276 DEMONSTBATIONIS
1797 213 2252 273 EVANGELICAS
2297 216 2423 272 LIB.
2464 217 2556 271 Vl.

3360 214 3474 269 ιδις

248 334 476 405 ῃμένας
509 337 765 402 Κοιλάδες
803 339 858 391 δὲ
894 340 1058 392 εἰσέτι
1102 338 1195 391 νῦν
1236 339 1537 409 τηκόμεναι
1581 335 1688 413 εἶεν
1735 338 1793 390 ἂν

1904 337 2080 392 solum
2109 348 2397 400 commota,
2429 338 2519 392 sed
2560 335 2720 392 etiam
2753 336 2966 390 sublata
2997 337 3064 390 de
3093 334 3308 390 medio?
3340 333 3474 388 Val-

245 427 292 476 ai
329 425 450 476 ἀντὶ
483 425 579 494 τῆς
614 426 962 497 Ἰερουσαλὴμ
1008 428 1102 480 καὶ
1145 427 1238 480 τοῦ
1285 426 1421 479 Σιὼν
1461 427 1618 496 ὅρους
1663 423 1801 476 κατά

246 517 414 568 πᾶσαν
445 517 598 570 πῦλιν
635 518 962 571 συνεστῶσαι
993 518 1168 572 αὐτῶν
1202 519 1532 586 συναγωγαὶ,
1564 518 1803 588 ἀποθρη-

244 607 420 661 νοῦσαι
458 609 553 660 καὶ
579 609 1019 680 ἀποκλαιόμεναι,
1052 611 1144 662 καὶ
1186 610 1260 673 ὡς
1295 611 1460 681 κηρὸς
1491 609 1598 663 ἀπὸ
1635 626 1803 679 προσ-

244 699 384 753 ώπου
412 702 581 773 πυρὸς
605 702 917 772 τηκόμεναι,
942 701 1029 754 διὰ
1059 700 1350 772 λύπηνκαὶ
1378 701 1605 763 πένθους
1635 702 1803 772 ὑπερ-

245 791 415 863 ϐολὴν,
460 793 556 863 τῆς
588 811 646 846 τε
675 794 782 846 τῶν
821 795 1035 848 οἰκείων
1061 795 1294 866 ἐρημίας
1332 795 1426 848 καὶ
1457 793 1556 863 τῆς
1588 795 1801 864 μακρᾶς

244 885 329 936 καὶ
363 883 654 947 πολυετοῦς
686 883 922 948 δουλείας
954 886 1156 938 ἕνεκεν.
1207 886 1314 938 Καὶ
1351 885 1522 947 ἄλλως
1560 884 1618 938 δὲ
1662 883 1800 937 κατά

241 973 472 1027 διάνοιαν
519 978 550 1045 ἡ
601 974 692 1028 τοῦ
734 977 906 1046 Λόγου
956 976 1050 1030 τοῦ
1089 976 1230 1030 θείου
1284 977 1553 1040 ὲπίόασις,
1599 978 1698 1030 ούκ
1742 978 1800 1028 ἐν

243 1067 478 1137 χάσμασι
511 1068 604 1120 καὶ
651 1066 997 1138 κοιλώμασιν,
1035 1070 1141 1122 οὐδ’
1173 1073 1230 1123 ἐν
1258 1073 1534 1134 ταπειναῖς
1569 1070 1661 1122 καὶ
1703 1086 1800 1138 χα-

244 1158 527 1228 μαιπετέσι
552 1159 827 1223 διανοίαις,
863 1159 974 1213 ἀλλ’
1010 1163 1066 1214 ἐν
1093 1163 1425 1234 ἐπῃρμέναις
1459 1163 1516 1215 τὸ
1548 1161 1798 1234 φρόνημα

240 1250 559 1319 κατεγίνετο.
611 1250 792 1324 Ταύτῃ
830 1251 958 1320 γοῦν
987 1253 1386 1324 τροπικὼτερον
1418 1254 1578 1316 αὐτὸς
1624 1256 1651 1307 ὁ
1684 1253 1798 1307 Κύ-

239 1361 351 1413 ριος
383 1341 778 1412 καταϐήσεσθαι
807 1345 897 1396 ἐπὶ
923 1344 990 1398 τά
1019 1343 1127 1413 ὕψη
1160 1343 1259 1414 τῆς
1289 1343 1394 1413 γῆς
1425 1343 1624 1416 εἴρητο.
1659 1345 1796 1414 Ὄρη

234 1435 292 1486 δὲ
333 1435 578 1504 σειόμενα
613 1435 959 1488 ὑποκάτωθεν
1003 1435 1186 1500 αὐτοῦ,
1217 1436 1353 1489 αύτά
1375 1434 1438 1506 δὴ
1487 1439 1666 1489 ἐκεῖνα
1705 1431 1794 1506 ῆν,

235 1525 367 1579 ἔνθα
405 1527 604 1597 ἀνήχθη
650 1528 752 1580 ὑπὸ
784 1526 877 1580 τοῦ
903 1529 1235 1599 Πνεύματος,
1286 1530 1644 1600 πειρασθῆναι
1693 1528 1796 1581 ὑπὸ

235 1616 332 1669 τοῦ
357 1616 595 1669 διαϐόλου
618 1635 630 1647 ·
671 1635 690 1668 ι
735 1618 855 1670 ’Ότι
883 1619 975 1671 καὶ
1007 1619 1418 1690 παραλαμϐάνει
1452 1620 1609 1672 αὐτὸν
1631 1623 1658 1674 ό
1678 1622 1792 1675 διά-

235 1708 387 1772 ὄολος
417 1712 495 1774 είς
531 1709 653 1782 ὅρος
689 1710 887 1780 ὑψηλὸν
935 1709 1086 1765 λίαν·
1133 1713 1225 1765 καὶ
1265 1709 1333 1784 ῆν
1369 1712 1504 1783 μετά
1551 1714 1656 1766 τῶν
1703 1713 1796 1785 θη-

237 1802 386 1873 ρίων.
429 1821 446 1852 ι
491 1803 628 1872 Ὀρη
659 1803 705 1855 δ’
727 1802 791 1856 ἂν
815 1803 897 1874 εἴη
922 1798 1080 1872 αὖθις,
1105 1803 1504 1876 τροπικώτερον
1533 1807 1564 1875 ἠ
1605 1807 1661 1858 ὲν
1685 1809 1794 1869 τοῖς

232 1899 382 1963 δρεσι
408 1892 466 1945 τὸ
498 1896 624 1962 πρὶν
653 1893 1035 1965 ἐπιτελουμένη
1066 1895 1490 1967 εἰδωλολατρεία,
1521 1898 1615 1949 κα)⁴
1650 1898 1706 1949 αί
1738 1899 1794 1950 ὲν

231 1984 442 2047 τούτοις
487 1987 847 2057 ὲνεργήσασαι
889 1987 1108 2058 ἀόρατοι
1153 1989 1246 2041 καὶ
1279 1989 1592 2060 ἀρχοντικαὶ
1635 1989 1795 2042 δυνά-

233 2094 376 2146 μεις,
411 2076 476 2141 ἃς
504 2078 562 2130 ού
600 2078 810 2149 μικρῶς
840 2081 871 2148 ἠ
905 2079 997 2133 τοῦ
1028 2081 1278 2152 Σωτῆρος
1309 2081 1464 2151 ἡμῶν
1499 2082 1705 2135 ἀνέσειέ
1736 2099 1794 2135 τε

229 2169 328 2220 καὶ
369 2169 601 2221 ἀνεκίνει
636 2168 966 2223 διδασκαλία.
1014 2169 1228 2223 Τούτων
1259 2171 1366 2242 γὰρ
1399 2173 1430 2242 ὴ
1461 2171 1656 2234 ἔνθεος,
1687 2171 1794 2222 εἴτε

230 2259 644 2329 θαυματουργὺς
683 2261 773 2312 καὶ
819 2259 1237 2330 παραδοξοποιὸς
1277 2261 1448 2330 ἰσχὺς,
1499 2259 1796 2330 λεληθότως

229 2351 328 2420 τὴν
358 2350 500 2404 κατά
528 2350 634 2402 τῶν
665 2350 962 2422 ἀνθρώπων
996 2351 1212 2423 μακράν
1237 2353 1330 2404 καὶ
1365 2349 1596 2404 παλαιὰν
1637 2351 1793 2404 δυνα-

230 2441 416 2494 στείαν
441 2441 686 2513 καθῄρει.
725 2443 995 2506 Ὡσαύτως
1028 2444 1084 2496 δὲ
1111 2445 1204 2496 καὶ
1235 2442 1479 2505 κοιλάδες
1501 2443 1794 2512 τηκόμεναι

226 2532 300 2596 ὥς
330 2534 501 2604 κηρὸς
531 2535 637 2587 ἀπὸ
656 2533 944 2605 προσώπου
963 2535 1152 2607 πυρὸς,
1177 2534 1429 2606 δαίμονες
1455 2535 1519 2588 ἂν
1537 2531 1644 2587 εἷεν
1673 2534 1794 2604 χθό-

228 2640 328 2677 νιοι
363 2625 461 2677 καὶ
495 2625 779 2696 περίγειοι,
812 2625 932 2678 καθ’
959 2619 1032 2678 ὧν
1064 2626 1124 2678 τὸ
1153 2625 1442 2679 καυστικὴν
1470 2624 1570 2694 τῆς
1603 2623 1791 2694 μοχθη-

225 2713 348 2784 ρίας
395 2713 570 2766 αὐτῶν
605 2713 714 2786 πῦρ
754 2715 924 2784 ⁴ἠφίει,
961 2716 1167 2784 λέγων·
1206 2735 1223 2766 ι
1264 2715 1382 2786 Πῦρ
1414 2711 1575 2785 ῆλθον
1615 2713 1792 2784 βαλεῖν

225 2808 318 2860 ἐπὶ
354 2807 453 2879 τὴν
475 2809 597 2879 γῆν,
634 2810 726 2861 καὶ
758 2807 808 2860 τί
838 2808 992 2873 θέλω,
1027 2811 1073 2860 εἱ
1105 2808 1202 2879 ἤδη
1235 2808 1477 2878 ἀνήφθης
1517 2827 1534 2858 ι
1585 2806 1703 2874 Ὑφ’
1733 2800 1792 2859 οὗ

221 2899 404 2969 πυρὸς
449 2897 513 2969 δὴ
563 2899 860 2969 καιόμενοι,
899 2900 991 2952 καὶ
1030 2898 1103 2969 μὴ
1145 2894 1246 2951 οἶοί
1278 2916 1336 2952 τε
1377 2899 1526 2962 ὄντες
1557 2898 1655 2962 τὰς
1687 2896 1794 2950 ἀπὸ

219 2991 321 3061 τῆς
359 2992 592 3061 ἀοράτου
633 2992 826 3060 φλογὸς
863 2992 1048 3063 φέρειν
1096 2991 1376 3060 βασάνους,
1412 2989 1794 3063 ὑπανεχώρουν

219 3082 336 3133 τῶν
381 3080 732 3151 ἀνθρωπείων
769 3082 1050 3151 σωμάτων.
1092 3082 1201 3134 Καὶ
1247 3080 1308 3133 τὸ
1351 3081 1570 3150 συνέχον
1603 3097 1664 3148 γε
1699 3079 1792 3133 καὶ

221 3174 448 3229 ἐλαῦνον
470 3176 664 3237 αὐτοὺς
690 3173 1083 3244 ἀνωμολόγουν,
1120 3172 1345 3243 βοῶντες
1365 3190 1377 3202 ·
1406 3191 1422 3222 ε
1440 3174 1560 3235 Ἔα,
1586 3171 1637 3224 τί
1663 3173 1808 3242 ἡμῖν-

223 3266 320 3321 καὶ
357 3267 460 3328 σοὶ,
493 3266 604 3322 Υἱὲ.
619 3265 710 3318 τοῦ
741 3265 905 3329 Θεοῦ;
938 3261 1098 3336 ἦλθες
1139 3265 1244 3336 πρὸ
1275 3264 1464 3334 καιροῦ
1509 3264 1792 3334 βασανίσαι

221 3359 376 3428 ἡμᾶς
405 3374 418 3422 ;
454 3357 688 3427 Οἴδαμεν
724 3374 782 3410 σε
807 3358 889 3419 τίς
919 3352 1002 3408 εἴ·
1033 3359 1060 3409 ὁ
1089 3356 1242 3424 ἅγιος
1276 3355 1369 3408 τοῦ
1400 3355 1553 3408 Θεοῦ.
1596 3374 1614 3405 ›
1653 3353 1791 3406 Τού-

221 3465 352 3512 τους
381 3448 441 3501 δὲ
476 3449 704 3518 μάλιστα
749 3448 983 3518 ᾐκίζετο,
1027 3447 1120 3500 καὶ
1159 3447 1286 3509 τοὺς
1318 3448 1410 3500 ἐπὶ
1453 3445 1655 3500 τούτων
1696 3445 1794 3515 ἄρ-

222 3557 423 3612 χοντας
457 3539 704 3612 καθῄρει,
734 3541 834 3605 ὅτι,
874 3541 947 3611 μὴ
974 3539 1331 3610 ἀρκεσθέντες
1368 3542 1432 3610 τῇ
1465 3539 1571 3591 τῶν
1594 3538 1792 3591 λοιπῶν

224 3633 400 3686 ὲθνῶν
426 3631 709 3703 διαφθορᾷ,
747 3633 812 3684 δι’
839 3628 906 3703 ῆς
932 3634 1056 3694 τοὺς
1080 3631 1282 3695 πάντας
1308 3632 1387 3694 είς
1417 3630 1514 3701 τὴν
1537 3629 1792 3683 πολύθεον

224 3724 437 3792 πλάνην
468 3723 958 3794 καταϐεϐλήκεσαν,
981 3724 1074 3774 καὶ
1094 3721 1170 3791 τῷ
1193 3721 1356 3774 πάλαι
1377 3719 1470 3773 τοῦ
1499 3719 1631 3772 Θεοῦ
1657 3719 1788 3787 λαῷ,

210 3811 379 3884 αὐτῷ
421 3815 488 3884 δὴ
530 3813 606 3885 τῷ
639 3817 702 3868 ὲκ
743 3815 1062 3884 περιτομῆς,
1112 3812 1647 3874 ὲπιὸεϐουλεύκεσαν,
1697 3810 1793 3864 καὶ

225 3907 634 3976 ἀποστήσαντες
658 3923 719 3974 γε
755 3905 848 3959 τοῦ
880 3906 1012 3959 Θεοῦ
1039 3906 1131 3959 καὶ
1159 3905 1345 3959 τοῦτον
1387 3906 1662 3969 παντοίαις
1694 3923 1791 3958 πε-

230 3997 482 4068 ριέϐαλον
507 3996 862 4060 δυσσεϐείαις.
901 3998 990 4050 Διὸ
1015 3999 1107 4052 καὶ
1135 3997 1366 4068 μάλιστα
1401 3999 1497 4069 τὴν
1530 3997 1586 4064 ἐξ
1625 3999 1790 4069 ούρα-

231 4088 340 4140 νῶν
376 4089 636 4160 πεποίητο
668 4089 696 4139 ὁ
728 4088 926 4160 Κύριος
969 4088 1211 4143 κάθοδον.
1248 4090 1408 4144 Ὅθεν
1450 4089 1576 4160 ἑξῆς
1619 4108 1788 4161 φησι·

233 4199 253 4230 ι
302 4179 404 4232 Διά
455 4178 551 4249 τὴν
597 4179 844 4234 ἀσέϐειαν
898 4181 1091 4234 Ἰακὼϐ
1121 4181 1295 4234 πάντα
1341 4181 1530 4246 ταῦτα,
1586 4184 1679 4235 καὶ
1723 4182 1791 4234 δι’

227 4271 504 4341 ἁμαρτίαν
531 4271 678 4324 οἴκου
716 4273 955 4343 Ἰσραήλ·
997 4293 1014 4324 ι
1048 4275 1156 4327 Καὶ
1185 4274 1263 4326 ἔτι
1298 4274 1430 4344 πρὸς
1460 4273 1667 4337 τούτοις
1693 4274 1792 4344 τῆς

1904 431 1981 484 les
2012 439 2190 484 autem
2223 430 2400 484 adhuc
2434 430 2816 498 liquescentes.
2851 436 3011 486 erunt
3033 428 3126 497 qui
3166 443 3264 497 pro
3308 426 3448 482 Jeruv

1901 521 2066 576 salem
2098 535 2302 590 proque
2345 529 2529 576 monte
2575 519 2727 584 Sion,
2753 537 2847 591 per
2873 535 3087 574 omnem
3119 519 3301 572 urbem
3333 533 3436 572 con

1902 613 2078 667 stituti
2109 623 2432 666 sunteorum
2462 622 2782 674 conventus,
2809 613 2968 682 272
2997 612 3269 682 plorantes
3297 625 3360 664 ac
3381 610 3464 663 lu-

1900 711 2106 775 gentes,
2137 715 2192 758 et
2240 705 2394 774 quasi
2439 719 2564 758 cera
2611 719 2639 756 a
2691 704 2827 759 facie
2871 705 3012 774 ignis
3062 704 3459 772 liquescentes,

1901 803 2120 864 propter
2164 795 2506 850 maeroris‘ac
2541 797 2720 850 luctus
2751 810 3034 850 excessum
3064 834 3079 853 .
3141 803 3197 849 et
3241 799 3463 863 prOpter

1900 885 2004 939 loci
2038 886 2196 956 patrii
2227 887 2570 942 solitudinem
2594 926 2609 949 ,
2650 896 2704 940 et
2745 887 2957 955 longam
2989 894 3149 955 atque
3197 899 3462 939 annosam

1901 979 2232 1032 servitutem.
2279 979 2398 1032 Alio
2441 989 2698 1048 praeterea
2742 978 3018 1032 intellectu
3072 977 3241 1031 divini
3296 975 3460 1028 Verbi

1899 1081 2064 1136 super
2118 1069 2427 1124 altitudines
2482 1070 2779 1124 descensus
2835 1068 3006 1136 accipi
3063 1067 3462 1137 potest:quod

1899 1163 2084 1230 utique
2117 1177 2222 1215 non
2252 1160 2304 1213 iu
2339 1162 2576 1216 hiatibus
2604 1169 2656 1217 et
2683 1161 3045 1222 convallibus,
3069 1163 3327 1230 neque-in
3367 1162 3463 1215 ab-

1895 1252 2052 1322 jectis
2081 1260 2242 1320 atque
2272 1253 2324 1307 in
2360 1253 2581 1306 humum
2627 1255 3000 1323 spectantibus
3042 1253 3235 1306 animis
3265 1261 3318 1306 et
3371 1267 3463 1306 (‘0-

1899 1343 2271 1414 gitationibus,
2322 1344 2416 1400 sed
2454 1344 2509 1398 in
2540 1346 2701 1399 altius
2736 1345 2965 1400 sublatis
2998 1353 3051 1398 et
3083 1358 3301 1398 sursum
3344 1359 3463 1398 ere—

1896 1435 2003 1489 ctis
2044 1437 2250 1490 versari
2303 1437 2483 1493 vellet.
2543 1435 2660 1490 Tali
2706 1437 2870 1506 igitur
2903 1437 3070 1507 ﬁgura
3102 1435 3306 1490 dictum
3337 1446 3457 1500 est,

1899 1529 2074 1594 ipsum
2099 1526 2383 1581 Dominum
2416 1543 2578 1597 super
2619 1526 2932 1582 altitudines
2965 1537 3120 1581 terrm
3169 1527 3464 1581 descensu-

1904 1631 2046 1672 rum.
2071 1617 2170 1685 Qui
2200 1635 2329 1674 vero
2360 1619 2752 1676 concutiantur.
2775 1619 2960 1675 subter
2985 1632 3050 1673 eo
3079 1627 3312 1678 montes,
3353 1615 3460 1686 ipsi

1899 1711 1974 1764 illi
2003 1715 2187 1780 utique
2209 1719 2386 1777 erunt,
2417 1712 2484 1766 ad
2509 1729 2644 1782 quos
2678 1712 2945 1766 adductus
2972 1720 3056 1766 est
3084 1725 3115 1763 a
3151 1708 3367 1780 spiritu,
3403 1715 3462 1760 ut

1896 1812 2191 1873 tentaretur
2218 1820 2247 1857 a
2273 1804 2490 1859 diabolo
2525 1824 2538 1858 :
2589 1820 2700 1876 quo
2743 1812 2984 1873 tempore
3013 1823 3032 1856 ι
3070 1802 3362 1872 assumpsit
3394 1801 3462 1856 il-

1895 1893 2005 1948 lum
2039 1895 2286 1951 diabolus
2330 1897 2385 1950 in
2421 1908 2655 1951 montem
2685 1897 2961 1951 excelsum
3006 1895 3202 1959 valde,
3251 1902 3306 1949 et
3345 1900 3461 1948 erat

1894 2000 2019 2040 cum
2047 1984 2177 2042 feris
2206 1987 2272 2041 °°.
2310 2007 2328 2039 ι
2363 1986 2578 2042 Rursus
2625 1991 2787 2042 etiam
2819 1987 3103 2057 ﬁguratius
3129 1993 3344 2040 montes
3368 2001 3461 2039 ac-

1893 2078 2176 2148 cipiemus,
2208 2077 2358 2132 illum
2383 2079 2800 2134 simulacrorum
2829 2080 3056 2140 cultum,
3092 2079 3184 2147 qui
3217 2077 3368 2148 prius
3403 2077 3458 2130 in

1894 2169 2170 2224 montibus
2204 2168 2666 2238 frequentabatur,
2690 2178 2743 2224 et
2771 2171 2827 2224 in
2871 2170 2939 2224 iis
2979 2169 3270 2224 eﬁicaciam
3304 2182 3457 2224 suam

1894 2259 2264 2324 ostendentes,
2305 2259 2606 2315 invisibiles
2637 2260 2974 2330 principatus
3028 2274 3090 2313 ac
3120 2265 3416 2328 potestates
3439 2296 3454 2320 ,

1894 2365 2030 2420 quas
2070 2366 2179 2404 non
2237 2350 2425 2405 leviter
2454 2348 2752 2405 Salvatoris
2801 2349 2974 2405 nostri
3003 2350 3281 2405 concussit
3307 2363 3460 2403 com-

1894 2443 2166 2511 movitque
2209 2441 2476 2498 doctrina.
2523 2439 2734 2494 Talium
2785 2441 2932 2496 enim
2961 2441 3174 2511 longam
3225 2448 3280 2496 et
3311 2451 3470 2496 vete-

1894 2547 2008 2587 rem
2032 2543 2222 2586 contra
2247 2532 2494 2586 homines
2525 2533 2822 2602 potentiam
2841 2572 2858 2598 ,
2890 2531 3116 2586 latenter
3148 2531 3347 2586 delevit
3370 2531 3456 2584 di-

1892 2625 2074 2679 vinum
2108 2625 2252 2679 illius
2274 2624 2521 2689 verbum,
2565 2633 2618 2678 et
2648 2622 2874 2678 miriﬁca
2902 2630 2955 2678 et
3002 2638 3215 2678 omnem
3261 2624 3314 2677 in
3345 2623 3460 2678 elli-

1893 2715 2088 2770 ciendo
2135 2713 2296 2769 ﬁdem
2339 2729 2609 2785 superans
2665 2714 2768 2770 vis.
2827 2713 3026 2768 Eadem
3071 2729 3198 2768 vero
3247 2714 3460 2790 ratione

1891 2809 2050 2864 etiam
2070 2810 2450 2880 liquescentes,
2467 2819 2522 2863 ut
2537 2824 2660 2865 cera
2678 2824 2708 2862 a
2720 2808 2856 2862 facie
2872 2808 3032 2879 ignis,
3053 2809 3240 2871 valles,
3256 2806 3457 2862 ἀπαιο-

1890 2918 1988 2958 nes
2014 2910 2174 2958 erunt
2201 2902 2398 2958 inferni
2415 2911 2467 2957 et
2483 2903 2685 2957 circum
2705 2909 2905 2957 terram
2929 2908 3238 2956 versantes:
3266 2899 3460 2954 adver-

1819 3029 1861 3084 C
1895 3011 2013 3051 sum
2045 3011 2180 3065 quos
2198 2997 2396 3066 ignem,
2424 2995 2518 3066 qui
2563 2995 2856 3064 nequitiam
2889 2994 3130 3064 ipsorum
3169 2994 3458 3048 eambure-

1901 3095 2004 3151 ret,
2039 3087 2244 3141 dimisit
2271 3088 2496 3142 dicens:
2531 3108 2550 3138 ι
2583 3088 2764 3157 ignem
2787 3087 2908 3140 veni
2926 3085 3135 3140 mittere
3153 3086 3204 3139 in
3235 3094 3454 3147 terram,

1893 3187 1946 3233 et
1966 3179 2095 3249 quid
2120 3180 2266 3242 volo,
2286 3180 2329 3233 si
2345 3181 2456 3248 jam
2482 3194 2744 3234 accensus
2765 3178 2939 3233 est“?
2973 3197 2990 3229 ι
3013 3175 3265 3246 Quoigne
3285 3190 3460 3230 corre-

1893 3272 1968 3342 pti
1982 3272 2206 3333 illi,cum
2231 3271 2517 3326 invisibilis
2535 3272 2759 3326 ﬂamma:
2777 3277 3044 3326 tormenta
3060 3269 3197 3324 ferre
3213 3283 3318 3321 non
3332 3283 3459 3338 pos-

1894 3367 2034 3424 sent.
2053 3361 2121 3416 de
2134 3361 2387 3416 humanis
2412 3362 2731 3432 corporibus
2744 3359 3087 3423 recedebant,
3108 3359 3348 3428 illudque
3376 3358 3460 3426 ip-

1893 3467 2012 3508 sum
2040 3467 2146 3522 quo
2169 3452 2382 3506 interim
2416 3452 2801 3507 cohibebantur
2830 3460 2992 3522 atque
3025 3451 3454 3520 impellebantur,

1892 3557 2002 3613 prae
2018 3558 2076 3597 se
2094 3542 2339 3597 ferebant
2353 3557 2544 3612 magna
2560 3557 2690 3596 voce
2707 3543 3033 3597 clamantes:
3056 3561 3072 3593 ι
3090 3541 3204 3604 Eia,
3225 3541 3353 3611 quid
3366 3554 3459 3594 no-

1892 3635 1976 3689 bis
1992 3642 2044 3688 et
2063 3635 2181 3696 tibi,
2202 3633 2302 3688 Fili
2317 3633 2436 3688 Dei?
2451 3634 2640 3688 venisti
2662 3641 2786 3687 ante
2809 3641 3020 3701 tempus
3038 3643 3290 3701 torquere
3316 3631 3459 3687 nos?

1891 3727 2152 3783 Novimus
2183 3735 2254 3790 te,
2280 3726 2403 3796 quis
2436 3727 2513 3781 sis
2536 3767 2551 3792 ,
2602 3734 2823 3780 sanctus
2859 3723 2953 3779 Dei
2983 3725 3046 3778 θ’.
3093 3744 3111 3775 ι
3152 3724 3260 3778 llos
3293 3725 3457 3793 igitur

1893 3819 2136 3872 maxime.
2152 3817 2487 3882 verberabat,
2509 3817 2812 3885 horumque
2839 3816 3110 3886 principes
3133 3815 3409 3870 auferebat
3438 3834 3452 3871 :

1892 3913 2148 3981 quoniam
2179 3927 2287 3964 non
2317 3913 2450 3965 satis
2483 3910 2745 3964 habentes
2773 3909 2916 3979 quod
2957 3908 3190 3978 reliquas
3207 3909 3455 3964 nationes

1893 4005 2293 4074 corrupissent,
2326 4009 2718 4072 corruptasque
2769 4002 2824 4055 in
2871 4015 3112 4055 errorem
3161 4001 3456 4069 compulis-

1893 4105 2033 4157 sent,
2065 4110 2174 4166 quo
2224 4093 2358 4148 deos
2391 4093 2574 4163 plures
2611 4093 2872 4156 colerent,
2901 4093 3124 4162 antiquo
3167 4092 3330 4147 etiam
3378 4091 3455 4146 illi

1892 4189 1986 4244 Dei
2019 4188 2234 4258 populo,
2282 4186 2374 4256 qui
2408 4184 2845 4240 circumcisionis
2879 4199 3036 4239 usum
3072 4185 3342 4249 servabat,
3372 4184 3456 4238 iu-

1894 4283 2080 4340 sidiari
2109 4287 2406 4352 cmperant,
2435 4279 2687 4353 hunegue
2717 4289 3023 4334 avertentes
3053 4295 3082 4332 a
3113 4278 3243 4343 Deo,
3277 4279 3454 4334 omnis

230 4364 291 4430 ἐξ
325 4363 553 4435 ούρανοῦ
593 4363 816 4417 καθόδου
856 4363 946 4416 τοῦ
982 4366 1154 4434 Λόγου
1185 4367 1282 4436 τὴν
1308 4366 1484 4420 αἰτίαν
1520 4365 1644 4438 ἑξῆς
1679 4367 1793 4420 δια-

1895 4376 2107 4448 generis
2158 4375 2525 4444 impietatibus
2574 4374 3000 4444 implicaverant.
3053 4371 3234 4438 Quare
3289 4373 3452 4426 etiam

233 4457 416 4524 σαφεῖ,
459 4455 549 4508 τοῦ
595 4456 692 4525 μὲν
725 4457 788 4509 ἐκ
834 4457 1130 4528 περιτομῆς
1167 4457 1296 4510 λαοῦ
1339 4456 1438 4520 τὰς
1479 4457 1789 4521 δυσσεϐείας

232 4545 736 4616 άπαριθμούμενος,
778 4547 870 4599 καὶ
917 4548 1006 4600 τὸν
1057 4549 1148 4600 ἐπὶ
1194 4548 1416 4612 ταύταις
1469 4549 1789 4621 μετελθόντα

231 4639 428 4700 αὐτοὺς
468 4636 700 4708 ὄλεθρον,
734 4638 841 4690 τῶν
885 4637 940 4691 δὲ
974 4638 1077 4692 ἀνά
1105 4641 1283 4693 πᾶσαν
1325 4641 1422 4712 τὴν
1468 4642 1788 4712 οἰκουμένην

232 4729 398 4782 ἐθνῶν
451 4730 850 4799 προαναφωνῶν
901 4729 998 4800 τὴν
1047 4730 1261 4806 κλῆσιν,
1318 4732 1416 4784 Διά
1457 4732 1629 4786 ταῦτα
1681 4733 1790 4806 γάρ

231 4820 491 4890 ἐπεδήμει
517 4823 546 4874 ὁ
575 4821 666 4874 τοῦ
695 4821 828 4874 Θεοῦ
857 4821 1025 4890 Λόγος
1057 4823 1115 4887 ἐξ
1137 4805 1378 4894 οὐρανῶν
1407 4826 1500 4878 ἐπὶ
1530 4829 1660 4897 γῆς·
1691 4828 1789 4880 καὶ

229 4913 338 4967 τῶν
367 4930 430 4981 γε
473 4913 666 4978 λέξεων
714 4915 908 4969 ἄκουε·
955 4934 973 4966 ι
997 4917 1073 4969 Δι’
1113 4916 1362 4970 ἀσέϐειαν
1403 4916 1549 4969 οἴκου
1597 4916 1789 4970 Ἰακὼϐ

231 5004 408 5057 πάντα
430 5005 617 5067 ταῦτα,
655 5007 747 5060 καὶ
777 5007 844 5058 δι’
871 5007 1139 5078 ἁμαρτίαν
1169 5008 1317 5061 οἴκου
1356 5009 1589 5079 Ἰσραήλ.
1625 5008 1720 5072 Τίς
1755 5011 1788 5079 ή

231 5096 454 5150 ἀσέϐεια
517 5098 665 5150 οἴκου
721 5097 944 5163 ’1ακώ6;
1001 5100 1060 5151 οὐ
1105 5101 1420 5172 Σαμάρεια;
1475 5102 1567 5155 καὶ¹
1611 5101 1694 5164 τίς
1753 5103 1784 5171 ή

226 5193 474 5263 ἁμαρτία
508 5193 655 5246 οἴκου
692 5192 885 5254 Ἰούδας
917 5194 1036 5264 οὐχὶ
1077 5195 1458 5266 ἰερουσαλήμ;
1487 5196 1595 5247 Καὶ
1627 5193 1788 5265 θήσο-

227 5304 334 5360 μαι
371 5287 678 5358 Σαμάρειαν
729 5288 808 5351 είς
867 5289 1305 5360 όπωροφυλάκιον
1345 5289 1512 5361 ἀγροῦ
1572 5289 1662 5341 καὶ
1707 5291 1786 5352 είς

227 5379 450 5447 φυτείαν
490 5379 837 5449 ἀμπελῶνος,
867 5381 960 5432 καὶ
988 5383 1322 5434 κατασπάσω
1363 5382 1441 5444 εἰς
1486 5381 1614 5451 χάος
1660 5382 1784 5443 τοὺς

222 5471 408 5533 λίθους
453 5471 638 5541 αὐτῆς,
677 5472 768 5523 καὶ
809 5472 876 5525 τά
904 5472 1124 5543 θεμέλια
1168 5475 1332 5544 αὐτῆς
1377 5473 1724 5542 ἀποκαλύψω.
1759 5493 1777 5522 ι

1895 4469 2129 4522 maxime
2160 4467 2227 4523 de
2253 4469 2393 4520 coclo
2420 4465 2701 4521 descendit
2750 4463 3048 4530 Dominus,
3093 4480 3160 4520 ex
3215 4479 3324 4534 quo
3380 4464 3456 4516 ait

1893 4558 2184 4627 deinceps:
2223 4575 2242 4607 ι
2283 4555 2510 4626 Propter
2544 4557 2874 4626 impietatem
2907 4554 3074 4610 Jacob
3105 4557 3286 4610 omnia
3317 4556 3449 4616 haec,

1893 4656 1945 4702 et
1975 4655 2194 4717 propter
2223 4657 2502 4716 peccatum
2523 4645 2718 4700 domus
2742 4644 2927 4701 lsrael.
2969 4664 2986 4696 ι
3019 4645 3101 4699 Ad
3131 4645 3265 4708 haec,
3290 4642 3452 4697 Verbi

1889 4740 2054 4795 etiam
2085 4739 2150 4794 de
2179 4739 2316 4793 coelo
2345 4738 2642 4794 descensus
2668 4753 2890 4794 causam
2923 4738 3178 4807 deinceps
3206 4735 3448 4806 exponit,

1892 4833 1983 4887 ubi
2021 4832 2192 4902 ipsius
2223 4830 2434 4886 Judaici
2473 4832 2655 4902 p0puli
2692 4831 2994 4901 impietates
3032 4830 3190 4900 273
3238 4845 3450 4884 connu-

1889 4931 2152 4988 merat,et
2186 4924 2274 4977 ubi
2301 4932 2422 4994 post
2452 4923 2756 4993 impietates
2781 4939 2928 4986 eum,
2952 4923 3042 4992 qui
3068 4922 3217 4992 ipsos
3243 4922 3452 4975 invase-

1887 5022 1992 5078 rat,
2021 5016 2319 5077 interitum,
2351 5030 2415 5070 ac
2446 5017 2685 5084 gentium
2736 5031 2834 5084 per
2871 5022 3043 5068 totum
3073 5013 3258 5067 orbem
3289 5027 3452 5068 voca-

1891 5107 2093 5160 tionem
2128 5105 2393 5160 enuntiat.
2435 5104 2722 5175 Propterea
2747 5107 2890 5159 enim
2911 5106 2978 5159 de
3005 5104 3144 5159 coelo
3173 5104 3225 5157 in
3251 5113 3450 5158 terram

1895 5196 1986 5250 Dei
2014 5193 2245 5249 Verbum
2277 5195 2576 5265 profectum
2607 5204 2722 5260 est;
2754 5196 2848 5250 sed
2873 5196 3034 5250 verba
3061 5196 3184 5249 audi
3213 5217 3226 5250 :
3268 5213 3286 5246 ι
3317 5193 3452 5248 Pro-

1892 5298 2008 5357 pter
2039 5288 2366 5356 impietatem
2401 5287 2570 5342 Jacob
2599 5287 2780 5340 omnia
2834 5287 2968 5348 haec,
2993 5294 3046 5339 et
3080 5294 3299 5356 propter
3323 5301 3452 5355 spec-

1891 5389 2069 5434 catum
2098 5380 2290 5434 domus
2327 5381 2516 5436 lsrael.
2546 5379 2675 5444 Quae
2719 5379 2966 5448 impietas
3011 5377 3219 5432 Jacob?
3263 5378 3478 5432 Nonne

1895 5472 2180 5526 Samaria?
2211 5472 2275 5526 Et
2309 5472 2451 5543 quod
2488 5480 2778 5542 peccatum
2812 5470 2986 5527 inda?
3012 5470 3202 5525 Nonne
3236 5469 3458 5525 Jerusa-

301 5629 345 5658 ⁶⁰
377 5627 567 5684 Matth.
595 5645 666 5693 tv,
700 5629 768 5696 8;
806 5628 968 5684 Marc.
1009 5646 1046 5695 ι,
1081 5631 1166 5684 15.
1245 5631 1285 5660 ⁸*
1315 5603 1446 5684 Luc.
1475 5645 1574 5698 xu,
1612 5630 1698 5685 49.
1778 5631 1793 5660 ε

1894 5627 2038 5682 latth.
2069 5643 2188 5689 vm,
2217 5629 2310 5682 9.9..
