3916 6200
273 232 381 292 ὄὸῚ

1173 224 1825 284 DEMONSTRATIONIS
1863 223 2322 279 ΕνΑΝϐΕιιείΕ
2363 223 2490 279 LIB.
2533 223 2620 279 Vl.

3401 223 3506 278 438

269 353 540 419 δείξουσιν
570 354 700 423 ἡμῖν
735 351 831 421 τὴν
874 351 990 405 όδδν
1016 349 1209 414 αὑτοῦ,
1244 352 1336 404 καὶ
1380 350 1756 421 πορευσόμεθα
1788 350 1833 401 ὲκ

1949 348 2090 402 letur
2121 362 2285 417 super
2306 347 2474 402 colles
2494 388 2509 413 ,
2559 353 2613 401 et
2659 344 2991 400 festinabunt
3024 342 3092 397 ad
3122 360 3277 399 eum
3304 345 3507 414 populi.

268 450 391 509 ταῖς
424 445 630 516 τρίϐοις
654 444 835 498 αὑτοῦ.
874 446 965 498 Ἐκ
997 445 1104 516 γὰρ
1138 444 1272 498 Σιὼν
1297 443 1633 509 ἐξελεύσεται
1657 443 1837 513 νόμος,

267 537 367 589 καὶ
400 535 552 603 λόγος
603 534 804 604 Κυρίου
838 530 897 597 ἐξ
949 533 1335 605 Ἰερουσαλὴμ,
1380 533 1479 586 καὶ
1517 534 1692 604 κρινεῖ
1739 530 1841 583 ἀνὰ

270 625 441 695 μέσον
463 625 573 678 τῶν
601 624 789 677 ἐθνῶν.
820 644 838 676 ›
878 624 1111 677 Τοιαῦτα
1135 625 1229 678 καὶ
1267 625 1392 695 περὶ
1411 625 1507 694 τῆς
1539 622 1647 675 τῶν
1673 621 1841 675 ἐθνῶν

268 715 541 787 κλήσεως,
576 713 610 768 ἀ
641 716 731 767 καὶ
757 714 944 778 ὁποίας
980 714 1158 784 ἔχεται
1184 715 1440 777 διανοίας,
1474 714 1621 777 ὅπως
1660 728 1717 765 τε
1748 712 1842 765 καί

268 809 414 862 αὐτά
449 806 583 877 μετά
608 807 705 877 τὴν
741 806 1117 878 τοῦΣωτῆρος
1162 806 1315 878 ἡμῶν
1358 806 1656 878 παρουσίαν
1690 805 1841 867 τέλος

272 900 513 969 εἴληφεν,
550 899 642 950 ἐπὶ
674 898 866 967 σχολῆς
896 896 960 950 ἄν
1008 914 1091 960 τις
1135 896 1456 968 καταμάθοι.
1511 894 1841 958 Ἀκολούθως

269 1009 340 1061 γε
366 993 471 1063 μὴν
488 991 693 1053 τούτοις
710 991 1003 1061 ἀρχόμενος
1030 992 1057 1043 ό
1075 989 1173 1060 τῆς
1199 989 1527 1060 προφητείας
1548 987 1720 1056 λόγος,
1744 987 1844 1039 ὡσ-

270 1082 342 1136 ὰν
376 1081 466 1134 ἐπὶ
501 1079 740 1150 σωτηρίᾳ
772 1081 833 1132 οὐ
870 1079 1025 1149 μόνον
1052 1078 1144 1131 τοῦ
1180 1078 1445 1131 Ἰουδαίων
1474 1078 1677 1141 ἔθνους,
1709 1077 1841 1130 ἀλλά

272 1172 505 1242 καὶτῶν
538 1172 701 1224 ἐθνῶν
732 1172 1007 1237 ἁπάντων,
1040 1172 1139 1241 τῆς
1178 1170 1271 1224 τοῦ
1292 1170 1493 1241 Κυρίου
1518 1172 1596 1233 είς
1637 1169 1842 1241 ἀνθρὼ-

270 1280 408 1326 πους
436 1262 657 1315 καθόδου
680 1263 1188 1333 γενησομένη;,τοίς
1217 1263 1364 1325 λαοῖς
1390 1264 1608 1325 καὶτοῖς
1636 1263 1841 1333 ὲπὶγῆς

274 1356 476 1409 ἆπασιν
492 1356 767 1424 ὲπιφωνεῖ,
794 1353 1014 1422 λέγων’(
1039 1354 1350 1418 Ἀκούσατε,
1368 1353 1486 1406 λαοὶ
1514 1355 1733 1417 πάντες,
1750 1354 1842 1406 καὶ

270 1445 586 1517 προσεχέτω
610 1447 640 1514 ἡ
665 1445 754 1514 γῆ,
772 1444 865 1497 καὶ
892 1445 1092 1508 πάντες
1114 1446 1161 1497 οἱ
1197 1447 1252 1497 ἐν
1274 1447 1431 1516 αὐτῇ.
1454 1465 1471 1496 ι
1494 1446 1604 1499 Καὶ
1625 1446 1684 1498 τὸ
1707 1463 1844 1517 μαρ-

267 1534 457 1605 τῦριον
480 1534 535 1586 δὲ
555 1533 647 1585 τοῦ
675 1533 877 1597 πάθους
904 1534 1143 1604 ᾐνίττετο
1186 1535 1279 1587 τοῦ
1316 1536 1520 1605 Κυρίου
1544 1538 1838 1607 ἐπιφέρων·

272 1625 419 1678 «Kal
432 1624 575 1677 ἔσται
589 1624 785 1695 Κύριος
798 1625 825 1675 ὁ
839 1624 968 1687 θεὸς
984 1623 1133 1694 ὑμῶν
1146 1626 1223 1688 εἰς
1243 1625 1550 1697 μαρτύριον.
1565 1643 1582 1675 ι
1595 1621 1702 1679 Εἶθ’
1721 1626 1845 1697 ἑξῆς

1950 438 2019 492 Et
2046 439 2197 494 ibunt
2221 448 2406 510 gentes
2441 438 2643 499 multa},
2674 442 2729 489 et
2754 435 2972 490 dicent:
3011 433 3221 497 Venite,
3253 435 3494 491 ascenda

1948 548 2071 587 mus
2102 532 2156 586 in
2186 542 2422 586 montem
2464 527 2697 593 Domini,
2724 535 2779 582 et
2822 527 2875 581 in
2930 526 3148 582 domum
3178 527 3271 581 Dei
3300 526 3468 584 Jacob
3491 567 3508 594 ,

1947 631 1999 678 et
2038 622 2325 677 ostendent
2366 622 2523 676 nobis
2554 620 2696 674 viam
2728 620 2877 689 ejus,
2927 626 2980 674 et
3024 619 3420 673 ambulabimus
3454 619 3511 673 in

1948 715 2158 770 semitis
2180 715 2318 783 ejus.
2360 713 2437 768 De
2469 711 2598 767 Sion
2630 712 2772 766 enim
2805 711 2972 766 exibit
3011 711 3130 774 lex,
3189 718 3242 765 et
3288 711 3508 765 verbum

1950 808 2165 863 Domini
2200 808 2267 863 de
2294 805 2615 869 Jerusalem,
2644 813 2715 860 et.
2733 804 2998 875 judicabit
3026 803 3165 857 inter
3187 811 3376 873 gentes
3393 804 3459 856 ".
3487 822 3506 854 ι

1948 902 2096 956 Talia
2128 917 2259 958 sane
2298 900 2365 955 de
2395 899 2680 954 vocatione
2734 898 2972 969 gentium
3005 896 3148 949 dicta
3178 902 3306 950 sunt
3337 914 3349 948 :
3393 909 3511 964 qua

1947 995 2164 1064 quidem
2203 1009 2311 1063 quo
2343 1009 2505 1048 sensu
2549 990 2862 1060 accipienda
2916 989 3062 1051 sint,
3113 996 3166 1042 et
3214 1001 3320 1057 quo
3353 994 3512 1057 pacto

1948 1085 2065 1154 ipsa
2095 1099 2313 1154 quoque
2344 1093 2464 1153 post
2484 1080 2780 1136 Salvatoris
2804 1078 2974 1135 nostri
3014 1078 3323 1140 adventum,
3351 1074 3509 1129 linem

1948 1176 2271 1245 acceperint,
2306 1190 2400 1245 per
2428 1176 2596 1229 otium
2628 1173 2752 1243 quis
2787 1170 3009 1226 liberius
3041 1168 3249 1224 discere
3272 1166 3505 1236 poterit:

1948 1284 2069 1323 cum
2103 1268 2170 1323 iis
2202 1275 2382 1321 tamen
2407 1264 2744 1321 concordans
2778 1278 2898 1332 qua:
2922 1262 3033 1331 jam
3075 1261 3318 1329 exposita
3363 1266 3509 1325 sunt,

1951 1359 2005 1411 in
2038 1358 2157 1427 ipso
2198 1356 2493 1427 prophetia:
2523 1355 2743 1410 exordio
2784 1353 2923 1406 idem
2951 1350 3254 1411 oraculum,
3287 1362 3393 1401 non
3425 1361 3510 1400 se-

1949 1466 2046 1505 cus
2085 1465 2149 1504 ac
2179 1451 2225 1504 si
2255 1449 2320 1502 ad
2380 1449 2606 1504 salutem
2650 1462 2756 1500 non
2804 1444 3042 1499 Iudaica:
3075 1442 3248 1513 gentis
3299 1439 3505 1503 solum,

1950 1541 2044 1597 sed
2075 1541 2450 1596 universarum
2482 1539 2743 1609 gentium,
2776 1534 2988 1589 Domini
3024 1532 3091 1586 ad
3134 1531 3381 1586 homines
3415 1528 3510 1584 de;

1950 1647 2177 1687 scensus
2199 1631 2411 1686 futurus
2443 1638 2609 1695 esset,
2645 1629 2711 1682 ad
2737 1642 2924 1681 omnes
2947 1624 3175 1696 populos
3194 1663 3209 1687 ,
3239 1621 3304 1675 ad
3326 1620 3509 1675 omnia

262 1717 297 1770 ὁ
318 1716 479 1779 αὐτὸς
498 1715 698 1786 προῖὼν
730 1716 1029 1786 προφήτης,
1070 1716 1215 1768 ῶσάν
1240 1716 1338 1788 ἤδη
1360 1717 1756 1789 προπαιδεύσας
1770 1716 1833 1769 τὰ

1938 1738 2057 1793 qua:
2091 1731 2217 1777 sunt
2246 1724 2300 1777 in
2332 1729 2478 1777 terra
2507 1721 2707 1775 clamat
2742 1718 2970 1773 dicens:
3007 1734 3026 1766 ι
3066 1714 3281 1775 Audite,
3322 1710 3507 1782 pepuli

269 1812 400 1882 περὶ
426 1810 525 1880 τῆς
558 1809 838 1881 ὑπάρξεως
858 1809 949 1861 τοῦ
966 1809 1098 1862 Θεοῦ
1119 1810 1309 1879 Λόγου,
1326 1812 1422 1881 τῆς
1435 1828 1493 1864 τε
1517 1811 1573 1877 ἐξ
1593 1810 1836 1883 οὐρανῶν

266 1900 438 1954 αὐτοῦ
468 1900 839 1963 καταϐάσεως,
885 1900 977 1953 καὶ
1000 1900 1074 1964 ὼς
1109 1900 1176 1952 τὰ
1210 1903 1354 1954 αἴτια
1389 1903 1486 1973 τῆς
1520 1904 1597 1966 είς
1627 1903 1807 1975 ἀνθρώ

269 2010 407 2057 πους
428 1992 592 2045 αὑτοῦ
612 1993 907 2063 παρουσίας
925 1992 1219 2063 προειπὼν,
1238 1994 1516 2064 ἑπομένως
1532 1996 1627 2065 τὴν
1651 1999 1729 2060 εἰς
1745 1998 1809 2049 ἀν
1829 2028 1837 2034 ι

266 2082 299 2135 θ
307 2082 521 2154 ρώπους
539 2084 698 2135 αὐτοῦ
714 2084 974 2153 ἐσομένην
988 2084 1217 2152 γένεσιν,
1234 2087 1461 2139 καὶαύτὸ
1472 2087 1534 2158 δὴ
1551 2088 1624 2159 (1)
1643 2090 1837 2160 χωρίον

267 2174 396 2228 ἔνθα
426 2174 779 2245 τεχθήσεσθαί
809 2176 1047 2247 ἔμελλεν,
1066 2170 1167 2230 ὧδέ
1193 2195 1308 2241 πως
1336 2178 1595 2243 διδάσκει,
1630 2180 1799 2249 λέγων
1819 2200 1832 2212 ο

274 2271 416 2322 (Kal
443 2271 507 2322 σὺ
550 2269 792 2340 Βηθλεὲμ
815 2265 961 2333 οἶκος
982 2270 1074 2323 τοῦ
1106 2271 1650 2341 Ἐφραθά,ὀλιγοστὸς
1676 2271 1725 2327 εἴ
1744 2274 1835 2330 τοῦ

266 2357 411 2416 εἶναι
457 2365 514 2415 ὲν
561 2362 791 2433 χιλιάσιν
849 2363 1054 2415 Ἰούδα·
1107 2364 1170 2415 ἐκ
1220 2364 1312 2416 σοῦ
1358 2381 1448 2434 μοι
1502 2364 1835 2429 ἐξελεύσεται

265 2451 590 2521 ἡγούμενος,
614 2450 708 2503 τοῦ
740 2446 875 2503 εἶναι
911 2453 989 2515 εἰς
1016 2453 1248 2524 ἄρχοντα
1275 2455 1331 2505 ἐν
1355 2453 1430 2523 τῷ
1469 2455 1682 2526 Ἰσραὴλ
1699 2496 1713 2517 ,
1743 2458 1835 2509 καὶ

264 2542 323 2593 αἱ
349 2540 518 2604 ἔξοδοι
549 2540 712 2593 αὑτοῦ
737 2541 830 2593 ἀπ’
862 2540 1037 2610 ἀρχῆς
1066 2541 1123 2606 ἐξ
1157 2543 1378 2615 ἡμερῶν
1410 2543 1621 2607 αἰῶνος.
1654 2564 1672 2595 ι
1694 2546 1837 2598 Ἐπι-

269 2631 450 2701 μελῶς
475 2631 531 2683 δὲ
566 2632 818 2702 πρόσχες,
849 2632 969 2684 τίνα
992 2632 1190 2703 τρόπον
1213 2631 1308 2684 τοῦ
1341 2633 1433 2685 ἐπὶ
1463 2632 1561 2703 τὴν
1591 2632 1835 2705 Βηθλεὲμ

264 2720 494 2791 (χωρίον
543 2721 599 2773 δέ
631 2723 748 2774 ἐστι
781 2722 936 2775 τοῦτο
973 2723 1070 2794 τῆς
1116 2722 1416 2793 Ἰουδαίας)
1463 2724 1833 2795 φανησομένου

262 2813 366 2876 τὰς
402 2813 609 2877 ἐξόδους
652 2814 856 2867 ἄνωθεν
890 2817 981 2867 καὶ
1015 2814 1072 2880 ἐξ
1105 2815 1298 2878 αἰῶνος
1341 2816 1633 2884 ὑφεστάναι
1667 2816 1831 2887 φησὶ,

264 2903 368 2974 τὴν
414 2902 592 2956 ἔνθεον
631 2904 805 2975 δηλῶν
840 2905 1181 2976 προΰπαρξίν
1214 2922 1273 2957 τε
1319 2905 1413 2959 καὶ
1446 2906 1699 2960 οὑσίωσιν
1734 2907 1829 2959 τοῦ

264 2995 330 3046 ὲκ
391 2994 629 3063 Βηθλεὲμ
674 2995 1130 3066 προελευσομένου
1165 2995 1441 3066 ἄρχοντος.
1486 2997 1549 3050 Εἰ
1597 2997 1694 3067 μὲν
1741 2993 1833 3051 οὖν

1939 1829 2150 1877 omnes,
2177 1821 2230 1868 et
2258 1813 2500 1867 attendat
2532 1816 2764 1875 terra,et
2784 1821 2973 1863 omnes
2992 1805 3084 1875 qui
3116 1804 3169 1857 in
3204 1818 3265 1857 ea
3297 1811 3438 1856 sunt.
3483 1818 3502 1851 ι

1924 1903 2332 1979 Testimonium
2362 1919 2488 1960 vero
2517 1901 2663 1973 quod
2690 1908 2881 1955 contra
2906 1899 3082 1969 ipsum
3107 1895 3393 1950 Dominum
3423 1891 3507 1945 die

1937 2008 2083 2052 ctum
2114 2003 2217 2059 est,
2251 2011 2373 2049 cum
2414 2005 2559 2049 esset
2602 2006 2897 2062 passurus,
2950 1990 3023 2041 ita
3061 1985 3349 2057 significat,
3387 2002 3406 2035 ι
3440 1982 3506 2037 Et

1935 2088 2040 2143 erit
2080 2086 2341 2140 Dominus
2374 2086 2518 2141 Deus
2572 2091 2749 2139 vester
2776 2084 2829 2136 in
2870 2078 3263 2135 testimonium.
3305 2096 3324 2128 ι
3360 2075 3500 2129 Tum

1937 2174 2197 2247 deinceps
2233 2177 2373 2231 idem
2410 2176 2668 2246 propheta
2693 2173 2937 2226 oratione
2974 2185 3292 2239 progressus
3320 2208 3335 2232 ,
3384 2178 3503 2221 tan-

1936 2285 2095 2339 quam
2122 2271 2169 2324 is
2199 2269 2291 2339 qui
2317 2277 2442 2322 ante
2475 2268 2586 2337 jam
2620 2264 2897 2319 docuisset
2918 2277 2980 2315 ea
3006 2276 3126 2331 qua:
3154 2260 3220 2313 ad
3253 2260 3501 2313 substan-

1935 2364 2064 2417 tiam
2088 2360 2181 2416 Dei
2215 2359 2376 2414 Verbi
2411 2358 2637 2427 ejusque
2665 2356 2731 2410 de
2754 2355 2894 2409 coelo
2916 2353 3238 2408 descensum
3269 2349 3505 2418 pertine-

1936 2460 2075 2518 rent,
2094 2460 2147 2507 et
2169 2459 2428 2521 tanquam
2450 2450 2496 2503 si
2519 2448 2637 2518 ejus
2660 2447 2726 2500 ad
2749 2446 2995 2501 homines
3020 2444 3506 2510 adventuscausas

1934 2543 2291 2614 praedixisset,
2316 2542 2505 2597 ordine
2537 2540 2793 2608 deinceps
2825 2537 3066 2592 futurum
3092 2535 3335 2605 ejusdem
3366 2535 3505 2589 inter

1934 2636 2094 2707 275
2130 2636 2378 2691 homines
2400 2642 2618 2699 .ortum,
2641 2634 2908 2703 planeque
2928 2631 3089 2685 etiam
3124 2631 3299 2699 ipsum
3325 2629 3503 2683 locum

1935 2730 1989 2783 in
2022 2745 2132 2799 quo
2159 2728 2399 2782 futurum
2422 2734 2540 2782 erat
2570 2732 2627 2779 ut
2655 2733 2991 2787 nasceretur,
3027 2720 3231 2776 indicat
3266 2721 3500 2775 dicens:

1940 2841 1959 2873 ι
2000 2820 2066 2874 Et
2094 2828 2151 2874 tu
2181 2819 2490 2874 Bethlehem
2534 2817 2727 2871 domus
2772 2814 3031 2884 Ephrata,
3066 2813 3288 2865 minima
3332 2826 3427 2878 εει
3444 2816 3504 2863 ut

1934 2915 2011 2969 sis
2032 2914 2087 2967 in
2113 2912 2349 2967 millibus
2368 2909 2507 2964 Juda
2539 2928 2553 2963 :
2586 2923 2650 2964 ex
2679 2915 2731 2962 te
2760 2907 2891 2960 mihi
2921 2905 3228 2976 egredietur
3253 2904 3343 2973 qui
3364 2918 3503 2972 pra:-

1936 3006 2028 3069 sit,
2055 3016 2112 3059 ut
2139 3005 2209 3060 sit
2231 3006 2284 3058 in
2318 3002 2617 3073 principem
2651 3000 2707 3053 in
2740 2998 2907 3053 Israel
2962 3007 3015 3052 et
3073 2998 3252 3052 exitus
3289 2995 3410 3064 ejus
3433 2995 3502 3049 ab

265 3086 382 3157 ἔχοι
410 3105 491 3150 τις
523 3088 607 3158 ἐφ’
650 3088 837 3159 ἕτερον
873 3089 1159 3160 ἀναφέρειν
1201 3091 1289 3141 τὸν
1322 3089 1566 3160 χρησμὸν
1589 3130 1603 3153 ,
1633 3090 1714 3154 τίς
1746 3083 1833 3143 οὗ·

1938 3097 2115 3161 initio,
2132 3112 2200 3151 ex
2216 3095 2409 3151 diebus
2434 3094 2621 3150 saaculi
2649 3094 2714 3147 ".
2748 3112 2766 3143 ι
2793 3090 3023 3145 Attende
3046 3106 3174 3145 vero
3193 3090 3500 3159 diligenter,

264 3195 362 3242 τος
384 3221 398 3242 ,
430 3179 796 3233 ἀποδεικνύτω
820 3198 832 3210 ’
866 3182 913 3233 εί
938 3180 982 3233 δ’
1012 3181 1111 3233 οὐκ
1141 3179 1284 3233 ἔστιν
1326 3181 1503 3252 εὑρεῖν
1530 3180 1711 3252 ἕτερον
1739 3183 1832 3236 τοῦ

266 3274 518 3344 Σωτῆρος
549 3276 581 3343 η
592 3272 707 3344 μῶν
743 3273 915 3344 Ἰησοῦ
949 3273 1184 3344 Χριστοῦ
1205 3315 1219 3341 ,
1255 3275 1314 3339 ὃς
1362 3276 1519 3346 μόνος
1573 3275 1707 3345 μετά
1736 3278 1835 3347 τὴν

268 3365 604 3437 προφητείαν
644 3366 855 3418 ἐνθένδε
904 3365 1229 3437 ὡρμημένος
1274 3366 1493 3435 βοᾶται,
1548 3368 1601 3420 τί
1651 3368 1833 3421 λοιπὸν

266 3455 516 3526 ἐμποδὼν
550 3458 620 3527 μὴ
654 3456 774 3526 οὐχὶ
806 3456 1180 3526 συνομολογεῖν
1220 3457 1473 3528 ἀλήθειαν
1519 3462 1584 3530 τῇ
1627 3477 1837 3531 προφη-

264 3548 413 3619 τεία,
441 3549 531 3601 ἐπὶ
562 3549 704 3617 μόνῳ
734 3548 879 3619 αὐτῷ
905 3549 1205 3622 σαλευούσῃ
1230 3549 1326 3620 τὴν
1355 3551 1693 3622 πρόρρησινς
1726 3554 1837 3606 Μό-

267 3661 361 3707 νος
393 3643 520 3712 γοῦν
558 3638 709 3707 οὗτος
749 3643 1015 3714 ἐπιφανὴς
1063 3643 1168 3697 τῶν
1198 3644 1415 3697 πώποτε
1463 3644 1733 3713 γεγονὼς,
1772 3648 1836 3700 εκ

262 3736 363 3789 τοῦ
406 3736 801 3807 προειρημένου
847 3737 1046 3807 χωρίου
1096 3736 1192 3806 τῆς
1237 3736 1483 3807 Βηθλεὲμ
1532 3737 1668 3807 μετά
1710 3740 1836 3801 τοὺς

262 3829 368 3898 τῆς
439 3828 772 3899 προφητείας
828 3828 1053 3899 χρόνους
1111 3829 1172 3880 τὸ
1236 3827 1572 3899 ἀνθρώπειον
1636 3828 1834 3892 ὑποδὺς

265 3921 456 3991 σχῆμα
509 3920 902 3991 προελήλυθεν·
958 3921 1072 3991 ἀμα
1106 3904 1192 3972 ¹τε
1234 3921 1299 3990 τῇ
1350 3920 1512 3974 αὐτοῦ
1566 3919 1836 3991 παρουσίᾳ

262 4012 568 4083 ἐπληροῦτο
602 4014 667 4068 τὰ
701 4012 1169 4085 προηγορευμένα.
1190 4012 1397 4066 Αὐτίκα
1429 4012 1580 4081 γοῦν,
1610 4015 1705 4066 καὶ
1735 4013 1834 4066 οὐκ

262 4105 348 4167 είς
381 4104 613 4176 μικρὸν,
636 4105 710 4176 τῷ
737 4106 833 4176 μὲν
868 4105 1137 4159 Ἰουδαίων
1168 4105 1310 4158 ἔθνει
1337 4105 1541 4159 ἕκαστα
1572 4106 1678 4159 τῶν
1705 4123 1835 4177 προ»

261 4197 690 4267 πεφητευμένων
737 4196 1072 4269 σκυθρωπῶν
1117 4199 1366 4269 ἀπήντασ
1411 4201 1523 4261 τοῖς
1556 4197 1613 4250 δὲ
1659 4197 1833 4250 ἔθνεσι

260 4288 427 4341 πάλιν
451 4288 519 4341 τά
548 4290 809 4345 ἀκόλουθα
843 4294 954 4354 τοῖς
989 4290 1370 4360 θεσπίσμασιν,
1403 4291 1563 4353 αὐτός
1595 4307 1654 4343 τε
1680 4283 1835 4353 οὗτος

1937 3184 2394 3256 quemadmodum
2430 3185 2550 3254 ejus
2595 3182 2688 3252 qui
2723 3184 2776 3236 in
2808 3180 3120 3236 Bethlehem
3155 3182 3253 3234 sit;
3282 3178 3501 3249 conspi-

1935 3276 2163 3332 ciendus
2198 3284 2304 3342 (est
2331 3283 2509 3329 autem
2534 3274 2841 3329 Bethlehem
2869 3271 3069 3328 Iudaeae
3098 3272 3292 3343 locus),
3320 3272 3502 3325 exitus

1936 3368 2082 3423 dicat
2132 3366 2365 3437 desuper
2410 3374 2464 3421 et
2508 3381 2538 3419 a
2596 3366 2796 3422 saeculo
2842 3367 3112 3421 existere:
3151 3372 3352 3433 utpote,
3406 3359 3503 3431 qui

1936 3461 2203 3531 principis
2236 3459 2301 3514 de
2332 3459 2643 3515 Bethlehem
2693 3462 3055 3531 progressuri,
3091 3458 3329 3513 divinam
3356 3454 3500 3509 indi-

1935 3570 2060 3609 care
2110 3555 2239 3608 velit
2288 3554 2607 3609 substantiae
2657 3553 3107 3617 antecessionem,
3158 3549 3502 3620 propagatio-

1936 3662 2168 3716 nemque
2208 3661 2474 3716 persona.
2510 3645 2566 3699 Si
2608 3646 2733 3715 quis
2764 3647 2927 3717 igitur
2951 3651 3035 3698 est
3078 3645 3171 3713 qui
3216 3642 3498 3696 oraculum

1935 3736 2140 3792 referre
2187 3738 2363 3806 possit
2388 3736 2457 3790 ad
2502 3736 2666 3789 alium
2698 3735 3029 3805 quempiam,
3062 3746 3129 3785 ne
3177 3733 3517 3791 cunctetur;

1935 3832 2130 3899 prodat
2160 3844 2293 3884 sane
2322 3829 2489 3892 hunc,
2523 3828 2771 3898 quisnam
2807 3828 2912 3891 sit;
2945 3824 3039 3879 sed
3066 3823 3112 3879 si
3145 3822 3287 3875 alius
3307 3827 3500 3888 praeter

1938 3920 2271 3976 Salvatorem
2296 3930 2541 3976 nostrum
2570 3918 2756 3973 Jesum
2802 3918 3078 3972 Christum
3125 3912 3357 3968 inveniri
3390 3923 3501 3963 non

1935 4022 2137 4084 potest,
2172 4013 2265 4082 qui
2312 4013 2463 4067 solus
2506 4019 2625 4081 post
2656 4012 2815 4065 talem
2847 4008 3184 4080 prophetiam
3224 4004 3348 4058 inde
3374 4014 3500 4073 pro-

1935 4106 2111 4160 fectus
2142 4103 2473 4167 celebratur;
2497 4104 2626 4173 quid
2656 4102 2871 4157 tandem
2903 4097 3272 4170 impedimenti
3307 4110 3500 4165 super-

1934 4208 2037 4261 est,
2090 4214 2159 4254 ne
2206 4214 2313 4252 una
2358 4214 2481 4252 cum
2528 4199 2643 4269 ipsa
2686 4195 2968 4267 prophetia
3019 4195 3298 4248 veritatem
3331 4190 3500 4245 fatear

1934 4306 2078 4352 mur,
2109 4304 2228 4359 quae
2284 4290 2337 4343 in
2372 4306 2538 4344 unum
2575 4290 2724 4343 illum
2779 4302 2932 4342 suam
2987 4284 3171 4355 dirigit
3197 4282 3500 4353 prtedictio-

256 4384 293 4434 ὁ
340 4381 527 4453 Σωτὴρ
573 4384 665 4436 καὶ
711 4384 906 4455 Κύριος
951 4383 1109 4453 ἡμῶν
1156 4384 1220 4436 ὲκ
1280 4382 1524 4455 Βηθλεὲμ
1551 4383 1830 4455 ὁρμηθεὶς,

1938 4382 2096 4436 nem?
2127 4380 2258 4434 Nam
2291 4382 2440 4436 solus
2471 4382 2560 4436 ille
2595 4381 2857 4445 omnium,
2885 4376 2977 4448 qui
3016 4391 3253 4446 unquam
3278 4374 3502 4430 exstite-

260 4473 563 4544 ἡγούμενος
613 4475 889 4547 ἀνεδείχθη
932 4476 1024 4528 τοῦ
1080 4475 1218 4530 κατά
1278 4475 1515 4529 διάνοιαν
1574 4475 1788 4547 Ἰσραὴλ
1813 4515 1827 4538 ,

258 4563 411 4619 οὕτω
435 4565 631 4628 παντὸς
660 4564 756 4617 τοῦ
788 4565 1091 4636 διορατικοῦ
1118 4567 1209 4618 καὶ
1234 4564 1517 4628 θεοσεϐοῦς
1546 4564 1683 4619 λαοῦ.
1698 4581 1830 4636 χρη-

264 4651 597 4723 ματίζοντος.
632 4652 739 4705 Καὶ
767 4653 861 4705 θέα
891 4671 977 4721 γε,
1007 4655 1153 4718 ὅπως
1187 4653 1283 4717 τάς
1308 4651 1518 4718 ἐξόδους
1542 4654 1705 4709 αὑτοῦ
1731 4655 1829 4725 τῆς

258 4745 447 4798 ἐνθέου
479 4743 870 4816 προῦπάρξεως
900 4748 993 4799 ἀπ’
1025 4748 1198 4818 ἀρχῆς
1224 4746 1317 4801 καὶ
1354 4746 1415 4811 ἐξ
1444 4747 1667 4819 ἡμερῶν
1697 4747 1828 4800 αἰῶ-

256 4856 354 4900 νος
378 4839 516 4907 ἔχειν
554 4839 768 4907 λέγεται
788 4857 800 4868 ·
829 4841 963 4910 ὅπερ
994 4842 1093 4893 οὐκ
1122 4840 1186 4894 ἂν
1221 4843 1508 4913 ἀρμόσειεν
1541 4840 1827 4913 ἀνθρώπου

258 4927 444 4999 φύσει.
491 4930 709 4995 Τούτοις
758 4932 883 5000 ἑξῆς
931 4935 958 4985 ὁ
1011 4933 1341 5004 προφητικὸς
1385 4932 1571 5001 λόγος,
1623 4932 1829 4996 ὑποϐὰς

261 5021 483 5090 μικρὸν,
515 5022 606 5074 καὶ
638 5022 733 5075 νῦν
756 5022 917 5075 πάλιν
955 5023 1054 5092 τῆς
1086 5024 1249 5078 πάλαι
1277 5024 1504 5095 νομικῆς
1534 5023 1828 5094 θρησκείας

256 5114 362 5181 τὴν
405 5116 749 5185 περιγραφὴν
815 5116 905 5167 καὶ
955 5115 1267 5187 καθαίρεσιν
1319 5117 1714 5186 ὑποσημαίνει,
1763 5118 1828 5169 ἐκ

256 5205 553 5275 προσώπου
585 5208 677 5260 τοῦ
710 5207 839 5261 λαοῦ
872 5207 1042 5276 λέγων
1066 5226 1079 5238 ·
1113 5228 1131 5259 ε
1168 5209 1255 5261 Ἐν
1284 5209 1389 5262 τίνι
1414 5208 1705 5262 καταλάϐω
1733 5209 1823 5262 τὸν

258 5296 495 5368 Κύριον;
542 5299 870 5370 ἐπιλήψομαι
914 5297 1050 5351 Θεοῦ
1089 5316 1184 5370 μου
1216 5299 1466 5368 uti/(nou;
1499 5301 1546 5350 εί
1584 5299 1821 5371 καταλή-

250 5387 431 5457 ψομαι
451 5390 609 5443 αὑτὸν
638 5392 693 5443 ὲν
713 5390 1170 5461 ὁλοκαυτώμασιν,
1189 5392 1245 5444 ὲν
1274 5390 1492 5462 μόσχοις
1513 5391 1818 5455 ἐνιαυσίοιςο

252 5480 306 5532 εἰ
343 5480 418 5532 δῶ
461 5482 771 5553 πρωτότοκα
802 5482 1006 5544 κοιλίας
1047 5499 1146 5552 μου
1178 5482 1315 5552 ὑπὲρ
1350 5482 1620 5552 ἁμαρτίας
1646 5480 1823 5552 ψυχῆς

328 5572 373 5603 ⁸⁷
410 5572 569 5627 Mich.
596 5589 665 5635 tv,
696 5575 750 5628 '2.
826 5576 870 5606 ⁸³
895 5574 1056 5628 Mich.
1085 5591 1134 5639 v,
1162 5573 1214 5628 2.

330 5664 409 5734 (Ι)
449 5663 799 5721 Dcsidcratur
828 5666 906 5720 τό.
950 5664 1104 5720 Εοιτ.

1936 4474 2065 4541 rint,
2090 4490 2157 4527 ex
2188 4490 2252 4529 eo
2279 4473 2590 4528 Bethlehem
2621 4474 2761 4535 loco,
2796 4470 2862 4525 de
2891 4485 3000 4540 quo
3018 4470 3131 4539 jam
3156 4466 3360 4520 dictum
3391 4471 3495 4528 est,

1936 4565 2223 4621 manifeste
2272 4574 2395 4635 post
2424 4567 2542 4635 ejus
2578 4563 2872 4636 prophetia:
2914 4574 3178 4631 tempora,
3207 4561 3499 4612 humanam

1936 4658 2158 4713 subiens
2189 4656 2439 4719 formam,
2488 4670 2808 4726 progressus
2846 4661 2973 4718 est;
3003 4660 3166 4721 atque
3216 4649 3360 4702 illico
3388 4662 3498 4699 una

1934 4765 2057 4805 cum
2088 4751 2205 4820 ejus
2232 4750 2485 4814 adventu,
2517 4764 2579 4803 ea
2622 4764 2741 4818 qua:
2791 4748 2904 4817 jam
2952 4745 3206 4815 praedicta
3259 4740 3494 4802 fuerant,

1932 4843 2197 4912 completa
2215 4850 2361 4897 sunt.
2381 4843 2565 4911 itaque
2591 4856 2622 4895 e
2641 4840 2869 4909 vestigio
2891 4839 3008 4893 sine
3029 4850 3198 4895 mora,
3222 4844 3499 4902 quaecum-

1931 4950 2037 5004 quc
2062 4933 2234 4988 tristia
2267 4941 2319 4988 et
2350 4933 2545 4989 infesta
2592 4932 2832 4987 Judaica:
2889 4930 3031 5000 genti
3079 4926 3333 4997 praedicta
3379 4923 3492 4977 fue-

1929 5036 2076 5090 rant,
2113 5034 2410 5081 evenerunt
2444 5045 2458 5081 :
2492 5041 2556 5080 ac
2588 5040 2780 5079 rursus
2825 5021 3035 5077 caateris
3070 5017 3341 5089 gentibus,
3371 5027 3497 5069 ora-

1930 5121 2071 5174 culis
2107 5125 2495 5185 consentanea,
2528 5127 2689 5188 atque
2736 5116 2851 5185 ipse
2887 5114 2973 5167 hic
3027 5110 3274 5165 Salvator
3296 5114 3349 5160 et
3384 5102 3495 5158 Do—

1934 5212 2119 5267 minus
2147 5222 2335 5269 noster
2359 5214 2413 5266 in
2441 5212 2750 5267 Bethlehem
2800 5220 3144 5278 progressus,
3176 5201 3295 5270 ejus
3330 5198 3495 5254 Israel

1932 5306 2208 5375 Princeps,
2240 5307 2332 5375 qui
2371 5306 2436 5361 ad
2486 5304 2899 5374 intelligentiam
2952 5296 3204 5355 refertur,
3252 5292 3498 5346 declara-

1928 5405 2018 5452 tus
2047 5409 2131 5453 est
2159 5420 2171 5453 :
2204 5399 2404 5468 quippe
2429 5413 2549 5454 cum
2581 5412 2645 5451 eo
2674 5396 2896 5455 nomine
2922 5390 3151 5463 populus
3173 5383 3497 5453 omnis.qui—

1928 5502 2161 5557 eutnque
2204 5487 2377 5544 Deum
2405 5499 2461 5544 et
2492 5487 2676 5547 videre
2708 5502 2768 5554 et,
2793 5484 2884 5560 pie
2913 5481 3087 5536 colere
3117 5478 3370 5531 assuetus
3408 5470 3502 5532 sit.
