  <div class='ocr_page' id='page_1' title='image "/cluster/home/n/w/nwhite01/storage/ocr_20150623/22/hvd.32044073501132/225.png"; bbox 0 0 3866 6202; ppageno 0'>
   <div class='ocr_carea' id='block_1_1' title="bbox 483 328 590 383">
    <p class='ocr_par' dir='ltr' id='par_1_1' title="bbox 483 328 590 383">
     <span class='ocr_line' id='line_1_1' title="bbox 483 328 590 383; baseline 0 -1"><span class='ocrx_word' id='word_1_1' title='bbox 483 328 590 383; x_wconf 72' lang='grc' dir='ltr'>ιδςι</span> 
     </span>
    </p>
   </div>
   <div class='ocr_carea' id='block_1_2' title="bbox 1148 310 2057 405">
    <p class='ocr_par' dir='ltr' id='par_1_2' title="bbox 1148 331 2057 396">
     <span class='ocr_line' id='line_1_2' title="bbox 1148 331 2057 396; baseline 0.009 -8"><span class='ocrx_word' id='word_1_2' title='bbox 1148 331 1419 389; x_wconf 81' lang='lat' dir='ltr'><strong>EUSEBII</strong></span> <span class='ocrx_word' id='word_1_3' title='bbox 1458 333 1943 395; x_wconf 68' lang='lat' dir='ltr'><strong>CAESARIENSIS</strong></span> <span class='ocrx_word' id='word_1_4' title='bbox 1979 339 2057 396; x_wconf 77' lang='grc' dir='ltr'><strong>ΟΡ</strong></span> 
     </span>
    </p>
   </div>
   <div class='ocr_carea' id='block_1_3' title="bbox 2161 310 3105 405">
    <p class='ocr_par' dir='ltr' id='par_1_3' title="bbox 2172 310 3105 405">
     <span class='ocr_line' id='line_1_3' title="bbox 2172 310 3105 405; baseline 0.009 -8"><span class='ocrx_word' id='word_1_5' title='bbox 2172 341 2355 400; x_wconf 85' lang='lat' dir='ltr'><strong>PARS</strong></span> <span class='ocrx_word' id='word_1_6' title='bbox 2390 344 2456 401; x_wconf 87' lang='grc' dir='ltr'>ιι.</span> <span class='ocrx_word' id='word_1_7' title='bbox 2487 375 2545 387; x_wconf 91' lang='grc'><strong>-</strong></span> <span class='ocrx_word' id='word_1_8' title='bbox 2598 310 3105 405; x_wconf 59' lang='lat' dir='ltr'><strong>spumosum.</strong></span> 
     </span>
    </p>
   </div>
   <div class='ocr_carea' id='block_1_4' title="bbox 3624 351 3732 411">
    <p class='ocr_par' dir='ltr' id='par_1_4' title="bbox 3624 351 3732 411">
     <span class='ocr_line' id='line_1_4' title="bbox 3624 351 3732 411; baseline 0.028 -3"><span class='ocrx_word' id='word_1_9' title='bbox 3624 351 3732 411; x_wconf 64' lang='lat' dir='ltr'><strong>H0</strong></span> 
     </span>
    </p>
   </div>
   <div class='ocr_carea' id='block_1_5' title="bbox 485 443 2057 531">
    <p class='ocr_par' dir='ltr' id='par_1_5' title="bbox 485 443 2055 519">
     <span class='ocr_line' id='line_1_5' title="bbox 485 443 2055 519; baseline 0.009 -22"><span class='ocrx_word' id='word_1_10' title='bbox 485 445 805 515; x_wconf 76' lang='lat' dir='ltr'><strong>appelletur.</strong></span> <span class='ocrx_word' id='word_1_11' title='bbox 833 443 898 498; x_wconf 83' lang='lat' dir='ltr'><strong>Et</strong></span> <span class='ocrx_word' id='word_1_12' title='bbox 937 460 1068 501; x_wconf 91' lang='lat' dir='ltr'><strong>sane</strong></span> <span class='ocrx_word' id='word_1_13' title='bbox 1091 447 1299 517; x_wconf 90' lang='lat' dir='ltr'><strong>inspice</strong></span> <span class='ocrx_word' id='word_1_14' title='bbox 1329 451 1786 519; x_wconf 85' lang='lat' dir='ltr'><strong>quemadmodum</strong></span> <span class='ocrx_word' id='word_1_15' title='bbox 1817 470 1930 510; x_wconf 67' lang='lat' dir='ltr'><strong>suae</strong></span> <span class='ocrx_word' id='word_1_16' title='bbox 1968 455 2055 510; x_wconf 90' lang='lat' dir='ltr'><strong>di-</strong></span> 
     </span>
    </p>
   </div>
   <div class='ocr_carea' id='block_1_6' title="bbox 2161 443 3731 531">
    <p class='ocr_par' dir='ltr' id='par_1_6' title="bbox 2161 460 3731 531">
     <span class='ocr_line' id='line_1_6' title="bbox 2161 460 3731 531; baseline 0.004 -21"><span class='ocrx_word' id='word_1_17' title='bbox 2161 466 2300 529; x_wconf 88' lang='grc' dir='ltr'>μου;</span> <span class='ocrx_word' id='word_1_18' title='bbox 2339 478 2357 510; x_wconf 78' lang='grc' dir='ltr'><strong>ι</strong></span> <span class='ocrx_word' id='word_1_19' title='bbox 2394 461 2459 514; x_wconf 87' lang='grc' dir='ltr'><strong>ἐκ</strong></span> <span class='ocrx_word' id='word_1_20' title='bbox 2498 460 2556 514; x_wconf 81' lang='grc' dir='ltr'>δὲ</span> <span class='ocrx_word' id='word_1_21' title='bbox 2620 460 2911 531; x_wconf 80' lang='grc' dir='ltr'>προσώπου</span> <span class='ocrx_word' id='word_1_22' title='bbox 2963 461 3056 515; x_wconf 80' lang='grc' dir='ltr'>τοῦ</span> <span class='ocrx_word' id='word_1_23' title='bbox 3116 461 3250 515; x_wconf 84' lang='grc' dir='ltr'><strong>Θεοῦ</strong></span> <span class='ocrx_word' id='word_1_24' title='bbox 3292 461 3498 516; x_wconf 83' lang='grc' dir='ltr'><strong>τοιάνδε</strong></span> <span class='ocrx_word' id='word_1_25' title='bbox 3549 464 3731 528; x_wconf 77' lang='grc' dir='ltr'>αὐτοῖς</span> 
     </span>
    </p>
   </div>
   <div class='ocr_carea' id='block_1_7' title="bbox 483 537 2051 613">
    <p class='ocr_par' dir='ltr' id='par_1_7' title="bbox 483 537 2051 613">
     <span class='ocr_line' id='line_1_7' title="bbox 483 537 2051 613; baseline 0.01 -24"><span class='ocrx_word' id='word_1_26' title='bbox 483 537 626 592; x_wconf 67' lang='lat' dir='ltr'><strong>vinas</strong></span> <span class='ocrx_word' id='word_1_27' title='bbox 670 538 1147 609; x_wconf 84' lang='lat' dir='ltr'><strong>antecedentisque</strong></span> <span class='ocrx_word' id='word_1_28' title='bbox 1187 540 1508 600; x_wconf 70' lang='lat' dir='ltr'><strong>substantia:</strong></span> <span class='ocrx_word' id='word_1_29' title='bbox 1560 546 1763 613; x_wconf 83' lang='lat' dir='ltr'><strong>exitus,</strong></span> <span class='ocrx_word' id='word_1_30' title='bbox 1795 548 1865 604; x_wconf 89' lang='lat' dir='ltr'><strong>ab</strong></span> <span class='ocrx_word' id='word_1_31' title='bbox 1895 548 2051 605; x_wconf 88' lang='lat' dir='ltr'><strong>initio</strong></span> 
     </span>
    </p>
   </div>
   <div class='ocr_carea' id='block_1_8' title="bbox 482 628 2050 711">
    <p class='ocr_par' dir='ltr' id='par_1_8' title="bbox 482 628 2050 711">
     <span class='ocr_line' id='line_1_8' title="bbox 482 628 2050 711; baseline 0.008 -26"><span class='ocrx_word' id='word_1_32' title='bbox 482 636 537 685; x_wconf 88' lang='lat' dir='ltr'><strong>et</strong></span> <span class='ocrx_word' id='word_1_33' title='bbox 564 644 630 685; x_wconf 83' lang='lat' dir='ltr'><strong>ex</strong></span> <span class='ocrx_word' id='word_1_34' title='bbox 662 628 855 685; x_wconf 92' lang='lat' dir='ltr'><strong>diebus</strong></span> <span class='ocrx_word' id='word_1_35' title='bbox 891 630 1076 686; x_wconf 79' lang='lat' dir='ltr'><strong>saeculi</strong></span> <span class='ocrx_word' id='word_1_36' title='bbox 1116 631 1320 689; x_wconf 87' lang='lat' dir='ltr'><strong>habere</strong></span> <span class='ocrx_word' id='word_1_37' title='bbox 1357 634 1594 701; x_wconf 78' lang='lat' dir='ltr'><strong>dicatur,</strong></span> <span class='ocrx_word' id='word_1_38' title='bbox 1636 639 1780 709; x_wconf 90' lang='lat' dir='ltr'><strong>quod</strong></span> <span class='ocrx_word' id='word_1_39' title='bbox 1830 641 2050 711; x_wconf 86' lang='lat' dir='ltr'><strong>quidem</strong></span> 
     </span>
    </p>
   </div>
   <div class='ocr_carea' id='block_1_9' title="bbox 485 721 2051 791">
    <p class='ocr_par' dir='ltr' id='par_1_9' title="bbox 485 721 2051 791">
     <span class='ocr_line' id='line_1_9' title="bbox 485 721 2051 791; baseline 0.011 -18"><span class='ocrx_word' id='word_1_40' title='bbox 485 721 801 791; x_wconf 86' lang='lat' dir='ltr'><strong>neutiquam</strong></span> <span class='ocrx_word' id='word_1_41' title='bbox 850 721 1090 779; x_wconf 86' lang='lat' dir='ltr'><strong>hominis</strong></span> <span class='ocrx_word' id='word_1_42' title='bbox 1146 732 1356 781; x_wconf 60' lang='lat' dir='ltr'><strong>natura:</strong></span> <span class='ocrx_word' id='word_1_43' title='bbox 1409 731 1712 785; x_wconf 85' lang='lat' dir='ltr'><strong>conveniat.</strong></span> <span class='ocrx_word' id='word_1_44' title='bbox 1760 730 1890 788; x_wconf 85' lang='lat' dir='ltr'><strong>Post</strong></span> <span class='ocrx_word' id='word_1_45' title='bbox 1936 732 2051 790; x_wconf 62' lang='lat' dir='ltr'><strong>haec</strong></span> 
     </span>
    </p>
   </div>
   <div class='ocr_carea' id='block_1_10' title="bbox 482 811 2051 887">
    <p class='ocr_par' dir='ltr' id='par_1_10' title="bbox 482 811 2051 887">
     <span class='ocr_line' id='line_1_10' title="bbox 482 811 2051 887; baseline 0.011 -24"><span class='ocrx_word' id='word_1_46' title='bbox 482 811 761 881; x_wconf 87' lang='lat' dir='ltr'><strong>paululum</strong></span> <span class='ocrx_word' id='word_1_47' title='bbox 794 828 1085 885; x_wconf 85' lang='lat' dir='ltr'><strong>progressa</strong></span> <span class='ocrx_word' id='word_1_48' title='bbox 1098 818 1433 887; x_wconf 73' lang='lat' dir='ltr'><strong>prophetica</strong></span> <span class='ocrx_word' id='word_1_49' title='bbox 1484 821 1679 887; x_wconf 83' lang='lat' dir='ltr'><strong>oratio,</strong></span> <span class='ocrx_word' id='word_1_50' title='bbox 1706 823 1871 879; x_wconf 88' lang='lat' dir='ltr'><strong>etiam</strong></span> <span class='ocrx_word' id='word_1_51' title='bbox 1903 840 2051 881; x_wconf 92' lang='lat' dir='ltr'><strong>nunc</strong></span> 
     </span>
    </p>
   </div>
   <div class='ocr_carea' id='block_1_11' title="bbox 480 906 2053 988">
    <p class='ocr_par' dir='ltr' id='par_1_11' title="bbox 480 906 2053 988">
     <span class='ocr_line' id='line_1_11' title="bbox 480 906 2053 988; baseline 0.011 -31"><span class='ocrx_word' id='word_1_52' title='bbox 480 918 678 959; x_wconf 81' lang='lat' dir='ltr'><strong>rursus</strong></span> <span class='ocrx_word' id='word_1_53' title='bbox 704 906 904 962; x_wconf 79' lang='lat' dir='ltr'><strong>veteris</strong></span> <span class='ocrx_word' id='word_1_54' title='bbox 928 907 1119 978; x_wconf 84' lang='lat' dir='ltr'><strong>legalis</strong></span> <span class='ocrx_word' id='word_1_55' title='bbox 1142 908 1280 965; x_wconf 91' lang='lat' dir='ltr'><strong>ritus</strong></span> <span class='ocrx_word' id='word_1_56' title='bbox 1299 910 1864 984; x_wconf 85' lang='lat' dir='ltr'><strong>circumscriptionem</strong></span> <span class='ocrx_word' id='word_1_57' title='bbox 1891 925 2053 988; x_wconf 87' lang='lat' dir='ltr'><strong>atque</strong></span> 
     </span>
    </p>
   </div>
   <div class='ocr_carea' id='block_1_12' title="bbox 483 996 2050 1077">
    <p class='ocr_par' dir='ltr' id='par_1_12' title="bbox 483 996 2050 1077">
     <span class='ocr_line' id='line_1_12' title="bbox 483 996 2050 1077; baseline 0.01 -26"><span class='ocrx_word' id='word_1_58' title='bbox 483 996 832 1054; x_wconf 87' lang='lat' dir='ltr'><strong>abolitionem</strong></span> <span class='ocrx_word' id='word_1_59' title='bbox 861 1000 1205 1057; x_wconf 88' lang='lat' dir='ltr'><strong>subostendit</strong></span> <span class='ocrx_word' id='word_1_60' title='bbox 1230 1019 1297 1059; x_wconf 83' lang='lat' dir='ltr'><strong>ex</strong></span> <span class='ocrx_word' id='word_1_61' title='bbox 1317 1020 1550 1075; x_wconf 85' lang='lat' dir='ltr'><strong>persona</strong></span> <span class='ocrx_word' id='word_1_62' title='bbox 1572 1008 1778 1077; x_wconf 87' lang='lat' dir='ltr'><strong>populi,</strong></span> <span class='ocrx_word' id='word_1_63' title='bbox 1811 1009 2002 1067; x_wconf 90' lang='lat' dir='ltr'><strong>dicens</strong></span> <span class='ocrx_word' id='word_1_64' title='bbox 2035 1030 2050 1066; x_wconf 84' lang='lat'><strong>:</strong></span> 
     </span>
    </p>
   </div>
   <div class='ocr_carea' id='block_1_13' title="bbox 488 1087 2051 1162">
    <p class='ocr_par' dir='ltr' id='par_1_13' title="bbox 488 1087 2051 1162">
     <span class='ocr_line' id='line_1_13' title="bbox 488 1087 2051 1162; baseline 0.012 -23"><span class='ocrx_word' id='word_1_65' title='bbox 488 1106 508 1138; x_wconf 74' lang='grc' dir='ltr'><strong>ι</strong></span> <span class='ocrx_word' id='word_1_66' title='bbox 558 1087 616 1142; x_wconf 90' lang='lat' dir='ltr'><strong>In</strong></span> <span class='ocrx_word' id='word_1_67' title='bbox 671 1104 781 1159; x_wconf 92' lang='lat' dir='ltr'><strong>quo</strong></span> <span class='ocrx_word' id='word_1_68' title='bbox 820 1092 1208 1162; x_wconf 86' lang='lat' dir='ltr'><strong>comprehendi</strong></span> <span class='ocrx_word' id='word_1_69' title='bbox 1262 1093 1591 1151; x_wconf 87' lang='lat' dir='ltr'><strong>Dominum?</strong></span> <span class='ocrx_word' id='word_1_70' title='bbox 1632 1100 1830 1155; x_wconf 83' lang='lat' dir='ltr'><strong>tenebo</strong></span> <span class='ocrx_word' id='word_1_71' title='bbox 1882 1099 2051 1157; x_wconf 91' lang='lat' dir='ltr'><strong>Deum</strong></span> 
     </span>
    </p>
   </div>
   <div class='ocr_carea' id='block_1_14' title="bbox 481 1182 2055 1259">
    <p class='ocr_par' dir='ltr' id='par_1_14' title="bbox 481 1182 2055 1259">
     <span class='ocr_line' id='line_1_14' title="bbox 481 1182 2055 1259; baseline 0.011 -26"><span class='ocrx_word' id='word_1_72' title='bbox 481 1192 660 1235; x_wconf 81' lang='lat' dir='ltr'><strong>meum</strong></span> <span class='ocrx_word' id='word_1_73' title='bbox 691 1182 1059 1239; x_wconf 84' lang='lat' dir='ltr'><strong>altissimum?</strong></span> <span class='ocrx_word' id='word_1_74' title='bbox 1083 1201 1213 1241; x_wconf 90' lang='lat' dir='ltr'><strong>num</strong></span> <span class='ocrx_word' id='word_1_75' title='bbox 1248 1188 1702 1259; x_wconf 87' lang='lat' dir='ltr'><strong>comprehendam</strong></span> <span class='ocrx_word' id='word_1_76' title='bbox 1728 1206 1851 1247; x_wconf 91' lang='lat' dir='ltr'><strong>eum</strong></span> <span class='ocrx_word' id='word_1_77' title='bbox 1884 1193 1939 1248; x_wconf 91' lang='lat' dir='ltr'><strong>in</strong></span> <span class='ocrx_word' id='word_1_78' title='bbox 1968 1195 2055 1249; x_wconf 86' lang='lat' dir='ltr'><strong>in-</strong></span> 
     </span>
    </p>
   </div>
   <div class='ocr_carea' id='block_1_15' title="bbox 478 1260 2054 1343">
    <p class='ocr_par' dir='ltr' id='par_1_15' title="bbox 478 1260 2054 1343">
     <span class='ocr_line' id='line_1_15' title="bbox 478 1260 2054 1343; baseline 0.01 -16"><span class='ocrx_word' id='word_1_79' title='bbox 478 1273 650 1343; x_wconf 82' lang='lat' dir='ltr'><strong>tegris</strong></span> <span class='ocrx_word' id='word_1_80' title='bbox 690 1275 1012 1342; x_wconf 89' lang='lat' dir='ltr'><strong>sacriﬁciis,</strong></span> <span class='ocrx_word' id='word_1_81' title='bbox 1058 1279 1115 1334; x_wconf 90' lang='lat' dir='ltr'><strong>in</strong></span> <span class='ocrx_word' id='word_1_82' title='bbox 1160 1280 1348 1337; x_wconf 90' lang='lat' dir='ltr'><strong>vitulis</strong></span> <span class='ocrx_word' id='word_1_83' title='bbox 1397 1260 1706 1338; x_wconf 60' lang='lat' dir='ltr'><strong>anniculis?</strong></span> <span class='ocrx_word' id='word_1_84' title='bbox 1747 1300 1877 1339; x_wconf 89' lang='lat' dir='ltr'><strong>num</strong></span> <span class='ocrx_word' id='word_1_85' title='bbox 1912 1286 2054 1342; x_wconf 89' lang='lat' dir='ltr'><strong>dabo</strong></span> 
     </span>
    </p>
   </div>
   <div class='ocr_carea' id='block_1_16' title="bbox 478 1365 2056 1445">
    <p class='ocr_par' dir='ltr' id='par_1_16' title="bbox 478 1365 2056 1445">
     <span class='ocr_line' id='line_1_16' title="bbox 478 1365 2056 1445; baseline 0.009 -26"><span class='ocrx_word' id='word_1_86' title='bbox 478 1365 846 1437; x_wconf 75' lang='lat' dir='ltr'><strong>primogenita</strong></span> <span class='ocrx_word' id='word_1_87' title='bbox 883 1369 1094 1426; x_wconf 80' lang='lat' dir='ltr'><strong>ventris</strong></span> <span class='ocrx_word' id='word_1_88' title='bbox 1114 1372 1244 1439; x_wconf 88' lang='lat' dir='ltr'><strong>mei,</strong></span> <span class='ocrx_word' id='word_1_89' title='bbox 1276 1387 1376 1443; x_wconf 92' lang='lat' dir='ltr'><strong>pro</strong></span> <span class='ocrx_word' id='word_1_90' title='bbox 1400 1380 1627 1445; x_wconf 82' lang='lat' dir='ltr'><strong>peccato</strong></span> <span class='ocrx_word' id='word_1_91' title='bbox 1650 1374 1845 1431; x_wconf 74' lang='lat' dir='ltr'><strong>animae</strong></span> <span class='ocrx_word' id='word_1_92' title='bbox 1879 1378 2056 1433; x_wconf 74' lang='lat' dir='ltr'><strong>meae?</strong></span> 
     </span>
    </p>
   </div>
   <div class='ocr_carea' id='block_1_17' title="bbox 481 1458 2056 1538">
    <p class='ocr_par' dir='ltr' id='par_1_17' title="bbox 481 1458 2056 1538">
     <span class='ocr_line' id='line_1_17' title="bbox 481 1458 2056 1538; baseline 0.01 -26"><span class='ocrx_word' id='word_1_93' title='bbox 481 1458 561 1513; x_wconf 83' lang='lat' dir='ltr'><strong>Ex</strong></span> <span class='ocrx_word' id='word_1_94' title='bbox 586 1475 822 1530; x_wconf 86' lang='lat' dir='ltr'><strong>persona</strong></span> <span class='ocrx_word' id='word_1_95' title='bbox 850 1472 1027 1519; x_wconf 87' lang='lat' dir='ltr'><strong>autem</strong></span> <span class='ocrx_word' id='word_1_96' title='bbox 1057 1462 1150 1520; x_wconf 85' lang='lat' dir='ltr'><strong>Dei</strong></span> <span class='ocrx_word' id='word_1_97' title='bbox 1186 1466 1268 1521; x_wconf 91' lang='lat' dir='ltr'><strong>sic</strong></span> <span class='ocrx_word' id='word_1_98' title='bbox 1295 1466 1377 1523; x_wconf 82' lang='lat' dir='ltr'><strong>eis</strong></span> <span class='ocrx_word' id='word_1_99' title='bbox 1400 1468 1757 1538; x_wconf 88' lang='lat' dir='ltr'><strong>respondens,</strong></span> <span class='ocrx_word' id='word_1_100' title='bbox 1793 1470 1868 1525; x_wconf 88' lang='lat' dir='ltr'><strong>ait</strong></span> <span class='ocrx_word' id='word_1_101' title='bbox 1900 1488 1915 1524; x_wconf 91' lang='lat'><strong>:</strong></span> <span class='ocrx_word' id='word_1_102' title='bbox 1950 1489 1969 1522; x_wconf 76' lang='grc' dir='ltr'><strong>ι</strong></span> <span class='ocrx_word' id='word_1_103' title='bbox 1996 1469 2056 1527; x_wconf 90' lang='lat' dir='ltr'><strong>Si</strong></span> 
     </span>
    </p>
   </div>
   <div class='ocr_carea' id='block_1_18' title="bbox 480 1546 2055 1633">
    <p class='ocr_par' dir='ltr' id='par_1_18' title="bbox 480 1546 2055 1633">
     <span class='ocr_line' id='line_1_18' title="bbox 480 1546 2055 1633; baseline 0.008 -30"><span class='ocrx_word' id='word_1_104' title='bbox 480 1551 804 1607; x_wconf 81' lang='lat' dir='ltr'><strong>indicaverit</strong></span> <span class='ocrx_word' id='word_1_105' title='bbox 831 1554 951 1619; x_wconf 89' lang='lat' dir='ltr'><strong>tibi,</strong></span> <span class='ocrx_word' id='word_1_106' title='bbox 992 1570 1026 1610; x_wconf 96' lang='grc' dir='ltr'>ο</span> <span class='ocrx_word' id='word_1_107' title='bbox 1055 1556 1238 1625; x_wconf 88' lang='lat' dir='ltr'><strong>homo,</strong></span> <span class='ocrx_word' id='word_1_108' title='bbox 1273 1557 1403 1629; x_wconf 90' lang='lat' dir='ltr'><strong>quid</strong></span> <span class='ocrx_word' id='word_1_109' title='bbox 1449 1560 1521 1614; x_wconf 91' lang='lat' dir='ltr'><strong>sit</strong></span> <span class='ocrx_word' id='word_1_110' title='bbox 1567 1560 1791 1625; x_wconf 84' lang='lat' dir='ltr'><strong>bonum,</strong></span> <span class='ocrx_word' id='word_1_111' title='bbox 1839 1546 2055 1633; x_wconf 76' lang='lat' dir='ltr'><strong>etquid</strong></span> 
     </span>
    </p>
   </div>
   <div class='ocr_carea' id='block_1_19' title="bbox 481 1642 2054 1724">
    <p class='ocr_par' dir='ltr' id='par_1_19' title="bbox 481 1642 2054 1724">
     <span class='ocr_line' id='line_1_19' title="bbox 481 1642 2054 1724; baseline 0.008 -28"><span class='ocrx_word' id='word_1_112' title='bbox 481 1642 747 1703; x_wconf 89' lang='lat' dir='ltr'><strong>Dominus</strong></span> <span class='ocrx_word' id='word_1_113' title='bbox 789 1649 1034 1719; x_wconf 86' lang='lat' dir='ltr'><strong>requirat</strong></span> <span class='ocrx_word' id='word_1_114' title='bbox 1058 1665 1088 1704; x_wconf 90' lang='lat' dir='ltr'><strong>a</strong></span> <span class='ocrx_word' id='word_1_115' title='bbox 1119 1657 1193 1715; x_wconf 91' lang='lat' dir='ltr'><strong>te,</strong></span> <span class='ocrx_word' id='word_1_116' title='bbox 1231 1666 1414 1707; x_wconf 92' lang='lat' dir='ltr'><strong>nonne</strong></span> <span class='ocrx_word' id='word_1_117' title='bbox 1448 1661 1505 1707; x_wconf 91' lang='lat' dir='ltr'><strong>ut</strong></span> <span class='ocrx_word' id='word_1_118' title='bbox 1554 1651 1726 1709; x_wconf 77' lang='lat' dir='ltr'><strong>facias</strong></span> <span class='ocrx_word' id='word_1_119' title='bbox 1763 1652 2054 1724; x_wconf 87' lang='lat' dir='ltr'><strong>judicium,</strong></span> 
     </span>
    </p>
   </div>
   <div class='ocr_carea' id='block_1_20' title="bbox 480 1738 2058 1814">
    <p class='ocr_par' dir='ltr' id='par_1_20' title="bbox 480 1738 2058 1814">
     <span class='ocr_line' id='line_1_20' title="bbox 480 1738 2058 1814; baseline 0.006 -22"><span class='ocrx_word' id='word_1_120' title='bbox 480 1747 534 1792; x_wconf 92' lang='lat' dir='ltr'><strong>et</strong></span> <span class='ocrx_word' id='word_1_121' title='bbox 562 1738 759 1811; x_wconf 81' lang='lat' dir='ltr'><strong>diligas</strong></span> <span class='ocrx_word' id='word_1_122' title='bbox 803 1741 1259 1808; x_wconf 86' lang='lat' dir='ltr'><strong>misericordiam,</strong></span> <span class='ocrx_word' id='word_1_123' title='bbox 1306 1752 1360 1799; x_wconf 90' lang='lat' dir='ltr'><strong>et</strong></span> <span class='ocrx_word' id='word_1_124' title='bbox 1400 1751 1623 1814; x_wconf 87' lang='lat' dir='ltr'><strong>paratus</strong></span> <span class='ocrx_word' id='word_1_125' title='bbox 1655 1745 1732 1801; x_wconf 88' lang='lat' dir='ltr'><strong>sis</strong></span> <span class='ocrx_word' id='word_1_126' title='bbox 1777 1746 2058 1801; x_wconf 86' lang='lat' dir='ltr'><strong>ambulare</strong></span> 
     </span>
    </p>
   </div>
   <div class='ocr_carea' id='block_1_21' title="bbox 2150 549 3730 628">
    <p class='ocr_par' dir='ltr' id='par_1_21' title="bbox 2150 549 3730 628">
     <span class='ocr_line' id='line_1_21' title="bbox 2150 549 3730 628; baseline 0.004 -24"><span class='ocrx_word' id='word_1_127' title='bbox 2150 549 2248 623; x_wconf 80' lang='grc' dir='ltr'>τὴν</span> <span class='ocrx_word' id='word_1_128' title='bbox 2308 551 2597 624; x_wconf 83' lang='grc' dir='ltr'>ἀπόκρισιν</span> <span class='ocrx_word' id='word_1_129' title='bbox 2653 554 2974 625; x_wconf 79' lang='grc' dir='ltr'>ποιούμενος</span> <span class='ocrx_word' id='word_1_130' title='bbox 3007 569 3023 585; x_wconf 87' lang='grc'><strong>·</strong></span> <span class='ocrx_word' id='word_1_131' title='bbox 3078 573 3098 606; x_wconf 76' lang='grc' dir='ltr'><strong>ι</strong></span> <span class='ocrx_word' id='word_1_132' title='bbox 3137 555 3201 608; x_wconf 82' lang='lat' dir='ltr'><strong>El</strong></span> <span class='ocrx_word' id='word_1_133' title='bbox 3253 554 3550 628; x_wconf 80' lang='grc' dir='ltr'>ἀναγγείλῃ</span> <span class='ocrx_word' id='word_1_134' title='bbox 3610 574 3730 621; x_wconf 88' lang='grc' dir='ltr'>σοι,</span> 
     </span>
    </p>
   </div>
   <div class='ocr_carea' id='block_1_22' title="bbox 2147 643 3729 722">
    <p class='ocr_par' dir='ltr' id='par_1_22' title="bbox 2147 643 3729 722">
     <span class='ocr_line' id='line_1_22' title="bbox 2147 643 3729 722; baseline 0.004 -24"><span class='ocrx_word' id='word_1_135' title='bbox 2147 643 2421 717; x_wconf 78' lang='grc' dir='ltr'><strong>ἄνθρωπε,</strong></span> <span class='ocrx_word' id='word_1_136' title='bbox 2451 646 2506 699; x_wconf 91' lang='grc' dir='ltr'><strong>τί</strong></span> <span class='ocrx_word' id='word_1_137' title='bbox 2537 646 2722 709; x_wconf 69' lang='grc' dir='ltr'>καλὸν,</span> <span class='ocrx_word' id='word_1_138' title='bbox 2752 647 2846 700; x_wconf 75' lang='grc' dir='ltr'><strong>καὶ</strong></span> <span class='ocrx_word' id='word_1_139' title='bbox 2878 645 2931 699; x_wconf 87' lang='grc' dir='ltr'><strong>τί</strong></span> <span class='ocrx_word' id='word_1_140' title='bbox 2950 646 3153 719; x_wconf 84' lang='grc' dir='ltr'>Κύριος</span> <span class='ocrx_word' id='word_1_141' title='bbox 3178 647 3400 720; x_wconf 73' lang='grc' dir='ltr'>ἐκζητεῖ</span> <span class='ocrx_word' id='word_1_142' title='bbox 3430 650 3582 722; x_wconf 77' lang='grc' dir='ltr'>παρὰ</span> <span class='ocrx_word' id='word_1_143' title='bbox 3608 649 3729 714; x_wconf 81' lang='grc' dir='ltr'>σοῦ,</span> 
     </span>
    </p>
   </div>
   <div class='ocr_carea' id='block_1_23' title="bbox 2150 736 3728 812">
    <p class='ocr_par' dir='ltr' id='par_1_23' title="bbox 2150 736 3728 812">
     <span class='ocr_line' id='line_1_23' title="bbox 2150 736 3728 812; baseline 0.004 -22"><span class='ocrx_word' id='word_1_144' title='bbox 2150 736 2266 791; x_wconf 79' lang='grc' dir='ltr'><strong>ἁλλ’</strong></span> <span class='ocrx_word' id='word_1_145' title='bbox 2312 737 2344 810; x_wconf 85' lang='grc' dir='ltr'><strong>ἥ</strong></span> <span class='ocrx_word' id='word_1_146' title='bbox 2390 736 2484 791; x_wconf 79' lang='grc' dir='ltr'>τοῦ</span> <span class='ocrx_word' id='word_1_147' title='bbox 2528 740 2701 791; x_wconf 81' lang='grc' dir='ltr'>ποιεῖν</span> <span class='ocrx_word' id='word_1_148' title='bbox 2736 738 2937 810; x_wconf 85' lang='grc' dir='ltr'>κρίμα,</span> <span class='ocrx_word' id='word_1_149' title='bbox 2989 740 3084 792; x_wconf 79' lang='grc' dir='ltr'>καὶ</span> <span class='ocrx_word' id='word_1_150' title='bbox 3133 740 3355 812; x_wconf 80' lang='grc' dir='ltr'><strong>ἀγαπᾷν</strong></span> <span class='ocrx_word' id='word_1_151' title='bbox 3401 742 3585 807; x_wconf 78' lang='grc' dir='ltr'>ἔλεος,</span> <span class='ocrx_word' id='word_1_152' title='bbox 3630 745 3728 797; x_wconf 76' lang='grc' dir='ltr'>καὶ</span> 
     </span>
    </p>
   </div>
   <div class='ocr_carea' id='block_1_24' title="bbox 2150 823 3726 900">
    <p class='ocr_par' dir='ltr' id='par_1_24' title="bbox 2150 823 3726 900">
     <span class='ocr_line' id='line_1_24' title="bbox 2150 823 3726 900; baseline 0.002 -19"><span class='ocrx_word' id='word_1_153' title='bbox 2150 828 2366 899; x_wconf 75' lang='grc' dir='ltr'>ἕτοιμον</span> <span class='ocrx_word' id='word_1_154' title='bbox 2412 823 2549 881; x_wconf 83' lang='grc' dir='ltr'>εἶναι</span> <span class='ocrx_word' id='word_1_155' title='bbox 2597 826 2930 897; x_wconf 70' lang='grc' dir='ltr'>πορεύεσθαι</span> <span class='ocrx_word' id='word_1_156' title='bbox 2973 826 3152 882; x_wconf 83' lang='grc' dir='ltr'><strong>ὀπίσω</strong></span> <span class='ocrx_word' id='word_1_157' title='bbox 3193 829 3401 900; x_wconf 82' lang='grc' dir='ltr'>Κυρίου</span> <span class='ocrx_word' id='word_1_158' title='bbox 3450 827 3544 884; x_wconf 79' lang='grc' dir='ltr'>τοῦ</span> <span class='ocrx_word' id='word_1_159' title='bbox 3590 829 3726 884; x_wconf 77' lang='grc' dir='ltr'>Θεοῦ</span> 
     </span>
    </p>
   </div>
   <div class='ocr_carea' id='block_1_25' title="bbox 2152 919 3729 1001">
    <p class='ocr_par' dir='ltr' id='par_1_25' title="bbox 2152 919 3729 1001">
     <span class='ocr_line' id='line_1_25' title="bbox 2152 919 3729 1001; baseline 0.001 -27"><span class='ocrx_word' id='word_1_160' title='bbox 2152 936 2281 985; x_wconf 86' lang='grc' dir='ltr'>σου;</span> <span class='ocrx_word' id='word_1_161' title='bbox 2324 939 2342 972; x_wconf 78' lang='grc' dir='ltr'><strong>ι</strong></span> <span class='ocrx_word' id='word_1_162' title='bbox 2384 920 2569 992; x_wconf 85' lang='grc' dir='ltr'>Ἔχεις</span> <span class='ocrx_word' id='word_1_163' title='bbox 2613 919 2902 991; x_wconf 80' lang='grc' dir='ltr'>τοιγαροῦν</span> <span class='ocrx_word' id='word_1_164' title='bbox 2938 920 3215 974; x_wconf 81' lang='grc' dir='ltr'>κάνταῦθα</span> <span class='ocrx_word' id='word_1_165' title='bbox 3266 923 3359 976; x_wconf 76' lang='grc' dir='ltr'>ἐπὶ</span> <span class='ocrx_word' id='word_1_166' title='bbox 3401 925 3468 1001; x_wconf 72' lang='grc' dir='ltr'>τῇ</span> <span class='ocrx_word' id='word_1_167' title='bbox 3513 939 3729 995; x_wconf 64' lang='grc' dir='ltr'>προφη-</span> 
     </span>
    </p>
   </div>
   <div class='ocr_carea' id='block_1_26' title="bbox 2150 1011 3731 1086">
    <p class='ocr_par' dir='ltr' id='par_1_26' title="bbox 2150 1011 3731 1086">
     <span class='ocr_line' id='line_1_26' title="bbox 2150 1011 3731 1086; baseline 0.003 -20"><span class='ocrx_word' id='word_1_168' title='bbox 2150 1013 2413 1085; x_wconf 80' lang='grc' dir='ltr'>τευομένῃ</span> <span class='ocrx_word' id='word_1_169' title='bbox 2441 1012 2534 1066; x_wconf 82' lang='grc' dir='ltr'><strong>τοῦ</strong></span> <span class='ocrx_word' id='word_1_170' title='bbox 2568 1011 2774 1085; x_wconf 85' lang='grc' dir='ltr'>Κυρίου</span> <span class='ocrx_word' id='word_1_171' title='bbox 2812 1012 2870 1078; x_wconf 79' lang='grc' dir='ltr'>ἐξ</span> <span class='ocrx_word' id='word_1_172' title='bbox 2895 1012 3140 1083; x_wconf 82' lang='grc' dir='ltr'>οὐρανῶν</span> <span class='ocrx_word' id='word_1_173' title='bbox 3170 1014 3249 1077; x_wconf 84' lang='grc' dir='ltr'><strong>είς</strong></span> <span class='ocrx_word' id='word_1_174' title='bbox 3279 1013 3603 1086; x_wconf 82' lang='grc' dir='ltr'>ἀνθρώπους</span> <span class='ocrx_word' id='word_1_175' title='bbox 3632 1032 3731 1070; x_wconf 86' lang='grc' dir='ltr'>κα-</span> 
     </span>
    </p>
   </div>
   <div class='ocr_carea' id='block_1_27' title="bbox 2152 1100 3732 1178">
    <p class='ocr_par' dir='ltr' id='par_1_27' title="bbox 2152 1100 3732 1178">
     <span class='ocr_line' id='line_1_27' title="bbox 2152 1100 3732 1178; baseline 0.002 -20"><span class='ocrx_word' id='word_1_176' title='bbox 2152 1104 2308 1175; x_wconf 86' lang='grc' dir='ltr'>θόδῳ,</span> <span class='ocrx_word' id='word_1_177' title='bbox 2332 1102 2468 1174; x_wconf 82' lang='grc' dir='ltr'>ὁμοῦ</span> <span class='ocrx_word' id='word_1_178' title='bbox 2508 1104 2602 1158; x_wconf 74' lang='grc' dir='ltr'>καὶ</span> <span class='ocrx_word' id='word_1_179' title='bbox 2643 1102 2785 1158; x_wconf 82' lang='grc' dir='ltr'>κατὰ</span> <span class='ocrx_word' id='word_1_180' title='bbox 2813 1100 2873 1157; x_wconf 86' lang='grc' dir='ltr'>τὸ</span> <span class='ocrx_word' id='word_1_181' title='bbox 2914 1103 3045 1157; x_wconf 83' lang='grc' dir='ltr'>αὐτὸ</span> <span class='ocrx_word' id='word_1_182' title='bbox 3084 1102 3307 1158; x_wconf 84' lang='grc' dir='ltr'>πλεῖστα</span> <span class='ocrx_word' id='word_1_183' title='bbox 3336 1105 3435 1159; x_wconf 79' lang='grc' dir='ltr'><strong>ὅσα</strong></span> <span class='ocrx_word' id='word_1_184' title='bbox 3470 1108 3732 1178; x_wconf 85' lang='grc' dir='ltr'>σημαινό-</span> 
     </span>
    </p>
   </div>
   <div class='ocr_carea' id='block_1_28' title="bbox 2155 1193 3730 1268">
    <p class='ocr_par' dir='ltr' id='par_1_28' title="bbox 2155 1193 3730 1268">
     <span class='ocr_line' id='line_1_28' title="bbox 2155 1193 3730 1268; baseline 0.001 -19"><span class='ocrx_word' id='word_1_185' title='bbox 2155 1211 2310 1268; x_wconf 79' lang='grc' dir='ltr'>μενα⁶</span> <span class='ocrx_word' id='word_1_186' title='bbox 2348 1195 2619 1249; x_wconf 83' lang='grc' dir='ltr'>Ἰουδαίων</span> <span class='ocrx_word' id='word_1_187' title='bbox 2647 1193 2937 1266; x_wconf 78' lang='grc' dir='ltr'>ἀποϐολὴν,</span> <span class='ocrx_word' id='word_1_188' title='bbox 2965 1194 3220 1264; x_wconf 76' lang='grc' dir='ltr'><strong>ἐλέγχους</strong></span> <span class='ocrx_word' id='word_1_189' title='bbox 3243 1195 3351 1249; x_wconf 81' lang='grc' dir='ltr'><strong>τῶν</strong></span> <span class='ocrx_word' id='word_1_190' title='bbox 3386 1197 3599 1251; x_wconf 75' lang='grc' dir='ltr'>ἀσεϐῶν</span> <span class='ocrx_word' id='word_1_191' title='bbox 3628 1198 3730 1251; x_wconf 80' lang='grc' dir='ltr'><strong>αὗ-</strong></span> 
     </span>
    </p>
   </div>
   <div class='ocr_carea' id='block_1_29' title="bbox 2151 1286 3728 1362">
    <p class='ocr_par' dir='ltr' id='par_1_29' title="bbox 2151 1286 3728 1362">
     <span class='ocr_line' id='line_1_29' title="bbox 2151 1286 3728 1362; baseline 0.002 -21"><span class='ocrx_word' id='word_1_192' title='bbox 2151 1287 2279 1352; x_wconf 79' lang='grc' dir='ltr'>τῶν,</span> <span class='ocrx_word' id='word_1_193' title='bbox 2310 1287 2627 1359; x_wconf 80' lang='grc' dir='ltr'>καθαίρεσιν</span> <span class='ocrx_word' id='word_1_194' title='bbox 2658 1286 2758 1357; x_wconf 77' lang='grc' dir='ltr'>τῆς</span> <span class='ocrx_word' id='word_1_195' title='bbox 2786 1286 3069 1358; x_wconf 74' lang='grc' dir='ltr'><strong>βασιλικῆς</strong></span> <span class='ocrx_word' id='word_1_196' title='bbox 3103 1287 3281 1341; x_wconf 73' lang='grc' dir='ltr'>αὐτῶν</span> <span class='ocrx_word' id='word_1_197' title='bbox 3311 1289 3728 1362; x_wconf 83' lang='grc' dir='ltr'>μητροπόλεως,</span> 
     </span>
    </p>
   </div>
   <div class='ocr_carea' id='block_1_30' title="bbox 2153 1378 3731 1453">
    <p class='ocr_par' dir='ltr' id='par_1_30' title="bbox 2153 1378 3731 1453">
     <span class='ocr_line' id='line_1_30' title="bbox 2153 1378 3731 1453; baseline 0.001 -20"><span class='ocrx_word' id='word_1_198' title='bbox 2153 1378 2252 1449; x_wconf 84' lang='grc' dir='ltr'>τῆς</span> <span class='ocrx_word' id='word_1_199' title='bbox 2297 1395 2355 1431; x_wconf 88' lang='grc' dir='ltr'><strong>τε</strong></span> <span class='ocrx_word' id='word_1_200' title='bbox 2404 1378 2569 1433; x_wconf 82' lang='grc' dir='ltr'>πάλαι</span> <span class='ocrx_word' id='word_1_201' title='bbox 2614 1378 2878 1450; x_wconf 87' lang='grc' dir='ltr'>πρότερον</span> <span class='ocrx_word' id='word_1_202' title='bbox 2913 1378 3044 1450; x_wconf 85' lang='grc' dir='ltr'>παρ’</span> <span class='ocrx_word' id='word_1_203' title='bbox 3082 1379 3262 1444; x_wconf 84' lang='grc' dir='ltr'>αὐτοῖς</span> <span class='ocrx_word' id='word_1_204' title='bbox 3304 1381 3731 1453; x_wconf 79' lang='grc' dir='ltr'>ἐπιτελουμένης</span> 
     </span>
    </p>
   </div>
   <div class='ocr_carea' id='block_1_31' title="bbox 2155 1469 3731 1548">
    <p class='ocr_par' dir='ltr' id='par_1_31' title="bbox 2155 1469 3731 1548">
     <span class='ocr_line' id='line_1_31' title="bbox 2155 1469 3731 1548; baseline 0.003 -23"><span class='ocrx_word' id='word_1_205' title='bbox 2155 1471 2297 1526; x_wconf 82' lang='grc' dir='ltr'>κατὰ</span> <span class='ocrx_word' id='word_1_206' title='bbox 2325 1471 2527 1526; x_wconf 87' lang='grc' dir='ltr'>Μωσέα</span> <span class='ocrx_word' id='word_1_207' title='bbox 2565 1469 2820 1543; x_wconf 80' lang='grc' dir='ltr'>λατρείας</span> <span class='ocrx_word' id='word_1_208' title='bbox 2855 1471 3184 1545; x_wconf 82' lang='grc' dir='ltr'>παραίτησιν</span> <span class='ocrx_word' id='word_1_209' title='bbox 3203 1488 3217 1502; x_wconf 72' lang='grc'><strong><em>⁸</em></strong></span> <span class='ocrx_word' id='word_1_210' title='bbox 3253 1471 3487 1544; x_wconf 74' lang='grc' dir='ltr'>ἔμπαλιν</span> <span class='ocrx_word' id='word_1_211' title='bbox 3510 1475 3570 1529; x_wconf 81' lang='grc' dir='ltr'>δὲ</span> <span class='ocrx_word' id='word_1_212' title='bbox 3601 1478 3731 1548; x_wconf 66' lang='grc' dir='ltr'><strong>περ)⁵</strong></span> 
     </span>
    </p>
   </div>
   <div class='ocr_carea' id='block_1_32' title="bbox 2154 1561 3733 1632">
    <p class='ocr_par' dir='ltr' id='par_1_32' title="bbox 2154 1561 3733 1632">
     <span class='ocr_line' id='line_1_32' title="bbox 2154 1561 3733 1632; baseline 0.002 -15"><span class='ocrx_word' id='word_1_213' title='bbox 2154 1562 2262 1618; x_wconf 81' lang='grc' dir='ltr'><strong>τῶν</strong></span> <span class='ocrx_word' id='word_1_214' title='bbox 2290 1561 2703 1632; x_wconf 82' lang='grc' dir='ltr'>ἐθνῶν,ἀγαθὰς</span> <span class='ocrx_word' id='word_1_215' title='bbox 2732 1562 3081 1631; x_wconf 71' lang='grc' dir='ltr'>ἐπαγγελίας,</span> <span class='ocrx_word' id='word_1_216' title='bbox 3103 1561 3397 1632; x_wconf 77' lang='grc' dir='ltr'>ἐπίγνωσιν</span> <span class='ocrx_word' id='word_1_217' title='bbox 3420 1564 3580 1630; x_wconf 82' lang='grc' dir='ltr'>Θεοῦ,</span> <span class='ocrx_word' id='word_1_218' title='bbox 3612 1583 3733 1620; x_wconf 82' lang='grc' dir='ltr'>και-</span> 
     </span>
    </p>
   </div>
   <div class='ocr_carea' id='block_1_33' title="bbox 2154 1654 3733 1728">
    <p class='ocr_par' dir='ltr' id='par_1_33' title="bbox 2154 1654 3733 1728">
     <span class='ocr_line' id='line_1_33' title="bbox 2154 1654 3733 1728; baseline 0.001 -19"><span class='ocrx_word' id='word_1_219' title='bbox 2154 1655 2242 1710; x_wconf 80' lang='grc' dir='ltr'>νὸν</span> <span class='ocrx_word' id='word_1_220' title='bbox 2270 1654 2467 1726; x_wconf 83' lang='grc' dir='ltr'>τρόπον</span> <span class='ocrx_word' id='word_1_221' title='bbox 2496 1654 2795 1719; x_wconf 74' lang='grc' dir='ltr'>εὐσεϐείας,</span> <span class='ocrx_word' id='word_1_222' title='bbox 2811 1654 2972 1727; x_wconf 86' lang='grc' dir='ltr'>νόμον</span> <span class='ocrx_word' id='word_1_223' title='bbox 2997 1655 3202 1721; x_wconf 77' lang='grc' dir='ltr'>καινόν,</span> <span class='ocrx_word' id='word_1_224' title='bbox 3221 1657 3314 1711; x_wconf 73' lang='grc' dir='ltr'><strong>καὶ</strong></span> <span class='ocrx_word' id='word_1_225' title='bbox 3348 1657 3519 1727; x_wconf 80' lang='grc' dir='ltr'>Λόγον</span> <span class='ocrx_word' id='word_1_226' title='bbox 3539 1659 3603 1711; x_wconf 87' lang='grc' dir='ltr'><strong>ἐκ</strong></span> <span class='ocrx_word' id='word_1_227' title='bbox 3635 1658 3733 1728; x_wconf 84' lang='grc' dir='ltr'><strong>μὲν</strong></span> 
     </span>
    </p>
   </div>
   <div class='ocr_carea' id='block_1_34' title="bbox 2155 1743 3735 1820">
    <p class='ocr_par' dir='ltr' id='par_1_34' title="bbox 2155 1743 3735 1820">
     <span class='ocr_line' id='line_1_34' title="bbox 2155 1743 3735 1820; baseline 0.003 -19"><span class='ocrx_word' id='word_1_228' title='bbox 2155 1747 2256 1819; x_wconf 79' lang='grc' dir='ltr'><strong>τῆς</strong></span> <span class='ocrx_word' id='word_1_229' title='bbox 2308 1746 2576 1801; x_wconf 86' lang='grc' dir='ltr'>Ἰουδαίων</span> <span class='ocrx_word' id='word_1_230' title='bbox 2614 1743 2798 1818; x_wconf 83' lang='grc' dir='ltr'>χώρας</span> <span class='ocrx_word' id='word_1_231' title='bbox 2835 1747 3326 1820; x_wconf 84' lang='grc' dir='ltr'>προελευσόμενον,</span> <span class='ocrx_word' id='word_1_232' title='bbox 3355 1751 3434 1815; x_wconf 82' lang='grc' dir='ltr'><strong>είς</strong></span> <span class='ocrx_word' id='word_1_233' title='bbox 3469 1750 3649 1804; x_wconf 81' lang='grc' dir='ltr'>πάντα</span> <span class='ocrx_word' id='word_1_234' title='bbox 3677 1750 3735 1805; x_wconf 75' lang='grc' dir='ltr'>δὲ</span> 
     </span>
    </p>
   </div>
   <div class='ocr_carea' id='block_1_35' title="bbox 480 1832 2057 1920">
    <p class='ocr_par' dir='ltr' id='par_1_35' title="bbox 480 1832 2057 1910">
     <span class='ocr_line' id='line_1_35' title="bbox 480 1832 2057 1910; baseline 0.006 -25"><span class='ocrx_word' id='word_1_235' title='bbox 480 1841 607 1903; x_wconf 90' lang='lat' dir='ltr'><strong>post</strong></span> <span class='ocrx_word' id='word_1_236' title='bbox 635 1832 925 1889; x_wconf 89' lang='lat' dir='ltr'><strong>Dominum</strong></span> <span class='ocrx_word' id='word_1_237' title='bbox 966 1833 1136 1891; x_wconf 88' lang='lat' dir='ltr'><strong>Deum</strong></span> <span class='ocrx_word' id='word_1_238' title='bbox 1187 1845 1341 1891; x_wconf 89' lang='lat' dir='ltr'><strong>tuum</strong></span> <span class='ocrx_word' id='word_1_239' title='bbox 1360 1837 1444 1891; x_wconf 72' lang='grc'><strong>⁸⁸2</strong></span> <span class='ocrx_word' id='word_1_240' title='bbox 1470 1858 1489 1890; x_wconf 76' lang='grc' dir='ltr'><strong>ι</strong></span> <span class='ocrx_word' id='word_1_241' title='bbox 1529 1836 1710 1894; x_wconf 82' lang='lat' dir='ltr'><strong>Habes</strong></span> <span class='ocrx_word' id='word_1_242' title='bbox 1759 1838 1926 1910; x_wconf 80' lang='lat' dir='ltr'><strong>igitur</strong></span> <span class='ocrx_word' id='word_1_243' title='bbox 1965 1838 2057 1894; x_wconf 88' lang='lat' dir='ltr'><strong>hic</strong></span> 
     </span>
    </p>
   </div>
   <div class='ocr_carea' id='block_1_36' title="bbox 2161 1832 3735 1920">
    <p class='ocr_par' dir='ltr' id='par_1_36' title="bbox 2161 1837 3735 1912">
     <span class='ocr_line' id='line_1_36' title="bbox 2161 1837 3735 1912; baseline 0.001 -19"><span class='ocrx_word' id='word_1_244' title='bbox 2161 1841 2224 1895; x_wconf 77' lang='grc' dir='ltr'><strong>τὰ</strong></span> <span class='ocrx_word' id='word_1_245' title='bbox 2272 1839 2396 1911; x_wconf 74' lang='grc' dir='ltr'>ἔθνη</span> <span class='ocrx_word' id='word_1_246' title='bbox 2453 1837 2932 1911; x_wconf 74' lang='grc' dir='ltr'>διαδοθησόμενονο</span> <span class='ocrx_word' id='word_1_247' title='bbox 2988 1840 3132 1912; x_wconf 80' lang='grc' dir='ltr'>ἆπερ</span> <span class='ocrx_word' id='word_1_248' title='bbox 3188 1841 3371 1895; x_wconf 86' lang='grc' dir='ltr'>ὁποῖον</span> <span class='ocrx_word' id='word_1_249' title='bbox 3418 1842 3575 1907; x_wconf 83' lang='grc' dir='ltr'>τέλος</span> <span class='ocrx_word' id='word_1_250' title='bbox 3640 1841 3735 1895; x_wconf 80' lang='grc' dir='ltr'>καὶ</span> 
     </span>
    </p>
   </div>
   <div class='ocr_carea' id='block_1_37' title="bbox 481 1926 2057 2003">
    <p class='ocr_par' dir='ltr' id='par_1_37' title="bbox 481 1927 2057 2003">
     <span class='ocr_line' id='line_1_37' title="bbox 481 1927 2057 2003; baseline 0.007 -25"><span class='ocrx_word' id='word_1_251' title='bbox 481 1941 701 1997; x_wconf 88' lang='lat' dir='ltr'><strong>quoque</strong></span> <span class='ocrx_word' id='word_1_252' title='bbox 743 1927 799 1981; x_wconf 87' lang='lat' dir='ltr'><strong>in</strong></span> <span class='ocrx_word' id='word_1_253' title='bbox 842 1942 927 1996; x_wconf 88' lang='lat' dir='ltr'><strong>eo,</strong></span> <span class='ocrx_word' id='word_1_254' title='bbox 959 1927 1026 1983; x_wconf 92' lang='lat' dir='ltr'><strong>de</strong></span> <span class='ocrx_word' id='word_1_255' title='bbox 1069 1943 1179 1998; x_wconf 91' lang='lat' dir='ltr'><strong>quo</strong></span> <span class='ocrx_word' id='word_1_256' title='bbox 1226 1928 1503 1999; x_wconf 65' lang='lat' dir='ltr'><strong>prophetae</strong></span> <span class='ocrx_word' id='word_1_257' title='bbox 1541 1930 1859 2001; x_wconf 89' lang='lat' dir='ltr'><strong>loquuntur,</strong></span> <span class='ocrx_word' id='word_1_258' title='bbox 1894 1930 2057 2003; x_wconf 77' lang='lat'><strong>276</strong></span> 
     </span>
    </p>
   </div>
   <div class='ocr_carea' id='block_1_38' title="bbox 2161 1926 3735 2003">
    <p class='ocr_par' dir='ltr' id='par_1_38' title="bbox 2161 1926 3735 1999">
     <span class='ocr_line' id='line_1_38' title="bbox 2161 1926 3735 1999; baseline 0 -17"><span class='ocrx_word' id='word_1_259' title='bbox 2161 1928 2348 1983; x_wconf 83' lang='grc' dir='ltr'>ὁποίαν</span> <span class='ocrx_word' id='word_1_260' title='bbox 2381 1927 2603 1982; x_wconf 79' lang='grc' dir='ltr'>ἔκϐασιν</span> <span class='ocrx_word' id='word_1_261' title='bbox 2651 1927 2759 1981; x_wconf 81' lang='grc' dir='ltr'><strong>τῶν</strong></span> <span class='ocrx_word' id='word_1_262' title='bbox 2804 1926 2978 1997; x_wconf 81' lang='grc' dir='ltr'>λόγων</span> <span class='ocrx_word' id='word_1_263' title='bbox 3024 1926 3162 1998; x_wconf 81' lang='grc' dir='ltr'>μετὰ</span> <span class='ocrx_word' id='word_1_264' title='bbox 3201 1928 3300 1998; x_wconf 82' lang='grc' dir='ltr'>τὴν</span> <span class='ocrx_word' id='word_1_265' title='bbox 3342 1926 3436 1981; x_wconf 79' lang='grc' dir='ltr'><strong>τοῦ</strong></span> <span class='ocrx_word' id='word_1_266' title='bbox 3478 1927 3735 1999; x_wconf 71' lang='grc' dir='ltr'>Σωτῆρος</span> 
     </span>
    </p>
   </div>
   <div class='ocr_carea' id='block_1_39' title="bbox 483 2014 2057 2094">
    <p class='ocr_par' dir='ltr' id='par_1_39' title="bbox 483 2014 2057 2094">
     <span class='ocr_line' id='line_1_39' title="bbox 483 2014 2057 2094; baseline 0.006 -26"><span class='ocrx_word' id='word_1_267' title='bbox 483 2014 696 2072; x_wconf 85' lang='lat' dir='ltr'><strong>Domini</strong></span> <span class='ocrx_word' id='word_1_268' title='bbox 727 2018 795 2074; x_wconf 91' lang='lat' dir='ltr'><strong>de</strong></span> <span class='ocrx_word' id='word_1_269' title='bbox 816 2018 956 2073; x_wconf 78' lang='lat' dir='ltr'><strong>cmlo</strong></span> <span class='ocrx_word' id='word_1_270' title='bbox 983 2016 1051 2073; x_wconf 89' lang='lat' dir='ltr'><strong>ad</strong></span> <span class='ocrx_word' id='word_1_271' title='bbox 1085 2019 1333 2076; x_wconf 87' lang='lat' dir='ltr'><strong>homines</strong></span> <span class='ocrx_word' id='word_1_272' title='bbox 1361 2020 1649 2088; x_wconf 86' lang='lat' dir='ltr'><strong>descensu,</strong></span> <span class='ocrx_word' id='word_1_273' title='bbox 1676 2022 1910 2094; x_wconf 89' lang='lat' dir='ltr'><strong>plurima</strong></span> <span class='ocrx_word' id='word_1_274' title='bbox 1938 2037 2057 2094; x_wconf 69' lang='lat' dir='ltr'><strong>quae</strong></span> 
     </span>
    </p>
   </div>
   <div class='ocr_carea' id='block_1_40' title="bbox 2161 2014 3736 2094">
    <p class='ocr_par' dir='ltr' id='par_1_40' title="bbox 2162 2017 3736 2094">
     <span class='ocr_line' id='line_1_40' title="bbox 2162 2017 3736 2094; baseline -0.001 -21"><span class='ocrx_word' id='word_1_275' title='bbox 2162 2019 2317 2094; x_wconf 78' lang='grc' dir='ltr'>ἡμῶν</span> <span class='ocrx_word' id='word_1_276' title='bbox 2367 2018 2540 2090; x_wconf 82' lang='grc' dir='ltr'><strong>Ἰησοῦ</strong></span> <span class='ocrx_word' id='word_1_277' title='bbox 2593 2017 2828 2090; x_wconf 76' lang='grc' dir='ltr'>Χριστοῦ</span> <span class='ocrx_word' id='word_1_278' title='bbox 2877 2018 3177 2090; x_wconf 87' lang='grc' dir='ltr'>παρουσίαν</span> <span class='ocrx_word' id='word_1_279' title='bbox 3228 2017 3603 2083; x_wconf 85' lang='grc' dir='ltr'>ἐπιδέδεκται,</span> <span class='ocrx_word' id='word_1_280' title='bbox 3652 2018 3736 2071; x_wconf 73' lang='grc' dir='ltr'>σοὶ</span> 
     </span>
    </p>
   </div>
   <div class='ocr_carea' id='block_1_41' title="bbox 483 2108 2057 2185">
    <p class='ocr_par' dir='ltr' id='par_1_41' title="bbox 483 2108 2057 2185">
     <span class='ocr_line' id='line_1_41' title="bbox 483 2108 2057 2185; baseline 0.004 -23"><span class='ocrx_word' id='word_1_281' title='bbox 483 2108 644 2164; x_wconf 88' lang='lat' dir='ltr'><strong>simul</strong></span> <span class='ocrx_word' id='word_1_282' title='bbox 660 2108 713 2164; x_wconf 88' lang='lat' dir='ltr'><strong>in</strong></span> <span class='ocrx_word' id='word_1_283' title='bbox 729 2111 918 2166; x_wconf 85' lang='lat' dir='ltr'><strong>eodem</strong></span> <span class='ocrx_word' id='word_1_284' title='bbox 935 2110 1310 2183; x_wconf 72' lang='lat' dir='ltr'><strong>signiﬁcantur</strong></span> <span class='ocrx_word' id='word_1_285' title='bbox 1322 2109 1629 2170; x_wconf 75' lang='lat' dir='ltr'><strong>Iudaeorum</strong></span> <span class='ocrx_word' id='word_1_286' title='bbox 1652 2134 1665 2169; x_wconf 94' lang='lat'>:</span> <span class='ocrx_word' id='word_1_287' title='bbox 1686 2115 2057 2185; x_wconf 89' lang='lat' dir='ltr'><strong>rejectionem,</strong></span> 
     </span>
    </p>
   </div>
   <div class='ocr_carea' id='block_1_42' title="bbox 2161 2108 2743 2185">
    <p class='ocr_par' dir='ltr' id='par_1_42' title="bbox 2163 2112 2743 2167">
     <span class='ocr_line' id='line_1_42' title="bbox 2163 2112 2743 2167; baseline -0.002 0"><span class='ocrx_word' id='word_1_288' title='bbox 2163 2112 2475 2167; x_wconf 80' lang='grc' dir='ltr'>καταλείπω</span> <span class='ocrx_word' id='word_1_289' title='bbox 2505 2113 2743 2166; x_wconf 87' lang='grc' dir='ltr'>σκοπεῖν.</span> 
     </span>
    </p>
   </div>
   <div class='ocr_carea' id='block_1_43' title="bbox 481 2204 3737 2281">
    <p class='ocr_par' dir='ltr' id='par_1_43' title="bbox 481 2204 3737 2281">
     <span class='ocr_line' id='line_1_43' title="bbox 481 2204 3737 2281; baseline 0.002 -23"><span class='ocrx_word' id='word_1_290' title='bbox 481 2204 929 2275; x_wconf 79' lang='lat' dir='ltr'><strong>exprobrationes</strong></span> <span class='ocrx_word' id='word_1_291' title='bbox 976 2208 1242 2264; x_wconf 90' lang='lat' dir='ltr'><strong>scelerum</strong></span> <span class='ocrx_word' id='word_1_292' title='bbox 1284 2225 1508 2275; x_wconf 92' lang='lat' dir='ltr'><strong>eorum,</strong></span> <span class='ocrx_word' id='word_1_293' title='bbox 1553 2210 1834 2266; x_wconf 90' lang='lat' dir='ltr'><strong>interitum</strong></span> <span class='ocrx_word' id='word_1_294' title='bbox 1883 2210 2045 2281; x_wconf 74' lang='lat' dir='ltr'><strong>regite</strong></span> <span class='ocrx_word' id='word_1_295' title='bbox 2085 2210 2327 2280; x_wconf 89' lang='lat' dir='ltr'><strong>ipsorum</strong></span> <span class='ocrx_word' id='word_1_296' title='bbox 2383 2207 2650 2272; x_wconf 78' lang='lat' dir='ltr'><strong>civitatis,</strong></span> <span class='ocrx_word' id='word_1_297' title='bbox 2726 2206 2973 2278; x_wconf 84' lang='lat' dir='ltr'><strong>ritusque</strong></span> <span class='ocrx_word' id='word_1_298' title='bbox 3017 2205 3261 2273; x_wconf 84' lang='lat' dir='ltr'><strong>Mosaici,</strong></span> <span class='ocrx_word' id='word_1_299' title='bbox 3302 2207 3396 2279; x_wconf 88' lang='lat' dir='ltr'><strong>qui</strong></span> <span class='ocrx_word' id='word_1_300' title='bbox 3436 2207 3579 2280; x_wconf 90' lang='lat' dir='ltr'><strong>apud</strong></span> <span class='ocrx_word' id='word_1_301' title='bbox 3639 2223 3737 2263; x_wconf 81' lang='lat' dir='ltr'><strong>eos</strong></span> 
     </span>
    </p>
   </div>
   <div class='ocr_carea' id='block_1_44' title="bbox 481 2286 3805 2381">
    <p class='ocr_par' dir='ltr' id='par_1_44' title="bbox 481 2286 3805 2381">
     <span class='ocr_line' id='line_1_44' title="bbox 481 2286 3805 2381; baseline 0.001 -27"><span class='ocrx_word' id='word_1_302' title='bbox 481 2301 610 2356; x_wconf 92' lang='lat' dir='ltr'><strong>olim</strong></span> <span class='ocrx_word' id='word_1_303' title='bbox 641 2303 797 2373; x_wconf 88' lang='lat' dir='ltr'><strong>prius</strong></span> <span class='ocrx_word' id='word_1_304' title='bbox 827 2304 1166 2374; x_wconf 87' lang='lat' dir='ltr'><strong>servabatur,</strong></span> <span class='ocrx_word' id='word_1_305' title='bbox 1201 2307 1606 2381; x_wconf 85' lang='lat' dir='ltr'><strong>abrogationem</strong></span> <span class='ocrx_word' id='word_1_306' title='bbox 1634 2315 1725 2364; x_wconf 90' lang='lat' dir='ltr'><strong>:et</strong></span> <span class='ocrx_word' id='word_1_307' title='bbox 1761 2322 1793 2363; x_wconf 90' lang='lat' dir='ltr'><strong>e</strong></span> <span class='ocrx_word' id='word_1_308' title='bbox 1824 2306 2100 2362; x_wconf 89' lang='lat' dir='ltr'><strong>contrario</strong></span> <span class='ocrx_word' id='word_1_309' title='bbox 2133 2305 2197 2360; x_wconf 87' lang='lat' dir='ltr'><strong>ad</strong></span> <span class='ocrx_word' id='word_1_310' title='bbox 2239 2312 2448 2375; x_wconf 83' lang='lat' dir='ltr'><strong>gentes,</strong></span> <span class='ocrx_word' id='word_1_311' title='bbox 2499 2302 2924 2374; x_wconf 85' lang='lat' dir='ltr'><strong>pollicitationes</strong></span> <span class='ocrx_word' id='word_1_312' title='bbox 2971 2302 3165 2368; x_wconf 88' lang='lat' dir='ltr'><strong>bonas,</strong></span> <span class='ocrx_word' id='word_1_313' title='bbox 3235 2303 3566 2376; x_wconf 86' lang='lat' dir='ltr'><strong>agnitionem</strong></span> <span class='ocrx_word' id='word_1_314' title='bbox 3608 2301 3731 2369; x_wconf 90' lang='lat' dir='ltr'><strong>Dei,</strong></span> <span class='ocrx_word' id='word_1_315' title='bbox 3796 2286 3805 2293; x_wconf 70' lang='grc'><strong>’</strong></span> 
     </span>
    </p>
   </div>
   <div class='ocr_carea' id='block_1_45' title="bbox 482 2393 3733 2470">
    <p class='ocr_par' dir='ltr' id='par_1_45' title="bbox 482 2393 3733 2470">
     <span class='ocr_line' id='line_1_45' title="bbox 482 2393 3733 2470; baseline 0.001 -23"><span class='ocrx_word' id='word_1_316' title='bbox 482 2407 681 2447; x_wconf 90' lang='lat' dir='ltr'><strong>novum</strong></span> <span class='ocrx_word' id='word_1_317' title='bbox 727 2394 909 2451; x_wconf 92' lang='lat' dir='ltr'><strong>cultus</strong></span> <span class='ocrx_word' id='word_1_318' title='bbox 950 2396 1120 2451; x_wconf 83' lang='lat' dir='ltr'><strong>divini</strong></span> <span class='ocrx_word' id='word_1_319' title='bbox 1166 2396 1352 2464; x_wconf 71' lang='lat' dir='ltr'><strong>ritum,</strong></span> <span class='ocrx_word' id='word_1_320' title='bbox 1401 2413 1709 2469; x_wconf 85' lang='lat' dir='ltr'><strong>novamque</strong></span> <span class='ocrx_word' id='word_1_321' title='bbox 1760 2397 1953 2470; x_wconf 80' lang='lat' dir='ltr'><strong>legem,</strong></span> <span class='ocrx_word' id='word_1_322' title='bbox 1994 2412 2058 2453; x_wconf 89' lang='lat' dir='ltr'><strong>ac</strong></span> <span class='ocrx_word' id='word_1_323' title='bbox 2094 2395 2332 2451; x_wconf 86' lang='lat' dir='ltr'><strong>Verbum</strong></span> <span class='ocrx_word' id='word_1_324' title='bbox 2374 2394 2519 2467; x_wconf 92' lang='lat' dir='ltr'><strong>quod</strong></span> <span class='ocrx_word' id='word_1_325' title='bbox 2550 2394 2618 2451; x_wconf 92' lang='lat' dir='ltr'><strong>de</strong></span> <span class='ocrx_word' id='word_1_326' title='bbox 2654 2394 2878 2466; x_wconf 86' lang='lat' dir='ltr'><strong>regione</strong></span> <span class='ocrx_word' id='word_1_327' title='bbox 2923 2393 3235 2450; x_wconf 64' lang='lat' dir='ltr'><strong>Iudaeorum</strong></span> <span class='ocrx_word' id='word_1_328' title='bbox 3279 2396 3354 2451; x_wconf 91' lang='lat' dir='ltr'><strong>sit</strong></span> <span class='ocrx_word' id='word_1_329' title='bbox 3410 2410 3733 2467; x_wconf 86' lang='lat' dir='ltr'><strong>progressu-</strong></span> 
     </span>
    </p>
   </div>
   <div class='ocr_carea' id='block_1_46' title="bbox 481 2486 3737 2583">
    <p class='ocr_par' dir='ltr' id='par_1_46' title="bbox 481 2486 3737 2583">
     <span class='ocr_line' id='line_1_46' title="bbox 481 2486 3737 2583; baseline 0.002 -43"><span class='ocrx_word' id='word_1_330' title='bbox 481 2502 626 2551; x_wconf 90' lang='lat' dir='ltr'><strong>rum,</strong></span> <span class='ocrx_word' id='word_1_331' title='bbox 650 2493 705 2543; x_wconf 93' lang='lat' dir='ltr'><strong>et</strong></span> <span class='ocrx_word' id='word_1_332' title='bbox 732 2487 788 2543; x_wconf 91' lang='lat' dir='ltr'><strong>in</strong></span> <span class='ocrx_word' id='word_1_333' title='bbox 819 2503 1008 2545; x_wconf 89' lang='lat' dir='ltr'><strong>omnes</strong></span> <span class='ocrx_word' id='word_1_334' title='bbox 1037 2490 1753 2583; x_wconf 53' lang='lat' dir='ltr'><strong>gentes\disseminandum,</strong></span> <span class='ocrx_word' id='word_1_335' title='bbox 1810 2505 1933 2560; x_wconf 69' lang='lat' dir='ltr'><strong>qua:</strong></span> <span class='ocrx_word' id='word_1_336' title='bbox 1976 2489 2194 2560; x_wconf 86' lang='lat' dir='ltr'><strong>quidem</strong></span> <span class='ocrx_word' id='word_1_337' title='bbox 2222 2487 2531 2558; x_wconf 87' lang='lat' dir='ltr'><strong>cnjusmodi</strong></span> <span class='ocrx_word' id='word_1_338' title='bbox 2577 2486 2759 2552; x_wconf 88' lang='lat' dir='ltr'><strong>ﬁnem,</strong></span> <span class='ocrx_word' id='word_1_339' title='bbox 2817 2494 2872 2543; x_wconf 92' lang='lat' dir='ltr'><strong>et</strong></span> <span class='ocrx_word' id='word_1_340' title='bbox 2932 2486 3245 2557; x_wconf 86' lang='lat' dir='ltr'><strong>cujusmodi</strong></span> <span class='ocrx_word' id='word_1_341' title='bbox 3289 2489 3554 2545; x_wconf 90' lang='lat' dir='ltr'><strong>orationis</strong></span> <span class='ocrx_word' id='word_1_342' title='bbox 3608 2487 3737 2546; x_wconf 77' lang='lat' dir='ltr'><strong>exi-</strong></span> 
     </span>
    </p>
   </div>
   <div class='ocr_carea' id='block_1_47' title="bbox 482 2578 3383 2652">
    <p class='ocr_par' dir='ltr' id='par_1_47' title="bbox 482 2578 3383 2652">
     <span class='ocr_line' id='line_1_47' title="bbox 482 2578 3383 2652; baseline 0 -17"><span class='ocrx_word' id='word_1_343' title='bbox 482 2587 619 2646; x_wconf 88' lang='lat' dir='ltr'><strong>tum,</strong></span> <span class='ocrx_word' id='word_1_344' title='bbox 650 2591 775 2652; x_wconf 87' lang='lat' dir='ltr'><strong>post</strong></span> <span class='ocrx_word' id='word_1_345' title='bbox 806 2579 1109 2640; x_wconf 88' lang='lat' dir='ltr'><strong>Salvatoris</strong></span> <span class='ocrx_word' id='word_1_346' title='bbox 1149 2578 1323 2640; x_wconf 82' lang='lat' dir='ltr'><strong>nostri</strong></span> <span class='ocrx_word' id='word_1_347' title='bbox 1354 2582 1484 2641; x_wconf 81' lang='lat' dir='ltr'><strong>Jcsu</strong></span> <span class='ocrx_word' id='word_1_348' title='bbox 1512 2583 1717 2640; x_wconf 85' lang='lat' dir='ltr'><strong>Christi</strong></span> <span class='ocrx_word' id='word_1_349' title='bbox 1757 2581 2047 2639; x_wconf 71' lang='lat' dir='ltr'><strong>adventrum</strong></span> <span class='ocrx_word' id='word_1_350' title='bbox 2083 2580 2442 2645; x_wconf 87' lang='lat' dir='ltr'><strong>ostenderint,</strong></span> <span class='ocrx_word' id='word_1_351' title='bbox 2471 2578 2567 2634; x_wconf 90' lang='lat' dir='ltr'><strong>tibi</strong></span> <span class='ocrx_word' id='word_1_352' title='bbox 2599 2578 3079 2650; x_wconf 86' lang='lat' dir='ltr'><strong>contemplandum</strong></span> <span class='ocrx_word' id='word_1_353' title='bbox 3114 2580 3383 2651; x_wconf 89' lang='lat' dir='ltr'><strong>relinquo.</strong></span> 
     </span>
    </p>
   </div>
   <div class='ocr_carea' id='block_1_48' title="bbox 1067 2705 1467 2763">
    <p class='ocr_par' dir='ltr' id='par_1_48' title="bbox 1067 2705 1467 2763">
     <span class='ocr_line' id='line_1_48' title="bbox 1067 2705 1467 2763; baseline 0.005 -2"><span class='ocrx_word' id='word_1_354' title='bbox 1067 2705 1299 2762; x_wconf 82' lang='lat' dir='ltr'><strong>CAPUT</strong></span> <span class='ocrx_word' id='word_1_355' title='bbox 1327 2706 1467 2763; x_wconf 77' lang='lat' dir='ltr'><strong>XIV.</strong></span> 
     </span>
    </p>
   </div>
   <div class='ocr_carea' id='block_1_49' title="bbox 482 2793 2056 2864">
    <p class='ocr_par' dir='ltr' id='par_1_49' title="bbox 482 2793 2056 2864">
     <span class='ocr_line' id='line_1_49' title="bbox 482 2793 2056 2864; baseline 0.004 -16"><span class='ocrx_word' id='word_1_356' title='bbox 482 2793 561 2848; x_wconf 79' lang='lat' dir='ltr'><strong>Ab</strong></span> <span class='ocrx_word' id='word_1_357' title='bbox 581 2794 891 2851; x_wconf 81' lang='lat' dir='ltr'><strong>Ambacum.</strong></span> <span class='ocrx_word' id='word_1_358' title='bbox 927 2827 999 2839; x_wconf 89' lang='lat'><strong>—</strong></span> <span class='ocrx_word' id='word_1_359' title='bbox 1022 2797 1176 2864; x_wconf 86' lang='lat' dir='ltr'><strong>Quod</strong></span> <span class='ocrx_word' id='word_1_360' title='bbox 1208 2800 1412 2855; x_wconf 76' lang='lat' dir='ltr'><strong>veniens</strong></span> <span class='ocrx_word' id='word_1_361' title='bbox 1443 2799 1541 2855; x_wconf 82' lang='lat' dir='ltr'><strong>Dei</strong></span> <span class='ocrx_word' id='word_1_362' title='bbox 1588 2800 1834 2863; x_wconf 75' lang='lat' dir='ltr'><strong>Verbum,</strong></span> <span class='ocrx_word' id='word_1_363' title='bbox 1871 2809 2056 2854; x_wconf 79' lang='lat' dir='ltr'><strong>ventu-</strong></span> 
     </span>
    </p>
   </div>
   <div class='ocr_carea' id='block_1_50' title="bbox 591 2871 1952 2941">
    <p class='ocr_par' dir='ltr' id='par_1_50' title="bbox 591 2871 1952 2941">
     <span class='ocr_line' id='line_1_50' title="bbox 591 2871 1952 2941; baseline 0.006 -22"><span class='ocrx_word' id='word_1_364' title='bbox 591 2882 711 2920; x_wconf 73' lang='lat' dir='ltr'><strong>rum</strong></span> <span class='ocrx_word' id='word_1_365' title='bbox 747 2883 909 2938; x_wconf 81' lang='lat' dir='ltr'><strong>neque</strong></span> <span class='ocrx_word' id='word_1_366' title='bbox 937 2879 1263 2924; x_wconf 79' lang='lat' dir='ltr'><strong>moraturum</strong></span> <span class='ocrx_word' id='word_1_367' title='bbox 1291 2882 1567 2926; x_wconf 80' lang='lat' dir='ltr'><strong>caneretur</strong></span> <span class='ocrx_word' id='word_1_368' title='bbox 1593 2889 1628 2925; x_wconf 82' lang='grc' dir='ltr'>α</span> <span class='ocrx_word' id='word_1_369' title='bbox 1664 2871 1952 2941; x_wconf 77' lang='lat' dir='ltr'><strong>prophetis.</strong></span> 
     </span>
    </p>
   </div>
   <div class='ocr_carea' id='block_1_51' title="bbox 559 2978 2054 3053">
    <p class='ocr_par' dir='ltr' id='par_1_51' title="bbox 559 2978 2054 3053">
     <span class='ocr_line' id='line_1_51' title="bbox 559 2978 2054 3053; baseline 0.005 -21"><span class='ocrx_word' id='word_1_370' title='bbox 559 2997 581 3032; x_wconf 75' lang='grc' dir='ltr'><strong>ι</strong></span> <span class='ocrx_word' id='word_1_371' title='bbox 607 2978 672 3035; x_wconf 82' lang='lat' dir='ltr'><strong>Et</strong></span> <span class='ocrx_word' id='word_1_372' title='bbox 703 2981 1432 3053; x_wconf 85' lang='lat' dir='ltr'><strong>responditmihiDominus,</strong></span> <span class='ocrx_word' id='word_1_373' title='bbox 1462 2995 1518 3040; x_wconf 88' lang='lat' dir='ltr'><strong>et</strong></span> <span class='ocrx_word' id='word_1_374' title='bbox 1548 2984 1724 3041; x_wconf 89' lang='lat' dir='ltr'><strong>dixit:</strong></span> <span class='ocrx_word' id='word_1_375' title='bbox 1756 2984 1947 3042; x_wconf 89' lang='lat' dir='ltr'><strong>Scribe</strong></span> <span class='ocrx_word' id='word_1_376' title='bbox 1972 2987 2054 3041; x_wconf 85' lang='lat' dir='ltr'><strong>vi-</strong></span> 
     </span>
    </p>
   </div>
   <div class='ocr_carea' id='block_1_52' title="bbox 484 3072 2052 3151">
    <p class='ocr_par' dir='ltr' id='par_1_52' title="bbox 484 3072 2052 3151">
     <span class='ocr_line' id='line_1_52' title="bbox 484 3072 2052 3151; baseline 0.004 -24"><span class='ocrx_word' id='word_1_377' title='bbox 484 3072 699 3129; x_wconf 84' lang='lat' dir='ltr'><strong>sionem</strong></span> <span class='ocrx_word' id='word_1_378' title='bbox 746 3074 1040 3131; x_wconf 79' lang='lat' dir='ltr'><strong>manifeste</strong></span> <span class='ocrx_word' id='word_1_379' title='bbox 1066 3076 1121 3131; x_wconf 88' lang='lat' dir='ltr'><strong>in</strong></span> <span class='ocrx_word' id='word_1_380' title='bbox 1168 3076 1391 3144; x_wconf 88' lang='lat' dir='ltr'><strong>tabella,</strong></span> <span class='ocrx_word' id='word_1_381' title='bbox 1443 3084 1503 3132; x_wconf 85' lang='lat' dir='ltr'><strong>ut</strong></span> <span class='ocrx_word' id='word_1_382' title='bbox 1551 3085 1918 3150; x_wconf 80' lang='lat' dir='ltr'><strong>persequatur</strong></span> <span class='ocrx_word' id='word_1_383' title='bbox 1957 3079 2052 3151; x_wconf 92' lang='lat' dir='ltr'><strong>qui</strong></span> 
     </span>
    </p>
   </div>
   <div class='ocr_carea' id='block_1_53' title="bbox 2686 2700 3215 2755">
    <p class='ocr_par' dir='ltr' id='par_1_53' title="bbox 2686 2700 3215 2755">
     <span class='ocr_line' id='line_1_53' title="bbox 2686 2700 3215 2755; baseline -0.004 0"><span class='ocrx_word' id='word_1_384' title='bbox 2686 2700 3080 2755; x_wconf 77' lang='grc' dir='ltr'><strong>ΚΕΦΑΛΑΙΟΝ</strong></span> <span class='ocrx_word' id='word_1_385' title='bbox 3118 2702 3215 2754; x_wconf 69' lang='grc' dir='ltr'><strong>ω’.</strong></span> 
     </span>
    </p>
   </div>
   <div class='ocr_carea' id='block_1_54' title="bbox 2173 2787 3740 2866">
    <p class='ocr_par' dir='ltr' id='par_1_54' title="bbox 2173 2787 3740 2866">
     <span class='ocr_line' id='line_1_54' title="bbox 2173 2787 3740 2866; baseline -0.006 -13"><span class='ocrx_word' id='word_1_386' title='bbox 2173 2798 2314 2853; x_wconf 79' lang='grc' dir='ltr'><strong>Ἀπὸ</strong></span> <span class='ocrx_word' id='word_1_387' title='bbox 2361 2794 2896 2866; x_wconf 61' lang='grc' dir='ltr'><strong>Ἄμϐακούμρτ-Ὠς</strong></span> <span class='ocrx_word' id='word_1_388' title='bbox 2916 2864 2925 2866; x_wconf 21' lang='grc' dir='ltr'><strong>Α</strong></span> <span class='ocrx_word' id='word_1_389' title='bbox 2945 2793 3269 2863; x_wconf 78' lang='grc' dir='ltr'><strong>ἐρχόμενος</strong></span> <span class='ocrx_word' id='word_1_390' title='bbox 3296 2791 3466 2859; x_wconf 76' lang='grc' dir='ltr'>ἥξειν</span> <span class='ocrx_word' id='word_1_391' title='bbox 3480 2832 3509 2866; x_wconf 90' lang='lat'><strong>,_</strong></span> <span class='ocrx_word' id='word_1_392' title='bbox 3531 2787 3633 2848; x_wconf 73' lang='grc' dir='ltr'>καὶ</span> <span class='ocrx_word' id='word_1_393' title='bbox 3662 2788 3740 2843; x_wconf 78' lang='grc' dir='ltr'><strong>οὐ</strong></span> 
     </span>
    </p>
   </div>
   <div class='ocr_carea' id='block_1_55' title="bbox 2253 2861 3639 2939">
    <p class='ocr_par' dir='ltr' id='par_1_55' title="bbox 2253 2861 3639 2939">
     <span class='ocr_line' id='line_1_55' title="bbox 2253 2861 3639 2939; baseline -0.006 -16"><span class='ocrx_word' id='word_1_394' title='bbox 2253 2861 2565 2939; x_wconf 75' lang='grc' dir='ltr'>χρονίσειν</span> <span class='ocrx_word' id='word_1_395' title='bbox 2593 2870 2626 2921; x_wconf 84' lang='grc' dir='ltr'><strong>ό</strong></span> <span class='ocrx_word' id='word_1_396' title='bbox 2647 2861 2765 2919; x_wconf 66' lang='grc' dir='ltr'><strong>⁷τοῦ</strong></span> <span class='ocrx_word' id='word_1_397' title='bbox 2793 2864 2941 2919; x_wconf 82' lang='grc' dir='ltr'>Θεοῦ</span> <span class='ocrx_word' id='word_1_398' title='bbox 2967 2861 3158 2933; x_wconf 55' lang='grc' dir='ltr'>Λὸῇιος</span> <span class='ocrx_word' id='word_1_399' title='bbox 3179 2861 3639 2932; x_wconf 67' lang='grc' dir='ltr'>προεφητεύετο.</span> 
     </span>
    </p>
   </div>
   <div class='ocr_carea' id='block_1_56' title="bbox 2235 2972 3738 3054">
    <p class='ocr_par' dir='ltr' id='par_1_56' title="bbox 2235 2972 3738 3054">
     <span class='ocr_line' id='line_1_56' title="bbox 2235 2972 3738 3054; baseline -0.002 -21"><span class='ocrx_word' id='word_1_400' title='bbox 2235 3001 2254 3033; x_wconf 74' lang='grc' dir='ltr'><strong>ι</strong></span> <span class='ocrx_word' id='word_1_401' title='bbox 2282 2983 2392 3036; x_wconf 77' lang='grc' dir='ltr'>Καὶ</span> <span class='ocrx_word' id='word_1_402' title='bbox 2412 2980 2681 3054; x_wconf 76' lang='grc' dir='ltr'>ἀπεκρίθη</span> <span class='ocrx_word' id='word_1_403' title='bbox 2714 2981 2919 3052; x_wconf 81' lang='grc' dir='ltr'>Κύριος</span> <span class='ocrx_word' id='word_1_404' title='bbox 2948 2978 3086 3051; x_wconf 87' lang='grc' dir='ltr'>πρός</span> <span class='ocrx_word' id='word_1_405' title='bbox 3128 2995 3224 3050; x_wconf 87' lang='grc' dir='ltr'><strong>με,</strong></span> <span class='ocrx_word' id='word_1_406' title='bbox 3253 2977 3351 3030; x_wconf 76' lang='grc' dir='ltr'>καὶ</span> <span class='ocrx_word' id='word_1_407' title='bbox 3390 2972 3545 3030; x_wconf 77' lang='grc' dir='ltr'>εἶπε’</span> <span class='ocrx_word' id='word_1_408' title='bbox 3585 2974 3738 3047; x_wconf 84' lang='grc' dir='ltr'><strong>Γρά-</strong></span> 
     </span>
    </p>
   </div>
   <div class='ocr_carea' id='block_1_57' title="bbox 2158 3065 3743 3149">
    <p class='ocr_par' dir='ltr' id='par_1_57' title="bbox 2158 3065 3743 3149">
     <span class='ocr_line' id='line_1_57' title="bbox 2158 3065 3743 3149; baseline -0.007 -19"><span class='ocrx_word' id='word_1_409' title='bbox 2158 3075 2258 3147; x_wconf 76' lang='grc' dir='ltr'>ψον</span> <span class='ocrx_word' id='word_1_410' title='bbox 2287 3076 2478 3149; x_wconf 85' lang='grc' dir='ltr'>ὅρασιν</span> <span class='ocrx_word' id='word_1_411' title='bbox 2507 3073 2693 3145; x_wconf 73' lang='grc' dir='ltr'>σαφῶς</span> <span class='ocrx_word' id='word_1_412' title='bbox 2723 3077 2783 3129; x_wconf 89' lang='grc' dir='ltr'><strong>ἐν</strong></span> <span class='ocrx_word' id='word_1_413' title='bbox 2814 3072 3010 3145; x_wconf 81' lang='grc' dir='ltr'>πυξίῳ,</span> <span class='ocrx_word' id='word_1_414' title='bbox 3040 3074 3190 3136; x_wconf 82' lang='grc' dir='ltr'>ὃπως</span> <span class='ocrx_word' id='word_1_415' title='bbox 3220 3068 3391 3142; x_wconf 84' lang='grc' dir='ltr'>διώκῃ</span> <span class='ocrx_word' id='word_1_416' title='bbox 3419 3071 3447 3122; x_wconf 81' lang='grc' dir='ltr'><strong>ό</strong></span> <span class='ocrx_word' id='word_1_417' title='bbox 3474 3065 3743 3137; x_wconf 77' lang='grc' dir='ltr'><strong>ἀναγινώ-</strong></span> 
     </span>
    </p>
   </div>
   <div class='ocr_carea' id='block_1_58' title="bbox 484 3156 2057 3239">
    <p class='ocr_par' dir='ltr' id='par_1_58' title="bbox 484 3162 2056 3239">
     <span class='ocr_line' id='line_1_58' title="bbox 484 3162 2056 3239; baseline 0.006 -22"><span class='ocrx_word' id='word_1_418' title='bbox 484 3162 616 3233; x_wconf 88' lang='lat' dir='ltr'><strong>legit</strong></span> <span class='ocrx_word' id='word_1_419' title='bbox 660 3178 724 3219; x_wconf 92' lang='lat' dir='ltr'><strong>ea</strong></span> <span class='ocrx_word' id='word_1_420' title='bbox 751 3181 767 3220; x_wconf 87' lang='lat'><strong>:</strong></span> <span class='ocrx_word' id='word_1_421' title='bbox 799 3168 1055 3234; x_wconf 88' lang='lat' dir='ltr'><strong>quoniam</strong></span> <span class='ocrx_word' id='word_1_422' title='bbox 1081 3166 1265 3223; x_wconf 88' lang='lat' dir='ltr'><strong>adhuc</strong></span> <span class='ocrx_word' id='word_1_423' title='bbox 1308 3168 1450 3225; x_wconf 83' lang='lat' dir='ltr'><strong>visio</strong></span> <span class='ocrx_word' id='word_1_424' title='bbox 1473 3169 1543 3225; x_wconf 92' lang='lat' dir='ltr'><strong>ad</strong></span> <span class='ocrx_word' id='word_1_425' title='bbox 1574 3177 1810 3239; x_wconf 88' lang='lat' dir='ltr'><strong>tempus,</strong></span> <span class='ocrx_word' id='word_1_426' title='bbox 1836 3176 1894 3225; x_wconf 93' lang='lat' dir='ltr'><strong>et</strong></span> <span class='ocrx_word' id='word_1_427' title='bbox 1919 3170 2056 3227; x_wconf 91' lang='lat' dir='ltr'><strong>orie-</strong></span> 
     </span>
    </p>
   </div>
   <div class='ocr_carea' id='block_1_59' title="bbox 2161 3156 3745 3239">
    <p class='ocr_par' dir='ltr' id='par_1_59' title="bbox 2163 3156 3745 3237">
     <span class='ocr_line' id='line_1_59' title="bbox 2163 3156 3745 3237; baseline -0.006 -18"><span class='ocrx_word' id='word_1_428' title='bbox 2163 3182 2307 3220; x_wconf 87' lang='grc' dir='ltr'>σκων</span> <span class='ocrx_word' id='word_1_429' title='bbox 2334 3163 2476 3219; x_wconf 77' lang='grc' dir='ltr'>αὐτά</span> <span class='ocrx_word' id='word_1_430' title='bbox 2492 3181 2505 3194; x_wconf 81' lang='lat'><strong><em>°</em></strong></span> <span class='ocrx_word' id='word_1_431' title='bbox 2530 3164 2663 3218; x_wconf 85' lang='grc' dir='ltr'>διότι</span> <span class='ocrx_word' id='word_1_432' title='bbox 2695 3163 2775 3217; x_wconf 80' lang='grc' dir='ltr'><strong>ἐτι</strong></span> <span class='ocrx_word' id='word_1_433' title='bbox 2803 3165 2990 3237; x_wconf 85' lang='grc' dir='ltr'>ὅρασις</span> <span class='ocrx_word' id='word_1_434' title='bbox 3016 3163 3098 3226; x_wconf 85' lang='grc' dir='ltr'><strong>είς</strong></span> <span class='ocrx_word' id='word_1_435' title='bbox 3121 3161 3333 3232; x_wconf 77' lang='grc' dir='ltr'>καιρὸν,</span> <span class='ocrx_word' id='word_1_436' title='bbox 3365 3159 3461 3212; x_wconf 76' lang='grc' dir='ltr'><strong>καὶ</strong></span> <span class='ocrx_word' id='word_1_437' title='bbox 3484 3156 3745 3211; x_wconf 83' lang='grc' dir='ltr'>ἀνατελεῖ</span> 
     </span>
    </p>
   </div>
   <div class='ocr_carea' id='block_1_60' title="bbox 486 3248 2059 3329">
    <p class='ocr_par' dir='ltr' id='par_1_60' title="bbox 486 3248 2059 3329">
     <span class='ocr_line' id='line_1_60' title="bbox 486 3248 2059 3329; baseline 0.007 -19"><span class='ocrx_word' id='word_1_438' title='bbox 486 3268 577 3311; x_wconf 83' lang='lat' dir='ltr'><strong>tur</strong></span> <span class='ocrx_word' id='word_1_439' title='bbox 605 3257 677 3312; x_wconf 87' lang='lat' dir='ltr'><strong>ad</strong></span> <span class='ocrx_word' id='word_1_440' title='bbox 717 3248 1021 3329; x_wconf 72' lang='lat' dir='ltr'><strong>vesperam,</strong></span> <span class='ocrx_word' id='word_1_441' title='bbox 1057 3268 1249 3316; x_wconf 84' lang='lat' dir='ltr'><strong>et-nou</strong></span> <span class='ocrx_word' id='word_1_442' title='bbox 1283 3263 1340 3317; x_wconf 85' lang='lat' dir='ltr'><strong>in</strong></span> <span class='ocrx_word' id='word_1_443' title='bbox 1378 3277 1603 3319; x_wconf 74' lang='lat' dir='ltr'><strong>vanum.</strong></span> <span class='ocrx_word' id='word_1_444' title='bbox 1632 3261 1691 3318; x_wconf 91' lang='lat' dir='ltr'><strong>Si</strong></span> <span class='ocrx_word' id='word_1_445' title='bbox 1720 3262 1932 3321; x_wconf 85' lang='lat' dir='ltr'><strong>tardius</strong></span> <span class='ocrx_word' id='word_1_446' title='bbox 1965 3280 2059 3321; x_wconf 87' lang='lat' dir='ltr'><strong>ve-</strong></span> 
     </span>
    </p>
   </div>
   <div class='ocr_carea' id='block_1_61' title="bbox 482 3347 2057 3423">
    <p class='ocr_par' dir='ltr' id='par_1_61' title="bbox 482 3347 2057 3423">
     <span class='ocr_line' id='line_1_61' title="bbox 482 3347 2057 3423; baseline 0.006 -23"><span class='ocrx_word' id='word_1_447' title='bbox 482 3347 620 3412; x_wconf 86' lang='lat' dir='ltr'><strong>niet,</strong></span> <span class='ocrx_word' id='word_1_448' title='bbox 640 3359 897 3418; x_wconf 79' lang='lat' dir='ltr'><strong>exspeCta</strong></span> <span class='ocrx_word' id='word_1_449' title='bbox 922 3350 1105 3418; x_wconf 89' lang='lat' dir='ltr'><strong>illum;</strong></span> <span class='ocrx_word' id='word_1_450' title='bbox 1130 3353 1387 3423; x_wconf 87' lang='lat' dir='ltr'><strong>quoniam</strong></span> <span class='ocrx_word' id='word_1_451' title='bbox 1404 3353 1634 3410; x_wconf 87' lang='lat' dir='ltr'><strong>veniens</strong></span> <span class='ocrx_word' id='word_1_452' title='bbox 1647 3355 1849 3420; x_wconf 86' lang='lat' dir='ltr'><strong>veniet,</strong></span> <span class='ocrx_word' id='word_1_453' title='bbox 1873 3361 1929 3410; x_wconf 90' lang='lat' dir='ltr'><strong>et</strong></span> <span class='ocrx_word' id='word_1_454' title='bbox 1950 3370 2057 3410; x_wconf 91' lang='lat' dir='ltr'><strong>non</strong></span> 
     </span>
    </p>
   </div>
   <div class='ocr_carea' id='block_1_62' title="bbox 484 3439 2060 3516">
    <p class='ocr_par' dir='ltr' id='par_1_62' title="bbox 484 3439 2060 3516">
     <span class='ocr_line' id='line_1_62' title="bbox 484 3439 2060 3516; baseline 0.006 -24"><span class='ocrx_word' id='word_1_455' title='bbox 484 3439 809 3495; x_wconf 85' lang='lat' dir='ltr'><strong>morabitur.</strong></span> <span class='ocrx_word' id='word_1_456' title='bbox 853 3439 911 3495; x_wconf 92' lang='lat' dir='ltr'><strong>Si</strong></span> <span class='ocrx_word' id='word_1_457' title='bbox 942 3443 1276 3500; x_wconf 79' lang='lat' dir='ltr'><strong>subtraxerit</strong></span> <span class='ocrx_word' id='word_1_458' title='bbox 1311 3460 1391 3512; x_wconf 91' lang='lat' dir='ltr'><strong>se,</strong></span> <span class='ocrx_word' id='word_1_459' title='bbox 1428 3460 1538 3500; x_wconf 85' lang='lat' dir='ltr'><strong>non</strong></span> <span class='ocrx_word' id='word_1_460' title='bbox 1589 3446 1727 3503; x_wconf 90' lang='lat' dir='ltr'><strong>bene</strong></span> <span class='ocrx_word' id='word_1_461' title='bbox 1757 3446 1860 3503; x_wconf 89' lang='lat' dir='ltr'><strong>sibi</strong></span> <span class='ocrx_word' id='word_1_462' title='bbox 1884 3447 2060 3516; x_wconf 86' lang='lat' dir='ltr'><strong>placet</strong></span> 
     </span>
    </p>
   </div>
   <div class='ocr_carea' id='block_1_63' title="bbox 485 3528 2053 3592">
    <p class='ocr_par' dir='ltr' id='par_1_63' title="bbox 485 3528 2053 3592">
     <span class='ocr_line' id='line_1_63' title="bbox 485 3528 2053 3592; baseline 0.004 -11"><span class='ocrx_word' id='word_1_463' title='bbox 485 3528 666 3584; x_wconf 84' lang='lat' dir='ltr'><strong>anima</strong></span> <span class='ocrx_word' id='word_1_464' title='bbox 687 3544 808 3585; x_wconf 84' lang='lat' dir='ltr'><strong>mea</strong></span> <span class='ocrx_word' id='word_1_465' title='bbox 835 3533 892 3586; x_wconf 89' lang='lat' dir='ltr'><strong>in</strong></span> <span class='ocrx_word' id='word_1_466' title='bbox 917 3547 1004 3587; x_wconf 90' lang='lat' dir='ltr'><strong>eo.</strong></span> <span class='ocrx_word' id='word_1_467' title='bbox 1023 3532 1214 3590; x_wconf 83' lang='lat' dir='ltr'><strong>Justus</strong></span> <span class='ocrx_word' id='word_1_468' title='bbox 1235 3545 1414 3590; x_wconf 88' lang='lat' dir='ltr'><strong>autem</strong></span> <span class='ocrx_word' id='word_1_469' title='bbox 1434 3551 1501 3590; x_wconf 85' lang='lat' dir='ltr'><strong>ex</strong></span> <span class='ocrx_word' id='word_1_470' title='bbox 1514 3534 1619 3591; x_wconf 90' lang='lat' dir='ltr'><strong>ﬁde</strong></span> <span class='ocrx_word' id='word_1_471' title='bbox 1645 3551 1765 3592; x_wconf 89' lang='lat' dir='ltr'><strong>mea</strong></span> <span class='ocrx_word' id='word_1_472' title='bbox 1790 3535 1933 3591; x_wconf 87' lang='lat' dir='ltr'><strong>vivet</strong></span> <span class='ocrx_word' id='word_1_473' title='bbox 1953 3536 2053 3592; x_wconf 66' lang='grc' dir='ltr'><strong>’θη</strong></span> 
     </span>
    </p>
   </div>
   <div class='ocr_carea' id='block_1_64' title="bbox 486 3619 2058 3699">
    <p class='ocr_par' dir='ltr' id='par_1_64' title="bbox 486 3619 2058 3699">
     <span class='ocr_line' id='line_1_64' title="bbox 486 3619 2058 3699; baseline 0.006 -26"><span class='ocrx_word' id='word_1_474' title='bbox 486 3619 662 3677; x_wconf 87' lang='lat' dir='ltr'><strong>Etiam</strong></span> <span class='ocrx_word' id='word_1_475' title='bbox 693 3622 798 3679; x_wconf 89' lang='lat' dir='ltr'><strong>hoc</strong></span> <span class='ocrx_word' id='word_1_476' title='bbox 838 3624 959 3680; x_wconf 90' lang='lat' dir='ltr'><strong>loco</strong></span> <span class='ocrx_word' id='word_1_477' title='bbox 996 3625 1172 3696; x_wconf 88' lang='lat' dir='ltr'><strong>palam</strong></span> <span class='ocrx_word' id='word_1_478' title='bbox 1203 3642 1328 3682; x_wconf 91' lang='lat' dir='ltr'><strong>eum</strong></span> <span class='ocrx_word' id='word_1_479' title='bbox 1359 3627 1452 3699; x_wconf 90' lang='lat' dir='ltr'><strong>qui</strong></span> <span class='ocrx_word' id='word_1_480' title='bbox 1478 3628 1651 3692; x_wconf 88' lang='lat' dir='ltr'><strong>venit,</strong></span> <span class='ocrx_word' id='word_1_481' title='bbox 1685 3628 1755 3684; x_wconf 91' lang='lat' dir='ltr'><strong>de</strong></span> <span class='ocrx_word' id='word_1_482' title='bbox 1781 3643 1890 3699; x_wconf 93' lang='lat' dir='ltr'><strong>quo</strong></span> <span class='ocrx_word' id='word_1_483' title='bbox 1926 3642 2058 3699; x_wconf 88' lang='lat' dir='ltr'><strong>pro-</strong></span> 
     </span>
    </p>
   </div>
   <div class='ocr_carea' id='block_1_65' title="bbox 486 3711 2058 3790">
    <p class='ocr_par' dir='ltr' id='par_1_65' title="bbox 486 3711 2058 3790">
     <span class='ocr_line' id='line_1_65' title="bbox 486 3711 2058 3790; baseline 0.004 -22"><span class='ocrx_word' id='word_1_484' title='bbox 486 3711 665 3783; x_wconf 73' lang='lat' dir='ltr'><strong>pheta:</strong></span> <span class='ocrx_word' id='word_1_485' title='bbox 697 3715 1017 3786; x_wconf 83' lang='lat' dir='ltr'><strong>loquuntur,</strong></span> <span class='ocrx_word' id='word_1_486' title='bbox 1046 3727 1334 3774; x_wconf 86' lang='lat' dir='ltr'><strong>venturum</strong></span> <span class='ocrx_word' id='word_1_487' title='bbox 1358 3720 1524 3777; x_wconf 89' lang='lat' dir='ltr'><strong>canit.</strong></span> <span class='ocrx_word' id='word_1_488' title='bbox 1551 3718 1661 3777; x_wconf 90' lang='lat' dir='ltr'><strong>Sed</strong></span> <span class='ocrx_word' id='word_1_489' title='bbox 1693 3720 1820 3790; x_wconf 90' lang='lat' dir='ltr'><strong>quis</strong></span> <span class='ocrx_word' id='word_1_490' title='bbox 1840 3722 2058 3777; x_wconf 82' lang='lat' dir='ltr'><strong>tandem</strong></span> 
     </span>
    </p>
   </div>
   <div class='ocr_carea' id='block_1_66' title="bbox 486 3805 2055 3882">
    <p class='ocr_par' dir='ltr' id='par_1_66' title="bbox 486 3805 2055 3882">
     <span class='ocr_line' id='line_1_66' title="bbox 486 3805 2055 3882; baseline 0.005 -22"><span class='ocrx_word' id='word_1_491' title='bbox 486 3805 579 3862; x_wconf 90' lang='lat' dir='ltr'><strong>hic</strong></span> <span class='ocrx_word' id='word_1_492' title='bbox 624 3806 717 3873; x_wconf 89' lang='lat' dir='ltr'><strong>sit,</strong></span> <span class='ocrx_word' id='word_1_493' title='bbox 761 3808 869 3865; x_wconf 93' lang='lat' dir='ltr'><strong>nisi</strong></span> <span class='ocrx_word' id='word_1_494' title='bbox 913 3810 1007 3881; x_wconf 86' lang='lat' dir='ltr'><strong>qui</strong></span> <span class='ocrx_word' id='word_1_495' title='bbox 1071 3826 1236 3882; x_wconf 85' lang='lat' dir='ltr'><strong>supra</strong></span> <span class='ocrx_word' id='word_1_496' title='bbox 1282 3812 1517 3868; x_wconf 88' lang='lat' dir='ltr'><strong>innotuit</strong></span> <span class='ocrx_word' id='word_1_497' title='bbox 1577 3813 1634 3867; x_wconf 91' lang='lat' dir='ltr'><strong>in</strong></span> <span class='ocrx_word' id='word_1_498' title='bbox 1678 3813 1788 3869; x_wconf 85' lang='lat' dir='ltr'><strong>illis</strong></span> <span class='ocrx_word' id='word_1_499' title='bbox 1832 3813 2055 3871; x_wconf 87' lang='lat' dir='ltr'><strong>verbis:</strong></span> 
     </span>
    </p>
   </div>
   <div class='ocr_carea' id='block_1_67' title="bbox 494 3899 2060 3974">
    <p class='ocr_par' dir='ltr' id='par_1_67' title="bbox 494 3899 2060 3974">
     <span class='ocr_line' id='line_1_67' title="bbox 494 3899 2060 3974; baseline 0.008 -22"><span class='ocrx_word' id='word_1_500' title='bbox 494 3917 516 3952; x_wconf 72' lang='grc' dir='ltr'><strong>ι</strong></span> <span class='ocrx_word' id='word_1_501' title='bbox 554 3899 882 3960; x_wconf 86' lang='lat' dir='ltr'><strong>Benedictus</strong></span> <span class='ocrx_word' id='word_1_502' title='bbox 929 3904 1023 3974; x_wconf 90' lang='lat' dir='ltr'><strong>qui</strong></span> <span class='ocrx_word' id='word_1_503' title='bbox 1073 3909 1223 3961; x_wconf 89' lang='lat' dir='ltr'><strong>venit</strong></span> <span class='ocrx_word' id='word_1_504' title='bbox 1261 3907 1318 3960; x_wconf 90' lang='lat' dir='ltr'><strong>in</strong></span> <span class='ocrx_word' id='word_1_505' title='bbox 1366 3907 1586 3962; x_wconf 88' lang='lat' dir='ltr'><strong>nomine</strong></span> <span class='ocrx_word' id='word_1_506' title='bbox 1629 3904 1864 3972; x_wconf 88' lang='lat' dir='ltr'><strong>Domini,</strong></span> <span class='ocrx_word' id='word_1_507' title='bbox 1916 3904 2060 3964; x_wconf 86' lang='lat' dir='ltr'><strong>Deus</strong></span> 
     </span>
    </p>
   </div>
   <div class='ocr_carea' id='block_1_68' title="bbox 491 3989 2059 4070">
    <p class='ocr_par' dir='ltr' id='par_1_68' title="bbox 491 3989 2059 4070">
     <span class='ocr_line' id='line_1_68' title="bbox 491 3989 2059 4070; baseline 0.003 -21"><span class='ocrx_word' id='word_1_508' title='bbox 491 3989 755 4051; x_wconf 84' lang='lat' dir='ltr'><strong>Dominus</strong></span> <span class='ocrx_word' id='word_1_509' title='bbox 784 4004 837 4052; x_wconf 91' lang='lat' dir='ltr'><strong>et</strong></span> <span class='ocrx_word' id='word_1_510' title='bbox 871 3996 1051 4051; x_wconf 78' lang='lat' dir='ltr'><strong>illuxit</strong></span> <span class='ocrx_word' id='word_1_511' title='bbox 1082 3998 1351 4053; x_wconf 80' lang='lat' dir='ltr'><strong>nobis&quot;?</strong></span> <span class='ocrx_word' id='word_1_512' title='bbox 1389 4018 1409 4051; x_wconf 77' lang='grc' dir='ltr'><strong>ι</strong></span> <span class='ocrx_word' id='word_1_513' title='bbox 1442 3997 1599 4055; x_wconf 85' lang='lat' dir='ltr'><strong>Hunc</strong></span> <span class='ocrx_word' id='word_1_514' title='bbox 1628 4013 1758 4055; x_wconf 88' lang='lat' dir='ltr'><strong>vero</strong></span> <span class='ocrx_word' id='word_1_515' title='bbox 1801 4008 2059 4070; x_wconf 75' lang='lat' dir='ltr'><strong>tanquam</strong></span> 
     </span>
    </p>
   </div>
   <div class='ocr_carea' id='block_1_69' title="bbox 487 4086 2059 4159">
    <p class='ocr_par' dir='ltr' id='par_1_69' title="bbox 487 4086 2059 4159">
     <span class='ocr_line' id='line_1_69' title="bbox 487 4086 2059 4159; baseline 0.003 -20"><span class='ocrx_word' id='word_1_516' title='bbox 487 4098 636 4149; x_wconf 90' lang='lat' dir='ltr'><strong>eum,</strong></span> <span class='ocrx_word' id='word_1_517' title='bbox 667 4086 762 4156; x_wconf 89' lang='lat' dir='ltr'><strong>qui</strong></span> <span class='ocrx_word' id='word_1_518' title='bbox 808 4087 986 4157; x_wconf 89' lang='lat' dir='ltr'><strong>ipsum</strong></span> <span class='ocrx_word' id='word_1_519' title='bbox 1025 4087 1211 4143; x_wconf 86' lang='lat' dir='ltr'><strong>lumen</strong></span> <span class='ocrx_word' id='word_1_520' title='bbox 1241 4088 1334 4151; x_wconf 90' lang='lat' dir='ltr'><strong>sit,</strong></span> <span class='ocrx_word' id='word_1_521' title='bbox 1364 4089 1433 4143; x_wconf 90' lang='lat' dir='ltr'><strong>ad</strong></span> <span class='ocrx_word' id='word_1_522' title='bbox 1463 4104 1746 4159; x_wconf 87' lang='lat' dir='ltr'><strong>vesperam</strong></span> <span class='ocrx_word' id='word_1_523' title='bbox 1787 4090 2059 4145; x_wconf 87' lang='lat' dir='ltr'><strong>oriturum</strong></span> 
     </span>
    </p>
   </div>
   <div class='ocr_carea' id='block_1_70' title="bbox 489 4177 2057 4241">
    <p class='ocr_par' dir='ltr' id='par_1_70' title="bbox 489 4177 2057 4241">
     <span class='ocr_line' id='line_1_70' title="bbox 489 4177 2057 4241; baseline 0.003 -11"><span class='ocrx_word' id='word_1_524' title='bbox 489 4178 587 4241; x_wconf 85' lang='lat' dir='ltr'><strong>ait,</strong></span> <span class='ocrx_word' id='word_1_525' title='bbox 637 4177 692 4231; x_wconf 90' lang='lat' dir='ltr'><strong>in</strong></span> <span class='ocrx_word' id='word_1_526' title='bbox 743 4179 1215 4235; x_wconf 84' lang='lat' dir='ltr'><strong>consummatione</strong></span> <span class='ocrx_word' id='word_1_527' title='bbox 1258 4177 1512 4234; x_wconf 89' lang='lat' dir='ltr'><strong>videlicet</strong></span> <span class='ocrx_word' id='word_1_528' title='bbox 1561 4180 1906 4236; x_wconf 65' lang='lat' dir='ltr'><strong>saeculorum.</strong></span> <span class='ocrx_word' id='word_1_529' title='bbox 1958 4179 2057 4236; x_wconf 89' lang='lat' dir='ltr'><strong>Cui</strong></span> 
     </span>
    </p>
   </div>
   <div class='ocr_carea' id='block_1_71' title="bbox 488 4267 2058 4339">
    <p class='ocr_par' dir='ltr' id='par_1_71' title="bbox 488 4267 2058 4339">
     <span class='ocr_line' id='line_1_71' title="bbox 488 4267 2058 4339; baseline 0.001 -15"><span class='ocrx_word' id='word_1_530' title='bbox 488 4267 790 4325; x_wconf 85' lang='lat' dir='ltr'><strong>concordat</strong></span> <span class='ocrx_word' id='word_1_531' title='bbox 835 4270 999 4325; x_wconf 87' lang='lat' dir='ltr'><strong>etiam</strong></span> <span class='ocrx_word' id='word_1_532' title='bbox 1041 4269 1357 4336; x_wconf 85' lang='lat' dir='ltr'><strong>Zacharias,</strong></span> <span class='ocrx_word' id='word_1_533' title='bbox 1407 4269 1598 4327; x_wconf 87' lang='lat' dir='ltr'><strong>dicens</strong></span> <span class='ocrx_word' id='word_1_534' title='bbox 1643 4289 1657 4325; x_wconf 90' lang='lat'><strong>:</strong></span> <span class='ocrx_word' id='word_1_535' title='bbox 1706 4289 1725 4322; x_wconf 79' lang='grc' dir='ltr'><strong>ι</strong></span> <span class='ocrx_word' id='word_1_536' title='bbox 1766 4270 1907 4326; x_wconf 83' lang='lat' dir='ltr'><strong>Ecce</strong></span> <span class='ocrx_word' id='word_1_537' title='bbox 1951 4271 2058 4339; x_wconf 89' lang='lat' dir='ltr'><strong>vir,</strong></span> 
     </span>
    </p>
   </div>
   <div class='ocr_carea' id='block_1_72' title="bbox 488 4359 2060 4428">
    <p class='ocr_par' dir='ltr' id='par_1_72' title="bbox 488 4359 2060 4428">
     <span class='ocr_line' id='line_1_72' title="bbox 488 4359 2060 4428; baseline 0.001 -12"><span class='ocrx_word' id='word_1_538' title='bbox 488 4359 687 4417; x_wconf 87' lang='lat' dir='ltr'><strong>Oriens</strong></span> <span class='ocrx_word' id='word_1_539' title='bbox 731 4377 929 4418; x_wconf 89' lang='lat' dir='ltr'><strong>nomen</strong></span> <span class='ocrx_word' id='word_1_540' title='bbox 951 4360 1024 4428; x_wconf 89' lang='lat' dir='ltr'><strong>ei,</strong></span> <span class='ocrx_word' id='word_1_541' title='bbox 1059 4372 1112 4419; x_wconf 89' lang='lat' dir='ltr'><strong>et</strong></span> <span class='ocrx_word' id='word_1_542' title='bbox 1145 4362 1335 4420; x_wconf 88' lang='lat' dir='ltr'><strong>subter</strong></span> <span class='ocrx_word' id='word_1_543' title='bbox 1371 4376 1496 4419; x_wconf 86' lang='lat' dir='ltr'><strong>eum</strong></span> <span class='ocrx_word' id='word_1_544' title='bbox 1536 4363 1824 4419; x_wconf 81' lang='lat' dir='ltr'><strong>orietur&quot;.</strong></span> <span class='ocrx_word' id='word_1_545' title='bbox 1864 4383 1884 4417; x_wconf 75' lang='grc' dir='ltr'><strong>ι</strong></span> <span class='ocrx_word' id='word_1_546' title='bbox 1914 4361 2060 4418; x_wconf 89' lang='lat' dir='ltr'><strong>ldem</strong></span> 
     </span>
    </p>
   </div>
   <div class='ocr_carea' id='block_1_73' title="bbox 486 4454 2062 4527">
    <p class='ocr_par' dir='ltr' id='par_1_73' title="bbox 486 4454 2062 4527">
     <span class='ocr_line' id='line_1_73' title="bbox 486 4454 2062 4527; baseline 0 -17"><span class='ocrx_word' id='word_1_547' title='bbox 486 4468 622 4510; x_wconf 84' lang='lat' dir='ltr'><strong>vero</strong></span> <span class='ocrx_word' id='word_1_548' title='bbox 652 4454 918 4526; x_wconf 86' lang='lat' dir='ltr'><strong>propheta</strong></span> <span class='ocrx_word' id='word_1_549' title='bbox 945 4457 1109 4510; x_wconf 88' lang='lat' dir='ltr'><strong>etiam</strong></span> <span class='ocrx_word' id='word_1_550' title='bbox 1141 4462 1354 4526; x_wconf 87' lang='lat' dir='ltr'><strong>tempus</strong></span> <span class='ocrx_word' id='word_1_551' title='bbox 1388 4454 1681 4527; x_wconf 82' lang='lat' dir='ltr'><strong>signiﬁcat,</strong></span> <span class='ocrx_word' id='word_1_552' title='bbox 1703 4454 1831 4510; x_wconf 91' lang='lat' dir='ltr'><strong>dum</strong></span> <span class='ocrx_word' id='word_1_553' title='bbox 1867 4454 2062 4527; x_wconf 81' lang='lat' dir='ltr'><strong>adjun-</strong></span> 
     </span>
    </p>
   </div>
   <div class='ocr_carea' id='block_1_74' title="bbox 2160 3249 3743 3328">
    <p class='ocr_par' dir='ltr' id='par_1_74' title="bbox 2160 3249 3743 3328">
     <span class='ocr_line' id='line_1_74' title="bbox 2160 3249 3743 3328; baseline -0.005 -17"><span class='ocrx_word' id='word_1_554' title='bbox 2160 3258 2240 3322; x_wconf 81' lang='grc' dir='ltr'>εἰς</span> <span class='ocrx_word' id='word_1_555' title='bbox 2271 3256 2465 3328; x_wconf 80' lang='grc' dir='ltr'>πέρας,</span> <span class='ocrx_word' id='word_1_556' title='bbox 2501 3256 2593 3310; x_wconf 73' lang='grc' dir='ltr'><strong>καὶ</strong></span> <span class='ocrx_word' id='word_1_557' title='bbox 2622 3256 2723 3310; x_wconf 81' lang='grc' dir='ltr'>οὐκ</span> <span class='ocrx_word' id='word_1_558' title='bbox 2775 3257 2855 3319; x_wconf 79' lang='grc' dir='ltr'>εἰς</span> <span class='ocrx_word' id='word_1_559' title='bbox 2884 3254 3058 3310; x_wconf 87' lang='grc' dir='ltr'>κενόν,</span> <span class='ocrx_word' id='word_1_560' title='bbox 3100 3252 3224 3306; x_wconf 83' lang='grc' dir='ltr'><strong>Ἐὰν</strong></span> <span class='ocrx_word' id='word_1_561' title='bbox 3259 3251 3533 3321; x_wconf 78' lang='grc' dir='ltr'>ὐστερήσῃ</span> <span class='ocrx_word' id='word_1_562' title='bbox 3552 3291 3568 3314; x_wconf 90' lang='grc'><strong>,</strong></span> <span class='ocrx_word' id='word_1_563' title='bbox 3598 3249 3743 3304; x_wconf 74' lang='grc' dir='ltr'>ὑπόο</span> 
     </span>
    </p>
   </div>
   <div class='ocr_carea' id='block_1_75' title="bbox 2166 3342 3744 3421">
    <p class='ocr_par' dir='ltr' id='par_1_75' title="bbox 2166 3342 3744 3421">
     <span class='ocr_line' id='line_1_75' title="bbox 2166 3342 3744 3421; baseline -0.007 -17"><span class='ocrx_word' id='word_1_564' title='bbox 2166 3367 2348 3421; x_wconf 87' lang='grc' dir='ltr'>μεινον</span> <span class='ocrx_word' id='word_1_565' title='bbox 2377 3349 2572 3403; x_wconf 72' lang='grc' dir='ltr'><strong>αὐτόν⁸</strong></span> <span class='ocrx_word' id='word_1_566' title='bbox 2598 3351 2681 3403; x_wconf 84' lang='grc' dir='ltr'>ὅτι</span> <span class='ocrx_word' id='word_1_567' title='bbox 2706 3350 2736 3403; x_wconf 85' lang='grc' dir='ltr'><strong>ὁ</strong></span> <span class='ocrx_word' id='word_1_568' title='bbox 2766 3348 3056 3421; x_wconf 80' lang='grc' dir='ltr'>ἐρχόμενος</span> <span class='ocrx_word' id='word_1_569' title='bbox 3076 3344 3208 3417; x_wconf 79' lang='grc' dir='ltr'>,ἣξει</span> <span class='ocrx_word' id='word_1_570' title='bbox 3228 3385 3243 3408; x_wconf 91' lang='grc'><strong>,</strong></span> <span class='ocrx_word' id='word_1_571' title='bbox 3277 3344 3372 3398; x_wconf 74' lang='grc' dir='ltr'><strong>καὶ</strong></span> <span class='ocrx_word' id='word_1_572' title='bbox 3398 3343 3458 3398; x_wconf 85' lang='grc' dir='ltr'>οὐ</span> <span class='ocrx_word' id='word_1_573' title='bbox 3496 3342 3572 3414; x_wconf 84' lang='grc' dir='ltr'>μὴ</span> <span class='ocrx_word' id='word_1_574' title='bbox 3615 3357 3744 3413; x_wconf 85' lang='grc' dir='ltr'>χρο-</span> 
     </span>
    </p>
   </div>
   <div class='ocr_carea' id='block_1_76' title="bbox 2158 3433 3745 3512">
    <p class='ocr_par' dir='ltr' id='par_1_76' title="bbox 2158 3433 3745 3512">
     <span class='ocr_line' id='line_1_76' title="bbox 2158 3433 3745 3512; baseline -0.006 -18"><span class='ocrx_word' id='word_1_575' title='bbox 2158 3440 2302 3512; x_wconf 83' lang='grc' dir='ltr'>νίσῃ.</span> <span class='ocrx_word' id='word_1_576' title='bbox 2340 3440 2463 3494; x_wconf 84' lang='grc' dir='ltr'><strong>Ἐὰν</strong></span> <span class='ocrx_word' id='word_1_577' title='bbox 2491 3439 2874 3511; x_wconf 80' lang='grc' dir='ltr'>ὑποστείληται</span> <span class='ocrx_word' id='word_1_578' title='bbox 2895 3479 2910 3504; x_wconf 92' lang='grc'><strong>,</strong></span> <span class='ocrx_word' id='word_1_579' title='bbox 2941 3439 3041 3492; x_wconf 82' lang='grc' dir='ltr'>οὐκ</span> <span class='ocrx_word' id='word_1_580' title='bbox 3064 3437 3275 3490; x_wconf 81' lang='grc' dir='ltr'>εὐδοκεῖ</span> <span class='ocrx_word' id='word_1_581' title='bbox 3300 3436 3333 3506; x_wconf 79' lang='grc' dir='ltr'><strong>ὴ</strong></span> <span class='ocrx_word' id='word_1_582' title='bbox 3358 3433 3501 3504; x_wconf 77' lang='grc' dir='ltr'>ψυχή</span> <span class='ocrx_word' id='word_1_583' title='bbox 3547 3450 3652 3504; x_wconf 82' lang='grc' dir='ltr'><strong>μου</strong></span> <span class='ocrx_word' id='word_1_584' title='bbox 3680 3434 3745 3486; x_wconf 81' lang='grc' dir='ltr'><strong>ἐν</strong></span> 
     </span>
    </p>
   </div>
   <div class='ocr_carea' id='block_1_77' title="bbox 2160 3524 3741 3604">
    <p class='ocr_par' dir='ltr' id='par_1_77' title="bbox 2160 3524 3741 3604">
     <span class='ocr_line' id='line_1_77' title="bbox 2160 3524 3741 3604; baseline -0.006 -17"><span class='ocrx_word' id='word_1_585' title='bbox 2160 3532 2326 3604; x_wconf 74' lang='grc' dir='ltr'>αὐτῷ.</span> <span class='ocrx_word' id='word_1_586' title='bbox 2362 3533 2418 3586; x_wconf 81' lang='grc'><strong>’0</strong></span> <span class='ocrx_word' id='word_1_587' title='bbox 2439 3532 2496 3586; x_wconf 78' lang='grc' dir='ltr'><strong>δὲ</strong></span> <span class='ocrx_word' id='word_1_588' title='bbox 2527 3532 2734 3596; x_wconf 89' lang='grc' dir='ltr'>δίκαιος</span> <span class='ocrx_word' id='word_1_589' title='bbox 2773 3534 2840 3585; x_wconf 85' lang='grc' dir='ltr'><strong>ἐκ</strong></span> <span class='ocrx_word' id='word_1_590' title='bbox 2868 3528 3102 3593; x_wconf 84' lang='grc' dir='ltr'>πίστεώς</span> <span class='ocrx_word' id='word_1_591' title='bbox 3144 3545 3246 3600; x_wconf 89' lang='grc' dir='ltr'><strong>μου</strong></span> <span class='ocrx_word' id='word_1_592' title='bbox 3293 3527 3536 3597; x_wconf 81' lang='grc' dir='ltr'>ζήσεται.</span> <span class='ocrx_word' id='word_1_593' title='bbox 3564 3545 3582 3576; x_wconf 81' lang='grc' dir='ltr'><strong>ι</strong></span> <span class='ocrx_word' id='word_1_594' title='bbox 3624 3524 3741 3577; x_wconf 73' lang='grc' dir='ltr'>Καὶ</span> 
     </span>
    </p>
   </div>
   <div class='ocr_carea' id='block_1_78' title="bbox 2160 3616 3745 3696">
    <p class='ocr_par' dir='ltr' id='par_1_78' title="bbox 2160 3616 3745 3696">
     <span class='ocr_line' id='line_1_78' title="bbox 2160 3616 3745 3696; baseline -0.005 -18"><span class='ocrx_word' id='word_1_595' title='bbox 2160 3623 2391 3679; x_wconf 77' lang='grc' dir='ltr'>ἐνταῦθα</span> <span class='ocrx_word' id='word_1_596' title='bbox 2421 3623 2713 3696; x_wconf 73' lang='grc' dir='ltr'>διαρρήδην</span> <span class='ocrx_word' id='word_1_597' title='bbox 2743 3621 3036 3694; x_wconf 78' lang='grc' dir='ltr'>ἐρχόμενον</span> <span class='ocrx_word' id='word_1_598' title='bbox 3074 3619 3225 3691; x_wconf 75' lang='grc' dir='ltr'>ἥξειν</span> <span class='ocrx_word' id='word_1_599' title='bbox 3263 3618 3353 3672; x_wconf 78' lang='grc' dir='ltr'>τὸν</span> <span class='ocrx_word' id='word_1_600' title='bbox 3391 3616 3745 3690; x_wconf 82' lang='grc' dir='ltr'>προφητευό-</span> 
     </span>
    </p>
   </div>
   <div class='ocr_carea' id='block_1_79' title="bbox 2162 3706 3745 3789">
    <p class='ocr_par' dir='ltr' id='par_1_79' title="bbox 2162 3706 3745 3789">
     <span class='ocr_line' id='line_1_79' title="bbox 2162 3706 3745 3789; baseline -0.004 -20"><span class='ocrx_word' id='word_1_601' title='bbox 2162 3734 2321 3789; x_wconf 88' lang='grc' dir='ltr'>μενον</span> <span class='ocrx_word' id='word_1_602' title='bbox 2348 3715 2611 3781; x_wconf 78' lang='grc' dir='ltr'>θεσπίζει.</span> <span class='ocrx_word' id='word_1_603' title='bbox 2643 3715 2740 3778; x_wconf 86' lang='grc' dir='ltr'>Τίς</span> <span class='ocrx_word' id='word_1_604' title='bbox 2761 3714 2805 3767; x_wconf 85' lang='grc' dir='ltr'>δ’</span> <span class='ocrx_word' id='word_1_605' title='bbox 2827 3709 2897 3785; x_wconf 81' lang='grc' dir='ltr'>ἦν</span> <span class='ocrx_word' id='word_1_606' title='bbox 2927 3706 3083 3778; x_wconf 73' lang='grc' dir='ltr'>οὗτος</span> <span class='ocrx_word' id='word_1_607' title='bbox 3106 3751 3126 3778; x_wconf 88' lang='grc'><strong>,</strong></span> <span class='ocrx_word' id='word_1_608' title='bbox 3159 3712 3193 3783; x_wconf 81' lang='grc' dir='ltr'>ἢ</span> <span class='ocrx_word' id='word_1_609' title='bbox 3226 3713 3254 3765; x_wconf 87' lang='grc' dir='ltr'>ὁ</span> <span class='ocrx_word' id='word_1_610' title='bbox 3278 3711 3535 3785; x_wconf 80' lang='grc' dir='ltr'>ἀνωτέρω</span> <span class='ocrx_word' id='word_1_611' title='bbox 3564 3708 3745 3781; x_wconf 84' lang='grc' dir='ltr'>δηλω-</span> 
     </span>
    </p>
   </div>
   <div class='ocr_carea' id='block_1_80' title="bbox 2160 3800 3747 3876">
    <p class='ocr_par' dir='ltr' id='par_1_80' title="bbox 2160 3800 3747 3876">
     <span class='ocr_line' id='line_1_80' title="bbox 2160 3800 3747 3876; baseline -0.006 -14"><span class='ocrx_word' id='word_1_612' title='bbox 2160 3809 2292 3872; x_wconf 78' lang='grc' dir='ltr'>θεὶς.</span> <span class='ocrx_word' id='word_1_613' title='bbox 2319 3806 2462 3862; x_wconf 76' lang='grc' dir='ltr'>κατὰ</span> <span class='ocrx_word' id='word_1_614' title='bbox 2491 3807 2574 3872; x_wconf 83' lang='grc' dir='ltr'><strong>τὸ,</strong></span> <span class='ocrx_word' id='word_1_615' title='bbox 2609 3824 2629 3857; x_wconf 73' lang='grc' dir='ltr'>α</span> <span class='ocrx_word' id='word_1_616' title='bbox 2657 3804 3033 3876; x_wconf 76' lang='grc' dir='ltr'><strong>Εὐλογημένος</strong></span> <span class='ocrx_word' id='word_1_617' title='bbox 3056 3807 3086 3858; x_wconf 86' lang='grc' dir='ltr'>ὁ</span> <span class='ocrx_word' id='word_1_618' title='bbox 3113 3803 3404 3875; x_wconf 79' lang='grc' dir='ltr'>ἐρχόμενος</span> <span class='ocrx_word' id='word_1_619' title='bbox 3426 3803 3484 3854; x_wconf 86' lang='grc' dir='ltr'><strong>ἐν</strong></span> <span class='ocrx_word' id='word_1_620' title='bbox 3510 3800 3747 3870; x_wconf 87' lang='grc' dir='ltr'>ὀνόματι</span> 
     </span>
    </p>
   </div>
   <div class='ocr_carea' id='block_1_81' title="bbox 2160 3890 3746 3971">
    <p class='ocr_par' dir='ltr' id='par_1_81' title="bbox 2160 3890 3746 3971">
     <span class='ocr_line' id='line_1_81' title="bbox 2160 3890 3746 3971; baseline -0.007 -18"><span class='ocrx_word' id='word_1_621' title='bbox 2160 3899 2365 3971; x_wconf 83' lang='grc' dir='ltr'>Κυρίου</span> <span class='ocrx_word' id='word_1_622' title='bbox 2384 3937 2400 3963; x_wconf 92' lang='grc'><strong>,</strong></span> <span class='ocrx_word' id='word_1_623' title='bbox 2430 3898 2561 3963; x_wconf 85' lang='grc' dir='ltr'>Θεὸς</span> <span class='ocrx_word' id='word_1_624' title='bbox 2588 3897 2792 3970; x_wconf 76' lang='grc' dir='ltr'>Κύριος</span> <span class='ocrx_word' id='word_1_625' title='bbox 2835 3896 2931 3951; x_wconf 77' lang='grc' dir='ltr'><strong>καὶ</strong></span> <span class='ocrx_word' id='word_1_626' title='bbox 2977 3895 3247 3965; x_wconf 79' lang='grc' dir='ltr'>ἐπέφηνεν</span> <span class='ocrx_word' id='word_1_627' title='bbox 3279 3896 3444 3965; x_wconf 57' lang='lat' dir='ltr'><strong>mihi;</strong></span> <span class='ocrx_word' id='word_1_628' title='bbox 3481 3910 3501 3943; x_wconf 76' lang='grc' dir='ltr'><strong>ι</strong></span> <span class='ocrx_word' id='word_1_629' title='bbox 3533 3890 3746 3945; x_wconf 81' lang='grc' dir='ltr'>Τοῦτον</span> 
     </span>
    </p>
   </div>
   <div class='ocr_carea' id='block_1_82' title="bbox 2159 3984 3743 4060">
    <p class='ocr_par' dir='ltr' id='par_1_82' title="bbox 2159 3984 3743 4060">
     <span class='ocr_line' id='line_1_82' title="bbox 2159 3984 3743 4060; baseline -0.005 -18"><span class='ocrx_word' id='word_1_630' title='bbox 2159 3989 2238 4055; x_wconf 87' lang='grc' dir='ltr'>δὲ,</span> <span class='ocrx_word' id='word_1_631' title='bbox 2268 3984 2356 4043; x_wconf 78' lang='grc' dir='ltr'><strong>οἷα</strong></span> <span class='ocrx_word' id='word_1_632' title='bbox 2387 3988 2504 4059; x_wconf 82' lang='grc' dir='ltr'><strong>φῶς</strong></span> <span class='ocrx_word' id='word_1_633' title='bbox 2531 3989 2867 4060; x_wconf 84' lang='grc' dir='ltr'>τυγχάνοντα</span> <span class='ocrx_word' id='word_1_634' title='bbox 2886 4029 2901 4053; x_wconf 90' lang='grc'><strong>,</strong></span> <span class='ocrx_word' id='word_1_635' title='bbox 2926 3989 3008 4052; x_wconf 86' lang='grc' dir='ltr'>εἰς</span> <span class='ocrx_word' id='word_1_636' title='bbox 3029 3987 3203 4058; x_wconf 82' lang='grc' dir='ltr'>πέρας</span> <span class='ocrx_word' id='word_1_637' title='bbox 3232 3985 3513 4040; x_wconf 85' lang='grc' dir='ltr'>ἁνατελείν</span> <span class='ocrx_word' id='word_1_638' title='bbox 3546 3999 3743 4055; x_wconf 79' lang='grc' dir='ltr'>φησιν,</span> 
     </span>
    </p>
   </div>
   <div class='ocr_carea' id='block_1_83' title="bbox 2160 4072 3746 4152">
    <p class='ocr_par' dir='ltr' id='par_1_83' title="bbox 2160 4072 3746 4152">
     <span class='ocr_line' id='line_1_83' title="bbox 2160 4072 3746 4152; baseline -0.003 -20"><span class='ocrx_word' id='word_1_639' title='bbox 2160 4080 2252 4133; x_wconf 76' lang='grc' dir='ltr'>ἐπὶ</span> <span class='ocrx_word' id='word_1_640' title='bbox 2294 4079 2575 4152; x_wconf 71' lang='grc' dir='ltr'>συντελείᾳ</span> <span class='ocrx_word' id='word_1_641' title='bbox 2599 4080 2711 4135; x_wconf 83' lang='grc' dir='ltr'>τῶν</span> <span class='ocrx_word' id='word_1_642' title='bbox 2743 4078 2972 4134; x_wconf 82' lang='grc' dir='ltr'>αἰώνων.</span> <span class='ocrx_word' id='word_1_643' title='bbox 3004 4072 3076 4151; x_wconf 77' lang='grc' dir='ltr'><strong>’ᾫ</strong></span> <span class='ocrx_word' id='word_1_644' title='bbox 3122 4077 3334 4146; x_wconf 83' lang='grc' dir='ltr'>συνᾴδει</span> <span class='ocrx_word' id='word_1_645' title='bbox 3377 4077 3473 4130; x_wconf 74' lang='grc' dir='ltr'><strong>καὶ</strong></span> <span class='ocrx_word' id='word_1_646' title='bbox 3499 4074 3530 4129; x_wconf 86' lang='grc' dir='ltr'><strong>ὁ</strong></span> <span class='ocrx_word' id='word_1_647' title='bbox 3559 4076 3746 4145; x_wconf 82' lang='grc' dir='ltr'>Ζαχα-</span> 
     </span>
    </p>
   </div>
   <div class='ocr_carea' id='block_1_84' title="bbox 2164 4163 3745 4242">
    <p class='ocr_par' dir='ltr' id='par_1_84' title="bbox 2164 4163 3745 4242">
     <span class='ocr_line' id='line_1_84' title="bbox 2164 4163 3745 4242; baseline -0.004 -19"><span class='ocrx_word' id='word_1_648' title='bbox 2164 4170 2305 4242; x_wconf 85' lang='grc' dir='ltr'>ρίας,</span> <span class='ocrx_word' id='word_1_649' title='bbox 2326 4170 2498 4239; x_wconf 87' lang='grc' dir='ltr'>λέγων</span> <span class='ocrx_word' id='word_1_650' title='bbox 2518 4188 2530 4201; x_wconf 74' lang='grc'><strong><em>⁸</em></strong></span> <span class='ocrx_word' id='word_1_651' title='bbox 2557 4190 2576 4222; x_wconf 79' lang='grc' dir='ltr'><strong>ι</strong></span> <span class='ocrx_word' id='word_1_652' title='bbox 2618 4170 2749 4225; x_wconf 84' lang='grc' dir='ltr'>Ἰδοὺ</span> <span class='ocrx_word' id='word_1_653' title='bbox 2779 4169 2941 4240; x_wconf 79' lang='grc' dir='ltr'>ἀνὴρ,</span> <span class='ocrx_word' id='word_1_654' title='bbox 2977 4167 3232 4239; x_wconf 77' lang='grc' dir='ltr'>Ἀνατολὴ</span> <span class='ocrx_word' id='word_1_655' title='bbox 3245 4168 3417 4238; x_wconf 72' lang='grc' dir='ltr'>ὄνομα</span> <span class='ocrx_word' id='word_1_656' title='bbox 3441 4163 3612 4235; x_wconf 76' lang='grc' dir='ltr'>αὐτῷ,</span> <span class='ocrx_word' id='word_1_657' title='bbox 3642 4163 3745 4218; x_wconf 69' lang='grc' dir='ltr'>καὶ</span> 
     </span>
    </p>
   </div>
   <div class='ocr_carea' id='block_1_85' title="bbox 2162 4259 3747 4333">
    <p class='ocr_par' dir='ltr' id='par_1_85' title="bbox 2162 4259 3747 4333">
     <span class='ocr_line' id='line_1_85' title="bbox 2162 4259 3747 4333; baseline -0.004 -15"><span class='ocrx_word' id='word_1_658' title='bbox 2162 4263 2515 4318; x_wconf 83' lang='grc' dir='ltr'>ὑποκάτωθεν</span> <span class='ocrx_word' id='word_1_659' title='bbox 2549 4261 2715 4317; x_wconf 82' lang='grc' dir='ltr'>αὐτοῦ</span> <span class='ocrx_word' id='word_1_660' title='bbox 2754 4262 3009 4333; x_wconf 85' lang='grc' dir='ltr'><strong>ἁνατολή.</strong></span> <span class='ocrx_word' id='word_1_661' title='bbox 3043 4280 3061 4312; x_wconf 80' lang='grc' dir='ltr'><strong>ι</strong></span> <span class='ocrx_word' id='word_1_662' title='bbox 3095 4261 3206 4315; x_wconf 73' lang='grc' dir='ltr'>Καὶ</span> <span class='ocrx_word' id='word_1_663' title='bbox 3245 4260 3338 4314; x_wconf 81' lang='grc' dir='ltr'><strong>τὸν</strong></span> <span class='ocrx_word' id='word_1_664' title='bbox 3380 4259 3569 4332; x_wconf 88' lang='grc' dir='ltr'>χρόνον</span> <span class='ocrx_word' id='word_1_665' title='bbox 3603 4259 3747 4312; x_wconf 78' lang='grc' dir='ltr'>ὑπο-</span> 
     </span>
    </p>
   </div>
   <div class='ocr_carea' id='block_1_86' title="bbox 2163 4340 3746 4429">
    <p class='ocr_par' dir='ltr' id='par_1_86' title="bbox 2163 4340 3746 4429">
     <span class='ocr_line' id='line_1_86' title="bbox 2163 4340 3746 4429; baseline -0.006 -18"><span class='ocrx_word' id='word_1_666' title='bbox 2163 4355 2440 4429; x_wconf 85' lang='grc' dir='ltr'>σημαίνων</span> <span class='ocrx_word' id='word_1_667' title='bbox 2468 4357 2497 4409; x_wconf 85' lang='grc' dir='ltr'><strong>ό</strong></span> <span class='ocrx_word' id='word_1_668' title='bbox 2527 4355 2689 4418; x_wconf 77' lang='grc' dir='ltr'>αὐτὸς</span> <span class='ocrx_word' id='word_1_669' title='bbox 2710 4340 3028 4422; x_wconf 65' lang='grc' dir='ltr'>ἐπιλέγεισι</span> <span class='ocrx_word' id='word_1_670' title='bbox 3058 4352 3133 4406; x_wconf 85' lang='grc' dir='ltr'><strong>Τὸ</strong></span> <span class='ocrx_word' id='word_1_671' title='bbox 3165 4352 3299 4423; x_wconf 68' lang='grc' dir='ltr'>πρὸς</span> <span class='ocrx_word' id='word_1_672' title='bbox 3323 4350 3559 4424; x_wconf 77' lang='grc' dir='ltr'>ἑσπέραν</span> <span class='ocrx_word' id='word_1_673' title='bbox 3580 4349 3746 4403; x_wconf 73' lang='grc' dir='ltr'>ἔσται</span> 
     </span>
    </p>
   </div>
   <div class='ocr_carea' id='block_1_87' title="bbox 2163 4436 3747 4520">
    <p class='ocr_par' dir='ltr' id='par_1_87' title="bbox 2163 4436 3747 4520">
     <span class='ocr_line' id='line_1_87' title="bbox 2163 4436 3747 4520; baseline -0.007 -16"><span class='ocrx_word' id='word_1_674' title='bbox 2163 4450 2298 4520; x_wconf 81' lang='grc' dir='ltr'><strong>φῶς.</strong></span> <span class='ocrx_word' id='word_1_675' title='bbox 2343 4449 2467 4503; x_wconf 81' lang='grc' dir='ltr'><strong>Ἐὰν</strong></span> <span class='ocrx_word' id='word_1_676' title='bbox 2527 4447 2831 4520; x_wconf 78' lang='grc' dir='ltr'>ὑστερήσῃ,</span> <span class='ocrx_word' id='word_1_677' title='bbox 2871 4445 3164 4517; x_wconf 83' lang='grc' dir='ltr'>ὑπόμεινον</span> <span class='ocrx_word' id='word_1_678' title='bbox 3192 4443 3380 4497; x_wconf 79' lang='grc' dir='ltr'>αὐτόν·</span> <span class='ocrx_word' id='word_1_679' title='bbox 3415 4461 3435 4494; x_wconf 77' lang='grc' dir='ltr'><strong>ι</strong></span> <span class='ocrx_word' id='word_1_680' title='bbox 3469 4440 3586 4495; x_wconf 80' lang='grc' dir='ltr'>ἀνθ’</span> <span class='ocrx_word' id='word_1_681' title='bbox 3618 4436 3681 4495; x_wconf 71' lang='grc' dir='ltr'><strong>οὗ</strong></span> <span class='ocrx_word' id='word_1_682' title='bbox 3712 4443 3747 4494; x_wconf 86' lang='grc' dir='ltr'><strong>ὀ</strong></span> 
     </span>
    </p>
   </div>
   <div class='ocr_carea' id='block_1_88' title="bbox 486 4533 2057 4616">
    <p class='ocr_par' dir='ltr' id='par_1_88' title="bbox 486 4544 2056 4616">
     <span class='ocr_line' id='line_1_88' title="bbox 486 4544 2056 4616; baseline 0.003 -17"><span class='ocrx_word' id='word_1_683' title='bbox 486 4544 664 4616; x_wconf 73' lang='lat' dir='ltr'><strong>git”:</strong></span> <span class='ocrx_word' id='word_1_684' title='bbox 700 4564 722 4597; x_wconf 75' lang='grc' dir='ltr'><strong>ι</strong></span> <span class='ocrx_word' id='word_1_685' title='bbox 760 4546 842 4601; x_wconf 80' lang='lat' dir='ltr'><strong>Ad</strong></span> <span class='ocrx_word' id='word_1_686' title='bbox 866 4561 1151 4616; x_wconf 81' lang='lat' dir='ltr'><strong>vesperam</strong></span> <span class='ocrx_word' id='word_1_687' title='bbox 1180 4548 1287 4603; x_wconf 88' lang='lat' dir='ltr'><strong>erit</strong></span> <span class='ocrx_word' id='word_1_688' title='bbox 1310 4547 1513 4613; x_wconf 87' lang='lat' dir='ltr'><strong>lumen,</strong></span> <span class='ocrx_word' id='word_1_689' title='bbox 1538 4548 1585 4603; x_wconf 88' lang='lat' dir='ltr'><strong>si</strong></span> <span class='ocrx_word' id='word_1_690' title='bbox 1617 4548 1829 4604; x_wconf 90' lang='lat' dir='ltr'><strong>tardius</strong></span> <span class='ocrx_word' id='word_1_691' title='bbox 1852 4549 2056 4614; x_wconf 85' lang='lat' dir='ltr'><strong>veniet,</strong></span> 
     </span>
    </p>
   </div>
   <div class='ocr_carea' id='block_1_89' title="bbox 2161 4533 3745 4616">
    <p class='ocr_par' dir='ltr' id='par_1_89' title="bbox 2174 4533 3745 4611">
     <span class='ocr_line' id='line_1_89' title="bbox 2174 4533 3745 4611; baseline -0.007 -14"><span class='ocrx_word' id='word_1_692' title='bbox 2174 4542 2408 4606; x_wconf 81' lang='grc' dir='ltr'>Ἀκύλας</span> <span class='ocrx_word' id='word_1_693' title='bbox 2454 4540 2782 4611; x_wconf 88' lang='grc' dir='ltr'>πεποίηκεν·</span> <span class='ocrx_word' id='word_1_694' title='bbox 2824 4556 2843 4590; x_wconf 76' lang='grc' dir='ltr'><strong>ι</strong></span> <span class='ocrx_word' id='word_1_695' title='bbox 2883 4537 3010 4593; x_wconf 87' lang='grc' dir='ltr'><strong>Ἐὰν</strong></span> <span class='ocrx_word' id='word_1_696' title='bbox 3050 4536 3109 4590; x_wconf 85' lang='grc' dir='ltr'>δὲ</span> <span class='ocrx_word' id='word_1_697' title='bbox 3143 4534 3403 4607; x_wconf 76' lang='grc' dir='ltr'>μελλήσῃ,</span> <span class='ocrx_word' id='word_1_698' title='bbox 3439 4533 3745 4606; x_wconf 81' lang='grc' dir='ltr'>προσδέχου</span> 
     </span>
    </p>
   </div>
   <div class='ocr_carea' id='block_1_90' title="bbox 490 4637 2061 4712">
    <p class='ocr_par' dir='ltr' id='par_1_90' title="bbox 490 4637 2061 4712">
     <span class='ocr_line' id='line_1_90' title="bbox 490 4637 2061 4712; baseline 0.003 -18"><span class='ocrx_word' id='word_1_699' title='bbox 490 4646 749 4710; x_wconf 80' lang='lat' dir='ltr'><strong>exspecta</strong></span> <span class='ocrx_word' id='word_1_700' title='bbox 784 4638 956 4693; x_wconf 89' lang='lat' dir='ltr'><strong>illum.</strong></span> <span class='ocrx_word' id='word_1_701' title='bbox 992 4659 1010 4693; x_wconf 78' lang='grc' dir='ltr'><strong>ι</strong></span> <span class='ocrx_word' id='word_1_702' title='bbox 1036 4637 1144 4695; x_wconf 85' lang='lat' dir='ltr'><strong>Pro</strong></span> <span class='ocrx_word' id='word_1_703' title='bbox 1173 4655 1285 4711; x_wconf 91' lang='lat' dir='ltr'><strong>quo</strong></span> <span class='ocrx_word' id='word_1_704' title='bbox 1312 4639 1508 4712; x_wconf 79' lang='lat' dir='ltr'><strong>Aquila</strong></span> <span class='ocrx_word' id='word_1_705' title='bbox 1542 4640 1624 4697; x_wconf 89' lang='lat' dir='ltr'><strong>sic</strong></span> <span class='ocrx_word' id='word_1_706' title='bbox 1650 4639 1925 4697; x_wconf 89' lang='lat' dir='ltr'><strong>reddidit:</strong></span> <span class='ocrx_word' id='word_1_707' title='bbox 1953 4660 1971 4693; x_wconf 77' lang='grc' dir='ltr'><strong>ι</strong></span> <span class='ocrx_word' id='word_1_708' title='bbox 2001 4639 2061 4697; x_wconf 93' lang='lat' dir='ltr'><strong>Si</strong></span> 
     </span>
    </p>
   </div>
   <div class='ocr_carea' id='block_1_91' title="bbox 488 4723 2065 4803">
    <p class='ocr_par' dir='ltr' id='par_1_91' title="bbox 488 4723 2065 4803">
     <span class='ocr_line' id='line_1_91' title="bbox 488 4723 2065 4803; baseline 0.004 -20"><span class='ocrx_word' id='word_1_709' title='bbox 488 4744 621 4785; x_wconf 88' lang='lat' dir='ltr'><strong>vero</strong></span> <span class='ocrx_word' id='word_1_710' title='bbox 670 4729 1041 4796; x_wconf 77' lang='lat' dir='ltr'><strong>cunctabitur,</strong></span> <span class='ocrx_word' id='word_1_711' title='bbox 1079 4731 1267 4802; x_wconf 89' lang='lat' dir='ltr'><strong>accipe</strong></span> <span class='ocrx_word' id='word_1_712' title='bbox 1308 4731 1481 4800; x_wconf 91' lang='lat' dir='ltr'><strong>illum,</strong></span> <span class='ocrx_word' id='word_1_713' title='bbox 1526 4723 1789 4803; x_wconf 87' lang='lat' dir='ltr'><strong>quoniam</strong></span> <span class='ocrx_word' id='word_1_714' title='bbox 1836 4733 2065 4789; x_wconf 86' lang='lat' dir='ltr'><strong>veniens</strong></span> 
     </span>
    </p>
   </div>
   <div class='ocr_carea' id='block_1_92' title="bbox 491 4821 2061 4887">
    <p class='ocr_par' dir='ltr' id='par_1_92' title="bbox 491 4821 2061 4887">
     <span class='ocr_line' id='line_1_92' title="bbox 491 4821 2061 4887; baseline 0.001 -10"><span class='ocrx_word' id='word_1_715' title='bbox 491 4824 691 4887; x_wconf 82' lang='lat' dir='ltr'><strong>veniet,</strong></span> <span class='ocrx_word' id='word_1_716' title='bbox 719 4829 775 4877; x_wconf 92' lang='lat' dir='ltr'><strong>et</strong></span> <span class='ocrx_word' id='word_1_717' title='bbox 813 4836 923 4877; x_wconf 92' lang='lat' dir='ltr'><strong>non</strong></span> <span class='ocrx_word' id='word_1_718' title='bbox 972 4821 1229 4878; x_wconf 86' lang='lat' dir='ltr'><strong>tardabit.</strong></span> <span class='ocrx_word' id='word_1_719' title='bbox 1273 4843 1293 4875; x_wconf 72' lang='grc' dir='ltr'><strong>ι</strong></span> <span class='ocrx_word' id='word_1_720' title='bbox 1330 4821 1407 4879; x_wconf 92' lang='lat' dir='ltr'><strong>De</strong></span> <span class='ocrx_word' id='word_1_721' title='bbox 1448 4824 1552 4881; x_wconf 92' lang='lat' dir='ltr'><strong>hoc</strong></span> <span class='ocrx_word' id='word_1_722' title='bbox 1586 4833 1768 4880; x_wconf 88' lang='lat' dir='ltr'><strong>autem</strong></span> <span class='ocrx_word' id='word_1_723' title='bbox 1816 4824 2061 4881; x_wconf 91' lang='lat' dir='ltr'><strong>meminit</strong></span> 
     </span>
    </p>
   </div>
   <div class='ocr_carea' id='block_1_93' title="bbox 491 4914 2061 4989">
    <p class='ocr_par' dir='ltr' id='par_1_93' title="bbox 491 4914 2061 4989">
     <span class='ocr_line' id='line_1_93' title="bbox 491 4914 2061 4989; baseline 0.002 -20"><span class='ocrx_word' id='word_1_724' title='bbox 491 4914 656 4970; x_wconf 88' lang='lat' dir='ltr'><strong>etiam</strong></span> <span class='ocrx_word' id='word_1_725' title='bbox 687 4915 755 4970; x_wconf 87' lang='lat' dir='ltr'><strong>ad</strong></span> <span class='ocrx_word' id='word_1_726' title='bbox 786 4915 1045 4972; x_wconf 73' lang='lat' dir='ltr'><strong>Hebrteos</strong></span> <span class='ocrx_word' id='word_1_727' title='bbox 1078 4914 1341 4987; x_wconf 82' lang='lat' dir='ltr'><strong>Epistula,</strong></span> <span class='ocrx_word' id='word_1_728' title='bbox 1371 4916 1464 4972; x_wconf 90' lang='lat' dir='ltr'><strong>ubi</strong></span> <span class='ocrx_word' id='word_1_729' title='bbox 1492 4919 1569 4972; x_wconf 91' lang='lat' dir='ltr'><strong>ait</strong></span> <span class='ocrx_word' id='word_1_730' title='bbox 1595 4937 1610 4975; x_wconf 87' lang='lat'><strong>:</strong></span> <span class='ocrx_word' id='word_1_731' title='bbox 1647 4936 1667 4969; x_wconf 70' lang='grc' dir='ltr'><strong>ε</strong></span> <span class='ocrx_word' id='word_1_732' title='bbox 1689 4916 1868 4974; x_wconf 84' lang='lat' dir='ltr'><strong>Nolite</strong></span> <span class='ocrx_word' id='word_1_733' title='bbox 1896 4918 2061 4989; x_wconf 87' lang='lat' dir='ltr'><strong>igitur</strong></span> 
     </span>
    </p>
   </div>
   <div class='ocr_carea' id='block_1_94' title="bbox 490 5007 2064 5082">
    <p class='ocr_par' dir='ltr' id='par_1_94' title="bbox 490 5007 2064 5082">
     <span class='ocr_line' id='line_1_94' title="bbox 490 5007 2064 5082; baseline 0 -19"><span class='ocrx_word' id='word_1_734' title='bbox 490 5007 731 5078; x_wconf 83' lang='lat' dir='ltr'><strong>adjicere</strong></span> <span class='ocrx_word' id='word_1_735' title='bbox 763 5007 1150 5065; x_wconf 87' lang='lat' dir='ltr'><strong>conﬁdentiam</strong></span> <span class='ocrx_word' id='word_1_736' title='bbox 1188 5018 1450 5073; x_wconf 86' lang='lat' dir='ltr'><strong>vestram,</strong></span> <span class='ocrx_word' id='word_1_737' title='bbox 1482 5025 1603 5080; x_wconf 65' lang='lat' dir='ltr'><strong>quae</strong></span> <span class='ocrx_word' id='word_1_738' title='bbox 1619 5024 1871 5082; x_wconf 89' lang='lat' dir='ltr'><strong>magnam</strong></span> <span class='ocrx_word' id='word_1_739' title='bbox 1899 5009 2064 5066; x_wconf 88' lang='lat' dir='ltr'><strong>habet</strong></span> 
     </span>
    </p>
   </div>
   <div class='ocr_carea' id='block_1_95' title="bbox 491 5098 2061 5156">
    <p class='ocr_par' dir='ltr' id='par_1_95' title="bbox 491 5098 2061 5156">
     <span class='ocr_line' id='line_1_95' title="bbox 491 5098 2061 5156; baseline -0.002 0"><span class='ocrx_word' id='word_1_740' title='bbox 491 5100 1009 5156; x_wconf 88' lang='lat' dir='ltr'><strong>remunerationem.</strong></span> <span class='ocrx_word' id='word_1_741' title='bbox 1066 5098 1337 5155; x_wconf 86' lang='lat' dir='ltr'><strong>Patientia</strong></span> <span class='ocrx_word' id='word_1_742' title='bbox 1383 5101 1528 5155; x_wconf 91' lang='lat' dir='ltr'><strong>enim</strong></span> <span class='ocrx_word' id='word_1_743' title='bbox 1584 5100 1743 5156; x_wconf 87' lang='lat' dir='ltr'><strong>vobis</strong></span> <span class='ocrx_word' id='word_1_744' title='bbox 1803 5114 2061 5155; x_wconf 80' lang='lat' dir='ltr'><strong>necessa-</strong></span> 
     </span>
    </p>
   </div>
   <div class='ocr_carea' id='block_1_96' title="bbox 491 5190 2066 5262">
    <p class='ocr_par' dir='ltr' id='par_1_96' title="bbox 491 5190 2066 5262">
     <span class='ocr_line' id='line_1_96' title="bbox 491 5190 2066 5262; baseline 0.001 -16"><span class='ocrx_word' id='word_1_745' title='bbox 491 5193 575 5247; x_wconf 88' lang='lat' dir='ltr'><strong>ria</strong></span> <span class='ocrx_word' id='word_1_746' title='bbox 624 5200 730 5258; x_wconf 90' lang='lat' dir='ltr'><strong>est,</strong></span> <span class='ocrx_word' id='word_1_747' title='bbox 793 5198 852 5248; x_wconf 91' lang='lat' dir='ltr'><strong>ut</strong></span> <span class='ocrx_word' id='word_1_748' title='bbox 906 5194 1243 5248; x_wconf 85' lang='lat' dir='ltr'><strong>voluntatem</strong></span> <span class='ocrx_word' id='word_1_749' title='bbox 1280 5191 1377 5248; x_wconf 91' lang='lat' dir='ltr'><strong>Dei</strong></span> <span class='ocrx_word' id='word_1_750' title='bbox 1424 5190 1722 5257; x_wconf 79' lang='lat' dir='ltr'><strong>facientes,</strong></span> <span class='ocrx_word' id='word_1_751' title='bbox 1776 5191 2066 5262; x_wconf 74' lang='lat' dir='ltr'><strong>reponetis</strong></span> 
     </span>
    </p>
   </div>
   <div class='ocr_carea' id='block_1_97' title="bbox 492 5283 2064 5357">
    <p class='ocr_par' dir='ltr' id='par_1_97' title="bbox 492 5283 2064 5357">
     <span class='ocr_line' id='line_1_97' title="bbox 492 5283 2064 5357; baseline -0.006 -11"><span class='ocrx_word' id='word_1_752' title='bbox 492 5284 656 5357; x_wconf 79' lang='lat'><strong><em>277</em></strong></span> <span class='ocrx_word' id='word_1_753' title='bbox 696 5286 1142 5357; x_wconf 84' lang='lat' dir='ltr'><strong>promissionem.</strong></span> <span class='ocrx_word' id='word_1_754' title='bbox 1186 5284 1381 5339; x_wconf 84' lang='lat' dir='ltr'><strong>Adhuc</strong></span> <span class='ocrx_word' id='word_1_755' title='bbox 1417 5285 1565 5339; x_wconf 88' lang='lat' dir='ltr'><strong>enim</strong></span> <span class='ocrx_word' id='word_1_756' title='bbox 1604 5283 1878 5340; x_wconf 88' lang='lat' dir='ltr'><strong>modicum</strong></span> <span class='ocrx_word' id='word_1_757' title='bbox 1902 5324 1918 5349; x_wconf 91' lang='lat'><strong>,</strong></span> <span class='ocrx_word' id='word_1_758' title='bbox 1960 5284 2064 5339; x_wconf 86' lang='lat' dir='ltr'><strong>ali-</strong></span> 
     </span>
    </p>
   </div>
   <div class='ocr_carea' id='block_1_98' title="bbox 492 5378 2063 5451">
    <p class='ocr_par' dir='ltr' id='par_1_98' title="bbox 492 5378 2063 5451">
     <span class='ocr_line' id='line_1_98' title="bbox 492 5378 2063 5451; baseline 0 -18"><span class='ocrx_word' id='word_1_759' title='bbox 492 5380 967 5451; x_wconf 84' lang='lat' dir='ltr'><strong>quantulumque,</strong></span> <span class='ocrx_word' id='word_1_760' title='bbox 1012 5380 1106 5450; x_wconf 90' lang='lat' dir='ltr'><strong>qui</strong></span> <span class='ocrx_word' id='word_1_761' title='bbox 1152 5390 1417 5435; x_wconf 88' lang='lat' dir='ltr'><strong>venturus</strong></span> <span class='ocrx_word' id='word_1_762' title='bbox 1462 5385 1549 5434; x_wconf 91' lang='lat' dir='ltr'><strong>est</strong></span> <span class='ocrx_word' id='word_1_763' title='bbox 1593 5378 1809 5441; x_wconf 85' lang='lat' dir='ltr'><strong>veniet,</strong></span> <span class='ocrx_word' id='word_1_764' title='bbox 1854 5385 1909 5433; x_wconf 87' lang='lat' dir='ltr'><strong>et</strong></span> <span class='ocrx_word' id='word_1_765' title='bbox 1952 5392 2063 5433; x_wconf 89' lang='lat' dir='ltr'><strong>non</strong></span> 
     </span>
    </p>
   </div>
   <div class='ocr_carea' id='block_1_99' title="bbox 492 5468 2064 5540">
    <p class='ocr_par' dir='ltr' id='par_1_99' title="bbox 492 5468 2064 5540">
     <span class='ocr_line' id='line_1_99' title="bbox 492 5468 2064 5540; baseline 0.001 -17"><span class='ocrx_word' id='word_1_766' title='bbox 492 5471 751 5526; x_wconf 87' lang='lat' dir='ltr'><strong>tardabit.</strong></span> <span class='ocrx_word' id='word_1_767' title='bbox 794 5470 987 5529; x_wconf 79' lang='lat' dir='ltr'><strong>Justus</strong></span> <span class='ocrx_word' id='word_1_768' title='bbox 1016 5482 1195 5527; x_wconf 87' lang='lat' dir='ltr'><strong>autem</strong></span> <span class='ocrx_word' id='word_1_769' title='bbox 1228 5487 1294 5527; x_wconf 86' lang='lat' dir='ltr'><strong>ex</strong></span> <span class='ocrx_word' id='word_1_770' title='bbox 1327 5468 1432 5526; x_wconf 86' lang='lat' dir='ltr'><strong>ﬁde</strong></span> <span class='ocrx_word' id='word_1_771' title='bbox 1462 5484 1582 5526; x_wconf 83' lang='lat' dir='ltr'><strong>mea</strong></span> <span class='ocrx_word' id='word_1_772' title='bbox 1614 5469 1800 5537; x_wconf 80' lang='lat' dir='ltr'><strong>vivet;</strong></span> <span class='ocrx_word' id='word_1_773' title='bbox 1834 5468 1982 5540; x_wconf 92' lang='lat' dir='ltr'><strong>quod</strong></span> <span class='ocrx_word' id='word_1_774' title='bbox 2016 5468 2064 5524; x_wconf 85' lang='lat' dir='ltr'><strong>si</strong></span> 
     </span>
    </p>
   </div>
   <div class='ocr_carea' id='block_1_100' title="bbox 493 5559 2061 5632">
    <p class='ocr_par' dir='ltr' id='par_1_100' title="bbox 493 5559 2061 5632">
     <span class='ocr_line' id='line_1_100' title="bbox 493 5559 2061 5632; baseline -0.001 -15"><span class='ocrx_word' id='word_1_775' title='bbox 493 5561 828 5617; x_wconf 79' lang='lat' dir='ltr'><strong>subtraxerit</strong></span> <span class='ocrx_word' id='word_1_776' title='bbox 860 5579 920 5619; x_wconf 91' lang='lat' dir='ltr'><strong>se</strong></span> <span class='ocrx_word' id='word_1_777' title='bbox 940 5603 955 5621; x_wconf 96' lang='lat'><strong>.</strong></span> <span class='ocrx_word' id='word_1_778' title='bbox 986 5578 1097 5618; x_wconf 87' lang='lat' dir='ltr'><strong>non</strong></span> <span class='ocrx_word' id='word_1_779' title='bbox 1132 5563 1271 5620; x_wconf 77' lang='lat' dir='ltr'><strong>bene</strong></span> <span class='ocrx_word' id='word_1_780' title='bbox 1299 5560 1407 5618; x_wconf 86' lang='lat' dir='ltr'><strong>sibi</strong></span> <span class='ocrx_word' id='word_1_781' title='bbox 1437 5560 1614 5632; x_wconf 88' lang='lat' dir='ltr'><strong>placet</strong></span> <span class='ocrx_word' id='word_1_782' title='bbox 1645 5560 1825 5615; x_wconf 79' lang='lat' dir='ltr'><strong>anima</strong></span> <span class='ocrx_word' id='word_1_783' title='bbox 1855 5575 1975 5616; x_wconf 91' lang='lat' dir='ltr'><strong>mea</strong></span> <span class='ocrx_word' id='word_1_784' title='bbox 2006 5559 2061 5615; x_wconf 86' lang='lat' dir='ltr'><strong>in</strong></span> 
     </span>
    </p>
   </div>
   <div class='ocr_carea' id='block_1_101' title="bbox 2163 4626 3750 4704">
    <p class='ocr_par' dir='ltr' id='par_1_101' title="bbox 2163 4626 3750 4704">
     <span class='ocr_line' id='line_1_101' title="bbox 2163 4626 3750 4704; baseline -0.007 -14"><span class='ocrx_word' id='word_1_785' title='bbox 2163 4636 2358 4702; x_wconf 81' lang='grc' dir='ltr'>αὑτὸν,</span> <span class='ocrx_word' id='word_1_786' title='bbox 2385 4635 2468 4688; x_wconf 81' lang='grc' dir='ltr'>ὅτι</span> <span class='ocrx_word' id='word_1_787' title='bbox 2500 4633 2792 4704; x_wconf 78' lang='grc' dir='ltr'>ἐρχόμενος</span> <span class='ocrx_word' id='word_1_788' title='bbox 2833 4630 2954 4702; x_wconf 80' lang='grc' dir='ltr'>ἥξει</span> <span class='ocrx_word' id='word_1_789' title='bbox 2973 4670 2989 4696; x_wconf 87' lang='grc'><strong>,</strong></span> <span class='ocrx_word' id='word_1_790' title='bbox 3024 4631 3119 4684; x_wconf 75' lang='grc' dir='ltr'>καὶ</span> <span class='ocrx_word' id='word_1_791' title='bbox 3149 4630 3210 4682; x_wconf 75' lang='grc' dir='ltr'><strong>οὐ</strong></span> <span class='ocrx_word' id='word_1_792' title='bbox 3246 4627 3518 4701; x_wconf 84' lang='grc' dir='ltr'>βραδυνεῖ.</span> <span class='ocrx_word' id='word_1_793' title='bbox 3551 4646 3570 4680; x_wconf 79' lang='grc' dir='ltr'><strong>ι</strong></span> <span class='ocrx_word' id='word_1_794' title='bbox 3605 4626 3750 4680; x_wconf 81' lang='grc' dir='ltr'><strong>Τού-</strong></span> 
     </span>
    </p>
   </div>
   <div class='ocr_carea' id='block_1_102' title="bbox 2163 4718 3748 4798">
    <p class='ocr_par' dir='ltr' id='par_1_102' title="bbox 2163 4718 3748 4798">
     <span class='ocr_line' id='line_1_102' title="bbox 2163 4718 3748 4798; baseline -0.006 -15"><span class='ocrx_word' id='word_1_795' title='bbox 2163 4746 2256 4783; x_wconf 89' lang='grc' dir='ltr'><strong>του</strong></span> <span class='ocrx_word' id='word_1_796' title='bbox 2292 4726 2351 4781; x_wconf 82' lang='grc' dir='ltr'>δὲ</span> <span class='ocrx_word' id='word_1_797' title='bbox 2385 4725 2656 4798; x_wconf 81' lang='grc' dir='ltr'>μέμνηται</span> <span class='ocrx_word' id='word_1_798' title='bbox 2685 4724 2779 4779; x_wconf 81' lang='grc' dir='ltr'>καὶ</span> <span class='ocrx_word' id='word_1_799' title='bbox 2811 4726 2846 4795; x_wconf 82' lang='grc' dir='ltr'>ἡ</span> <span class='ocrx_word' id='word_1_800' title='bbox 2870 4723 3008 4795; x_wconf 82' lang='grc' dir='ltr'>πρὸς</span> <span class='ocrx_word' id='word_1_801' title='bbox 3040 4720 3324 4794; x_wconf 77' lang='grc' dir='ltr'>Ἐϐραίους</span> <span class='ocrx_word' id='word_1_802' title='bbox 3357 4718 3647 4790; x_wconf 76' lang='grc' dir='ltr'>Ἐπιστολὴ</span> <span class='ocrx_word' id='word_1_803' title='bbox 3673 4718 3748 4774; x_wconf 77' lang='grc' dir='ltr'>δι’</span> 
     </span>
    </p>
   </div>
   <div class='ocr_carea' id='block_1_103' title="bbox 2165 4808 3745 4891">
    <p class='ocr_par' dir='ltr' id='par_1_103' title="bbox 2165 4808 3745 4891">
     <span class='ocr_line' id='line_1_103' title="bbox 2165 4808 3745 4891; baseline -0.007 -18"><span class='ocrx_word' id='word_1_804' title='bbox 2165 4812 2240 4874; x_wconf 83' lang='grc' dir='ltr'><strong>ὧν</strong></span> <span class='ocrx_word' id='word_1_805' title='bbox 2270 4834 2432 4891; x_wconf 68' lang='grc' dir='ltr'><strong>ιρησι⁹</strong></span> <span class='ocrx_word' id='word_1_806' title='bbox 2471 4836 2490 4868; x_wconf 75' lang='grc' dir='ltr'><strong>ι</strong></span> <span class='ocrx_word' id='word_1_807' title='bbox 2526 4814 2618 4886; x_wconf 84' lang='grc' dir='ltr'><strong>Μὴ</strong></span> <span class='ocrx_word' id='word_1_808' title='bbox 2651 4812 2961 4885; x_wconf 79' lang='grc' dir='ltr'>ἀποϐάλητε</span> <span class='ocrx_word' id='word_1_809' title='bbox 2984 4808 3075 4867; x_wconf 76' lang='grc' dir='ltr'>οὖν</span> <span class='ocrx_word' id='word_1_810' title='bbox 3099 4811 3197 4883; x_wconf 79' lang='grc' dir='ltr'>τὴν</span> <span class='ocrx_word' id='word_1_811' title='bbox 3222 4811 3532 4884; x_wconf 69' lang='grc' dir='ltr'>παρρησίαν</span> <span class='ocrx_word' id='word_1_812' title='bbox 3559 4810 3745 4882; x_wconf 84' lang='grc' dir='ltr'>ὑμῶν,</span> 
     </span>
    </p>
   </div>
   <div class='ocr_carea' id='block_1_104' title="bbox 2164 4902 3747 4983">
    <p class='ocr_par' dir='ltr' id='par_1_104' title="bbox 2164 4902 3747 4983">
     <span class='ocr_line' id='line_1_104' title="bbox 2164 4902 3747 4983; baseline -0.007 -17"><span class='ocrx_word' id='word_1_813' title='bbox 2164 4912 2286 4983; x_wconf 74' lang='grc' dir='ltr'>ἥτις</span> <span class='ocrx_word' id='word_1_814' title='bbox 2330 4910 2442 4983; x_wconf 77' lang='grc' dir='ltr'>ἔχει</span> <span class='ocrx_word' id='word_1_815' title='bbox 2491 4906 2732 4980; x_wconf 82' lang='grc' dir='ltr'>μεγάλην</span> <span class='ocrx_word' id='word_1_816' title='bbox 2785 4904 3223 4978; x_wconf 80' lang='grc' dir='ltr'>μισθαποδοσίαν.</span> <span class='ocrx_word' id='word_1_817' title='bbox 3273 4902 3585 4975; x_wconf 82' lang='grc' dir='ltr'>Ὑπομονῆς</span> <span class='ocrx_word' id='word_1_818' title='bbox 3632 4903 3747 4975; x_wconf 80' lang='grc' dir='ltr'>γὰρ</span> 
     </span>
    </p>
   </div>
   <div class='ocr_carea' id='block_1_105' title="bbox 2167 4994 3745 5077">
    <p class='ocr_par' dir='ltr' id='par_1_105' title="bbox 2167 4994 3745 5077">
     <span class='ocr_line' id='line_1_105' title="bbox 2167 4994 3745 5077; baseline -0.006 -18"><span class='ocrx_word' id='word_1_819' title='bbox 2167 5004 2320 5077; x_wconf 77' lang='grc' dir='ltr'>ἔχετε</span> <span class='ocrx_word' id='word_1_820' title='bbox 2347 5003 2535 5075; x_wconf 89' lang='grc' dir='ltr'>χρείαν</span> <span class='ocrx_word' id='word_1_821' title='bbox 2556 5041 2571 5067; x_wconf 91' lang='grc'><strong>,</strong></span> <span class='ocrx_word' id='word_1_822' title='bbox 2604 5001 2693 5055; x_wconf 82' lang='grc' dir='ltr'>ἴνα</span> <span class='ocrx_word' id='word_1_823' title='bbox 2711 5038 2726 5063; x_wconf 93' lang='grc'><strong>,</strong></span> <span class='ocrx_word' id='word_1_824' title='bbox 2755 4998 2816 5052; x_wconf 78' lang='grc' dir='ltr'>τὸ</span> <span class='ocrx_word' id='word_1_825' title='bbox 2844 4997 3055 5069; x_wconf 85' lang='grc' dir='ltr'>θέλημα</span> <span class='ocrx_word' id='word_1_826' title='bbox 3094 4994 3187 5051; x_wconf 83' lang='grc' dir='ltr'>τοῦ</span> <span class='ocrx_word' id='word_1_827' title='bbox 3210 4994 3348 5049; x_wconf 85' lang='grc' dir='ltr'>Θεοῦ</span> <span class='ocrx_word' id='word_1_828' title='bbox 3375 4997 3711 5068; x_wconf 78' lang='grc' dir='ltr'>ποιήσαντες</span> <span class='ocrx_word' id='word_1_829' title='bbox 3727 5039 3745 5062; x_wconf 85' lang='grc'><strong>,</strong></span> 
     </span>
    </p>
   </div>
   <div class='ocr_carea' id='block_1_106' title="bbox 2167 5089 3749 5170">
    <p class='ocr_par' dir='ltr' id='par_1_106' title="bbox 2167 5089 3749 5170">
     <span class='ocr_line' id='line_1_106' title="bbox 2167 5089 3749 5170; baseline -0.004 -18"><span class='ocrx_word' id='word_1_830' title='bbox 2167 5095 2465 5170; x_wconf 86' lang='grc' dir='ltr'>κομίσησθε</span> <span class='ocrx_word' id='word_1_831' title='bbox 2493 5094 2590 5165; x_wconf 83' lang='grc' dir='ltr'>τὴν</span> <span class='ocrx_word' id='word_1_832' title='bbox 2622 5091 2979 5162; x_wconf 60' lang='grc' dir='ltr'>ἐπαγγελίανε</span> <span class='ocrx_word' id='word_1_833' title='bbox 3008 5091 3130 5144; x_wconf 87' lang='grc' dir='ltr'>Ἔτι</span> <span class='ocrx_word' id='word_1_834' title='bbox 3166 5089 3276 5160; x_wconf 83' lang='grc' dir='ltr'>γὰρ</span> <span class='ocrx_word' id='word_1_835' title='bbox 3311 5089 3506 5162; x_wconf 81' lang='grc' dir='ltr'>μικρὸν</span> <span class='ocrx_word' id='word_1_836' title='bbox 3536 5091 3687 5156; x_wconf 82' lang='grc' dir='ltr'>ὅσον,</span> <span class='ocrx_word' id='word_1_837' title='bbox 3716 5092 3749 5146; x_wconf 82' lang='grc' dir='ltr'><strong>ό</strong></span> 
     </span>
    </p>
   </div>
   <div class='ocr_carea' id='block_1_107' title="bbox 2166 5179 3746 5262">
    <p class='ocr_par' dir='ltr' id='par_1_107' title="bbox 2166 5179 3746 5262">
     <span class='ocr_line' id='line_1_107' title="bbox 2166 5179 3746 5262; baseline -0.008 -19"><span class='ocrx_word' id='word_1_838' title='bbox 2166 5188 2460 5262; x_wconf 78' lang='grc' dir='ltr'>ἐρχόμενος</span> <span class='ocrx_word' id='word_1_839' title='bbox 2486 5184 2638 5256; x_wconf 79' lang='grc' dir='ltr'>ἥξει,</span> <span class='ocrx_word' id='word_1_840' title='bbox 2661 5183 2757 5237; x_wconf 75' lang='grc' dir='ltr'>καὶ</span> <span class='ocrx_word' id='word_1_841' title='bbox 2785 5183 2847 5237; x_wconf 83' lang='grc' dir='ltr'><strong>οὐ</strong></span> <span class='ocrx_word' id='word_1_842' title='bbox 2877 5182 3101 5254; x_wconf 81' lang='grc' dir='ltr'>χρονιεῖ.</span> <span class='ocrx_word' id='word_1_843' title='bbox 3146 5181 3203 5235; x_wconf 86' lang='lat'><strong>&#39;0</strong></span> <span class='ocrx_word' id='word_1_844' title='bbox 3226 5181 3284 5235; x_wconf 82' lang='grc' dir='ltr'>δὲ</span> <span class='ocrx_word' id='word_1_845' title='bbox 3314 5180 3522 5244; x_wconf 87' lang='grc' dir='ltr'>δίκαιος</span> <span class='ocrx_word' id='word_1_846' title='bbox 3550 5182 3619 5236; x_wconf 75' lang='grc' dir='ltr'><strong>ἐκ</strong></span> <span class='ocrx_word' id='word_1_847' title='bbox 3651 5179 3746 5235; x_wconf 65' lang='grc' dir='ltr'>πί-</span> 
     </span>
    </p>
   </div>
   <div class='ocr_carea' id='block_1_108' title="bbox 2171 5272 3745 5350">
    <p class='ocr_par' dir='ltr' id='par_1_108' title="bbox 2171 5272 3745 5350">
     <span class='ocr_line' id='line_1_108' title="bbox 2171 5272 3745 5350; baseline -0.004 -16"><span class='ocrx_word' id='word_1_848' title='bbox 2171 5279 2341 5344; x_wconf 85' lang='grc' dir='ltr'>στεώς</span> <span class='ocrx_word' id='word_1_849' title='bbox 2386 5295 2488 5350; x_wconf 85' lang='grc' dir='ltr'><strong>μου</strong></span> <span class='ocrx_word' id='word_1_850' title='bbox 2523 5277 2744 5349; x_wconf 81' lang='grc' dir='ltr'>ζήσεται</span> <span class='ocrx_word' id='word_1_851' title='bbox 2763 5292 2777 5305; x_wconf 90' lang='grc'>·</span> <span class='ocrx_word' id='word_1_852' title='bbox 2807 5275 2902 5328; x_wconf 78' lang='grc' dir='ltr'><strong>καὶ</strong></span> <span class='ocrx_word' id='word_1_853' title='bbox 2941 5272 3038 5328; x_wconf 81' lang='grc' dir='ltr'>ἐὰν</span> <span class='ocrx_word' id='word_1_854' title='bbox 3070 5272 3485 5346; x_wconf 79' lang='grc' dir='ltr'>ὑποστείληται,</span> <span class='ocrx_word' id='word_1_855' title='bbox 3515 5274 3622 5329; x_wconf 80' lang='grc' dir='ltr'>οὐκ</span> <span class='ocrx_word' id='word_1_856' title='bbox 3651 5273 3745 5327; x_wconf 77' lang='grc' dir='ltr'><strong>εὖ-</strong></span> 
     </span>
    </p>
   </div>
   <div class='ocr_carea' id='block_1_109' title="bbox 2166 5364 3747 5442">
    <p class='ocr_par' dir='ltr' id='par_1_109' title="bbox 2166 5364 3747 5442">
     <span class='ocr_line' id='line_1_109' title="bbox 2166 5364 3747 5442; baseline -0.002 -17"><span class='ocrx_word' id='word_1_857' title='bbox 2166 5371 2314 5425; x_wconf 86' lang='grc' dir='ltr'><strong>δοκεί</strong></span> <span class='ocrx_word' id='word_1_858' title='bbox 2348 5371 2384 5442; x_wconf 80' lang='grc' dir='ltr'>ἡ</span> <span class='ocrx_word' id='word_1_859' title='bbox 2419 5368 2563 5440; x_wconf 78' lang='grc' dir='ltr'>ψυχή</span> <span class='ocrx_word' id='word_1_860' title='bbox 2601 5383 2700 5438; x_wconf 88' lang='grc' dir='ltr'><strong>μου</strong></span> <span class='ocrx_word' id='word_1_861' title='bbox 2740 5368 2799 5420; x_wconf 85' lang='grc' dir='ltr'>ἐν</span> <span class='ocrx_word' id='word_1_862' title='bbox 2828 5364 2993 5436; x_wconf 79' lang='grc' dir='ltr'>αὐτῷ.</span> <span class='ocrx_word' id='word_1_863' title='bbox 3027 5384 3047 5417; x_wconf 76' lang='grc' dir='ltr'><strong>ι</strong></span> <span class='ocrx_word' id='word_1_864' title='bbox 3085 5365 3196 5419; x_wconf 75' lang='grc' dir='ltr'>Καὶ</span> <span class='ocrx_word' id='word_1_865' title='bbox 3226 5366 3330 5436; x_wconf 81' lang='grc' dir='ltr'><strong>ὅρα</strong></span> <span class='ocrx_word' id='word_1_866' title='bbox 3357 5383 3444 5435; x_wconf 86' lang='grc' dir='ltr'>γε,</span> <span class='ocrx_word' id='word_1_867' title='bbox 3472 5368 3628 5432; x_wconf 80' lang='grc' dir='ltr'>ὅπως</span> <span class='ocrx_word' id='word_1_868' title='bbox 3658 5366 3747 5422; x_wconf 78' lang='grc' dir='ltr'><strong>διὰ</strong></span> 
     </span>
    </p>
   </div>
   <div class='ocr_carea' id='block_1_110' title="bbox 2166 5459 3747 5533">
    <p class='ocr_par' dir='ltr' id='par_1_110' title="bbox 2166 5459 3747 5533">
     <span class='ocr_line' id='line_1_110' title="bbox 2166 5459 3747 5533; baseline -0.001 -14"><span class='ocrx_word' id='word_1_869' title='bbox 2166 5464 2371 5519; x_wconf 85' lang='grc' dir='ltr'>τούτων</span> <span class='ocrx_word' id='word_1_870' title='bbox 2401 5462 2627 5532; x_wconf 80' lang='grc' dir='ltr'>ἀσαφῶς</span> <span class='ocrx_word' id='word_1_871' title='bbox 2652 5461 2907 5533; x_wconf 82' lang='grc' dir='ltr'>κείμενον</span> <span class='ocrx_word' id='word_1_872' title='bbox 2934 5459 2995 5513; x_wconf 76' lang='grc' dir='ltr'>τὸ</span> <span class='ocrx_word' id='word_1_873' title='bbox 3025 5461 3382 5532; x_wconf 82' lang='grc' dir='ltr'>προφητικὸν,</span> <span class='ocrx_word' id='word_1_874' title='bbox 3410 5461 3502 5516; x_wconf 83' lang='grc' dir='ltr'>διὰ</span> <span class='ocrx_word' id='word_1_875' title='bbox 3528 5463 3594 5517; x_wconf 79' lang='grc' dir='ltr'>τὸ</span> <span class='ocrx_word' id='word_1_876' title='bbox 3621 5462 3747 5518; x_wconf 77' lang='grc' dir='ltr'>καθ’</span> 
     </span>
    </p>
   </div>
   <div class='ocr_carea' id='block_1_111' title="bbox 2169 5552 3747 5628">
    <p class='ocr_par' dir='ltr' id='par_1_111' title="bbox 2169 5552 3747 5628">
     <span class='ocr_line' id='line_1_111' title="bbox 2169 5552 3747 5628; baseline -0.002 -16"><span class='ocrx_word' id='word_1_877' title='bbox 2169 5555 2474 5628; x_wconf 77' lang='grc' dir='ltr'>όπερῦατὸν</span> <span class='ocrx_word' id='word_1_878' title='bbox 2521 5554 2803 5628; x_wconf 75' lang='grc' dir='ltr'>εἰρῆσθαι,</span> <span class='ocrx_word' id='word_1_879' title='bbox 2851 5553 2943 5605; x_wconf 77' lang='grc' dir='ltr'><strong>ἐπὶ</strong></span> <span class='ocrx_word' id='word_1_880' title='bbox 2967 5552 3028 5605; x_wconf 85' lang='grc' dir='ltr'><strong>τὸ</strong></span> <span class='ocrx_word' id='word_1_881' title='bbox 3057 5553 3444 5627; x_wconf 74' lang='grc' dir='ltr'>σαφέστερονή</span> <span class='ocrx_word' id='word_1_882' title='bbox 3481 5555 3747 5627; x_wconf 68' lang='grc' dir='ltr'>ἐπιστολὴ</span> 
     </span>
    </p>
   </div>
   <div class='ocr_carea' id='block_1_112' title="bbox 556 5770 2057 5852">
    <p class='ocr_par' dir='ltr' id='par_1_112' title="bbox 556 5770 2057 5852">
     <span class='ocr_line' id='line_1_112' title="bbox 556 5770 2057 5852; baseline -0.001 -14"><span class='ocrx_word' id='word_1_883' title='bbox 556 5770 600 5802; x_wconf 86' lang='grc'><strong><em>⁶⁹</em></strong></span> <span class='ocrx_word' id='word_1_884' title='bbox 651 5781 815 5838; x_wconf 73' lang='lat' dir='ltr'><strong>Mich.</strong></span> <span class='ocrx_word' id='word_1_885' title='bbox 845 5799 917 5849; x_wconf 70' lang='lat' dir='ltr'><strong>vr,</strong></span> <span class='ocrx_word' id='word_1_886' title='bbox 950 5782 1068 5839; x_wconf 83' lang='lat'><strong>6-8.</strong></span> <span class='ocrx_word' id='word_1_887' title='bbox 1145 5785 1192 5817; x_wconf 77' lang='grc' dir='ltr'><strong>τ’</strong></span> <span class='ocrx_word' id='word_1_888' title='bbox 1222 5781 1425 5841; x_wconf 82' lang='lat' dir='ltr'><strong>Habac.</strong></span> <span class='ocrx_word' id='word_1_889' title='bbox 1458 5800 1517 5852; x_wconf 84' lang='grc' dir='ltr'><strong>ιι,</strong></span> <span class='ocrx_word' id='word_1_890' title='bbox 1545 5783 1655 5840; x_wconf 71' lang='lat'><strong>2-4.</strong></span> <span class='ocrx_word' id='word_1_891' title='bbox 1731 5785 1773 5818; x_wconf 84' lang='lat'><strong>&quot;</strong></span> <span class='ocrx_word' id='word_1_892' title='bbox 1802 5781 1948 5839; x_wconf 87' lang='lat' dir='ltr'><strong>Psal.</strong></span> <span class='ocrx_word' id='word_1_893' title='bbox 1975 5797 2057 5838; x_wconf 61' lang='lat' dir='ltr'><strong>cxi</strong></span> 
     </span>
    </p>
   </div>
   <div class='ocr_carea' id='block_1_113' title="bbox 2161 5770 3318 5852">
    <p class='ocr_par' dir='ltr' id='par_1_113' title="bbox 2161 5779 3318 5851">
     <span class='ocr_line' id='line_1_113' title="bbox 2161 5779 3318 5851; baseline 0 -13"><span class='ocrx_word' id='word_1_894' title='bbox 2161 5781 2231 5838; x_wconf 75' lang='lat'><strong>‘26</strong></span> <span class='ocrx_word' id='word_1_895' title='bbox 2326 5783 2371 5815; x_wconf 79' lang='grc'><strong>⁷⁸</strong></span> <span class='ocrx_word' id='word_1_896' title='bbox 2400 5781 2563 5838; x_wconf 86' lang='lat' dir='ltr'><strong>Zach.</strong></span> <span class='ocrx_word' id='word_1_897' title='bbox 2595 5798 2668 5849; x_wconf 77' lang='lat' dir='ltr'><strong>vn,</strong></span> <span class='ocrx_word' id='word_1_898' title='bbox 2702 5782 2787 5839; x_wconf 79' lang='lat' dir='ltr'><strong>l2.</strong></span> <span class='ocrx_word' id='word_1_899' title='bbox 2862 5783 2907 5815; x_wconf 82' lang='lat'>&quot;</span> <span class='ocrx_word' id='word_1_900' title='bbox 2936 5779 3139 5838; x_wconf 79' lang='lat' dir='ltr'><strong>Hahae.</strong></span> <span class='ocrx_word' id='word_1_901' title='bbox 3180 5799 3240 5851; x_wconf 89' lang='grc' dir='ltr'><strong>ιι,</strong></span> <span class='ocrx_word' id='word_1_902' title='bbox 3266 5784 3318 5839; x_wconf 77' lang='grc'><strong>5.</strong></span> 
     </span>
    </p>
   </div>
  </div>
