3916 6200
221 317 286 372 Η
301 318 316 370 Ι

1129 319 1778 378 DEMONSTRATIONIS
1815 323 2272 380 EVANGELICAE
2313 323 2442 378 LIB.
2479 323 2570 380 Vl.

3359 329 3464 382 ΜΞ

211 439 508 510 διείληφεν,
551 439 612 490 Ἦ
645 439 742 508 μὲν
773 441 880 510 γὰρ
907 441 1005 512 τῆς
1027 443 1354 512 προφητείας
1377 443 1542 508 λέξις,
1573 465 1590 496 ι
1613 447 1673 498 ’Θ
1703 448 1766 516 ἐρ

1895 461 1960 501 co
1989 445 2058 500 ⁷⁵.
2097 465 2114 498 ι
2147 445 2220 500 Et‘
2267 461 2398 502 sane
2455 453 2677 516 specta,
2731 443 3186 516 quemadmodum
3237 451 3383 516 quod
3431 463 3462 502 a

211 531 469 600 χύμενος,
501 549 520 580 ι
553 529 736 599 φησιν,
774 549 790 580 ι
823 531 938 602 ἥξει
959 572 972 596 ,
997 533 1091 585 καὶ
1118 533 1176 586 οὑ
1209 534 1464 602 χρονίσει.
1501 555 1518 586 ι
1547 537 1658 588 Καὶ
1679 537 1798 590 ἐπι-

211 623 406 692 φέρει·
444 641 462 674 ι
503 621 628 674 Ἐὰν
649 623 1182 694 ὑποστείληται,οὑκ
1215 625 1424 680 εὑδοκεί
1451 629 1483 698 ἡ
1515 627 1658 698 ψυχή
1691 645 1794 698 μου

207 717 270 770 ἐν
297 717 468 788 αὐτῷ,
501 737 518 768 ι
550 719 684 788 ὅπερ
721 719 1140 790 συναπτόμενον,
1165 721 1458 788 ἀνάγεσθαι
1493 721 1694 788 δόξειεν
1728 721 1794 775 ἂν

207 809 306 862 ἐπὶ
355 809 448 862 τὸν
487 810 814 880 ἐρχόμενον,
848 811 942 864 καὶ
991 813 1050 864 οὑ
1086 813 1399 884 χρονίζοντα
1421 854 1434 875 ,
1467 815 1602 884 ὅπερ
1647 815 1792 868 ἐστὶν

205 903 434 956 ἄτοπον.
469 903 596 966 Πῶς
623 902 731 974 γὰρ
777 905 862 956 ἐπ’
905 905 1110 959 ἐκεῖνον
1155 909 1384 980 ἁρμόσει
1435 909 1494 961 τὸ
1538 909 1790 978 λέγεσθαι

207 993 288 1064 μὴ
321 993 560 1048 εὑδοκεῖν
587 997 644 1048 ἐν
677 995 825 1067 αὑτῷ
847 996 936 1050 τὸν
971 997 1101 1051 Θεὸν
1123 1017 1136 1064 ;
1157 999 1296 1053 Ἀλλ’
1319 1003 1351 1072 ἡ
1378 1001 1476 1072 τῆς
1505 1002 1790 1072 διαστολῆς

205 1087 514 1159 παράθεσις
543 1087 880 1152 ἐναλλάξασα
913 1089 1008 1162 τὴν
1038 1091 1132 1144 τοῦ
1173 1093 1330 1162 λόγου
1381 1094 1650 1162 σύνταξιν,
1691 1095 1788 1166 τὴν

199 1179 448 1232 διάνοιαν
481 1179 742 1234 ἐσώσατο.
777 1181 932 1234 Μετὰ
957 1181 1066 1256 γὰρ
1087 1185 1168 1248 τὺ,
1207 1203 1226 1236 ι
1259 1187 1376 1239 Ἔτι
1416 1187 1608 1258 μικρὸν
1641 1189 1782 1252 ὅσον,

197 1271 232 1322 ὁ
261 1271 558 1340 ἐρχόμενος
585 1270 724 1340 ἣξει,
761 1273 852 1324 καὶ
875 1273 934 1324 οὑ
971 1275 1238 1346 χρονίσει,
1273 1295 1290 1326 ι
1317 1275 1442 1346 ἑξῆς
1469 1277 1670 1347 συνῆψε
1701 1277 1782 1340 τὸ,

205 1379 228 1412 ι
272 1361 336 1414 Ὀ
359 1361 414 1414 δὲ
441 1361 644 1424 δίκαιος
677 1363 740 1414 ἐκ
779 1361 1013 1426 πίστεως
1043 1365 1286 1435 ζήσεται.
1315 1385 1332 1416 ι
1373 1361 1504 1418 Εἶτα
1533 1365 1592 1418 τὸ
1626 1367 1683 1420 ἐν
1715 1369 1781 1438 τῇ

199 1451 518 1524 προφητείᾳ
539 1451 752 1524 πρῶτον
775 1453 1044 1524 κείμενον,
1075 1453 1306 1520 ὑπέταξε
1333 1456 1594 1530 δεύτερον·
1607 1459 1662 1510 ἐν
1682 1457 1778 1528 τῷ,

203 1561 226 1594 ς
261 1543 378 1596 Καὶ
407 1541 500 1596 ἐὰν
534 1543 945 1614 ὑποστείληται,
979 1547 1078 1598 οὑκ
1125 1547 1332 1612 εὐδοκεῖ
1363 1549 1395 1620 ἡ
1427 1549 1570 1622 ψυχή
1599 1567 1698 1620 μου
1723 1551 1780 1602 ἐν

195 1633 378 1704 αὐτῷ.
417 1655 440 1686 ι
479 1634 656 1700 ’Ᾱπαξ
687 1635 794 1708 γὰρ
826 1637 1090 1702 θεσπίσας
1127 1639 1157 1690 ὁ
1195 1637 1350 1708 λόγος
1379 1639 1465 1693 διὰ
1499 1641 1596 1712 τῆς
1649 1659 1780 1712 προ-

199 1728 464 1800 φητείας,
499 1729 578 1780 ὅτι
605 1727 668 1802 δὴ
699 1729 758 1782 τὺ
785 1729 900 1798 φῶς
933 1730 993 1784 τὸ
1027 1733 1160 1784 πᾶσι
1202 1734 1314 1796 τοῖς
1352 1731 1557 1786 ἔθνεσιν
1601 1735 1774 1804 ἐπηγ-

1897 539 2166 608 propbeta
2215 537 2506 592 obscurius
2545 537 2782 608 positum
2825 545 2938 602 cst,
2989 545 3276 608 propterea
3313 539 3458 609 quod

1895 645 1992 698 per
2027 629 2398 700 traiectionem
2435 631 2705 700 prolatum
2741 629 2833 692 sit,
2873 629 3118 698 Epistula
3150 629 3206 684 in
3235 645 3457 684 sensum

1895 722 2194 792 planiorem
2225 721 2606 786 transtulerit;
2643 721 2810 774 verba
2851 721 2998 776 enim
3039 721 3338 792 prophetiae
3375 722 3456 778 sic

1891 809 2093 866 habent
2129 829 2141 866 :
2179 829 2198 862 α
2231 811 2472 867 Veniens
2501 812 2710 876 veniet,
2745 821 2796 866 ct
2829 827 2940 867 non
2975 813 3319 880 morabitur;
3353 831 3370 864 ι
3403 821 3458 868 et

1891 901 2138 974 adjungit
2165 923 2180 958 :
2213 921 2232 954 ι
2267 901 2324 958 Si
2359 901 2694 958 subtraxerit
2721 919 2810 966 se,
2843 919 2952 958 non
2983 904 3120 959 bene
3149 905 3252 960 sibi
3279 905 3458 974 placet

1893 997 2076 1050 anima
2107 1011 2224 1052 mea
2259 995 2312 1049 in
2345 1009 2432 1050 eo.
2465 1015 2484 1047 ι
2511 993 2664 1060 Quod
2697 997 2914 1060 quidem
2957 997 3084 1050 dum
3119 997 3190 1051 ita
3227 998 3456 1068 conjun-

1885 1087 2049 1156 gitur,
2087 1087 2244 1141 facile
2277 1087 2626 1142 referendum
2661 1103 2784 1142 esse
2818 1089 3070 1143 videatur
3101 1089 3168 1143 ad
3201 1105 3322 1144 eum
3359 1091 3452 1160 qui

1884 1189 2148 1234 venturus
2174 1187 2256 1234 est
2275 1219 2290 1244 ,
2320 1187 2375 1234 et
2403 1195 2512 1234 non
2541 1179 2846 1234 morabitur
2871 1199 2884 1248 ;
2919 1187 2974 1234 at
3003 1181 3054 1235 id
3082 1169 3298 1250 quidem
3331 1197 3454 1252 per-

1884 1287 2046 1344 quam
2091 1273 2410 1328 absurdum.
2451 1271 2554 1340 Qui
2595 1275 2738 1328 enim
2781 1273 2898 1328 ﬁeri
2939 1283 3114 1344 potest
3155 1283 3213 1328 ut
3249 1275 3326 1330 illi
3359 1291 3452 1330 ac-

1883 1363 2262 1418 commodetur
2297 1364 2444 1435 quod
2483 1365 2704 1428 dicitur,
2747 1379 2858 1418 non
2897 1365 3112 1434 placere
3149 1365 3252 1418 sibi
3293 1364 3346 1418 in
3385 1381 3454 1422 eo

1881 1455 2118 1510 animam
2149 1471 2304 1512 suam
2323 1497 2338 1520 ,
2367 1457 2412 1510 si
2441 1455 2508 1511 de
2535 1455 2644 1510 Deo
2677 1455 2746 1510 sit
2781 1455 3006 1510 sermo?
3035 1453 3143 1510 Sed
3171 1455 3450 1510 distinctio

1879 1563 1999 1618 qua:
2029 1549 2274 1618 apposita
2305 1557 2387 1605 est
2410 1589 2424 1612 ,
2457 1563 2582 1604 cum
2625 1547 2916 1602 verborum
2964 1554 3298 1604 structuram
3329 1563 3452 1602 mu-

1879 1639 2075 1694 taverit
2095 1678 2110 1704 ,
2139 1655 2362 1696 sensum
2392 1643 2754 1697 conservavit.
2787 1639 2920 1694 Nam
2954 1647 3078 1710 post
3107 1640 3236 1694 illud
3263 1657 3274 1694 :
3302 1659 3322 1691 ι
3347 1639 3451 1694 Ad-

1879 1729 1985 1784 huc
2023 1729 2296 1785 modicum
2338 1731 2878 1802 aliquantulumque,
2919 1729 3014 1799 qui
3061 1737 3324 1783 venturus
3365 1736 3450 1784 est

197 1819 490 1889 γελμένον,
529 1818 616 1874 διὰ
649 1819 748 1890 τῆς
779 1821 1020 1892 Χριστοῦ
1065 1823 1367 1894 παρουσίας
1407 1823 1502 1894 aee
1532 1842 1660 1878 ποτε
1685 1825 1768 1879 καὶ

1875 1823 2082 1886 veniet,
2119 1829 2174 1878 et
2201 1839 2310 1878 non
2343 1795 2615 1888 tardabit,
2649 1841 2668 1876 ι
2697 1795 2956 1876 continuo
2987 1811 3234 1890 adiunxit
3269 1821 3444 1878 illud:

199 1911 442 1982 sar-ipa;
485 1911 774 1978 ἅνατελεῖ,
829 1913 924 1967 καὶ
963 1913 1024 1966 οὐ
1061 1914 1404 1986 διαψεύσεται
1459 1915 1632 1986 (οὕτω
1669 1915 1776 1988 γὰρ

197 2001 320 2054 ἀντὶ
351 2001 470 2066 τοῦ,
505 2021 522 2054 ι
557 2001 650 2056 καὶ
683 2003 780 2056 οὑκ
817 2006 896 2068 εἰς
921 2005 1098 2066 κενὸν,
1135 2023 1153 2056 ι
1191 2006 1220 2058 ὁ
1253 2005 1481 2068 Ἀκύλας
1507 2007 1778 2076 ἡρμήνευ-

197 2097 310 2164 σεν)
335 2113 347 2126 ·
389 2095 582 2148 ἔπειτα
607 2095 694 2150 διὰ
725 2095 786 2148 τὸ
817 2095 1030 2166 μέλλειν
1057 2097 1154 2167 ὀψὲ
1175 2097 1268 2150 καὶ
1295 2096 1531 2168 ἑσπέρας
1559 2095 1774 2148 ἔσεσθαι

197 2187 292 2258 τὴν
313 2187 408 2240 τοῦ
432 2187 902 2258 προφητευομένου
929 2187 1250 2256 παρουσίαν,
1267 2189 1345 2250 εἰς
1371 2185 1646 2258 ὑπομονὴν
1673 2201 1776 2240 πα-

199 2279 508 2352 ρακαλέσας
523 2279 610 2333 διὰ
623 2277 740 2345 τοῦ,
753 2299 770 2330 ι
795 2279 918 2334 Ἐὰν
938 2281 1232 2350 ὑστερήσῃ,
1250 2277 1540 2349 ὑπόμεινον
1557 2277 1736 2338 αὑτὸν,
1749 2295 1768 2328 ι

197 2373 230 2442 ἦ
261 2393 278 2424 ‹
311 2373 408 2426 ἐὰν
453 2371 696 2444 μελλὴσῃ
747 2371 1042 2445 προσδέχου
1081 2371 1244 2425 αὑτόν
1264 2387 1278 2402 ·
1324 2371 1404 2424 ὅτι
1435 2371 1462 2422 ὁ
1485 2371 1774 2440 ἐρχόμενος

199 2465 312 2536 ἥξει
353 2467 452 2520 καὶ
493 2467 554 2518 οὐ
615 2465 690 2538 μὴ
742 2465 1008 2538 χρονίσῃ,
1051 2484 1068 2516 ι
1133 2463 1226 2517 ἐπὶ
1287 2461 1384 2534 τὴν
1449 2461 1630 2515 πίστιν
1675 2461 1774 2532 τῆς

199 2560 552 2632 πῳῤῥήσεως
593 2557 686 2610 τὸν
729 2557 1002 2629 ἀκροατὴν
1047 2557 1304 2628 παρορμᾷ
1341 2555 1554 2624 λέγων·
1615 2555 1672 2608 '0
1707 2555 1770 2626 δὴ

189 2651 404 2714 τούτοις
433 2649 702 2704 πιστεύων
725 2687 738 2714 ,
785 2649 844 2715 ἐξ
873 2649 1042 2720 αὑτῆς
1089 2649 1186 2720 τῆς
1221 2649 1454 2711 πίστεως
1495 2645 1656 2700 αὑτοῦ
1695 2645 1772 2698 δί-

187 2759 350 2806 καιος
379 2741 716 2814 ἀναδειχθεὶς
737 2781 752 2806 ,
783 2742 878 2813 τὴν
912 2741 1052 2794 κατὰ
1081 2739 1213 2794 Θεὸν
1245 2741 1468 2813 ζήσεται
1498 2739 1642 2812 ζωήν
1661 2757 1674 2770 ·
1695 2739 1770 2804 ὡς

187 2835 428 2906 ἔμπαλιν
449 2837 478 2888 ὁ
503 2833 766 2898 ἀπιστῶν,
791 2835 848 2887 ἐν
869 2827 948 2896 οἷς
969 2833 1346 2904 ὑποστείληται
1371 2831 1446 2904 μὴ
1470 2831 1766 2904 θαρσήσας,

189 2927 330 2998 μηδέ
349 2927 719 2996 ἐμπιστεύσας
739 2929 850 2990 τοῖς
871 2925 1200 2998 εἰρημένοις,
1215 2928 1314 2979 οὑκ
1341 2926 1550 2978 εὐδοκεῖ
1571 2927 1602 2994 ἡ
1623 2925 1764 2996 ψυχή

189 3035 296 3088 μου
329 3019 388 3070 ἐν
419 3017 586 3089 αὑτῷ.
627 3017 836 3071 Οὐκοῦν
885 3019 976 3070 καὶ
1009 3017 1160 3084 αὐτοὶ
1188 3017 1397 3081 τούτοις
1427 3015 1762 3079 ἀκολούθως,

185 3109 580 3175 ἐκδαὶᾶιὰξαντες
605 3111 666 3162 τὸ
693 3109 906 3181 πρῶτον
937 3109 1162 3182 ὕστερον
1181 3151 1194 3175 ,
1233 3111 1325 3164 καὶ
1362 3109 1682 3180 μεταθέντες
1706 3107 1765 3160 τὸ

1881 1929 1900 1963 ι
1935 1911 2126 1968 Justus
2167 1921 2346 1970 autem
2387 1929 2454 1968 ex
2495 1913 2600 1968 ﬁde
2636 1913 2802 1976 vivet,
2835 1933 2854 1964 ι
2889 1911 3094 1968 Deinde
3131 1913 3260 1966 illud
3299 1909 3446 1982 quod

1875 2003 1931 2058 in
1971 2005 2259 2074 prophetia
2307 2005 2544 2076 primum
2583 2007 2818 2076 positum
2867 2015 2983 2070 est,
3035 2005 3277 2062 secundo
3323 2005 3448 2062 loco

1863 2095 2138 2170 subjecit,
2189 2097 2278 2151 ubi
2333 2097 2447 2150 ait:
2481 2117 2500 2149 ‹
2529 2097 2686 2162 Quod
2729 2097 2776 2150 si
2822 2097 3152 2152 subtraxerit
3199 2112 3285 2162 se,
3333 2113 3444 2152 non

1873 2187 2010 2244 bene
2061 2189 2164 2244 sibi
2201 2189 2378 2258 placet
2407 2189 2588 2243 anima
2618 2203 2736 2244 mea
2771 2187 2826 2242 in
2853 2203 2938 2242 eo.
2971 2207 2988 2240 ι
3012 2187 3146 2242 Cum
3181 2189 3324 2244 enim
3355 2203 3448 2244 se-

1871 2280 1976 2334 mel
2011 2279 2292 2334 oraculum
2327 2295 2422 2350 per
2451 2281 2624 2350 ipsam
2657 2279 2998 2350 prephctiam
3031 2279 3332 2344 cecinerit,
3365 2280 3446 2334 lu-

1871 2389 1988 2428 cem
2021 2373 2276 2428 omnibus
2311 2373 2638 2442 promissam
2681 2372 2935 2440 gentibus
2973 2387 3070 2440 per
3101 2369 3302 2425 Christi
3343 2371 3442 2426 ad-

1871 2473 2090 2520 ventum
2112 2465 2404 2536 aliquando
2429 2465 2643 2520 tandem
2671 2473 2724 2520 et
2747 2465 2810 2520 ad
2837 2477 3122 2534 vesperum
3151 2463 3438 2528 oriturum,

1869 2563 1922 2610 et
1950 2571 2062 2610 non
2103 2555 2489 2612 frustraturam
2549 2557 2652 2626 (sic
2699 2557 2844 2612 enim
2896 2571 2997 2626 pro
3039 2569 3104 2610 eo
3153 2555 3436 2624 quodest,

1875 2665 1896 2698 ι
1927 2655 1982 2702 et
2029 2663 2139 2702 non
2189 2649 2244 2702 in
2291 2663 2532 2712 vanum,
2565 2668 2584 2700 ι
2613 2648 2810 2718 Aquila
2855 2655 2940 2702 est
2987 2647 3435 2716 interpretatus);

1867 2737 2065 2794 deinde
2113 2739 2260 2809 quod
2311 2755 2436 2795 sero
2479 2745 2534 2794 et
2585 2739 2654 2793 ad
2703 2753 2988 2808 vesperum
3037 2735 3256 2792 futurus
3293 2743 3438 2792 esset

1867 2829 2018 2898 ejus,
2065 2829 2132 2884 de
2180 2843 2290 2900 quo
2333 2827 2618 2898 prophetia
2659 2829 2922 2897 loquitur,
2973 2827 3270 2892 adventus,
3315 2827 3437 2882 ideo
3481 2819 3486 2824 ’

1866 2921 1974 2976 illis
2020 2921 2206 2976 verbis
2231 2961 2245 2986 ,
2279 2939 2298 2972 ι
2333 2919 2388 2975 Si
2419 2921 2632 2976 tardius
2665 2919 2876 2986 veniet,
2911 2925 3166 2990 exspecta
3197 2919 3380 2983 illum,
3409 2937 3432 2971 ι

1866 3011 1968 3074 vel,
1999 3029 2016 3062 ι
2042 3012 2088 3068 si
2109 3011 2482 3074 cunctabitur,
2511 3011 2696 3081 accipe
2721 3011 2868 3066 illum
2893 3029 2908 3078 ;
2933 3011 3190 3080 quoniam
3209 3011 3436 3065 veniens

1865 3103 2078 3168 veniet,
2105 3113 2158 3156 et
2181 3117 2290 3158 non
2315 3103 2592 3166 tardabit,
2625 3121 2644 3154 )
2673 3101 2738 3156 ad
2763 3101 3076 3172 patientiam
3103 3115 3305 3158 vocans
3337 3115 3436 3155 au—

183 3201 322 3256 ὓστε
331 3219 420 3274 ρον
449 3203 540 3276 ἐπι
560 3203 620 3256 τὸ
643 3201 878 3274 πρῶτον,
905 3201 1149 3274 σώσομεν
1169 3203 1259 3255 τὸν
1281 3201 1404 3256 νοῦν
1427 3201 1526 3272 τῆς
1546 3199 1762 3266 λέξεως,

1875 3165 2092 3250 ditorem
2115 3235 2129 3260 ,
2161 3201 2222 3248 ut
2245 3195 2505 3249 vaticinio
2533 3165 2690 3250 ﬁdem
2724 3165 3008 3260 adhibeat,
3041 3193 3314 3258 hortatur,
3349 3193 3436 3248 di-

187 3293 334 3364 μετὰ
359 3293 452 3358 τὸ,
489 3313 506 3344 ι
539 3295 656 3348 Ὅτι
683 3297 710 3348 ὁ
743 3295 1032 3366 ἐρχόμενος
1065 3293 1203 3366 ἥξει,
1239 3295 1332 3352 καὶ
1362 3295 1420 3347 οὑ
1443 3293 1711 3366 χρονίσει,
1743 3310 1760 3342 ι

183 3385 312 3439 καθ’
341 3385 646 3457 ὑπερϐατὸν
676 3387 1036 3450 συνάπτοντες
1062 3387 1122 3440 τὸ
1145 3427 1158 3452 ,
1199 3407 1216 3438 ε
1259 3388 1316 3440 Ὁ
1345 3385 1402 3438 δέ
1430 3385 1634 3452 δίκαιός
1665 3401 1764 3455 μου

183 3477 252 3528 ἐκ
303 3475 538 3538 πίστεως
585 3474 844 3546 ζήσεται,
885 3494 902 3526 ι
931 3475 1024 3527 καὶ
1059 3473 1234 3545 τούτῳ
1279 3473 1620 3540 ἐπιλέγοντες
1663 3469 1760 3534 τὸ,

187 3589 208 3618 ι
257 3569 386 3620 Ἐὰν
427 3567 842 3639 ὑποστείληται,
889 3567 992 3620 οὑκ
1031 3567 1244 3620 εὐδοκεῖ
1285 3567 1318 3636 ἠ
1361 3563 1506 3635 ψυχή
1544 3581 1645 3634 μου
1704 3563 1761 3616 ἐν

183 3659 356 3730 αὑτῷ.
381 3679 396 3710 ι
423 3659 606 3730 Ταύτῃ
631 3660 688 3712 δέ
717 3661 812 3712 καὶ
833 3661 860 3712 ὁ
895 3657 1126 3722 Ἀκύλας
1156 3660 1222 3728 τῇ
1251 3655 1458 3727 διανοίᾳ
1481 3653 1762 3726 συντρέχει

181 3753 360 3820 λέγων
387 3767 399 3780 ·
430 3770 448 3802 ι
491 3751 614 3804 Ἐὰν
651 3751 890 3822 μελλήσῃ
919 3791 932 3814 ,
965 3749 1259 3822 προσδέχου
1291 3747 1474 3810 αὑτὸν,
1503 3747 1584 3800 ὅτι
1609 3745 1764 3816 ἐρχό-

185 3859 351 3912 μενος
381 3839 690 3906 ἐλεύσεται,
717 3841 812 3894 καὶ
843 3841 902 3892 οὐ
931 3839 1182 3912 βραδυνεῖ
1201 3857 1214 3870 ο
1259 3839 1364 3891 ἰδοὺ
1393 3835 1760 3908 νωχελευομέ-

179 3951 300 3996 νου,
335 3933 437 3985 οὑκ
469 3931 650 3985 εὐθεῖα
681 3933 713 4002 ἡ
738 3931 882 4002 ψυχή
921 3947 1020 4004 μου
1057 3933 1114 3984 ἐν
1145 3929 1312 4000 αὑτῷ,
1341 3927 1434 3980 καὶ
1465 3929 1670 3990 δίκαιος
1702 3927 1760 3978 ἐν

179 4025 370 4078 πίστει
403 4023 567 4078 αὑτοῦ
595 4024 834 4096 ζήσεται.
873 4043 892 4075 ι

1861 3301 1990 3341 cens
2010 3325 2025 3350 ,
2057 3289 2182 3342 eum
2209 3285 2304 3356 qui
2333 3287 2418 3340 his
2449 3287 2614 3340 rebus
2643 3285 2970 3352 crediderit,
2999 3285 3092 3338 ubi
3123 3301 3188 3338 ex
3221 3299 3318 3339 sua
3349 3283 3432 3356 ip-

1861 3381 1976 3436 sius
2019 3379 2122 3434 ﬁde
2163 3379 2347 3454 justus
2389 3379 2702 3434 declaratus
2735 3377 2936 3436 fuerit,
2969 3376 3136 3432 vitam
3165 3389 3286 3446 quae
3321 3375 3430 3430 Deo

1859 3471 2088 3540 placeat,
2121 3469 2412 3532 victurum,
2449 3469 2592 3524 sicut
2617 3479 2654 3524 'e
2709 3469 3008 3531 contrario,
3041 3466 3132 3538 qui
3173 3481 3280 3520 non
3310 3481 3432 3520 creo

1857 3561 2084 3626 diderit,
2133 3561 2224 3614 ubi
2260 3559 2592 3616 subtraxerit
2634 3573 2730 3622 se,
2777 3573 2886 3614 non
2928 3555 3212 3612 conﬁdens
3251 3571 3428 3627 neque

1859 3651 2088 3706 credens
2117 3649 2204 3706 his
2235 3665 2356 3720 quae
2383 3649 2528 3704 dicta
2563 3655 2726 3713 sunt,
2761 3647 3004 3700 futurum
3049 3655 3108 3700 ut
3151 3661 3258 3700 non
3291 3647 3428 3701 bene

1859 3741 1962 3796 sibi
1987 3743 2200 3811 placeat
2223 3741 2402 3794 anima
2432 3739 2486 3792 in
2509 3753 2594 3794 eo.
2623 3731 2764 3808 Ergo
2785 3752 2888 3792 nos
2917 3751 3138 3806 quoque
3163 3741 3280 3806 ipsa
3311 3737 3426 3790 haec

1857 3843 2180 3904 sequentes,
2227 3833 2274 3887 si
2315 3829 2830 3887 commutaverimus
2875 3829 2952 3882 ita
2997 3837 3058 3882 ut
3093 3828 3236 3898 quod
3273 3828 3426 3898 prius

1855 3931 1972 3988 est,
2007 3923 2314 3992 posterius,
2343 3919 2490 3992 quod
2529 3935 2660 3976 vero
2704 3919 2980 3989 posterius
3013 3927 3132 3983 est,
3181 3919 3422 3972 transla-

1855 4023 1970 4070 tum
2019 4016 2173 4084 prius
2215 4013 2517 4078 faciamus,
2553 4027 2776 4068 sensum
2819 4013 3110 4068 verborum
3153 4011 3422 4080 integrum

179 4121 672 4176 conservabimus:
709 4119 790 4175 sic
821 4120 964 4174 enim
999 4125 1124 4190 post
1167 4115 1320 4184 illud,
1357 4135 1374 4167 ‹
1406 4115 1674 4182 Quoniam
1717 4113 1944 4168 veniens
1969 4111 2148 4165 veniet
2177 4116 2230 4164 et
2259 4125 2368 4164 non
2397 4107 2720 4172 morabitur,
2743 4125 2760 4159 ι
2799 4107 2982 4162 statim
3033 4105 3422 4176 subjungemus

177 4215 342 4280 illud,
373 4233 390 4266 ι
417 4212 608 4271 Justus
641 4223 818 4272 autem
843 4231 998 4271 meus
1019 4231 1086 4270 ex
1127 4213 1232 4268 ﬁde
1266 4213 1441 4276 vivet,
1473 4231 1492 4262 ›
1521 4221 1574 4266 et
1613 4209 1741 4264 huic
1777 4207 1881 4278 ipsi
1907 4215 2291 4263 connectemus
2313 4205 2444 4260 illud
2465 4243 2478 4268 ,
2499 4223 2518 4256 ι
2545 4201 2602 4258 Si
2626 4203 2956 4258 subtraxerit
3005 4217 3084 4266 se,
3133 4215 3240 4254 non
3287 4199 3422 4254 bene

179 4310 290 4365 sibi
317 4310 496 4380 placet
524 4311 704 4364 anima
731 4325 854 4367 mea
880 4325 934 4364 in
965 4325 1051 4366 eo.
1087 4329 1106 4362 ι
1139 4309 1304 4380 278
1329 4305 1464 4362 Cum
1495 4306 1596 4360 hoc
1623 4319 1752 4361 vero
1789 4317 1956 4359 sensu
1989 4303 2154 4358 etiam
2180 4301 2376 4372 Aquila
2405 4300 2702 4356 concordat
2739 4299 2930 4354 dicens
2959 4317 2974 4352 ε
3003 4315 3022 4350 ‹
3088 4297 3144 4350 Si
3195 4301 3422 4350 cuncta-

177 4405 338 4462 bitur
365 4405 551 4476 accipe
581 4407 734 4460 illum
753 4445 770 4472 ,
799 4407 1056 4477 quoniam
1087 4405 1310 4460 veniens
1339 4403 1519 4460 veniet
1549 4411 1602 4457 et
1629 4415 1740 4455 non
1779 4399 2054 4466 tardabit;
2087 4411 2216 4453 ecce
2247 4397 2294 4452 si
2331 4397 2520 4452 tardus
2549 4395 2658 4462 sit,
2715 4409 2826 4448 non
2883 4399 3034 4449 recta
3067 4391 3248 4446 anima
3301 4401 3422 4444 mea

179 4503 240 4558 in
275 4516 380 4566 eo,
413 4509 468 4556 et
493 4501 680 4572 justus
711 4519 780 4558 ex
815 4503 918 4558 ﬁde
953 4501 1128 4572 ipsius
1161 4501 1323 4556 vivet.
1358 4519 1377 4552 ι

695 4615 1092 4670 ΚΕΦΑΛΑΙΟΝ
1130 4617 1232 4670 ΙΕ¹.

190 4727 328 4807 Ἆπῤ
367 4727 474 4807 toi;
501 4727 802 4807 abroﬁk—
835 4727 1248 4807 '0c_é:_t_/soq60c
1277 4728 1328 4807 vi
1369 4699 1500 4807 {regi
1539 4725 1650 4807 τῆς
1681 4727 1752 4792 ἐξ

245 4797 520 4864 οῠιῖοανῶιν⁹
555 4797 814 4852 καθόδου
859 4801 964 4854 τοῦ
993 4799 1214 4866 Κυρίου
1257 4797 1408 4864 ἀκοὴ
1451 4797 1744 4866 τυγχάνει,

245 4867 350 4922 καὶ
383 4869 534 4936 μετὰ
577 4867 926 4936 ἐκπλήξεως
953 4869 1026 4922 τὰ
1051 4869 1194 4936 ἔργα
1223 4867 1431 4936 αὐτοῦ,
1471 4867 1744 4934 ἐλθόντος

245 4885 350 4922 καί
383 4885 534 4937 μετα
577 4885 926 4936 exanimato;-
953 4885 1026 4922 τα
1051 4885 1194 4938 εργα
1223 4885 1431 4930 αυτου,
1471 4885 1750 4934 ενιυοντος

243 4955 314 4990 τε
343 4937 529 5010 αὑτοῦ
581 4941 620 5008 ἠ
651 4941 944 5010 σύμπασα
979 4937 1054 5008 γῆ
1091 4937 1202 5010 τῆς
1238 4935 1522 5010 αἰνέσεως
1567 4939 1753 5010 αὐτοῦ

247 5005 699 5075 πλησθήσεται,
733 5005 790 5062 ’ὅ
829 5009 894 5062 τέ
937 5005 1001 5078 τε
1043 5005 1161 5076 τῆς
1189 5007 1414 5075 Καινῆς
1455 5005 1746 5078 Atad-13x1“;

243 5079 438 5158 αὐεοῦ
487 5080 660 5148 λόγος
709 5083 798 5146 εἰς
839 5077 1070 5144 πάντας
1121 5079 1470 5147 ἀνθρώπους
1518 5077 1746 5147 διαδρα-

241 5165 458 5218 parat.

251 5283 272 5316 ι
303 5261 494 5334 Κύριε,
529 5262 826 5334 εισακήκοα
855 5261 954 5334 τὴν
979 5263 1148 5334 ἀκοήν
1177 5279 1294 5328 σου,
1328 5263 1422 5316 καὶ
1453 5263 1742 5336 ἐφοϐήθην.

177 5355 372 5427 Κύριε,
425 5354 724 5424 κατενόησα
773 5351 842 5408 τὰ
887 5353 1026 5424 ἔργα
1079 5371 1194 5420 σου,
1241 5355 1334 5408 καὶ
1389 5353 1608 5424 ἐξέστην
1633 5371 1646 5384 ·
1689 5355 1746 5407 ἐν

181 5447 328 5519 μέσῳ
356 5445 450 5500 δύο
483 5443 636 5510 ζωῶν
679 5445 986 5520 γνωσθήσῃ·
1033 5445 1092 5500 ἐν
1129 5446 1206 5517 τῷ
1245 5445 1482 5514 ἐγγίζειν
1519 5445 1588 5499 τὰ
1626 5445 1742 5517 ἐτη,

179 5537 588 5610 ἐπιγνωσθήσῃο
629 5539 690 5590 ἐν
725 5537 804 5610 τῷ
833 5541 1084 5610 παρεῖναι
1126 5538 1217 5592 τὸν
1251 5537 1460 5610 καιρὸν,
1523 5531 1738 5584 ἀναδει-

179 5629 554 5706 χθὴση’ἐντῷ
589 5627 924 5700 ταραχθῆναι
969 5629 1066 5700 τὴν
1109 5629 1288 5701 ψυχήν
1329 5649 1430 5702 μου
1475 5631 1534 5684 ἐν
1583 5629 1742 5702 ὀργῇ,

247 5787 292 5820 τι
323 5785 490 5844 Hebr.
515 5799 572 5852 κ,
589 5783 776 5840 55-58.

2447 4599 2674 4656 CAPUT
2712 4597 2828 4652 XV.

1859 4719 1938 4774 Ab
1973 4718 2170 4774 eodem.
2191 4743 2262 4756 -ο
2285 4712 2437 4778 Quod
2495 4711 2742 4766 terribilis
2787 4711 2862 4765 sit
2893 4709 3106 4764 auditus
3141 4709 3418 4764 descensus

1931 4789 2142 4844 Domini
2175 4787 2236 4840 de
2267 4785 2424 4845 cwlo,
2461 4793 2508 4836 et
2539 4783 2682 4851 facta
2717 4781 2864 4834 illius
2895 4799 3010 4834 cum
3043 4781 3413 4842 admiratione,

1929 4861 2164 4930 quodque
2213 4855 2482 4930 eumipsa
2525 4853 3220 4930 verteritjuiniuerusaterra
3251 4852 3416 4930 ipsius

1931 4921 2090 4982 [aude
2117 4921 2478 4994 complebitur,
2513 4933 2562 4976 et
2593 4921 2730 4976 Neri
2761 4921 2924 4994 ipsius
2957 4921 3272 4975 Testamenti
3307 4935 3414 4974 ver-

1929 5001 2050 5052 bum
2081 4999 2150 5052 ad
2179 4991 2354 5050 omnes
2383 4993 2616 5049 homines
2645 4991 2958 5060 penetrabit.

1925 5281 1944 5314 σ
1975 5259 2218 5326 Domine,
2255 5256 2438 5312 audivi
2469 5253 2798 5310 auditionem
2832 5257 3006 5312 tuam,
3037 5255 3088 5303 et
3121 5245 3296 5302 timui.
3327 5243 3414 5300 ln-

1846 5355 2026 5410 tellexi
2060 5367 2226 5424 Opera
2259 5359 2350 5404 tua
2373 5389 2388 5416 ,
2430 5357 2486 5404 et
2525 5343 2780 5414 obstupui
2815 5361 2828 5396 :
2871 5343 2928 5396 in
2969 5341 3148 5396 medio
3181 5339 3412 5394 duarum

1845 5447 2086 5502 vitarum
2125 5441 2507 5516 cognosceris,
2537 5439 2668 5494 dum
2697 5435 2828 5490 anni
2869 5432 3410 5506 apprepinquabunt,

1847 5543 2011 5594 notus
2050 5535 2180 5604 ﬁes,
2213 5533 2344 5590 dum
2383 5531 2558 5588 aderit
2595 5533 2812 5600 tempus
2851 5525 3233 5580 declaraberis.
3273 5523 3410 5576 Dum

1851 5629 2174 5702 perturbata
2212 5626 2374 5682 fuerit
2413 5623 2594 5679 anima
2633 5637 2758 5681 mea
2785 5618 2844 5676 in
2877 5635 2992 5684 ira,
3021 5615 3416 5672 misericordiae
