3916 6200
524 290 689 350 ιιδ·

1195 290 1467 349 EUSEBII
1503 290 1987 351 CESARIENSIS
2024 292 2176 352 OPP.
2217 292 2397 349 PARS
2429 246 2496 350 il.
2532 323 2601 333 —
2636 290 3131 348 APOLOGETICA.

3658 290 3754 353 ιιι

527 422 738 465 memor
769 406 898 461 eris.
933 403 1076 460 Deus
1105 402 1174 459 de
1201 402 1411 459 Thama
1443 404 1658 470 veniet,
1685 411 1742 461 et
1771 414 1997 464 sanctus
2028 406 2075 462 de

2197 404 2380 469 ἐλέους
2429 402 2733 476 μνησθήσῃ.
2790 403 2845 457 '0
2885 401 3018 466 Θεὸς
3062 404 3128 456 ἐκ
3167 399 3382 472 Θαιμάν
3423 401 3565 473 ἡξει,
3610 403 3699 456 καὶ
3729 406 3757 458 6

529 507 713 554 monte
737 496 998 552 umbroso
1023 494 1227 550 denso:
1252 496 1536 566 cooperuit
1559 496 1730 552 coelos
1753 497 1928 553 virtus
1949 497 2090 567 ejus,

525 601 582 647 et
608 590 763 645 laude
781 588 900 659 ejus
921 588 1080 659 plena
1098 594 1183 643 est
1204 593 1381 653 terra,
1407 596 1462 643 et
1489 588 1749 658 splendor
1774 589 1895 659 ejus
1923 596 1981 643 ut
2010 589 2095 644 lu-

525 684 650 735 men
681 678 807 734 erit.
842 678 1060 734 Cornua
1090 676 1149 732 in
1177 677 1434 734 manibus
1464 678 1584 748 ejus
1604 722 1619 746 ,
1656 685 1711 734 et
1743 681 1931 749 posuit
1957 679 2093 735 diie—

523 774 760 828 ctionem
812 771 1007 827 fortem
1044 772 1257 843 roboris
1296 772 1382 828 sui
1409 791 1422 827 :
1456 779 1584 828 ante
1616 772 1809 827 faciem
1838 772 1960 843 ejus
1991 772 2092 827 ibit

523 864 761 922 Verbum
782 905 799 932 ,
842 873 897 920 et
936 865 1248 936 egredietur
1290 864 1347 919 in
1390 879 1613 935 campos
1644 864 1714 920 ".
1747 883 1765 916 ι
1792 878 1916 920 cum
1944 864 2090 919 enim

523 954 641 1026 ipse
673 955 916 1025 seipsum
950 955 1194 1010 audisset
1222 955 1487 1026 propheta
1520 966 1744 1013 sanctus
1764 997 1781 1022 ,
1814 972 1879 1012 ac
1907 959 2090 1028 potius

520 1046 768 1102 divinum
793 1048 887 1117 qui
914 1048 1092 1117 ipsum
1122 1046 1337 1103 amabat
1358 1090 1374 1116 ,
1403 1049 1605 1120 quique
1632 1050 1688 1104 in
1716 1051 1837 1122 ipso
1860 1052 2091 1107 canebat

523 1136 789 1209 Spiritum
809 1179 826 1202 ,
852 1137 919 1193 de
943 1154 1010 1194 eo
1031 1137 1098 1194 de
1123 1154 1233 1210 quo
1263 1140 1381 1210 ipsa
1407 1142 1689 1212 prophetia
1715 1142 1977 1214 loquitur,
2005 1143 2089 1199 di-

518 1244 730 1287 centem
763 1250 776 1286 :
809 1249 827 1283 ι
858 1228 1015 1298 Quod
1044 1231 1272 1287 veniens
1304 1234 1485 1290 veniet
1514 1244 1571 1289 et
1614 1250 1725 1290 non
1760 1236 2086 1302 morabitur,

512 1321 701 1393 justus
735 1331 919 1378 autem
947 1338 1012 1378 ex
1042 1323 1150 1379 [ide
1179 1338 1299 1379 mea
1327 1323 1472 1381 vivet
1499 1324 1567 1389 ⁷⁸,
1601 1345 1620 1378 ι
1650 1340 1885 1396 cumque
1911 1326 2090 1382 credi-

516 1416 690 1474 discet
717 1417 870 1472 illum
893 1433 1017 1474 esse
1041 1418 1253 1488 justum
1282 1418 1528 1482 oraculo,
1558 1418 1614 1473 in
1643 1418 1729 1475 his
1755 1418 1938 1475 verbis
1967 1433 2088 1489 qua:

518 1523 668 1565 nunc
712 1511 769 1565 in
809 1510 1068 1566 manibus
1109 1518 1273 1575 sunt,
1314 1510 1391 1565 ita
1418 1510 1531 1566 ait:
1562 1528 1581 1563 ι
1614 1509 1872 1577 Domine,
1903 1511 2085 1568 audivi

452 1648 458 1655 .
515 1601 850 1658 auditionem
884 1609 1033 1656 tuam
1060 1609 1115 1657 et
1144 1602 1340 1671 timui,
1369 1622 1388 1655 ι
1413 1610 1468 1659 et
1496 1618 1618 1673 qua:
1658 1612 1999 1674 sequuntur;
2030 1604 2084 1659 in

2195 497 2349 565 ἅγιος
2374 495 2434 563 ἐξ
2472 492 2631 568 ὅρους
2666 495 2984 557 κατασκίου,
3018 492 3230 558 δασέος.
3271 492 3570 564 Ἑκάλυψεν
3600 495 3756 565 οὐρα⁴

2193 588 2315 651 νοὺς
2350 588 2382 658 ή
2412 585 2582 658 ἀρετὴ
2612 584 2797 651 αὐτοῦ,
2827 586 2922 639 καὶ
2951 584 3053 655 τῆς
3077 583 3337 648 αἰνέσεως
3358 582 3523 637 αὑτοῦ
3553 584 3757 657 πλήρης

2192 677 2326 750 θὶγῆ
2347 695 2361 708 '
2406 678 2500 731 καὶ
2536 677 2736 747 φέγγος
2773 674 2935 730 αὑτοῦ
2975 675 3048 741 ὡς
3083 676 3198 746 φῶς
3231 674 3405 732 ἔσται.
3454 676 3674 748 Κέρατα
3703 679 3757 730 ἐν

2191 769 2377 843 χερσὶν
2418 768 2603 834 αὑτοῦ,
2643 769 2738 823 καὶ
2782 768 2933 822 ἔθετο
2973 768 3246 839 ἀγάπησιν
3278 767 3538 839 κραταιὰν
3578 767 3759 839 ἰσχύος

2191 863 2378 918 αὐτοῦ.
2420 862 2534 934 Πρὸ
2557 860 2846 935 προσώπου
2886 859 3049 915 αὐτοῦ
3098 858 3534 933 προπορεύσεται
3574 860 3757 928 λόγος,

2193 961 2286 1011 καὶ
2323 953 2663 1022 ἐξελεύσεται
2716 955 2795 1018 είς
2843 952 3020 1008 πεδία.
3064 972 3084 1006 ι
3133 953 3474 1018 Ἐπακούσας
3505 952 3564 1007 δέ
3601 953 3759 1018 αὐτῆς

2190 1045 2407 1110 ἑαυτοῦ,
2437 1045 2633 1118 μᾶλλον
2659 1045 2716 1099 δὲ
2740 1044 2834 1099 τοῦ
2867 1044 3193 1117 ἐμπνέοντος
3225 1046 3319 1098 καὶ
3360 1044 3760 1111 ἐνθεσπίζοντος

2189 1139 2247 1191 ἐν
2269 1138 2417 1210 αὑτῷ
2439 1137 2584 1193 θείου
2613 1137 2949 1209 Πνεύματος,
2968 1139 2997 1192 6
3027 1136 3168 1209 ἱερὸς
3196 1138 3482 1209 προφήτης
3512 1138 3645 1211 περὶ
3676 1139 3757 1192 τοι]

2191 1230 2669 1302 προφητευομένου
2722 1230 3016 1301 φήσαντος,
3058 1229 3161 1292 ὅτι,
3207 1228 3576 1300 «Ἐρχόμενος
3618 1227 3757 1299 ἣξει,

2188 1321 2282 1375 καὶ
2331 1321 2390 1374 οὐ
2435 1319 2509 1391 μὴ
2551 1320 2807 1392 χρονίσγγ
2852 1321 2882 1373 6
2922 1318 2978 1372 δέ
3018 1317 3223 1382 δίκαιος
3266 1318 3331 1371 ἐκ
3377 1315 3616 1380 πίστεώς
3668 1335 3757 1389 μου

2187 1411 2364 1484 ζήσει,
2392 1431 2411 1465 ι
2438 1412 2735 1477 πιστεύσας
2778 1429 2839 1466 τε
2881 1411 2957 1476 ὡς
2997 1410 3205 1474 δίκαιος
3244 1408 3323 1481 τῷ
3375 1407 3639 1482 χρησμιῖι,
3682 1408 3759 1462 δίά

2185 1505 2293 1558 τῶν
2342 1504 2481 1576 μετά
2535 1504 2724 1577 χεῖράς
2776 1516 2947 1575 φησι·
3002 1523 3020 1556 ι
3050 1502 3253 1575 Κύριε,
3306 1503 3611 1574 είσακήκοα
3673 1502 3758 1573 τὴν

2186 1599 2356 1670 ἀκοήν
2407 1613 2525 1662 σου,
2576 1596 2670 1652 καὶ
2721 1595 3014 1669 ἐφοϐήθην,
3046 1614 3064 1647 ι
3112 1594 3209 1649 καί.
3253 1594 3323 1648 τά
3375 1591 3541 1664 ἐξῆς’
3585 1587 3761 1647 δι’ὧν

513 1693 717 1764 quibus
742 1691 1191 1750 manifestissime
1220 1692 1390 1749 Deum
1421 1694 1489 1750 ad
1518 1695 1768 1751 homines
1793 1703 2075 1752 venturum

2188 1689 2374 1758 σαφῶς
2414 1689 2549 1744 Θεὸν
2592 1691 2672 1753 είς
2699 1687 3020 1761 ἀνθρώπους
3051 1686 3202 1758 ἥξειν
3237 1684 3625 1756 καταγγέλλει.
3672 1685 3760 1749 τίς

511 1759 818 1843 denuntiat.
851 1786 988 1852 Quis
1016 1802 1147 1843 vero
1177 1788 1319 1843 alius
1353 1788 1444 1843 hic
1478 1788 1553 1844 sit
1580 1788 1675 1859 qui
1707 1787 1838 1844 olim
1872 1803 2075 1860 cogno-

2183 1778 2240 1832 δὲ
2284 1778 2350 1832 ἂν
2394 1773 2546 1843 οὗτος
2586 1780 2672 1849 εἴη
2712 1780 2742 1833 6
2775 1759 2943 1832 πάλαι
2983 1775 3410 1850 γνωριζόμενος,
3444 1775 3681 1847 ὕστερον
3705 1775 3757 1829 δέ

510 1885 776 1947 sceretur,
807 1888 861 1935 et
889 1888 1012 1951 post
1037 1880 1332 1952 aliquando
1358 1881 1488 1936 dum
1514 1881 1645 1936 anni
1679 1882 2084 1953 appropinqua-

509 1972 683 2038 bunt,
712 1979 859 2029 esset
890 1973 1275 2044 agnoscendus
1293 2017 1308 2039 ,
1339 1980 1394 2029 et
1422 1988 1519 2044 per
1547 1972 1603 2028 id
1632 1979 1848 2044 tempus
1875 1973 1943 2029 de
1972 1990 2082 2044 quo

506 2063 792 2134 prophetia
813 2063 1075 2135 loquitur,
1100 2063 1462 2121 declarandus
1487 2083 1501 2119 :
1527 2065 1653 2137 quis
1671 2103 1685 2129 ,
1707 2064 1929 2136 inquam
1945 2105 1961 2131 ,
1991 2065 2081 2121 hic

507 2154 580 2208 sit
606 2154 770 2226 279
812 2156 921 2211 nisi
943 2156 1033 2212 ille
1073 2156 1190 2227 ipse
1216 2157 1310 2227 qui
1348 2163 1505 2212 antea
1520 2156 1698 2213 dictus
1731 2166 1816 2213 est
1844 2156 2080 2213 universi

505 2241 810 2301 Dominus?
840 2248 935 2317 qui
975 2247 1139 2303 etiam
1172 2247 1275 2302 hoc
1307 2247 1662 2318 comprobato
1705 2247 1985 2313 vaticinio,
2023 2248 2077 2303 in

504 2341 981 2397 consummatione
1001 2341 1323 2396 saeculorum
1352 2341 1427 2396 ita
1451 2342 1734 2397 nuntiatus
1760 2348 1846 2397 est
1865 2357 1929 2396 ac
1951 2356 2081 2412 prae-

502 2429 738 2497 dicatus,
791 2438 853 2487 ut
896 2447 1087 2489 omnes
1132 2432 1382 2488 homines
1425 2431 1786 2488 exaudierint.
1840 2431 2079 2502 Hujusce

500 2519 670 2591 igitur
695 2537 780 2585 ea,
810 2538 931 2593 quae
970 2523 1145 2592 palam
1180 2523 1235 2577 in
1266 2523 1440 2579 sacris
1470 2521 1777 2593 Evangeliis
1803 2521 2076 2592 descripta

501 2618 651 2673 sunt,
685 2609 849 2678 facta,
896 2612 1144 2681 corporis
1175 2611 1444 2676 videlicet,
1494 2613 1643 2682 quod
1681 2611 1979 2682 assumpsit
2010 2612 2078 2667 de

500 2697 725 2771 Virgine
767 2703 1193 2771 generationem,
1245 2702 1372 2757 item
1402 2700 1857 2771 quemadmodum
1891 2718 1912 2753 ι
1951 2716 2076 2756 cum

499 2797 648 2845 esset
677 2789 733 2844 in
763 2788 937 2845 forma
965 2790 1081 2855 Dei,
1116 2805 1225 2846 non
1254 2790 1501 2862 rapinam
1527 2790 1826 2846 arbitratus
1852 2798 2077 2847 estesse

501 2896 563 2938 se
595 2883 857 2953 aqualem
905 2882 1038 2948 Deo,
1070 2883 1167 2940 sed
1216 2884 1456 2954 seipsum
1504 2882 1806 2938 exinanivit
1842 2881 2075 2939 formam

497 2975 644 3030 servi
666 2975 938 3045 accipiens
959 2977 1003 3008 "
1025 2994 1079 3043 »;
1129 2984 1387 3046 praeterea
1403 2991 1523 3046 qua:
1539 2975 1800 3031 miracula
1816 2976 1870 3031 in
1899 2976 2075 3032 homi-

2183 1886 2310 1923 ποτε
2356 1872 2414 1925 ἐν
2453 1870 2533 1942 τῷ
2573 1869 2811 1940 ἐγγίζειν
2869 1868 2940 1923 τά
2982 1868 3077 1941 ἔτη
3131 1867 3583 1939 γνωσθησόμενος
3604 1907 3622 1931 ,
3675 1868 3758 1921 καὶ

2180 1963 2321 2018 κατά
2354 1963 2446 2017 τὸν
2478 1962 2951 2036 προφητευόμενον
2978 1962 3166 2035 χρόνον
3205 1960 3756 2031 ἀναδειχθησόμενος,

2178 2056 2211 2128 ἢ
2236 2058 2265 2110 6
2298 2055 2461 2120 αὐτὸς
2486 2056 2689 2120 ἐκεῖνος
2710 2057 2740 2110 6
2767 2054 3133 2127 προδηλωθεὶς
3174 2053 3424 2127 δεύτερος
3467 2052 3580 2106 τῶν
3628 2054 3757 2107 ὅλων

2179 2147 2401 2219 Κύριος,
2435 2147 2463 2201 6
2493 2147 2588 2200 καὶ
2631 2148 2698 2218 τῇ
2734 2146 3035 2219 προρρήσει
3080 2143 3407 2210 ἀκολούθως,
3442 2145 3539 2197 ἐπὶ
3570 2160 3758 2197 συντε-

2177 2238 2295 2312 λείᾳ
2344 2237 2450 2293 τῶν
2493 2237 2723 2303 αἰώνων,
2754 2239 2835 2302 είς
2876 2236 3199 2303 ἐξάκουστον
3239 2239 3404 2291 πᾶσιν
3448 2234 3760 2309 ἀνθρώποις

2178 2330 2472 2404 κηρυχθείς
2495 2346 2511 2396 ;
2540 2328 2743 2384 Τούτου
2778 2330 2843 2402 δὴ
2874 2326 2967 2384 οὖν
2994 2328 3064 2383 τά
3087 2329 3407 2402 ἀνάγραπτα
3428 2330 3487 2381 ἐν
3518 2331 3637 2390 τοῖς
3680 2331 3759 2380 ἰε-

2179 2427 2291 2496 ροίς
2318 2422 2671 2494 Εὐαγγελίοις
2701 2423 2856 2496 ἔργα,
2878 2423 2977 2495 τὴν
3004 2422 3068 2476 ἐκ
3094 2420 3370 2494 Παρθένου
3398 2420 3665 2491 δηλονότι,
3694 2414 3759 2473 οὗ

2175 2516 2429 2588 ἀνείληφε
2454 2516 2703 2587 σκήνους,
2747 2515 2978 2585 γένεσιν.
3014 2516 3108 2570 καὶ
3136 2534 3154 2567 ι
3184 2514 3260 2579 ὡς
3286 2515 3344 2568 ἐν
3389 2515 3568 2585 μορψῇ
3612 2512 3758 2567 Θεοῦ

2176 2607 2454 2680 ὑπάρχων,
2489 2608 2588 2678 οὐχ
2616 2605 2908 2679 ἁρπαγμὸν
2933 2608 3177 2680 ἡγήσατο
3216 2607 3279 2660 τὸ
3317 2601 3452 2660 εἶναι
3481 2601 3581 2659 ῐσα
3608 2605 3751 2677 Θεῷ,

2174 2699 2308 2754 ἀλλά
2339 2699 2527 2755 ἑαυτὸν
2562 2700 3042 2773 ἐκένωσεμορφὴν
3063 2698 3248 2753 δούλου
3280 2698 3481 2763 λαϐὼν,
3513 2717 3533 2750 ι
3568 2699 3675 2762 τάς
3698 2715 3755 2752 τε

2175 2793 2611 2858 ἐπιτελεσθείσας
2637 2794 2785 2866 αὐτῷ
2819 2796 2899 2859 είς
2931 2792 3246 2867 ἀνθρώπους
3274 2791 3752 2865 παραδοξοποιῖας,

2174 2887 2269 2941 καὶ
2319 2886 2388 2940 τὰ
2438 2889 2559 2941 κατ’
2589 2886 2755 2942 αὐτοῦ
2814 2904 2879 2955 γε
2938 2886 3314 2959 τετολμημένα
3366 2885 3445 2957 τῷ
3484 2886 3755 2940 Ἰουδαίων

2174 2975 2335 3043 ἔθνει,
2370 2981 2483 3043 τοῖς
2529 2978 2628 3050 τῆς
2674 2977 2850 3050 ψυχῆς
2897 2977 3190 3050 ὀφθαλμοῖς
3232 2976 3545 3050 προλαϐὼν,
3584 2979 3659 3031 τά
3698 2994 3754 3031 τε

499 3066 663 3122 nibus
705 3067 906 3139 degens
928 3067 1179 3133 ediderit,
1210 3084 1313 3125 nec
1337 3083 1447 3123 non
1483 3082 1841 3139 quaecumque
1881 3075 2072 3125 contra

2176 3070 2436 3140 μέλλοντα
2468 3070 2839 3142 συμϐήσεσθαι
2866 3069 3303 3143 κεκαθαρμέναις
3338 3071 3464 3133 ταῖς
3496 3070 3755 3134 διανοίαις

498 3158 678 3228 ipsum
709 3173 843 3214 ausa
874 3167 959 3215 est
981 3156 1211 3214 Judaica
1245 3174 1402 3231 gens,
1430 3161 1636 3225 omnia,
1665 3160 1913 3232 inquam,
1956 3161 2072 3217 haec

494 3256 552 3307 et
591 3250 699 3305 alia
729 3251 927 3306 similia
949 3251 1040 3308 his
1064 3267 1190 3307 cum
1243 3252 1440 3308 anima:
1485 3252 1666 3309 oculis
1714 3252 2070 3324 providisset,

495 3357 727 3413 quaeque
782 3351 1044 3398 eventura
1068 3344 1123 3398 in
1151 3351 1429 3413 posterum
1472 3344 1959 3414 exspectabantur,
1985 3343 2073 3399 di-

496 3434 625 3489 vino
650 3433 858 3505 Spiritu
885 3433 1138 3499 docente,
1162 3434 1551 3506 purgatissima
1574 3435 1927 3509 intelligentia
1951 3450 2074 3505 per-

497 3526 755 3597 cepisset,
786 3542 855 3583 ex
886 3527 956 3584 iis
986 3542 1108 3598 qua:
1158 3527 1261 3584 hoc
1306 3528 1469 3584 modo
1498 3527 1767 3592 audierat,
1791 3542 1852 3584 se
1879 3527 2072 3583 obstu-

494 3617 684 3688 puisse
716 3631 781 3672 ac
813 3617 1067 3674 timuisse
1097 3616 1299 3673 fatetur
1332 3616 1620 3688 propheta,
1650 3616 1841 3672 dicens
1875 3634 1888 3670 :
1921 3634 1939 3666 ι
1971 3614 2073 3671 Do-

494 3713 663 3778 mine,
697 3710 880 3767 audivi
900 3711 1235 3767 auditionem
1265 3720 1434 3778 tuam,
1479 3719 1535 3768 et
1569 3710 1726 3765 timui
1759 3730 1773 3766 :
1820 3709 2069 3777 Domine,

494 3804 740 3861 intellexi
789 3820 957 3876 opera
987 3812 1102 3872 tua,
1147 3812 1203 3862 et
1226 3805 1507 3876 obstupui.
1541 3824 1562 3858 ι
1596 3802 1845 3859 Salvator
1889 3812 2069 3860 autem

493 3911 560 3953 ac
596 3896 863 3957 Dominus
896 3909 1104 3962 noster,
1134 3899 1314 3970 ipsum
1332 3899 1518 3968 utique
1548 3898 1653 3953 hoc
1684 3896 1779 3952 Dei
1800 3893 2065 3960 Verbum,

492 3991 550 4045 in
572 3990 753 4046 medio
782 3990 1016 4047 duarum
1052 3990 1289 4046 vitarum
1326 3991 1579 4062 cognitus
1626 3997 1732 4046 est.
1762 3987 1881 4044 Non
1920 3989 2067 4045 enim

491 4081 719 4137 duorum
744 4082 1059 4137 animalium
1086 4091 1170 4139 est
1196 4083 1508 4152 legendum,
1543 4081 1640 4138 sed
1681 4081 1909 4136 duarum
1930 4082 2069 4136 vita-

492 4191 633 4230 rum.
694 4173 936 4230 Duarum
971 4189 1102 4246 ergo
1132 4173 1392 4238 vitatum,
1426 4174 1625 4244 inquit,
1686 4173 1923 4230 medium
1969 4188 2067 4228 co-

493 4266 803 4338 gnosceris.
836 4264 973 4321 Cum
994 4265 1140 4322 enim
1172 4280 1281 4320 una
1311 4266 1611 4321 secundum
1643 4264 1813 4322 Deum
1838 4266 1911 4321 sit
1933 4264 2064 4332 vita,

491 4366 548 4413 et
568 4358 740 4412 altera
766 4360 1069 4413 secundum
1100 4357 1398 4423 hominem,
1424 4358 1588 4412 etilla
1612 4357 1834 4429 quidem
1862 4363 2068 4414 morta-

2173 3162 2325 3236 παρά
2355 3162 2448 3217 τοῦ
2473 3162 2812 3228 διδάσκοντος
2833 3163 2993 3217 αὑτὸν
3023 3163 3167 3218 θείου
3191 3163 3508 3235 Πνεύματος
3540 3162 3751 3235 μαθὼν,

2172 3256 2433 3327 ἐκστῆναι
2469 3258 2498 3309 6
2533 3256 2817 3328 προφήτης
2842 3255 2935 3308 ἐπὶ
2970 3258 3084 3319 τοῖς
3111 3254 3424 3310 ἀκουσθεῑσι
3456 3256 3556 3309 καὶ
3584 3272 3752 3325 πετρο-

2172 3347 2369 3419 ϐἧσθαι
2399 3347 2670 3419 ὁμολογεῖ,
2717 3348 2971 3417 φάσκων·
3019 3366 3038 3399 ι
3066 3346 3260 3419 Κύριε,
3307 3348 3618 3420 είσακήκοα
3662 3347 3753 3419 τὴν

2171 3439 2341 3511 ἀκοήν
2360 3446 2484 3502 σου,
2518 3441 2613 3493 καὶ
2641 3439 2934 3512 ἐφοϐήθην·
2970 3438 3164 3511 Κύριε,
3191 3439 3589 3511 κατενόησατά
3620 3440 3756 3511 ἔργα

2172 3549 2287 3597 σου,
2319 3532 2413 3586 καὶ
2457 3531 2698 3604 ἐξέστην.
2731 3551 2750 3585 ι
2771 3534 2829 3587 '0
2853 3533 3044 3605 Σωτὴρ
3068 3533 3125 3587 δέ
3167 3534 3262 3588 καὶ
3306 3532 3514 3605 Κύριος
3570 3534 3754 3605 ἡμῶν,

2170 3623 2331 3687 αὐτὸς
2357 3617 2511 3688 οὗτος
2552 3624 2581 3676 6
2626 3623 2720 3677 τοῦ
2767 3623 2902 3677 Θεοῦ
2950 3624 3144 3694 Λόγος,
3174 3626 3230 3678 ἐν
3268 3624 3415 3697 μέσῳ
3455 3624 3553 3679 δύο
3593 3626 3755 3691 ζωῶν

2169 3713 2416 3786 ἐγνώσθη
2435 3732 2448 3746 ·
2484 3714 2862 3786 πληθυντικῶς
2899 3716 3134 3771 ἐνταῦθα
3174 3718 3269 3771 καὶ
3311 3717 3754 3789 περισπωμένως

2168 3803 2277 3858 τῶν
2311 3802 2487 3869 ζωῶν,
2521 3805 2630 3859 ἀπὸ
2665 3805 2845 3860 ἑνικοῦ
2886 3804 2981 3859 τοῦ
3024 3804 3137 3875 τῆς
3164 3804 3313 3874 ζωῆς
3350 3806 3617 3877 ὀνόματος
3665 3807 3757 3873 ἐξ-

2169 3894 2533 3966 ακουομένων.
2557 3894 2631 3947 Οὐ
2651 3894 2760 3968 γὰρ
2780 3893 3157 3969 παροξυτόνως
3189 3895 3297 3950 τῶν
3325 3893 3501 3963 ζώων,
3522 3898 3636 3951 ἀπὸ
3654 3898 3751 3951 06-

2167 3984 2384 4058 δετέρου
2415 3984 2511 4042 τσῦ
2535 3984 2675 4051 ζώου
2697 3985 2935 4056 λέγεται,
2960 3986 3096 4041 ἀλλά
3126 3986 3282 4053 ζωῶν
3308 3988 3753 4059 περισπωμένως

2169 4078 2276 4133 ἀπὺ
2298 4077 2664 4151 πληθυντικῆς
2697 4077 2912 4144 εὐθείας
2946 4079 3065 4150 τῆς,
3094 4079 3160 4133 αι
3189 4076 3341 4140 ζωαί.
3369 4078 3474 4134 Δύο
3505 4077 3626 4147 οὖν,
3656 4100 3754 4153 φη-

2168 4170 2244 4232 σὶ,
2271 4169 2424 4235 ζωῶν
2452 4170 2616 4242 μέσον
2640 4170 2950 4242 γνωσθήσῃ.
2973 4170 3120 4234 Μιᾶς
3145 4168 3255 4243 γὰρ
3282 4168 3448 4242 οὔσης
3471 4171 3575 4243 τῆς
3608 4176 3753 4228 κατὰ

2166 4263 2298 4317 Θεὸν
2324 4263 2489 4335 ζωῆς,
2515 4265 2607 4318 καὶ
2633 4263 2867 4336 θατέρας
2888 4264 2988 4336 τῆς
3013 4263 3154 4318 κατά
3179 4263 3463 4336 ἄνθρωπον
3481 4280 3496 4296 ⁸
3523 4266 3624 4319 καὶ
3646 4267 3755 4337 τῆς

2170 4358 2267 4429 μὲν
2293 4356 2512 4428 θνητῆς,
2534 4357 2633 4429 τῆς
2657 4356 2714 4411 δὲ
2741 4356 2912 4411 ἀϊδίου
2931 4374 2945 4389 ο
2977 4356 3305 4430 ἀμφοτέρων
3329 4357 3561 4423 εἰκότως
3584 4360 3615 4412 6
3646 4362 3753 4415 Κύ-

492 4448 584 4513 lis,
621 4449 737 4504 hare
769 4463 900 4505 vero
942 4451 1294 4520 sempiterna,
1344 4452 1543 4507 merito
1596 4466 1723 4506 cum
1778 4459 2065 4523 utramque

2176 4465 2283 4520 ριος
2305 4447 2392 4502 διά
2422 4449 2619 4521 πείρας
2646 4446 2834 4514 ἐλθὼν,
2863 4449 2922 4504 ἐν
2955 4448 3104 4520 μέσῳ
3128 4448 3221 4503 δύο
3253 4446 3406 4513 ζωῶν
3436 4451 3752 4525 γνωσθῆναι

490 4549 752 4611 expertus
783 4547 930 4597 esset
955 4539 1240 4603 Dominus,
1272 4548 1436 4612 atque
1487 4556 1556 4597 eo
1608 4541 1773 4598 modo
1798 4542 2062 4609 venisset,

490 4632 548 4689 in
574 4631 753 4688 medio
779 4632 1011 4688 duarum
1041 4633 1276 4710 vitai-um
1305 4648 1428 4690 esse
1455 4632 1709 4704 cognitus
1741 4633 1965 4698 dicitur,
1996 4648 2066 4690 ex

492 4723 947 4794 interpretatione
997 4737 1159 4794 quam
1194 4720 1551 4797 Septuaginta
1589 4723 1896 4780 ediderunt.
1928 4721 2065 4779 Nam

489 4832 557 4872 ex
579 4833 643 4873 ea
665 4831 828 4888 quam
850 4817 1049 4887 Aquila
1075 4817 1265 4881 edidit,
1299 4833 1406 4873 non
1434 4819 1586 4883 item,
1610 4816 1705 4873 sed
1740 4816 1856 4873 sic:
1878 4835 1897 4867 ι
1927 4815 2064 4871 Dum

490 4907 930 4979 appropinquant
958 4908 1109 4974 anni,
1139 4894 1355 4964 viviﬁca
1408 4908 1565 4963 illud.
1598 4926 1618 4961 ι
1662 4905 1771 4963 Sed
1803 4906 2066 4978 quidnam

487 5004 575 5053 est
597 4998 751 5067 illud,
776 4999 883 5056 nisi
913 5001 1056 5071 quod
1085 5000 1163 5055 ait
1193 5020 1207 5055 :
1234 5019 1253 5052 ι
1276 5016 1413 5071 opus
1449 5008 1603 5056 tuum
1627 5000 1651 5071 ζ
1674 5018 1693 5052 ι
1721 4997 2061 5056 Theodotion

487 5104 621 5145 vero
647 5091 722 5147 ita
753 5091 832 5147 ait
860 5110 873 5148 :
906 5111 926 5144 ‹
961 5091 1020 5148 In
1045 5092 1228 5148 medio
1264 5107 1532 5149 annorum
1562 5092 1776 5148 viviﬁca
1806 5091 2009 5162 ipsum.
2038 5111 2058 5145 ι

488 5180 559 5236 Ει
587 5180 949 5255 Symmachus
981 5205 995 5240 :
1030 5203 1050 5236 ι
1089 5184 1238 5240 Intra
1293 5199 1469 5241 annos
1509 5183 1835 5241 reviviscere
1868 5182 1954 5239 fac
1988 5182 2067 5255 ip-

487 5290 635 5342 sum,
679 5296 699 5331 ι
726 5276 1114 5349 interpretatus
1135 5288 1238 5335 est.
1261 5276 1398 5333 Cum
1429 5277 1597 5348 igitur
1620 5291 1834 5342 omnes,
1874 5294 1894 5328 ι
1922 5276 2063 5331 vivi-

488 5366 593 5423 ﬂca
639 5369 817 5440 ipsum
842 5411 871 5441 ,.
896 5390 914 5423 ι
946 5370 1223 5437 dixerint,
1263 5371 1423 5442 plane
1464 5385 1573 5426 non
1619 5358 1688 5425 de
1732 5371 2062 5442 quibusdam

489 5462 654 5517 veluti
684 5462 883 5529 brutis,
915 5471 1009 5518 aut
1031 5465 1193 5520 etiam
1224 5464 1434 5520 ratione
1447 5463 1690 5535 praeditis
1709 5463 2060 5527 animalibus,

489 5561 798 5604 sermonem
826 5567 952 5608 esse
995 5552 1363 5609 declararunt.
1385 5552 1728 5625 Quapropter
1753 5569 1877 5609 cum
1916 5553 2061 5625 apud

2168 4541 2402 4611 λέγεται,
2426 4542 2568 4597 κατά
2592 4541 2690 4615 τὴν
2713 4541 2820 4596 τῶν
2833 4541 3235 4613 Ἑϐδομήκοντα
3250 4543 3571 4617 ἑρμηνείαν.
3588 4547 3750 4601 Κατά

2170 4632 2279 4706 γάρ
2307 4632 2400 4688 τὸν
2444 4634 2674 4689 Ἀκύλαν
2713 4634 2813 4706 οὐχ
2839 4635 3030 4703 οὕτως,
3059 4635 3196 4702 ἀλλ’,
3216 4656 3246 4689 .ι
3269 4638 3358 4690 Ἐν
3397 4637 3477 4709 τῷ
3504 4640 3749 4710 ἐγγίζειν

2170 4722 2239 4777 τὰ
2262 4721 2377 4793 ἔτη,
2414 4722 2635 4789 ζώωσον
2674 4724 2828 4788 αὐτὸ,
2865 4743 2884 4777 ι
2924 4724 3158 4798 εἴρηται.
3184 4726 3251 4780 Τί
3277 4726 3334 4780 δὲ
3356 4727 3509 4793 αὐτὸ,
3547 4729 3582 4800 ἢ
3620 4750 3639 4783 ι
3672 4730 3749 4784 1'6

2171 4814 2438 4887 κάτεργόν
2472 4832 2595 4881 σου;
2624 4815 2818 4887 ›,φησί
2847 4817 2992 4872 ’Καὶ
3030 4820 3060 4872 6
3102 4818 3394 4873 Θεοδοτίων
3441 4820 3499 4875 δέ
3540 4840 3706 4894 φησιν
3728 4842 3745 4854 ·

2177 4925 2197 4959 ι
2220 4907 2308 4960 Ἐν
2335 4907 2483 4979 μέσῳ
2520 4908 2655 4963 ἐτῶν
2697 4907 2914 4973 ζώωσον
2957 4909 3138 4965 αὐτόν.
3165 4930 3183 4964 ι
3218 4911 3329 4965 Καὶ
3364 4912 3393 4964 6
3422 4912 3747 4986 Σύμμαχος,

2174 5014 2195 5050 ι
2217 4998 2400 5062 Ἐντὸς
2436 4997 2544 5053 τῶν
2578 4998 2838 5053 ἐνιαυτῶν
2857 4997 3178 5065 ἀναζώωσον
3198 5000 3382 5066 αὑτὸν,
3410 5020 3430 5053 ι
3451 5003 3747 5058 ἐκδέδωκε.

2169 5089 2376 5153 Πάντες
2405 5085 2498 5144 οὖν
2522 5107 2542 5140 ι
2564 5089 2782 5155 ζώωσον
2799 5090 2960 5145 αὐτὸν
2981 5110 3002 5145 ι
3031 5092 3294 5159 εἰπόντες,
3328 5093 3538 5165 σαφῶς,
3558 5096 3642 5150 δτι
3665 5098 3747 5169 μὴ

2169 5181 2298 5254 περὶ
2336 5176 2447 5236 οἷον
2490 5180 2697 5252 ἀλόγων
2739 5184 2903 5238 τινῶν
2946 5183 2981 5256 ἢ
3025 5184 3259 5255 λογικῶν
3309 5185 3465 5250 ζώων
3511 5191 3544 5242 6
3586 5188 3746 5258 λόγος

2168 5272 2423 5344 τυγχάνει
2438 5273 2804 5346 παρέστησαν.
2827 5275 2918 5330 Διὸ
2939 5277 3088 5348 παρά
3113 5279 3225 5342 τοῖς
3239 5277 3635 5352 Ἑϐδομήκοντα
3654 5281 3747 5336 λι-

2169 5364 2401 5436 γομένου
2432 5365 2548 5432 τοῦ,
2581 5386 2601 5419 ι
2624 5368 2710 5421 Ἐν
2759 5367 2910 5441 μέσῳ
2955 5369 3049 5424 δύο
3086 5367 3239 5436 ζωῶν
3266 5372 3583 5449 γνωσθήσῃ,
3620 5395 3639 5427 ι
3675 5375 3746 5430 αὖ

2169 5458 2309 5513 κατὰ
2332 5460 2456 5524 τοὺς
2481 5460 2590 5533 πρὸ
2613 5461 2767 5533 ήμῶν
2788 5460 3168 5535 ἐξειλήφαμεν,
3194 5463 3331 5520 ἀλλά
3350 5465 3446 5519 δύο
3472 5465 3620 5532 ζωὰς
3646 5469 3747 5521 τοῦ

2169 5554 2644 5627 προφητεύομένου
2674 5553 2963 5626 δηλοῦσθαι
2988 5555 3196 5629 ἔφαμεν
3213 5574 3227 5589 ·
3259 5557 3387 5630 μίαν
3417 5557 3519 5631 μὲν
3545 5556 3647 5632 τὴν
3666 5556 3773 5610 ἐν·-

559 5724 584 5746 ”
631 5718 835 5783 Hahae.
856 5743 938 5795 ιιι,
981 5728 1099 5786 1-6.
1175 5733 1220 5765 ⁷⁸
1254 5732 1457 5789 Habac.
1489 5749 1552 5802 ιι,
1576 5734 1628 5790 3.
1706 5735 1752 5767 "
1789 5732 2022 5805 Philipp.
2063 5748 2122 5801 ιι,
2148 5731 2203 5801 6,
2238 5731 2286 5787 7.
