3916 6200
506 233 613 289 447

1171 226 1442 286 EUSEBII
1479 222 1954 283 CIESARJENSIS
1990 222 2137 279 OPP.
2175 220 2355 277 PARS
2389 221 2457 277 II.
2493 253 2566 265 —-
2600 220 3098 279 APOLOGETICA.

3642 220 3733 278 ιιε

504 354 665 426 281
698 352 961 421 Deinceps
991 346 1276 418 adiungit:
1315 364 1335 398 ι
1366 343 1664 416 Coopcruit
1697 343 1866 398 cmlos
1895 341 2035 396 virtu

2173 342 2437 414 ἀοράτους
2468 341 2562 395 καὶ
2592 338 2972 410 ἀντικειμένας
3021 337 3277 409 δυνάμεις
3307 334 3732 408 ὠθούμενος’κα“ι

501 449 643 517 ejus,
666 455 721 501 et
743 442 919 499 laudis
948 443 1069 512 ejus
1098 441 1256 510 plena
1288 445 1373 495 est
1400 448 1567 501 terra,
1590 444 1644 492 et
1669 432 1928 507 splendor
1947 432 2067 502 ejus

500 546 562 592 ut
596 537 775 590 lumen
802 534 926 590 erit.
960 551 980 586 ι
1015 530 1228 598 Quibus
1247 530 1435 601 utique
1462 527 1665 589 verbis.
1689 526 1852 582 simul
1875 532 1929 581 et
1948 524 2066 595 glo-

2168 431 2486 504 κερατίζων,
2522 431 2834 486 ἀπελαύνει.
2882 428 3213 492 ’Δκολούθως
3242 427 3447 493 τούτοις
3476 427 3730 496 ἀπιλέγει.

2171 547 2189 578 ι
2231 527 2341 581 Καὶ
2389 526 2541 593 ἔθετο
2596 526 2872 597 ἀγάπησιν
2935 522 3201 595 κραταιὰν
3256 520 3436 593 ἰσχύος
3492 520 3670 575 αὐτοῦ.
3708 540 3727 574 ι

498 632 702 686 riosum
747 628 868 698 ejus
925 626 982 684 in
1031 627 1172 683 coelo
1205 640 1436 698 regnum
1483 622 1814 687 ostenditur,
1859 628 1915 677 et
1944 636 2035 691 qua

2166 618 2275 671 Καὶ
2327 616 2427 688 τῆς
2478 632 2544 685 γε
2605 617 2687 679 είς
2740 613 3060 688 ἀνθρώπους
3114 614 3383 686 κραταιᾶς
3446 602 3732 674 διαθέὸεως

497 722 730 794 posthac
761 721 945 776 futura
975 730 1079 786 est,
1114 719 1440 791 longiusque
1467 717 1751 779 duratura,
1802 722 1965 785 atque
2005 714 2063 767 in

494 831 710 870 omnem
738 820 941 869 terram
986 818 1360 883 penetratura,
1393 810 1678 872 doctrinae,
1711 822 1832 878 quae
1869 804 1937 861 de
1967 803 2063 858 illo

494 905 688 968 fertur,
722 905 981 959 laudatio.
1004 902 1141 957 Illud
1171 910 1390 958 autem:
1432 921 1451 953 ‹
1488 900 1707 955 Cornua
1732 900 1786 952 in
1805 897 2061 951 manibus

492 999 633 1069 ejus,
679 1017 697 1049 ι
734 997 888 1068 regni
920 997 1040 1066 ejus
1074 994 1305 1065 insignia
1335 1002 1387 1049 et
1419 1000 1580 1047 notas
1613 988 1904 1061 signiﬁcat,
1936 986 2059 1058 qui-

490 1090 595 1145 bus
641 1089 924 1152 cornibus,
976 1087 1278 1143 invisibiles
1310 1098 1471 1156 atque
1500 1074 1856 1138 adversantes
1896 1084 2057 1149 pote-

489 1189 661 1237 states
692 1181 984 1252 repellens,
1014 1188 1068 1235 et
1097 1180 1270 1235 victas
1313 1178 1568 1233 obtinens
1628 1173 1820 1245 abigit.
1853 1170 2059 1227 Ordine

489 1275 576 1330 bis
601 1274 859 1344 deinceps
889 1273 1174 1344 adjungit:
1210 1291 1229 1322 ι
1263 1269 1329 1325 Et
1350 1268 1533 1341 posuit
1561 1266 1909 1323 dilectionem
1947 1262 2057 1317 for—

486 1373 596 1421 tem
628 1365 845 1419 roboris
893 1365 1000 1421 sui.
1056 1384 1074 1417 ι
1120 1365 1188 1418 Et
1234 1377 1366 1419 sane
1394 1358 1729 1416 vehementis
1752 1353 2056 1412 affectionis

485 1458 607 1531 ejus
639 1473 702 1513 ac
734 1457 1044 1512 dilectionis
1072 1470 1200 1526 erga
1249 1454 1501 1509 homines
1557 1450 1820 1506 indicium
1882 1446 2057 1501 maxi-

485 1566 634 1607 mum
667 1549 856 1613 fuerit,
878 1549 1022 1620 quod
1067 1556 1193 1602 ante
1244 1544 1436 1601 faciem
1465 1544 1585 1615 ejus
1616 1539 1903 1598 incesserit
1926 1553 2053 1593 ver-

484 1643 613 1698 bum
667 1642 820 1707 illud,
877 1639 1130 1696 videlicet
1162 1639 1403 1695 salutare
1450 1644 1614 1707 atque
1654 1630 2049 1704 evangelicum,

2164 709 2330 764 αύτοῦ
2356 750 2371 775 ,
2423 708 2518 763 καὶ
2580 708 2800 779 ἀγάπης
2853 708 3051 779 δεῖγμα
3109 705 3364 777 μέγιστον
3402 698 3472 774 ἦν
3517 702 3576 756 τὸ
3626 702 3731 776 πρὸ

2162 799 2453 873 προσώπου
2517 798 2682 852 αὐτοῦ
2740 796 3069 870 πορευθῆναι
3107 795 3297 865 λόγον,
3363 792 3600 865 δηλονότι
3640 792 3731 847 τὸν

2162 893 2426 967 σωτήριον
2458 891 2551 945 καὶ⁵
2579 890 2961 961 εύαγγελικδν,
2993 887 3277 953 ἐξελθόντα
3307 903 3369 939 τε
3394 884 3585 939 τοῦτον
3614 884 3731 937 δια·-

2157 986 2382 1058 δραμεῖν
2424 984 2505 1047 είς
2534 982 2693 1037 πεδία
2715 1023 2730 1047 ,
2760 981 2900 1035 ὥστε
2934 984 2990 1035 ὲν
3021 980 3189 1052 ὀλίγῳ
3221 982 3402 1034 πᾶσαν
3449 976 3733 1049 πληριῖισαι

2156 1077 2254 1147 τὴν
2279 1063 2599 1146 οίκουμένην
2622 1073 2723 1142 τῆς
2749 1072 2839 1127 ὑπ’
2873 1071 3036 1126 αὑτοῦ
3082 1068 3507 1142 προξενηθείσης
3532 1068 3732 1122 ἅπασιν

2157 1163 2462 1237 ἀνθρώποις
2497 1163 2767 1236 σωτηρίας
2790 1202 2807 1229 ,
2849 1160 3155 1225 ἀκολούθως
3192 1163 3258 1231 τῇ
3292 1157 3599 1231 προφητείᾳ
3632 1174 3731 1228 φη-

2158 1259 2298 1332 σάσῃ
2316 1274 2331 1289 υ
2367 1276 2385 1309 ‹
2426 1256 2539 1329 Πρὸ
2566 1254 2856 1327 προσώπου
2884 1253 3047 1308 αὑτοῦ
3072 1251 3511 1326 προπορεύσεται
3543 1250 3726 1319 λόγος,

2153 1349 2247 1404 καὶ
2277 1346 2614 1415 ἐξελεύσεται
2657 1349 2739 1412 είς
2777 1347 2950 1402 πεδία.
2994 1364 3013 1397 ι
3058 1344 3218 1399 Κατά
3247 1345 3347 1414 τὴν
3376 1341 3645 1414 δευτέραν
3680 1341 3729 1395 δὲ

2154 1438 2318 1495 αὐτοῦ
2386 1437 2724 1509 παρουσίαν,
2780 1437 2859 1492 ἔτι
2906 1435 3103 1508 μᾶλλον
3166 1436 3258 1489 καὶ
3312 1434 3651 1505 κυριώτερον
3702 1430 3730 1484 ό

2151 1533 2322 1602 Λόγος
2342 1530 2506 1586 αὐτοῦ
2548 1531 2722 1602 πέρας
2768 1530 3017 1600 ἐπιθήσει
3052 1531 3165 1592 τοῖς
3200 1545 3261 1580 τε
3301 1523 3621 1597 εἰρημένοις
3644 1522 3732 1576 καὶ

2152 1627 2263 1690 τοῖς
2293 1623 2419 1696 ἑξῆς
2449 1622 2881 1694 ἐπιφερομένοις,
2908 1620 2945 1675 ἀ
2976 1621 3072 1675 καὶ
3094 1620 3155 1674 ού
3176 1618 3270 1674 νῦν
3301 1615 3578 1685 ἐξετάζειν
3612 1630 3728 1669 και-

484 1734 630 1806 quod
658 1735 821 1790 etiam
851 1747 1134 1805 egressum
1179 1728 1513 1801 pereurrerit
1540 1741 1784 1796 campos,
1820 1723 1956 1779 adeo
1989 1728 2049 1776 ut
2081 1702 2124 1759 Β
2154 1718 2264 1790 ρός.

481 1802 630 1883 brevi
662 1802 907 1898 tempore
941 1834 1113 1882 totum
1141 1826 1329 1881 orbem
1371 1833 1641 1881 terrarum
1685 1836 1769 1887 ea,
1800 1834 1922 1890 quae
1948 1832 2045 1889 per
2082 1815 2260 1886 ipsum
2288 1814 2542 1866 omnibus
2565 1808 2878 1865 hominibus
2900 1807 3189 1863 conciliata
3243 1805 3336 1870 sit,
3397 1804 3577 1860 salute
3633 1802 3730 1856 im-

480 1922 730 1994 pleverit,
760 1922 1116 1995 comprobata
1144 1921 1265 1990 ejus
1296 1920 1596 1992 prophetiae
1634 1916 1889 1980 veritate,
1919 1928 2041 1985 quae
2075 1910 2190 1966 ait:
2250 1927 2269 1961 ι
2311 1908 2453 1963 Ante
2482 1906 2674 1961 faciem
2707 1904 2829 1973 ejus
2872 1903 2974 1995 ibit
3004 1903 3253 1995 verbum,
3305 1909 3359 1957 et
3417 1898 3729 1995 egredietur

480 1989 535 2069 in
571 1989 814 2087 campos.
850 1989 968 2069 ivln
1006 1989 1248 2069 secundo
1283 1989 1465 2068 autem
1507 2009 1753 2081 ejusdem
1783 2007 2044 2068 adventu,
2087 2000 2323 2072 amplius
2377 2012 2594 2069 quoque
2626 2011 2691 2051 ac
2743 1994 2914 2067 magis
2946 1995 3165 2087 proprie
3208 1992 3447 2087 Verbum
3491 1989 3620 2059 ejus
3642 2080 3655 2087 _
3678 1990 3729 2043 el

480 2110 565 2165 bis
595 2080 715 2180 qua;
755 2109 902 2164 dicta
953 2115 1083 2164 sunt
1124 2114 1178 2162 et
1211 2107 1279 2162 iis
1307 2122 1427 2178 quae
1452 2080 1712 2174 deinceps
1741 2105 2066 2173 sequuntur,
2107 2092 2267 2150 tinem
2302 2093 2562 2163 imponet,
2611 2087 2815 2159 quibus
2842 2101 2989 2141 nunc
3043 2083 3395 2154 explorandis
3437 2090 3608 2152 atque
3642 2080 3731 2134 in—

477 2199 742 2273 dagandis
765 2206 981 2270 tempus
1012 2213 1118 2252 non
1143 2196 1317 2252 adest.

1045 2349 1275 2408 CAPUT
1312 2350 1454 2405 XVI.

474 2469 514 2523 Α
551 2462 1400 2531 Zacharia.-—Quemadmodum
1434 2461 1687 2515 Dominus
1718 2457 2042 2531 omnipotens

546 2540 828 2605 conﬁtetur
857 2552 911 2591 se
940 2528 1181 2597 missum,
1227 2542 1285 2586 ut
1337 2532 1547 2602 auferat
1575 2547 1657 2592 ea,
1699 2544 1818 2599 qua:
1850 2528 2039 2581 vitiosa

540 2610 668 2665 sint.

548 2762 570 2796 ‹
609 2742 731 2798 llaec
761 2742 894 2797 dicit
924 2742 1187 2797 Dominus
1216 2738 1559 2808 omnipotens
1585 2753 1597 2789 :
1629 2734 1760 2790 Post
1806 2732 2034 2807 gloriam

472 2836 623 2892 misit
654 2850 740 2890 me
771 2834 838 2889 ad
870 2841 1080 2906 gentes,
1130 2847 1251 2904 quae
1299 2829 1670 2901 spoliaverunt
1707 2841 1805 2882 vos
1845 2845 1860 2879 :
1893 2840 2033 2897 quo-

2646 2282 3043 2337 ΚΕΦΑΛΑΙΟΝ
3084 2282 3204 2349 ις’.

2155 2402 2298 2459 Ἀπὸ
2339 2400 2444 2456 τοῦ
2490 2378 2809 2469 Ζαχαρίδυ.
2854 2427 2921 2469 -ῄ
2981 2397 3077 2469 Ὡς
3106 2395 3382 2469 όᾷΚύριος
3416 2397 3449 2448 ό
3490 2410 3725 2469 παντρ-

2212 2472 2436 2541 κράτωρ
2462 2465 2741 2538 ὁμολογεῖ
2760 2469 2858 2541 ὑφ’
2898 2467 3103 2541 ἐτέρου
3130 2465 3352 2541 Κιλιρίοιζ
3381 2466 3722 2541 παντρκρὰ-

2210 2535 2509 2612 τοροςέπί
2539 2535 2874 2608 καθάιρέἁει
2907 2535 3024 2591 τῶν
3049 2536 3298 2606 φαύλων
3320 2535 3719 2591 ἀπεστάλθαι.

2220 2675 2238 2709 ι
2274 2657 2411 2711 Τάδε
2444 2656 2590 2726 λέγει
2621 2655 2825 2727 Κύριος
2848 2650 3242 2724 παντοκράτωρ
3261 2667 3275 2681 ·
3324 2650 3533 2703 Ὀπίσω
3562 2650 3724 2717 δόξης

2142 2749 2448 2805 ἀπέσταλκε
2492 2765 2558 2820 με
2591 2748 2684 2802 ἐπὶ
2728 2747 2797 2801 τὰ
2833 2745 2957 2816 ἔθνη
2982 2785 2998 2811 ,
3032 2743 3102 2796 τὰ
3131 2741 3502 2797 σκυλεύσαντα
3531 2742 3683 2813 ὑμᾶς
3703 2756 3719 2773 ·

2138 2841 2270 2896 διότι
2295 2844 2324 2896 ὁ
2347 2842 2650 2912 ἁπτόμενος
2680 2838 2833 2910 ὑμῶν
2852 2877 2867 2902 ,
2896 2837 2973 2902 ὡς
2998 2837 3028 2891 ό
3062 2835 3365 2907 ἁπτόμενος
3406 2835 3506 2906 τῆς
3544 2835 3721 2907 κόρης

472 2930 617 2984 niam
651 2928 744 2999 qui
775 2922 948 2998 tangit
982 2941 1097 2991 vos,
1140 2924 1298 2996 quasi
1334 2922 1381 2980 is
1410 2922 1505 2994 qui
1554 2921 1728 2992 tangit
1773 2920 2031 2992 pupillam

2142 2930 2230 2984 τοῦ
2278 2928 2554 3000 ὀφθαλμοῦ
2595 2926 2778 2983 αὐτοῦ.
2822 2926 2967 2980 Διότι
3009 2925 3118 2980 ίδοὺ
3159 2923 3270 2994 ἐγὼ
3313 2924 3569 2992 ὲπιφέρω
3622 2924 3720 2996 τὴν

470 3020 613 3076 oculi
645 3020 765 3090 ejus
802 3039 816 3075 :
860 3020 989 3090 quia
1038 3033 1166 3075 ecce
1217 3017 1385 3073 all'ero
1415 3031 1632 3071 manum
1664 3028 1838 3070 meam
1872 3028 2035 3085 super

2142 3024 2297 3096 χεῖρά
2322 2996 2424 3094 μου
2451 2996 2537 3075 ἐπ’
2561 3021 2764 3084 αὐτοῖς,
2790 3019 2883 3073 καὶ
2916 3018 3127 3071 ἔσονται
3160 3016 3331 3070 σκῦλα
3362 3019 3478 3080 τοῖς
3506 3017 3722 3071 δουλεύ-

472 3110 622 3181 ipsos
654 3129 666 3165 :
701 3117 754 3163 et
773 3119 934 3165 erunt
960 3109 1133 3179 spolia
1164 3107 1232 3163 iis
1276 3107 1371 3177 qui
1400 3105 1691 3161 servierint
1715 3105 1816 3169 eis,
1855 3110 1909 3160 et
1942 3117 2035 3159 co-

468 3202 742 3274 gnoscetis
776 3202 922 3274 quod
958 3200 1220 3255 Dominus
1240 3201 1585 3270 omnipotens
1617 3197 1767 3253 misit
1798 3212 1886 3252 me
1905 3198 1973 3251 τ’.
2010 3214 2030 3248 ι

468 3292 590 3362 ipse
622 3291 883 3348 Dominus
934 3293 1282 3361 omnipotens
1320 3290 1375 3345 in
1416 3291 1503 3346 bis
1531 3289 1769 3360 seipsum
1804 3288 2032 3344 missum

465 3400 592 3441 esse
634 3384 731 3447 ait,
774 3391 827 3440 et
857 3384 1110 3455 quisnam
1136 3383 1183 3439 is
1214 3383 1304 3446 sit,
1337 3382 1431 3453 qui
1462 3383 1694 3447 miserit,
1724 3383 1906 3450 docet,
1942 3382 2033 3437 ubi

467 3477 584 3532 ait:
627 3496 647 3529 ι
700 3475 765 3531 Ει
809 3475 1152 3547 cognoscetis
1192 3477 1337 3547 quod
1393 3475 1658 3531 Dominus
1690 3476 2035 3545 omnipotens

470 3569 621 3625 misit
644 3585 750 3625 me.
790 3588 810 3622 ι
850 3568 1016 3641 Igitur
1051 3568 1219 3624 etiam
1260 3569 1366 3624 hoc
1409 3569 1528 3624 loco
1570 3568 1709 3623 duos
1749 3567 2035 3638 perspicue

468 3662 659 3727 habes,
683 3662 775 3733 qui
795 3667 983 3718 eadem
1015 3671 1239 3717 utantur
1260 3660 1645 3733 appellatione,
1676 3674 1845 3715 unum
1883 3675 2030 3726 eum,

464 3754 556 3824 qui
575 3754 721 3809 misit
742 3753 1029 3809 Dominum
1052 3755 1495 3825 omnipotentem,
1521 3751 1748 3808 alterum
1766 3766 1912 3814 eum,
1939 3752 2028 3821 qui

464 3848 720 3912 mittitur,
751 3847 995 3918 ejusdem
1028 3862 1152 3902 cum
1185 3862 1251 3902 eo
1280 3846 1373 3916 qui
1404 3846 1555 3901 misit
1580 3846 1838 3901 nominis.
1867 3843 2030 3915 282

463 3941 635 4009 Quem
670 3956 835 4012 porro
878 3940 1044 3995 alium
1096 3939 1302 3995 dixeris
1336 3954 1459 3994 eum
1500 3939 1592 4008 qui
1636 3937 1889 3999 mittitur,
1921 3936 2029 3990 nisi

461 4049 585 4089 eum
615 4024 932 4103 quein'ante
975 4047 1077 4087 nos
1124 4032 1371 4102 pluribus
1422 4030 1811 4101 appellavimus
1860 4026 2027 4083 Deum

461 4124 725 4190 Verbum,
758 4126 849 4196 qui
895 4140 924 4179 a
955 4123 1117 4179 Patre
1150 4125 1380 4181 missum
1421 4140 1481 4179 se
1510 4123 1821 4191 conﬁtetur,
1851 4130 1904 4178 et
1933 4123 2027 4194 qui

460 4214 750 4271 manifeste
773 4215 951 4270 dixit:
991 4235 1009 4267 ι
1047 4214 1178 4269 Post
1219 4215 1446 4286 gloriam
1483 4216 1634 4271 misit
1661 4231 1770 4281 me,
1815 4236 1835 4269 ›
1892 4214 2025 4270 illud

2138 3133 2298 3170 σασιν
2359 3116 2573 3178 αὐτοῖς,
2624 3114 2719 3168 καὶ
2773 3109 3083 3181 γνώσεσθε,
3125 3110 3208 3163 ὅτι
3257 3108 3462 3180 Κύριος
3518 3126 3719 3163 παντο-

2134 3204 2352 3278 κράτωρ
2389 3202 2755 3272 ὲξαπέσταλκέ
2800 3219 2888 3274 με.
2931 3221 2948 3254 ι
2994 3199 3198 3273 Κύριος
3245 3200 3406 3264 αὐτὸς
3446 3201 3478 3253 ό
3512 3217 3717 3255 παντο-

2134 3298 2348 3371 κράτωρ
2378 3298 2436 3350 ἑν
2461 3295 2669 3360 τούτοις
2692 3294 2894 3349 ’ἑαυτὸν
2929 3291 3260 3347 ἀπεστάλθαι
3293 3291 3426 3363 φησὶ
3446 3330 3462 3353 ,
3494 3292 3597 3344 καὶ
3628 3292 3718 3345 τὸν

2132 3390 2551 3453 ἀποστείλαντα,
2611 3389 2758 3452 ὅστις
2801 3386 2909 3458 εἴη,
2962 3385 3202 3440 διδάσκει
3270 3382 3484 3452 λέγων’
3534 3400 3559 3434 ¢
3604 3383 3717 3437 Καὶ

2131 3481 2442 3553 γνώσεσθε,
2494 3482 2577 3535 ὅτι
2627 3479 2830 3551 Κύριος
2884 3476 3276 3548 παντοκράτωρ
3335 3473 3716 3541 ἐξαπέσταλκέ

2134 3593 2220 3647 με.
2256 3595 2274 3627 ι
2320 3574 2528 3629 Οὐκοῦν
2580 3574 2670 3628 καὶ
2709 3570 2940 3626 ἐνταῦθα
2977 3569 3072 3624 δύο
3118 3567 3309 3638 σαφῶς
3353 3567 3500 3638 ἔχεις
3526 3608 3542 3632 ,
3610 3570 3716 3641 μιᾷ

2130 3666 2439 3739 χρωμένους
2468 3664 2829 3737 προσηγορίᾳ,
2856 3662 2945 3717 τόν
2977 3679 3037 3715 τε
3075 3661 3470 3716 ἀποστείλαντα
3499 3660 3716 3733 Κύριον

2132 3757 2567 3829 παντοκράτορα,
2594 3756 2690 3810 καὶ
2716 3755 2805 3810 τὸν
2828 3750 3613 3825 ἀποστελλόμενον,όμλί›νυμον
3628 3754 3714 3824 τῷ

2128 3850 2529 3906 ἀποστείλαντι.
2563 3848 2696 3902 Τίνα
2721 3848 2765 3902 δ’
2797 3848 2863 3901 ἀν
2894 3846 3080 3918 ⁹έτερον
3105 3844 3277 3908 εἴποις
3312 3844 3404 3897 τὸν
3435 3844 3711 3898 ἀποστελ-

2128 3942 2376 4014 λόμενον,
2421 3936 2454 4013 ἢ
2500 3941 2591 3995 τὸν
2640 3940 2729 3994 διὰ
2775 3938 3038 3993 πλειόνων
3081 3939 3210 4008 ἡμῖν
3229 3936 3711 4007 προηγορευμένον

2126 4036 2256 4089 Θεὸν
2305 4035 2474 4104 Λόγον
2494 4073 2510 4099 ,
2554 4032 2687 4106 πρὸς
2732 4031 2826 4086 τοῦ
2867 4031 3081 4104 Πατρδς
3125 4028 3464 4083 ἀπεστάλθαι
3510 4028 3709 4100 ὁμολο-

2126 4127 2359 4198 γοῦντα,
2396 4124 2579 4197 σαφῶς
2611 4125 2667 4178 δὲ
2735 4124 3027 4197 εἰρηκότα,
3080 4140 3099 4175 ι
3150 4120 3354 4175 Ὀπίσω
3393 4119 3554 4190 δόξης
3596 4121 3709 4175 ἀπ-

2124 4220 2352 4274 έσταλκε
2387 4236 2474 4290 με,
2509 4237 2528 4271 ο
2565 4216 2842 4288 δηλοῦντα,
2877 4217 2959 4270 ὅτι
2984 4214 3351 4287 προῦπάρχων
3388 4215 3447 4267 ὲν
3632 4216 3704 4284 τῇ

459 4306 678 4361 interim
707 4304 1041 4375 signiﬁcans,
1070 4307 1214 4377 quod
1244 4307 1337 4378 qui
1370 4313 1527 4361 antea
1560 4306 1722 4363 fuerit
1755 4307 1809 4362 in
1849 4306 2021 4379 gloria

2142 4311 2277 4384 παρὰ
2304 4309 2383 4380 τῷ
2408 4311 2603 4383 Πατρὶ,
2644 4309 2782 4381 μετά
2805 4307 2975 4362 ταῦτα
3002 4308 3311 4363 ἀπέσταλτο
3340 4306 3433 4360 ἐπὶ
3458 4306 3527 4362 τά
3575 4306 3707 4377 ἔθνη

459 4398 601 4469 apud
660 4397 875 4453 Patrem
912 4439 928 4464 ,
997 4407 1184 4469 postea
1250 4400 1453 4455 missus
1525 4399 1597 4455 sit
1660 4399 1729 4455 ad
1792 4406 2018 4471 gentes,

458 4505 579 4562 quae
614 4489 969 4565 spoliaverint
994 4492 1127 4547 vos?
1144 4492 1280 4547 Cum
1302 4493 1444 4548 enim
1470 4491 1538 4546 ad
1570 4507 1664 4548 eas
1688 4500 1879 4563 gentes
1900 4508 2022 4564 qua:

456 4581 612 4655 prius
644 4580 844 4653 populo
878 4580 972 4636 Dei
1016 4581 1258 4638 adversa:
1310 4583 1651 4652 inimicaeque
1680 4590 1856 4647 erant,
1887 4583 2023 4638 mis-

456 4691 576 4733 sum
609 4675 681 4729 sit
711 4672 803 4728 Dei
839 4671 1093 4738 Verbum,
1124 4674 1224 4730 bas
1256 4676 1402 4746 ipsas
1449 4675 1554 4731 sibi
1602 4676 1707 4747 ipsi
1763 4675 2016 4746 subjecit,

454 4767 673 4822 easdem
710 4781 807 4836 per
832 4781 963 4822 suos
1000 4766 1299 4837 discipulos
1321 4767 1686 4837 depraedatus.
1708 4768 1801 4839 qui
1837 4770 2017 4839 portio

452 4860 698 4930 quaedam
737 4867 894 4913 erant
923 4859 1071 4915 illius
1100 4860 1285 4931 populi
1317 4862 1408 4931 qui
1442 4862 1508 4915 ad
1541 4861 2017 4918 circumcisionem

452 4951 706 5021 pertinet,
735 4966 894 5020 quem
940 4951 1212 5020 quondam
1263 4950 1320 5005 in
1352 4951 1666 5007 servitutem
1691 4950 2018 5022 redegerunt

452 5046 660 5109 gentes,
697 5055 817 5109 qum
848 5039 1026 5109 ipsum
1072 5041 1223 5095 illum
1258 5056 1359 5098 suo
1405 5041 1820 5098 simulacrorum
1864 5043 2015 5097 cultu

451 5131 774 5202 depraedatae
799 5132 1039 5189 fuerunt.
1073 5131 1199 5188 Haec
1232 5134 1399 5205 igitur
1433 5148 1694 5205 passuras
1721 5134 1853 5189 dicit
1880 5150 2014 5205 gen-

451 5234 534 5280 tes
565 5242 703 5298 quas
728 5226 1021 5292 disposuit.
1057 5226 1211 5280 Sicut
1254 5227 1398 5283 enim
1452 5227 1558 5282 illae
1608 5227 1869 5298 populum
1921 5224 2016 5282 Dei

453 5329 482 5368 a
506 5317 676 5385 patria
702 5318 900 5386 pietate
927 5333 991 5373 ac
1021 5318 1280 5387 religione
1308 5323 1634 5383 avertentes,
1665 5319 1838 5389 spolia
1887 5332 2015 5389 pro-

452 5408 588 5475 priis
616 5408 954 5467 daemonibus
1004 5409 1160 5466 factae
1187 5418 1336 5477 sunt,
1389 5412 1465 5466 ita
1493 5411 1819 5482 quandoque
1848 5413 2013 5467 etiam

451 5497 582 5568 ipsae
604 5499 782 5570 patrio
810 5501 1228 5559 simulacrorum
1262 5504 1409 5560 cultu
1444 5503 1514 5561 ab
1536 5504 1603 5560 iis
1631 5504 1725 5576 qui
1746 5504 1883 5576 ipsis
1912 5519 2011 5560 an-

515 5658 562 5691 "
587 5653 751 5711 Zacb.
775 5668 835 5720 ll,
863 5656 915 5723 8,
947 5657 979 5711 9

2123 4404 2193 4457 τὰ
2256 4401 2622 4457 σκυλεύσαντα
2684 4401 2865 4472 uuae;
2912 4399 3035 4453 Ἐπὶ
3075 4398 3182 4472 γὰρ
3211 4398 3280 4452 τὰ
3313 4398 3578 4471 πρότερον
3606 4400 3706 4471 ἐκτ-

2124 4496 2226 4570 θρά
2267 4497 2360 4550 καὶ
2402 4494 2635 4565 πολέμια
2685 4493 2780 4547 τοῦ
2813 4491 2943 4561 λαοῦ
2981 4491 3073 4546 τοῦ
3114 4490 3249 4545 Θεοῦ
3284 4490 3409 4560 ἔθνη
3459 4491 3707 4544 ἀποστα·

2122 4587 2235 4651 λεὶς
2268 4589 2297 4640 ό
2335 4585 2429 4640 τοῦ
2475 4585 2610 4639 Θεοῦ
2653 4584 2822 4654 Λόγος
2843 4623 2857 4647 ,
2893 4583 3048 4637 ταῦθ’
3082 4585 3171 4653 ὑφ’
3201 4584 3390 4637 ἑαυτὸν
3432 4581 3698 4652 ἠγάγετο,

2124 4680 2421 4743 σκυλεύσας
2441 4678 2579 4732 αὐτὰ
2598 4677 2684 4732 διὰ
2710 4677 2816 4731 τῶν
2839 4677 3004 4733 αὑτοῦ
3035 4676 3310 4749 μαθητῶν,
3336 4676 3536 4741 οἵτινες
3556 4670 3699 4747 ἦσαν

2127 4775 2290 4847 μέρος
2319 4772 2414 4827 τοῦ
2438 4773 2504 4826 ὲκ
2537 4771 2837 4845 ’περιτομῆς
2866 4769 3021 4835 λαοῦ,
3050 4772 3229 4825 ὅντινα
3262 4770 3428 4823 πάλαι
3459 4768 3696 4823 καταδε-

2122 4864 2380 4918 δούλωντο
2404 4863 2471 4917 τὰ
2492 4861 2640 4933 έθνη,
2669 4860 3037 4916 σκυλεύσαντα
3058 4860 3219 4915 αὐτὸν
3248 4862 3314 4931 τῇ
3343 4859 3694 4931 οἰκείᾳείδω-

2122 4955 2424 5030 λολατρείᾳ.
2462 4953 2618 5009 Τοῦτ’
2647 4949 2739 5008 οῦν
2770 4971 2902 5025 φησι
2935 4952 3217 5007 πείσεσθαι
3250 4952 3318 5008 τά
3348 4950 3476 5023 ἔθνη
3497 4995 3513 5017 ,
3550 4954 3701 5025 ἅπερ

2119 5044 2466 5101 διατέθεικεν.
2496 5045 2582 5108 Ὠς
2603 5044 2711 5116 γὰρ
2724 5042 2817 5097 τὸν
2842 5043 2967 5097 λαδν
2998 5042 3090 5097 τοῦ
3119 5042 3277 5108 Θεοῦ,
3305 5044 3403 5115 τῆς
3432 5043 3697 5115 πατρῴας

2118 5137 2398 5201 εὐσεϐείας
2431 5136 2886 5208 μεταστησάμενα
2905 5177 2918 5201 ,
2950 5135 3119 5190 σκῦλα
3151 5137 3264 5199 τοῖς
3291 5135 3446 5199 ἰδίοις
3472 5135 3692 5206 δαίμοσι

2123 5230 2521 5300 κατεστήσατο,
2581 5227 2722 5281 οὕτω
2773 5226 2901 5280 ποτὲ
2963 5228 3058 5281 καὶ
3091 5226 3228 5280 αὐτὰ
3270 5227 3372 5297 τῆς
3418 5225 3695 5298 πατρικῆς

2120 5320 2556 5394 είδωλολατρείας
2582 5320 2717 5390 πρὸς
2747 5318 2853 5372 τῶν
2884 5318 3050 5373 πάλαι
3070 5318 3489 5373 δεδουλευκότων
3505 5320 3693 5383 αὐτοῖς

2121 5410 2561 5484 σκυλευθήσεται,
2583 5411 2678 5464 καὶ
2696 5409 2800 5463 ύπδ
2824 5411 2914 5464 τὸν
2946 5408 3110 5478 ζυγὸν
3133 5410 3233 5481 τῆς
3251 5409 3374 5463 καθ’
3409 5408 3693 5482 Ἐϐραίους

2117 5503 2395 5568 εὐσεϐείας
2443 5504 2859 5574 μεταστήσεται.
2894 5502 3059 5557 Τοῦτο
3098 5501 3156 5556 δὲ
3193 5500 3413 5557 ἔσεσθαί
3454 5519 3625 5574 φησιν
3656 5501 3693 5558 ὁ
