3916 6200
263 165 368 220 449

1167 159 1816 218 DEMONSTRATIONIS
1855 161 2308 218 EVANGELICAB
2347 161 2474 220 LIB.
2517 163 2606 218 Vl.

3345 219 3348 224 .
3373 173 3480 228 450

259 279 458 352 Κύριος
495 279 558 334 δι’
591 281 804 344 ἑαυτοῦ,
829 281 920 336 ἐπὶ
951 279 1026 350 τῷ
1067 279 1248 352 τοιῷδε
1277 279 1656 352 κατορθώματι
1686 281 1792 354 πρὸ

1921 288 2004 334 tea
2037 281 2344 344 servierint,
2381 281 2782 352 spoliabantur,
2815 289 2868 336 et
2897 283 3002 338 sub
3029 283 3210 354 iugum
3251 283 3478 342 Hebrai-

253 369 350 426 τοῦ
397 373 606 444 Πατρὺς
645 373 1168 446 ἀποσταλησομένου.
1215 373 1372 426 Εἴποι
1415 373 1458 426 δ’
1492 375 1556 428 ἄν
1611 391 1692 438 τις
1724 373 1818 426 καὶ

251 463 452 534 νοητὰς
479 481 626 528 τινας
649 465 742 518 καὶ
767 465 1028 536 ἀοράτους
1047 465 1326 536 δυνάμεις,
1355 465 1482 536 ἔθνη
1499 465 1592 518 νῦν
1615 465 1814 536 ὀνομά-

253 553 466 620 ζεσθαι,
503 555 570 610 τὰ
603 557 984 620 σκυλεύσαντα,
1027 559 1120 612 καὶ
1163 559 1676 630 αἰχμαλωτεύσαντα
1719 557 1818 622 τὰς

251 647 362 700 τῶν
387 647 684 718 ἀνθρώπων
709 649 904 720 ψυχὰς,
927 645 1000 704 ὧν
1019 649 1202 722 ψυχῶν
1227 649 1368 704 οὕτω
1401 651 1534 722 φησὶ
1561 649 1816 722 κήδεσθαι

249 739 280 792 ό
305 739 678 812 φιλάνθρωπος
711 739 802 794 τοῦ
835 741 968 796 Θεοῦ
995 743 1186 810 Λόγος,
1207 743 1335 798 ὡσεί
1355 763 1434 808 τις
1459 743 1593 808 ἰδίας
1615 743 1814 812 ὀφθαλ-

251 831 354 900 μοῦ
403 831 590 904 κόρης.
629 835 739 888 Καὶ
773 833 969 906 δεῖγμα
997 835 1093 906 τῆς
1125 835 1338 888 τοιᾶσδε
1384 833 1548 888 αὐτοῦ
1595 836 1722 906 περὶ
1747 833 1808 906 τὸ

245 921 358 976 τῶν
406 922 704 994 ἀνθρώπων
746 925 898 992 γένος
931 925 1272 996 κηδεμονίας,
1319 925 1380 978 τὸ
1416 927 1534 998 μηδ’
1568 927 1814 980 ὑποστεί-

243 1013 444 1066 λασθαι
479 1015 660 1076 αὐτὸν,
691 1013 826 1068 Θεοῦ
855 1017 1022 1088 Λόγον
1049 1017 1176 1070 ὄντα
1203 1019 1296 1070 καὶ¹
1327 1018 1384 1069 ὲν
1409 1017 1532 1088 δόξῃ
1567 1019 1634 1088 τῇ
1665 1017 1812 1088 παρὰ

241 1104 324 1176 τῷ
349 1105 522 1174 Πατρὶ
553 1107 908 1176 τυγχάνοντα,
937 1109 1034 1182 τὴν
1069 1111 1148 1174 είς
1183 1109 1496 1182 ἀνθρώπους
1521 1109 1810 1184 ἐπιδημίαν

239 1215 304 1252 τε
341 1199 434 1252 καὶ
459 1201 764 1270 οἰκονομίαν
795 1201 1168 1266 ἀναδέξασθαι.

1923 387 2000 426 cae
2027 371 2302 442 religionis
2333 373 2708 428 traducentur.
2743 371 2858 426 lloc
2889 381 3068 428 autem
3119 377 3358 430 futurum
3401 379 3478 432 ait

1923 463 2186 520 Dominus
2215 479 2310 534 per
2343 465 2606 536 seipsum,
2637 465 2730 534 qui
2757 465 2824 518 ad
2849 467 2956 522 tale
2981 483 3180 522 munus
3211 479 3474 536 prmstan-

1923 555 2050 608 dum
2075 571 2106 610 a
2127 553 2288 610 Patre
2321 557 2618 610 mittendus
2669 557 2760 610 sit.
2817 555 3106 618 Caeterum,
3149 559 3348 616 dixerit
3377 561 3478 614 ali-

1921 647 2064 716 quis,
2097 647 2258 702 etiam
2289 649 2655 720 intelligibiles
2687 649 2946 718 quasdam
2979 657 3033 704 et
3065 651 3362 706 invisibiles
3379 667 3476 722 po-

1919 747 2162 805 testates,
2219 748 2406 812 gentes
2439 757 2584 796 nunc
2635 741 2926 806 nominari,
2953 757 3074 812 quia
3121 743 3472 812 spoliaret-int

1917 833 2266 902 captivasque
2299 831 2578 886 hominum
2609 831 2820 886 animas
2839 833 3070 902 egerint,
3095 849 3326 902 quarum
3357 835 3448 888 ani

1917 941 2126 978 marum
2157 925 2318 978 talem
2351 939 2408 978 se
2431 937 2618 976 curam
2665 939 2852 992 gerere
2881 923 2958 978 ait
2989 925 3474 980 clementissimum

1917 1015 2012 1070 Dei
2037 1013 2294 1080 Verbum,
2329 1015 2540 1086 qualem
2569 1015 2943 1084 unusquisque
2961 1015 3106 1070 oculi
3139 1017 3224 1070 sui
3261 1019 3476 1088 pupilla:

1914 1089 2074 1178 gerit,
2101 1107 2260 1176 cujus
2291 1101 2596 1162 sedulitatis
2629 1117 2790 1176 atque
2815 1107 3018 1162 amoris
3041 1123 3168 1178 erga
3191 1109 3472 1162 hominum

1917 1215 2106 1268 genus,
2147 1199 2360 1268 signum
2403 1197 2534 1250 illud
2583 1197 2706 1260 erit,
2757 1196 2904 1266 quod
2941 1213 3066 1252 cum
3111 1197 3206 1253 Dei
3237 1197 3472 1254 Verbum

239 1299 412 1356 esset,
445 1299 500 1346 et
549 1307 646 1346 sua
689 1293 860 1362 gloria
893 1297 1032 1364 apud
1085 1295 1300 1350 Patrem
1359 1295 1650 1358 frueretur,
1703 1311 1808 1350 non
1861 1293 2094 1366 piguerit
2151 1291 2326 1362 ipsum
2385 1289 2636 1344 veniendi
2687 1287 2752 1342 ad
2803 1289 3072 1355 homines,
3125 1299 3286 1360 atque
3331 1295 3474 1346 inter

239 1401 344 1442 eos
373 1385 620 1442 versandi
651 1403 858 1452 curam,
889 1389 1456 1462 dispensationemque
1484 1393 1780 1462 suscipere.

741 1527 1134 1580 ΚΕΦΛΛΜΟΝ
1169 1529 1264 1582 lZ'.

249 1659 400 1714 Ἀπὸ
439 1659 540 1712 τοῦ
571 1659 770 1712 αὑτοῦ.
801 1659 978 1724 -Ὧς
1005 1659 1184 1726 αὐτὸς
1207 1663 1240 1714 ό
1267 1662 1476 1728 Κύριος
1503 1661 1676 1728 ἥξειν
1701 1665 1804 1716 οὐ·

297 1731 590 1798 ρανόθεν,
623 1729 720 1782 καὶ
749 1729 818 1798 ἐν
833 1729 1162 1796 ἀνθρώποις
1185 1731 1706 1796 κατασκηνώσειν,
1737 1731 1810 1784 τά
1841 1745 1880 1798 Β

299 1797 366 1854 τε
387 1799 532 1866 ἔθνη
561 1803 646 1864 εὶς
677 1797 862 1852 αὐτόν
893 1799 1364 1866 καταρδύξεσθίιι
1391 1803 1669 1866 θεσπίζει,
1703 1803 1802 1856 καὶ

301 1871 382 1936 ὡς
439 1869 808 1942 ἀπεστάλθαι
849 1869 962 1922 ὑπὸ
999 1886 1160 1942 uiroc
1219 1871 1558 1940 κρείττονος
1581 1873 1802 1942 Κυρίου

303 1939 782 2008 παιτοκράτορος
807 1937 1100 2008 ὁμολογεῖ.

313 2093 332 2124 ι
361 2073 578 2144 Τέρπου
609 2073 700 2126 καὶ
723 2073 1034 2145 εὐφραίνου,
1077 2071 1312 2144 θύγατερ
1341 2072 1498 2138 Σιὼν,
1535 2073 1666 2127 διότι
1691 2075 1800 2128 ἰδοὺ

235 2167 350 2234 ἐγὼ
379 2165 630 2238 ἔρχομαι,
663 2165 758 2218 καὶ
799 2165 1202 2236 κατασκηνώσω
1243 2167 1302 2218 ἐν
1327 2165 1476 2236 μέσῳ
1509 2183 1624 2230 σου,
1655 2165 1800 2234 λέγει

235 2259 462 2328 Κὲριος,
497 2257 590 2310 καὶ¹
621 2257 1046 2326 καταφεύξονται
1093 2257 1216 2326 ἔθνη
1251 2257 1418 2310 πολλὰ
1447 2257 1538 2310 ἐπὶ
1559 2257 1650 2310 τὸν
1685 2257 1798 2310 Κύ-

239 2365 352 2420 ριον
377 2351 438 2402 ὲν
461 2351 526 2420 τῇ
561 2347 740 2418 ἡμέρα
769 2347 970 2418 ἐκείνῃ,
1015 2349 1108 2400 καί¹
1147 2347 1356 2402 ἔσονται
1385 2349 1528 2420 αὐτῷ
1553 2351 1632 2412 είς
1649 2349 1796 2414 λαὸν,

235 2439 328 2492 καὶ
363 2437 770 2508 κατασκηνώσω
799 2439 856 2490 ὲν
907 2437 1054 2510 μέσῳ
1083 2455 1196 2504 σου,
1229 2439 1324 2492 καὶ
1347 2437 1550 2510 γνώσῃ,
1579 2441 1660 2492 ὅτι
1685 2439 1798 2492 Κύ-

237 2553 350 2606 ριος
377 2535 770 2606 παντοκράτωρ
798 2533 1164 2600 ἐξαπέσταλκὲ
1196 2551 1261 2604 με
1305 2533 1438 2604 πρὸς
1468 2533 1545 2588 σέ.
1587 2551 1604 2584 ι
1649 2533 1798 2588 Ἐπεὶ

235 2627 520 2698 πρόκειται
549 2625 642 2680 νῦν
677 2625 736 2679 τὸ
775 2625 1026 2696 δεύτερον
1057 2625 1226 2678 αἴτιον
1266 2625 1330 2678 ὲκ
1357 2623 1466 2678 τῶν
1506 2625 1796 2696 προφητῶν

233 2719 532 2785 ἀποδεῖξαι,
567 2715 870 2788 ἀνθρώποις
929 2715 1118 2786 μέλλον
1153 2715 1244 2768 ἐπὶ
1275 2715 1378 2786 γῆς
1407 2715 1796 2784 συμπολιτεύε-

239 2811 382 2872 σθαι,
435 2807 586 2880 οἶμαι
639 2809 826 2862 τούτου
847 2833 860 2846 ·
885 2807 1286 2880 παραστατικὸν
1343 2804 1482 2860 εἶναι
1541 2807 1634 2862 καὶ
1697 2807 1794 2878 τὴν

237 2899 520 2972 παροῦσαν
573 2897 926 2972 προφητείαν,
981 2897 1056 2960 ὡς
1111 2897 1200 2950 διὰ
1243 2897 1304 2950 τὸ
1347 2896 1614 2968 πρόδηλον
1661 2897 1796 2968 μηδὲ

235 2993 478 3056 πλείονος
527 2989 848 3062 ἐξεργασίας
899 2989 1124 3043 δεῖσθαι.
1157 2989 1426 3058 Τηρήσεις
1463 2987 1540 3052 δὲ,
1573 2989 1654 3042 ὃτι
1701 2989 1796 3043 καὶ

2471 1519 2700 1576 CAPUT
2739 1519 2902 1576 XVII.

1911 1679 1986 1733 Ab
2017 1677 2214 1732 eadem.
2241 1707 2310 1714 —
2343 1675 2494 1742 Quod
2539 1677 2648 1742 ipse
2689 1673 2944 1730 Dominus
2989 1689 3258 1734 venturum
3305 1699 3360 1738 se
3403 1683 3468 1738 de

1981 1751 2130 1822 (mlo,
2159 1757 2206 1802 et
2247 1749 2390 1822 inter
2411 1747 2644 1798 hontiucs
2675 1747 3054 1822 liabt'taturum,
3091 1763 3364 1822 gentesque
3395 1757 3464 1808 ad

1977 1821 2148 1886 ipsum
2178 1817 2562 1886 confugituras,
2589 1819 2728 1868 cauit
2757 1829 2850 1888 :ret
2875 1820 3012 1888 quod
3049 1817 3336 1878 missumst:
3357 1841 3470 1878 esse

1977 1907 2012 1942 α
2033 1889 2254 1942 Domino
2284 1889 2628 1954 eninipotente
2657 1887 2952 1956 conﬁtetur.

1993 2083 2156 2156 283
2191 2101 2210 2134 ‹
2247 2081 2434 2138 Gaude
2477 2089 2530 2136 et
2580 2081 2786 2144 lauare,
2835 2082 2942 2136 lilia
2997 2081 3162 2150 Sion,
3209 2085 3466 2156 quoniam

1905 2191 2032 2230 ecce
2073 2191 2174 2246 ego
2219 2173 2412 2236 venio,
2455 2181 2510 2226 et
2555 2171 2812 2226 habitabo
2857 2175 2911 2228 in
2957 2175 3134 2229 medio
3173 2177 3284 2242 tui,
3333 2177 3466 2232 dicit

1905 2265 2202 2328 Dominus,
2235 2271 2290 2318 et
2335 2263 2652 2333 confugient
2697 2271 2882 2334 gentes
2931 2264 3116 2318 multm
3161 2267 3228 2320 ad
3277 2263 3460 2320 Domi-

1903 2371 2034 2412 num
2075 2357 2130 2412 in
2167 2355 2258 2410 die
2291 2355 2382 2408 illa
2403 2393 2417 2418 ,
2451 2363 2506 2410 et
2541 2363 2702 2410 erunt
2733 2355 2784 2408 ei
2813 2355 2868 2408 in
2901 2357 3190 2426 populum,
3223 2365 3278 2412 et
3309 2357 3464 2412 habi-

1901 2447 2030 2500 tabo
2071 2447 2128 2500 in
2171 2443 2352 2500 medio
2392 2445 2508 2508 tui,
2553 2453 2608 2498 et
2655 2459 2954 2516 cognosces
2999 2447 3144 2516 quod
3199 2447 3463 2504 Dominus

1901 2537 2246 2608 omnipotens
2287 2537 2436 2592 misit
2474 2551 2560 2591 me
2599 2537 2668 2590 ad
2697 2545 2747 2592 Ie
2775 2537 2842 2592 ⁸³.
2881 2557 2898 2590 ι
2927 2537 3064 2604 Quia
3091 2555 3234 2594 nunc.
3265 2555 3464 2612 propo-

1902 2629 2072 2683 situm
2103 2637 2186 2684 est
2221 2625 2454 2692 Filium,
2487 2633 2764 2680 auctorem
2797 2641 3014 2692 rerum,
3045 2629 3184 2698 apud
3217 2631 3462 2690 homines

1903 2719 1958 2774 in
1993 2727 2140 2774 terra
2171 2727 2516 2774 versaturum
2541 2759 2556 2783 ,
2589 2733 2656 2772 ex
2691 2719 2974 2788 prophetis
3011 2719 3338 2786 ostendere,
3371 2737 3462 2776 ar-

1899 2811 2074 2866 bitror
2103 2809 2336 2878 hujusce
2361 2811 2440 2864 rei
2471 2809 2914 2864 demonstrandae
2939 2811 3232 2866 efﬁcaciam
3261 2813 3462 2872 habere

1899 2911 2221 2973 praesentem
2251 2901 2624 2972 prophetiam,
2657 2901 2792 2956 adeo
2825 2903 3043 2972 quidem
3079 2911 3138 2958 ut
3171 2905 3242 2958 ob
3287 2905 3463 2968 ipsius

1901 2991 1978 3044 rei
2025 2991 2506 3062 perspicuitatem,
2559 2991 2710 3044 nulia
2765 2993 3028 3062 ampliore
3079 2995 3462 3064 explanatione

231 3083 334 3156 τὴν
383 3083 554 3136 αἰτίαν
605 3077 762 3144 αὖθις
815 3082 914 3152 τῆς
953 3081 1188 3150 ἀφίξεως
1221 3079 1384 3134 αὑτοῦ
1435 3080 1584 3152 δηλοῖ
1627 3081 1683 3134 ἐν
1715 3075 1792 3144 οἷς

1904 3083 1972 3138 sit
2027 3097 2210 3152 opus:
2259 3083 2424 3136 etiam
2483 3081 2618 3136 illud
2669 3083 2984 3138 observ-abis
3033 3085 3176 3154 quod
3233 3101 3458 3142 causam

233 3193 392 3248 φησν
433 3195 450 3228 ι
487 3175 594 3230 Καὶ
627 3173 1050 3242 καταφεύξονται
1085 3173 1208 3246 ἔθνη
1253 3173 1422 3228 πολλὰ
1451 3175 1542 3226 ὲπὶ
1569 3175 1658 3228 τὸν
1683 3173 1796 3226 Κύ-

231 3285 350 3340 ριον
383 3269 438 3322 ἐν
467 3271 532 3338 τῇ
563 3267 742 3338 ἡμέρα
761 3267 964 3340 ἐκείνῃ,
989 3267 1082 3320 καὶ
1099 3265 1308 3320 ἔσονται
1337 3265 1484 3336 αὐτῷ
1509 3267 1590 3330 είς
1607 3265 1786 3319 λαόν.»

227 3359 418 3414 Ταῦτα
445 3359 502 3412 δὲ
521 3362 548 3412 ό
573 3357 748 3426 λόγος,
779 3357 878 3428 τὴν
905 3357 1176 3430 θυγατέρα
1191 3357 1328 3410 Σιὼν
1351 3357 1758 3426 εὐαγγελίζεται
1773 3398 1788 3422 ,

225 3451 374 3504 οὕτω
417 3451 514 3520 τὴν
563 3449 888 3520 Ἐκκλησίαν
927 3449 1022 3502 τοῦ
1053 3449 1188 3504 Θεοῦ
1239 3447 1674 3520 προσαγορεύων,
1701 3447 1790 3502 διὰ

221 3543 286 3596 τὸ
307 3543 406 3613 τῆς
423 3541 740 3612 ἐπουρανίου
773 3539 1118 3613 Ἰερουσαλὴμ
1139 3539 1408 3612 θυγατέρα
1433 3537 1568 3594 εἶναι
1593 3539 1786 3604 δοκεῖν,

229 3633 438 3704 μητρὸς
481 3629 644 3702 οὔσης
703 3631 916 3699 ἐκείνης
956 3629 1060 3684 τῶν
1095 3629 1282 3698 ἁγίων,
1339 3629 1480 3684 κατὰ
1510 3631 1602 3683 τὸν
1645 3629 1788 3700 ἱερὸν

237 3723 574 3776 Ἀπόστο).ον.
609 3723 680 3774 Ἢ
695 3723 786 3776 καὶ
815 3721 986 3786 ἄλλως
1007 3721 1248 3792 θυγάτηρ
1273 3719 1406 3774 Σιὼν
1421 3725 1456 3794 ἡ
1499 3721 1786 3792 Ἐκκλησία

225 3815 462 3886 Χριστοῦ
519 3815 732 3886 λεχθείη
779 3813 864 3876 ἂν,
907 3813 1054 3870 ὼσὰν
1099 3815 1162 3868 ἐκ
1205 3813 1304 3884 τῆς
1363 3814 1632 3886 προτέρας
1659 3831 1784 3868 συν-

221 3907 450 3978 αγωγῆς
507 3907 614 3960 τῶν
635 3909 698 3958 ὲκ
731 3907 1050 3980 περιτομῆς,
1103 3905 1190 3960 διά
1223 3923 1282 3960 τε
1327 3907 1654 3972 ἀποστόλων,
1693 3907 1784 3960 καὶ¹

221 3999 624 4070 εύαγγελιστῶν
645 4001 942 4062 ύποστᾶσα,
971 3999 1020 4052 οἳ
1053 4001 1148 4052 καὶ
1167 3999 1324 4068 γεννή
1333 4015 1474 4068 ματα
1493 3999 1784 4070 ἐτύγχανον

223 4093 432 4166 μητρὸς
473 4093 572 4164 τῆς
621 4091 1013 4164 ἀπορριφείσης
1075 4089 1164 4144 διὰ
1193 4091 1290 4154 τὰς
1350 4091 1558 4153 οἰκείας
1595 4089 1784 4142 δυσσε-

219 4185 396 4248 ϐείας,
429 4183 522 4236 καὶ
563 4185 736 4254 χήρας
759 4183 1124 4254 γεγενημένης
1149 4221 1162 4246 ,
1196 4183 1284 4236 διὰ
1315 4183 1376 4236 τὸ
1401 4181 1668 4236 ἀπελάσαι
1691 4181 1782 4236 τὸν

215 4277 406 4348 ἄνδρα,
441 4277 528 4330 διὰ
563 4276 668 4328 τῶν
715 4276 1004 4348 προφητῶν
1027 4275 1471 4346 ἐπιμεμψάμενον
1521 4275 1656 4344 αὐτῇ
1687 4273 1782 4326 καὶ

217 4373 500 4440 φήσανταο
537 4389 554 4420 ι
591 4369 700 4438 Ούχ
727 4369 802 4433 ὡς
821 4367 984 4440 ἄνδρα
1013 4385 1078 4436 με
1113 4367 1392 4430 ἐκάλεσας,
1429 4367 1520 4418 καὶ
1549 4365 1778 4436 πατέρα,

1899 3187 2092 3226 rursus
2131 3171 2217 3226 sui
2256 3169 2520 3226 adventus
2551 3171 2824 3240 signiﬁcat
2845 3211 2860 3236 ,
2895 3173 2986 3228 ubi
3019 3174 3094 3226 ait
3123 3191 3136 3228 :
3169 3193 3188 3226 ι
3228 3173 3292 3228 Et
3325 3189 3462 3230 con-

1899 3263 2106 3334 fugient
2141 3269 2328 3332 gentes
2365 3261 2550 3316 multm
2585 3261 2654 3316 ad
2695 3261 2980 3318 Dominum
3026 3265 3080 3318 in
3119 3265 3208 3320 die
3247 3265 3366 3340 illa,
3403 3273 3460 3322 et

1897 3363 2058 3412 erant
2087 3355 2190 3426 ipsi
2219 3353 2276 3408 in
2305 3355 2582 3424 populum.
2625 3373 2644 3408 ι
2675 3355 2800 3412 Haec
2827 3363 3008 3412 autem
3039 3359 3142 3428 ipsi
3171 3359 3294 3412 [Iliae
3323 3357 3454 3414 Sion

1897 3449 2112 3506 nuntiat
2145 3449 2424 3504 oraculum
2449 3487 2462 3510 ,
2509 3447 2590 3502 sic
2627 3447 2842 3502 interim
2883 3447 2978 3504 Dei
3017 3449 3320 3506 Ecclesiam
3358 3467 3456 3522 ap-

1895 3541 2142 3614 pellans,
2207 3551 2490 3612 propterea
2541 3539 2682 3610 quod
2739 3541 2948 3596 cmlesti
2995 3541 3296 3599 Jerusalem
3345 3545 3452 3600 lilia

1892 3657 2016 3698 esse
2066 3641 2336 3704 videatur,
2397 3653 2544 3710 qum,
2605 3643 2666 3692 ut
2719 3645 2944 3692 sanctus
3001 3637 3078 3690 ait
3131 3637 3450 3706 Apostolus,

1891 3741 2068 3790 mater
2113 3741 2426 3790 sanctorum
2473 3741 2574 3787 est.
2625 3729 2734 3783 Aut
2775 3729 2938 3783 etiam
2983 3729 3140 3784 aliter
3177 3727 3284 3782 filia
3321 3727 3452 3782 Sion

1890 3825 2096 3880 Christi
2147 3823 2388 3880 Ecclesia
2419 3823 2524 3878 diei
2557 3831 2768 3894 potest,
2815 3829 3072 3890 tanquam
3115 3837 3178 3874 ea
3219 3837 3340 3890 qua:
3385 3837 3452 3876 ex

1887 3919 2070 3988 priore
2127 3931 2314 3972 eorum
2367 3915 2462 3986 qui
2525 3915 2590 3970 ad
2647 3913 3120 3968 circumcisionem
3179 3913 3452 3982 pertinent

1889 4011 2154 4064 conventu
2185 4047 2199 4072 ,
2251 4023 2348 4078 per
2391 4007 2666 4076 apostolos
2689 4045 2704 4068 ,
2755 4013 2918 4074 atque
2961 4003 3320 4073 evangelistas
3344 4045 3358 4068 ,
3395 4003 3448 4058 id

1887 4099 2032 4170 quod
2063 4109 2178 4162 est,
2217 4099 2522 4168 acceperit,
2555 4099 2646 4167 qui
2673 4097 2838 4152 etiam
2873 4097 2964 4150 lilii
2993 4105 3148 4150 erant
3181 4095 3300 4166 ejus
3331 4111 3450 4150 ma-

1887 4191 1986 4246 tris
2007 4231 2022 4254 ,
2053 4205 2172 4260 qua:
2207 4191 2278 4244 ob
2307 4191 2514 4246 Scelera
2545 4205 2644 4244 sua
2675 4189 2886 4258 abjccta
2930 4195 3012 4244 est
3033 4228 3046 4250 ,
3095 4203 3322 4258 quaeque
3365 4189 3446 4244 vi—

1887 4283 1992 4336 dua
2027 4281 2168 4336 facta
2201 4291 2284 4336 est
2307 4323 2322 4346 ,
2351 4297 2416 4336 eo
2451 4281 2596 4352 quod
2641 4281 2910 4352 cupulerit
2941 4281 3116 4334 virum
3147 4321 3160 4342 ,
3205 4281 3296 4350 qui
3347 4299 3447 4352 per

1887 4375 2180 4446 prephetas
2201 4375 2268 4430 de
2295 4375 2410 4444 ipsa
2443 4381 2774 4444 conquestus
2796 4381 2880 4428 est
2905 4413 2918 4436 ,
2945 4381 3106 4444 atque
3137 4373 3212 4426 ait
3237 4393 3250 4428 :
3281 4393 3298 4424 ι
3327 4373 3446 4430 Νοιι

217 4465 316 4519 καὶ
351 4463 586 4535 ἀρχηγὸν
617 4463 716 4532 τῆς
731 4463 1022 4534 παρθενίας
1055 4477 1146 4514 σου
1167 4475 1180 4490 ⁸
1221 4481 1240 4510 ι
1265 4459 1324 4522 ὃς
1355 4459 1448 4512 καὶ
1477 4461 1588 4520 τοῖς
1613 4457 1670 4524 ἐξ
1691 4457 1782 4510 αύ-

1910 4483 2142 4538 anquam
2175 4467 2354 4522 virum
2387 4483 2472 4522 me
2501 4467 2750 4529 vocasti,
2795 4473 2846 4520 et
2893 4465 3108 4522 Patrem
3157 4475 3210 4522 et
3249 4467 3444 4524 ducem

215 4553 320 4622 τῆς
373 4553 680 4622 γενομένοις
735 4553 824 4606 τὸν
849 4553 1044 4622 τρόπον
1084 4551 1182 4622 τῆς
1213 4549 1412 4620 μητρὸς
1453 4549 1772 4614 διαϐάλλων,

215 4649 354 4720 φησί
377 4667 390 4678 ·
421 4669 440 4700 ι
477 4651 634 4702 Ποῖον
673 4649 830 4702 τοῦτο
859 4647 922 4700 τὸ
963 4647 1162 4718 βιϐλίον
1191 4645 1284 4698 τοῦ
1321 4643 1648 4698 ἀποστασίου
1679 4643 1778 4712 τῆς

217 4741 430 4812 μητρὸς
477 4741 646 4810 ὑμῶν,
677 4733 720 4808 ᾧ
755 4739 1108 4806 ἐξαπέστειλεν.
1149 4739 1352 4809 αύτήνς
1395 4757 1412 4788 ›
1442 4736 1552 4790 Καὶ
1581 4733 1774 4788 πάλιν

213 4853 232 4884 ι
279 4831 522 4904 Κριθῆτε
587 4831 720 4904 πρὸς
777 4831 874 4902 τὴν
929 4831 1136 4902 μητέρα
1189 4829 1360 4902 ὑμῶν,
1417 4829 1660 4900 κριθῆτε,
1695 4827 1778 4880 ὅτι

207 4927 350 4998 αὕτη
389 4927 450 4979 ού
483 4929 616 4998 γυνή
647 4943 744 4998 μου
769 4967 784 4990 ,
813 4927 964 4996 κάγὼ
996 4927 1094 4980 οὐκ
1119 4927 1256 4998 ἀνὴρ
1284 4925 1472 4994 αὐτῆς.
1499 4945 1516 4976 ι
1543 4923 1778 4984 Εἰκότως

207 5019 346 5090 δῆτα
381 5019 528 5072 ὼσὰν
561 5019 656 5088 τὴν
693 5019 902 5090 μητέρα
941 5019 1396 5090 ἅπαρνησαμένου
1427 5017 1520 5070 τοῦ
1545 5015 1772 5086 Κυρίου,

209 5111 350 5182 πρὸς
385 5111 484 5180 τὴν
501 5109 772 5182 θυγατέρα
799 5113 834 5182 ἡ
877 5109 1124 5180 παροῦσα
1159 5109 1458 5180 προφητεία
1489 5105 1766 5176 εὐαγγελίο

209 5199 362 5266 ζεται
395 5201 492 5272 τὴν
521 5199 680 5254 αὑτοῦ
733 5197 824 5252 τοῦ
869 5199 1070 5270 Κυρίου
1119 5200 1436 5270 παρουσίαν.
1483 5201 1582 5270 Είη
1625 5197 1670 5250 δ’
1707 5195 1772 5250 ἂν

205 5291 350 5362 αὕτη
383 5293 418 5364 ἡ
451 5293 510 5358 ἐξ
551 5291 718 5346 ἐθνῶν
759 5291 1072 5364 Ἐκκλησία,
1103 5293 1160 5344 ὲν
1201 5291 1352 5362 χώρᾳ
1385 5291 1644 5364 θυγατρὸς
1671 5289 1771 5360 τῆς

209 5385 508 5456 προτέρας,
531 5383 616 5438 διὰ
645 5385 770 5448 τοὺς
813 5385 1140 5448 ἀποστόλους
1181 5385 1270 5438 τοῦ
1310 5385 1558 5456 Σωτῆρος
1589 5387 1764 5456 ἡμῶν,

203 5475 386 5541 λεὶείι
399 5490 426 5524 σ
435 5473 591 5542 μὲνη.

277 5591 322 5624 ⁸⁸
355 5591 522 5646 Zach.
551 5607 610 5656 ιιι,
639 5593 726 5656 10,
761 5593 844 5648 ll.
921 5597 960 5628 ⁸³
985 5595 1096 5652 Jer.
1123 5613 1202 5662 ιιι,
1229 5595 1282 5652 εἰ.
1357 5597 1526 5656 "lsa.
1561 5617 1688 5668 xxx,
1721 5621 1760 5660 ι.

1887 4561 2206 4631 virginitatis
2255 4567 2360 4614 tua:
2391 4559 2458 4626 ⁸³,
2493 4579 2512 4610 ι
2537 4561 2628 4630 qui
2667 4559 2832 4614 etiam
2865 4559 2930 4614 iis
2961 4560 3054 4628 qui
3081 4559 3146 4614 de
3173 4561 3288 4630 ipsa
3333 4561 3446 4616 nati

1883 4661 2040 4716 sunt,
2069 4667 2248 4708 mores
2279 4653 2466 4706 matris
2489 4651 2827 4722 exprobrans
2861 4667 2924 4706 ac
2955 4653 3292 4722 vituperans,
3325 4653 3438 4708 ait:

1889 4761 1908 4795 ι
1939 4743 2074 4806 Quis
2104 4750 2188 4798 est
2221 4743 2311 4796 hic
2341 4743 2478 4798 liber
2509 4743 2720 4818 repudii
2757 4743 2948 4800 matris
2981 4751 3210 4806 vestrae,
3249 4743 3302 4796 in
3331 4759 3442 4814 quo

1883 4835 2040 4890 emisi
2073 4851 2190 4890 eam
2217 4835 2262 4866 ⁸³
2283 4835 2306 4888 ?
2329 4853 2346 4885 ι
2377 4835 2444 4888 Et
2475 4851 2668 4890 rursus
2697 4855 2712 4890 :
2749 4853 2767 4886 ι
2794 4833 3120 4890 Judicamiui
3149 4835 3440 4904 :quoniam

1881 4925 1996 4980 haec
2039 4941 2148 4980 non
2192 4941 2330 4980 uxor
2365 4943 2480 4980 mea
2503 4967 2518 4992 ,
2567 4935 2620 4982 et
2657 4943 2754 4996 ego
2789 4943 2896 4982 non
2931 4927 3012 4980 vir
3039 4927 3158 4994 ejus
3189 4927 3254 4982 ³³.
3281 4945 3302 4978 ο
3331 4925 3440 4980 Me-

1879 5017 1988 5072 rito
2041 5031 2172 5072 sane
2219 5025 2476 5086 tanquam
2521 5019 2588 5072 iis
2633 5019 2726 5088 qui
2781 5027 3008 5072 matrem
3053 5019 3442 5088 abnegaverint

1883 5107 2048 5162 tiliam
2105 5105 2348 5166 Domini.
2393 5109 2564 5178 ipsius
2607 5107 2816 5162 Domini
2861 5109 3146 5164 adventum
3197 5127 3438 5180 praesens

1881 5199 2164 5270 prophetia
2213 5201 2450 5254 nuntiat.
2501 5199 2615 5252 Erit
2665 5207 2844 5254 autem
2903 5199 3016 5254 haec
3071 5201 3314 5258 Ecclesia
3367 5203 3436 5258 de

1883 5293 2164 5360 gentibus,
2201 5307 2320 5362 qua:
2351 5293 2472 5348 loco
2505 5293 2704 5364 prioris
2741 5293 2862 5350 ﬁlim
2893 5309 2990 5364 per
3033 5295 3200 5350 nostri
3249 5295 3434 5352 Salva-

1881 5383 2014 5436 toris
2043 5387 2320 5452 apostolos
2345 5425 2358 5450 ,
2393 5385 2572 5442 habita
2601 5393 2706 5444 est.

1833 5609 1880 5642 ⁸³
1911 5607 2038 5668 Ose.
2071 5627 2132 5680 ιι,
2159 5611 2214 5668 2.

3485 4157 3510 4182 ο
