3916 6200
519 205 614 264 451
1274 213 1543 272 EUSEBll
1583 214 2062 273 CESABIENSIS
2095 216 2245 274 OPP.
2282 218 2464 273 PARS
2502 218 2568 274 Il.
2613 249 2684 261 —
2715 220 3208 282 APOLOGETICA.
3616 228 3728 284 458

943 333 1106 404 284
1145 331 1373 387 CAPUT
1413 332 1597 389 XVIII.
2078 341 2124 398 Α

2078 341 2124 398 Α
2664 338 3057 394 ΚΕΦΑΛΛῙΟΝ
3079 343 3185 395 lH'.

602 490 683 548 Ab
714 490 912 566 eodeni.
944 520 1012 529 —
1045 491 1118 566 De
1152 491 1361 566 Domini
1399 492 1620 544 adventu
1648 531 1664 553 ,
1695 501 1744 544 et
1782 491 1845 545 de
1879 493 1945 546 iis

2180 475 2308 566 Ὰπρ
2343 475 2446 528 τοῦ
2487 475 2938 566 {iurgi—1.14mi!
2976 477 3094 566 τῆς
3107 479 3212 532 τοῦ
3243 479 3465 566 ζίυρέου
3508 497 3726 566 πέτρου-

721 576 836 629 ᾳιιω
868 561 922 614 in
952 563 1192 628 passione
1221 563 1334 628 ejus
1363 573 1607 615 eventura
1639 546 1812 616 erant.
2216 562 2267 682 Ζ

2216 546 2382 682 me,
2413 546 2509 598 καὶ
2555 546 2673 598 τῶν
2703 546 2847 599 κατὰ
2879 549 2943 600 τὸ
2975 549 3164 615 πάθος
3203 546 3390 604 αὑτοῦ
3409 546 3722 621 συμϐήσοο

2335 633 2434 667 ων.

559 748 575 778 ι
614 729 755 784 Ecce
780 729 896 784 dies
921 738 1148 785 veniunt
1179 730 1392 785 Domini
1417 772 1430 796 ,
1459 740 1514 785 et
1537 731 1852 786 dividentur
1879 731 2052 802 spolia

2229 747 2248 780 ι
2296 728 2426 782 Ἰδοὺ
2486 729 2686 801 ἡμέραι
2735 730 2976 802 ἔρχονται
3003 730 3097 784 τοῦ
3145 733 3372 804 Κυρίου,
3401 734 3493 788 καὶ
3522 735 3716 805 διαμ-ε-

489 835 577 879 tua
612 824 666 876 in
700 830 754 878 te
779 863 792 884 .
840 831 895 877 et
939 823 1281 893 congregabo
1310 839 1499 878 omnes
1527 834 1713 895 gentes
1746 825 1799 878 in
1832 823 2035 880 Jerusa-

2175 817 2498 889 ησθήσονται
2543 821 2612 874 τὰ
2663 821 2834 874 σκῦλά
2888 839 2979 875 σου
3035 824 3091 875 ἐν
3149 823 3252 885 σοὶ,
3297 825 3392 877 καὶ
3414 825 3721 890 ὲπισυνάξω

489 914 590 968 lem
626 913 691 967 ad
723 912 924 967 bellum
951 930 965 977 ;
999 919 1052 965 et
1081 913 1333 982 capietur
1363 913 1558 966 civitas
1581 951 1597 974 ,
1633 921 1685 967 et
1726 913 2035 982 diripientut

2174 912 2330 965 πάντα
2372 913 2438 965 τὰ
2496 912 2622 984 ἔθνη
2649 915 2739 967 ἐπὶ
2800 915 3150 986 Ἰερουσαλὴμ
3208 918 3288 979 είς
3321 917 3557 987 πόλεμον
3580 935 3592 947 ·
3623 919 3720 970 καὶ

487 1005 715 1067 domus,
751 1012 804 1058 et
844 1005 1103 1060 mulieres
1137 1003 1508 1068 fmdabuntur,
1539 1014 1592 1058 et
1628 1004 1937 1074 egredietur
1969 1005 2033 1058 dit

2174 1003 2417 1057 ιλώσεται
2443 1007 2479 1072 ὴ
2511 1003 2681 1069 πόλις,
2711 1005 2804 1058 καὶ
2844 1006 3375 1076 διαρπαγήσονταιαί
3398 1006 3588 1070 οἰκίαι,
3625 1009 3720 1062 καὶ

486 1097 713 1150 midium
746 1097 984 1151 civitatis
1010 1097 1062 1149 in
1093 1095 1441 1167 captivitate,
1481 1096 1675 1166 reliqui
1706 1111 1833 1150 vero
1858 1096 1926 1151 de
1955 1111 2023 1166 po

2173 1094 2206 1144 ιί
2279 1095 2536 1160 γυναῖκες
2604 1093 3056 1165 μολυνθήσονται,
3119 1096 3211 1148 καὶ
3268 1094 3640 1168 ἐξελεύσεται,
3658 1097 3719 1150 τὸ

487 1187 614 1256 pulo
649 1201 770 1240 meo
803 1202 908 1239 non
945 1187 1229 1255 peribunt,
1266 1192 1320 1240 et
1351 1185 1658 1255 egredietur
1686 1185 1967 1250 Dominus,
1999 1202 2033 1242 e‘

2169 1183 2321 1252 ἣμισυ
2353 1183 2452 1252 τῆς
2485 1183 2689 1247 πόλεως
2717 1185 2774 1236 ὲν
2807 1183 3172 1257 αξχμαλωσία.
3208 1186 3270 1238 Oi
3305 1186 3360 1239 δὲ
3391 1187 3715 1241 κατάλοιποι

486 1278 767 1347 parabitur
800 1277 867 1330 ad
897 1278 1138 1347 praelium
1175 1277 1231 1330 in
1282 1276 1536 1347 gentibus
1573 1277 1717 1341 illis,
1756 1279 1899 1333 sicut
1933 1278 2032 1333 dies

2171 1271 2244 1324 τοῦ
2271 1271 2398 1324 λαοῦ
2433 1291 2531 1343 μου
2556 1274 2615 1325 οὐ
2647 1274 2720 1344 μὴ
2761 1272 3199 1344 ὲξολοθρευθῶσι,
3241 1277 3333 1328 καὶ
3375 1276 3717 1342 ἐξελεύσεται

487 1368 653 1437 przelii
683 1368 801 1436 ejus
829 1370 880 1422 in
914 1369 1001 1422 die
1029 1367 1156 1422 belli
1185 1387 1196 1420 :
1225 1374 1278 1422 et
1305 1368 1528 1421 stabunt
1552 1369 1716 1439 pedes
1738 1371 1858 1438 ejus
1881 1371 1935 1424 in
1962 1371 2033 1424 dit

2167 1363 2370 1432 Κύριος,
2423 1365 2517 1418 καὶ
2562 1364 2930 1437 παρατάξεται
2974 1365 3030 1417 ἐν
3065 1369 3174 1429 τοῖς
3205 1365 3413 1420 ἔθνεσιν
3466 1367 3713 1434 ἐκείνοις,

486 1460 574 1511 illa
602 1476 765 1529 super
797 1470 978 1514 monte
1006 1458 1316 1524 Olivarum,
1347 1459 1440 1529 qui
1471 1469 1555 1515 est
1594 1472 1782 1516 contra
1834 1461 2032 1518 Jerusa-

2166 1457 2334 1522 καθὼς
2360 1459 2541 1530 ἡμέρα
2572 1461 2928 1532 παρατάξεως
2960 1460 3125 1514 αὐτοῦ
3160 1464 3218 1514 ὲν
3247 1463 3427 1534 ἡμέρᾳ
3453 1463 3712 1533 πολέμου.

486 1550 588 1603 lem
618 1551 686 1604 ab
713 1551 948 1614 Oriente,
980 1558 1032 1604 et
1059 1550 1338 1604 scindetur
1369 1565 1524 1606 mons
1553 1549 1827 1607 Olivarum
1849 1593 1864 1617 ,
1893 1553 2032 1608 dimi-

2169 1553 2259 1604 ἰαὶ
2287 1553 2569 1622 στήσονται
2611 1555 2660 1605 oi
2715 1554 2872 1618 πόδες
2904 1554 3067 1609 αὑτοῦ
3100 1555 3156 1606 ἐν
3188 1557 3253 1625 τῇ
3296 1556 3482 1626 ἡμέρᾳ
3512 1557 3715 1626 ἐκείνῃ,

485 1640 634 1694 dium
665 1642 785 1711 ejus
815 1643 881 1696 ad
913 1643 1206 1707 Orientem,
1233 1649 1287 1696 et
1308 1641 1591 1697 dimidium
1623 1644 1744 1714 ejus
1770 1645 1838 1699 ad
1864 1660 2015 1700 mare

2173 1643 2244 1695 ιπὶ
2269 1643 2329 1696 τὸ
2379 1644 2500 1715 ὅρος
2527 1645 2633 1696 τῶν
2675 1646 2899 1700 Ἐλαιῶν
2927 1648 3007 1712 τὸ,
3040 1647 3319 1700 κατέναντι
3360 1647 3719 1719 Ἰερουσαλὴμ

485 1733 834 1803 profunditas
868 1747 1062 1803 magna
1093 1733 1461 1798 vehementer,
1493 1743 1548 1789 et
1576 1735 1857 1790 inclinabit
1883 1737 2031 1790 dimi-

2169 1734 2207 1799 ,ξ
2249 1702 2540 1800 ἀνατολων,
2593 1739 2683 1790 καὶ
2729 1702 3168 1810 σχισθὴσεταιτδ
3206 1738 3328 1809 ὅρος
3379 1702 3715 1802 Ἐλαιῶιαὲὺ

483 1827 634 1880 dium
668 1828 867 1880 montis
897 1827 962 1881 ad
996 1827 1222 1882 Boream
1244 1871 1259 1895 ,
1286 1838 1338 1884 et
1361 1828 1643 1882 dimidium
1672 1829 1790 1899 ejus
1819 1831 1886 1884 ad
1909 1831 2029 1888 Aus'

2166 1828 2314 1899 ῐγμισυ
2371 1828 2534 1882 αὐτοῦ
2585 1829 2723 1900 πρὸς
2781 1830 3071 1884 Θάλασσαν.
3111 1830 3256 1894 Χάος
3301 1829 3442 1899 μέγα
3491 1830 3712 1900 σφόδρα,

484 1926 630 1972 trum
659 1939 671 1973 ε
706 1927 758 1972 et
789 1920 1136 1973 ohturabitur
1165 1921 1324 1975 vallis
1365 1919 1630 1973 montium
1676 1935 1955 1986 meorum,
1995 1936 2030 1976 el

2170 1920 2240 1972 ιαὶ
2271 1919 2440 1972 κλινεῖ
2463 1920 2521 1973 τὸ
2544 1921 2712 1990 ἥμισυ
2741 1921 2832 1973 τοῦ
2881 1922 3040 1993 ὅρους
3066 1923 3200 1992 πρὸς
3230 1923 3320 1975 τὸν
3349 1922 3588 1994 Βορρᾶν,
3625 1926 3716 1976 καὶ

484 2011 947 2080 eonglutinahitur
971 2012 1234 2068 convallis
1267 2013 1531 2066 montium
1563 2028 1735 2082 usque
1760 2014 1918 2068 Asael
1948 2032 1961 2068 ε
1995 2028 2030 2069 e‘

2171 2011 2207 2064 τὺ
2235 2013 2404 2081 ἥμισυ
2461 2011 2623 2064 αὑτοῦ
2658 2013 2792 2083 πρὸς
2825 2013 3015 2066 Νότον.
3057 2015 3168 2068 Καὶ
3203 2014 3656 2085 ὲμφραχθήσεται
3681 2017 3717 2087 ἡ

481 2101 847 2165 obturabitur,
870 2101 1326 2179 quemadrgodum
1351 2103 1602 2156 obturata
1621 2108 1704 2155 est
1726 2114 1755 2152 a
1779 2100 1915 2156 facie
1935 2109 2027 2156 ter

2173 2103 2329 2166 ιοιλὰς
2360 2101 2464 2155 τῶν
2493 2103 2661 2175 ὀρέων
2690 2121 2812 2174 μου,
2846 2105 2937 2158 καὶ
2956 2105 3409 2175 ὲγκολληθήσεται
3435 2107 3471 2176 ἠ
3500 2107 3719 2177 φάραγξ

484 2210 558 2249 rae
603 2202 803 2258 motus,
838 2195 892 2248 in
925 2195 1116 2252 diebus
1144 2194 1287 2248 Oziac
1321 2194 1464 2264 regis
1490 2192 1648 2248 Juda.
1687 2193 1771 2265 [Et
1801 2195 2030 2250 adveniet

2179 2195 2313 2266 ρέων
2364 2196 2466 2259 ἓως
2531 2196 2730 2268 ’Δσαήλ
2755 2214 2767 2227 ο
2801 2199 2895 2250 καὶ
2945 2197 3389 2269 ὲμφραχθήσεται
3430 2199 3491 2252 ὃν
3517 2199 3721 2270 τρόπον

483 2288 747 2342 Dominus
790 2286 930 2342 Deus
971 2303 1162 2351 meus,
1193 2296 1248 2342 et
1279 2302 1470 2342 omnes
1515 2288 1691 2341 sancti
1735 2303 1858 2342 cum
1899 2287 2029 2359 θοις

2177 2285 2414 2355 νεφράγη
2462 2285 2567 2338 ἀπὸ
2616 2286 2904 2357 προσώπου
2946 2287 3037 2339 τοῦ
3088 2287 3333 2358 σεισμοῦ,
3369 2290 3424 2340 ὲν
3477 2290 3719 2362 ἡμέραις

479 2387 534 2434 et
575 2380 677 2434 erit
727 2379 780 2432 in
822 2379 912 2434 die
956 2380 1080 2443 illa,
1127 2395 1236 2435 non
1284 2381 1388 2434 erit
1418 2379 1636 2442 lumen,
1670 2377 1764 2434 sed
1796 2379 2022 2448 friguse

2176 2374 2332 2440 Οζίου
2384 2377 2643 2446 βασιλέως
2721 2378 2908 2432 Ἰούδα.
2963 2380 3073 2432 Καὶ
3130 2379 3283 2432 ἔσται
3334 2383 3390 2433 ὲν
3415 2381 3600 2454 ἐκείνῃ
3643 2384 3719 2453 τῇ

481 2471 682 2540 glacies
709 2472 814 2525 erit
847 2471 934 2525 die
968 2485 1075 2525 uno
1100 2489 1113 2524 :
1149 2481 1203 2526 et
1231 2471 1348 2527 dies
1378 2471 1468 2524 ille
1501 2478 1666 2524 notus
1696 2469 1927 2524 Domino
1947 2510 1962 2534 ,
1992 2485 2027 2524 e:

2175 2469 2347 2541 ίμέρᾳ,
2375 2471 2476 2523 οὐκ
2497 2469 2647 2522 ἔσται
2701 2470 2837 2540 φῶς,
2872 2470 3003 2524 ἀλλὰ
3021 2470 3210 2541 ψῦχος,
3230 2472 3322 2525 καὶ
3357 2473 3521 2540 πάγος
3553 2473 3721 2528 ἔσται

481 2580 588 2618 non
625 2563 776 2627 dies,
822 2579 998 2634 neque
1041 2580 1183 2626 nox,
1231 2564 1298 2616 ad
1341 2578 1624 2632 vesperam
1673 2563 1778 2617 erit
1819 2563 1934 2616 lux.
1980 2561 2027 2614 Ε.

2170 2561 2276 2614 ιίαν
2306 2562 2534 2632 ἡμέραν.
2557 2564 2664 2615 Kal.
2685 2565 2720 2632 ἡ
2750 2563 2931 2635 ἡμέρα
2946 2564 3126 2634 ἐκείνη
3152 2565 3367 2635 γνωστὴ
3395 2564 3472 2634 τῷ
3498 2566 3716 2637 Κυρίῳ,

480 2659 584 2709 erit
622 2657 676 2709 in
715 2655 804 2709 die
841 2657 932 2708 illa
956 2696 970 2717 ,
1008 2655 1320 2725 egredietur
1357 2669 1496 2723 aqua
1533 2654 1652 2708 viva
1703 2653 1770 2708 de
1819 2652 2026 2708 Jerusa-

2172 2654 2240 2707 ια).
2270 2655 2366 2724 οὐχ
2396 2653 2600 2726 ἡμέρα,
2627 2655 2722 2708 καὶ
2748 2655 2868 2726 οὐχὶ
2899 2654 3013 2720 νὺξ,
3047 2655 3108 2708 τὸ
3141 2656 3276 2726 πρὸς
3299 2657 3539 2728 ἑσπέραν
3564 2658 3718 2713 ἔσται

482 2749 588 2800 lem
612 2765 628 2802 :
659 2746 942 2801 dimidium
973 2746 1093 2814 ejus
1116 2746 1180 2799 ad
1209 2761 1356 2800 mare
1383 2747 1618 2815 primum
1641 2786 1656 2811 ,
1682 2753 1735 2800 et
1759 2743 2028 2798 dimidiuu

2173 2745 2279 2809 ›ὦς.
2314 2747 2422 2800 Καὶ
2440 2746 2590 2800 ἕσται
2616 2750 2672 2801 ὲν
2704 2749 2769 2817 τῇ
2791 2747 2966 2818 ἡμέρᾳ
2991 2747 3190 2820 ἑκείνῃ,
3216 2746 3558 2812 ἐξελεύσεται
3574 2750 3719 2823 ὓδωρ

479 2838 602 2905 ejus
641 2838 707 2890 ad
748 2851 897 2890 mare
939 2837 1189 2890 ultimum
1222 2855 1235 2890 :
1277 2837 1331 2890 in
1369 2843 1556 2892 astate
1594 2843 1648 2890 et
1686 2837 1741 2890 in
1783 2852 1904 2891 vere
1940 2836 2018 2890 eri

2173 2837 2251 2891 ῗῶν
2286 2835 2346 2902 ἐξ
2377 2838 2730 2910 Ἰερουσαλήμ
2754 2856 2766 2868 ο
2795 2838 2855 2891 τὸ
2882 2840 3052 2909 ἥμισυ
3075 2839 3244 2896 ,αὐτοῦ
3276 2842 3356 2904 είς
3391 2840 3491 2912 τὴν
3522 2841 3719 2897 Θάλασ-

483 2931 564 2985 sic
598 2950 611 2984 ε
649 2937 702 2985 et
730 2930 834 2984 erit
864 2929 1125 2984 Dominus
1157 2931 1212 2984 in
1245 2945 1426 3000 regem
1473 2929 1528 2982 in
1573 2943 1786 2983 omnem
1819 2935 2029 2982 terram.

2170 2945 2245 2981 παν
2273 2927 2370 3000 τὴν
2403 2928 2644 3000 πρώτην,
2677 2929 2769 2983 καὶ
2791 2931 2960 3000 ἥμισυ
2991 2929 3153 2983 αὐτοῦ
3202 2934 3282 2994 είς
3309 2931 3406 3001 τὴν
3439 2932 3716 2987 θάλασσαν

482 3015 540 3070 1η
591 3015 678 3070 die
727 3016 817 3070 illa
867 3017 972 3071 erit
1025 3016 1288 3072 Dominus
1345 3033 1524 3082 unus,
1573 3024 1626 3071 et
1675 3031 1872 3072 nomen
1923 3017 2028 3086 ejus

2170 3020 2244 3095 ςὴν
2268 3023 2520 3094 ἐσχάτην.
2565 3022 2651 3074 Ἐν
2675 3021 2820 3092 θέρει
2841 3023 2933 3077 καὶ
2959 3024 3016 3076 ὲν
3058 3023 3175 3094 ἔαρι
3208 3023 3359 3076 ἔσται
3385 3023 3583 3088 οὕτως.
3610 3025 3716 3078 Καὶ

480 3125 649 3162 unum
671 3149 686 3171 ,
715 3109 1060 3164 circumdans
1085 3124 1300 3164 omnem
1331 3118 1526 3164 terram
1550 3147 1565 3173 ,
1598 3116 1651 3162 et
1676 3123 1891 3162 omnem
1917 3108 2026 3163 soli-

2165 3113 2300 3167 ἔσται
2335 3114 2534 3186 Κύριος
2583 3114 2660 3177 είς
2692 3114 2912 3184 βασιλέα
2954 3115 3045 3168 ἐπὶ
3074 3117 3250 3169 πᾶσαν
3275 3116 3371 3186 τὴν
3402 3117 3531 3187 γῆν,
3565 3119 3624 3171 ὲν
3649 3122 3711 3189 τῇ

479 3198 720 3255 tudinem
753 3199 818 3254 “.
846 3219 865 3252 ι
890 3198 1018 3254 Post
1048 3201 1279 3270 primam
1329 3201 1667 3256 obsidionem
1707 3199 2007 3256 Jerusalem

2166 3206 2331 3277 ἡμέρᾳ
2361 3207 2541 3277 ἐκείνῃ
2592 3206 2743 3258 ἔσται
2771 3206 2971 3276 Κύριος
2993 3201 3092 3272 εἷς,
3128 3207 3222 3260 καὶ
3247 3208 3306 3260 τὸ
3335 3207 3508 3278 ὄνομα
3551 3208 3712 3264 αὑτοῦ

478 3298 887 3360 extremamque
912 3291 1057 3345 illius
1083 3292 1296 3346 ruinam
1321 3300 1376 3348 et
1399 3293 1743 3348 solitudinem
1764 3333 1778 3357 ,
1803 3310 1924 3364 quae
1946 3296 2024 3350 sul

2167 3298 2226 3361 ἑν,
2261 3297 2490 3351 κυκλοῦν
2513 3298 2692 3349 πᾶσαν
2721 3296 2814 3367 τὴν
2847 3297 2948 3367 γῆν
2978 3297 3070 3350 καὶ
3107 3297 3204 3367 τὴν
3236 3296 3460 3368 ἔρημον.
3506 3317 3524 3348 ι
3561 3297 3713 3352 Μετὰ

479 3380 789 3452 Babyloniis
819 3381 1046 3445 accidit,
1076 3392 1305 3453 postque
1335 3383 1565 3438 reditum
1597 3385 1664 3439 ab
1686 3385 1868 3440 hostili
1901 3395 2025 3442 terr:

2168 3385 2243 3456 τὴν
2273 3385 2492 3457 πρώτην
2553 3386 2864 3456 πολιορκίαν
2918 3387 3014 3456 τῆς
3078 3387 3450 3458 Ἰερουσαλὴμ,
3493 3388 3589 3442 καὶ
3621 3387 3714 3458 τὴν

479 3475 547 3528 ad
579 3475 811 3544 patriam
834 3513 849 3539 ,
882 3474 975 3543 qui
1011 3475 1114 3529 sub
1135 3473 1278 3546 Cyro
1306 3474 1596 3531 Persarum
1627 3492 1754 3548 rege
1781 3479 2008 3550 contigit

2169 3475 2378 3545 παντελῆ
2427 3473 2739 3545 καθαίρεσιν
2800 3473 2988 3542 αὐτῆς,
3048 3474 3140 3525 καὶ
3173 3474 3449 3544 ἐρήμωσιν
3478 3473 3579 3543 τὴν
3614 3472 3715 3528 ὑπὸ

477 3582 602 3621 cum
640 3567 800 3636 paulo
859 3575 984 3620 ante
1025 3565 1322 3624 Jerusalem
1368 3567 1665 3623 instaurata
1733 3579 1911 3635 esset,
1958 3587 2023 3626 re-

2164 3567 2518 3630 3α6υλωνίων,
2581 3568 2672 3618 καὶ
2707 3565 2841 3636 μετὰ
2887 3564 2983 3635 τὴν
3037 3564 3144 3617 ἀπὸ
3185 3565 3284 3632 τῆς
3313 3564 3580 3634 πολεμίας
3614 3565 3710 3635 γῆς

478 3667 844 3729 novatumque
874 3661 1249 3713 sanctuarium
1273 3700 1288 3723 ,
1318 3669 1372 3715 et
1410 3660 1554 3730 quod
1587 3661 1729 3730 apud
1763 3662 1895 3715 illud
1927 3677 2020 3716 era

2168 3657 2238 3708 ,πὶ
2267 3657 2363 3729 τὴν
2391 3658 2594 3711 οἰκείαν
2646 3656 2924 3722 ἐπάνοδον,
2945 3655 3042 3726 τὴν
3071 3656 3162 3709 ἐπὶ
3203 3655 3384 3726 Κύρου
3437 3653 3531 3707 τοῦ
3576 3657 3714 3726 Περ-

477 3751 682 3813 altare,
731 3753 832 3806 sub
871 3750 1036 3806 Dario
1068 3751 1232 3806 Persa
1283 3768 1525 3822 praesens
1559 3755 1708 3806 canit
1740 3755 2005 3824 propheta

2165 3748 2255 3802 τῶν
2277 3748 2539 3818 βασιλέως
2590 3747 2908 3818 γενομένην,
2938 3751 3060 3818 ἄρτι
3094 3746 3191 3816 τῆς
3229 3746 3583 3818 Ἰερουσαλὴμ
3620 3748 3711 3800 ἀνα

476 3841 640 3913 285
669 3849 722 3896 et
751 3841 978 3912 posthac
1013 3841 1238 3896 alteram
1268 3841 1606 3896 obsidionem
1630 3839 1931 3897 Jerusalem
1958 3843 2022 3896 fu-

2165 3841 2546 3912 ιγηγερμένης,
2585 3839 2978 3901 ἁνανεωθέντος
3007 3837 3062 3891 δὲ
3103 3837 3194 3892 τοῦ
3229 3838 3588 3912 ἁγιάσματος,
3620 3836 3711 3890 καὶ

479 3942 656 3988 turam
700 3933 996 4004 signiﬁcat,
1044 3948 1207 4004 quam
1254 3947 1414 4002 passa
1441 3943 1527 3990 est
1563 3949 1593 3987 a
1637 3933 1900 3991 Romanis
1933 3953 2025 3990 nor

2165 3930 2232 3983 τοῦ
2252 3929 2385 4001 πρὸς
2402 3929 2552 4000 αὑτῷ
2583 3928 2963 3999 θυσιαστηρίου
2999 3929 3090 3981 ἐπὶ
3114 3925 3337 3998 Δαρείου
3360 3925 3453 3979 τοῦ
3481 3926 3711 3997 Πέρσου,

477 4028 634 4090 alias,
664 4042 827 4096 quam
855 4035 977 4096 post
1011 4027 1238 4089 scelera,
1267 4041 1389 4096 quae
1411 4027 1531 4095 ejus
1557 4027 1892 4085 habitatores
1913 4044 2023 4083 coni

2167 4048 2170 4068 ι
2197 4020 2383 4094 παρὼν
2405 4022 2688 4092 προφήτης
2717 4017 2982 4084 Θεσπίξει,
3019 4019 3115 4090 τὴν
3139 4018 3276 4089 μετὰ
3303 4017 3475 4072 ταῦτα
3527 4017 3713 4070 δευτέ-

476 4129 562 4173 tra
594 4118 929 4174 Salvatorem
959 4125 1204 4174 nostrum
1230 4115 1412 4172 Jesum
1440 4117 1716 4174 Christum
1747 4124 1862 4176 ausi
1893 4131 2019 4176 sunt

2163 4132 2241 4167 ›αν
2275 4114 2587 4185 πολιορκίαν
2628 4113 2726 4183 τῆς
2767 4111 3115 4184 Ἰερουσαλὴμ
3149 4109 3448 4181 σημαίνων,
3499 4109 3569 4182 ἢν
3612 4110 3709 4163 πέ-

421 4201 432 4212 ’
478 4210 922 4265 Manifestissime
945 4210 1113 4280 igitur
1144 4209 1310 4262 etiam
1354 4209 1528 4263 hocin
1561 4210 1702 4276 loco,
1741 4210 1960 4267 Salvato

2166 4206 2336 4259 τονθεν
2370 4206 2474 4258 ὑπὸ
2518 4205 2798 4276 Ῥωμαίων
2835 4205 2934 4258 οὐκ
2977 4203 3162 4259 ἄλλοτε
3207 4202 3238 4272 ἢ
3274 4200 3411 4272 μετὰ
3459 4199 3530 4254 τὰ
3574 4202 3712 4255 κατὰ

477 4301 671 4364 nostri,
699 4301 792 4369 qui
824 4299 917 4354 Dei
947 4299 1182 4354 Verbum
1209 4306 1313 4362 est,
1355 4300 1640 4363 adventus,
1666 4310 1719 4356 et
1745 4319 1865 4372 qua:
1893 4305 2023 4358 illius

2165 4297 2234 4351 ποῦ
2277 4299 2526 4370 Σωτῆρος
2562 4297 2720 4369 ἡμῶν
2761 4296 2931 4368 Ἰησοῦ
2976 4294 3208 4368 Χριστοῦ
3250 4296 3358 4358 τοῖς
3401 4294 3711 4364 οἰκήτορσιν

477 4401 720 4462 tempore
771 4392 1095 4455 acciderint,
1147 4391 1551 4463 signiﬁcantur:
1589 4401 1716 4448 sunt
1743 4411 1874 4450 vero
1902 4397 2023 4451 haec

2167 4391 2312 4462 ιὺτῆς
2371 4391 2762 4462 τετολμημένα.
2812 4389 3210 4460 Ἐναργέστατα
3271 4385 3558 4456 τοιγαροῦν
3619 4387 3713 4440 καὶ

476 4489 673 4559 partim
706 4503 824 4557 qua:
846 4501 953 4558 quo
981 4495 1223 4557 tempore
1253 4485 1342 4540 ille
1366 4499 1562 4556 passus
1583 4493 1688 4550 est,
1710 4495 1862 4557 gesta
1888 4498 2015 4544 sunt

2166 4481 2375 4535 ινταῦθα
2426 4482 2518 4534 τοῦ
2562 4482 2808 4552 Σωτῆρος
2841 4479 2996 4551 ἡμῶν
3029 4477 3120 4531 τοῦ
3161 4477 3293 4531 Θεοῦ
3332 4479 3504 4546 Λόγου
3545 4481 3580 4549 ἡ
3614 4496 3712 4532 πα-

475 4580 674 4653 partim
719 4594 840 4650 qua:
886 4578 1032 4633 illico
1079 4577 1401 4633 Hebraicam
1446 4579 1722 4633 nationem
1765 4580 2021 4650 oppressit

2159 4575 2354 4643 pouoia,
2384 4572 2573 4627 καὶτὰ
2622 4573 2712 4625 ἐπὶ
2761 4571 2927 4642 ταύτῃ
2974 4569 3354 4641 συμϐεϐηκότα
3402 4569 3705 4642 δηλοῦνται.

474 4672 709 4736 obsidio,
755 4677 811 4726 et
859 4671 1032 4742 ipsius
1073 4669 1374 4727 Jerusalem
1429 4673 1782 4742 expugnatio,
1816 4681 1870 4726 et
1915 4683 2020 4742 pos:

2161 4665 2328 4718 Γαῦτα
2355 4664 2413 4718 δὲ
2449 4661 2516 4736 ἦν
2555 4663 2688 4734 ὁμοῦ
2736 4661 2804 4716 τὰ
2844 4662 2969 4735 περὶ
3010 4662 3100 4714 τὸν
3142 4660 3328 4732 καιρὸν
3367 4660 3460 4714 τοῦ
3505 4663 3707 4728 πάθους

475 4767 591 4835 ipsa
628 4764 764 4826 haec,
795 4763 1008 4818 vocatio
1050 4763 1313 4832 gentium,
1349 4763 1621 4832 uniusque
1653 4777 1716 4815 ac
1738 4762 1910 4817 solius
1941 4761 2016 4816 De

2161 4757 2306 4811 ιὺτοῦ
2352 4758 2729 4829 πεπραγμένα,
2769 4756 2862 4810 καὶ
2906 4757 2938 4826 ἠ
2986 4754 3293 4827 παραυτίκα
3327 4754 3404 4826 τῷ
3443 4754 3707 4827 Ἐϐραίων

475 4857 617 4926 apud
652 4872 812 4910 omne
845 4870 1014 4925 genus
1045 4853 1323 4907 hominum
1355 4855 1615 4924 cognitio.
1649 4853 1920 4908 Caeterum
1952 4853 2021 4908 di-

2163 4851 2283 4906 ἱθνει
2333 4851 2630 4906 ἐπελθοῦσα
2673 4849 2972 4920 πολιορκία,
3007 4850 3100 4901 καὶ
3146 4847 3245 4917 τῆς
3288 4847 3644 4920 Ἰερουσαλὴμ
3675 4849 3709 4918 ἡ

475 4949 602 5002 vino
629 4947 833 5018 Spiritu
883 4946 1094 5001 amatus
1123 4947 1408 5016 propheta,
1440 4962 1563 5000 cum
1604 4946 1840 5016 quadam
1883 4961 2021 5000 com-

2161 4946 2362 5009 ἱλωσις,
2414 4946 2564 5015 καὶὴ
2597 4944 2732 5014 πρὸς
2773 4941 2979 5004 τούτοις
3026 4939 3212 5010 κλῆσις
3252 4939 3360 4992 τῶν
3391 4939 3586 5003 ἐθνῶν,
3615 4938 3707 4994 τοῦ

473 5040 843 5104 miseratione,
861 5049 1118 5109 tauquam
1137 5039 1182 5094 is
1210 5039 1302 5110 qui
1328 5054 1457 5094 suos
1479 5039 1542 5092 ad
1562 5037 2019 5092 circumcisioneu

2160 5059 2201 5093 τε
2249 5039 2364 5102 ὲνὸς
2409 5040 2502 5092 καὶ
2545 5039 2704 5106 μόνου
2755 5037 2888 5090 Θεοῦ
2939 5039 3017 5100 εἰς
3068 5037 3176 5089 πᾶν
3215 5034 3368 5104 γένος
3407 5033 3706 5105 ἀνθρώπων

473 5132 806 5202 pertinentes
838 5131 1102 5200 deploret,
1150 5129 1216 5182 ab
1259 5129 1652 5182 exclamatione
1683 5137 1873 5180 contra
1912 5127 2019 5180 illo:

2159 5131 2452 5198 επίγνωσις.
2486 5129 2552 5182 ’Ὁ
2575 5146 2636 5198 γε
2660 5127 2763 5199 μὴν
2788 5125 3226 5198 πνευματοφόρος
3253 5126 3538 5197 προφήτης
3562 5140 3705 5195 περι-

473 5238 586 5277 ειιαξ
632 5221 929 5294 prophetia;
966 5218 1180 5272 initium
1228 5216 1392 5270 facit:
1427 5216 1543 5270 dies
1584 5216 1750 5286 igitur
1792 5215 2019 5270 Domini.

2155 5223 2496 5293 παθέστερον,
2525 5220 2676 5274 ὼσὰν
2705 5221 2790 5272 ἐπ’
2830 5219 3048 5282 οἰκείοις
3080 5216 3474 5289 ὀλοφυρόμενος
3502 5219 3615 5278 τοῖς
3641 5217 3701 5270 ὲκ

474 5315 618 5370 sicut
661 5315 717 5368 in
766 5313 888 5368 aliis
929 5311 1086 5378 locis,
1117 5311 1219 5364 hoc
1252 5323 1466 5380 quoque
1499 5309 1552 5363 in
1601 5309 1722 5362 loco
1769 5309 2020 5372 nominat,

2152 5316 2456 5388 περιτομῆς,
2486 5315 2550 5366 ὲκ
2579 5314 2678 5384 τῆς
2711 5313 2830 5368 κατ’
2863 5312 3038 5367 αὐτῶν
3071 5312 3426 5381 ὲκφωνήσεως
3459 5308 3558 5380 τὴν
3573 5322 3698 5360 κατ-

475 5413 534 5460 ut
559 5408 638 5462 sic
673 5415 886 5476 tempus
910 5405 1136 5470 Christi,
1179 5402 1242 5458 ad
1285 5402 1532 5457 homines
1563 5399 1829 5457 adventus
1864 5402 2021 5472 signi-

2154 5409 2312 5481 ιρχὴν
2352 5407 2640 5477 πεποίηται
2681 5405 2780 5476 τῆς
2832 5403 3179 5476 προφητείας.
3215 5402 3456 5471 Ἡμέρας
3517 5400 3582 5470 δὴ
3612 5393 3700 5452 οὖν

475 5498 621 5555 licet:
671 5500 936 5569 planeque
969 5500 1024 5554 in
1057 5497 1246 5556 eodem
1274 5495 1535 5564 ostendit,
1573 5495 2021 5567 quemadmodum

2157 5501 2232 5554 τοῦ
2266 5499 2492 5572 Κυρίου,
2513 5497 2792 5572 ὠσπεροῦν
2821 5497 2912 5550 καὶ
2938 5497 2994 5549 ὲν
3026 5495 3249 5566 ἑτέροις,
3282 5490 3559 5546 κάνταῦθα
3590 5491 3703 5545 όντ-

581 5677 626 5710 ”
650 5674 816 5731 Zach.
851 5693 961 5744 xw,
987 5679 1096 5736 1-9.
