3916 6200
182 167 275 224 435

1037 160 1682 220 DEMONSTRATIONIS
1713 159 2167 216 EVANGELICE
2205 159 2335 214 LIB.
2378 159 2466 213 Vl.

3282 165 3387 220 454

183 279 343 352 μάζει,
374 279 514 333 οὕτω
556 280 646 333 τὸν
688 281 873 351 χρόνον
895 280 991 348 τῆς
1022 281 1099 342 εἰς
1127 278 1440 349 ἀνθρώπους
1479 276 1571 328 τοῦ
1600 276 1715 345 Χρι-

1836 272 1950 342 ipse
1979 272 2264 338 Dominus,
2294 284 2550 344 tanquam
2592 276 2769 331 lumen
2797 292 3005 343 verum,
3046 282 3388 350 propriet-um

184 372 294 426 στοῦ
342 373 643 444 παρουσίας
687 372 990 442 σημαίνων·
1034 373 1126 424 καὶ
1177 369 1361 438 σαφῶς
1408 367 1600 436 δηλῶν,
1653 367 1728 429 ὡς

178 464 272 535 ἄρα
300 464 330 516 ὁ
374 464 575 533 Κύριος
626 463 806 525 αὐτὸς,
841 458 928 514 οἷα
976 462 1089 531 φῶς
1126 460 1374 530 ἀληθινὸν
1421 458 1725 528 τυγχάνων,

178 554 307 610 ἰδίων
337 555 561 624 ποιητής
600 570 726 605 ποτε
772 555 1057 624 γενήσεται
1095 551 1333 623 ἡμερῶν.
1377 552 1500 613 Τοῖς
1538 550 1595 602 δὲ
1636 550 1727 602 ἐπὶ

173 648 265 717 γῆς
287 646 496 700 ιᾶπασιν
542 644 843 716 ἀνθρώποις
885 644 1178 713 ὲπιλάμψει
1211 644 1318 696 τῶν
1352 643 1517 696 ἐθνῶν
1550 643 1724 695 ἁπάν-

173 755 287 802 των,
326 737 497 799 αὐτόν,
525 754 585 789 τε
635 738 728 789 καὶ
775 737 874 799 τὰς
920 738 1140 799 ἀκτῖνας
1193 736 1284 788 τοῦ
1338 736 1516 805 φωτὸς
1561 735 1724 788 αὑτοῦ

172 829 619 899 καταδεξαμένων,
660 830 771 889 ὅτε,
800 826 908 881 τῶν
928 828 1094 880 ἐθνῶν
1137 829 1387 882 ἁπάντων
1427 825 1726 896 φωτιζομέο

172 938 266 973 »ων
298 920 432 973 κατά
464 921 545 985 τὸ,
578 939 595 971 ι
654 919 883 973 Τέθεικά
932 936 989 971 σε
1040 921 1117 981 εἰς
1165 919 1279 987 φῶς
1330 918 1590 989 διαθήκης
1631 919 1725 985 γέ-

172 1029 302 1075 νους,
339 1031 356 1062 ι
389 1012 449 1064 τὸ
494 1011 758 1065 Ἰουδαίων
804 1010 952 1073 ἔθνος
996 1010 1083 1063 διὰ
1134 1011 1230 1081 τὴν
1276 1011 1355 1071 εἰς
1394 1009 1552 1062 αὐτὸν
1600 1009 1725 1060 ἀπι-

172 1104 335 1169 στίαν,
369 1105 480 1166 τοῖς
532 1103 777 1173 ἐσχάτοις
799 1106 1169 1175 περιπεσεῖται
1216 1101 1422 1155 δεινῶν.
1472 1101 1722 1154 Τοιοῦτον

166 1194 269 1265 γάρ
299 1195 410 1246 ἐστι
441 1195 527 1246 τό·
570 1212 588 1245 ι
631 1194 761 1247 Ἰδοὺ
794 1195 978 1265 ἡμέρα
1012 1194 1225 1264 ἔρχεται
1252 1192 1345 1245 τοῦ
1378 1192 1602 1262 Κυρίου,
1629 1194 1722 1245 καλ⁵

164 1285 659 1356 διαμερισθήσονται
698 1284 767 1338 τὰ
795 1284 967 1338 σκῦλά
1008 1302 1100 1337 σου
1143 1286 1199 1337 ἐν
1244 1286 1343 1349 σοὶ,
1371 1285 1464 1337 καὶ
1503 1286 1722 1336 ἐπισυν-

163 1377 272 1442 dato
299 1378 467 1431 πάντα
492 1377 561 1429 τὰ
584 1377 709 1446 ἔθνη
740 1377 831 1429 ἐπὶ
865 1376 1216 1447 Ἰερουσαλὴμ
1238 1378 1317 1438 εἰς
1343 1376 1594 1446 πόλεμον,
1628 1378 1721 1429 καὶ

160 1470 419 1523 ἁλώσεται
444 1471 477 1540 ὴ
515 1469 689 1533 πόλις,
720 1470 814 1523 καὶ
837 1470 1296 1540 διαρπαγήσονται
1327 1472 1382 1522 αἰ
1411 1469 1596 1533 οἰκίαι,
1630 1472 1721 1523 καὶ

160 1564 213 1614 αἰ
268 1564 514 1630 γυναῖκες
569 1561 1024 1631 μολυνθήσονται,
1090 1561 1181 1613 καὶ
1250 1560 1582 1626 ἐξελεύσεται
1658 1561 1720 1613 τὸ

1830 366 2120 433 aliquando
2173 376 2366 422 auctor
2412 368 2505 422 ﬁet
2552 368 2785 435 dierum,
2819 377 2873 425 et
2917 372 3169 429 omnibus
3207 376 3298 445 qui
3333 377 3389 431 in

1828 465 1974 511 terra
2019 466 2145 512 sunt
2190 459 2497 515 hominibus
2538 460 2837 527 illucescct,
2885 478 2993 531 quo
3036 470 3282 536 tempore
3336 478 3391 523 et

1829 547 2010 617 ipsum
2056 556 2109 603 et
2160 550 2384 603 luminis
2416 551 2588 620 ipsius
2634 550 2839 617 radios,
2887 554 3154 609 universae
3201 567 3390 627 gentes

1828 641 2146 710 suscipient,
2177 656 2297 711 quae
2318 642 2537 711 quidem
2572 643 2701 696 dum
2734 643 3206 715 illuminabuntur,
3236 650 3389 717 juxta

1825 730 1987 787 illud:
2028 752 2047 783 ί
2072 733 2235 788 Posui
2267 735 2395 788 tein
2430 735 2610 791 lumen
2633 738 2894 804 gentium,
2924 739 2977 791 in
3005 748 3387 795 testamentum

1824 824 2036 892 generis
2058 823 2125 888 ⁸⁵,
2162 845 2180 876 ι
2212 824 2416 879 interea
2455 825 2681 881 Judaica
2724 844 2875 898 gens,
2907 841 3128 901 propter
3157 833 3391 888 inﬁdeli-

1823 921 1986 968 tatem
2010 916 2272 971 adversus
2299 918 2474 979 illum,
2496 919 2548 972 in
2571 930 2810 974 extrema
2840 922 3041 977 incidet
3064 923 3387 981 infortunia.

1823 1004 1954 1060 Tale
1989 1007 2157 1077 igitur
2186 1016 2268 1062 est
2309 1009 2473 1063 illud:
2512 1029 2530 1061 ι
2563 1010 2699 1065 Ecce
2730 1012 2845 1067 dies
2878 1013 3024 1067 venit
3058 1013 3293 1079 Domini,
3334 1026 3387 1070 et

1822 1097 2132 1153 dividentur
2177 1101 2350 1170 spolia
2397 1109 2488 1154 tua
2534 1101 2589 1154 in
2642 1109 2715 1165 te,
2752 1110 2804 1155 ct
2831 1103 3171 1173 congregabo
3197 1085 3409 1160 omnes

1822 1199 2008 1261 gentes
2056 1192 2110 1247 in
2139 1192 2439 1248 Jerusalem
2470 1193 2538 1247 ad
2565 1194 2785 1258 bellum,
2817 1201 2870 1247 et
2913 1199 3159 1263 capietur
3188 1196 3383 1251 civitas

1820 1295 1873 1339 et
1921 1285 2245 1355 diripientur
2275 1285 2472 1340 domus
2520 1294 2569 1340 et
2612 1286 2866 1340 mulieres
2918 1286 3291 1350 ftedabuntur,
3327 1296 3381 1341 et

1819 1374 2126 1443 egredietur
2169 1374 2454 1428 dimidium
2489 1374 2724 1428 civitatis
2770 1374 2823 1427 in
2859 1375 3221 1443 captivitate.»
3255 1374 3387 1430 Post

1818 1481 1947 1520 vero
1978 1467 2154 1536 ipsius
2180 1465 2482 1522 Jerusalem
2514 1467 2876 1529 obsidionem,
2913 1474 3119 1521 et-eam
3162 1483 3283 1537 qua:
3316 1468 3384 1522 il-

1818 1558 1925 1612 lico
1954 1566 2139 1613 secuta
2172 1566 2256 1613 est
2280 1558 2521 1612 Iudaica:
2551 1560 2727 1629 gentis
2751 1559 3090 1621 servitutem,
3124 1546 3384 1630 deinceps

159 1655 324 1723 ἥμισυ
345 1654 436 1723 τῆς
456 1652 660 1715 πόλεως
691 1654 747 1704 ἐν
769 1652 1127 1723 αἰχμαλωσίᾳ.
1156 1672 1172 1702 ›
1198 1651 1352 1704 Μετά
1383 1652 1439 1705 δέ
1464 1652 1559 1723 τὴν
1582 1652 1715 1705 κατά

1824 1647 1964 1700 bona
2012 1648 2285 1703 omnibus
2333 1648 2576 1719 adjungit
2631 1651 2961 1711 communia,
3013 1650 3093 1704 sic
3140 1665 3378 1705 canens:

161 1746 251 1815 τῆς
288 1743 635 1815 Ἰερουσαλὴμ
689 1743 1019 1814 πολιορκίαν,
1072 1743 1165 1796 καὶ
1222 1743 1317 1814 τὴν
1380 1746 1495 1813 μετ’
1551 1743 1720 1815 αὐτὴν

160 1835 521 1906 αἰχμαλωσίαν
574 1834 667 1887 τοῦ
718 1834 983 1887 Ἰουδαίων
1013 1834 1215 1897 ἔθνους,
1269 1835 1510 1902 ἐπιλέγει
1568 1834 1715 1904 ἑξῆς,

160 1926 325 1995 ἀγαθά
353 1929 463 1988 τοῖς
505 1926 637 1976 πᾶσι
672 1923 968 1987 θεσπίζων
1013 1942 1030 1974 ι
1071 1925 1181 1977 Καὶ
1210 1924 1362 1976 ἔσται
1405 1922 1606 1993 Κύριος
1642 1926 1719 1987 εἰς

160 2016 369 2085 βασιλέα
409 2016 501 2067 ἐπὶ
548 2018 729 2069 πᾶσαν
762 2015 858 2086 τὴν
884 2014 986 2084 γῆν
1010 2031 1022 2044 ο
1066 2034 1083 2065 ι
1114 2016 1206 2067 καλ⁵
1238 2015 1396 2067 πάλιν
1416 2032 1429 2045 δ
1474 2032 1493 2064 ‹
1530 2016 1719 2068 Ἔσται

160 2107 349 2179 Κύριος
374 2103 474 2169 εἷς,
510 2109 603 2159 καὶ
650 2106 710 2158 τὸ
750 2105 918 2176 ὄνομα
962 2106 1125 2158 αὑτοῦ
1168 2106 1245 2171 ἓν,
1276 2106 1506 2159 κὐκλοῦν
1543 2108 1721 2159 πᾶσαν

154 2202 246 2271 τὴν
278 2200 379 2270 γῆν
407 2200 501 2252 καὶ
536 2199 631 2269 τὴν
673 2199 894 2268 ἔρημον.
937 2218 955 2249 ι
996 2197 1152 2250 Ἀλλὰ
1186 2197 1293 2269 γὰρ
1340 2199 1433 2250 καὶ
1479 2198 1540 2250 τὸ
1593 2196 1721 2253 Ἰου-

157 2291 309 2343 δαίων
335 2291 485 2354 ἔθνος
514 2291 735 2343 τοιαῦτα
782 2290 1062 2344 πείσεσθαι
1118 2292 1175 2343 ἐν
1216 2292 1335 2352 ταῖς
1383 2288 1477 2341 τοῦ
1515 2288 1719 2358 Κυρίου

158 2385 381 2454 ἡμέραις
412 2385 509 2455 τῆς
543 2385 895 2454 προρρήσεως
939 2383 1381 2454 ἀποφηναμένης,
1417 2383 1500 2446 τίς
1528 2383 1626 2436 οὑκ
1653 2381 1717 2434 ἂν

158 2474 441 2544 θαυμάσειε
489 2474 587 2542 τῆς
631 2475 985 2545 προρρήσεως
1029 2475 1090 2527 τὸ
1133 2473 1510 2543 ἀποτέλεσμα;
1569 2474 1718 2543 Ἀμα

156 2567 256 2637 γὰρ
295 2566 501 2637 Ἰησοῦς
534 2568 561 2619 ὁ
602 2566 791 2636 Σωτὴρ
819 2567 910 2619 καὶ
937 2567 1137 2638 Κύριος
1177 2567 1330 2637 ἡμῶν
1366 2566 1563 2638 παρῆν,
1595 2566 1720 2634 ἠσέ-

154 2658 272 2710 ὁουν
298 2675 358 2710 τε
386 2661 464 2721 εἰς
492 2658 651 2710 αὐτὸν
680 2660 729 2710 οἱ
766 2660 828 2710 ἐκ
867 2660 1182 2729 περιτομῆς,
1208 2659 1302 2711 καὶ
1336 2658 1511 2711 πάντα
1538 2657 1719 2719 αὐτοῖς

154 2749 355 2821 ἀθρόως
378 2751 445 2802 τὰ
478 2750 946 2822 προηγορευμένα,
975 2749 1109 2819 μετὰ
1130 2749 1575 2803 πεντακοσιοστὸν
1600 2748 1718 2812 ἔτος

149 2842 244 2912 τῆς
275 2845 651 2914 προρρήσεως,
701 2843 884 2904 τέλους
905 2841 1215 2911 ἐτύγχανεν,
1250 2842 1310 2905 ἐξ
1349 2841 1511 2895 αὐτοῦ
1553 2842 1718 2895 Πιλά-

146 2949 258 2999 ιῦου,
306 2935 399 2988 καὶ
460 2915 617 3006 μέχρι
670 2934 769 3004 τῆς
820 2934 958 2987 κατά
997 2935 1222 3005 Νέρωνα
1284 2934 1376 2986 καὶ
1411 2933 1565 2986 Τίτον
1623 2934 1718 2988 καὶ

150 3027 547 3080 Οὐεσπασιανὸν
594 3026 925 3097 πολιορκίας,
972 3026 1029 3077 ού
1072 3025 1478 3079 διαλελοιπότων
1521 3027 1716 3089 αὐτοὺς

149 3117 416 3170 παντοίων
450 3117 540 3169 καὶ
569 3115 879 3186 ἐπαλλήλων
913 3116 1227 3186 συμφορῶν,
1264 3116 1339 3178 ὼς
1370 3116 1627 3186 πάρεστιν
1653 3117 1716 3168 ὲκ

144 3211 247 3279 τῆς
299 3207 518 3261 Φλαυίου
577 3210 835 3280 Ἰωσήπου
885 3210 1187 3279 γραφείσης
1241 3208 1476 3279 ἱστορίας
1526 3207 1716 3261 ἀναλέ-

146 3300 360 3364 ξασθαι.
407 3300 534 3353 Τότε
579 3300 675 3371 μέν
720 3297 811 3353 οὖν
856 3301 1000 3365 εἰκὸς
1045 3299 1104 3353 τὸ
1153 3301 1323 3370 ἥμισυ
1370 3300 1465 3370 τῆς
1512 3299 1716 3363 πόλεως

142 3393 481 3446 ἀπολωλέναι
520 3396 584 3464 τῇ
621 3393 921 3464 πολιορκίᾳ,
963 3393 1037 3456 ὦς
1088 3410 1250 3464 φησιν
1293 3394 1325 3462 ἡ
1378 3391 1711 3462 προφητεία⁶

144 3486 262 3553 μετ’
292 3485 355 3537 ού
388 3486 550 3537 πολὺν
596 3486 653 3537 δὲ
696 3486 904 3556 χρόνον,
941 3486 1079 3539 κατὰ
1125 3486 1397 3557 Ἀδριανδν
1446 3484 1712 3555 αὐτοκρά-

138 3592 296 3646 τορα,
326 3579 588 3644 κινήσεως
610 3571 761 3638 αὖθις
794 3575 1089 3639 Ἰουδαϊκῆς
1106 3576 1420 3645 γενομένης,
1444 3574 1503 3627 τὸ
1534 3574 1715 3627 λοιπὸν

137 3666 241 3735 τῆς
270 3665 477 3728 πόλεως
501 3665 661 3735 μέρος
683 3665 872 3735 ἥμισυ,
894 3664 1246 3736 πολιορκηθὲν
1267 3661 1422 3729 αὖθις
1446 3664 1717 3731 ἐξελαύνε-

134 3774 250 3819 ται,
268 3757 350 3819 ὡς
370 3756 428 3819 ἐξ
448 3757 653 3809 ἐκείνου
676 3757 769 3809 καὶ
795 3757 872 3820 εἰς
891 3755 1046 3827 δεῦρο
1070 3756 1299 3826 πάμπαν
1315 3755 1509 3809 ἄϐατον
1534 3755 1713 3817 αὐτοῖς

132 3848 393 3917 γενέσθαι
422 3849 511 3901 τὸν
542 3849 719 3902 τόπον.
744 3850 807 3901 Εἰ
826 3848 881 3900 δὲ
900 3848 1043 3916 λέγοι
1063 3866 1145 3911 τις
1168 3848 1305 3902 κατὰ
1333 3848 1595 3917 ’Δντίοχον
1622 3847 1712 3900 τὸν

147 3940 424 4010 Ἐπιφανῆ
452 3939 623 3993 ταῦτα
650 3938 1065 4010 πεπληρῶσθαι,
1102 3938 1405 4008 σκεψάσθω,
1437 3940 1483 3991 εἰ
1514 3934 1622 4001 οἷός
1653 3937 1712 3991 τέ

128 4034 287 4084 ἐστιν
324 4030 628 4085 ἀποδιδόναι
662 4031 755 4083 καὶ
795 4031 864 4083 τὰ
903 4030 1063 4084 λοιπά
1092 4030 1187 4101 τῆς
1210 4029 1542 4100 προφητείας
1573 4028 1731 4106 κατὰ.

124 4124 263 4185 τοὺς
311 4122 577 4193 ’Δντιὸχου
605 4122 858 4193 χρόνους
891 4120 1000 4175 οἷον
1026 4122 1087 4174 τὸ
1113 4120 1484 4192 αἰχμαλωσίαν
1513 4136 1711 4172 πεπον-

124 4214 291 4267 θέναι
327 4212 417 4265 τὸν
447 4213 591 4274 λαὸν,
625 4213 713 4265 καὶ
743 4212 803 4264 τὸ
829 4212 1017 4281 στῆναι
1040 4213 1164 4275 τοὺς
1197 4212 1357 4273 πόδας
1388 4212 1591 4281 Κυρίου
1617 4210 1708 4263 ἐπὶ

1826 1757 1844 1788 ι
1878 1737 1942 1791 Ει
1970 1740 2072 1792 erit
2098 1738 2358 1793 Dominus
2385 1741 2439 1793 in
2470 1755 2647 1810 regem
2680 1741 2734 1793 in
2767 1756 2981 1794 onmem
3009 1748 3228 1795 terram.
3263 1760 3281 1793 ι
3318 1741 3384 1795 Et

1820 1849 2041 1888 rursus:
2072 1853 2090 1884 ‹
2118 1834 2231 1887 Erit
2254 1834 2514 1889 Dominus
2538 1851 2699 1899 unus,
2724 1843 2777 1889 et
2802 1851 2999 1890 nomen
3023 1837 3167 1890 illius
3189 1851 3379 1899 unum,

1821 1926 2065 1981 ambiens
2090 1941 2308 1978 omnem
2340 1934 2539 1980 terram
2563 1937 2616 1981 et
2649 1926 3018 1982 solitudinem.
3055 1947 3073 1979 ι
3114 1926 3218 1982 Sed
3234 1929 3380 1982 enim

1819 2032 1941 2069 cum
1982 2016 2299 2070 vaticinium
2348 2018 2612 2081 enuntiet,
2666 2018 2948 2072 Judaicam
3000 2024 3212 2087 gentem
3262 2033 3384 2073 esse

1819 2108 1947 2159 talia
1979 2122 2359 2176 perpessuram
2392 2109 2449 2162 in
2474 2108 2667 2164 diebus
2701 2108 2938 2171 Domini,
2963 2110 3087 2178 quis
3129 2125 3236 2162 non
3276 2110 3387 2163 exi-

1819 2204 1933 2251 tum
1978 2199 2219 2253 vaticinii
2272 2199 2608 2255 admiretur?
2678 2200 2813 2253 Nam
2864 2201 3025 2253 simul
3095 2215 3159 2252 ac
3220 2199 3384 2255 Jesus

1822 2284 2069 2342 Salvator
2099 2304 2161 2341 ac
2196 2288 2458 2343 Dominus
2490 2298 2678 2344 noster
2707 2288 2945 2351 advenit,
2965 2290 3171 2358 quique
3194 2289 3258 2343 ad
3277 2289 3383 2343 cir-

1819 2382 2209 2437 cumcisionem
2242 2383 2532 2450 pertinent,
2566 2382 2773 2436 nefaria
2809 2382 3071 2436 adversus
3108 2382 3258 2435 illum
3296 2381 3379 2435 fa-

1819 2473 2005 2526 cinora
2036 2482 2438 2543 perpetrarunt,
2471 2475 2653 2528 omnia
2688 2475 2795 2528 illis
2819 2490 2938 2543 qua:
2968 2474 3222 2543 praedicta
3259 2472 3380 2528 fue-

1818 2571 1961 2630 rant,
2012 2565 2459 2634 quinquagesimo
2508 2565 2576 2618 ab
2629 2566 2746 2634 ipsa
2808 2565 3160 2633 prwdictione
3209 2579 3378 2632 anno,

1817 2657 2111 2712 acervatim
2142 2664 2462 2720 evenerunt,
2495 2657 2660 2727 286
2695 2658 2964 2725 ﬁnemque
2998 2658 3189 2711 sortita
3220 2664 3379 2712 sunt:

1818 2764 1942 2803 cum
1974 2750 2225 2805 videlicet
2256 2751 2324 2804 ab
2367 2751 2486 2820 ipso
2517 2749 2694 2803 Pilato
2732 2765 2904 2818 usque
2935 2750 3000 2803 ad
3032 2749 3299 2804 Neronem
3328 2759 3384 2804 et

1819 2843 1997 2896 Titum
2034 2858 2099 2897 ac
2147 2841 2561 2912 Vespasianum,
2603 2843 2697 2912 qui
2725 2844 3000 2896 civitatem
3051 2841 3384 2896 obsederunt

1817 2947 2088 3001 nusquam
2123 2932 2246 2988 illos
2281 2936 2459 2987 omnis
2499 2933 2735 3003 generis,
2788 2941 2840 2985 et
2863 2932 2981 2985 aliae
3031 2947 3193 3001 super
3239 2931 3377 2986 alias

1820 3026 2133 3094 ingruentes
2166 3026 2504 3081 calamitates
2551 3024 2869 3087 defecerint,
2914 3024 3376 3093 quemadmodum

1818 3117 1976 3173 facile
2012 3127 2096 3173 est
2138 3135 2204 3172 ex
2262 3136 2325 3173 ea
2375 3119 2604 3173 historia
2656 3135 2817 3189 quam
2864 3118 3081 3172 Flavius
3108 3116 3381 3186 Iosephus

1818 3209 2054 3277 scripsit,
2091 3210 2380 3279 colligere:
2412 3218 2542 3265 tunc
2588 3225 2720 3265 sane
2764 3209 3023 3263 credibile
3066 3215 3171 3271 est,
3217 3209 3380 3263 dimi-

1782 3300 1966 3380 \dium
2001 3300 2239 3355 civitatis
2278 3301 2508 3370 periisse
2536 3302 2843 3363 obsidione,
2878 3309 2935 3353 ut
2966 3302 3039 3353 ait
3071 3300 3375 3370 prophetia.

1817 3392 1974 3448 llaud
2012 3410 2141 3448 vero
2181 3394 2256 3447 ita
2290 3394 2459 3447 multo
2486 3402 2629 3463 post,
2667 3410 2789 3447 cum
2831 3394 3105 3447 Adrianus
3144 3392 3379 3461 impera-

1817 3491 1920 3548 ret,
1959 3483 2189 3538 Judaico
2214 3499 2405 3538 rursus
2450 3491 2637 3537 exorto
2690 3484 2945 3549 tumultu,
3007 3498 3126 3551 qua:
3169 3482 3378 3552 reliqua

1780 3574 1991 3630 'l‘uerat
2041 3591 2166 3644 pars
2208 3574 2431 3629 dimidia
2477 3574 2735 3636 civitatis,
2791 3589 2985 3629 rursus
3013 3574 3235 3629 obsessa
3284 3590 3378 3629 ex-

1814 3668 2053 3738 pellitur,
2086 3669 2220 3722 adco
2250 3666 2489 3737 quidem,
2526 3675 2583 3719 ut
2611 3667 2678 3721 ab
2708 3667 2804 3719 illo
2830 3675 3074 3736 tempore
3110 3682 3283 3735 usque
3318 3667 3376 3721 in

1815 3760 2137 3814 hodiernum
2176 3761 2339 3821 diem,
2376 3759 2593 3827 penitus
2629 3759 2900 3813 instabilis
2942 3759 3120 3813 omnis
3151 3760 3259 3813 illis
3299 3757 3379 3812 fa.

1825 3858 1948 3906 ctus
1975 3852 2045 3905 sit
2088 3851 2258 3904 locus.
2298 3848 2453 3914 Quod
2509 3849 2555 3903 si
2600 3849 2724 3919 quis
2757 3847 2905 3902 dicat
2955 3850 3059 3903 sub
3106 3848 3377 3903 Antiocho

1812 3942 2093 4014 Epiphane
2134 3944 2247 3997 hare
2288 3943 2556 4011 completa
2598 3942 2789 4008 fuisse,
2824 3944 2986 3997 etiam
3021 3950 3184 4012 atque
3211 3945 3375 3997 etiam

1811 4036 2120 4090 consideret
2149 4042 2331 4088 utrum
2367 4035 2539 4105 possit
2583 4035 2789 4104 reliqua
2838 4035 2966 4088 item
2997 4050 3117 4104 qua:
3155 4050 3221 4089 ex
3271 4034 3374 4087 hac
3414 4102 3417 4105 ἢ

1810 4128 2093 4197 prapbetia
2124 4136 2439 4196 supersunt,
2468 4127 2537 4180 ad
2576 4127 2831 4181 Antiochi
2863 4134 3108 4196 tempora
3142 4126 3370 4191 referre,

1813 4218 2123 4289 cuju'smodi
2157 4218 2290 4272 illud
2336 4227 2437 4283 est,
2484 4219 2628 4287 quod
2670 4219 2903 4288 populus
2956 4218 3270 4273 servitutem
3299 4219 3373 4274 sit

119 4304 194 4358 τὸ
224 4304 340 4357 τῶν
374 4303 592 4356 Ἐλαιῶν
624 4304 766 4375 ὅρος,
803 4305 896 4357 καὶ
921 4307 968 4356 εἰ
1003 4303 1188 4371 γέγονε
1216 4304 1417 4374 Κύριος
1454 4306 1531 4366 εἰς
1558 4303 1707 4372 βασι-

1815 4325 2025 4381 passus,
2088 4310 2233 4380 quod
2278 4310 2444 4379 pedes
2496 4309 2713 4365 Domini
2760 4310 2813 4362 in
2857 4317 3040 4363 monte
3091 4307 3372 4363 Olivarum

120 4396 234 4449 λέα
264 4396 362 4448 ἐπὶ
405 4397 580 4448 πᾶσαν
614 4395 710 4465 τὴν
742 4395 844 4465 γῆν
876 4397 933 4447 ἐν
973 4398 1038 4465 τῇ
1084 4395 1265 4467 ἡμέρᾳ
1299 4396 1498 4468 ἐκείνῃ,
1530 4397 1623 4450 καὶ
1660 4398 1706 4447 εἰ

118 4488 189 4540 τὸ
222 4487 403 4556 ὄνομα
438 4487 637 4556 Κυρίου
672 4484 945 4539 ἐκύκλωσε
993 4486 1089 4555 τὴν
1116 4486 1218 4556 γῆν
1258 4488 1455 4550 πᾶσαν,
1490 4488 1583 4540 καί
1611 4486 1707 4557 τὴν

125 4579 366 4653 ἔρημον,
396 4578 483 4631 ὅτε
523 4579 619 4647 τῆς
660 4578 857 4648 Συρίας
902 4576 1167 4647 Ἀντίοχος
1211 4578 1448 4649 ἐκράτει.
1500 4579 1608 4630 Καὶ
1638 4579 1707 4632 τά

121 4672 300 4726 ὶοιπὰ
324 4672 378 4725 δὲ
401 4671 500 4740 τῆς
523 4672 896 4742 προρρήσεως,
926 4669 1108 4722 ὁποίου
1137 4668 1319 4730 τέλους
1343 4669 1548 4738 ἔτυχεν,
1588 4670 1707 4722 Ἀν-

121 4767 322 4837 τιόχου
358 4762 740 4835 βασιλεύοντος,
779 4760 893 4823 πῶς
924 4778 1008 4821 τις
1054 4759 1360 4823 ἀποδώσεις
1394 4758 1527 4811 Καθ’
1564 4761 1708 4829 ἡμᾶς

118 4860 178 4913 δὲ
212 4857 422 4921 ταῦτα,
453 4856 545 4909 καὶ
592 4854 724 4925 πρὸς
765 4854 907 4919 λέξιν
949 4853 1045 4923 μὲν
1081 4852 1425 4915 ἀποδέδοται,
1451 4852 1543 4905 καί⁵
1587 4851 1705 4904 καθ’

117 4952 331 5022 ἑτέραν
354 4950 412 5002 δὲ
438 4948 690 5003 διάνοιαν.
713 4945 866 4999 Μετά
892 4944 999 5014 γὰρ
1024 4943 1120 5014 τὴν
1148 4943 1239 4996 τοῦ
1269 4944 1517 5013 Σωτῆρος
1550 4942 1705 5013 ἡμῶν

127 5038 324 5109 Ἰησοῦ
357 5035 593 5108 Χριστοῦ
638 5033 957 5105 παρουσίαν,
1000 5035 1032 5104 ἡ
1069 5032 1218 5095 πόλις
1248 5031 1447 5095 αὐτῶν,
1477 5030 1613 5101 αὕτη
1642 5047 1705 5098 γε

111 5131 149 5199 ἠ
196 5128 581 5199 Ἰερουσαλὴμ,
606 5126 699 5179 καὶ
737 5125 798 5179 τὸ
844 5127 950 5179 πᾶν
985 5125 1252 5196 σύστημα,
1278 5126 1371 5177 καλ⁸
1408 5124 1707 5194 πολίτευμα

112 5222 225 5290 τῆς
276 5218 423 5272 κατά
462 5218 553 5271 τὸν
594 5219 756 5288 νόμον
794 5216 1034 5280 Μωσέως
1067 5215 1358 5287 θρησκείας
1392 5215 1699 5287 καθῃρεῖτο.

104 5314 341 5367 Αὐτίκα
375 5312 431 5365 δέ
478 5311 572 5381 τὴν
621 5311 760 5363 κατά
787 5310 1021 5363 διάνοιαν
1063 5308 1431 5379 αἰχμαλωσίαν
1464 5308 1598 5379 πρὸς
1637 5311 1701 5379 τῇ

106 5409 426 5478 σωματικῇ
494 5404 806 5469 πεπόνθασι,
854 5404 943 5459 τὸν
1005 5402 1231 5473 Σωτῆρα
1274 5403 1365 5455 καλ⁸
1410 5402 1701 5473 Λυτρωτὴν

182 5587 237 5617 ⁸⁸
270 5586 383 5640 lsa.
418 5599 567 5647 χιιι,
598 5585 652 5640 6.

1811 4402 2084 4464 steterint,
2122 4411 2177 4456 et
2209 4411 2392 4456 utrum
2437 4400 2702 4456 Dominus
2742 4401 2797 4454 in
2845 4400 2933 4454 die
2982 4400 3073 4453 illa
3105 4400 3157 4453 in
3188 4414 3370 4468 regem

1810 4490 1976 4546 fuerit
2016 4492 2072 4545 in
2106 4507 2320 4546 omnem
2366 4499 2588 4555 terram,
2619 4503 2672 4545 et
2703 4498 2885 4543 utrum
2926 4505 3123 4543 nomen
3158 4486 3371 4541 Domini

1809 4585 2063 4639 ambierit
2102 4599 2319 4639 omnem
2350 4594 2570 4643 terram.
2606 4593 2659 4638 et
2694 4582 3065 4645 solitudinem,
3097 4596 3207 4651 quo
3233 4590 3369 4633 tem-

1808 4692 1942 4745 pore
1979 4676 2191 4747 Syriam
2240 4676 2545 4731 Antiochus
2593 4676 2865 4731 obtinuit:
2900 4682 2954 4729 et
2992 4688 3112 4743 qua:
3156 4671 3367 4739 reliqua

1809 4776 1939 4822 sunt
1966 4768 2033 4822 de
2062 4768 2252 4822 eodem
2303 4770 2545 4833 oraculo,
2581 4783 2743 4838 quem
2790 4776 2919 4819 tunc
2964 4764 3121 4818 ﬁnem
3175 4761 3365 4816 sortita

1809 4861 1938 4923 sint,
1976 4860 2158 4929 aliquo
2202 4860 2364 4913 modo
2395 4869 2623 4914 conetur
2657 4858 2963 4913 ostendere.
3026 4853 3095 4907 At
3147 4855 3194 4908 si
3243 4853 3367 4921 quis

1806 4957 2052 5003 nostram
2103 4949 2371 5003 rationem
2413 4956 2695 5018 sequatur,
2752 4948 2830 5001 vel
2870 4946 2937 4999 ad
2986 4945 3210 4999 verbum
3251 4942 3365 4995 haec

1806 5041 2051 5096 evenisse
2076 5034 2491 5107 demonstrabit,
2517 5048 2679 5110 atque
2701 5039 2755 5092 in
2785 5039 2949 5091 alium
2984 5038 3110 5090 item
3142 5049 3364 5089 sensum

1805 5135 1993 5189 eadem
2016 5134 2264 5203 accipere
2290 5134 2489 5204 poterit
2514 5153 2527 5187 :
2557 5148 2682 5186 nam
2715 5140 2832 5201 post
2861 5127 3159 5182 Salvatoris
3189 5123 3365 5179 nostri

1803 5226 1935 5283 Jesu
1988 5225 2193 5282 Christi
2252 5224 2565 5291 adventum,
2613 5223 2807 5278 civitas
2854 5222 3093 5282 illorum,
3139 5219 3367 5287 ipsaque

1803 5318 2104 5374 Jerusalem
2157 5326 2322 5387 atque
2378 5317 2559 5372 omnis
2606 5321 2931 5377 conventus,
2986 5311 3367 5379 institutioque

1808 5411 2004 5476 civilis,
2031 5425 2150 5480 qua:
2179 5410 2246 5465 ad
2290 5411 2456 5464 ritum
2482 5409 2914 5479 religionemque
2953 5403 3208 5460 Mosaicae
3230 5401 3367 5470 legis
