3916 6200
509 174 620 231 ιδε

1278 176 1551 234 EUSEBII
1586 177 2064 238 CESARIENSIS
2101 180 2252 238 ()PP.
2283 182 2465 240 PARS
2504 183 2568 240 Il.
2600 215 2674 227 —
2705 185 3204 247 APOLOGETICA.

3674 199 3773 255 £56

507 294 765 365 pertinet,
788 310 979 352 eversa
1002 296 1327 366 sublataque
1357 305 1488 353 sunt
1505 312 1565 353 :e
1585 299 1923 372 vestigioque
1941 318 2053 359 eam

2158 382 2159 385 η
2186 303 2294 358 τῶν
2341 303 2697 377 ἀνθρωπίνων
2727 307 2917 380 ψυχῶν
2954 310 3030 383 μὴ
3072 300 3528 385 παραδεξάμενοι,
3561 313 3659 369 τὸν
3690 317 3774 369 ὲλ-

505 402 629 457 qute
650 387 717 441 ad
746 387 1159 458 intelligentiam
1187 396 1420 457 spectat,
1445 390 1789 459 servitutem,
1823 394 2085 464 adjuncta

504 482 670 536 etiam
702 495 766 535 ea
797 495 920 549 quae
952 494 1247 550 corporum
1280 489 1386 546 est,
1422 483 1668 554 perpessi
1703 493 1853 552 sunt,
1879 487 2085 558 quippe

502 570 599 641 qui
640 568 977 627 Salvatorem
1026 587 1092 627 ac
1135 572 1515 632 Liberatorem
1558 578 1925 635 humanarum
1960 583 2084 639 ani-

500 680 715 721 marum
758 680 873 722 non
917 667 1286 738 susceperint,
1334 685 1459 725 eum
1514 671 1607 742 qui
1643 683 1889 740 venerat,
1928 683 1989 730 ut
2013 677 2082 734 iis

499 757 592 828 qui
622 757 894 812 malorum
931 757 1241 815 daemonum
1276 761 1419 816 servi
1462 761 1589 819 l'acti
1630 771 1837 831 essent,
1879 767 2083 824 libera-

497 850 701 905 tionem
752 850 1056 913 nuntiaret,
1089 850 1160 908 iis
1192 867 1344 917 vero,
1372 852 1466 925 qui
1491 857 1690 912 mentis
1707 860 1885 916 oculis
1907 862 2076 932 capti,

494 941 652 997 visus
706 942 1200 1012 recuperationem.
1237 942 1367 1000 Haec
1398 945 1585 1017 itaque
1608 963 1733 1003 cum
1770 950 1850 1007 illi
1882 953 1954 1009 ob
1991 953 2079 1010 in-

495 1037 876 1094 credulitatem
907 1053 1065 1094 suam
1090 1039 1469 1107 pertulissent,
1487 1041 1580 1095 alii
1607 1056 1800 1102 omnes
1824 1047 2079 1118 quicum-

492 1147 601 1203 que
642 1146 803 1187 suum
851 1129 1225 1186 Liberatorem
1274 1141 1634 1203 agnoverunt,
1683 1137 2079 1212 domesticique

494 1224 648 1279 illius
679 1238 744 1278 ac
772 1221 1072 1280 familiares
1102 1222 1280 1280 effecti
1320 1232 1472 1301 sunt,
1502 1225 1761 1299 discipuli
1804 1231 1996 1305 utique
2022 1243 2077 1289 et

498 1316 760 1386 apostoli,
790 1323 847 1370 et
881 1315 1249 1386 evangelista},
1275 1318 1700 1390 compluresque
1725 1321 1843 1387 alii,
1880 1325 1976 1395 qui
2004 1324 2075 1382 de

489 1410 912 1467 circumcisione
931 1410 1159 1482 profecti
1178 1412 1234 1467 in
1262 1413 1443 1484 ipsum
1469 1413 1825 1471 crediderunt
1843 1416 1933 1489 (de
1952 1418 2076 1488 qui-

488 1502 592 1558 bus
604 1503 1011 1574 aitApostolus:
1036 1523 1054 1555 ι
1072 1502 1163 1559 Sic
1176 1505 1341 1560 etiam
1356 1522 1501 1562 nunc
1516 1508 1759 1579 reliquiae
1772 1510 2074 1566 secundum

2192 393 2354 450 θόντα
2381 396 2615 468 κηρῦξαι
2643 402 2755 463 τοῖς
2784 401 2888 455 ὑπὸ
2914 401 3185 473 δαιμόνων
3217 404 3472 477 πονηρῶν
3500 408 3776 478 αἰχμαλιὶι-

2190 501 2305 548 τοις
2332 485 2546 556 ἄφεσιν,
2574 490 2669 542 καὶ
2692 493 2803 555 τοῖς
2829 492 2927 556 τὰς
2954 492 3193 558 διανοίας
3216 494 3437 565 τυφλοῖς
3459 497 3774 569 ἀνάϐλεψιν.

2191 578 2377 633 Ταῦτα
2407 579 2466 634 δὲ
2496 580 2841 638 πεπονθότων
2872 583 3095 639 ἐκείνων
3124 585 3216 639 διὰ
3255 586 3354 659 τὴν
3389 588 3645 644 ἀπιστίαν
3673 593 3776 644 αύ-

2188 669 2317 733 τῶν,
2358 672 2407 725 οί
2451 672 2541 727 τὸν
2591 673 2738 743 σφῶν
2780 676 3076 749 Δυτρωτὴν
3107 679 3442 748 ἐπιγνόντες,
3482 683 3675 736 οἰκεῖοί
3717 701 3776 737 τε

2188 763 2352 816 αὐτοῦ
2378 765 2658 837 γενόμενοι
2683 767 2941 839 μαθηταὶ,
2973 769 3069 823 καὶ
3095 770 3401 837 ἀπόστολοι,
3426 776 3517 827 καὶ
3540 775 3776 845 εὐαγγε-

2187 855 2392 924 λισταὶ,
2418 859 2659 914 πλεῖστοί
2687 878 2748 915 τε
2777 861 2925 916 ἄλλοι
2944 863 3053 917 τῶν
3081 865 3146 917 ὲκ
3175 868 3477 938 περιτομῆς
3504 870 3581 933 είς
3607 870 3779 924 αὐτὸν

2186 952 2626 1006 πεπιστευκότων
2655 954 2807 1024 (περὶ
2835 947 2911 1008 ὧν
2939 972 3102 1027 φησιν
3124 959 3154 1011 6
3184 958 3504 1024 ’Δπόστολος
3521 977 3537 989 ο
3568 980 3587 1013 ι
3616 961 3777 1017 Οὕτω

2185 1041 2280 1095 καὶ
2303 1041 2398 1096 νῦν
2416 1042 2623 1117 λεῖμμα
2641 1048 2763 1101 κατ’
2783 1046 3010 1119 ἐκλογὴν
3031 1048 3251 1119 χάριτος
3269 1050 3460 1119 γέγονε
3479 1068 3494 1081 ·
3528 1071 3547 1102 ι
3567 1053 3667 1106 καὶ
3682 1053 3744 1107 τό
3760 1071 3773 1085 ·

2190 1152 2210 1185 ι
2237 1135 2300 1187 Εἰ
2323 1135 2398 1206 μὴ
2422 1134 2623 1209 Κύριος
2645 1135 2871 1196 Σαϐαὼθ
2894 1137 3249 1207 ἐγκατέλιπεν
3271 1141 3404 1211 ἡμῖν
3423 1140 3672 1211 σπέρμα,
3701 1141 3775 1206 ὡς

2185 1227 2393 1300 Σόδομα
2415 1229 2481 1283 ἂν
2503 1229 2861 1302 ἐγενήθημεν,
2886 1231 2980 1285 καὶ
3011 1232 3087 1295 ὡς
3112 1232 3153 1287 Γ
3152 1232 3367 1306 όμορρα
3392 1233 3459 1287 ἂν
3482 1233 3773 1306 ὼμοιιὶιθη-

2184 1336 2285 1390 μεν
2298 1319 2341 1391 ),
2367 1339 2387 1373 ι
2403 1319 2504 1391 τῆς
2519 1338 2671 1393 νενοη
2680 1322 2848 1395 μένης
2874 1324 3005 1394 ἡμῖν
3028 1322 3172 1378 κατὰ
3194 1324 3431 1379 διάνοιαν
3451 1324 3771 1397 πολιορκίας

2182 1410 2397 1483 ἄπειροι
2427 1413 2860 1487 διεφυλάχθησαν
2903 1416 2965 1468 οὐ
2997 1415 3176 1487 μόνον,
3206 1416 3341 1472 ἀλλά
3372 1417 3471 1472 καὶ
3504 1418 3608 1488 τῆς
3636 1420 3769 1489 πρὸς

2180 1501 2323 1568 λέξιν
2386 1503 2763 1575 ἀποδοθείσης.
2803 1506 2867 1559 Οἱ
2904 1505 3036 1575 γοῦν
3069 1507 3355 1561 ἀπόστολοι
3388 1508 3488 1563 καὶ
3532 1509 3767 1580 μαθηταὶ

487 1594 807 1650 electionem
825 1596 1012 1667 gratiae
1031 1595 1189 1651 facta:
1204 1607 1333 1652 sunt
1346 1597 1418 1664 ⁸⁶;
1449 1617 1469 1651 ι
1482 1607 1538 1654 et
1557 1597 1688 1654 illud
1708 1599 1878 1656 :rNisi
1899 1599 2051 1657 Domi

2178 1592 2273 1646 τοῦ
2320 1594 2570 1667 Σωτῆρος
2605 1596 2803 1663 αὐτῶν,
2839 1598 2935 1652 καὶ
2965 1599 3163 1663 πάντες
3196 1600 3245 1653 οί
3277 1598 3337 1666 ἐξ
3385 1593 3661 1655 Ἰουδαίων
3690 1603 3768 1664 εἰς

486 1701 590 1742 nus
613 1674 853 1741 Sabaotli
876 1687 1191 1757 reliquisset
1210 1688 1373 1744 nobis
1400 1703 1608 1753 semen,
1644 1693 1803 1761 quasi
1838 1690 2053 1748 Sodom:

2179 1686 2340 1740 αὐτὸν
2365 1688 2809 1754 πεπιστευκότες,
2839 1689 3059 1762 μακρὰν
3077 1691 3177 1762 τῆς
3204 1691 3466 1758 Ἰουδαίας
3488 1694 3597 1765 γῆς
3616 1697 3765 1764 γενό-

485 1776 614 1831 facti
626 1776 1426 1849 essemus,etquasiGomorrha
1439 1780 1645 1837 similes
1657 1780 2040 1857 fuissemus"),

2183 1793 2368 1848 μενοι,
2430 1779 2524 1832 καὶ
2596 1784 2709 1843 τοῖς
2778 1781 2986 1845 λοιποῖς
3036 1780 3246 1834 ἔθνεσιν
3318 1784 3763 1855 ὲπισπαρέντες,

484 1871 650 1942 28⁸1
670 1872 819 1929 illius
860 1872 1186 1938 obsidiOnis,
1232 1888 1397 1944 quam
1429 1888 1531 1929 nos
1556 1873 1624 1928 ad
1668 1874 2053 1947 intelligentian

2176 1858 2268 1920 τὸν
2300 1868 2440 1922 κατά
2472 1867 2580 1922 τῶν
2606 1869 2900 1924 οίκούντων
2926 1870 3023 1942 τὴν
3048 1869 3201 1925 πόλιν
3229 1870 3447 1943 ὀλεθρον
3476 1871 3762 1945 διαδρᾶναι

482 1961 797 2029 referimus,
827 1964 1097 2020 immunes
1135 1972 1502 2035 expertesque
1531 1974 1659 2021 sunt
1707 1968 1932 2031 servati,
1978 1984 2053 2024 ne

2174 1958 2296 2012 τότε
2322 1959 2682 2032 ἠδυνήθησαν.
2721 1961 2830 2014 Καὶ
2866 1961 3024 2016 τοῦτο
3055 1961 3112 2015 δὲ
3149 1964 3182 2033 ὴ
3210 1964 3523 2035 προφητεία
3553 1964 3761 2035 προλα-

483 2070 589 2124 que
619 2055 785 2125 hujus
821 2057 1022 2121 solum,
1055 2056 1152 2112 sed
1180 2057 1347 2113 etiam
1379 2054 1700 2129 illius,'quae
1727 2058 1794 2115 ad
1842 2060 2053 2116 verbun

2173 2049 2343 2105 δοῦσα
2373 2050 2623 2105 ἐθέσπισε
2652 2051 2718 2105 δι’
2746 2045 2821 2107 ὧν
2847 2052 3075 2124 ἔφησεν·
3117 2073 3135 2104 ι
3167 2054 3230 2108 0i
3251 2054 3308 2107 δὲ
3322 2054 3647 2109 κατάλοιποι
3668 2056 3760 2110 τοῦ

481 2146 838 2217 intelligitur:
867 2164 995 2204 nam
1042 2148 1149 2219 ipsi
1198 2149 1432 2220 apostoli
1488 2164 1553 2205 ac
1597 2150 1852 2220 discipuli
1889 2151 2053 2207 Salva

2169 2140 2300 2196 λαοῦ
2334 2160 2434 2214 μου
2465 2144 2527 2196 οὐ
2564 2143 2638 2215 μὴ
2666 2144 3118 2228 ὲξολοθρευθῶσιν
3145 2162 3157 2174 '
3192 2165 3212 2197 ι
3230 2140 3312 2210 οἷς
3339 2145 3469 2218 ὶξῆς
3490 2147 3755 2217 ἐπιλέγει·

479 2240 617 2297 toris
655 2241 851 2307 nostri,
884 2247 939 2296 et
967 2256 1158 2296 omnes
1196 2241 1289 2312 qui
1325 2256 1394 2297 ex
1422 2240 1626 2297 Judzeis
1654 2242 1722 2297 ad
1753 2242 1931 2313 ipsum
1960 2254 2053 2299 cre

2173 2252 2194 2286 ι
2228 2235 2337 2288 Καὶ
2375 2233 2714 2302 ἐξελεύσεται
2748 2236 2974 2308 Κύριος,
3008 2237 3103 2291 καὶ
3135 2238 3506 2310 παρατάξεται
3544 2242 3608 2293 ἐν
3646 2243 3761 2301 τοῖς

477 2332 669 2390 dentes
690 2340 1061 2397 accesserant,
1085 2347 1210 2387 cum
1230 2336 1421 2404 procul
1449 2334 1519 2389 ab
1536 2333 1722 2390 Judaea
1742 2342 1886 2390 terra
1909 2336 2053 2392 abes-

2167 2323 2374 2379 ἔθνεσιν
2399 2325 2646 2395 ἐκείνοις,
2685 2327 2869 2393 καθὼς
2905 2329 3087 2401 ἡμέρα
3122 2330 3479 2401 παρατάξεως
3494 2330 3671 2384 αὐτοῦ
3696 2333 3757 2385 ὲν

476 2435 619 2490 sent,
660 2432 714 2481 et
746 2425 971 2496 reliquis
1011 2434 1197 2480 essent
1240 2425 1476 2478 immixti
1517 2426 1770 2495 gentibus
1808 2440 2053 2482 :omnem

2166 2416 2350 2490 ἡμέρα
2382 2418 2634 2490 πολέμου.
2678 2438 2697 2471 ι
2741 2420 2829 2473 Ἐν
2857 2421 3030 2484 ποίοις
3052 2420 3109 2475 δὲ
3137 2421 3314 2476 ἔθνεσι
3336 2422 3532 2493 Κύριος
3566 2440 3761 2495 παρα-

476 2530 690 2581 eorum,
712 2516 806 2586 qui
841 2515 1119 2571 civitatem
1148 2516 1482 2583 incolebant,
1512 2517 1871 2588 perditionem
1900 2525 2053 2587 atque

2162 2508 2381 2574 τάξεται
2418 2511 2452 2582 ἦ
2506 2513 2564 2565 ὲν
2596 2514 2711 2576 τοῖς
2750 2513 2849 2585 τὴν
2896 2513 3248 2587 Ἰερουσαλὴμ
3295 2514 3755 2587 πολιορκήσουσι;

475 2610 758 2665 interitum
807 2608 1065 2679 eﬁ‘ugere.
1094 2622 1193 2678 per
1230 2608 1365 2663 illud
1411 2617 1626 2678 tempus
1674 2607 1832 2664 facile
1864 2615 2053 2679 potue-

2160 2601 2319 2674 Δηλοῖ
2341 2602 2399 2656 δὲ
2429 2603 2458 2656 ό
2491 2602 2648 2672 λόγος
2675 2604 2838 2658 αὐτὸν
2864 2605 2966 2660 τὸν
2990 2607 3195 2679 Κύριον
3226 2609 3613 2678 συμμαχήσειν
3641 2614 3757 2674 τοῖς

474 2707 625 2755 runt.
659 2697 814 2764 Quod
840 2699 1020 2769 ipsum
1052 2712 1189 2754 sane
1230 2698 1396 2754 etiam
1426 2700 1712 2769 pr0phetia
1750 2698 2053 2769 anticipans

2159 2698 2564 2772 πολιορκοῦσιν,
2594 2702 2652 2753 ἐν
2678 2702 2861 2766 αὐτοῖς
2897 2702 3028 2756 ὄντα
3046 2743 3062 2763 ,
3103 2703 3197 2756 καὶ
3229 2703 3325 2756 σὺν
3355 2704 3543 2767 αὐτοῖς
3574 2720 3755 2777 παρα-

473 2789 767 2854 cecinerat,
802 2790 909 2845 illis
947 2790 1125 2847 verbis
1154 2809 1170 2842 :
1209 2808 1228 2841 ι
1262 2785 1366 2857 Qui
1402 2798 1584 2845 autem
1616 2792 1813 2863 reliqui
1855 2791 2053 2848 fuerint

2158 2792 2515 2864 ταττόμενον,
2544 2793 2733 2866 ὥσπερ
2779 2794 2899 2848 τινὰ
2943 2796 3245 2867 στρατηγὸν
3286 2797 3381 2850 καὶ
3423 2797 3750 2869 ὺπέρμαχον

472 2880 541 2937 de
577 2882 780 2952 populo
823 2896 965 2948 meo,
1005 2896 1114 2935 non
1178 2881 1440 2952 peribunt
1462 2881 1536 2950 ἐς
1572 2901 1591 2934 ι
1646 2883 1850 2954 quibus
1899 2883 2053 2938 dein-

2158 2883 2333 2938 αὐτῶν
2356 2884 2498 2940 κατά
2522 2885 2624 2957 τῆς
2658 2885 3017 2959 Ἰερουσαλὴμ
3040 2888 3505 2960 στρατευομένων.
3536 2890 3616 2944 Οὐ
3644 2891 3751 2964 γάρ

471 2988 600 3045 ceps
634 2972 883 3044 adjungit
913 2992 926 3028 :
965 2992 985 3025 ι
1022 2968 1089 3027 Et
1129 2973 1441 3044 egredietur
1488 2971 1772 3040 Dominus,
1815 2983 1871 3030 et
1901 2991 2053 3032 com-

2158 2980 2381 3049 φησινὸ
2410 2977 2569 3047 λόγος
2613 2978 2705 3033 τὸν
2757 2979 2961 3053 Κύριον
2998 2979 3140 3035 κατά
3178 2980 3285 3034 τῶν
3327 2980 3508 3035 ἐθνῶν
3568 3002 3748 3057 παρα-

470 3068 755 3138 parabitur
785 3066 850 3121 ad
876 3066 1124 3137 praelium
1156 3066 1211 3119 in
1241 3065 1496 3136 gentibus
1528 3062 1659 3131 illis,
1704 3066 2053 3137 quemadmo-

2158 3066 2434 3135 τάξεσθαι.
2475 3069 2599 3122 Τίσι
2632 3068 2689 3123 δὲ
2721 3069 2863 3124 κατά
2906 3069 3107 3136 τίνων;
3155 3071 3299 3126 κατά
3337 3071 3438 3143 τῆς
3478 3073 3749 3145 Ἰερουσα-

468 3161 597 3215 dum
648 3159 767 3216 dies
799 3158 971 3230 praelii
1014 3158 1137 3227 ejus
1173 3158 1230 3213 in
1281 3157 1371 3213 die
1419 3157 1547 3213 belli
1566 3157 1633 3212 θ’.
1669 3176 1691 3210 ι
1722 3157 1791 3212 At
1826 3174 1955 3215 vero
1998 3160 2053 3215 in

2158 3156 2266 3230 λὴμ
2295 3159 2389 3213 καὶ
2416 3158 2525 3214 τῶν
2551 3158 2852 3233 οἰκητόρων
2886 3162 3086 3234 αὐτῆς,
3121 3164 3249 3235 περ)⁸
3277 3156 3354 3218 ὧν
3384 3158 3455 3236 ἦν
3488 3168 3519 3219 6
3571 3165 3743 3234 λόγος.

468 3254 668 3324 quibus
713 3252 934 3308 tandem
980 3250 1239 3323 gentibus
1287 3249 1554 3307 Dominus
1600 3251 1960 3321 praeliabitur,
2005 3252 2053 3307 si

2158 3251 2229 3305 Τὸ
2259 3252 2316 3305 δὲ
2341 3292 2356 3316 ,
2398 3271 2417 3304 ι
2460 3253 2569 3308 Καὶ
2599 3254 2886 3325 στήσονται
2912 3255 2962 3307 οἱ
2981 3254 3139 3319 πόδες
3171 3254 3337 3309 αὐτοῦ
3365 3257 3426 3308 ὲν
3460 3260 3530 3329 τῇ
3562 3258 3745 3330 ἡμέρᾳ

2153 3343 2337 3415 ἐκείνῃ
2365 3343 2458 3397 ἐπὶ
2482 3343 2542 3397 τὸ
2564 3344 2690 3416 ὅρος
2709 3343 2817 3398 τῶν
2849 3344 3095 3412 Ἐλαιῶν,
3131 3344 3194 3399 τδ
3224 3346 3511 3402 κατέναντι
3551 3349 3745 3420 Ἰερου-

364 3394 365 3397 η
467 3361 579 3401 non
630 3346 684 3400 in
736 3344 824 3401 his
873 3358 995 3415 quae
1056 3342 1356 3398 Jerusalem
1406 3343 1779 3399 obsidebunt?
1848 3345 2052 3401 indicat

468 3452 598 3493 vero
639 3438 818 3507 ipsum
854 3436 1161 3498 oraculum,
1196 3435 1660 3506 quemadmodum
1700 3436 1820 3507 ipse
1860 3435 2051 3492 Domi-

468 3544 575 3584 nus
607 3528 870 3583 auxilium
901 3527 1040 3584 feret
1068 3526 1470 3591 obsidentibus,
1500 3528 1714 3598 eritque
1743 3528 1962 3583 interim
1994 3528 2051 3584 in

468 3619 601 3686 illis,
638 3627 841 3676 etcum
887 3619 995 3674 illis
1039 3619 1107 3675 ad
1137 3618 1383 3690 praelium
1425 3619 1852 3689 comparabitur,
1890 3611 2083 3690 quasi‘

396 3698 407 3713 ’
467 3712 690 3785 quidam
728 3717 1047 3782 imperator,
1088 3718 1571 3783 propugnatorque
1616 3711 1833 3766 illorum
1861 3719 1915 3766 et
1949 3711 2048 3767 ad-

465 3820 662 3861 versus
699 3801 1002 3861 Jerusalem
1070 3804 1349 3859 militabit.
1409 3802 1530 3857 Non
1576 3804 1723 3858 enim
1765 3801 1899 3858 dicit
1931 3817 2051 3858 ora-

462 3897 562 3962 tio,
597 3896 889 3952 Dominum
927 3903 1123 3952 contra
1171 3904 1361 3967 gentes
1388 3895 1787 3967 prreliaturum.
1833 3894 2046 3961 Quibus

460 4006 592 4062 ergo
620 3999 675 4046 et
696 3999 887 4045 contra
918 3990 1102 4061 quos?
1154 3988 1359 4062 Nempe
1402 3997 1595 4047 contra
1630 3988 1957 4055 Jerusalem,
1986 3996 2041 4043 et

460 4090 654 4139 contra
683 4081 804 4151 ejus
843 4081 1201 4145 habitatores,
1245 4080 1313 4136 de
1338 4082 1537 4152 quibus
1571 4094 1752 4135 sermo
1800 4087 1939 4134 erat.
1972 4076 2044 4132 ll-

462 4175 554 4229 lud
587 4182 770 4228 autem
799 4190 814 4227 :
853 4191 872 4224 ‹
902 4172 968 4227 Et
998 4174 1224 4229 stabunt
1266 4173 1435 4245 pedes
1473 4173 1594 4243 ejus
1621 4173 1676 4227 in
1703 4172 1792 4228 die
1822 4173 1913 4226 illa
1950 4187 2043 4228 su-

458 4280 559 4335 per
587 4274 771 4318 monte
810 4261 1116 4327 Olivarum,
1145 4265 1238 4333 qui
1269 4271 1354 4320 est
1385 4272 1578 4318 contra
1623 4255 1927 4319 Jerusalem
1972 4261 2041 4317 ad

458 4350 735 4408 Orientem
757 4351 826 4416 ’°,
859 4370 879 4403 ι
917 4352 1175 4421 quidnam
1222 4351 1369 4406 aliud
1410 4353 1698 4423 signiﬁcet,
1734 4368 1898 4423 quam
1928 4350 2039 4407 Do-

458 4441 593 4497 mini
632 4439 750 4505 Dci,
779 4441 975 4512 ipsius,
1006 4443 1252 4512 inquam,
1280 4441 1372 4497 Dei
1401 4441 1585 4506 Verbi,
1616 4443 1669 4497 in
1715 4458 1815 4497 sua
1849 4441 2038 4497 Eccle-

458 4533 542 4591 sia
592 4532 886 4589 stationem
935 4542 989 4589 et
1021 4535 1493 4590 conﬁrmationem
1513 4535 1538 4587 ‘9
1578 4550 1741 4605 quam
1789 4534 1848 4589 in
1894 4548 2034 4604 pra:-

458 4629 598 4685 senti
630 4637 814 4684 monte
835 4626 1109 4684 Olivarum
1143 4645 1241 4699 per
1275 4629 1522 4701 ﬁguram,
1552 4644 1674 4699 qua;
1697 4629 2032 4698 permutatio

456 4722 681 4787 dicitur,
729 4722 1012 4776 nominat“!
1052 4718 1124 4775 Ut
1156 4722 1302 4777 enim
1347 4721 1762 4795 vinea'exstitit
1804 4719 2027 4785 dilecto,

454 4821 509 4870 et
533 4813 635 4868 fuit
662 4811 821 4867 vinea
851 4811 1065 4866 Domini
1089 4811 1329 4866 Sabaoth
1361 4814 1589 4882 ﬁgurate
1618 4810 1814 4865 domus
1838 4809 2027 4875 Israel,

452 4916 508 4964 et
552 4907 683 4964 vitis
711 4904 898 4961 Judma
932 4906 1142 4960 novella
1173 4904 1391 4969 dilecta,
1444 4903 1526 4960 sic
1579 4903 1768 4957 eadem
1815 4901 2029 4957 ratione

451 5001 680 5069 dixeris,
708 5000 853 5074 quod
878 5000 1041 5056 etiam
1068 4999 1330 5054 olivetum
1362 4997 1505 5075 facta
1533 4997 1602 5053 sit
1632 4994 1888 5057 Domino,
1912 4995 2029 5049 col-

449 5094 593 5150 lecta
626 5095 695 5149 de
720 5093 974 5166 gentibus
1007 5090 1250 5146 Ecclesia
1286 5090 1481 5160 ipsius,
1516 5103 1638 5160 qua:
1672 5102 1805 5142 sane
1838 5087 2026 5143 Eccle-

448 5188 532 5243 sia
565 5201 692 5242 cum
731 5196 893 5239 antea
938 5191 1085 5240 esset
1110 5183 1258 5237 oliva
1287 5181 1535 5252 quaedam
1580 5181 1833 5252 agrestis,
1865 5179 2022 5250 plan-

446 5286 560 5335 tata
596 5279 699 5334 fuit
727 5295 757 5334 a
785 5278 1038 5340 Domino,
1073 5275 1168 5347 qui
1198 5289 1315 5330 eam
1357 5280 1480 5346 post
1512 5272 1752 5329 insuevit
1799 5274 1854 5326 in
1890 5287 2023 5343 apo-

447 5372 657 5427 stolicis
703 5371 860 5425 bona:
900 5370 1057 5425 oliva:
1107 5366 1418 5434 radicibus,
1466 5372 1590 5436 post
1624 5364 1871 5435 priorum
1926 5380 2024 5419 ra-

446 5478 663 5519 morum
713 5463 1072 5531 excisionem,
1102 5459 1562 5535 quemadmodum
1604 5458 1902 5529 Apostolus
1933 5456 2025 5513 do-

2154 3435 2352 3506 σαλὴμ,
2398 3435 2458 3503 ἐξ
2491 3435 2787 3498 ἀνατολῶν,
2822 3456 2840 3489 ι
2872 3437 2927 3490 τί
2957 3437 3143 3509 ἕτερον
3189 3437 3340 3509 δηλοῖ
3364 3439 3397 3511 ἦ
3418 3440 3629 3511 Κυρίου
3650 3441 3742 3494 τοῦ

2150 3525 2284 3580 Θεοῦ
2301 3567 2315 3592 ,
2345 3525 2508 3580 αὐτοῦ
2536 3525 2602 3599 δὴ
2631 3525 2727 3580 τοῦ
2748 3526 2882 3580 Θεοῦ
2917 3526 3110 3596 Λόγου,
3132 3525 3232 3599 τὴν
3260 3527 3353 3582 ἐπὶ
3374 3527 3479 3597 τῆς
3508 3529 3745 3602 Ἐκκλη-

2152 3617 2273 3682 σίας
2311 3617 2477 3671 αὐτοῦ
2506 3617 2694 3671 στάσιν
2717 3635 2776 3671 τε
2803 3618 2896 3671 καὶ
2922 3618 3232 3689 βεϐαίωσιν,
3256 3619 3322 3689 ἣν
3354 3618 3481 3691 ὅρος
3508 3620 3743 3676 Ἐλαιιῖιν

2148 3709 2243 3763 ἐπὶ
2271 3708 2365 3762 τοῦ
2402 3708 2667 3781 παρόντος
2692 3709 2831 3764 κατὰ
2859 3708 3059 3782 τρόπον
3087 3709 3417 3783 ἀλληγορίας
3438 3713 3738 3784 ὀνομάζεις

2160 3798 2246 3863 Ὧς
2288 3799 2396 3870 γὰρ
2441 3798 2699 3870 ἀμπελὼν
2745 3799 2974 3872 ἐγενήθη
3010 3799 3088 3872 τῷ
3125 3801 3488 3874 ἠγαπημένῳ,
3534 3805 3633 3857 καὶ
3668 3801 3738 3875 ἦν

2147 3888 2407 3961 ἀμπελὼν
2457 3890 2664 3962 Κυρίου
2709 3888 2935 3945 Σαϐαὼθ
2976 3890 3350 3963 ἀλληγορικῶς
3379 3894 3410 3947 6
3441 3889 3594 3958 οῙκυς
3640 3895 3737 3949 τοῦ

2160 3981 2404 4056 Ἰσραὴλ,
2447 3984 2542 4037 καὶ
2576 3984 2822 4054 ἄμπελος
2867 3983 2962 4037 τοῦ
3003 3984 3173 4038 Ἰούδα
3211 3985 3472 4053 νεόφυτος
3514 3988 3738 4059 ἠγαπ-

2149 4076 2281 4147 μένη
2308 4093 2321 4106 ·
2350 4076 2492 4130 οὕτω
2534 4077 2598 4148 δὴ
2628 4077 2770 4130 κατά
2803 4076 2903 4147 τὴν
2943 4077 3112 4148 αὐτὴν
3145 4076 3377 4149 θεωρίαν
3415 4079 3595 4144 εἴποις
3629 4079 3732 4145 ἂν,

2143 4168 2224 4221 ὅτι
2261 4168 2325 4240 δὴ
2368 4169 2460 4222 καὶ
2502 4168 2694 4224 ἐλαιὼν
2740 4167 2973 4240 ἐγενήθη
3004 4167 3083 4239 τῷ
3113 4168 3346 4240 δεσπότῃ
3386 4171 3421 4240 ὴ
3461 4168 3525 4234 ἐξ
3556 4170 3731 4225 ὲθνῶν

2155 4261 2449 4332 Ἐκκλησία
2476 4259 2639 4314 αὑτοῦ
2678 4301 2692 4323 ,
2718 4259 2786 4331 ἣν
2826 4261 2992 4314 πάλαι
3046 4260 3357 4333 ἀγριέλαιον
3384 4257 3556 4315 οὖσαν
3598 4280 3737 4317 κστ-

2142 4350 2456 4421 εφύτευσεν,
2478 4350 2830 4421 ἑγκεντρίσας
2850 4351 2943 4404 ἐπὶ
2958 4350 3056 4415 τὰς
3077 4351 3439 4415 ἀποπολικάς
3464 4353 3569 4424 τῆς
3595 4354 3733 4408 καλ-

2069 4408 2116 4467 D
2140 4408 2372 4495 λιελαίου
2400 4408 2556 4514 ῥίζας
2584 4408 2722 4514 μετὰ
2748 4408 2847 4514 τὴν
2876 4443 2984 4495 τῶν
3010 4408 3289 4516 προτέρων
3328 4408 3731 4499 κλάδωζὲκτο-

2140 4533 2267 4606 μὴν,
2294 4534 2578 4604 ὠσπεροῦν
2605 4537 2633 4589 6
2670 4534 2989 4600 Ἀπόστολος
3048 4536 3292 4590 παιδεύει
3312 4556 3328 4568 ·
3361 4556 3382 4589 ι
3430 4538 3548 4591 Καὶ
3597 4556 3731 4592 κατ-

2135 4625 2397 4695 εφύτευσέ
2418 4642 2481 4695 γε
2519 4624 2687 4699 αὐτὴν
2718 4627 2747 4679 6
2780 4626 2982 4700 Κύριος
3015 4628 3209 4700 ἑαυτῷ,
3250 4648 3271 4682 ι
3314 4634 3600 4704 μονονουχὶ
3638 4632 3726 4687 διὰ

2132 4719 2231 4790 τῆς
2271 4719 2603 4790 προφητείας
2645 4718 2853 4788 λέγων·
2889 4739 2906 4772 ι
2957 4721 3174 4775 Ἐλαίαν
3221 4722 3451 4794 ὡραίαν,
3500 4724 3723 4779 εὔσκιον

2133 4807 2359 4862 ἐκάλεσε
2398 4807 2603 4880 Κύριος
2640 4809 2700 4863 τὸ
2733 4809 2907 4882 ὄνομα
2933 4827 3045 4866 σου.
3072 4831 3093 4864 ι
3135 4813 3286 4866 Ἐπεὶ
3307 4813 3417 4886 γὰρ
3446 4816 3479 4868 ό
3501 4817 3723 4887 πρῶτος

2135 4898 2416 4973 ἀμπελὼν,
2446 4901 2563 4955 δέον
2582 4902 2803 4972 ποιῆσαι
2835 4904 3139 4976 σταφυλὴν,
3172 4906 3428 4978 ἐποίησεν
3446 4909 3718 4977 ἀκάνθας,

2133 4995 2227 5049 καὶ
2279 4996 2341 5048 οὐ
2389 4994 2754 5066 δικαιοσύνην,
2810 4995 2946 5051 ἀλλά
2988 4998 3253 5072 κραυγὴν,
3296 5001 3525 5067 εἰκότως
3566 5003 3719 5058 eam

2129 5088 2378 5161 ἄκαρπον
2393 5086 2558 5142 αὑτοῦ
2584 5087 2826 5142 καθελὼν
2845 5091 2873 5142 6
2888 5088 3019 5154 Θεὸς
3035 5089 3128 5144 τὸν
3148 5094 3403 5164 φραγμὸν
3422 5094 3589 5149 αὑτοῦ
3619 5095 3715 5149 καὶ

2127 5179 2220 5233 τὸν
2264 5182 2439 5251 τοῖχον
2476 5178 2643 5233 αὐτοῦ
2663 5220 2677 5246 ,
2726 5181 3000 5253 παραδούς
3032 5199 3091 5236 τε
3129 5184 3292 5238 αὐτὸν
3329 5188 3443 5251 τοῖς
3495 5186 3713 5259 ἐχθροῖς

2129 5271 2187 5332 ἐς
2203 5268 2511 5341 διαρπαγὴν
2540 5270 2635 5322 καὶ
2666 5269 3064 5342 καππάτησιν,
3084 5272 3224 5327 κατά
3242 5273 3342 5344 τὴν
3360 5273 3455 5327 τοῦ
3488 5276 3549 5327 Ἢ
3558 5276 3713 5327 σαῒου

2130 5363 2485 5436 προφητείαν.
2521 5363 2706 5435 ἕτερον
2733 5364 2895 5417 αὐτὸν
2914 5364 3092 5436 ἑαυτῷ
3112 5365 3281 5437 ἀγρὸν
3318 5369 3719 5439 συνεστήσατο,

2129 5456 2218 5511 τὸν
2251 5458 2344 5510 ἐπὶ
2366 5455 2460 5511 τοῦ
2492 5456 2755 5529 παρόντος
2780 5456 3009 5513 ὲλαιῶνα
3035 5457 3454 5531 ὀνομαζόμενον,
3482 5459 3579 5515 at:
3616 5459 3713 5514 τοῦ

511 5617 560 5651 ⁸⁸
588 5614 749 5674 Rom.
785 5632 863 5687 ιι,
886 5618 939 5674 5.
1018 5617 1063 5652 ⁸⁷
1092 5615 1253 5676 Rom.
1281 5631 1358 5687 Ix,
1388 5614 1480 5683 29,
1556 5614 1602 5649 ⁸⁸
1627 5612 1793 5671 Zacb.
1826 5629 1934 5679 stv,
1967 5612 2023 5671 2..

2166 5610 2296 5668 ibid.
2330 5611 2383 5669 ὅ.
2460 5611 2507 5645 ⁹⁶
2534 5611 2666 5668 ibid.
2698 5612 2731 5669 4
