3866 6202
158 249 245 309 857

972 245 1619 301 ΒΕΜΟΝΒΤΚᾹΤΙΟΝΙΞ
1657 246 2114 304 EVANGELICAS
2156 245 2282 302 LIB.
2322 242 2410 301 Vl.

3246 248 3351 305 ιεε

148 368 201 420 ἐκ
230 362 347 417 Θεοῦ
391 361 578 424 ἐλέους
622 362 972 431 τετυχηκότα,
1021 362 1114 414 καὶ
1148 360 1284 432 πρὸς
1327 360 1418 414 τοῦ
1448 361 1680 432 Χριστοῦ

1807 368 1872 415 :et
1896 362 1937 392 ’⁸
1968 381 1979 413 :
2024 359 2087 412 Et
2114 361 2394 430 plantavit,
2426 360 2620 431 inquit,
2664 374 2783 415 eam
2815 359 3075 416 Dominus
3101 360 3352 432 sibiipsi,

142 452 586 524 καταφυτευθέντα
614 453 885 507 ἀειθαλέσι
916 456 1099 522 φυτοῖς
1128 494 1141 516 ,
1167 453 1305 506 τοῦτ’
1340 453 1454 506 ἐστι
1490 454 1689 522 ψυχαῖς

134 550 289 617 ἁγίαις
302 548 397 599 καὶ
413 545 591 614 φωτὸς
609 548 945 617 θρεπτικαῖς,
962 546 1099 609 οἵαις
1128 564 1186 598 τε
1208 545 1381 613 λέγει·
1408 564 1425 596 ι
1462 545 1602 613 Ἐγώ
1623 563 1681 597 τε

130 640 240 695 ὡσεὶ
260 638 417 691 ἐλαία
446 640 799 710 κατάκαρπος
814 640 871 691 ἐν
886 638 961 708 τῷ
972 639 1104 708 οἴκῳ
1123 635 1215 690 τοῦ
1236 636 1391 691 Θεοῦ.
1416 658 1433 690 ι
1453 637 1621 690 Τοῦτο
1635 638 1692 690 δέ

130 730 181 783 rb
203 728 299 781 τῶν
334 728 562 780 Ἐλαιῶν
591 727 715 799 ὅρος
731 724 1011 780 κατέναντι
1049 724 1144 797 τῆς
1187 721 1691 797 Ἰερουσαλὴμεῖναι

130 822 356 878 λέλεκται
376 838 391 852 ⁸
422 821 719 892 ἐπειδήπερ
739 821 858 873 ἀντὶ
873 817 969 890 τῆς
987 819 1218 881 παλαιᾶς
1234 818 1473 886 ἐπιγείου
1502 819 1694 888 Ἰερου-

129 914 311 984 σαλὴμ,
329 915 424 966 κα)⁸
445 913 545 984 τῆς
570 916 629 965 ἐν
653 912 790 985 αὐτῇ
815 912 1103 983 θρησκείας
1130 910 1358 979 συνέστη
1375 909 1451 980 τῷ
1466 909 1581 980 Θεῷ
1608 928 1694 980 με·

124 1007 180 1060 τὰ
198 1006 296 1076 τὴν
308 1006 407 1075 τῆς
438 1002 794 1076 Ἰερουσαλὴμ
819 1003 1158 1073 καθαίρεσιν.
1177 1005 1358 1074 Φήσας
1398 1000 1526 1070 γοῦν
1558 1002 1696 1055 ἀνωι

124 1095 242 1165 τέρω
273 1095 305 1146 6
334 1093 495 1161 λόγος
530 1093 658 1163 περὶ
696 1093 796 1163 τῆς
834 1090 1182 1162 Ἰερουσαλὴμ
1203 1130 1216 1153 ,
1247 1090 1321 1153 ὡς
1353 1108 1373 1141 ι
1409 1086 1696 1140 Ἀλώσεται

123 1192 150 1257 η
168 1186 337 1249 πόλις,
355 1187 454 1239 καὶ
472 1186 540 1237 τά
557 1184 725 1255 ἐχθρὰ
750 1186 841 1238 καὶ
862 1183 1095 1253 πολέμια
1118 1182 1242 1254 ἐθνη
1299 1180 1695 1252 συναχθήσεται

125 1280 197 1331 ἐπ’
224 1278 398 1348 αὐτὴν
425 1318 440 1341 ,
476 1278 571 1330 καὶ
629 1277 1101 1347 διαμερισθήσεται
1136 1276 1205 1327 τά
1240 1274 1410 1328 σκῦλα
1445 1275 1634 1345 αὐτῆς,
1672 1293 1690 1326 ι

125 1370 338 1433 εἰκότως
390 1370 492 1421 οὐκ
539 1368 631 1420 ἐπὶ
676 1364 776 1438 τῆς
821 1364 1172 1438 Ἰερουσαλὴμ
1220 1368 1344 1429 τοὺς
1391 1366 1556 1429 πόδας
1605 1364 1696 1418 τοῦ

126 1464 323 1535 Κυρίου
377 1460 668 1532 στήσεσθαί
718 1478 868 1530 φησι.
902 1456 1025 1522 Πῶς
1066 1459 1173 1530 γὰρ
1220 1460 1313 1512 καὶ
1365 1454 1475 1512 οἷόν
1517 1476 1575 1511 τε
1608 1454 1695 1528 ἧν,

128 1554 268 1619 ἅπαξ
309 1553 727 1625 καθῃρημένηςῖ
761 1550 1125 1605 Μεταϐἀντων
1148 1550 1203 1602 δὲ
1236 1550 1291 1615 ἐξ
1320 1550 1487 1619 αὐτῆς
1524 1550 1614 1602 ἐπὶ
1640 1550 1700 1603 τὸ

127 1640 381 1710 ἄντικρυς
448 1640 547 1709 τῆς
616 1638 963 1710 Ἰερουσαλὴμ
1057 1638 1181 1709 ὅρος
1243 1638 1303 1691 τὸ
1372 1637 1699 1708 καλούμενον

1790 453 2179 522 propemodum
2237 469 2333 523 per
2395 453 2727 523 prophetiam
2792 453 2980 508 dicens
3026 473 3039 507 :
3083 474 3100 505 ‹
3142 453 3350 510 Olivam

1793 544 2095 613 speciosam
2166 545 2476 599 umbrosam
2550 545 2760 599 vocavit
2820 543 3081 600 Dominus
3155 562 3352 601 nomen

1794 643 1945 689 tuum
1966 636 2032 686 ".
2070 654 2089 686 ι
2123 632 2414 704 Postquam
2465 636 2607 689 enim
2638 636 2784 706 prior
2830 636 3004 700 vinea,
3038 651 3161 689 cum
3189 638 3353 693 debe-

1792 737 1875 783 ret
1907 726 2084 781 facere
2113 742 2296 789 uvam,
2329 726 2455 780 fecit
2486 728 2691 796 spinas,
2723 744 2898 798 neque
2923 728 3223 798 justitiam,
3251 728 3347 785 sed

1792 819 2103 880 clamorem.
2158 820 2352 871 merito
2385 825 2640 887 tanquam
2682 819 2800 888 ejus
2850 836 2969 890 qua:
3012 820 3353 875 infructuosa

1792 916 1957 972 esset,
2006 922 2187 978 sepem
2220 906 2473 962 auferens
2518 924 2579 962 ac
2620 910 2877 978 parietem
2910 910 3074 975 Deus,
3108 910 3357 967 tradens-

1794 1014 1899 1067 que
1923 997 2304 1077 eaminimicis
2338 998 2403 1052 ad
2433 998 2794 1068 diripiendum
2817 1010 2868 1055 et
2898 1003 3352 1070 conculcandum,

1792 1089 1960 1159 288
1986 1087 2128 1142 sicut
2163 1087 2218 1141 in
2265 1087 2417 1143 Isaiae
2460 1090 2741 1159 prophetia
2783 1091 2988 1146 dictum
3035 1100 3140 1157 est,
3188 1094 3354 1148 alium

1795 1181 1913 1251 ipse
1942 1179 2046 1235 sibi
2083 1194 2271 1250 agrum
2301 1180 2587 1234 constituit
2619 1181 2673 1235 in
2698 1184 2972 1253 prazsenti,
3009 1185 3151 1255 quod
3180 1185 3353 1239 olive-

1794 1281 1910 1326 tum
1953 1275 2285 1336 nominatur,
2330 1276 2485 1344 quasi
2524 1290 2646 1330 eum
2700 1275 2791 1345 qui
2828 1275 3008 1329 oleum
3060 1283 3112 1330 et
3144 1276 3357 1331 miseri-

1796 1363 2038 1419 cordiam
2071 1380 2101 1417 a
2132 1362 2242 1418 Deo
2272 1363 2343 1417 sit
2383 1375 2729 1427 consecutus,
2759 1372 2813 1419 et
2841 1380 2871 1417 a
2908 1364 3128 1419 Christo
3156 1365 3358 1434 plantis

1798 1471 2012 1525 semper
2040 1456 2344 1511 virentibus
2379 1457 2643 1519 consitus,
2678 1457 2780 1511 hoc
2816 1463 2921 1521 εει,
2953 1456 3156 1511 sanctis
3190 1456 3360 1511 lucis-

1797 1564 1903 1618 que
1942 1548 2225 1604 altricibus
2258 1550 2477 1613 animis,
2511 1549 2707 1618 quibus
2749 1549 2909 1604 liceat
2943 1548 3165 1603 dicere:
3195 1566 3213 1599 ι
3247 1547 3361 1620 Ego

1799 1647 1979 1695 autem
2022 1640 2164 1695 sicut
2204 1642 2343 1695 oliva
2384 1639 2663 1693 fructifera
2696 1640 2749 1693 in
2776 1640 2937 1695 domo
2979 1638 3072 1696 Dei
3096 1640 3165 1691 ⁹³.
3203 1661 3221 1693 ι
3256 1640 3358 1695 Hic

139 1732 376 1793 Ἐλαιῶν,
410 1731 643 1784 ἐνταῦθα
671 1731 958 1802 στήσεσθαι
990 1732 1249 1784 διδάσκει.
1282 1730 1450 1784 Τοῦτο
1473 1731 1527 1784 δὲ
1552 1734 1643 1785 καὶ
1670 1735 1697 1784 ό

1807 1747 1926 1786 vero
1961 1730 2243 1786 Olivarum
2292 1747 2450 1788 mons
2480 1740 2667 1786 contra
2709 1731 3007 1788 Jerusalem
3062 1749 3183 1789 esse
3223 1732 3362 1788 dici-

134 1825 405 1894 τροφήτης
448 1820 708 1891 Ἰεζεκιὴλ
773 1820 851 1890 τῷ
906 1820 1033 1891 θείῳ
1082 1821 1358 1892 Πνεύματι
1419 1820 1698 1893 προλαϐὼν

139 1911 326 1982 θεωρεῖ.
358 1913 608 1981 Λέγειοδὲ
637 1908 728 1965 οὖν
755 1930 768 1943 ο
801 1932 818 1965 ι
861 1914 968 1966 Καὶ
998 1913 1158 1984 ἐξῆρε
1205 1914 1272 1966 τὰ
1304 1914 1585 1985 χερουϐὶμ,
1609 1917 1701 1967 καὶ

138 2003 177 2054 οἱ
218 2003 401 2072 τροχοὶ
448 2002 697 2072 ἐχόμενοι
748 2002 957 2054 αὐτῶν·
1030 2002 1123 2054 καὶ
1164 2003 1195 2071 ἠ
1245 2000 1370 2065 δόξα
1424 2001 1557 2053 Θεοῦ
1602 2002 1701 2053 Ἰσ-

141 2093 255 2164 ραὴλ
288 2090 358 2164 ἦν
408 2094 495 2145 ἐπ’
528 2094 730 2156 αὐτοῖς,
785 2093 1035 2164 ὑπεράνω
1083 2091 1297 2153 αὐτῶν,
1328 2093 1421 2144 καὶ
1453 2091 1617 2161 ἀνέϐη
1666 2094 1700 2163 ἡ

138 2185 243 2248 δόξα
266 2183 482 2256 Κυρίου
520 2186 583 2236 ἐκ
618 2184 780 2254 μέσου
805 2186 902 2255 τῆς
935 2183 1142 2246 πόλεως
1162 2223 1176 2247 ,
1206 2184 1300 2235 καὶ
1332 2182 1459 2253 ἔστη
1493 2183 1583 2235 ἐπὶ
1609 2183 1702 2236 τοῦ

141 2277 279 2345 ὅρους
316 2277 344 2328 ὃ
388 2272 461 2347 ἦν
504 2276 762 2329 ἀπέναντι
806 2277 901 2347 τῆς
945 2276 1167 2339 πόλεως.
1204 2295 1222 2326 ›
1258 2275 1430 2345 Ὅπερ
1460 2275 1574 2328 ἔστι
1613 2277 1704 2327 καὶ

144 2367 301 2430 ἄλλως
351 2368 494 2438 πρὸς
556 2366 698 2430 λέξιν
744 2369 873 2437 όρᾷν
920 2367 1343 2438 πεπληρωμένον
1398 2366 1561 2419 εἰσέτι
1612 2367 1704 2420 καὶ

150 2458 401 2529 τήμερον,
445 2458 558 2511 τῶν
600 2459 680 2522 είς
719 2460 952 2529 Χριστὸν
991 2458 1422 2511 πεπιστευκότων
1456 2458 1704 2511 ἁπάντων

149 2550 465 2619 πανταχόθεν
511 2550 612 2620 γῆς
670 2551 1107 2621 συντρεχόντων,
1153 2551 1249 2620 οὐχ
1300 2549 1374 2613 ὡς
1411 2550 1576 2603 πάλαι
1609 2550 1705 2619 τῆς

150 2642 273 2693 κατά
320 2642 424 2711 τὴν
481 2642 837 2714 Ἰερουσαλὴμ
884 2643 1110 2710 ἀγλαΐας
1158 2643 1353 2705 ἕνεκα,
1410 2644 1517 2695 οὐδ’
1567 2642 1705 2697 ὥστε

150 2733 511 2804 προσκυνῆσαι
537 2736 592 2785 ὲν
616 2733 690 2804 τῷ
717 2734 879 2787 παλαι
899 2734 1187 2786 συνεστῶτι
1205 2734 1294 2785 ἐπὶ
1317 2734 1412 2805 τῆς
1440 2735 1706 2804 Ἰερουσα-

146 2824 242 2895 λὴμ
296 2826 633 2895 ἀγιάσματι,
691 2825 976 2879 καταλύειν
1018 2826 1074 2878 δὲ
1123 2826 1305 2879 ἕνεκεν
1356 2826 1588 2897 ἱστορίας
1647 2841 1707 2877 τε

149 2917 270 2986 ἐμοῦ
304 2919 401 2986 τῆς
435 2918 579 2970 κατά
618 2917 715 2987 τὴν
754 2918 1087 2988 προφητείαν
1136 2918 1386 2980 ἁλώσεως
1436 2918 1528 2971 καὶ
1578 2919 1707 2988 ἐρη-

153 3007 269 3076 μίας
321 3010 421 3077 τῆς
479 3009 862 3080 Ἰερουσαλὴμ,
910 3010 1000 3062 καὶ
1052 3009 1149 3079 τῆς
1201 3010 1292 3062 ἐπὶ
1334 3009 1395 3061 τὸ
1447 3010 1567 3080 ὄρος
1604 3009 1711 3063 τῶν

1799 1833 1911 1889 tur,
1946 1824 2202 1894 quoniam
2236 1825 2293 1879 in
2324 1826 2502 1880 locum
2526 1825 2724 1882 veteris
2766 1840 2829 1879 ac
2887 1834 3115 1882 terrenae
3142 1824 3364 1883 Jerusa-

1800 1917 1926 1979 lem,
1976 1930 2039 1970 ac
2080 1916 2357 1987 religionis
2390 1932 2509 1987 qua:
2540 1917 2593 1971 in
2623 1916 2715 1971 illa
2758 1918 3096 1982 servabatur,
3142 1934 3362 1973 succes-

1801 2010 1891 2075 sit,
1922 2017 1976 2064 et
2007 2024 2036 2061 a
2070 2007 2178 2063 Deo
2250 2011 2582 2065 constitutus
2608 2017 2709 2075 est,
2750 2018 2873 2079 post
2904 2012 3115 2064 ruinam
3142 2009 3363 2066 Jerusa-

1802 2101 1926 2155 lem.
1964 2098 2101 2154 Cum
2135 2116 2298 2170 supra
2359 2101 2521 2170 igitur
2552 2100 2830 2154 oraculum
2878 2101 3074 2154 dixerit
3100 2101 3167 2155 de
3200 2101 3361 2156 Jeruo

1804 2191 1993 2254 salem,
2038 2211 2055 2241 ι
2102 2190 2247 2261 quod
2278 2191 2469 2246 civitas
2512 2192 2774 2260 capietur,
2826 2191 3078 2260 quodque
3136 2191 3363 2247 hostiles

1804 2290 1965 2351 atque
2006 2282 2239 2335 inimicm
2284 2290 2474 2351 gentes
2522 2283 2843 2336 convenient
2888 2280 3147 2336 adversus
3216 2297 3360 2345 eam,

1803 2381 1856 2428 et
1883 2373 2053 2443 spolia
2080 2372 2199 2442 ejus
2221 2373 2549 2437 dividentur,
2584 2391 2604 2424 ι
2629 2374 2820 2427 merito
2853 2387 2960 2426 non
2982 2373 3036 2426 in
3062 2371 3361 2429 Jerusalem

1806 2464 1971 2534 pedes
2004 2463 2219 2517 Domini
2250 2470 2493 2519 staturos
2529 2464 2694 2534 dicit;
2720 2464 2815 2536 qui
2842 2463 2987 2519 enim
3027 2462 3081 2517 id
3117 2462 3236 2519 ﬁeri
3269 2478 3365 2535 po-

1807 2555 2022 2619 tuisset,
2050 2570 2173 2611 cum
2204 2570 2267 2610 ea
2298 2555 2465 2610 semel
2490 2555 2702 2610 sublata
2735 2556 2916 2612 esset?
2947 2554 3052 2610 Sed
3085 2556 3367 2626 migranti-

1811 2646 1913 2701 bus
1956 2646 2026 2700 ah
2060 2661 2123 2701 ea
2155 2646 2209 2700 in
2278 2654 2516 2702 montem
2557 2648 2650 2717 qui
2707 2655 2790 2704 est
2822 2655 3011 2702 contra
3044 2646 3365 2711 Jerusalem,

1810 2740 1901 2808 qui
1955 2736 2236 2794 Olivarum
2290 2748 2534 2803 vocatur,
2581 2739 2655 2795 ibi
2700 2748 2941 2794 staturos
2995 2739 3172 2803 docet,
3219 2738 3366 2809 quod

1808 2829 1971 2882 etiam
2004 2829 2266 2898 propheta
2301 2828 2570 2895 Ezechiel,
2601 2827 2786 2881 divino
2828 2836 2952 2883 ante
2994 2827 3201 2898 Spiritu
3237 2827 3370 2883 edo-

1808 2928 1954 2984 ctus,
1997 2920 2429 2989 contemplatur;
2471 2920 2603 2974 dicit
2649 2919 2792 2974 enim
2828 2939 2839 2973 :
2880 2938 2897 2969 ‹
2933 2918 2996 2971 Ει
3023 2921 3369 2975 elevaverunt

1812 3011 2093 3066 cherubim
2124 3012 2238 3065 alas
2271 3026 2420 3073 suas,
2453 3018 2507 3065 et
2544 3021 2695 3074 rotae,
2728 3026 2848 3080 qua:
2881 3012 2961 3066 eis
2999 3011 3365 3081 adbaarebant,

162 3093 376 3151 Ἐλαιῶν
416 3098 476 3149 τὸ
534 3098 815 3151 κατέναντι
872 3098 1224 3169 Ἰερουσαλὴμ
1269 3100 1705 3168 προσκυνήσεως,

1810 3111 1865 3156 ει
1892 3102 2064 3171 gloria
2100 3100 2192 3155 Dei
2224 3100 2388 3156 Israel
2420 3109 2536 3155 erat
2568 3116 2732 3170 super
2765 3100 2865 3166 eis,
2896 3110 2949 3155 et
2986 3101 3230 3156 ascendit
3254 3102 3371 3171 glo-

152 3189 280 3241 ῐνθα
314 3191 348 3257 ἡ
370 3189 491 3253 δόξα
521 3190 727 3260 Κυρίου
771 3190 998 3259 μετέστη
1044 3188 1407 3257 καταλείψασα
1437 3188 1534 3258 τὴν
1580 3206 1709 3261 προ·

155 3280 319 3351 τέραν
343 3282 498 3335 πόλιν.
534 3282 809 3350 Ἐστησαν
834 3280 887 3333 δὲ
919 3275 1132 3351 ἀληθῶς
1163 3280 1255 3333 καὶ
1288 3280 1424 3333 κατὰ
1452 3280 1546 3350 τὴν
1577 3280 1710 3352 πρό-

154 3388 335 3443 χειρον
371 3375 453 3425 καὶ
485 3373 656 3443 ῥητὴν
691 3372 937 3442 διήγησιν
976 3373 1024 3423 οἱ
1052 3371 1206 3434 πόδες
1242 3370 1333 3423 τοῦ
1377 3371 1579 3442 Κυρίου
1619 3373 1710 3424 καὶ

156 3464 394 3534 Σωτῆρος
422 3464 599 3534 ἡμῶν,
632 3462 795 3517 αὑτοῦ
827 3463 890 3533 δὴ
917 3462 1006 3515 τοῦ
1033 3462 1224 3529 Λόγου,
1246 3462 1310 3514 δι’
1337 3456 1397 3515 οὗ
1430 3463 1713 3531 ἀνείληφεν

156 3554 482 3627 ἀνθρωπείου
550 3557 778 3626 σκήνους
832 3556 923 3607 ἐπὶ
968 3553 1060 3606 τοῦ
1100 3555 1260 3624 ὅρους
1301 3553 1408 3606 τῶν
1452 3553 1709 3618 Ἐλαιῶν,

157 3648 287 3716 προς
329 3647 403 3717 τῷ
434 3648 618 3700 αὐτόθι
651 3646 982 3717 δεικνυμένῳ
1021 3647 1296 3717 σπηλαίῳ,
1328 3645 1619 3715 εὐξαμένου
1653 3663 1713 3698 τε

159 3740 245 3789 καὶ
276 3742 385 3801 τοίς
418 3737 609 3791 ἐαυτοῦ
641 3738 904 3808 μαθηταῖς
929 3740 1018 3791 ἐπὶ
1044 3738 1141 3808 τῆς
1166 3738 1473 3808 ἀκρωρείας
1494 3736 1713 3790 τοῦ,τῶν

166 3827 383 3882 Ἐλαιῶν
452 3830 609 3900 δρους
657 3830 724 3881 τά
773 3832 898 3902 περὶ
948 3830 1048 3899 τῆς
1092 3830 1395 3892 συντελείας
1443 3830 1713 3900 μυστήρια

162 3922 608 3992 παραδεδωκότος,
644 3920 884 3974 ἐντεῦθέν
915 3938 972 3973 τε
1003 3922 1100 3991 τὴν
1126 3923 1204 3983 είς
1242 3922 1500 3991 οὐρανοὺς
1532 3921 1712 3974 ἄνοδον

164 4030 344 4083 πεποιη
354 4014 537 4083 μένου,
565 4012 638 4075 ὡς
663 4014 690 4064 ό
714 4014 921 4075 Λουκᾶς
942 4014 999 4063 ἐν
1021 4015 1138 4074 ταῖς
1158 4012 1415 4079 Πράξεσι
1430 4012 1545 4065 τῶν
1570 4014 1715 4067 ἀπο-

162 4107 656 4170 στόλωδιδάσκει,
672 4108 910 4176 φάσκων·
934 4108 1271 4161 «Βλεπόντων
1289 4108 1460 4161 αὐτῶν
1483 4110 1711 4180 ἐπήρθη,

165 4201 253 4251 καὶ
287 4199 479 4268 νεφέλη
510 4199 775 4252 ὑπέλαϐεν
816 4201 975 4252 αὑτὸν
1008 4200 1114 4252 ἀπὸ
1146 4199 1251 4251 τῶν
1294 4200 1583 4271 ὀφθαλμῶν
1621 4201 1715 4253 αὐ-

166 4289 282 4341 τῶν.
312 4291 421 4344 Καὶ
450 4290 527 4353 ὡς
557 4289 890 4353 ἀτενίζοντες
928 4287 1066 4361 ἦσαν
1109 4293 1188 4353 είς
1229 4292 1318 4343 τὸν
1366 4293 1589 4363 οὐρανὸν
1622 4307 1715 4344 m-

170 4383 441 4452 ρενομένου
470 4381 658 4445 αὐτοῦ,
680 4384 771 4434 καὶ
799 4383 905 4436 ἰδοὺ
935 4384 1123 4455 ἀνδρες
1141 4384 1231 4436 δύο
1259 4385 1710 4455 παρειστήκεισαν

164 4472 330 4537 αὐτοῖς
360 4476 421 4527 ἐν
446 4473 633 4544 ἐσθῆσι
664 4473 899 4537 λευκαῖς,
934 4476 983 4528 οἳ
1012 4478 1105 4529 καὶ
1134 4474 1311 4528 εἷπον·
1349 4476 1572 4547 Ἄνδρες
1611 4476 1711 4527 Γα-

166 4563 374 4630 λιλαῖοι,
416 4566 470 4618 τί
527 4567 791 4635 ἑστήκατε
842 4566 1126 4635 βλέποντες
1173 4568 1252 4629 εἰς
1319 4567 1409 4619 τὸν
1453 4567 1711 4637 οὐρανόν;

166 4652 316 4721 οὗτος
355 4660 386 4711 6
420 4657 659 4727 Ἰησοῦς,
708 4659 735 4709 6
784 4657 1107 4727 ἀναληφθεὶς
1162 4659 1250 4727 ἀφ’
1304 4657 1452 4727 ὑμῶν
1500 4661 1579 4720 είς
1624 4658 1715 4711 τὸν

171 4745 396 4817 οὐρανὸν,
429 4748 603 4811 οὕτως
636 4748 930 4812 ἐλεύσεται,
966 4750 1023 4801 ὃν
1057 4750 1254 4821 τρόπον
1288 4749 1578 4803 ἐθεάσασθε
1614 4751 1712 4802 αὑο

172 4836 629 4911 (διαπορευόμενον
664 4844 743 4903 είς
765 4842 855 4893 τὸν
886 4842 1127 4912 οὐρανόν.
1162 4860 1179 4892 ι
1215 4837 1309 4904 Οἷς
1344 4842 1590 4912 ἐπιφέρει
1622 4842 1713 4894 λέ-

170 4944 297 4992 γων·
321 4951 339 4982 ι
364 4932 495 4984 Τότε
529 4932 872 5002 ὑπέστρεψαν
905 4935 984 4996 είς
1027 4933 1373 5003 Ἰερουσαλὴμ
1420 4934 1527 4985 ἀπὸ
1559 4934 1714 5003 ὅρους

172 5019 254 5072 πί
273 5024 604 5093 καλουμένου
643 5023 956 5086 Ἐλαιῶνος,
986 5025 1013 5076 ὃ
1045 5027 1160 5077 ἐστι
1194 5024 1478 5077 κατέναντι
1520 5025 1714 5095 Ἰερου-

182 5111 357 5183 σαλήμ.
392 5133 411 5165 ι
438 5116 596 5167 Ἔστι
654 5115 750 5185 μὲν
799 5112 890 5168 οὖν
919 5117 1012 5169 καὶ
1056 5117 1190 5185 πρὸς
1240 5117 1382 5183 λέξιν
1436 5119 1716 5171 κατέναντι

192 5199 534 5276 Ἴερωσαλὴμ,
570 5207 664 5259 καὶ
704 5206 762 5273 ἐξ
798 5207 1065 5260 ἀνατολῶν
1109 5210 1277 5279 αὐτῆς
1303 5209 1364 5261 τὸ
1390 5209 1714 5280 δηλούμενον

180 5292 272 5345 τῶν
306 5296 523 5350 Ἐλαιῶν
564 5299 708 5369 ὄρος.
750 5299 894 5369 Πλὴν
924 5298 1057 5351 ἀλλά
1097 5299 1234 5352 κατὰ
1277 5300 1374 5371 τὴν
1420 5301 1713 5373 διάνοιανή

186 5382 297 5448 ἁγία
336 5388 565 5459 Χριστοῦ
604 5388 927 5458 Ἐκκλησία,
978 5389 1072 5443 καὶ
1108 5390 1167 5442 τὸ
1206 5389 1327 5459 ὅρος
1372 5390 1454 5458 ἐφ’
1496 5383 1540 5456 ᾦ
1567 5389 1716 5442 τεθε-

190 5474 450 5542 μελίωται,
497 5481 628 5552 περὶ
681 5474 1009 5534 οὗδιδάσκει
1062 5480 1232 5547 λέγων
1275 5481 1303 5532 ό
1332 5481 1550 5553 Σωτήρ’
1597 5501 1614 5531 ι
1643 5482 1717 5534 Οὐ

190 5560 379 5621 ﬂutat
408 5572 554 5636 πόλις
589 5571 853 5643 κρυϐῆναι
874 5570 1057 5624 ἐπάνω
1083 5570 1237 5642 ὅρους
1262 5558 1484 5641 κειμένη
1506 5609 1521 5634 ,
1561 5589 1580 5622 ι
1600 5570 1720 5623 ἀντὶ

1811 3195 1893 3247 ria
1937 3192 2147 3245 Domini
2180 3192 2245 3246 de
2286 3192 2463 3245 medio
2502 3191 2760 3251 civitatis,
2812 3198 2867 3243 et
2904 3191 3048 3243 stetit
3074 3191 3127 3244 in
3163 3198 3366 3254 monte,

1812 3287 1904 3356 qui
1942 3295 2024 3341 est
2067 3294 2251 3340 contra
2294 3284 2567 3337 civitatem
2591 3283 2658 3335 “.
2692 3300 2709 3331 ι
2741 3280 2892 3346 Quod
2939 3280 3156 3349 quidem
3211 3282 3370 3334 aliter

1813 3393 2028 3448 quoque
2063 3377 2187 3429 licet
2221 3375 2416 3428 intueri
2450 3373 2771 3441 completum
2803 3371 2866 3425 ad
2904 3372 3126 3425 verbum
3149 3373 3370 3441 quando

1814 3470 1972 3524 hodie
2001 3483 2215 3538 quoque
2239 3481 2449 3528 omnes,
2480 3467 2790 3534 quicunque
2815 3466 3020 3519 Christi
3053 3464 3368 3535 religionem

1814 3576 1936 3615 cum
1981 3559 2085 3613 fide
2123 3557 2482 3627 susceperint,
2515 3572 2580 3609 ex
2635 3555 2888 3610 omnibus
2937 3564 3096 3611 terra:
3128 3556 3371 3625 partibus

1814 3659 2165 3715 concurrunt,
2206 3664 2313 3702 non
2354 3656 2413 3700 ut
2441 3646 2712 3716 quondam
2746 3645 2896 3701 festae
2923 3647 3205 3716 cujusdam
3237 3648 3371 3702 laeti-

1816 3747 1902 3799 tiae
1932 3744 2123 3814 gratia,
2152 3758 2271 3812 qua:
2312 3742 2363 3794 in
2391 3738 2688 3793 Jerusalem
2753 3739 3073 3803 celebretur,
3109 3754 3284 3808 neque
3312 3749 3370 3792 ut
3434 3736 3450 3759 ‘

1816 3836 2039 3890 adorent
2070 3836 2123 3889 in
2162 3850 2248 3897 eo,
2314 3832 2456 3902 quod
2499 3830 2626 3883 olim
2662 3830 2716 3882 in
2760 3828 3056 3882 Jerusalem
3102 3831 3371 3885 constitu-

1814 3935 1928 3981 tum
1962 3926 2159 3989 fuerat,
2192 3923 2527 3986 sanctuario,
2571 3919 2662 3974 sed
2696 3929 2751 3972 ut
2781 3918 3123 3973 diversentur
3146 3932 3267 3971 cum
3302 3917 3369 3970 ad

1816 4018 2199 4074 sciscitandum
2237 4016 2303 4069 de
2333 4012 2731 4083 expugnatione
2791 4017 2845 4065 et
2883 4009 3173 4063 solitudine
3213 4007 3371 4062 Jeru-

1816 4111 2001 4173 salem,
2025 4123 2184 4178 quam
2214 4105 2498 4176 prophetia
2524 4102 2867 4173 praedixerat,
2889 4108 3005 4154 tum
3031 4108 3088 4153 ut
3114 4101 3167 4153 in
3190 4109 3370 4153 monte

1815 4200 2110 4265 Olivarum,
2145 4200 2237 4267 qui
2281 4208 2364 4252 cst
2417 4204 2607 4250 contra
2642 4191 2963 4256 Jerusalem,
2999 4192 3242 4254 adorent,
3277 4190 3372 4245 ubi

1815 4292 1984 4363 gloria
2031 4290 2243 4345 Domini
2289 4295 2620 4343 commutata
2666 4293 2784 4349 est,
2831 4293 3116 4355 postquam
3174 4283 3373 4339 delevit

1817 4382 2053 4449 priorem
2081 4377 2377 4432 civitatem.
2412 4376 2551 4431 Vere
2571 4387 2751 4429 autem
2783 4383 2838 4429 et
2873 4374 3175 4430 secundum
3203 4388 3372 4445 expo-

1815 4471 1975 4527 sitam
2016 4478 2181 4540 atque
2230 4470 2296 4524 ad
2348 4469 2575 4524 verbum
2615 4477 2895 4537 acceptam
2948 4465 3368 4529 enarrationem,

1816 4561 1979 4631 pedes
2030 4560 2245 4615 Domini
2303 4568 2357 4614 et
2405 4560 2706 4615 Salvatoris
2766 4557 2979 4624 nostri,
3034 4557 3207 4627 ipsius
3265 4556 3373 4611 uti-

1813 4668 1918 4722 que
1966 4651 2062 4707 Dei
2114 4650 2314 4715 Verbi,
2359 4668 2453 4721 per
2517 4652 2571 4706 id
2636 4651 2777 4722 quod
2831 4650 3125 4719 assumpsit
3176 4648 3369 4702 huma-

1816 4760 1944 4798 num
2008 4758 2243 4813 corpus,
2301 4743 2354 4795 in
2414 4752 2598 4797 monte
2657 4742 2931 4795 Olivarum
2982 4747 3245 4794 steterunt
3305 4738 3367 4789 ad

1817 4837 2129 4906 speluncam
2185 4850 2306 4904 qua:
2349 4834 2421 4888 ibi
2478 4835 2692 4889 ostendi
2750 4831 2919 4896 solet,
2971 4840 3025 4885 et
3070 4845 3177 4899 quo
3237 4838 3371 4882 tem-

1819 4946 1948 5001 pore
1980 4930 2175 4993 oravit,
2221 4937 2275 4984 et
2324 4944 2446 4981 cum
2489 4927 2603 4982 suis
2642 4926 2925 4997 discipulis
2969 4924 3025 4976 in
3066 4921 3183 4991 ejus
3216 4936 3369 4973 mon-

1818 5026 1889 5079 t-is
1927 5024 2244 5087 cacumine,
2307 5021 2564 5091 mysteria
2628 5019 2693 5074 de
2739 5015 3207 5072 consummatione
3260 5020 3370 5063 tra-

1818 5113 1955 5168 didit
1982 5133 1995 5167 :
2019 5129 2085 5168 ex
2126 5111 2313 5168 eodem
2342 5118 2602 5181 praeterea
2631 5116 2814 5163 monte
2854 5092 2909 5161 in
2937 5106 3132 5160 cmlum
3176 5116 3367 5156 ascen-

1817 5206 1928 5269 dit,
1985 5204 2438 5276 quemadmodum
2488 5202 2664 5257 Lucas
2716 5201 2772 5255 in
2832 5198 2972 5251 Actis
3014 5194 3370 5263 apostolorum

1816 5295 1982 5365 289
2031 5294 2207 5357 docet,
2255 5308 2379 5348 cum
2424 5292 2518 5359 ait,
2561 5293 2714 5347 illum
2748 5288 2829 5362 [in
2862 5295 3042 5342 monte
3070 5281 3369 5355 Olivarum]

1815 5387 2075 5458 apostolis
2108 5386 2224 5441 suis
2265 5392 2320 5441 et
2368 5385 2728 5455 praesentibus
2782 5389 2835 5436 et
2888 5378 3244 5441 intuentibus,
3279 5390 3373 5429 su-

1816 5479 2033 5533 blimem
2064 5477 2283 5540 abiisse,
2320 5477 2569 5546 nubeque
2586 5476 2653 5529 ab
2673 5474 2848 5529 oculis
2877 5485 3064 5526 eorum
3098 5468 3372 5524 sublatum

1817 5568 2010 5632 fuisse,
2049 5567 2569 5638 ipsosque-intentis
2602 5564 2798 5631 oculis,
2833 5564 2923 5617 illo
2944 5562 2997 5617 in
3032 5562 3227 5615 omium
3275 5554 3374 5612 ab-

244 5722 283 5752 “
321 5722 469 5779 Rom.
503 5739 577 5787 XI,
614 5723 699 5777 l7.
774 5721 949 5777 "Jer.
986 5739 1059 5786 ιι,
1092 5720 1178 5775 16.
1254 5722 1297 5753 ’³
1332 5719 1473 5777 Psal.
1525 5736 1598 5787 LI,
1628 5720 1705 5775 10.

1807 5720 1832 5751 ’δ
1856 5718 2049 5775 Ezech.
2078 5735 2154 5785 xi,
2185 5717 2275 5781 ‘33,
2298 5716 2390 5772 23.

479 5824 750 5884 Ρηιιοι.
797 5822 909 5884 Gn.
946 5820 1155 5888 XXI].

3027 5810 3101 5873 13
