3916 6200
550 255 666 358 i459

1228 251 1494 312 EUSEBII
1532 254 2010 315 CESARIENSIS
2039 257 2191 317 OPP.

2214 259 2392 316 PARS
2425 260 2490 316 ll.
2520 292 2592 304 —
2625 259 3122 322 APOLOCETICA.
3671 270 3761 326 ιθο

557 383 746 443 eunte,
775 392 1065 433 mansisse.
1093 396 1120 448 _¢
1144 377 1210 432 Et
1245 393 1393 444 ecce,
1437 379 1632 451 inquit,
1673 380 1782 436 duo
1817 383 1919 436 viri
1935 383 2101 439 astite‘

2223 387 2320 458 τῆς
2372 387 2641 460 πεσούσης
2684 391 2778 443 καὶ
2834 391 2908 463 μὴ
2955 391 3269 464 ὲγερθείσης
3312 389 3648 464 Ἰερουσαλὴμ
3679 393 3758 446 ἁν-

559 481 690 528 runt
715 471 795 525 eis
823 471 880 524 in
912 469 1156 525 vestibus
1180 471 1339 536 albis,
1365 472 1458 544 qui
1481 475 1644 528 etiam
1668 474 1925 530 dixerunt
1959 495 1972 531 :
2009 475 2122 532 Viri

559 561 788 627 Galilzei,
821 560 950 632 quid
981 563 1139 618 statis
1173 563 1502 636 aspicientes
1534 566 1590 620 in
1636 567 1877 622 coelum?
1907 565 2006 623 Hic
2036 568 2125 624 Je-

559 670 654 712 sus
681 653 773 724 qni
805 663 1118 724 assumptus
1157 664 1240 710 est
1290 672 1321 710 a
1365 657 1521 712 vobis
1568 658 1625 711 in
1669 659 1890 726 coelum,
1922 661 2003 716 sic
2031 675 2125 716 ve-

545 746 688 811 niet,
741 745 1200 816 quemadmodum
1249 748 1466 804 vidistis
1494 765 1619 804 eum
1649 758 1869 806 euntem
1912 753 1970 806 in
2007 767 2122 807 cm-

553 837 665 894 lum
689 838 756 894 ".
800 859 819 891 ι
855 836 1065 905 Quibus
1093 840 1258 894 etiam
1289 841 1535 911 adjungit
1552 843 1716 898 verba
1732 843 1884 899 haec:
1915 861 1933 894 ι
1967 842 2122 899 Tunc

552 931 757 987 reversi
825 939 953 986 sunt
991 931 1045 985 in
1090 930 1387 987 Jerusalem
1436 949 1465 986 a
1519 941 1704 990 monte
1744 934 1836 1005 qui
1894 943 2121 990 vocatur

551 1023 767 1090 Oliveti,
791 1025 883 1094 qui
940 1032 1023 1079 est
1068 1033 1258 1079 contra
1310 1023 1613 1080 Jerusalem
1644 1027 1708 1080 ³⁸.
1753 1046 1771 1078 ι
1805 1025 1901 1083 Est
1931 1027 2115 1099 igitur,

549 1115 714 1170 etiam
747 1116 791 1171 si
825 1116 950 1186 quis
981 1115 1048 1168 ad
1077 1116 1301 1170 verbum
1333 1114 1670 1187 Scripturam
1701 1119 1827 1174 velit
1847 1121 2114 1190 accipere,

549 1217 738 1262 contra
769 1205 1069 1264 Jerusalem
1120 1217 1174 1264 et
1223 1208 1292 1264 ab
1321 1209 1412 1263 illa
1443 1210 1510 1264 ad
1544 1210 1806 1265 orientem
1840 1220 2113 1282 spectans,

546 1316 705 1355 mons
734 1302 799 1366 is,
830 1299 896 1356 de
923 1316 1035 1372 quo
1087 1301 1292 1356 dictum
1323 1310 1429 1367 est,
1472 1299 1785 1371 Olivarum;
1835 1312 2113 1358 verumta-

543 1408 669 1447 men
701 1393 746 1447 si
779 1394 1124 1462 sententiam,
1158 1409 1266 1448 non
1297 1395 1460 1449 verba
1510 1397 1663 1466 sequi
1692 1397 1962 1462 volumus,
1985 1412 2114 1452 san-

544 1493 631 1540 cta
657 1484 858 1540 Christi
894 1485 1160 1551 Ecclesia,
1205 1496 1259 1540 et
1294 1502 1452 1542 mons
1485 1488 1538 1541 in
1585 1503 1692 1558 quo
1750 1487 1974 1543 fundata
2005 1497 2110 1554 est,

542 1579 610 1632 de
661 1591 769 1649 quo
809 1579 1047 1648 loquitur
1097 1579 1370 1644 Salvator,
1425 1579 1616 1636 dicens
1653 1599 1665 1634 :
1723 1600 1741 1632 ι
1778 1579 1899 1635 Non
1930 1589 2114 1652 potest

2229 479 2529 551 εγερθεῖσα,
2560 481 2652 552 καὶ
2678 480 2786 535 τῶν
2811 482 2986 537 ποδῶν
3013 483 3105 536 τοῦ
3137 484 3343 557 Κυρίου
3376 482 3756 549 καταξανθεῖσα,

2226 573 2287 626 οὐ
2329 574 2485 644 μόνον
2520 575 2808 630 κατέναντί
2845 578 2990 629 ἐστιν
3025 575 3394 649 Ἰερουσαλὴμ,
3431 579 3565 632 ἀλλὰ
3589 580 3670 633 καὶ
3707 581 3758 647 ἐξ

2225 668 2494 722 ἀνατολῶν
2541 670 2708 743 αὐτῆς
2730 710 2744 733 ,
2787 670 3163 743 προσλαϐοῦσα
3193 672 3293 736 τὰς
3324 671 3498 742 αὐγὰς
3545 674 3628 727 τοῦ
3674 675 3757 746 τῆς

2225 759 2530 825 θεοσεϐείας
2571 762 2762 830 φωτὸς,
2793 763 2888 816 καὶ
2921 762 3054 816 πολὺ
3099 765 3337 836 προτέρα
3379 765 3479 837 τῆς
3523 766 3760 836 Ἰερουσα-

2221 850 2334 924 λὴμ
2369 853 2656 926 γενομένη,
2683 854 2830 926 αὐτῷ
2851 873 2911 909 τε
2950 856 3295 928 πλησιάσασα
3337 857 3416 929 τῷ
3446 857 3546 927 τῆς
3579 859 3761 912 δικαιο-

2223 941 2389 1015 σύνης
2414 944 2568 1015 ἡλίῳ,
2601 946 2728 1017 περὶ
2755 939 2816 999 οῦ
2847 946 3092 1001 λέλεκται
3117 965 3130 978 ·
3161 968 3178 999 ι
3208 950 3330 1012 Τοῖς
3353 949 3409 1002 δὲ
3435 949 3764 1020 φοϐουμένοις

2223 1051 2289 1104 με
2324 1034 2571 1088 ἁνατελεῖ
2596 1035 2746 1106 ἥλιος
2777 1036 3136 1109 δικαιοσύνης,
3161 1057 3180 1089 ι
3210 1040 3274 1092 '0
3296 1039 3352 1091 δὲ
3383 1039 3530 1108 λέγει
3553 1039 3609 1092 τὸ
3633 1039 3762 1108 ἑξῆς,

2217 1125 2298 1179 ὄτι
2341 1146 2358 1177 ι
2384 1127 2737 1199 Σχισθήσεται
2784 1128 2844 1180 τὸ
2885 1129 3009 1203 ὅρος
3060 1128 3168 1183 τῶν
3205 1130 3424 1184 Ἐλαιῶν
3453 1169 3468 1196 ,
3504 1130 3564 1184 τὸ
3611 1133 3762 1202 ἥμισυ

2217 1217 2380 1272 αὐτοῦ
2415 1219 2548 1291 πρὸς
2581 1219 2843 1284 ἀνατολὰς
2867 1221 2962 1274 καὶ
2991 1220 3278 1287 θάλασσαν,
3311 1223 3442 1294 χάος
3481 1209 3621 1294 μεγᾶ
3652 1223 3764 1292 σφό-

2214 1307 2334 1380 δρα,
2370 1310 2462 1363 καὶ
2489 1309 2656 1363 κλινεῖ
2680 1309 2738 1363 τὸ
2770 1309 3128 1382 ἥμισυναύτοῦ
3157 1311 3291 1383 πρὸς
3319 1313 3408 1365 τὸν
3431 1312 3652 1384 βορρᾶν,
3682 1313 3763 1368 καὶ

2213 1399 2275 1452 τὸ
2305 1399 2476 1476 ἥμισυ
2506 1398 2669 1455 αὑτοῦ
2698 1399 2833 1473 πρὸς
2873 1400 3042 1465 νότον,
3071 1421 3090 1453 ›
3134 1401 3352 1458 δύναται
3398 1404 3495 1475 μὲν
3522 1405 3619 1476 τὴν
3655 1405 3763 1458 καθ’

2213 1491 2340 1563 ὅλης
2371 1492 2470 1564 τῆς
2497 1492 2796 1564 ἀνθρώπων
2821 1493 3142 1566 οἰκουμένης
3184 1494 3485 1562 ὲξάπλωσιν
3512 1496 3614 1568 τῆς
3651 1495 3761 1550 Ἐκ-

2213 1583 2442 1654 κλησίας
2460 1583 2762 1656 σημαίνειν,
2781 1585 2872 1638 ἐπὶ
2887 1585 2980 1639 καὶ
3003 1583 3262 1651 ἀνατολὰς
3283 1587 3455 1660 ἡλίου,
3478 1590 3621 1643 αὐτά
3638 1607 3689 1643 τε
3705 1589 3764 1644 τὰ

526 1669 802 1725 abscOndi
836 1671 1029 1726 civitas
1061 1687 1226 1740 supra
1263 1680 1500 1726 montem
1531 1673 1709 1742 posita
1732 1674 1802 1737 ’7,
1849 1692 1868 1725 ι
1913 1686 2014 1744 pro
2045 1688 2101 1730 ea

2214 1675 2324 1746 έῷα
2350 1675 2444 1729 καὶ
2477 1675 2776 1729 ἀνατολικὰ
2805 1676 2931 1748 ἔθνη
2964 1676 3416 1752 πεπληρωμένηψ
3439 1681 3693 1734 διατείνει
3714 1683 3763 1736 δὲ

539 1779 661 1834 quae
719 1763 936 1828 cecidit,
982 1780 1160 1834 neque
1205 1765 1439 1834 amplius
1503 1765 1740 1820 surrexit
1779 1765 2101 1832 Jerusalem,

2214 1765 2308 1819 καὶ
2347 1764 2439 1819 ἐπὶ
2467 1765 2566 1836 τὴν
2598 1765 2818 1838 δυτικὴν
2864 1749 3159 1834 θάλασσαν,
3201 1749 3299 1832 τάς
3328 1749 3386 1821 τε
3421 1770 3478 1822 ὲν
3512 1771 3649 1842 αὐτῇ
3679 1772 3762 1842 νη·

536 1860 746 1908 structa
777 1860 939 1924 atque
967 1863 1171 1918 erecta,
1199 1855 1473 1926 dignaque
1505 1855 1690 1910 habita
1722 1858 1779 1910 in
1805 1872 1913 1928 qua
1943 1857 2107 1927 pedes

537 1943 753 2000 Domini
789 1947 1066 2010 insistant,
1117 1961 1226 2000 non
1283 1946 1463 2003 solum
1518 1956 1602 2003 est
1645 1957 1836 2002 contra
1881 1947 2106 2004 Jerusa-

535 2039 664 2105 lem,
705 2039 802 2095 sed
840 2041 1005 2094 etiam
1037 2041 1106 2096 ab
1135 2056 1198 2096 ea
1228 2039 1296 2094 ad
1325 2042 1592 2097 orientem
1625 2057 1878 2112 vergens,
1905 2041 2107 2113 quippe

534 2140 656 2205 quae
687 2132 807 2202 ejus
849 2132 1095 2200 luminis,
1143 2147 1253 2204 quo
1293 2131 1462 2187 Deum
1502 2133 1591 2203 pie
1631 2134 1886 2202 colimus,
1921 2133 2105 2189 radios

534 2227 791 2298 excipiat,
833 2236 888 2284 et
954 2229 1126 2283 multo
1171 2229 1287 2298 ipsa
1337 2227 1639 2285 Jerusalem
1680 2231 1922 2286 anterior
1960 2229 2104 2286 facta

532 2321 624 2388 sit,
654 2320 868 2392 ipsique
885 2322 1114 2392 justitize
1139 2322 1240 2378 soli
1275 2324 1656 2394 propinquior,
1679 2323 1748 2379 de
1769 2339 1880 2395 quo
1895 2323 2101 2379 dictum

532 2420 634 2478 est,
673 2431 695 2464 ‹
745 2415 1065 2469 timentibus
1121 2422 1304 2469 autem
1364 2430 1472 2481 me,
1523 2415 1735 2471 orietur
1801 2416 1885 2471 sol
1939 2415 2104 2486 justi-

533 2506 623 2560 tia:
653 2507 699 2538 ⁸⁸
729 2523 744 2562 :
781 2527 803 2558 ι
838 2507 968 2576 quia
998 2522 1128 2564 vero
1157 2507 1292 2562 dicit
1321 2506 1600 2580 deinceps,
1631 2517 1778 2580 quod
1817 2528 1835 2562 ι
1885 2510 2102 2567 scinde-

533 2607 622 2653 tur
645 2615 804 2656 mons
833 2597 1112 2654 Olivarum
1148 2619 1159 2653 :
1189 2600 1475 2655 dimidium
1505 2601 1626 2672 ejus
1655 2603 1724 2658 ad
1751 2601 2017 2658 orientem
2047 2609 2101 2658 et

531 2707 682 2747 mare
714 2708 729 2747 :
772 2690 1119 2762 profunditas
1145 2707 1342 2762 magna
1371 2693 1744 2758 vehementer,
1776 2701 1831 2749 et
1865 2693 2096 2750 inclina-

531 2783 611 2840 bit
637 2783 920 2840 dimidium
951 2785 1070 2854 ejus
1103 2785 1169 2839 ad
1201 2785 1444 2851 boream,
1484 2795 1537 2841 et
1567 2787 1852 2844 dimidium
1883 2789 2004 2860 ejus
2030 2791 2096 2845 ad

530 2885 810 2945 austrum;
851 2897 869 2930 ι
907 2888 1084 2948 potest
1111 2879 1213 2932 hoc
1248 2877 1466 2948 quidem
1495 2877 1752 2936 Ecclesiae
1787 2897 1882 2953 per
1919 2889 2096 2936 totum

531 2968 736 3035 orbem,
774 2968 866 3038 qui
907 2969 976 3023 ab
1024 2968 1336 3024 hominibus
1386 2967 1665 3037 incolitur,
1718 2971 2094 3027 dilatationem

529 3063 835 3134 signiﬁcare
866 3083 878 3118 :
911 3079 1031 3134 qua:
1055 3072 1236 3133 partes
1261 3064 1329 3118 ad
1357 3064 1622 3120 orientem
1653 3064 1823 3120 solem
1852 3071 2097 3135 spectan-

529 3133 637 3222 tes,
681 3133 941 3226 ipsasque
967 3169 1178 3209 aurorae
1205 3153 1554 3224 Orientisque
1600 3163 1788 3225 gentes
1818 3133 2096 3210 aenatio-
2123 3133 2166 3190 (ἶ

527 3263 629 3304 nes
653 3247 965 3316 complevit.
1001 3244 1303 3316 Porrigitur
1333 3260 1462 3300 vero
1491 3246 1655 3300 etiam
1688 3261 1863 3316 usque
1894 3244 1960 3300 ad
1981 3259 2098 3298 ma-

527 3355 610 3406 re,
649 3339 797 3411 quod
853 3347 938 3394 est
1001 3337 1070 3392 ad
1107 3337 1467 3402 occidentem,
1510 3346 1562 3392 et
1587 3337 1655 3391 ad
1710 3337 1919 3393 insulas
1976 3351 2097 3408 quae

529 3434 586 3487 in
619 3433 742 3503 ipso
785 3439 930 3487 sunt.
964 3428 1135 3484 Porro
1167 3429 1234 3484 ad
1277 3440 1521 3484 austrum
1557 3445 1775 3500 quoque
1822 3445 1887 3484 ac
1933 3429 2097 3484 meri-

527 3523 674 3578 diem
721 3521 982 3593 pervenit,
1031 3522 1158 3576 item
1207 3521 1274 3574 ad
1313 3520 1624 3592 aquilonem
1669 3527 1723 3575 et
1771 3521 2098 3591 septentrio-

535 3629 653 3670 nem
691 3631 706 3668 :
759 3613 827 3667 ad
860 3613 1234 3681 omnesenim.
1254 3622 1436 3686 partes
1471 3619 1526 3667 et
1579 3611 1780 3682 ubique
1829 3611 2092 3684 gentium,

437 3707 444 3718 ’
528 3712 676 3785 quod
727 3711 952 3782 ﬁgurate
995 3707 1336 3779 signiﬁcatur
1383 3705 1600 3761 Domini
1648 3705 1939 3769 olivetum,
1977 3719 2097 3774 quae

526 3815 612 3862 est
634 3806 754 3876 ejus
787 3803 1051 3867 Ecclesia,
1088 3801 1388 3872 plantatum
1440 3806 1542 3853 est.
1575 3796 1762 3851 Potest
1793 3796 1956 3850 etiam
1989 3795 2096 3849 alio

529 3916 715 3963 sensu,
747 3913 867 3968 qua:
899 3896 1126 3951 antehac
1149 3893 1305 3947 factae
1336 3892 1466 3956 sint,
1491 3903 1719 3960 qumque
1749 3888 1914 3944 etiam
1949 3903 2094 3942 nunc

527 3990 665 4044 ﬁunt
705 3989 758 4043 in
785 3985 1028 4041 Ecclesia
1057 3982 1284 4044 Christi,
1314 3981 1617 4038 scissiones
1648 3987 1701 4035 et
1733 3987 1936 4043 sectas,
1973 3993 2094 4034 mo-

525 4083 780 4149 ralesque
820 4079 871 4131 in
915 4078 1046 4140 vita,
1079 4075 1172 4129 ubi
1227 4075 1402 4129 scissa
1440 4073 1726 4143 divisaque
1773 4078 1877 4134 est,
1911 4071 2096 4141 lapsus

527 4166 868 4236 signiﬁcare;
918 4161 1054 4217 dicit
1097 4161 1242 4217 enim
1295 4171 1536 4216 montem
1579 4175 1702 4216 esse
1730 4161 2090 4230 dilapsurum,

527 4256 812 4310 dimidium
843 4255 964 4324 ejus
998 4253 1066 4308 ad
1096 4254 1385 4318 orientem,
1432 4261 1485 4308 et
1532 4252 1817 4307 dimidium
1865 4252 1986 4321 ejus
2027 4251 2095 4306 ad

528 4364 677 4401 mare
711 4366 724 4401 :
763 4348 1185 4416 profunditatem
1219 4361 1472 4418 magnam
1519 4346 1886 4411 vehementer,
1917 4354 1972 4400 et
2011 4345 2095 4399 in-

528 4441 754 4495 clinabit
784 4442 1068 4497 dimidium
1099 4441 1302 4496 montis
1355 4439 1424 4494 ad
1471 4439 1805 4510 aquilonem,
1848 4448 1902 4494 et
1933 4438 2093 4493 dimi-

527 4537 674 4589 dium
707 4534 826 4603 ejus
863 4533 1028 4605 29o
1083 4534 1150 4590 ad
1199 4540 1476 4597 austrum;
1529 4540 1589 4585 ut
1634 4532 1714 4586 sic
1757 4533 1812 4586 in
1854 4540 2092 4602 quatuor

525 4635 708 4700 partes
739 4628 914 4682 scindi
965 4627 1237 4690 videatur,
1274 4625 1411 4680 duas
1451 4625 1670 4693 quidem
1721 4623 1997 4693 graviores
2028 4638 2089 4677 ac

527 4721 955 4791 priestantiores,
985 4719 1122 4774 duas
1149 4725 1325 4772 autem
1363 4717 1669 4771 contrarias
1699 4733 1713 4770 :
1737 4724 1792 4769 et
1811 4730 1943 4770 sane
1968 4713 2090 4769 vide

526 4831 596 4870 ne
628 4814 766 4869 forte
799 4813 852 4866 in
887 4813 972 4867 his
999 4812 1203 4876 verbis,
1241 4811 1372 4866 illud
1406 4809 1550 4881 quod
1585 4809 1784 4864 dicitur
1813 4807 1880 4861 ad
1908 4808 2091 4863 orien-

525 4917 633 4962 tem
658 4913 712 4961 et
741 4914 1009 4968 austrum,
1042 4904 1180 4959 duos
1214 4903 1436 4959 ordines
1461 4901 1751 4973 signiﬁcet,
1787 4915 1975 4956 eorum
1997 4900 2091 4970 qui

526 5014 787 5055 successu
827 5011 889 5051 ac
923 4995 1171 5066 profectu
1204 4995 1258 5048 in
1281 4994 1465 5048 divino
1494 4993 1643 5047 cultu
1670 4990 1914 5047 instincti
1937 5002 2088 5057 sunt,

524 5108 692 5147 unum
720 5091 941 5162 quidem
971 5103 1162 5145 eorum
1199 5087 1293 5157 qui
1347 5087 1400 5141 in
1453 5085 1761 5158 cognitione
1800 5100 1864 5139 ac
1900 5084 2086 5148 verbo,

523 5196 578 5242 et
605 5185 830 5256 reliquis
860 5183 1028 5238 divini
1063 5179 1303 5254 Spiritus
1331 5181 1490 5236 donis
1518 5180 1832 5251 proﬁciunt.
1857 5177 2086 5234 alterum

523 5293 712 5334 eorum
743 5279 834 5349 qui
868 5278 924 5332 in
956 5277 1204 5332 moribus
1237 5274 1456 5346 quidem
1487 5283 1541 5329 et
1572 5273 1680 5326 vita
1705 5271 1873 5343 probe
1909 5279 2089 5336 recte-

523 5387 629 5442 que
655 5371 880 5442 degnnt,
912 5371 1007 5427 sed
1044 5379 1224 5423 tamen
1267 5367 1322 5422 in
1357 5367 1474 5422 suis
1521 5364 1815 5436 seligendis
1862 5362 2090 5418 rationi-

522 5459 626 5515 bus
670 5459 1003 5515 detinentur.
1050 5457 1294 5530 Reliquze
1336 5473 1465 5512 vero
1506 5458 1626 5512 dum
1660 5462 1866 5525 partes,
1908 5469 2030 5525 qua:
2060 5467 2090 5507 ιι

521 5549 796 5619 prioribus
829 5551 1016 5606 divisa:
1047 5559 1195 5613 sunt,
1234 5549 1298 5603 ad
1339 5564 1487 5604 mare
1522 5556 1576 5602 et
1605 5547 1934 5616 aquilonem,
1975 5559 2090 5598 am-

579 5705 638 5741 ⁸⁸
667 5703 785 5762 Act.
815 5718 856 5772 l,
884 5705 968 5760 Η.

2216 1874 2359 1922 σους.
2403 1857 2476 1909 Οὐ
2506 1857 2609 1929 μὴν
2638 1857 2750 1910 ἀλλ’
2776 1857 2974 1928 ἔφθακε
3010 1860 3148 1914 κατά
3173 1877 3232 1912 τε
3257 1859 3404 1914 νότον
3431 1861 3526 1914 καὶ
3570 1878 3763 1931 μεσημ-

2213 1949 2390 2020 ϐρίαν,
2417 1949 2555 2003 κατά
2585 1965 2644 2004 τε
2679 1949 2899 2023 βορρᾶν,
2931 1952 3023 2004 καὶ
3058 1953 3286 2023 ἄρκτον
3328 1953 3500 2022 πάντη
3531 1952 3640 2023 γὰρ
3682 1953 3763 2006 καὶ

2215 2041 2484 2113 πανταχοῦ
2536 2043 2565 2095 ὁ
2625 2043 3019 2114 σημαινόμενος
3079 2044 3354 2116 τροπικῶς
3420 2044 3515 2097 τοῦ
3571 2035 3763 2116 Κύρίου

2209 2135 2404 2196 ὲλαιὼν
2445 2137 2478 2206 η
2529 2134 2821 2206 Ἐκκλησία
2863 2134 3026 2189 αὐτοῦ
3067 2137 3576 2207 καταπεφύτευται·
3616 2137 3763 2191 δύνα-

2208 2247 2298 2283 ται
2343 2229 2398 2282 δὲ
2440 2228 2704 2282 καὶκατὰ
2742 2228 2976 2283 διάνοιαν
3018 2228 3085 2283 τὰ
3136 2229 3230 2282 ἐπὶ
3268 2231 3365 2302 τῆς
3400 2228 3494 2282 τοῦ
3538 2207 3766 2301 ἀρητοῦ

2222 2322 2544 2394 Ἐκκλησίας
2579 2322 2846 2394 γενόμενά
2894 2340 2952 2376 τε
2979 2363 2993 2388 ,
3042 2324 3135 2376 καὶ
3165 2323 3331 2376 εἰσέτι
3378 2322 3471 2376 νῦν
3517 2323 3770 2394 γινόμενα

2211 2415 2484 2486 σχίσματα
2507 2413 2724 2477 καὶτὰς
2762 2414 3022 2486 αἱρέσεις,
3055 2414 3153 2479 τάς
3189 2433 3247 2468 τε
3273 2414 3464 2486 ἠθικὰς
3493 2414 3632 2467 κατὰ
3677 2415 3768 2469 τὸν

2209 2506 2322 2578 βίον
2353 2506 2699 2570 ἀποπτώσεις
2739 2505 3087 2561 αἰνίττεσθαι.
3140 2505 3366 2577 Σχισθὲν
3392 2507 3493 2576 γάρ
3537 2522 3672 2577 φησι
3706 2505 3770 2559 τὸ

2205 2599 2330 2670 ὅρος
2367 2598 2776 2672 διαστήσεσθαι,
2805 2599 2867 2652 τὸ
2899 2601 3068 2671 ἥμισυ
3112 2598 3274 2653 αὑτοῦ
3314 2598 3446 2670 πρὸς
3483 2599 3766 2662 ἀνατολὰς,

2205 2693 2296 2745 καὶ
2326 2692 2386 2744 τὸ
2415 2693 2586 2763 ἥμισυ
2624 2691 2786 2744 αὐτοῦ
2815 2691 2949 2763 πρὸς
2977 2691 3271 2756 θάλασσαν,
3304 2691 3432 2762 χάος
3473 2691 3616 2762 μέγα
3649 2692 3766 2762 σφό-

2203 2785 2325 2856 δρα,
2348 2785 2442 2838 καί⁸
2473 2784 2642 2838 κλινεῖ
2660 2786 2721 2838 τὸ
2744 2786 2914 2857 ἥμισυ
2939 2784 3034 2838 τοῦ
3063 2784 3222 2856 ὅρους
3252 2785 3387 2858 πρὸς
3417 2785 3508 2838 τὸν
3551 2784 3769 2857 βορρᾶν,

2204 2881 2297 2934 καὶ
2320 2879 2378 2932 τὸ
2399 2880 2570 2950 ἥμισυ
2594 2877 2758 2932 αὑτοῦ
2793 2877 2926 2950 πρὸς
2955 2877 3126 2944 νότον,
3153 2876 3229 2940 ὡς
3256 2877 3334 2940 εἰς
3365 2875 3610 2947 τέσσαρα
3638 2878 3769 2950 μέρη

2200 2968 2543 3041 διαιρεῖσθαι,
2577 2968 2668 3022 δύο
2709 2969 2804 3040 μὲν
2833 2967 2901 3020 τὰ
2945 2967 3239 3039 σεμνότερα
3263 2968 3356 3020 καὶ
3394 2968 3660 3039 κρείττω,
3685 2967 3772 3022 δῦο

2199 3061 2348 3116 δὲτὰ
2396 3061 2631 3116 ἐναντία.
2675 3062 2786 3114 Καὶ
2828 3061 2930 3132 ὅρα
2958 3061 3166 3132 μήποτε
3211 3057 3298 3112 διὰ
3334 3058 3541 3111 τούτων
3569 3060 3632 3112 τὸ
3679 3058 3768 3130 μὶν

2199 3154 2334 3226 πρὸς
2360 3153 2619 3218 ἀνατολὰς
2643 3154 2736 3207 καὶ
2768 3155 2903 3226 πρὸς
2933 3155 3080 3206 νότον
3105 3153 3196 3206 δύο
3227 3153 3481 3224 τάγματα
3522 3152 3767 3224 σημαίνει

2199 3247 2308 3301 τῶν
2339 3247 2438 3318 τῆς
2466 3246 2607 3301 κατὰ
2627 3246 2760 3300 Θεὸν
2786 3250 3067 3318 προκοπῆς
3098 3246 3516 3318 ὲπειλημμένων
3537 3264 3551 3276 ο
3588 3247 3647 3302 ἓν
3676 3247 3767 3318 μὲν

2197 3339 2306 3394 τῶν
2333 3341 2390 3392 ὲν
2415 3339 2613 3410 γνώσει
2651 3339 2744 3394 καὶ
2776 3340 2937 3411 λόγῳ,
2986 3341 3079 3393 καὶ
3115 3342 3224 3404 τοῖς
3255 3338 3463 3404 λοιποῖς
3485 3339 3585 3393 τοῦ
3632 3337 3768 3392 θείω

2198 3427 2514 3500 Πνεύματος
2547 3430 2846 3503 χαρίσμασι
2873 3429 3283 3501 τελειουμένων’
3319 3429 3549 3502 θάτερον
3583 3431 3642 3484 δὲ
3668 3429 3769 3482 τῶν

2197 3518 2287 3572 διὰ
2336 3519 2449 3588 βίου
2476 3519 2914 3592 κατορθούντων,
2948 3523 3004 3574 ὲν
3045 3521 3294 3590 ἐκλογαῖς
3324 3538 3388 3590 γε
3425 3523 3532 3594 μὴν
3569 3523 3768 3595 διατρι-

2199 3612 2419 3666 ϐόντων.
2452 3613 2532 3666 Τὰ
2558 3613 2614 3666 δὲ
2643 3613 2804 3667 λοιπὰ
2836 3613 2929 3667 δύο
2967 3614 3104 3685 μέρη
3136 3613 3243 3667 τῶν
3275 3614 3555 3685 προτέρων
3581 3615 3765 3688 διῃρη-

2202 3704 2336 3775 μένα
2369 3705 2454 3775 εῖη
2501 3704 2585 3769 ἂν,
2610 3704 2672 3757 τὸ
2711 3704 2851 3758 κατὰ
2898 3704 3166 3758 θάλασσαν
3200 3705 3292 3758 καὶ
3339 3706 3475 3776 πρὸς
3526 3705 3768 3778 βορρᾶν,

2199 3795 2480 3868 ἀμφότερα
2508 3795 2642 3868 πρὸς
2668 3799 2734 3867 τῇ
2771 3796 2940 3867 κακία
2961 3795 3352 3868 σημαινόμενα.
3385 3816 3403 3848 ι
3441 3797 3578 3850 Ἀπὸ
3603 3815 3769 3870 προσ-

2197 3885 2348 3940 ώπου
2376 3886 2504 3959 γὰρ,
2546 3889 2698 3958 φησὶ,
2743 3886 2911 3958 βορρᾶ
2941 3886 3334 3959 ἐκκαυθήσεται
3373 3887 3445 3940 τὰ
3487 3888 3640 3942 κακὰ
3681 3889 3773 3942 ἐπὶ

2199 3981 2405 4044 πάντας
2439 3982 2567 4043 τοὺς
2605 3979 2990 4042 κατοικοῦντας
3023 3978 3122 4050 τὴν
3161 3979 3294 4050 γῆν·
3320 3999 3338 4032 ι
3385 3980 3413 4033 ὅ
3450 3997 3508 4032 τε
3553 3980 3774 4052 δράκων

2198 4072 2291 4126 ἐπὶ
2330 4072 2426 4144 τῆς
2469 4071 2739 4142 θαλάσσης
2779 4070 3048 4124 ποιεῖσθαι
3086 4071 3184 4135 τὰς
3209 4071 3489 4144 διατριϐὰς
3529 4073 3774 4141 λέγεται.

2201 4165 2362 4216 Ὥστε
2407 4163 2630 4225 εἰκότως
2683 4161 2959 4216 κάνταῦθα
2989 4163 3096 4215 τῶν
3148 4162 3255 4215 ἀπὸ
3288 4163 3386 4234 τῆς
3444 4163 3782 4236 Ἐκκλησίας

2197 4253 2613 4306 ἁποπιπτόντων
2641 4251 2734 4304 δύο
2769 4251 2927 4306 πάλιν
2969 4250 3256 4323 δηλοῦσθαι
3288 4252 3545 4324 τρόπους,
3591 4254 3688 4307 τόν
3719 4271 3784 4308 τε

2198 4346 2335 4399 κατὰ
2368 4347 2466 4416 τὴν
2487 4346 2685 4415 γνῶσιν
2707 4346 2797 4398 καὶ
2823 4345 2913 4398 τὸν
2947 4343 3088 4398 κατὰ
3119 4344 3178 4398 τὸ
3205 4341 3335 4416 ἦθος
3366 4345 3786 4416 ἁμαρτάνοντα,

2197 4437 2273 4500 ὡς
2301 4431 2436 4490 εἶναι
2461 4436 2664 4500 ταύτας
2693 4436 2785 4490 τοῦ
2813 4436 3140 4508 δηλουμένου
3167 4435 3451 4497 Ἐλαιῶνος
3473 4437 3664 4510 ὅρους,
3683 4438 3791 4502 τὰς

2197 4529 2302 4582 ὑπὸ
2323 4529 2422 4599 τῆς
2445 4527 2776 4601 προφητείας
2797 4529 3169 4600 αἰνιττομένας
3187 4529 3511 4592 διαστάσεις.
3545 4530 3790 4593 Τούτοις

2198 4619 2324 4689 rga;
2359 4618 2694 4687 ἐπιλέγεται·
2729 4639 2746 4669 ι
2775 4618 2882 4670 Ka‘t
2917 4617 3414 4690 ὲμφραχθήσεταιή
3446 4617 3640 4683 κοιλὰς
3671 4619 3793 4673 τῶν

2197 4712 2364 4783 ὀρέων
2399 4728 2522 4782 μου,
2569 4712 2662 4764 καὶ
2711 4709 3164 4782 ὲγκολληθήσεται
3205 4710 3423 4781 φάραγξ
3459 4711 3637 4784 ὀρέων
3677 4714 3794 4777 ἓως

2211 4804 2426 4877 Ἀσαήλ.
2478 4805 2587 4857 Καὶ
2633 4803 3113 4876 ὲμφραχθήσεται,
3153 4802 3211 4856 ὃν
3251 4803 3450 4874 τρόπον
3489 4805 3792 4877 ὲνεφράγη

2196 4897 2303 4951 ἀπὸ
2327 4896 2617 4969 προσώπου
2651 4896 2741 4949 τοῦ
2788 4895 3007 4966 σεισμοῦ
3045 4896 3101 4948 ἐν
3124 4895 3355 4967 ἡμέραις
3398 4894 3573 4960 Ὀζίου
3615 4897 3796 4966 βασι-

2192 4992 2327 5056 λέως
2370 4990 2555 5043 Ἰούδα.
2585 5008 2603 5042 ι
2641 4988 2840 5052 Κοιλὰς
2877 4988 2932 5041 δὲ
2965 4990 3022 5041 έν
3069 4988 3278 5051 τούτοις
3308 4987 3416 5042 τῶν
3457 4989 3640 5059 ὀρέων
3687 4989 3796 5042 τοῦ

2191 5083 2324 5137 Θεοῦ
2351 5083 2435 5147 τίς
2460 5081 2525 5136 ἂν
2557 5082 2639 5152 εἴη
2675 5081 2707 5153 ἢ
2741 5082 2774 5152 ἡ
2802 5081 2942 5135 κατὰ
2969 5081 3058 5134 τὸν
3105 5081 3385 5144 Μωῦσέως
3409 5081 3570 5151 νόμον
3618 5083 3689 5134 ὲν
3719 5084 3796 5153 τῇ

2204 5172 2552 5246 Ἰερουσαλὴμ
2572 5171 2738 5225 πάλαι
2768 5172 3028 5244 πρότερον
3061 5171 3450 5244 συντελουμένη
3479 5172 3802 5243 σωματικὴ

2192 5267 2284 5321 καὶ
2319 5266 2579 5337 Ἰουδαϊκῇ
2613 5265 2906 5337 θρησκεία;
2937 5265 3002 5336 ἢν
3028 5261 3551 5335 ἀποκλεισθήσεσθαι
3575 5261 3802 5334 ὥσπερ

2196 5357 2636 5432 ἀποφραχθεῖσαν
2678 5360 2705 5412 ὁ
2755 5353 2943 5430 παρὼν
3003 5357 3158 5425 λόγος
3214 5353 3456 5420 θεσπίζει
3507 5355 3796 5425 φάσκων·

2201 5469 2220 5501 ‹
2254 5450 2362 5504 Καὶ
2395 5449 2836 5522 ἐμφραχθήσεται
2868 5451 2901 5520 ή
2942 5447 3127 5513 κοιλὰς
3166 5447 3275 5502 τῶν
3307 5448 3477 5520 ὁρέων
3511 5464 3652 5519 μου,
3691 5447 3810 5502 καὶ

2196 5541 2650 5614 ὲγκολληθήσεται
2705 5539 2919 5613 φάραγξ
2985 5540 3154 5612 ὀρέων
3199 5538 3304 5602 ἕως
3375 5535 3576 5610 ’Δσαηλ
3598 5574 3624 5605 ,
3695 5534 3816 5593 ιιι-..Σ

1047 5708 1092 5741 ’⁸
1117 5705 1248 5763 ibid.
1287 5705 1371 5762 12.
1449 5702 1706 5760 "Matth.
1733 5717 1786 5768 v,
1816 5699 1900 5758 14.
1980 5699 2024 5734 ⁸⁸
2054 5698 2284 5758 Malach.
2327 5713 2399 5763 tv,
2426 5697 2482 5755 2.
