3916 6200
218 183 317 248 tot

1099 197 1747 258 DEMONSTRATIONIS
1781 195 2239 262 EVANGELICIE
2268 198 2402 264 LIB.
2433 198 2526 263 Vl.

3341 218 3447 274 ωε

212 311 683 384 ἐ-μφραχθησεται.
720 333 739 366 ι
792 316 927 369 Ἀνθ’
969 309 1044 370 ὧν
1089 321 1119 371 ὁ
1147 317 1439 391 Σύμμαχος
1485 321 1767 392 πεποίηκε

1888 323 1969 377 ba:
1999 332 2160 378 erunt
2189 340 2308 394 quae
2328 325 2442 395 jam
2487 326 2554 382 ad
2595 326 2858 382 malitiam
2897 332 3166 398 pertinent
3201 353 3212 389 :
3249 352 3270 386 ι
3299 338 3343 390 Α
3374 339 3456 393 fa-

214 417 239 455 ι
273 403 384 456 Καὶ
406 403 845 477 ἐμφραχθήσεται
869 409 900 477 ή
931 406 1146 478 φάραγξ
1172 409 1281 463 τῶν
1307 411 1476 482 ὀρέων
1499 429 1619 483 μου,
1653 431 1671 463 ι
1694 413 1788 466 καὶ

211 494 296 550 ἔτι
321 514 340 547 ι
366 499 572 565 ὲγγιεῖι
601 497 868 569 ἡφάραγξ
882 499 988 552 τῶν
1013 501 1185 572 ὀρέων
1211 501 1347 573 πρὸς
1365 503 1426 556 τὺ
1445 505 1785 576 παρακείμε-

210 603 329 653 νον,
357 607 375 638 ι
397 588 492 642 καὶ
505 589 974 662 ὲμφραχθήσεται·
1004 611 1022 642 ι
1041 593 1110 644 δι’
1132 587 1206 646 ὧν
1231 594 1525 667 παρίστησι
1540 597 1600 650 τὸ
1617 597 1787 652 αἴτιον

211 681 312 751 τῆς
340 681 746 754 ἐμφραχθείσης
784 685 1083 756 φάραγγος.
1121 689 1186 741 Τί
1221 688 1279 742 δὲ
1303 686 1371 762 ἦν
1404 691 1562 744 τοῦτο
1603 692 1717 746 ἀλλ’
1749 694 1782 766 ἢ

207 771 276 825 τὸ
319 773 536 841 ἐγγίσαι
580 775 750 846 αὐτὴν
800 777 895 829 κα)⁸
941 779 1235 849 πλησιάσαι
1279 780 1356 853 τῷ
1400 786 1784 857 παρακειμένῳ

209 863 349 934 αὐτῇ
373 881 387 928 ;
415 862 574 918 τοῦτο
600 865 658 918 δὲ
681 862 748 938 ἦν
775 868 836 920 τὸ
861 868 954 921 τοῦ
976 871 1181 944 Κυρίου
1203 873 1326 945 ὄρος
1349 875 1410 926 τὸ
1425 877 1531 928 τῶν
1561 877 1783 932 Ἐλαιῶν

211 958 704 1030 προωνομασμένον
732 1001 748 1024 ,
805 962 937 1034 ὅπερ
1001 964 1219 1032 Ἃσαὴλ
1265 966 1578 1038 ὠνόμασται
1633 971 1782 1044 παρὰ
1829 1037 1832 1040 Α

205 1051 322 1112 τοῖς
346 1050 762 1123 Ἐεδομηκοντα.
789 1053 950 1124 Δηλοῖ
965 1053 1017 1108 δὲ
1041 1055 1197 1110 τοῦτο
1219 1059 1359 1112 κατὰ
1385 1059 1482 1131 τὴν
1518 1061 1782 1133 Ἐϐραίων

205 1142 395 1212 φωνὴν
435 1143 682 1210 ποίησιν
726 1143 893 1198 Θεοῦ.
936 1146 1090 1200 Οὕτω
1133 1149 1226 1213 δὲ,
1277 1151 1530 1224 φησὶν,ή
1581 1154 1781 1208 παλαιὰ

207 1235 426 1304 φάραγξ
451 1235 794 1307 πλησιάσασα
819 1239 896 1310 τῷ
921 1239 1056 1312 ὄρει,
1088 1244 1180 1295 καὶ
1198 1245 1261 1314 τῇ
1286 1244 1519 1315 Χριστοῦ
1557 1247 1782 1317 Ἐκκλη-

208 1327 344 1398 σία,
379 1327 454 1394 τῷ
501 1345 558 1381 τε
613 1332 874 1402 ποιήματι
939 1332 1075 1386 Θεοῦ
1105 1375 1120 1398 ,
1191 1336 1636 1407 ἐμφραχθήσεται
1688 1341 1779 1392 καὶ

201 1421 716 1494 ἀποκλεισθήσεται,
747 1425 806 1478 ὃν
830 1417 1030 1498 τρόπον
1059 1429 1331 1500 ὲνεφράγη
1352 1430 1458 1482 ἀπὸ
1487 1431 1776 1503 προσώπου

201 1511 306 1564 τοῦ
354 1514 599 1585 σεισμοῦ,
646 1516 706 1569 ὲν
749 1517 984 1590 ἡμέραις
1045 1519 1216 1585 Ὀζίου
1273 1520 1535 1591 βασιλέως
1588 1525 1773 1578 Ἰούδα.

199 1605 404 1675 Ζητῶν
429 1607 485 1659 δὲ
514 1611 642 1680 παρ’
671 1609 917 1679 ἐμαυτῷ,
947 1612 1040 1666 καὶ
1071 1611 1170 1675 τὰς
1195 1613 1344 1678 θείας
1377 1615 1601 1686 περιϊὼν
1637 1615 1776 1688 Γρα-

200 1700 334 1766 φὰς,
367 1700 422 1751 εί
457 1701 682 1753 ποτε-ὲν
712 1705 830 1766 ταῖς
865 1703 1099 1776 ἡμέραις
1139 1703 1311 1769 Ὀζίου
1355 1708 1388 1778 ἡ
1425 1705 1656 1760 ἐνταῦθα
1681 1707 1776 1778 δη-

203 1791 440 1863 λουμένη
472 1793 686 1866 φάραγξ
725 1795 998 1867 ἐνεφράγη
1047 1796 1155 1850 ἀπὸ
1196 1798 1484 1870 προσώπου
1526 1798 1619 1852 τοῦ
1667 1817 1776 1853 σει-

205 1884 368 1954 σμοῦ,
393 1885 449 1938 ἐν
477 1885 574 1955 μὲν
597 1890 715 1949 ταῖς
729 1887 836 1941 τῶν
869 1889 1201 1942 Βασιλειῶν
1220 1891 1478 1963 ἱστορίαις
1502 1893 1652 1946 οὐδὲν
1679 1893 1777 1964 ηὕ-

204 1991 414 2047 ρισκον,
444 1977 563 2030 οὐδὲ
598 1978 919 2048 σωματικῶς
949 1997 1011 2048 γε
1037 1984 1157 2032 κατ’
1188 1981 1349 2034 αὐτὸν
1373 1984 1594 2053 σεισμὸς
1624 2001 1775 2052 γεγο-

199 2067 328 2134 νὼς,
363 2068 486 2123 οὔτε
517 2088 569 2124 τι
596 2071 802 2125 τοιοῦτο
831 2073 957 2143 περὶ
1002 2073 1283 2145 φάραγγος
1309 2076 1366 2128 ὲν
1405 2077 1591 2141 αὐταῖς
1620 2079 1771 2149 €191;-

203 2161 366 2232 μένον
412 2163 840 2236 ἀναγέγραπται.
899 2165 1211 2236 ’ῐστορεῖταί
1243 2184 1308 2236 γε
1345 2167 1449 2239 μὴν
1490 2163 1670 2233 Ὀζίας
1714 2171 1771 2222 ὲν

193 2257 398 2328 ἀρχαῖς
420 2255 625 2322 δίκαιος
655 2260 955 2327 γεγονέναι,
987 2256 1104 2314 εἶτα
1129 2260 1475 2333 διαϐέϐληται
1499 2262 1574 2325 ὡς
1599 2264 1769 2333 ἐπαρ-

199 2347 316 2411 θεὶς
344 2351 410 2419 τῇ
443 2348 666 2421 διανοίᾳ,
707 2351 799 2404 καὶ
821 2351 887 2404 δι’
927 2351 1094 2406 αὐτοῦ
1130 2353 1286 2406 θῦσαι
1318 2353 1395 2424 τῷ
1423 2354 1543 2425 Θεῷ
1571 2355 1770 2426 τολμή-

201 2458 319 2504 σας.
350 2441 441 2494 Διὺ
469 2444 559 2496 καὶ
579 2442 784 2514 λέπραν
813 2443 961 2512 αὐτῷ
989 2443 1130 2498 κατὰ
1156 2445 1248 2498 τοῦ
1287 2444 1576 2517 προσώπου
1606 2446 1769 2515 ἀνθῆ-

200 2551 308 2586 σαι.
343 2533 515 2586 Τοῦτο
545 2536 641 2605 μὲν
663 2532 755 2588 οὖν
779 2537 812 2607 ἡ
835 2536 1009 2606 βίϐλος
1027 2537 1134 2590 τῶν
1157 2537 1485 2592 Βασι.1ειῶν
1501 2541 1767 2612 παρίστη-

194 2645 304 2681 σιν.
347 2629 407 2680 '0
453 2628 508 2680 δέ
545 2645 606 2696 γε
651 2627 915 2700 Ἰώσηπος
955 2630 1048 2682 καὶ
1086 2629 1184 2692 τὰς
1233 2629 1430 2695 ἔξωθεν
1477 2631 1767 2697 Ἰουδαῖκὰς

189 2719 550 2792 δευτερώσεις
574 2720 996 2791 ἁπηκριϐωκὼς,
1028 2722 1120 2775 ac;
1152 2722 1396 2794 Ἐϐραῖος
1419 2722 1475 2788 ἐξ
1506 2723 1768 2794 Ἐϐραίων

190 2813 501 2883 τυγχάνων,
531 2814 830 2866 ἐπάκουσον
861 2811 948 2867 οἷα
991 2815 1240 2883 γενέσθαι
1273 2815 1414 2868 κατὰ
1446 2815 1571 2878 τοὺς
1600 2815 1764 2869 αὑτοῦ

191 2907 351 2978 δηλοῖ
384 2907 627 2976 χρόνους,
657 2907 850 2974 λέγων,
893 2906 968 2970 ὡς
998 2907 1103 2976 ἄρα
1143 2928 1158 2958 ι
1203 2908 1648 2975 Κατεπειγόντων
1677 2910 1765 2961 τὸν

207 2999 394 3062 Ὄζίαν
427 2999 534 3050 τῶν
576 3000 762 3070 ἱερέων
797 2999 994 3063 ἐξιέναι
1026 3001 1119 3053 τοῦ
1149 3001 1314 3072 ἱεροῦ,
1352 3003 1442 3055 καὶ
1483 3003 1557 3074 μὴ
1590 3020 1766 3073 παρα-

190 3095 389 3160 νομεῖν
428 3095 504 3155 είς
528 3095 618 3145 τὸν
644 3092 794 3158 Θεὸν,
828 3093 1100 3164 ὀργισθεὶς
1133 3096 1424 3164 ἠπείλησεν
1456 3097 1635 3157 αὐτοῖς
1669 3096 1766 3148 θά-

188 3200 386 3249 νατον,
419 3187 465 3237 εί
503 3186 576 3257 μὴ
615 3187 714 3256 τὴν
755 3187 982 3256 ἡσυχίαν
1027 3185 1264 3250 ἄξουσιν.
1305 3188 1524 3253 Μεταξὺ
1561 3188 1618 3241 δὲ
1661 3206 1766 3240 σει-

191 3275 344 3344 σμὸς
369 3273 615 3346 ἐκλόνησε
666 3275 763 3346 τὴν
799 3277 900 3345 γῆν
925 3292 937 3304 ·
985 3275 1076 3328 καὶ
1122 3275 1433 3340 διαστάντος
1475 3276 1566 3329 τοῦ
1614 3277 1763 3340 ναοῦ,

189 3363 403 3432 φέγγος
426 3364 672 3436 λαμπρὸν
703 3365 994 3437 ἐξέλαμψε,
1017 3367 1110 3418 καὶ
1136 3370 1200 3438 τῇ
1230 3367 1321 3420 τοῦ
1355 3367 1613 3438 βασιλέως
1647 3370 1764 3438 fidat

189 3457 553 3528 προσέπεσεν,
597 3459 674 3521 ὡς
704 3460 782 3531 τῷ
817 3460 914 3530 μὲν
947 3460 1146 3524 εὐθέως
1176 3461 1382 3532 λέπραν
1424 3461 1763 3533 ἐπιδραμεῖν,

189 3551 304 3620 πρὸ
340 3549 397 3602 δὲ
436 3551 532 3622 τῆς
573 3552 777 3618 πόλεως
811 3553 945 3624 πρὸς
971 3555 1034 3624 τῇ
1071 3553 1378 3626 καλουμένῃ
1422 3555 1644 3624 Ἐρωγῇ
1671 3557 1764 3609 τοῦ

187 3642 357 3711 ⁴ὅρους
391 3643 770 3715 ἀπορραγῆναι
803 3645 864 3698 τὸ
904 3646 1074 3716 ἥμισυ
1122 3645 1214 3698 τοῦ
1266 3647 1405 3699 κατὰ
1455 3646 1551 3718 τὴν
1591 3647 1760 3709 δύσιν,

191 3733 290 3784 καὶ
329 3733 578 3786 κυλισθὲν
620 3735 892 3806 τέσσαρας
927 3736 1169 3799 σταδίους
1211 3737 1304 3788 ἐπὶ
1345 3738 1405 3790 τὸ
1451 3739 1763 3792 ἀνατολικὸν

185 3825 318 3894 ὅρος
362 3825 573 3895 στῆναι,
601 3827 675 3890 ώς
711 3827 808 3891 τάς
850 3845 908 3880 τε
942 3829 1202 3899 παρόδους
1233 3828 1632 3900 ἐμφραχθῆναι,
1669 3831 1760 3882 καὶ

187 3918 320 3980 τοὺς
355 3917 711 3986 παραδείσους
737 3921 860 3983 τοὺς
887 3919 1210 3989 βασιλικούς.
1247 3941 1264 3970 ι
1308 3919 1491 3972 Ταῦτά
1534 3937 1621 3990 μοι
1655 3921 1760 3974 ἀπὸ

186 4007 284 4060 τοῦ
334 4009 762 4080 συγγράμματος
805 4009 904 4080 τῆς
954 4009 1212 4082 Ἰωσήπου
1263 4009 1584 4077 Ἰουδαϊκῆς
1634 4012 1760 4077 Ἄρ-

187 4101 543 4169 χαιολοτίας
583 4100 799 4154 κείσθω.
838 4102 945 4154 Καὶ
987 4103 1043 4153 ἐν
1072 4102 1150 4172 τῷ
1190 4103 1444 4174 προφήτῃ
1483 4101 1538 4154 δὲ
1584 4102 1762 4170 Ἀμὼς

181 4189 355 4263 εὗρον
390 4195 509 4246 κατ’
537 4192 709 4267 ἀρχὰς
741 4193 838 4264 τῆς
872 4193 1202 4266 προφητείας
1235 4194 1417 4258 αὑτοῦ,
1452 4195 1525 4258 ὼς
1556 4195 1636 4246 ὅτι
1663 4195 1760 4264 ηρ-

183 4281 321 4348 ξατο
350 4283 707 4354 προφητεύειν
734 4286 789 4337 ὲν
812 4285 1043 4356 ἡμέραις
1085 4284 1258 4347 Ὀζίου
1295 4284 1554 4354 βασιλέως
1591 4285 1759 4338 Ἰούδα

181 4375 298 4446 πρὸ
329 4374 424 4428 δύο
451 4374 585 4428 ἐτῶν
617 4375 857 4445 σεισμοῦ.
895 4376 1052 4429 Ποίου
1085 4376 1140 4428 δὲ
1173 4377 1417 4447 σεισμοῦ,
1445 4377 1625 4431 οὐκέτι
1659 4395 1756 4432 σα-

181 4466 308 4534 φῶς
344 4465 601 4535 ἐπιλέγει.
645 4463 809 4536 Οἶμαι
859 4467 914 4520 δὲ
957 4467 1048 4520 τὸν
1091 4468 1253 4520 αὐτὸν
1296 4469 1577 4540 προφήτην
1623 4487 1754 4541 προ-

180 4558 341 4610 ϊέντα
371 4558 463 4610 τὸν
489 4557 708 4628 σεισμὸν
737 4559 1070 4630 ὑπογράφειν
1110 4560 1166 4611 ἐν
1194 4553 1274 4622 οἷς
1308 4577 1468 4630 φησιν
1491 4579 1504 4590 ο
1551 4581 1570 4612 ι
1603 4557 1754 4614 Εἶδον

182 4650 277 4702 τον
297 4650 502 4721 Κύριον
527 4650 805 4719 ἐφεστῶτα
827 4651 918 4702 ἐπὶ
938 4650 1030 4703 τοῦ
1051 4650 1454 4722 θυσιαστηρίου,
1485 4655 1576 4706 καὶ
1599 4648 1716 4706 εἷπε
1735 4669 1749 4683 “

185 4740 438 4806 Πάταξον
498 4741 592 4792 ἐπὶ
640 4741 702 4792 τὺ
737 4741 1138 4814 θυσιαστήριον,
1170 4743 1262 4794 καὶ
1309 4741 1653 4815 σεισθήσεται
1685 4746 1753 4796 τὰ

181 4831 471 4904 πρόπυλα·
522 4833 612 4885 καὶ
654 4832 906 4902 διάκοψον
954 4835 1031 4897 εἰς
1081 4833 1321 4903 κεφαλὰς
1369 4835 1609 4898 πάντων,
1662 4837 1756 4888 καὶ

176 4927 313 4987 ’τοὺς
348 4923 702 4990 καταλοίπους
735 4925 902 4995 αὐτῆς
935 4927 993 4979 ὲν
1015 4927 1255 4997 ῥομφαίᾳ
1283 4926 1582 4979 ἀποκτενῶ.
1620 4946 1636 4976 ι
1677 4927 1754 4978 Δι’

187 5009 258 5068 Iw
291 5015 537 5086 ἡγοῦμαι
575 5013 920 5080 θεσπίζεσθαι
966 5016 1057 5068 τὸν
1097 5017 1338 5086 σεισμὸν,
1387 5017 1480 5070 καὶ
1531 5015 1626 5086 τὴν
1665 5033 1757 5070 κα-

186 5104 434 5174 ]αίρεσιν
468 5103 576 5159 τῶν
622 5106 786 5160 πάλαι
832 5105 1041 5175 σεμνῶν
1079 5104 1172 5158 τοῦ
1232 5105 1498 5159 Ἰουδαίων
1548 5105 1753 5170 ἔθνους,

187 5197 279 5250 (αὶ
312 5197 411 5265 τῆς
439 5197 850 5270 ἐπιτελουμένης
885 5198 974 5250 ὑπ’
1013 5197 1191 5251 αὐτῶν
1221 5199 1278 5252 ἐν
1302 5201 1366 5269 τῇ
1406 5198 1753 5270 Ἰερουσαλὴμ

187 5288 501 5362 3ρησκείας,
534 5291 632 5361 τήν
682 5307 740 5343 τε
787 5289 1058 5344 ἀπώλειαν
1109 5291 1206 5361 τὴν
1261 5288 1620 5360 μετελθοῦσαν
1659 5292 1754 5342 αύ-

189 5384 311 5445 sab;
361 5381 499 5452 μετὰ
528 5381 623 5452 τὴν
666 5381 759 5436 τοῦ
802 5383 1051 5454 Σωτῆρος
1095 5380 1250 5452 ἡμῶν
1284 5381 1605 5452 παρουσίαν,
1638 5381 1748 5449 ὅτε,

179 5473 678 5544 παραιτησαμένων
720 5473 895 5527 αὐτῶν
937 5474 1029 5528 τὸν
1068 5471 1302 5542 Χριστὸν
1347 5471 1441 5524 τοῦ
1487 5470 1619 5526 Θεοῦ
1657 5473 1746 5526 τὸν

254 5567 330 5636 (l)
357 5566 541 5634 Antiq.
576 5563 702 5618 iud.
743 5581 818 5628 Ix,
854 5567 938 5621 Η.

255 5664 303 5695 ⁸³
348 5661 464 5718 Jcr.
500 5680 536 5729 ι,
566 5664 648 5718 14.

1888 415 1991 477 cie,
2031 415 2228 484 inquit,
2269 416 2539 486 aquilonis
2564 418 2928 473 accendantur
2964 421 3104 474 mala
3142 438 3306 494 super
3346 442 3458 480 on:-

1888 521 1987 560 nes
2016 507 2325 563 habitantes
2357 518 2557 564 terram
2581 512 2648 574 ’9,
2689 531 2706 561 υ
2746 519 2800 564 et
2825 511 2994 566 draco
3016 512 3070 567 in
3098 517 3234 570 mari
3269 518 3453 574 diver-

1887 597 1998 652 sari
2029 599 2251 656 dicitur.
2306 600 2650 673 Quapropter
2705 604 2900 660 merito
2948 605 3038 660 hic
3084 622 3302 679 quoque
3347 613 3454 668 duo

1885 706 2079 747 rursus
2106 708 2304 762 genera
2335 695 2713 764 intelliguntur
2736 711 2946 764 eorum,
2987 699 3080 768 qui
3111 700 3181 756 ab
3211 701 3451 759 Ecclesia

1885 782 2180 846 declinant,
2213 801 2378 838 unum
2411 799 2602 840 eorum
2637 785 2730 856 qui
2759 788 2812 840 in
2845 788 2954 842 vita
2987 797 3042 844 et
3069 792 3313 848 moribus
3333 811 3454 864 pec-

1883 881 2045 937 cant,
2111 875 2342 930 alterum
2389 890 2578 930 eorum
2633 879 2724 946 qui
2770 893 2798 930 a
2837 894 2970 933 sana
3027 891 3080 936 et
3127 891 3275 938 recta
3321 901 3449 938 scn-

1884 965 2053 1019 teutia
2099 966 2377 1031 labuntur,
2437 975 2496 1021 ut
2523 967 2635 1037 jam
2673 969 2870 1024 Oliveti
2927 971 3090 1042 hujus
3133 977 3352 1040 montis,
3385 976 3451 1032 de

1881 1071 1993 1126 quo
2025 1071 2203 1112 sermo
2225 1067 2332 1126 est,
2355 1059 2438 1114 hae
2466 1061 2586 1115 dua!
2607 1061 2738 1126 sint,
2768 1078 2889 1132 qua:
2913 1078 2942 1117 a
2975 1051 3256 1136 prephetia
3280 1070 3450 1138 signi-

1881 1148 2132 1214 ﬁcantur,
2169 1152 2560 1220 separationes.
2616 1153 2712 1211 His
2757 1155 2953 1210 deinde
2995 1152 3246 1229 adjungit
3292 1181 3352 1215 ει
3384 1162 3450 1217 Et

1879 1243 2226 1298 obturabitur
2257 1245 2414 1300 vallis
2445 1247 2709 1301 montium
2738 1262 3005 1315 meorum,
3029 1261 3083 1306 et
3101 1253 3450 1321 conglutina-

1879 1333 2028 1388 bitur
2068 1335 2332 1391 convallis
2357 1338 2640 1403 montium,
2678 1337 2848 1409 u'sque
2869 1339 2935 1394 ad
2968 1341 3129 1396 Asael
3159 1362 3177 1396 .:
3211 1351 3263 1397 et
3291 1348 3450 1399 obtu-

1879 1424 2090 1480 rabitur
2129 1427 2585 1496 quemadmodum
2620 1429 2873 1484 obturata
2907 1441 2992 1487 est
3041 1449 3071 1486 a
3095 1432 3230 1488 facie
3259 1441 3445 1489 terrae-

1875 1527 2079 1584 motus,
2112 1519 2172 1575 in
2198 1520 2394 1576 diebus
2425 1521 2570 1576 Oziaa
2601 1525 2746 1594 regis
2775 1523 2934 1579 Juda.
2966 1547 2984 1577 ι
3023 1527 3089 1579 At
3112 1527 3255 1582 enim
3282 1529 3336 1581 in
3362 1528 3445 1583 his

1876 1609 2080 1672 verbis,
2116 1626 2239 1680 quae
2289 1613 2510 1668 tandem
2554 1631 2677 1670 esse
2735 1624 2912 1684 potest
2965 1617 3135 1672 vallis.
3179 1619 3444 1674 montium

1803 1689 1852 1751 Β
1877 1698 1994 1765 Dei,
2019 1702 2126 1757 nisi
2157 1719 2279 1772 quae
2302 1705 2430 1758 olim
2463 1714 2618 1760 antea
2637 1707 3020 1762 celebrabatur
3054 1726 3119 1763 ex
3155 1711 3271 1779 lege
3299 1710 3445 1784 Μοθέ

1878 1791 1956 1848 sis
1991 1791 2047 1846 in
2078 1792 2445 1860 Hierusalem,
2495 1798 2799 1866 corporalis
2827 1809 2879 1853 et
2905 1797 3132 1854 Judaica
3162 1800 3442 1857 adoratio!

1875 1898 2039 1953 quam
2070 1886 2291 1955 quidem
2323 1888 2605 1942 occlusum
2633 1890 2720 1954 iri,
2755 1892 2912 1959 quasi
2937 1891 3289 1948 obturatione
3308 1911 3444 1965 quaa-

1874 1971 2024 2037 dam,
2055 1989 2298 2044 praesens
2325 1979 2607 2031 oraculum
2639 1979 2806 2044 canit,
2838 1981 3026 2036 dicens
3064 2001 3076 2036 :
3121 2001 3140 2032 ι
3188 1985 3256 2038 Ει
3283 1985 3446 2039 obtu-~

1874 2066 2087 2121 rabitur
2113 2069 2270 2125 vallis
2293 2072 2560 2124 montium
2597 2085 2866 2138 meorum,
2893 2084 2946 2128 et
2971 2077 3430 2146 conglutinabitin

1873 2158 2136 2214 convallis
2184 2161 2476 2223 montium,
2525 2177 2698 2231 usque
2741 2162 2808 2216 ad
2852 2165 3035 2228 Asael,
3077 2175 3132 2220 et
3159 2167 3441 2223 obturabi—

1872 2258 1981 2305 tur.
2018 2269 2037 2302 ι
2071 2250 2178 2307 Pro
2196 2253 2397 2323 q‘uibus
2421 2255 2602 2309 verbis
2627 2253 2987 2325 Symmachus
3020 2258 3252 2314 reddidit
3278 2261 3425 2316 haec:

1878 2360 1898 2392 ι
1938 2342 2002 2396 Et
2023 2344 2372 2399 obturabitur
2394 2347 2552 2401 vallis
2583 2347 2848 2400 montium
2883 2363 3149 2412 meorum,
3185 2371 3202 2402 ι
3226 2359 3279 2406 et
3301 2368 3441 2422 prata

1871 2442 2022 2488 terea
2057 2452 2076 2485 ι
2110 2437 2571 2508 appropinquabit
2608 2457 2626 2488 ι
2672 2437 2937 2492 convallis
2962 2441 3250 2505 montium,
3288 2443 3355 2498 ad
3385 2445 3440 2498 id

1869 2525 2016 2594 quod
2055 2527 2363 2596 appositum
2410 2536 2494 2583 est
2549 2546 2567 2576 ι
2616 2536 2670 2582 et
2705 2529 3075 2595 obturabitur,
3120 2552 3137 2582 ›
3175 2534 3263 2588 ubi
3306 2550 3439 2590 sane

1868 2631 2092 2672 causam
2139 2618 2364 2682 indicat,
2419 2634 2519 2673 cur
2563 2620 2814 2674 obturata
2861 2619 2932 2674 sit
2976 2622 3257 2678 convallis.
3307 2622 3440 2690 Quae

1872 2725 2034 2780 porro
2063 2711 2176 2766 haec
2205 2713 2332 2776 alia,
2382 2729 2544 2783 quam
2571 2730 2690 2768 eam
2722 2714 3159 2785 appropinquare
3202 2725 3256 2772 et
3305 2718 3439 2772 vici-

1869 2818 1994 2856 nam
2027 2803 2141 2858 ﬁeri
2169 2805 2240 2869 ei,
2281 2808 2426 2876 quod
2469 2806 2572 2876 ipsi
2612 2809 2919 2877 appositum
2957 2811 3076 2865 est?
3113 2811 3212 2866 llic
3255 2824 3434 2867 autem

1866 2903 1950 2950 est
1985 2911 2144 2952 mons
2187 2897 2421 2964 Domini,
2455 2901 2550 2970 qui
2580 2898 2860 2956 Olivarum
2892 2913 3049 2958 antea
3081 2912 3164 2959 est
3202 2907 3440 2976 appella.

1871 2996 1980 3049 tus,
2007 2988 2209 3058 q'uique
2240 2990 2401 3042 Asael
2431 2990 2612 3046 dictus
2655 2993 2724 3046 ab
2764 2994 2895 3062 ipsis
2937 2993 3310 3065 Septuaginta.
3356 2995 3440 3050 Si—

1870 3083 2090 3154 gniﬁcat
2119 3100 2247 3139 vero
2269 3087 2410 3155 apud
2443 3085 2698 3142 Hebraeos
2720 3105 2781 3142 ea
2809 3107 2908 3144 vos
2940 3107 3066 3152 opus
3091 3090 3206 3144 Dei.
3241 3090 3330 3146 Sic
3347 3107 3442 3145 ve-

1869 3189 1951 3239 ro,
1987 3175 2181 3244 inquit,
2207 3187 2365 3230 vetus
2396 3178 2661 3231 convallis
2705 3181 2875 3232 monti
2908 3182 3352 3250 appropinquans
3384 3192 3439 3236 et

1867 3264 2071 3320 Christi
2117 3264 2396 3332 Ecclesiae,
2437 3278 2600 3339 atque
2637 3271 2789 3340 operi
2825 3270 2939 3336 Dei,
2983 3275 3332 3328 ohturabitur
3383 3286 3439 3332 et

1866 3359 2204 3421 occludetnr,
2229 3363 2688 3429 quemadmodum
2710 3364 2964 3420 obturata
2993 3377 3075 3420 est
3102 3384 3131 3420 a
3167 3367 3303 3423 facie
3327 3378 3434 3422 ter-

1867 3459 2121 3506 rremotus
2144 3451 2197 3504 in
2221 3452 2414 3505 diebus
2434 3452 2577 3507 Oziae
2601 3457 2741 3524 regis
2769 3455 2926 3512 Juda.
2959 3457 3116 3528 291
3151 3457 3286 3511 Cum
3309 3475 3436 3513 vero

1865 3539 1958 3593 diu
1980 3541 2120 3609 apud
2150 3542 2414 3611 meipsum
2439 3543 2778 3611 quaesierim,
2802 3554 2856 3598 et
2885 3545 3102 3599 divinas
3123 3545 3452 3617 Seripturasv

1866 3634 2248 3700 percurrerim,
2285 3641 2344 3687 ut
2375 3635 2672 3689 invenirem
2708 3636 2754 3691 si
2791 3637 3013 3705 quando
3041 3655 3104 3691 ea
3146 3642 3433 3702 convallis.

1865 3725 1929 3780 de
1955 3742 2061 3796 qua
2088 3727 2176 3781 hic
2197 3743 2375 3782 sermo
2395 3737 2498 3792 est,
2541 3729 2594 3781 in
2625 3728 2820 3783 diebus
2847 3727 2990 3783 Otia:
3017 3730 3275 3784 obturata
3305 3733 3376 3786 sit
3404 3749 3434 3786 a

1865 3818 2003 3875 facie
2035 3830 2372 3876 terraemotus
2393 3861 2408 3885 ,
2444 3823 2497 3875 in
2529 3820 2824 3889 Regnorum
2855 3823 3097 3877 historiis
3137 3824 3270 3876 nihil
3304 3840 3435 3880 sane

1865 3913 2044 3966 inverti
2076 3932 2088 3965 :
2125 3929 2246 3967 nam
2300 3930 2474 3983 neque
2524 3923 2892 3969 terrannotum
2943 3915 3051 3969 illis
3097 3917 3434 3985 temporibus

1865 4003 2032 4056 ullum
2062 4019 2126 4057 ex
2160 4003 2224 4057 iis
2260 4004 2350 4072 qui
2387 4005 2546 4059 terris
2581 4015 2632 4058 et
2659 4005 2973 4076 regionibus
3005 4006 3184 4058 solent
3214 4006 3434 4060 accide—

1862 4111 1940 4158 re,
1978 4111 2151 4165 neque
2200 4095 2346 4148 aliud
2397 4098 2672 4165 quippiam
2732 4099 2834 4150 tale
2868 4099 2934 4152 de
2972 4099 3219 4152 convalle
3250 4099 3435 4168 aliqua

1863 4188 2063 4241 factum
2093 4203 2235 4252 esse,
2268 4192 2322 4242 in
2366 4190 2472 4243 illis
2506 4191 2772 4258 scriptum
2799 4200 2884 4244 est
2924 4210 2935 4244 :
2967 4203 3226 4244 narratur
3250 4199 3430 4245 autem

1859 4281 2316 4351 quemadmodum
2365 4280 2526 4336 Ozias
2581 4283 2738 4336 initio
2787 4283 2970 4350 justus
3021 4283 3203 4349 fuerit,
3237 4281 3434 4340 deinde

1860 4372 2042 4424 animo
2077 4370 2345 4435 sublatus,
2379 4388 2474 4442 per
2504 4373 2742 4440 seipsum
2779 4373 2888 4426 Deo
2918 4373 3232 4427 sacriﬁcare
3262 4389 3433 4430 ausus

1859 4463 1928 4516 sit
1965 4481 1976 4515 :
2018 4477 2188 4532 quare
2236 4464 2303 4518 de
2353 4464 2501 4518 illius
2533 4463 2672 4518 facie
2707 4465 2908 4534 lepram
2951 4464 3275 4530 efﬂoruisse,
3328 4465 3432 4520 hoc

1861 4554 2078 4623 quidem
2117 4555 2172 4608 in
2217 4554 2516 4626 Regnorum
2566 4559 2718 4610 libris
2765 4558 3097 4611 continetur.
3151 4558 3220 4610 At
3275 4556 3432 4611 Jose-

1859 4645 2022 4714 phus,
2054 4655 2314 4715 praeterea
2340 4663 2462 4717 quae
2511 4648 2563 4700 in
2612 4649 2784 4703 sacris
2833 4649 2989 4704 libris
3030 4651 3230 4717 scripta
3279 4657 3427 4714 sunt,

1861 4739 2022 4792 etiam
2055 4753 2116 4792 ea
2139 4755 2258 4807 qua:
2279 4740 2631 4805 intrinsecus,
2659 4742 2814 4811 quasi
2844 4741 3084 4795 secundo
3120 4736 3260 4800 loco,
3285 4743 3431 4808 apud

1855 4828 2072 4884 Judmos
2103 4831 2393 4895 habentur,
2431 4847 2641 4886 summa
2667 4832 2944 4902 diligentia
2979 4841 3318 4898 persecutus.
3345 4849 3432 4886 ut-

1857 4933 1981 4992 pote
2010 4924 2102 4993 qui
2143 4923 2401 4978 llebrzeus
2429 4925 2498 4979 ab
2528 4923 2770 4978 llebrzeis
2791 4927 3102 4988 exsisteret,
3133 4939 3253 4992 qua:
3283 4924 3431 4978 illius

1857 5017 2001 5087 regis
2049 5019 2387 5087 temporibus
2427 5018 2678 5072 evenisse
2711 5024 3122 5080 commemoret,
3157 5015 3270 5084 jam
3330 5032 3430 5068 au-

1856 5107 1973 5162 dire
1993 5116 2164 5178 poles.
2187 5109 2385 5163 Narrat
2412 5109 2556 5163 enim
2592 5108 2666 5179 (Ι)
2701 5106 3158 5196 quemadmodum
3193 5125 3210 5156 ι
3233 5122 3432 5176 urget.-

1859 5201 2006 5256 tibus
2036 5200 2219 5255 Oziam
2253 5202 2654 5263 sacerdotibus.
2691 5210 2749 5255 ut
2777 5199 2844 5254 de
2881 5199 3082 5270 templo
3110 5199 3306 5260 exiret,
3333 5213 3431 5251 ιιθο

1856 5309 1962 5362 que
1992 5293 2253 5348 adversus
2285 5294 2453 5348 Deum
2483 5303 2756 5364 peccaret,
2777 5293 2865 5346 iile
2892 5292 3065 5346 iratus
3091 5290 3183 5354 sit,
3212 5290 3431 5358 illisque

1853 5395 2084 5439 mortem
2133 5387 2392 5450 minatus,
2444 5387 2550 5440 nisi
2599 5385 2943 5455 quiescerent
2992 5403 3008 5438 :
3061 5384 3270 5437 interea
3299 5396 3430 5435 vero

1855 5487 2034 5534 motus
2097 5479 2318 5548 quidam
2376 5488 2576 5534 terram
2633 5475 3022 5540 concusserit,
3089 5473 3434 5545 discissoque
