3866 6202
541 241 650 305 ιθδ

1201 247 1475 304 EUSEBII
1503 248 1988 308 CIE‘SARIENSIS
2016 252 2168 311 OPP.
2194 251 2373 308 PARS
2406 252 2472 310 II.
2497 287 2566 296 -—
2593 255 3094 314 APOLOGETICA.

3641 260 3728 319 ιθι

543 363 767 434 templo,
803 361 1057 434 splendOr
1105 362 1293 433 ingens
1334 365 1593 430 illuxerit,
1638 367 1730 438 qui
1763 367 1926 422 etiam
1958 368 2068 438 regi

2208 365 2378 440 ἀληθῆ
2419 370 2692 441 ἀρχιερέα,
2730 371 2904 443 λέπρα
2931 370 3069 424 κατὰ
3108 369 3216 424 τῶν
3239 370 3425 441 ψυχῶν
3443 370 3724 445 ἐξήνθησεν,

529 453 736 510 Taciem
767 453 1043 520 invaserit,
1071 459 1123 507 et
1166 454 1246 508 sic
1287 457 1544 528 evestigio
1604 457 1756 511 illum
1812 458 1868 511 in
1897 458 2069 526 lepran

2198 458 2480 532 ὠσπεροῦν
2505 462 2598 514 καὶ
2625 461 2716 514 ἐπὶ
2757 462 2850 514 τοῦ
2896 462 3093 525 Ὀζίου,
3123 463 3210 514 ὅτε
3233 463 3327 516 καὶ
3355 464 3566 536 ἀοράτῳ
3595 464 3730 519 δυνά-

541 546 820 600 incidisse.
850 545 990 598 Ante
1035 544 1225 599 urbem
1259 561 1389 602 vero
1432 548 1499 602 ad
1549 548 1730 602 locum
1775 547 1866 617 qui
1900 547 2066 602 dicitu

2201 570 2291 623 μει
2329 553 2488 616 αὐτὸς
2518 554 2546 605 6
2578 551 2780 623 Κύριος
2807 553 3033 615 ἐπιστὰς
3057 551 3133 622 τῷ
3159 552 3527 629 θυσιαστηρίῳ
3557 557 3725 624 αὐτῶν,

530 635 729 706 ‘Eroge,
762 636 1061 690 abscissam
1091 651 1214 692 esse
1240 635 1306 690 de
1346 645 1532 694 monte
1554 638 1833 693 dimidiam
1864 646 2093 708 partem,

2193 643 2294 713 τὴν
2319 642 2563 707 ἐξουσίαν
2595 643 2760 696 ἔδωκε
2790 642 2868 714 τῷ
2901 642 3248 709 πατάσσοντι,
3277 645 3485 717 φήσαςο
3519 666 3536 698 ι
3569 648 3726 703 Πάτα-

529 742 656 796 quae
683 727 748 781 ad
777 726 1114 784 occidentem
1146 743 1301 784 versa
1324 740 1441 784 erat
1467 749 1479 785 :
1523 731 1980 800 convolutamque
2000 745 2066 800 pe

2195 734 2282 798 ξον
2320 734 2380 789 τὸ
2407 735 2806 807 θυσιαστήριον.
2843 754 2861 788 ι
2913 738 3148 807 Δυνάμει
3193 737 3322 806 γοῦν
3362 737 3519 792 τοῦτο
3544 741 3725 814 ἐδήλου,

533 826 769 888 'quatuor
815 818 1015 884 stadia,
1048 820 1114 874 ad
1145 828 1383 876 montem
1416 823 1656 887 stetisse,
1697 823 1788 892 qui
1828 822 2092 877 orientem

533 910 836 980 spectabat,
869 911 1050 981 itaque
1092 918 1146 966 et
1192 911 1373 969 aditus
1411 923 1466 968 et
1494 914 1685 968 hortos
1723 914 1904 985 regios
1931 914 2092 970 obtu-

523 1015 704 1056 rasse.
752 1021 769 1053 ι
805 1001 930 1058 Hmc
955 1017 1085 1058 sane
1105 1019 1204 1074 ego
1240 1005 1294 1058 in
1325 1004 1480 1059 libris
1518 1003 1762 1059 Iudaica:
1788 1005 2091 1076 Antiquita-

531 1097 597 1150 tis
629 1095 825 1166 posita,
877 1097 1015 1166 apud
1062 1096 1355 1168 Josephum
1403 1097 1750 1168 deprehendi.
1785 1098 1941 1168 Apud
1964 1113 2091 1169 pro-

521 1186 746 1256 phetam
783 1202 918 1242 vero
957 1187 1143 1252 Amos,
1177 1187 1336 1242 initio
1377 1189 1522 1244 illius
1551 1188 1844 1259 prophetiae
1882 1189 2085 1254 inveni,

526 1276 979 1345 quemadmodum
1011 1277 1126 1348 ipse
1173 1277 1456 1332 vaticinari
1508 1279 1734 1347 cmperit
1785 1279 1842 1332 in
1893 1278 2087 1336 diebus

525 1369 671 1424 Ozias
699 1369 840 1439 regis
868 1367 1026 1433 Juda,
1061 1369 1274 1424 duobus
1308 1376 1430 1424 ante
1461 1378 1826 1425 teri-amotum
1879 1372 2038 1426 annis
2069 1389 2082 1427 :

524 1477 684 1532 quem
716 1476 843 1516 vero
874 1469 1234 1516 terrarmolum
1258 1461 1540 1532 intelligat,
1570 1477 1836 1532 nusquam
1874 1463 2084 1533 perspi-

517 1563 627 1608 ‘cue
677 1553 974 1624 subjungit.
1025 1551 1128 1608 Sed
1181 1554 1417 1609 arbitror
1465 1553 1713 1608 eumdem
1765 1554 2081 1624 prophetam

519 1644 738 1715 longius
775 1661 1143 1715 progressum,
1179 1647 1322 1700 hunc
1351 1652 1718 1700 terraamotum
1747 1646 2078 1712 describere,

2191 818 2362 888 λέγων
2386 836 2399 850 ’
2433 839 2452 871 ‹
2496 821 2734 890 Ἀφίεται
2769 823 2896 894 ὑμῖν
2921 823 2949 874 6
2970 819 3115 888 οἶκος
3144 825 3297 892 ὑμῶν
3335 826 3554 898 ἕρημος.
3585 849 3600 881 ι
3635 833 3726 885 Αὑ-

2188 909 2314 962 τίκα
2339 909 2469 979 γοῦν
2499 911 2592 964 ἐπὶ
2627 911 2706 982 τῷ
2737 912 2896 966 πάθει
2924 913 3084 967 αὑτοῦ
3130 915 3190 968 τὸ
3236 917 3622 988 καταπέτασμα
3645 921 3726 973 τοῦ

2189 997 2314 1052 ναοῦ
2360 999 2582 1071 ἐσχίσθη
2629 1001 2734 1054 ἀπὸ
2777 1001 2980 1056 ἄνωθεν
3020 1002 3127 1067 ἕως
3179 1003 3348 1070 κάτω,
3397 1004 3670 1080 ὠσπεροῦν
3709 1013 3732 1066 6

2201 1089 2458 1163 Ἰώσηπος
2490 1092 2690 1164 ἱστορεῖ
2723 1094 3002 1162 γεγονέναι
3045 1094 3184 1149 κατὰ
3233 1098 3361 1161 τοὺς
3409 1099 3578 1164 ὐζίου
3622 1104 3734 1174 χρό-

2187 1199 2327 1244 νους.
2361 1179 2491 1236 Εἶτα
2517 1184 2777 1255 πρότερον
2806 1185 2904 1255 μὲν
2937 1184 3154 1258 ἐσείσθη
3200 1186 3270 1240 τὰ
3295 1188 3562 1260 πρόπυλα,
3589 1192 3675 1246 ὅτε
3703 1197 3733 1265 ἡ

2185 1273 2257 1345 γῆ
2289 1274 2504 1346 ἐσείσθη
2538 1276 2678 1330 κατὰ
2704 1275 2792 1329 τὸν
2817 1274 2916 1329 τοῦ
2947 1276 3149 1341 πάθους
3181 1279 3344 1332 αὑτοῦ
3374 1282 3558 1352 καιρόν
3580 1300 3593 1313 ·
3627 1283 3732 1353 μετ’

2183 1366 2244 1418 σὺ
2275 1365 2409 1419 πολὺ
2440 1366 2495 1418 δὲ
2547 1367 2640 1422 καὶ
2671 1367 2768 1439 τὴν
2801 1369 3032 1442 ἐσχάτην
3075 1371 3330 1443 ὑπέμεινε
3384 1377 3609 1432 πτῶσιν.
3637 1381 3736 1432 Λα-

2183 1457 2293 1513 σὼν
2323 1477 2382 1513 τε
2416 1461 2512 1531 τὴν
2539 1460 2784 1524 ἐξουσίαν
2812 1465 2840 1516 6
2873 1463 3184 1528 πατάσσων,
3209 1464 3454 1536 διέκοψεν
3477 1469 3556 1530 είς
3581 1485 3737 1536 κεφα-

2182 1549 2278 1615 λὰς
2307 1553 2579 1607 ἁπάντων.
2626 1553 2784 1607 Κατὰ
2808 1553 2966 1608 τοῦτο
3015 1555 3080 1626 δὴ
3112 1552 3202 1610 οῦν
3243 1555 3334 1610 τοῦ
3368 1558 3560 1628 καιροῦ
3592 1561 3736 1632 καὶὴ

2181 1643 2364 1709 κοιλὰς
2389 1644 2497 1699 τῶν
2525 1645 2618 1699 τοῦ
2646 1645 2777 1700 Θεοῦ
2812 1647 2982 1718 ὀρέων
3025 1649 3321 1721 ἐνεφράγη,
3346 1649 3629 1720 ὡσπεροῦν
3654 1653 3737 1722 γέ-

522 1737 615 1793 ubi
649 1739 760 1792 ait:
796 1755 814 1787 ι
855 1736 976 1791 Vidi
1009 1737 1296 1792 Dominum
1341 1745 1570 1793 stantem
1602 1751 1766 1809 super
1797 1739 1988 1803 altare,
2027 1748 2069 1794 et

2180 1753 2335 1805 γονεν
2369 1739 2460 1791 ἐπὶ
2505 1738 2708 1802 Ὀζίου’
2755 1738 2891 1811 πρὸς
2930 1741 3028 1810 μὲν
3076 1742 3236 1812 ῥητὸν
3279 1743 3369 1795 καὶ
3407 1742 3572 1807 λέξιν,
3606 1744 3734 1799 κατὰ

519 1830 701 1885 dixit:
738 1829 964 1885 Percute
998 1846 1160 1900 super
1190 1830 1376 1895 altare,
1399 1837 1451 1885 et
1472 1831 1958 1885 commovebuntur
1987 1847 2076 1885 ve-

525 1924 748 1988 stibula,
801 1932 854 1978 et
877 1923 1022 1978 caede
1063 1923 1119 1978 in
1148 1923 1322 1993 capita
1370 1923 1632 1988 omnium,
1671 1929 1725 1976 et
1759 1924 1851 1992 qui
1883 1923 2076 1993 reliqui

523 2012 726 2068 fuerint
753 2031 817 2068 ex
849 2031 932 2078 ea,
957 2015 1010 2068 in
1038 2013 1216 2084 gladio
1241 2011 1559 2067 interﬁciam
1585 2013 1674 2066 ¹·².
1716 2031 1734 2064 ι
1769 2011 1978 2078 Quibus
2010 2013 2076 2066 il-

519 2105 632 2158 lum
665 2105 843 2160 verbis
876 2120 1071 2160 censeo
1117 2119 1310 2158 canere
1358 2111 1743 2167 terraemotum,
1784 2118 2077 2172 rerumque

513 2193 757 2250 Iudaicae
780 2197 957 2267 gentis
991 2206 1041 2250 et
1069 2196 1272 2266 gloriae,
1331 2209 1544 2251 necnon
1576 2196 1738 2259 ritus,
1765 2196 1857 2266 qui
1879 2196 1945 2250 ab
1967 2195 2074 2250 illis

513 2286 572 2340 in
613 2284 913 2342 Jerusalem
952 2286 1350 2348 celebrabatur,
1403 2284 1766 2351 eversionem,
1814 2293 2073 2354 praeterea

512 2379 812 2441 interitum,
847 2377 938 2448 qui
973 2378 1094 2433 illos
1121 2385 1242 2448 post
1293 2375 1592 2432 Salvatoris
1638 2377 1812 2433 nostri
1870 2377 2073 2432 adven-

503 2475 626 2522 tum
657 2469 938 2532 invaserit,
970 2483 1080 2537 quo
1110 2467 1362 2522 videlicet
1391 2473 1656 2538 tempore,
1691 2467 2072 2522 recusantibus

511 2559 622 2614 illis
646 2559 922 2614 Christum
955 2559 1068 2620 Dei,
1102 2557 1262 2628 292
1299 2574 1421 2614 eum
1449 2560 1548 2630 qui
1583 2573 1748 2614 verus
1769 2566 1853 2614 est
1885 2573 2071 2614 sacer-

509 2647 632 2711 dos,
665 2649 814 2718 lepra
848 2648 1045 2704 animis
1091 2649 1303 2702 illorum
1337 2648 1528 2702 oborta
1570 2656 1677 2712 est,
1727 2650 1869 2704 sicut
1908 2648 2070 2702 etiam

509 2734 656 2790 Ozias
684 2736 1040 2805 temporibus,
1070 2735 1287 2804 quando
1316 2736 1366 2789 vi
1411 2735 1645 2806 quadam
1675 2736 1934 2792 invisibili
1965 2735 2071 2791 Do-

508 2827 690 2881 minus
709 2827 878 2882 altare
899 2827 1154 2884 insistens
1179 2828 1416 2894 illorum,
1442 2836 1762 2898 potestatem
1794 2828 1922 2884 fecit
1943 2845 2070 2900 per-

508 2919 756 2984 cutienti,
803 2919 992 2976 dicens
1029 2938 1042 2974 :
1100 2938 1119 2972 ι
1172 2918 1400 2974 Percute
1445 2920 1634 2976 altare.
1695 2940 1714 2972 ι
1763 2919 1924 2977 Certe
1969 2936 2070 2977 sua

507 3011 681 3084 ipsius
706 3017 973 3081 potestate
1001 3011 1102 3066 hoc
1129 3011 1306 3081 ipsum
1331 3010 1646 3077 declaravit,
1666 3011 1854 3067 dicens
1881 3030 1893 3066 :
1919 3032 1937 3064 ‹
1961 3010 2069 3068 Re-

2178 1829 2276 1900 τὴν
2313 1829 2594 1900 Ῥωμαίων
2637 1830 2970 1904 πολιορκίαν,
3006 1831 3124 1892 καθ’
3165 1833 3231 1904 ἡν
3269 1829 3419 1904 οἶμαι
3467 1835 3735 1905 συμϐῆναί

2177 1937 2298 1975 τινα
2323 1922 2544 1975 τοιαῦτα
2568 1939 2581 1952 ο
2615 1923 2751 1994 πρὸς
2771 1923 2828 1976 δὲ
2863 1924 3116 1990 διάνοιαν,
3155 1925 3243 1978 ὅτε
3270 1927 3303 1997 ἡ
3332 1928 3619 2000 σωματικὴ
3647 1931 3733 1982 καί

2177 2013 2531 2083 ταπεινοτέρα
2578 2015 2671 2068 τοῦ
2704 2017 2980 2092 Μωῦσέως
3023 2018 3186 2088 νόμου
3222 2018 3441 2090 λατρεία
3484 2022 3734 2074 ἀπεκλεί-

2179 2103 2300 2175 σθη,
2335 2107 2414 2168 είς
2443 2106 2502 2159 τὸ
2537 2105 2732 2178 μηκέτι
2761 2107 3116 2178 ἐνεργεῖσθαι,
3151 2108 3236 2161 διὰ
3261 2110 3352 2162 τὸν
3393 2111 3617 2180 σεισμὸν
3648 2113 3735 2165 τὸν

2177 2196 2468 2252 ἐπελθόντα
2492 2199 2841 2270 προφητικῶς
2868 2199 2927 2264 ἐξ
2951 2200 3154 2254 ἐκείνου
3179 2201 3256 2272 τῷ
3282 2202 3548 2256 Ἰουδαίων
3571 2204 3738 2268 ἔθνει,

2175 2285 2270 2336 καὶ
2301 2284 2386 2339 διὰ
2421 2284 2488 2338 τὰ
2533 2285 2717 2350 λοιπὰ,
2749 2285 2818 2341 τὰ
2855 2289 3334 2362 ἀναγεγραμμένα.
3373 2292 3529 2346 Μετὰ
3567 2295 3738 2347 ταῦτα

2175 2377 2528 2432 ἐπαναλαϐὼν
2552 2379 2581 2432 6
2621 2377 2775 2446 λόγος
2813 2377 2911 2449 τὴν
2938 2379 3048 2432 τοῦ·
3073 2381 3276 2453 Κυρίου
3314 2385 3606 2454 παρουσίαν
3641 2403 3742 2438 σα-

2174 2469 2434 2539 φέστερον
2469 2469 2851 2542 άνακηρύττει,
2891 2469 3094 2540 λέγων’
3129 2490 3148 2524 ι
3180 2473 3288 2527 Καὶ
3319 2473 3575 2546 παρέσται
3609 2477 3731 2530 Κύ-

2176 2577 2288 2631 ριος
2318 2560 2346 2612 6
2377 2559 2508 2622 Θεός
2555 2577 2677 2630 μου,
2722 2561 2815 2614 καὶ
2856 2561 3054 2628 πάντες
3097 2565 3144 2617 οἱ
3174 2564 3317 2634 ἅγιοι
3345 2567 3455 2637 μετ’
3487 2565 3680 2623 αὐτοῦ.
3718 2589 3739 2621 ›

2171 2649 2300 2702 Εἴτε
2326 2649 2453 2714 τοὺς
2492 2650 2821 2715 ἀποστόλους
2843 2652 3004 2706 αὐτοῦ
3035 2654 3128 2707 καὶ
3171 2655 3416 2726 μαθητὰς
3452 2656 3744 2730 ὀνομάζων

2170 2741 2358 2808 ἁγίους
2385 2740 2572 2805 αὑτοῦ,
2596 2742 2705 2795 εἴτε
2729 2742 2984 2815 δυνάμεις
3000 2745 3152 2809 τινὰς
3177 2747 3438 2818 ἀοράτους
3463 2750 3558 2804 καὶ
3581 2751 3751 2804 πνεύ-

2173 2849 2314 2904 ματα
2357 2832 2720 2906 λειτουργικὰ,
2776 2836 2903 2907 περὶ
2941 2828 3014 2888 ὧν
3057 2836 3303 2908 εἴρηται·
3358 2859 3377 2891 ι
3422 2841 3750 2913 Προσῆλθον

2168 2924 2408 2994 ἄγγελοι,
2432 2927 2525 2980 καὶ
2552 2926 2830 2994 διηκόνουν
2859 2927 3022 2998 αὐτῷ.
3058 2947 3077 2982 ι
3108 2924 3240 2984 Εἶτα
3267 2931 3360 2984 ἐπὶ
3386 2931 3490 3001 τῆς
3523 2950 3747 3006 παρου-

2171 3015 2292 3079 σίας
2339 3014 2433 3068 τοῦ
2480 3015 2707 3086 Κυρίου,
2751 3033 2770 3067 ι
2799 3015 3008 3083 Ἔσται,
3050 3017 3231 3087 φησὶν,
3271 3017 3471 3088 ἡμέρα,
3496 3019 3600 3072 καὶ
3641 3022 3755 3074 οὐκ

495 3103 954 3176 Ἰἱιιᾳιιὶιιιιδυνοδίε
985 3103 1178 3159 domus
1201 3112 1380 3160 vestra
1410 3104 1627 3159 deserta
1653 3103 1695 3161 ⁸.
1736 3122 1754 3155 ›
1807 3102 2066 3161 Protinus

2178 3101 2321 3160 ἔσται
2353 3105 2488 3176 φῶς,
2529 3107 2622 3160 καλ⁵
2672 3105 2842 3177 ψῦχος
2889 3106 2983 3161 καὶ
3028 3106 3199 3176 πάγος
3238 3107 3388 3161 ἔσται
3427 3108 3564 3179 μίαν
3603 3111 3754 3181 ἠμέ-

503 3214 743 3270 namque
781 3199 912 3253 dum
942 3197 1032 3251 ille
1062 3202 1357 3267 pateretur,
1389 3195 1570 3250 velum
1601 3195 1787 3265 templi
1833 3197 2064 3252 scissum

503 3298 609 3356 est,
642 3306 672 3345 a
707 3305 920 3346 summo
969 3304 1141 3358 usque
1181 3287 1246 3342 ad
1277 3288 1467 3351 imum,
1497 3286 1950 3358 quemadmodum
1978 3286 2062 3342 Jo-

503 3384 708 3454 sephus
742 3389 928 3436 narrat
953 3379 1246 3452 contigisse
1299 3377 1444 3434 Ozias
1490 3380 1634 3450 regis
1669 3379 2012 3450 temporibus
2046 3399 2058 3434 :

489 3483 618 3531 tum
649 3475 885 3547 primum
909 3473 1130 3546 quidem
1165 3479 1436 3528 commota
1471 3478 1599 3527 sunt
1627 3471 1915 3538 vestibula,
1939 3487 2061 3527 cum

489 3578 650 3625 terra
697 3579 846 3624 mota
887 3577 974 3624 est
1025 3566 1298 3639 passionis
1347 3565 1494 3620 illius
1542 3572 1806 3634 tempore.
1858 3563 2063 3620 Deinde

499 3661 646 3716 haud
670 3663 1009 3732 multopost,
1033 3665 1334 3714 extremum
1359 3672 1576 3727 quoque
1598 3657 1820 3727 pertulit
1848 3669 2057 3721 casum,

501 3762 831 3824 acceptaque
873 3759 1147 3822 potestate
1197 3749 1513 3819 percutiens
1563 3746 1760 3802 cecidit
1792 3745 1848 3800 in
1881 3745 2059 3816 capita

498 3845 742 3901 omnium
782 3863 795 3899 :
849 3845 955 3898 hoc
989 3843 1154 3914 igitur
1185 3850 1430 3912 tempore
1457 3840 1614 3895 vallis
1645 3839 1912 3893 montium
1963 3838 2058 3894 Dei

495 3938 750 3994 obturata
779 3944 881 3999 est,
908 3933 1364 4004 quemadmodum
1395 3931 1538 3987 Oziaz
1572 3931 1912 4002 temporibus
1934 3947 2059 3987 eve-

496 4029 599 4085 nit.
629 4028 785 4096 Quod
844 4028 891 4084 si
936 4027 1139 4081 dictum
1171 4026 1390 4096 quidem
1445 4039 1509 4080 ac
1542 4024 1707 4079 verba
1755 4025 2054 4094 sequimur,

481 4120 698 4175 'factum
735 4134 866 4175 sane
894 4118 949 4173 id
981 4118 1143 4173 fuerit
1176 4118 1231 4171 in
1281 4117 1397 4187 ipsa
1442 4115 1725 4171 obsidione
1785 4115 2058 4170 Romano-

485 4227 638 4277 'rum,
670 4209 967 4266 secundum
999 4223 1160 4278 quam
1181 4215 1323 4276 puto
1356 4206 1603 4276 quaedam
1659 4205 1788 4259 talia
1833 4206 2058 4261 accidis-

492 4304 590 4366 Be;
619 4303 666 4356 si
698 4317 826 4355 vero
849 4301 1196 4362 sententiam,
1231 4315 1339 4368 quo
1370 4307 1610 4365 tempore
1634 4297 1934 4368 corporalis
1965 4298 2058 4352 illa

493 4403 548 4449 et
583 4394 804 4447 humum
832 4400 1084 4462 spectans
1118 4389 1366 4445 Mosaicae
1399 4389 1537 4460 legis
1559 4389 1804 4444 adoratio
1832 4390 2052 4444 exclusa
2084 4427 2128 4483 ι)

492 4496 600 4552 est,
655 4494 715 4540 ut
761 4501 871 4540 non
904 4483 1136 4554 amplius
1167 4483 1492 4544 celebretur,
1524 4489 1747 4552 propter
1775 4489 2055 4537 terraemo-

491 4585 610 4635 tum
659 4593 722 4632 ex
775 4576 866 4631 illo
911 4575 1226 4646 prophetice
1276 4573 1616 4645 praedictum,
1647 4571 2053 4642 qui-Iudaicam

481 4681 705 4746 gentem
734 4668 948 4734 invasit,
1004 4681 1068 4721 ac
1112 4674 1331 4738 propter
1361 4673 1557 4720 caetera
1583 4679 1706 4734 quae
1731 4663 1908 4734 palam
1940 4677 2056 4718 me-

491 4763 678 4817 moriae
706 4759 918 4832 prodita
941 4766 1088 4813 sunt.
1120 4757 1250 4812 Post
1273 4757 1388 4811 haec
1416 4755 1484 4810 ad
1516 4755 1731 4810 Domini
1761 4755 2053 4809 adventum

477 4861 767 4908 revertens
797 4851 1102 4914 oraculum,
1144 4851 1201 4903 in
1255 4849 1432 4920 ipsum
1485 4847 1701 4917 planius
1746 4847 2048 4910 denuntiat,

489 4945 678 5001 dicens
712 4964 725 4998 :
759 4963 777 4995 ι
815 4945 879 4998 Et
901 4943 1151 4998 adveniet
1181 4941 1441 4995 Dominus
1475 4941 1616 4996 Deus
1640 4956 1813 5004 meus,
1851 4947 1905 4996 et
1934 4955 2053 4995 om-

487 5037 790 5092 nes'sancti
823 5051 946 5090 cum
969 5051 1056 5098 eo,
1093 5053 1111 5086 ι
1144 5033 1238 5088 ubi
1269 5033 1400 5087 dum
1427 5041 1649 5088 sanctos
1669 5033 1933 5097 nominat,
1967 5031 2052 5086 vel

487 5129 765 5199 apostolos
793 5129 912 5197 ejus
937 5125 1624 5196 intelligit‘ac'discipulos,
1647 5127 1733 5181 vel
1756 5130 2072 5196 potestates

490 5220 753 5291 quasdam
784 5219 1083 5276 invisibiles
1105 5228 1159 5272 et
1183 5218 1408 5288 spiritus
1431 5215 1802 5279 administros.
1834 5216 1901 5272 de
1923 5215 2048 5286 qui-

489 5312 594 5367 bus
621 5312 824 5367 dictum
855 5322 939 5368 est
973 5331 986 5366 :
1015 5329 1046 5364 ·ι
1090 5309 1156 5364 Et
1198 5317 1549 5365 accesserunt
1581 5309 1757 5380 angeli
1797 5323 1859 5363 ac
1886 5307 2050 5362 mini-

491 5404 829 5459 strabantei.
858 5403 881 5436 ⁸
924 5424 942 5457 ι
978 5403 1182 5460 Deinde
1229 5420 1243 5456 :
1281 5420 1302 5452 ι
1337 5399 1396 5456 In
1431 5401 1665 5456 adventu
1694 5399 1926 5463 Domini,
1965 5399 2049 5452 in-

489 5495 628 5565 quit,
650 5497 754 5550 erit
773 5496 890 5553 dies
921 5505 975 5552 et
1007 5512 1115 5552 non
1142 5497 1245 5552 erit
1276 5496 1386 5562 lux,
1419 5494 1512 5551 sed
1555 5493 1727 5565 frigus
1763 5502 1817 5548 et
1847 5493 2047 5563 glacies

2170 3216 2285 3271 ραν.
2325 3218 2342 3250 ι
2383 3198 2520 3253 Ἀνθ’
2543 3191 2610 3252 οὗ
2638 3199 2666 3252 6
2694 3200 2986 3271 Σύμμαχος
3010 3201 3342 3272 ἡρμήνευσε,
3377 3217 3396 3251 ι
3435 3200 3552 3254 Καὶ
3585 3202 3649 3255 ἐν
3677 3206 3754 3273 τῇ

2165 3289 2345 3362 ἡμέρᾳ
2367 3289 2551 3364 ἐκείνῃ
2589 3290 2689 3344 οὐκ
2717 3289 2869 3344 ἔσται
2905 3289 3038 3360 φῶς,
3074 3289 3208 3344 ἀλλὰ
3236 3288 3405 3362 ψῦχος
3431 3293 3530 3344 καὶ¹
3559 3293 3759 3362 πάγος

2163 3379 2313 3433 ἔσται
2347 3381 2476 3452 μίαν
2508 3381 2737 3453 ἡμέραν,
2781 3381 2901 3452 ἡτις
2945 3380 3206 3450 ἔγνωσται
3248 3381 3325 3451 τῷ
3372 3383 3590 3454 Κυρίῳ,
3647 3384 3766 3455 οὐχ

2163 3469 2344 3542 ἡμέρα
2381 3469 2498 3523 οὐδὲ
2527 3470 2644 3537 νὺξ,
2667 3471 2778 3524 ἀλλ’
2811 3470 2961 3524 ἔσται
2998 3471 3058 3524 τὸ
3092 3471 3228 3542 πρὸς
3253 3471 3485 3542 ἐσπέραν
3529 3471 3689 3542 φῶς.
3739 3492 3760 3526 ι

2162 3561 2274 3614 Καὶ
2295 3561 2394 3632 ὅρα
2416 3563 2465 3616 εί
2501 3562 2577 3633 μὴ
2603 3562 2691 3616 διὰ
2718 3563 2920 3618 τούτων
2938 3565 3236 3619 λευκότατα
3259 3565 3358 3636 τὴν
3387 3565 3613 3638 ἡμέραν
3650 3569 3771 3622 τοῦ

2163 3653 2366 3718 πάθους
2410 3653 2502 3708 τοῦ
2548 3655 2796 3727 Σωτῆρος
2839 3657 2993 3729 ἡμῶν
3037 3657 3205 3730 δηλοῖ,
3254 3660 3311 3713 ἐν
3436 3658 3636 3733 ἡμέρᾳ
3701 3660 3772 3715 τὸ

2165 3748 2280 3818 μὲν,
2314 3766 2331 3799 ι
2351 3748 2463 3801 Οὐκ
2487 3747 2635 3802 ἔσται
2667 3751 2801 3818 φῶς,
2830 3769 2847 3802 ι
2883 3751 3199 3824 ἐπληροῦτο,
3231 3752 3394 3823 ἡνίκα
3418 3754 3534 3807 ἀπὸ
3569 3755 3781 3827 ἕκτης

2161 3837 2311 3909 ὥρας
2340 3840 2526 3904 σκότος
2573 3840 2786 3910 ἐγένετο
2833 3842 2923 3894 ἐπὶ
2963 3845 3140 3896 πᾶσαν
3169 3844 3266 3915 τὴν
3297 3843 3402 3915 γῆν
3439 3845 3553 3907 ἕως
3585 3845 3778 3916 ὥρας

2160 3930 2385 4002 ἐννάτης
2404 3947 2416 3960 ·
2443 3931 2503 3984 τὸ
2531 3931 2608 3996 δὲ,
2642 3950 2661 3983 ι
2697 3931 2857 3987 Ἀλλὰ
2871 3930 3039 4003 ψῦχος
3060 3933 3154 3986 καὶ
3181 3932 3373 4000 πάγος,
3393 3949 3413 3984 ι
3438 3933 3561 3998 ὅτε,
3592 3935 3786 3988 κατὰ

2157 4021 2250 4076 τὸν
2290 4024 2522 4091 Λουκᾶν,
2564 4023 2964 4096 παραλαϐόντες
3010 4024 3101 4077 τὸν
3145 4023 3347 4096 Ἰησοῦν
3389 4025 3614 4095 ἤγαγον
3675 4029 3786 4091 είς

2158 4115 2258 4186 τὴν
2292 4114 2466 4169 οὶκίαν
2508 4114 2600 4168 τοῦ
2649 4115 2983 4190 άρχιερέως’
3017 4117 3045 4168 6
3083 4115 3140 4169 δὲ
3188 4115 3390 4188 Πέτρος
3434 4117 3793 4184 ἠκολοῦθει

2162 4205 2430 4278 μακρόθεν
2460 4222 2474 4238 ⁸
2523 4206 2902 4278 περιαψάντων
2927 4207 2984 4260 δὲ
3026 4205 3136 4279 πῦρ
3175 4207 3234 4260 ἐν
3287 4205 3436 4277 μέσῳ
3482 4206 3590 4277 τῆς
3653 4210 3797 4263 αὖ-

2157 4298 2277 4368 λῆς,
2324 4297 2575 4369 ἐκάθητο,
2611 4297 2753 4352 κατὰ
2793 4299 2884 4352 τὸν
2911 4297 3156 4370 Μάρκον,
3195 4295 3328 4368 μετὰ
3361 4295 3473 4350 τῶν
3523 4295 3808 4355 lor.va

2159 4388 2600 4460 θερμαινόμενος.
2647 4389 2704 4442 ’0
2731 4389 2785 4442 δὲ
2819 4389 3069 4461 Ἰωάννης
3097 4387 3349 4460 ἄντικρυς
3372 4387 3470 4441 καὶ
3490 4387 3597 4440 τοῦ
3653 4389 3810 4460 ψύ-

2161 4502 2288 4556 χους
2315 4484 2734 4555 ἐμνημόνευσεν,
2775 4483 2941 4538 εἰπών
2962 4499 2975 4514 ⁸
3022 4503 3041 4532 ι
3075 4483 3430 4554 Εἱστὴκεισαν
3458 4483 3513 4536 οι
3551 4481 3819 4539 δοῦλοι

2161 4576 2254 4631 καὶ
2280 4579 2328 4630 οἱ
2350 4575 2614 4650 ὑπηρέται
2638 4575 2931 4647 ἀνθρακιὰν
2954 4573 3416 4645 πεποιηκότες,ὄτι
3435 4570 3646 4644 ψῦχος
3677 4571 3814 4646 ἦν,

2161 4669 2254 4722 καὶ¹
2299 4667 2696 4740 ἐθερμαίνοντο.
2721 4667 3102 4738 »ιι-«Γνωστὴ
3136 4665 3212 4732 δὲ,
3250 4665 3432 4736 φησὶν,
3473 4659 3548 4735 ἦν
3589 4667 3820 4740 αὕτη

2159 4760 2386 4833 ήὴμέρα
2400 4760 2477 4831 τῷ
2490 4759 2696 4832 Κυρίῳ,
2717 4759 2808 4813 καὶ
2821 4759 2918 4811 οὐκ
2932 4754 2999 4830 ἦν
3015 4757 3213 4829 ἡμέρα,
3236 4756 3328 4808 καὶ
3350 4755 3450 4809 οὐκ
3473 4751 3544 4826 ἦν
3565 4758 3762 4823 νύξ·
3791 4783 3816 4812 ο

2159 4853 2255 4923 οὐχ
2277 4852 2455 4923 ἡμέρα
2481 4851 2600 4920 μὲν,
2624 4850 2710 4903 διὰ
2729 4849 2788 4902 τὸ
2805 4848 3141 4921 προκεῖσθαι,
3181 4865 3200 4898 ι
3223 4845 3502 4900 Οὺκέσται
3535 4847 3720 4914 φῶς
3741 4870 3762 4882 -
3789 4874 3820 4906 ι

2154 4944 2182 4997 ὃ
2207 4946 2300 4998 καὶ
2324 4941 2640 5014 ἐπληροῦτο,
2671 4943 2757 4994 ὅτε
2791 4941 2898 4996 ἀπὸ
2925 4941 3086 5011 ἕκτης
3111 4939 3257 5014 ὧρας
3285 4938 3474 5000 σκότος
3503 4939 3820 5005 ὲγένετπ

2154 5037 2248 5088 ἐπὶ
2261 5037 2438 5089 πᾶσαν
2456 5035 2552 5106 τὴν
2579 5036 2680 5106 γῆν
2701 5033 2804 5098 ἕως
2825 5033 2973 5105 ὥρας
3001 5032 3224 5104 ἐννάτης
3244 5047 3258 5062 ·
3280 5049 3300 5083 ι
3329 5027 3463 5082 υύδὲ
3477 5027 3598 5094 νὺξ
3620 5031 3720 5088 δὲ
3735 5079 3762 5102 δ
3801 5061 3820 5094 ι

2153 5126 2239 5180 διὰ
2281 5127 2343 5179 τὸ
2383 5123 2762 5193 ἐπιλέγεσθαι,
2817 5143 2837 5175 ι
2867 5124 3008 5196 Πρὸς
3049 5121 3286 5189 ἐσπέραν
3329 5122 3481 5175 ἔσται
3518 5123 3742 5190 φῶς-
3811 5151 3820 5178 ι

2159 5220 2224 5272 Ὃ
2250 5219 2346 5272 καὶ⁹
2374 5217 2502 5271 αὐτὸ
2533 5216 2716 5282 τέλους
2745 5215 3056 5286 ἐτύγχανεν,
3085 5216 3174 5269 ὅτε
3201 5215 3337 5286 μετὰ
3363 5213 3462 5284 τὴν
3486 5213 3728 5270 ἐννάτ-
3739 5239 3819 5294 τε

2153 5306 2302 5380 ὥραν
2340 5303 2493 5372 αὖθις
2521 5308 2582 5361 τὸ
2618 5307 2843 5378 σύνηθες
2877 5306 2990 5376 φῶς
3019 5305 3398 5377 ἀπελάμϐανεν
3432 5305 3467 5375 ἡ
3499 5305 3806 5381 ἡμέρα.

2153 5397 2412 5452 καὶκατὰ
2443 5399 2676 5453 διάνοιαν
2701 5397 2758 5450 δὲ
2789 5395 2962 5450 ταῦτα
2993 5395 3309 5468 ἐπληροῦτο.
3340 5394 3632 5448 Καθόλου
3691 5405 3812 5473 μὲ

2154 5492 2244 5545 ἐπὶ
2278 5491 2336 5544 τὸ
2376 5488 2637 5546 Ἰουδαίων
2668 5488 2836 5555 ἔθνος,
2866 5489 3004 5560 μετὰ
3033 5487 3130 5560 τὴν
3153 5479 3294 5543 κατὰ
3334 5485 3428 5540 τοῦ
3450 5486 3820 5556 Χριστοῦ

561 5653 814 5706 MAmos
842 5668 917 5720 ιι,
947 5652 1000 5708 1.
1072 5653 1091 5684 ³
1123 5650 1309 5707 Matth.
1345 5667 1504 5716 mn,
1536 5649 1622 5706 38.
1701 5650 1721 5680 ⁸
1744 5646 1931 5702 Matth.
1963 5660 2036 5711 tv,
2067 5643 2153 5701 ll.
