3866 6202
207 289 296 343 £85
1083 250 1732 345 lIEMONSTRATlONlS
1772 290 2232 348 EVANGELICIE
2265 289 2393 347 LIB.
2439 290 2523 346 Vl‘.

3301 292 3414 351 466

194 407 395 475 τόλμαν,
426 406 656 469 σκότους
680 405 776 461 καὶ
805 407 975 478 πάγου
1010 408 1106 462 καὶ
1127 407 1329 478 ψύχους
1361 410 1747 481 γεγενημένου,

1853 412 1953 466 erit
1980 427 2088 465 uno
2129 409 2236 465 die.
2288 429 2306 461 ι
2341 409 2447 464 Pro
2475 423 2585 480 quo
2636 407 2994 481 Symmachus
3022 412 3407 483 interpretatus

190 494 555 566 σκατισθείσης
588 496 766 549 αὐτῶν
797 498 896 567 τῆς
933 497 1163 561 διανοίας
1195 501 1273 561 είς
1311 499 1371 551 τὺ
1406 498 1479 570 μὴ
1511 499 1747 567 αὐγάσαι

184 590 267 644 τὸν
295 590 578 660 φωτισμὸν
598 590 690 644 τοῦ
708 591 1034 659 Εὑαγγελίου
1053 594 1109 646 ὲν
1132 597 1251 657 ταῖς
1273 594 1522 666 καρδίαις
1547 593 1745 659 αὐτῶν,

181 681 442 753 ψυγείσης
477 699 541 735 τε
570 682 671 752 τῆς
695 686 832 754 πρὸς
862 685 953 737 τὸν
977 685 1108 739 Θεὸν
1132 686 1367 756 ἀγάπης.
1394 686 1666 756 Ἔμπαλιν
1693 686 1749 739 δὲ

183 775 309 846 πρὸς
342 776 416 843 τῇ
450 774 660 847 ἑσπέρᾳ
704 775 767 828 τὸ
813 776 926 844 φῶς
963 777 1062 846 τῆς
1101 776 1351 845 γνώσεως
1398 777 1490 831 τοῦ
1515 777 1748 849 Χριστοῦ

178 862 566 926 ἀνατέταλκεν,
613 864 690 926 ὡς
736 866 862 928 τοὺς
904 866 1067 921 πάλαι
1116 867 1454 938 καθημένους
1489 869 1545 920 έν
1574 868 1750 921 σκότει

179 954 265 1011 καὶ
303 956 443 1026 σκιᾷ
496 954 727 1009 θανάτου
764 957 826 1010 τὸ
867 957 1006 1027 μέγα
1034 957 1149 1027 φῶς
1183 958 1330 1022 ἰδεῖν,
1365 956 1504 1011 κατὰ
1536 958 1633 1021 τὰς
1658 957 1747 1012 τοῦ

188 1046 412 1099 Ἡσαΐου
449 1048 636 1116 φωνάς
660 1063 676 1079 ’
702 1066 726 1100 ί
748 1050 836 1102 Ἐν
862 1050 1000 1121 αὐτῇ
1022 1050 1083 1120 δὴ
1108 1046 1200 1103 οῦν
1228 1053 1294 1121 τῇ
1320 1050 1538 1122 τοιαύτη
1571 1050 1751 1121 ἡμέρᾳ

172 1136 260 1193 τοῦ
286 1136 539 1209 Κυρίου,
558 1137 892 1205 ἐξελεύσεται
912 1182 926 1205 ,
951 1160 968 1194 ι
993 1142 1178 1211 φησιν,
1212 1161 1230 1193 ί
1262 1141 1404 1212 ὓδωρ
1430 1141 1535 1206 ζῶν
1566 1142 1626 1206 ἐξ
1659 1144 1752 1195 Ἱε-

173 1228 409 1298 ρουσαλή
419 1249 483 1299 μ.
508 1229 705 1283 »Τοῦτο
730 1230 784 1283 δὲ
811 1228 877 1302 ἦν
900 1232 960 1285 τὸ
986 1232 1195 1302 λογικὸν
1210 1234 1302 1287 καὶ
1320 1233 1565 1304 πότιμον,
1591 1233 1750 1296 ζωτι-

174 1320 260 1373 κόν
290 1336 354 1372 τε
393 1321 495 1373 καὶ
545 1323 809 1393 σωτήριον
861 1324 960 1394 τῆς
1004 1323 1097 1377 τοῦ
1137 1324 1370 1396 Χριστοῦ
1408 1325 1752 1391 διδασκαλίας

175 1412 354 1475 ποτὸν,
384 1413 516 1484 περὶ
540 1405 600 1465 οῦ
629 1414 721 1466 καὶ⁵
752 1414 912 1478 αὐτὸς
944 1416 1001 1468 ἐν
1027 1415 1103 1485 τῷ
1136 1415 1274 1469 κατὰ
1301 1415 1750 1487 ἸωάννηνἘὺαγυ

178 1503 346 1573 γελίῳ
388 1504 489 1573 τὴν
524 1503 855 1575 Σαμαρεῖτιν
895 1505 1161 1560 παιδεύων
1198 1506 1410 1576 ἔλεγεν·
1458 1526 1476 1558 ι
1511 1508 1572 1560 El
1606 1508 1752 1581 ᾔδεις

175 1597 257 1660 τίς
284 1598 441 1649 ἐστιν
469 1597 498 1646 ὁ
530 1594 706 1663 λέγων
738 1613 845 1649 σοι’
914 1598 1012 1660 Δός
1043 1614 1133 1667 μοι
1160 1599 1321 1661 πιεῖν,
1354 1600 1417 1652 σὺ
1446 1598 1511 1651 ἂν
1543 1600 1751 1670 ᾔτησας

177 1686 360 1751 αὐτὸν,
390 1688 482 1740 καὶ
510 1687 711 1742 ἔδωκεν
744 1689 809 1743 ἄν
842 1706 922 1742 σοι
952 1688 1093 1762 ὕδωρ
1125 1689 1285 1754 ζῶν.»
1318 1691 1458 1745 Αὐτὸ
1482 1687 1571 1745 οῦν
1595 1692 1751 1747 τοῦτο

1852 508 1937 556 est
1972 519 1986 555 :
2030 519 2047 550 ι
2088 500 2153 554 Ει
2188 501 2243 553 in
2271 500 2358 555 die
2380 499 2470 553 illa
2496 516 2602 553 non
2626 502 2730 556 erit
2751 502 2862 566 lux,
2895 502 2990 558 sed
3015 502 3185 574 frigus
3213 511 3266 559 et
3297 505 3409 574 gla-

1848 594 1961 650 cies
1992 594 2095 648 erit
2124 608 2231 647 uno
2251 591 2357 656 die,
2391 592 2483 663 qui
2503 593 2751 664 cognitus
2777 602 2862 649 est
2886 593 3134 658 Domino,
3162 609 3269 649 non
3290 597 3409 651 dies

1851 698 2027 754 neque
2060 697 2189 748 nox,
2224 682 2316 738 sed
2345 682 2449 737 erit
2484 682 2549 736 ad
2580 699 2862 753 vesperam
2892 684 3003 738 lux.
3033 703 3053 737 ι
3082 684 3147 738 Ει
3185 700 3314 740 sane
3336 687 3411 739 vi-

1849 776 1946 831 des
1974 774 2427 845 quemadmodum
2460 775 2513 828 in
2565 774 2648 829 his
2678 775 2859 829 verbis
2888 775 3208 845 planissime
3239 776 3407 838 diem,

1850 883 1959 937 quo
1990 867 2238 921 Salvator
2262 874 2449 921 noster
2472 866 2738 936 supplicio
2778 874 2861 922 est
2902 866 3147 934 alTectus,
3209 867 3411 938 signiﬁ-

1850 965 1955 1021 cet,
1991 958 2044 1012 in
2072 973 2179 1029 quo
2201 956 2288 1011 die
2320 956 2449 1011 illud
2474 956 2709 1026 quidem,
2738 976 2755 1008 ι
2787 955 2903 1011 Non
2926 957 3028 1012 erit
3059 958 3170 1022 lux,
3210 978 3227 1009 ι
3259 973 3412 1012 com-

1853 1051 2056 1119 pletum
2110 1058 2214 1114 est,
2261 1050 2478 1120 quando
2526 1064 2555 1103 a
2608 1056 2760 1103 sexta
2803 1048 2936 1102 hora
2986 1048 3223 1103 tenebrae
3256 1048 3409 1104 factm

1852 1139 2054 1194 suntin
2081 1140 2389 1194 universam
2416 1145 2635 1203 terram,
2670 1152 2841 1207 usque
2872 1138 2937 1191 ad
2969 1138 3155 1191 horam
3185 1154 3407 1196 nonam.

1852 1226 1988 1281 Illud
2019 1235 2240 1282 autem:
2279 1245 2296 1277 ‹
2340 1225 2444 1281 Sed
2493 1226 2664 1297 frigus
2708 1233 2760 1279 et
2802 1225 3024 1296 glacies,
3077 1247 3093 1278 ι
3134 1243 3239 1297 quo
3268 1236 3411 1282 tem-

1851 1334 2003 1390 pore,
2047 1327 2105 1372 ut
2139 1318 2315 1372 Lucas
2344 1317 2619 1383 scribit“,
2653 1317 3166 1387 comprehendentes
3200 1316 3406 1383 Jesum,

1852 1409 2127 1465 duxerunt
2158 1408 2222 1462 ad
2256 1408 2474 1462 domum
2509 1408 2771 1479 principis
2816 1407 3181 1462 sacerdotum.
3215 1407 3409 1467 Petrus

1852 1508 2033 1555 autem
2056 1501 2381 1571 sequebatur
2403 1516 2523 1554 eum
2551 1515 2579 1552 a
2606 1501 2761 1569 longe
2790 1519 2802 1553 :
2830 1514 3061 1555 accenso
3082 1508 3260 1555 autem
3289 1504 3413 1571 igne

1853 1592 1906 1645 in
1931 1592 2106 1646 medio
2121 1592 2266 1655 atrii,
2288 1592 2528 1653 sedebat,
2554 1602 2611 1645 ut
2632 1593 2706 1645 ait
2731 1593 2989 1658 Marcus“,
3015 1608 3137 1647 cum
3163 1594 3409 1666 reliquis,

1857 1682 2017 1756 293
2050 1683 2375 1739 calefacicns
2412 1700 2489 1739 se.
2521 1682 2757 1740 Joannes
2780 1700 2909 1739 vero
2938 1685 3096 1755 plane
3125 1686 3286 1740 etiam
3317 1687 3415 1741 fri-

177 1778 232 1831 τὺ
262 1779 541 1849 σωτήριον
573 1781 737 1832 ποτὸν
771 1779 829 1844 ἐξ
856 1781 1020 1853 αὐτῆς
1045 1782 1141 1851 τῆς
1171 1782 1521 1855 Ἰερουσαλὴμ
1550 1783 1750 1855 προῆλ-

1855 1791 1954 1846 gus
1985 1775 2444 1839 commemoravit,
2478 1776 2568 1829 ubi
2602 1777 2713 1829 ait:
2747 1795 2764 1826 ι
2807 1773 3033 1830 Stabant
3062 1776 3204 1831 servi
3236 1786 3288 1831 et
3312 1777 3415 1832 mi-

184 1871 288 1924 θεν·
327 1872 555 1925 ἐνθένδε
581 1872 714 1941 γοῦν
739 1871 960 1946 ὥρμητο
994 1872 1156 1927 αὑτοῦ
1188 1874 1533 1942 Εὑαγγέλιον,
1574 1875 1669 1928 καί¹
1699 1876 1748 1927 οἱ

186 1961 356 2014 τούτου
392 1962 647 2032 κήρυκες
674 1963 849 2015 πᾶσαν
876 1960 1223 2032 κατέπλησαν
1262 1963 1359 2035 τὴν
1398 1962 1745 2034 οἰκουμένην·

185 2053 313 2107 aut
342 2053 613 2125 δηλοῦται
644 2054 730 2106 διὰ
752 2054 842 2106 τοῦ
867 2054 1146 2122 λέγεσθαι·
1180 2073 1199 2105 ί
1224 2056 1317 2120 El;
1346 2056 1443 2127 τὴν
1477 2055 1751 2110 θάλασσαν

178 2144 260 2216 τὴν
296 2143 563 2216 πρώτην,
595 2145 689 2198 καί
719 2148 798 2209 εἰς
820 2147 916 2218 τὴν
937 2146 1206 2202 Θάλασσαν
1250 2147 1346 2219 τὴν
1371 2149 1604 2220 ἐσχάτην
1630 2169 1649 2201 ι
1691 2150 1751 2203 τὸ

183 2233 278 2297 ζῶν
339 2235 499 2306 ὕδωρ
542 2234 934 2301 ἐξελεύσεσθαι.
990 2240 1068 2289 Δι’
1101 2231 1175 2291 ὧν
1210 2237 1278 2291 τὰ
1317 2239 1417 2309 τῆς
1457 2239 1750 2310 συμπάσης

179 2326 270 2395 τῆς
320 2328 552 2399 πέρατα
601 2327 875 2397 δηλοῦται,
928 2329 997 2382 τά
1044 2347 1104 2383 τε
1151 2332 1285 2401 πρὸς
1333 2331 1410 2402 τῷ
1452 2331 1752 2404 ἀνατολικῷ

189 2417 428 2487 Ὠκεανῷ
458 2416 654 2488 πρώτη
706 2418 939 2473 θάλαττα
969 2419 1359 2490 ὀνομαζόμενα,
1391 2422 1486 2474 καὶ
1516 2422 1583 2476 τὰ
1614 2423 1753 2477 κατὰ

179 2508 361 2563 δύοντα
406 2509 565 2578 ἥλιον
603 2509 691 2562 διὰ
722 2511 821 2580 τῆς
849 2510 1115 2583 Θαλάττης
1144 2513 1245 2582 τῆς
1288 2514 1521 2583 ἐσχάτης
1556 2532 1753 2586 σημαι-

179 2598 391 2669 ϋμενα,
436 2596 472 2651 ἃ
495 2598 590 2651 καὶ
622 2598 945 2671 πεπλήρωκε
974 2600 1033 2652 τὸ
1054 2600 1159 2664 ζῶν
1192 2601 1333 2673 ὕδωρ
1364 2604 1461 2673 τῆς
1488 2605 1751 2676 σωτηρίου

182 2690 261 2739 καὶ
291 2689 666 2760 εὖαγγελικῆς
713 2690 1077 2754 διδασκαλίας,
1113 2694 1241 2764 περὶ
1286 2686 1346 2746 οῦ
1390 2695 1551 2748 πάλιν
1591 2698 1752 2749 ἐπαί-

179 2779 307 2844 δευε,
338 2781 557 2849 λέγων’
599 2801 616 2833 ι
636 2785 729 2845 Ὃς
757 2782 824 2836 ἂν
860 2782 956 2855 πίῃ
998 2783 1091 2837 τοῦ
1129 2784 1337 2850 ὓδατος,
1368 2779 1428 2839 οῦ
1462 2787 1569 2855 ἐγὼ
1599 2788 1753 2841 δώσω

180 2872 340 2942 ώτῷ,
398 2874 461 2926 οὺ
506 2873 582 2944 μὴ
628 2874 839 2951 διψήσει
865 2877 942 2939 είς
986 2876 1075 2928 τὸν
1116 2876 1307 2930 αίῶνα.
1343 2898 1362 2929 ι
1421 2880 1528 2931 Καὶ
1570 2880 1747 2932 πάλινο

185 2959 489 3028 ιῐιοταμροὶ,
536 2962 719 3031 φησιν,
762 2964 825 3014 ὲκ
879 2964 977 3033 τῆς
1035 2964 1240 3028 κοιλίας
1281 2966 1444 3020 αὑτοῦ
1476 2968 1753 3039 ῥεύσουσιν

182 3046 369 3113 ὓδατος
426 3051 657 3115 ζῶντος,
722 3054 1011 3124 ἁλλομένου
1091 3058 1170 3119 είς
1221 3057 1363 3129 ζωὴν
1425 3058 1638 3115 αἰώνιον
1669 3101 1681 3113 .
1727 3081 1744 3111 ι

1856 1866 2015 1921 nistri
2047 1866 2112 1920 ad
2144 1881 2368 1936 prunas,
2404 1868 2528 1936 quia
2569 1866 2737 1938 frigus
2770 1878 2915 1931 erat,
2943 1875 2996 1921 et
3028 1867 3419 1923 calefaciebant'

1853 1973 1912 2013 se
1941 1957 1981 2013 '.
2022 1976 2039 2009 ι
2073 1987 2141 1997 -
2171 1957 2472 2029 «Cognitus
2525 1967 2725 2023 autem,
2766 1959 2963 2029 inquit,
3001 1966 3084 2014 est
3157 1959 3245 2013 hic
3298 1958 3414 2016 dies

1851 2048 2101 2114 Domino,
2132 2058 2186 2105 et
2212 2065 2323 2104 non
2359 2052 2464 2105 erit
2493 2051 2632 2114 dies,
2667 2067 2843 2120 neque
2872 2051 2974 2106 erit
2999 2065 3130 2115 nox,
3163 2067 3270 2105 non
3291 2053 3413 2122 qui-

1851 2140 1972 2195 dem
2020 2142 2135 2196 dies
2181 2160 2193 2194 :
2244 2159 2263 2193 ι
2319 2148 2602 2211 pr0pterea
2663 2140 2807 2210 quod
2864 2140 3070 2194 dictum
3124 2149 3207 2195 est
3265 2146 3412 2201 ante,

1857 2254 1876 2287 ι
1906 2234 2026 2290 Νοη
2061 2237 2163 2290 erit
2205 2234 2315 2297 lux,
2360 2252 2377 2284 ι
2405 2232 2549 2303 quod
2581 2247 2711 2286 sane
2736 2231 2899 2284 etiam
2948 2230 3267 2299 completum
3308 2239 3411 2294 est,

1853 2327 2069 2397 quando
2095 2341 2124 2379 a
2160 2332 2309 2379 sexta
2340 2323 2474 2376 hora
2506 2321 2740 2375 tenebrae
2762 2321 2916 2374 facta:
2946 2327 3073 2374 sunt
3094 2334 3258 2389 super
3286 2320 3413 2371 uni-

1852 2432 2061 2473 versam
2097 2425 2319 2480 terram,
2366 2428 2537 2483 usque
2576 2413 2640 2466 ad
2685 2413 2875 2467 horam
2908 2426 3108 2465 nonam
3142 2430 3153 2462 :
3185 2427 3203 2460 ι
3229 2408 3414 2478 Neque

1820 2512 1981 2571 item
2041 2524 2190 2564 nox:
2245 2526 2261 2557 ι
2319 2514 2599 2577 propterea
2638 2505 2782 2575 quod
2838 2504 3081 2558 additum
3135 2510 3238 2568 est,
3277 2522 3293 2552 ι
3330 2502 3409 2555 Ad

1852 2618 2135 2673 vesperam
2169 2603 2273 2655 erit
2296 2601 2408 2663 lux,
2460 2619 2478 2651 ι
2517 2598 2659 2669 quod
2689 2600 2851 2651 etiam
2880 2596 3058 2666 ipsum
3092 2596 3296 2649 exitum
3329 2595 3416 2648 in-

1852 2696 2021 2760 venit,
2045 2693 2262 2764 quando
2301 2700 2424 2762 post
2458 2706 2655 2745 nonam
2709 2690 2918 2751 horam,
2948 2703 3139 2743 rursus
3179 2700 3413 2740 consue-

1853 2790 1967 2836 tum
2002 2783 2183 2836 lumen
2214 2781 2416 2850 recepit
2450 2779 2585 2834 dies.
2630 2777 2895 2834 Praeterea
2931 2777 3250 2833 sententiam
3280 2775 3417 2845 quo—

1853 2889 1959 2944 que
2026 2872 2071 2928 si
2145 2872 2455 2942 sequimur,
2514 2871 2628 2926 hac
2696 2872 2961 2941 completa
3005 2876 3165 2923 erunt
3207 2869 3259 2921 in
3291 2870 3414 2922 uni-

1851 2982 2012 3022 verso
2031 2966 2248 3036 quidem
2282 2980 2445 3035 super
2463 2963 2687 3019 Judaica
2717 2973 2891 3031 gente,
2912 2973 3194 3033 postquam
3222 2962 3410 3019 adver-

1858 3074 1952 3113 sus
1985 3057 2262 3112 Christum
2290 3055 2421 3111 illud
2447 3057 2681 3110 immane
2710 3054 2923 3109 facinus
2956 3068 3085 3108 ausa
3114 3061 3217 3118 est,
3250 3065 3304 3108 et
3330 3060 3413 3107 te-

185 3140 293 3191 Καὶ
349 3137 533 3205 αὖθις·
597 3162 615 3193 ι
650 3144 716 3197 El
754 3161 837 3207 τις
881 3144 1026 3216 διψᾷ,
1074 3146 1312 3217 ἐρχέσθω
1359 3149 1495 3225 πρὸς
1530 3151 1617 3220 μὲ,
1665 3153 1750 3207 καὶ

1858 3148 2059 3213 nebrae,
2092 3156 2145 3201 et
2173 3148 2395 3218 glacies,
2424 3156 2477 3202 ct
2499 3146 2671 3216 frigus
2706 3146 2847 3201 facta
2881 3154 3028 3205 sunt,
3060 3146 3259 3215 quippe
3291 3160 3413 3198 cum

190 3232 438 3284 πινέτω.»
460 3232 620 3286 Μετὰ
651 3232 780 3301 γοῦν
809 3234 1151 3306 ἀνομϐρῆσαν
1183 3239 1244 3289 ἐκ
1271 3238 1368 3308 τῆς
1407 3240 1755 3313 Ἰερουσαλὴμ

187 3322 277 3374 ἐπὶ
321 3323 427 3375 πᾶν
478 3324 638 3392 γένος
698 3323 995 3395 ἀνθρώπων
1079 3328 1341 3399 σωτήριον
1392 3331 1486 3383 καὶ
1546 3329 1753 3399 λογικὸν

195 3414 357 3481 νᾶμα,
399 3414 538 3485 ὅπερ
571 3413 899 3484 σαφέστερον
930 3415 984 3466 ὲν
1011 3415 1179 3486 ἑτέρῳ
1225 3416 1472 3487 δηλοῦται
1517 3418 1606 3471 διὰ
1636 3420 1749 3473 τοῦ·

196 3523 214 3555 ι
234 3504 328 3557 Ἐκ
352 3504 467 3575 γὰρ
490 3504 631 3557 Σιὼν
662 3503 998 3568 ἐξελεύσεται
1031 3507 1211 3577 νόμος,
1246 3510 1338 3562 καὶ
1363 3511 1532 3578 Λόγος
1553 3512 1754 3581 Κυρίου

187 3595 241 3659 ἑξ
275 3595 657 3667 Ἰερουσαλὴμ,
692 3597 785 3649 καὶ
818 3600 989 3665 κρινεῖ
1033 3598 1134 3651 ἀνὰ
1167 3599 1326 3669 μέσον
1352 3600 1459 3655 τῶν
1493 3602 1684 3655 ὲθνῶν·
1732 3622 1749 3653 ι

193 3688 453 3750 (Es-rut,
494 3689 661 3758 (mai,
703 3687 904 3759 Κύριος
968 3690 1046 3752 εἰς
1102 3690 1343 3759 βασιλέα,
1376 3713 1393 3744 ι
1439 3696 1551 3747 Οὐκ
1606 3694 1755 3748 ἔσται

186 3777 239 3830 δὲ
286 3780 345 3831 ὲν
398 3777 781 3851 Ἰερουσαλὴμ,
837 3782 956 3834 οὐδὲ
1008 3784 1100 3836 ἐπὶ
1151 3784 1211 3835 τὸ
1265 3786 1530 3840 Ἰουδαίων
1584 3787 1752 3855 ἔθνος,

187 3869 319 3922 ἀλλὰ
344 3888 362 3920 ι
396 3872 490 3922 ἐπὶ
511 3872 687 3924 πᾶσαν
709 3872 804 3943 τὴν
839 3873 941 3941 γῆν
984 3876 1041 3927 ὲν
1072 3877 1139 3946 τῇ
1176 3876 1356 3947 ἡμέρᾳ
1400 3879 1599 3949 ἐκείνῃ.
1649 3880 1756 3932 Καὶ

190 3959 334 4013 ἔσται
363 3961 575 4030 Κύριος
622 3957 721 4025 εἷς,
771 3964 863 4015 καὶ
906 3964 967 4016 τὸ
1008 3964 1175 4033 ὄνομα
1207 3965 1368 4018 αὑτοῦ
1410 3968 1487 4031 ἓν,
1529 3969 1755 4023 κυκλοῦν

194 4053 363 4105 πᾶσαν
394 4052 497 4121 τὴν
533 4053 654 4122 γῆν.
696 4073 712 4102 ι
751 4055 817 4105 Ἀ
852 4056 947 4107 καὶ
984 4055 1120 4107 αὐτὰ
1149 4056 1358 4126 συνᾴδει
1386 4060 1496 4119 τοῖς
1520 4057 1625 4110 ἀπὸ
1649 4059 1755 4111 τῶν

200 4141 454 4211 Ψαλμῶν
486 4142 854 4214 παρατεθεῖσι,
881 4144 945 4197 δι’
970 4137 1042 4197 ὧν
1075 4144 1310 4213 ἐλέγετο·
1339 4165 1356 4198 ι
1380 4147 1753 4202 Ἐϐασίλευσεν

190 4236 217 4284 ὁ
243 4234 370 4298 Θεὸς
403 4236 499 4287 ἐπὶ
522 4235 586 4287 τὰ
621 4234 746 4306 ἔθνη
776 4253 787 4264 ·
827 4255 846 4288 ι
873 4238 965 4289 καὶ
994 4237 1185 4290 πάλιν·
1229 4256 1247 4289 ι
1275 4237 1478 4293 Εἴπατε
1533 4240 1593 4293 ὲν
1640 4244 1753 4306 τοῖς

194 4326 423 4379 ἔθνεσινο
492 4328 549 4380 Ὀ
595 4328 795 4402 Κύριος
851 4330 1182 4384 ἐϐασίλευσε.
1222 4350 1239 4383 ι
1300 4330 1481 4384 Ταῦτα
1523 4333 1578 4385 δὲ
1618 4334 1751 4405 ὁμοῦ

196 4418 365 4471 πάντα
401 4420 459 4471 ἐν
494 4422 614 4483 ταῖς
653 4419 745 4471 τοῦ
776 4421 976 4491 Κυρίου
1009 4422 1257 4493 ἡμέραις,
1286 4422 1499 4477 ἔσεσθαι
1544 4442 1752 4497 προφη-

194 4508 415 4562 τεῦεται.
462 4511 550 4565 Ἐν
583 4512 723 4581 ἀρχῇ
749 4509 878 4578 γοῦν
904 4512 998 4581 τῆς
1023 4511 1149 4581 ὅλης
1182 4514 1532 4585 προφητείας,
1580 4534 1597 4565 ί
1620 4515 1748 4568 Ἰδοὺ

197 4599 418 4668 ἡμέραι,
475 4601 659 4670 φησιν,
717 4599 960 4671 ἔρχονται
990 4586 1100 4653 ’τοῦ
1154 4602 1378 4672 Κυρίου,
1434 4603 1525 4655 καὶ
1589 4602 1743 4656 ἔσται

198 4688 331 4744 τάδε.
357 4712 375 4743 ι
423 4691 560 4744 Τίνα
605 4691 667 4763 δὴ
715 4692 884 4745 ταῦτα
917 4692 1030 4759 ἀλλ’
1064 4691 1097 4762 ἢ
1131 4695 1162 4764 ἡ
1194 4693 1475 4766 πολιορκία
1507 4695 1607 4765 τῆς
1653 4697 1749 4748 ’Ῑεε-

206 4780 485 4852 ρουσαλὴμ,
521 4782 613 4834 καὶ
643 4783 676 4853 ή
707 4780 797 4835 τοῦ
825 4782 1027 4851 Κυρίου
1069 4783 1395 4852 μετάστασις
1425 4786 1523 4838 ἐπὶ»
1547 4786 1607 4838 τὸ
1644 4785 1751 4840 τῶν

213 4870 421 4925 Ἐλαιῶν
460 4872 608 4943 ὅρος,
652 4872 745 4925 καὶ
788 4872 867 4934 τὸ,
904 4872 1211 4944 ¹«Παρέσται
1239 4874 1460 4946 Κύριος,
1487 4894 1505 4927 ι
1558 4876 1649 4928 καὶ
1682 4875 1749 4929 τά

208 4960 572 5031 συμϐεϐηκότα
608 4963 735 5033 περὶ
782 4964 880 5033 τὴν
916 4965 1127 5035 ἡμέραν
1163 4965 1256 5018 τοῦ
1304 4965 1508 5029 πάθους
1551 4966 1748 5032 αὐτοῦς

204 5049 289 5099 καὶ
321 5051 378 5107 τὸ
407 5052 517 5116 ζῶν
550 5052 715 5125 ῦδωρ,
756 5054 815 5106 τὸ
853 5055 957 5108 ἐπὶ
979 5058 1158 5110 πᾶσαν
1191 5056 1390 5128 ρεῦσαν
1438 5056 1534 5126 τὴν
1572 5060 1749 5111 οἰκου-

213 5139 360 5210 μένην
380 5160 409 5205 ;‹
435 5146 527 5197 καὶ
559 5146 650 5198 ἐπὶ
678 5148 810 5199 πᾶσι
836 5146 1043 5210 τούτοις
1069 5150 1101 5218 ἡ
1125 5148 1367 5218 βασιλεία
1400 5149 1613 5202 πάντων
1644 5150 1749 5203 τῶν

210 5228 357 5285 ἐθνῶν
406 5234 665 5306 ἄρχουσα,
724 5239 817 5292 καὶ
856 5240 916 5292 τὸ
964 5240 1130 5310 ὄνομα
1177 5242 1336 5295 αὐτοῦ
1390 5242 1468 5307 ἓν,
1512 5243 1750 5315 πληροῦν

213 5320 371 5375 πᾶσαν
409 5326 504 5395 τὴν
530 5327 663 5397 γῆν;
700 5328 838 5400 άπερ
882 5331 1065 5386 ὁποίου
1109 5333 1291 5396 τέλους
1334 5332 1541 5403 ἔτυχεν,
1575 5333 1649 5398 ὡς
1692 5335 1749 5387 ἐν

212 5408 420 5484 ἐπιτομῇ
448 5415 813 5489 διειλήφαμεν.
854 5421 1122 5493 Πρόδηλον
1155 5423 1210 5475 δὲ
1250 5424 1342 5476 καὶ
1377 5424 1491 5488 πῶς
1522 5425 1627 5478 ἀπὸ
1652 5426 1750 5495 τῆς

214 5496 543 5575 τοῦΧριστοῦ
589 5511 681 5564 τοῦ
715 5511 848 5566 Θεοῦ
892 5516 1276 5586 προσηγορίας,
1321 5517 1379 5569 τὸ
1412 5517 1749 5589 Χριστιανῶν

1855 3240 2069 3294 illorum
2097 3254 2250 3292 mens
2272 3238 2624 3293 obtenebrata
2660 3238 2750 3299 sit,
2786 3237 2920 3290 adeo
2950 3245 3007 3289 ut
3038 3235 3306 3305 Evangelii
3332 3236 3414 3291 lu-

1854 3341 1978 3380 men
2008 3324 2189 3379 radios
2239 3325 2293 3378 in
2327 3324 2490 3379 corda
2543 3325 2757 3379 illorum
2807 3327 3093 3380 immittere
3124 3325 3413 3394 nequierit,

1855 3426 1907 3472 et
1940 3417 2178 3471 charitas
2210 3432 2338 3487 erga
2375 3416 2541 3471 Deum
2597 3418 2667 3472 sit
2704 3417 3038 3487 refrigerata.
3096 3416 3415 3470 Econtrario

1856 3518 2034 3565 autem
2080 3510 2147 3564 ad
2189 3524 2472 3579 vesperam
2506 3510 2687 3564 lumen
2718 3509 3045 3580 cognitionis
3088 3508 3290 3564 Christi
3325 3522 3413 3562 or-

1856 3612 1968 3656 tum
2004 3612 2106 3666 est,
2143 3602 2277 3659 adeo
2304 3611 2361 3655 ut
2383 3602 2419 3655 ii
2450 3604 2541 3671 qui
2584 3604 2709 3656 olim
2748 3602 2801 3654 in
2843 3602 3083 3657 tenebris
3124 3610 3176 3655 et
3225 3602 3416 3656 umbra

1856 3693 2044 3746 mortis
2076 3693 2358 3758 sedebant,
2386 3693 2566 3747 lumen
2597 3691 2850 3754 viderint,
2879 3691 3022 3745 sicut
3053 3692 3192 3761 apud
3221 3692 3414 3747 Isaiam

1857 3779 2174 3850 pr0phetam
2231 3780 2491 3850 scriptum
2539 3786 2623 3835 est
2660 3799 2672 3832 :
2710 3798 2726 3829 ι
2776 3779 2833 3832 ln
2861 3781 2977 3849 ipso
3006 3781 3168 3850 igitur
3197 3780 3409 3835 Domini

1856 3869 2228 3938 hujuscemodi
2290 3872 2395 3933 die,
2429 3870 2755 3942 egredietur,
2795 3873 3000 3942 inquit,
3046 3888 3183 3942 aqua
3228 3875 3415 3927 vivens

1856 3960 1923 4015 de
1951 3959 2271 4016 Jerusalem.
2314 3982 2331 4013 ι
2368 3960 2700 4015 Ηαεοιουιθιη
2731 3970 2813 4016 est
2850 3963 3129 4017 rationalis
3158 3968 3211 4017 et
3236 3963 3300 4015 ad
3336 3963 3417 4015 bi-

1854 4053 2089 4108 bendum
2125 4054 2329 4119 suavis,
2366 4063 2419 4110 et
2449 4055 2611 4109 vitam
2658 4053 3041 4125 suppeditans,
3075 4063 3127 4109 et
3161 4056 3414 4110 salutaris

1855 4142 2055 4200 Christi
2083 4145 2344 4200 doctrina:
2388 4147 2555 4216 potio,
2596 4147 2663 4202 de
2692 4163 2798 4216 qua
2852 4149 2966 4217 ipse
3018 4149 3075 4202 in
3128 4147 3414 4218 Evangelio

1856 4236 2001 4306 quod
2063 4234 2309 4293 Joannes
2350 4239 2591 4309 scripsit,
2647 4237 3043 4294 Samaritanam
3096 4241 3241 4294 illam
3294 4258 3416 4295 mu-

1856 4326 2039 4381 lierem
2092 4328 2370 4383 instruens
2414 4329 2756 4398 loquebatur,
2792 4328 2978 4384 dicens
3017 4348 3029 4384 :
3070 4347 3088 4381 σ
3131 4330 3190 4384 Si
3245 4331 3415 4385 scires

1855 4419 1981 4489 quis
2004 4425 2089 4473 est
2116 4418 2209 4488 qui
2250 4418 2384 4472 dicit
2416 4420 2515 4473 tibi
2542 4434 2555 4470 :
2597 4419 2670 4472 Da
2702 4420 2833 4474 mihi
2866 4419 3074 4485 bibere,
3098 4427 3155 4473 tu
3187 4421 3416 4491 petisses

1853 4512 1922 4567 ab
1956 4527 2040 4578 eo,
2066 4519 2121 4567 et
2157 4513 2396 4569 dedisset
2422 4513 2519 4568 tibi
2555 4528 2749 4582 aquam
2771 4513 3008 4567 vivam".
3044 4535 3062 4565 ι
3098 4512 3217 4584 Ipsa
3252 4514 3418 4585 igitur

1853 4606 1970 4660 haec
2008 4606 2266 4661 salutaris
2316 4606 2465 4675 potio
2506 4605 2574 4661 de
2621 4603 2917 4660 Jerusalem
2953 4606 3210 4676 proﬂuxit
3243 4626 3255 4660 :
3292 4604 3416 4660 inde

1853 4696 2001 4752 illius
2034 4696 2335 4766 profectum
2365 4703 2449 4753 est
2484 4696 2854 4768 Evangelium,
2874 4708 2927 4752 et
2968 4700 3114 4753 illius
3155 4698 3326 4752 nuntii
3360 4707 3414 4752 et

1853 4802 2128 4857 praecones
2159 4793 2332 4841 totum
2363 4794 2630 4843 terrarum
2654 4790 2840 4843 urbem
2863 4789 3240 4858 impleverunt,
3271 4790 3413 4857 quod

1854 4879 2072 4950 quidem
2112 4878 2420 4934 declaratur
2445 4895 2542 4949 per
2581 4879 2632 4934 id
2673 4881 2817 4949 quod
2864 4880 3084 4944 dicitur,
3126 4898 3143 4931 ι
3180 4881 3238 4933 In
3268 4893 3418 4933 mare

1857 4970 2114 5039 primum,
2140 4979 2192 5025 et
2212 4972 2267 5024 in
2286 4986 2434 5026 mare
2457 4971 2725 5034 ultimum,
2761 4991 2778 5022 ι
2797 4971 3064 5025 viventem
3085 4984 3277 5039 aquam
3304 4970 3415 5023 exi-

1857 5070 2058 5126 turam,
2093 5061 2292 5129 quibus
2332 5062 2512 5115 verbis
2544 5061 2821 5115 universae,
2849 5067 3009 5114 terrae
3042 5057 3419 5127 ﬁnes.signill-

1857 5162 2071 5216 cantur,
2104 5160 2157 5207 et
2208 5152 2246 5205 ii
2302 5152 2553 5207 videlicet
2599 5154 2688 5222 qui
2738 5152 2802 5205 ad
2854 5150 3124 5204 Oceanum
3191 5150 3420 5203 orientis

1858 5250 2124 5313 spectant,
2164 5241 2256 5311 qui
2291 5242 2525 5311 primum
2552 5257 2701 5295 mare
2737 5239 3107 5301 nominantur,
3141 5247 3192 5293 ct
3224 5237 3317 5307 qui
3352 5238 3419 5291 ad

1858 5334 2193 5389 occidentem
2227 5335 2417 5398 solem,
2452 5336 2546 5405 qui
2585 5349 2680 5403 per
2715 5333 2963 5385 ultimum
3011 5346 3159 5386 mare
3210 5330 3421 5401 signifi-

1856 5433 2070 5489 cantur,
2105 5442 2244 5496 quos
2273 5427 2458 5495 utique
2493 5426 2647 5488 fines,
2680 5425 2936 5481 salutaris
2982 5424 3421 5494 evangelicaeque

1858 5517 2117 5571 doctrinae
2149 5533 2287 5588 aqua
2333 5518 2516 5573 vivens
2556 5516 2817 5587 implevit,
2856 5516 2920 5572 de
2951 5531 3055 5586 qua
3098 5530 3290 5572 rursus
3324 5515 3420 5573 da-

284 5658 322 5691 "
348 5659 621 5733 Capqxn,
660 5665 845 5724 54-55.
923 5667 1092 5741 'Cap.
1118 5686 1228 5737 xiv,
1262 5670 1361 5729 .66.
1439 5673 1456 5701 ‘
1490 5671 1643 5727 Joan.
1676 5687 1833 5739 xvm,
1860 5670 1941 5727 18.
2017 5672 2036 5703 ⁷
2067 5670 2430 5729 Joan.n'.10.
