3916 6200
280 194 385 252 489

1180 175 1832 243 DEHDNSTRATI'ONlS
1870 176 2332 241 EVA‘NGELICE
2372 183 2499 238 LIB.
2541 181 2626 237 Vl.

3396 182 3495 238 476

278 309 605 379 ήγηοήσεται
657 274 954 369 ἐναύτοῖς,
986 304 1079 359 καὶ
1122 306 1518 379 ἐπαρθήσονται
1557 305 1818 373 Αἰγύπτιο

1944 305 2332 361 excitabuntur
2378 302 2617 374 Aigyptii
2654 308 2842 356 contra
2876 299 3179 372 Egyptios,
3207 306 3270 354 et'
3299 298 3496 352 bellum

273 404 363 458 ἐπὶ
406 399 756 470 Αἰγυπτίους,
801 397 895 452 καὶ
930 397 1221 469 πολεμήσει
1251 399 1532 470 ἄνθρωπος
1568 400 1657 452 τὸν
1684 400 1835 453 ἀδελ-

272 495 370 564 φὸν
399 492 585 560 αὑτοῦ,
616 493 707 546 καὶ
745 491 1027 562 ἄνθρωπος
1067 490 1158 545 τὸν
1199 490 1423 563 πλησίον
1458 490 1640 545 αὑτοῦ.
1678 491 1837 555 Πόλις

272 588 363 640 ἐπὶ
388 586 561 650 πόλιν,
595 584 688 638 καὶ
716 583 877 654 νόμος
899 582 992 635 ἐπὶ
1017 581 1177 654 νόμον
1193 600 1206 613 ’
1238 583 1331 636 καὶ
1351 582 1751 655 ταραχθήσεται
1777 583 1838 636 τὸ

273 677 489 748 ⁴πνεῦμα
534 676 643 729 τῶν
684 673 992 743 Αἰγυπτίων
1037 676 1094 726 ἐν
1131 672 1330 737 αὐτοῖς.
1366 673 1476 726 Καὶ
1517 672 1613 745 τὴν
1646 673 1836 743 βουλὴν

271 768 450 825 αὐτῶν
496 768 848 822 διασκεδάσω.
896 767 1005 819 Καὶ
1052 766 1457 836 ἐπερωτήσουσι
1504 766 1628 827 τοὺς
1682 764 1836 828 Θεοὺς

270 857 470 923 αὐτῶν,
501 859 594 915 καὶ
620 856 688 910 τὰ
720 856 1008 927 ἀγάλματα
1036 853 1233 920 αὐτῶν,
1261 855 1354 907 καὶ
1379 856 1504 917 τοὺς
1527 857 1590 907 ἐκ
1612 854 1711 924 τῆς
1734 855 1835 924 γῆς

271 951 598 1021 φωνοῦντας,
627 950 721 1003 καὶ
744 950 868 1011 τοὺς
893 946 1381 1018 ἐγγαστριμύθους,
1405 949 1499 1002 καὶ
1532 932 1835 1021 παραδώσω

270 1044 541 1110 Αἴγυπτον
588 1044 667 1105 εἰς
715 1044 901 1112 χεῖρας
948 1040 1249 1113 ἀνθρώπων
1306 1044 1528 1113 κυρίων,
1563 1041 1830 1113 σκληρῶν,

269 1133 362 1187 καὶ
392 1133 631 1203 βασιλεῖς
673 1132 895 1202 σκληροὶ
927 1133 1301 1204 κυριεύσουσιν
1331 1134 1530 1197 αὐτῶν,
1566 1153 1584 1187 r
1633 1136 1727 1188 καί
1766 1135 1835 1189 τὰ

265 1224 475 1288 τούτοις
526 1225 672 1295 ἑξῆς.
708 1226 815 1278 Καὶ
860 1224 957 1279 νῦν
1003 1226 1093 1279 τὸν
1131 1226 1380 1298 δεύτερον
1423 1226 1561 1298 μετὰ
1591 1227 1681 1279 τὸν
1726 1228 1845 1280 τῶν

264 1314 400 1368 ὅλων
427 1315 559 1367 Θεὸν
587 1315 680 1369 καὶ
709 1316 931 1387 Κύριον,
952 1318 1112 1372 αὐτὸν
1140 1319 1202 1391 δὴ
1223 1320 1316 1373 τοῦ
1340 1319 1472 1373 Θεοῦ
1495 1320 1663 1389 Λόγον
1685 1320 1833 1391 ἥξειν

264 1406 347 1469 εἰς
396 1406 684 1473 Αἴγυπτον,
719 1408 752 1477 ἡ
796 1407 1044 1479 παροῦσα
1076 1411 1381 1482 προφητεία
1422 1410 1694 1482 σημαίνει,
1737 1412 1831 1464 καὶ

262 1495 419 1566 ἥξειν
445 1498 538 1551 οὐκ
564 1498 801 1567 ἀφανῶς,
831 1501 938 1554 οὐδ’
964 1501 1228 1573 ἀοράτως,
1259 1503 1364 1556 οὐδ’
1397 1503 1522 1557 ἄνευ
1560 1504 1704 1567 τινὸς
1730 1521 1832 1556 σω-

263 1591 504 1662 ματικῆς
545 1592 850 1663 περιδολῆς,
901 1594 1015 1646 ἀλλ’
1044 1595 1134 1648 ἐπὶ
1173 1594 1401 1665 νεφέλης
1438 1593 1644 1666 κούφης
1680 1594 1833 1665 ὀχού-

1938 402 2087 467 geret
2126 395 2289 449 homo
2334 402 2522 449 contra
2555 392 2775 447 fratrem
2809 408 2989 456 suum,
3025 399 3077 446 et
3114 391 3278 445 homo
3309 397 3500 447 contra

1940 490 2244 560 proximum
2278 503 2457 543 suum.
2488 485 2694 539 Civitas
2725 484 2989 539 adversus
3016 478 3314 547 civitatem,
3338 490 3389 539 et
3412 483 3499 538 lex

1938 579 2201 635 adversus
2232 578 2424 648 legem,
2452 584 2503 631 et
2529 574 2948 629 conturbabitur
2970 576 3195 646 spiritus
3214 572 3499 646 Egyptio-

1937 687 2058 725 rum
2087 674 2139 725 in
2172 670 2272 734 eis,
2303 677 2357 723 et
2382 667 2666 723 consilium
2695 682 2886 720 eorum
2915 667 3216 738 dissipabo,
3250 676 3304 721 et
3333 669 3498 722 inter-

1938 763 2209 832 rogabunt
2250 760 2383 814 deos
2409 773 2560 824 suos,
2603 764 2657 812 et
2691 758 2981 813 simulacra
3038 774 3155 824 sua,
3197 768 3251 813 et
3280 773 3373 813 eos
3404 758 3495 829 qui

1937 852 2003 908 de
2036 860 2180 909 terra
2217 867 2404 906 vocem
2453 850 2727 914 emittunt,
2764 860 2819 906 et
2870 851 3158 922 pythones,
3188 858 3241 906 et
3286 849 3499 904 tradam

1940 944 2230 1017 [Egyptum
2260 944 2311 997 in
2337 957 2530 995 manus
2558 943 2835 997 hominum
2871 943 3239 1009 dominorum,
3277 957 3499 1010 aspero-

1936 1044 2147 1099 rum,et
2171 1052 2325 1107 reges
2353 1038 2529 1107 asperi
2547 1035 2967 1091 dominabuntur
2981 1035 3063 1090 eis
3092 1036 3157 1101 η,
3187 1053 3207 1087 ι
3246 1034 3410 1107 296
3445 1043 3499 1088 et

1935 1144 2055 1199 quae
2106 1135 2430 1199 sequuntur.
2482 1128 2659 1183 Etiam
2707 1144 2854 1182 nunc
2903 1126 3069 1181 Deum
3100 1134 3153 1182 et
3184 1125 3510 1191 Dominum,

1937 1224 2113 1292 ipsum
2147 1223 2333 1292 utique
2381 1221 2476 1277 Dei
2520 1220 2781 1285 Verbum,
2838 1219 3040 1274 iturunr
3095 1219 3151 1274 in
3202 1217 3497 1290 Egyptum

1936 1330 2179 1386 praisens
2208 1314 2490 1385 prophetia
2514 1312 2804 1384 signiﬁcat,
2836 1320 2888 1365 et
2911 1312 3111 1366 iturum
3137 1327 3244 1366 non
3268 1310 3500 1365 obscure

1934 1422 2113 1476 neque
2143 1407 2514 1471 invisibiliter,
2552 1421 2727 1475 neque
2760 1405 2876 1460 sine
2906 1404 3173 1474 corporali
3205 1402 3387 1473 aliquo
3416 1404 3499 1456 in-

1933 1499 2214 1561 dumento,
2249 1499 2343 1553 sed
2392 1498 2496 1552 levi
2538 1498 2682 1552 nube
2733 1505 2966 1565 vectum,
3000 1514 3062 1550 ac
3114 1499 3296 1567 potius
3337 1511 3500 1566 super

1934 1592 2299 1647 crassitudine
2321 1591 2444 1646 levi.
2482 1589 2570 1645 Sic
2593 1591 2734 1645 enim
2768 1590 2967 1645 habere
2996 1591 3145 1644 aiunt
3174 1588 3497 1645 Hebraicam

266 1700 449 1754 μενον,
494 1684 690 1755 μᾶλλον
734 1685 791 1738 δὲ
839 1687 931 1739 ἐπὶ
980 1686 1183 1756 πάχους
1235 1685 1490 1759 ἐλαφροῦ.
1526 1686 1681 1740 Οῦτω
1725 1686 1822 1759 γὰρ

1934 1700 2142 1740 vocem.
2172 1684 2364 1738 Dicant
2391 1700 2518 1754 ergo
2553 1682 2759 1739 Hebraei
2784 1683 3001 1752 quando
3026 1692 3150 1754 post
3179 1683 3330 1737 lsaiae
3360 1691 3496 1739 tem--

262 1774 406 1845 ἔχειν
456 1776 588 1845 φασί
639 1775 736 1848 τὴν
777 1776 1042 1849 Ἐϐραίων
1088 1781 1289 1850 φωνήν.
1340 1779 1659 1848 Λεγέτωσαν
1697 1780 1831 1849 δῆτα

274 1865 539 1937 Ἑϐραίων
573 1866 780 1931 παῖδες,
819 1869 945 1923 πότε
978 1870 1114 1941 μετὰ
1137 1872 1262 1933 τοὺς
1305 1872 1522 1925 Ἡσαΐου
1553 1872 1778 1943 χρόνους
1802 1874 1830 1924 6

260 1958 463 2031 Κύριος
501 1961 816 2029 Αἰγυπτίοις
855 1962 1239 2035 ἐπιδεδήμηκε,
1275 1965 1367 2017 καὶ
1401 1968 1549 2029 ποῖος
1586 1965 1787 2038 Κύριος
1811 1982 1824 1995 ·

257 2046 335 2114 εἷς
367 2051 479 2122 γὰρ
504 2054 533 2105 6
557 2053 648 2105 ἐπὶ
682 2053 897 2107 πάντων
923 2054 1054 2118 Θεός
1070 2072 1082 2085 ’
1108 2058 1199 2108 καί
1227 2057 1343 2121 πῶς
1368 2058 1459 2117 ἐπὶ
1482 2059 1687 2129 πάχους
1709 2058 1829 2113 ἐλα-

255 2140 396 2212 φροῦ
424 2136 577 2206 οὗτος
604 2143 911 2216 ἐποχεῖσθαι
934 2146 1167 2214 λέγεται,
1190 2147 1284 2202 καὶ
1316 2148 1593 2221 τροπικῶς
1618 2149 1830 2205 ἐπιϐαί-

255 2250 368 2286 νειν
401 2233 557 2305 μέρει
594 2237 701 2289 τινὶ
748 2235 847 2306 τῆς
894 2239 1016 2309 γῆς.
1036 2240 1515 2312 Ἑρμηνευέτωσαν
1546 2242 1601 2297 δὲ
1647 2245 1740 2297 καὶ
1768 2244 1830 2297 τὸ

253 2324 433 2393 πάχος
484 2322 750 2395 ἐλαφρὸν,
778 2330 830 2383 τί
882 2347 1012 2383 ποτε
1065 2330 1173 2401 ἄρα
1222 2332 1372 2397 ἐστὶ,
1405 2334 1497 2386 καὶ
1536 2331 1625 2385 διὰ
1660 2333 1713 2386 τί
1755 2332 1828 2404 μὴ

252 2414 383 2471 ὄνευ
407 2416 596 2469 τούτου
619 2418 831 2488 λέγεται
858 2423 884 2475 6
914 2420 1116 2494 Κύριος
1143 2422 1428 2494 ἐπιδημεῖν
1450 2426 1515 2495 τῇ
1544 2423 1823 2495 Αἰγύπτῳ·

252 2508 386 2562 πότε
426 2508 482 2562 δέ
509 2512 597 2563 καὶ
624 2512 913 2583 ἱστορεῖται
956 2513 1024 2567 τὰ
1052 2516 1109 2568 ἐν
1138 2517 1201 2585 τῇ
1234 2516 1537 2586 προφητείᾳ
1562 2517 1828 2587 εἰρημένα

249 2602 440 2665 τέλους
458 2605 833 2675 τετυχηκέναι,
858 2605 917 2659 τὸ
945 2606 1242 2678 σεισθῆναι,
1270 2608 1430 2675 λέγω,
1457 2608 1524 2662 τὰ
1546 2608 1736 2662 εἴδωλα
1758 2608 1829 2664 τὰ

249 2693 601 2765 χειροποίητα
631 2696 928 2763 Αἰγύπτου,
960 2698 1051 2750 καὶ
1076 2696 1135 2750 τὸ
1160 2698 1487 2766 Αἰγυπτίους
1510 2700 1828 2769 Αἰγυπτίοις

250 2785 579 2857 πολεμῆσαι,
613 2786 700 2840 διὰ
722 2788 818 2858 τὴν
841 2787 932 2841 τοῦ
957 2788 1157 2860 Κυρίου
1178 2791 1257 2853 είς
1284 2790 1601 2863 ἀνθρώπους
1623 2809 1827 2865 παρου-

253 2877 375 2930 σίαν
395 2895 409 2907 ο
438 2878 533 2931 καὶ
570 2880 694 2943 τοὺς
735 2879 889 2944 Θεοὺς
930 2880 1131 2947 αὐτῶν,
1162 2881 1362 2954 δηλαδὴ
1393 2885 1518 2948 τοὺς
1546 2884 1824 2956 δαίμονας,

250 2969 425 3024 πολλὰ
453 2971 516 3024 τὸ
548 2970 774 3026 παλαιὸν
815 2972 1164 3047 δυναμένους.
1197 2975 1393 3047 μηκέτι
1435 2977 1658 3048 ἰσχύειν,
1691 2978 1824 3050 μηδέ

252 3063 648 3134 ἀποκρίνασθαι
695 3068 809 3131 τοῖς
857 3067 1196 3139 ἐπερωτῶσι,
1234 3068 1323 3124 διὰ
1369 3069 1429 3124 τὸ
1475 3070 1568 3124 τοῦ
1616 3072 1823 3144 Κυρίου

250 3156 409 3218 δέος·
438 3161 515 3220 εἰς
546 3162 735 3230 χεῖρας
758 3159 815 3213 δὲ
847 3161 1015 3214 ποίων
1045 3162 1246 3230 κυρίων
1272 3162 1542 3234 σκληρῶν,
1575 3164 1742 3220 ποίων
1767 3164 1824 3218 δέ

252 3244 518 3315 βασιλέων
549 3249 689 3319 μετὰ
714 3249 811 3320 τὴν
846 3248 1239 3322 θεσπιζομένην
1264 3252 1358 3305 τοῦ
1385 3253 1590 3324 Κυρίου
1622 3270 1823 3324 παρου-

252 3338 372 3393 σίαν
420 3340 688 3412 παρεδόθη
727 3344 1028 3412 Αῐγυπτος·
1078 3343 1173 3397 καὶ
1196 3342 1288 3397 διὰ
1306 3343 1360 3397 τί
1384 3343 1587 3416 Κυρίου
1621 3345 1822 3416 παρόν-

248 3447 339 3495 τος
371 3431 628 3503 σκληροῖς
655 3433 881 3505 ἄρχουσι
913 3434 1330 3507 παραδίδονται’
1365 3436 1456 3489 καὶ
1482 3434 1549 3490 τὰ
1580 3435 1740 3491 λοιπὰ
1766 3437 1823 3490 δέ

249 3524 461 3588 τούτοις
510 3527 904 3598 παραπλησίως
958 3529 989 3581 6
1043 3528 1363 3601 βουλόμενος
1412 3530 1818 3603 ἑρμηνευσάτω.

259 3614 454 3686 Ἡμεῖς
484 3615 593 3688 γὰρ
635 3618 734 3671 οὐκ
766 3617 943 3682 ἄλλως
978 3619 1151 3673 ταῦτά
1188 3638 1365 3692 φαμεν
1411 3623 1819 3696 συνίστασθαιῆ

247 3707 333 3760 διὰ
364 3708 536 3780 μόνης
570 3709 667 3779 τῆς
699 3708 793 3763 τοῦ
828 3710 1076 3784 Σωτῆρος
1102 3711 1258 3784 ἡμῶν
1287 3713 1458 3785 Ἰησοῦ
1481 3714 1715 3787 Χριστοῦ
1742 3716 1821 3781 εἰς

245 3800 569 3872 ἀνθρώπους
613 3804 949 3872 ἐπιφανείας.
985 3799 1151 3868 Οὗτος
1200 3805 1309 3877 γὰρ
1349 3806 1482 3860 Θεοῦ
1513 3808 1683 3878 Λόγος
1723 3808 1816 3876 ὢν,

246 3895 336 3947 καὶ
363 3895 502 3947 Θεοῦ
532 3894 758 3966 δύναμις
788 3897 930 3950 κατὰ
962 3898 1221 3961 διάνοιαν.
1256 3900 1347 3953 καὶ
1374 3900 1510 3972 πρὸς
1535 3901 1676 3966 λέξιν
1707 3904 1821 3956 ἐπι-

243 3987 495 4057 δημήσας
541 3991 605 4059 τῇ
652 3989 961 4057 Αἰγυπτίων
1003 3989 1155 4062 χώρᾳ
1183 3991 1268 4045 διὰ
1318 3992 1543 4065 νεφέλης
1588 3993 1815 4064 κούφης,

244 4081 486 4153 ἐπλήρου
524 4082 592 4134 τὰ
622 4084 1096 4154 προηγορευμένα.
1131 4084 1376 4155 Νεφέλην
1404 4086 1460 4139 δέ
1489 4086 1694 4157 κούφην
1721 4086 1817 4139 άλ-

244 4172 554 4242 ληγορικῶς
581 4173 833 4244 ὀνομάζει
862 4173 960 4246 τὴν
987 4176 1054 4229 δι’
1079 4170 1141 4231 οὗ
1174 4177 1429 4248 ἀνείληφε
1470 4178 1717 4250 σώματος
1754 4181 1818 4231 ἐκ

246 4264 523 4335 Παρθένου
578 4266 670 4318 καὶ
730 4266 884 4335 ἁγίου
940 4266 1251 4338 Πνεύματος
1296 4269 1587 4341 ἐπιδημίαν
1628 4270 1812 4335 αὐτοῦ,

1935 1793 2067 1848 pora
2103 1776 2365 1831 Dominus
2397 1777 2538 1846 apud
2572 1776 2857 1847 Egyptios
2904 1777 2973 1830 sit
3005 1785 3257 1832 versatus
3285 1785 3338 1831 et
3372 1776 3498 1847 quis

1931 1866 2215 1929 Dominus,
2245 1883 2384 1921 unus
2416 1875 2497 1921 est
2518 1867 2659 1921 enim
2684 1882 2972 1936 supremus
3000 1866 3162 1930 Deus,
3188 1875 3241 1922 et
3260 1883 3494 1938 quonam

1932 1964 2091 2027 pacto
2117 1972 2282 2027 super
2313 1957 2677 2010 crassitudine
2709 1956 2809 2010 levi
2845 1956 2934 2010 hic
2981 1956 3228 2012 invectus
3264 1974 3386 2014 esse
3409 1958 3496 2013 di-

1930 2059 2106 2113 catur,
2137 2057 2190 2104 et
2224 2048 2606 2119 particularem
2638 2050 2873 2118 aliquem
2908 2049 3089 2103 locum
3121 2057 3279 2104 terra:
3305 2064 3497 2106 ascen-

1932 2139 2099 2195 disse.
2123 2136 2552 2208 Interpretentur
2580 2147 2839 2208 praeterea
2860 2138 3280 2193 crassitudinem
3300 2140 3495 2204 levem,

1931 2232 2061 2303 quid
2117 2231 2336 2287 tandem
2389 2247 2451 2287 ea
2518 2232 2643 2293 sit;
2685 2239 2742 2285 et
2806 2232 3156 2302 quamobrem
3223 2248 3332 2285 non
3378 2232 3497 2287 sine

1930 2325 2052 2390 hac,
2084 2324 2301 2380 dicatur
2322 2323 2586 2379 Dominus
2608 2325 2812 2380 versari
2832 2326 2887 2379 in
2916 2323 3170 2395 Egypto.
3198 2322 3261 2377 Et
3278 2325 3499 2393 quando

1930 2415 2205 2470 memoria:
2250 2414 2527 2485 proditum
2560 2413 2652 2478 sit,
2688 2429 2771 2476 ea,
2810 2428 2933 2483 qua:
2980 2413 3034 2466 in
3079 2412 3180 2466 hac
3212 2412 3495 2482 prophetia

1930 2506 2307 2572 continentur,
2351 2508 2510 2561 [inerti
2545 2507 2877 2576 contigisse:
2925 2512 3197 2559 commota
3229 2519 3371 2569 esse,
3409 2502 3495 2559 in-

1929 2615 2114 2671 quam,
2143 2600 2435 2655 simulacra
2484 2598 2794 2653 manufacta
2836 2597 3074 2669 Egypti,
3118 2606 3169 2653 et
3210 2596 3495 2673 Egyptios

1928 2669 2052 2749 cum
2092 2691 2364 2764 Egyptiis
2405 2705 2696 2761 pugnasse.
2738 2698 2959 2760 propter
3010 2688 3225 2742 Domini
3265 2688 3332 2742 ad
3393 2669 3491 2741 lio-
3560 2669 3571 2679 ’

1928 2787 2106 2842 mines
2144 2784 2456 2848 adventum,
2500 2792 2554 2839 et
2585 2784 2714 2838 deos
2752 2784 2992 2847 illorum,
3030 2782 3306 2835 daemones
3345 2777 3493 2832 vidc-

1929 2879 2073 2942 licet,
2129 2878 2221 2948 qui
2282 2877 2511 2931 multum
2564 2876 2716 2946 prius
2771 2874 3043 2936 valebant,
3081 2873 3214 2927 nihil
3255 2871 3491 2941 ampliul

1929 2985 2111 3040 posse,
2176 2985 2352 3040 neque
2404 2970 2734 3039 respondere
2784 2966 3212 3029 sciscitantibus,
3266 2972 3489 3036 propter

1926 3060 2143 3117 Domini
2176 3060 2454 3123 timorem,
2508 3068 2561 3113 et
2600 3060 2656 3113 in
2709 3074 2942 3130 quorum
2973 3057 3319 3112 dominorum
3373 3072 3489 3111 ma-

1936 3169 2061 3217 nus,
2095 3153 2187 3224 qui
2218 3154 2398 3223 asperi
2428 3154 2757 3215 exstiterint,
2786 3166 3087 3221 quorumve
3118 3165 3326 3220 regum,
3369 3159 3494 3221 post

1923 3262 2045 3309 eum
2078 3247 2170 3315 qui
2202 3246 2290 3300 hic
2312 3246 2526 3299 canitur
2565 3243 2777 3298 Domini
2824 3244 3138 3306 adventum,
3171 3243 3370 3297 tradita
3416 3242 3491 3298 sit

1921 3338 2207 3411 Egyptus.
2244 3338 2310 3391 Et
2338 3338 2709 3408 quamobrem,
2755 3336 2982 3390 Domino
3018 3344 3304 3406 praesente,
3338 3336 3490 3404 prin-

1922 3432 2137 3503 cipibus
2166 3430 2375 3501 asperis
2406 3429 2721 3483 tradantur:
2745 3436 2799 3482 et
2834 3429 3041 3498 reliqua
3067 3428 3252 3483 eadem
3280 3432 3489 3487 ratione

1921 3542 2043 3581 cum
2081 3526 2148 3581 iis
2194 3540 2317 3596 qua:
2364 3525 2509 3579 dicta
2536 3530 2684 3586 sunt,
2740 3522 2832 3591 qui
2881 3522 3026 3588 velit,
3074 3522 3482 3591 interpretetur.

1922 3616 2033 3674 Nos
2071 3618 2218 3673 enim
2242 3631 2351 3671 non
2381 3616 2515 3671 alias
2555 3616 2668 3668 haec
2703 3612 2937 3669 dicimus
2975 3614 3274 3675 exstitisse,
3322 3628 3485 3682 quam

1921 3710 2025 3765 sub
2054 3724 2225 3765 unum
2260 3708 2527 3764 duntaxat
2567 3704 2864 3760 Salvatoris
2891 3705 3063 3759 nostri
3103 3704 3233 3761 Jesu
3280 3704 3485 3759 Christi

1921 3803 1989 3858 ad
2022 3802 2271 3857 homines
2311 3801 2623 3855 adventum.
2665 3796 2765 3852 llic
2787 3797 2931 3851 enim
2962 3812 3084 3851 cum
3124 3795 3218 3850 Dei
3245 3795 3484 3851 Verbum

1920 3896 2012 3959 sit,
2042 3902 2097 3951 et
2144 3893 2238 3949 Dei
2260 3894 2455 3955 virtus,
2515 3902 2621 3946 tam
2659 3892 2705 3947 si
2747 3890 2813 3945 ad
2865 3905 3087 3944 sensum
3135 3904 3297 3959 quam
3330 3890 3376 3944 si
3414 3885 3484 3943 ad

1911 3991 2134 4044 verbum
2186 3986 2445 4055 accipias,
2471 3991 2721 4039 versatus
2759 3983 2811 4036 in
2855 3982 3072 4052 regione
3102 3980 3482 4052 JEgyptiorum

1919 4094 2015 4150 per
2042 4079 2238 4134 nubem
2270 4080 2465 4143 levem,
2496 4075 2791 4146 complevit
2821 4090 2883 4129 ea
2916 4089 3034 4144 qum
3075 4074 3333 4143 praedicta
3360 4073 3479 4127 fue-

1916 4181 2059 4225 rant.
2114 4168 2322 4224 Nubem
2352 4182 2481 4224 vero
2509 4168 2678 4222 levem
2716 4164 2941 4236 ﬁgurate
2967 4166 3212 4219 nominat
3241 4179 3483 4219 commo-

1916 4265 2185 4318 rationem
2230 4262 2351 4332 ejus
2377 4263 2520 4316 inter
2548 4258 2821 4320 homines,
2850 4273 2955 4326 qua
2985 4272 3081 4325 per
3094 4266 3308 4326 'corpus
3335 4258 3481 4327 quod

240 4354 529 4426 ὡσπεροῦν
565 4358 597 4425 ή
640 4356 901 4425 Ἐϐραίων
928 4360 1133 4430 γραφή.
1173 4361 1281 4414 Καὶ
1322 4362 1351 4412 6
1394 4362 1620 4425 Ἀκύλας
1650 4362 1815 4432 σαφέ-

1925 4356 1985 4411 de
2016 4353 2237 4425 Virgine
2280 4363 2335 4409 et
2367 4353 2572 4425 Spiritu
2619 4362 2810 4409 sancto
2850 4350 3171 4418 assumpsit,
3204 4364 3336 4405 usus
3368 4357 3480 4414 est,

240 4464 435 4519 στερον
476 4448 693 4519 ᾐνίξατο
734 4449 902 4503 εἰπών
924 4468 937 4481 ·
982 4472 999 4502 (
1025 4452 1151 4505 Ἰδοὺ
1185 4454 1386 4525 Κύριος
1425 4455 1687 4508 ἐπιϐαίνει
1720 4456 1812 4509 ἐπὶ

239 4541 417 4610 πάχος
458 4541 710 4612 ἐλαφρὸν,
742 4544 836 4595 καὶ
872 4542 1088 4615 ἔρχεται
1122 4546 1210 4598 ἐπ’
1237 4545 1539 4614 Λίγυιιιυτον⁸
1584 4566 1602 4599 r
1641 4548 1810 4619 πάχος

239 4633 495 4705 ἐλαφρὸν,
510 4634 572 4687 τὸ
613 4633 672 4698 ἐξ
715 4634 869 4702 ἁγίου
896 4635 1209 4707 Πνεύματος
1238 4640 1396 4710 σῶμα
1443 4642 1814 4712 προσαγορεύ-

240 4740 362 4787 σας.
392 4727 501 4779 Καὶ
544 4725 700 4779 τοῦτο
734 4726 1019 4798 τοιγαροῦν
1052 4728 1111 4781 τὸ
1146 4728 1245 4799 τῆς
1282 4731 1612 4803 προφητείας
1649 4732 1812 4805 μέρος

237 4818 377 4890 πρὸς
422 4816 563 4881 λέξιν
608 4817 791 4881 τέλους
848 4817 1157 4888 ἐτύγχανεν,
1191 4820 1277 4873 ὅτε
1328 4822 1553 4889 ἄγγελος
1602 4823 1806 4894 Κυρίου

233 4910 373 4981 ὗναρ
416 4910 693 4977 ἐπιφανεὶς
732 4906 855 4963 εἷπε
896 4910 974 4982 τῷ
1014 4912 1236 4983 Ἰωσήφ·
1271 4932 1289 4964 ι
1314 4914 1584 4985 Ἐγερθεὶς
1634 4918 1810 4987 παρά-

235 5001 370 5055 λαϐε
410 5003 471 5054 τὸ
515 5002 744 5068 παιδίον,
775 5002 870 5056 καὶ
917 5002 1015 5074 τὴν
1046 5005 1253 5077 μητέρα
1283 5004 1467 5069 αὑτοῦ,
1502 5008 1596 5060 καὶ
1640 5007 1807 5078 φεῦγε

235 5096 323 5157 εἰς
375 5094 647 5163 Αἴγυπτον
674 5135 689 5159 ,
741 5096 836 5150 καὶ
889 5095 997 5150 ἴσθι
1054 5099 1170 5150 ἐκεῖ
1214 5098 1317 5162 ἕως
1357 5098 1424 5153 ἂν
1477 5100 1615 5154 εἴπω
1649 5119 1749 5157 σοι.
1782 5121 1803 5156 r

236 5186 375 5240 Τότε
409 5185 539 5255 γοῦν
572 5187 732 5251 αὐτὸς
763 5189 792 5240 6
831 5188 1033 5260 Κύριος
1066 5191 1096 5243 6
1140 5190 1270 5254 Θεὸς
1314 5190 1482 5260 Λόγος
1518 5194 1804 5265 ἐπιπαρὼν

232 5280 303 5348 τῇ
336 5277 432 5329 τοῦ
467 5278 652 5341 παιδος
691 5279 893 5350 ἡλικίᾳ,
937 5280 1031 5333 καὶ
1064 5280 1121 5333 ἐν
1152 5283 1216 5351 τῇ
1263 5282 1517 5336 συστάσει
1549 5284 1711 5338 αὐτοῦ
1744 5286 1803 5353 ἐξ

230 5371 400 5437 ἁγίας
432 5370 723 5440 Παρθένου,
753 5374 912 5441 σαρκὶ
950 5372 1146 5443 παχείᾳ⁸
1179 5374 1278 5443 μὲν
1322 5373 1455 5447 οὔσῃ
1486 5375 1573 5429 διὰ
1604 5376 1662 5430 τὸ
1705 5378 1802 5448 τῆς

232 5460 558 5535 σωματικῆς
617 5459 748 5529 ῦλης
790 5462 1093 5513 ἀντίτυπον·
1143 5460 1349 5533 ἐλαφρᾷ
1394 5462 1451 5515 δὲ
1497 5464 1655 5520 πάλιν
1717 5466 1802 5519 διὰ

276 5616 352 5675 .¹³
381 5613 486 5671 lsa.
527 5630 638 5682 ιιι,
682 5614 796 5670 1-4.
873 5615 916 5646 ¹⁶
950 5613 1158 5690 Matth.‘
1184 5631 1245 5685 tr,
1293 5617 1377 5673 l5.

1916 4448 2175 4503 nimirum
2233 4445 2689 4516 quemadmodum
2736 4444 3087 4501 Hebraeorum
3138 4441 3298 4496 habet
3341 4442 3480 4497 scri-

1918 4549 2099 4611 ptura,
2156 4547 2211 4594 et
2250 4537 2443 4607 Aquila
2494 4535 2709 4606 planius
2750 4532 3100 4605 signiﬁcavit,
3133 4545 3268 4587 ’cum
3310 4532 3477 4586 dixit:

1923 4651 1940 4684 ι
1969 4630 2107 4687 Ecce
2123 4629 2385 4684 Dominus
2403 4628 2650 4682 ascendit
2666 4644 2728 4683 su
2738 4645 2831 4698 per
2846 4626 3266 4681 crassitudinem
3286 4626 3475 4688 levem,

1914 4733 1968 4780 et
1994 4723 2144 4780 venit
2184 4723 2241 4779 in
2267 4722 2594 4793 Egyptum:
2624 4740 2642 4772 ι
2692 4718 3117 4774 crassitudinem
3149 4719 3339 4782 levem,
3364 4732 3480 4771 cor-

1918 4829 2020 4885 pus
2048 4814 2115 4869 de
2154 4812 2361 4882 Spiritu
2392 4820 2582 4868 sancto
2610 4818 2938 4879 conceptum
2968 4810 3271 4879 appellans.
3309 4806 3481 4878 Igitur

1911 4907 2078 4964 etiam
2109 4906 2227 4977 ipsa
2250 4906 2365 4961 haec
2394 4906 2688 4978 prophetia:
2716 4904 2983 4974 particula
3013 4902 3081 4957 ad
3106 4904 3330 4957 verbum
3354 4902 3475 4957 exi-

1912 5010 2026 5057 tum
2080 5002 2273 5057 sortita
2302 5008 2407 5067 est,
2458 5016 2566 5070 quo
2598 5010 2840 5072 tempore
2873 4999 3105 5070 angelus
3152 4996 3366 5052 Domini
3419 4996 3475 5051 in

1911 5095 2121 5152 somnis
2151 5095 2303 5151 visus
2349 5093 2451 5164 ipsi
2483 5093 2685 5164 Joseph
2728 5094 2902 5148 dixit:
2962 5111 2980 5145 ι
3006 5092 3247 5161 Surgens
3289 5090 3476 5160 accipe

1912 5203 2162 5260 puerum,
2210 5197 2264 5244 et
2308 5199 2538 5244 matrem
2565 5190 2708 5260 ejus,
2740 5196 2792 5244 et
2836 5186 2959 5257 fuge
2989 5188 3043 5240 in
3075 5186 3392 5258 Egyptum,
3423 5193 3475 5239 et

1900 5291 2018 5338 esto
2070 5280 2144 5339 ibi
2196 5323 2210 5349 ,
2252 5283 2426 5339 donec
2455 5283 2633 5339 dicam
2660 5282 2757 5336 tibi
2781 5282 2844 5333 “‘.
2879 5300 2897 5333 ι
2932 5280 3093 5350 297
3126 5278 3279 5334 Tunc
3309 5278 3477 5350 igitur

1910 5376 2025 5445 ipse
2057 5374 2318 5431 Dominus
2350 5376 2494 5431 Deus
2543 5375 2801 5441 Verbum,
2850 5374 3109 5444 puerilem
3139 5381 3361 5429 aetatem
3392 5373 3475 5425 in-

1915 5483 2156 5535 gressus,
2196 5477 2249 5523 et
2293 5483 2393 5524 suo
2440 5470 2676 5539 corpori,
2713 5470 2864 5542 quod
2909 5484 2970 5523 ex
3022 5474 3211 5521 sancta
3256 5463 3478 5535 Virgine
