  <div class='ocr_page' id='page_1' title='image "/cluster/home/n/w/nwhite01/storage/ocr_20150623/22/hvd.32044073501132/241.png"; bbox 0 0 3866 6202; ppageno 0'>
   <div class='ocr_carea' id='block_1_1' title="bbox 480 259 573 316">
    <p class='ocr_par' dir='ltr' id='par_1_1' title="bbox 480 259 573 316">
     <span class='ocr_line' id='line_1_1' title="bbox 480 259 573 316; baseline -0.011 0"><span class='ocrx_word' id='word_1_1' title='bbox 480 259 573 316; x_wconf 67' lang='grc' dir='ltr'>ιη</span> 
     </span>
    </p>
   </div>
   <div class='ocr_carea' id='block_1_2' title="bbox 1141 255 3036 318">
    <p class='ocr_par' dir='ltr' id='par_1_2' title="bbox 1141 255 3036 318">
     <span class='ocr_line' id='line_1_2' title="bbox 1141 255 3036 318; baseline -0.004 -2"><span class='ocrx_word' id='word_1_2' title='bbox 1141 261 1406 317; x_wconf 78' lang='lat' dir='ltr'><strong>EUSEBII</strong></span> <span class='ocrx_word' id='word_1_3' title='bbox 1437 259 1913 318; x_wconf 68' lang='lat' dir='ltr'><strong>CESARIENSIS</strong></span> <span class='ocrx_word' id='word_1_4' title='bbox 1939 261 2088 316; x_wconf 81' lang='lat' dir='ltr'><strong>OPP.</strong></span> <span class='ocrx_word' id='word_1_5' title='bbox 2130 259 2305 316; x_wconf 81' lang='lat' dir='ltr'><strong>PARS</strong></span> <span class='ocrx_word' id='word_1_6' title='bbox 2343 258 2406 315; x_wconf 83' lang='lat' dir='ltr'><strong>ll.</strong></span> <span class='ocrx_word' id='word_1_7' title='bbox 2449 291 2515 299; x_wconf 90' lang='lat'><strong>—</strong></span> <span class='ocrx_word' id='word_1_8' title='bbox 2546 255 3036 314; x_wconf 77' lang='lat' dir='ltr'><strong>APOLOGETICA.</strong></span> 
     </span>
    </p>
   </div>
   <div class='ocr_carea' id='block_1_3' title="bbox 3600 250 3712 306">
    <p class='ocr_par' dir='ltr' id='par_1_3' title="bbox 3600 250 3712 306">
     <span class='ocr_line' id='line_1_3' title="bbox 3600 250 3712 306; baseline -0.036 0"><span class='ocrx_word' id='word_1_9' title='bbox 3600 250 3712 306; x_wconf 57' lang='lat'><strong>‘7‘!</strong></span> 
     </span>
    </p>
   </div>
   <div class='ocr_carea' id='block_1_4' title="bbox 489 372 2038 455">
    <p class='ocr_par' dir='ltr' id='par_1_4' title="bbox 489 379 2032 455">
     <span class='ocr_line' id='line_1_4' title="bbox 489 379 2032 455; baseline -0.001 -19"><span class='ocrx_word' id='word_1_10' title='bbox 489 383 784 455; x_wconf 80' lang='lat' dir='ltr'><strong>acceperat,</strong></span> <span class='ocrx_word' id='word_1_11' title='bbox 818 379 1140 448; x_wconf 75' lang='lat' dir='ltr'><strong>coniunctus</strong></span> <span class='ocrx_word' id='word_1_12' title='bbox 1169 380 1336 450; x_wconf 92' lang='lat' dir='ltr'><strong>(quod</strong></span> <span class='ocrx_word' id='word_1_13' title='bbox 1367 396 1500 435; x_wconf 85' lang='lat' dir='ltr'><strong>sane</strong></span> <span class='ocrx_word' id='word_1_14' title='bbox 1529 396 1750 451; x_wconf 88' lang='lat' dir='ltr'><strong>corpus,</strong></span> <span class='ocrx_word' id='word_1_15' title='bbox 1785 397 2032 436; x_wconf 90' lang='lat' dir='ltr'><strong>crassum</strong></span> 
     </span>
    </p>
   </div>
   <div class='ocr_carea' id='block_1_5' title="bbox 2142 372 3706 455">
    <p class='ocr_par' dir='ltr' id='par_1_5' title="bbox 2142 372 3706 452">
     <span class='ocr_line' id='line_1_5' title="bbox 2142 372 3706 452; baseline -0.004 -18"><span class='ocrx_word' id='word_1_16' title='bbox 2142 381 2197 434; x_wconf 72' lang='grc' dir='ltr'>τὸ</span> <span class='ocrx_word' id='word_1_17' title='bbox 2229 379 2509 452; x_wconf 86' lang='grc' dir='ltr'>κρείττονα</span> <span class='ocrx_word' id='word_1_18' title='bbox 2542 379 2575 450; x_wconf 78' lang='grc' dir='ltr'>ἢ</span> <span class='ocrx_word' id='word_1_19' title='bbox 2611 378 2732 432; x_wconf 80' lang='grc' dir='ltr'>καθ’</span> <span class='ocrx_word' id='word_1_20' title='bbox 2770 378 2914 448; x_wconf 74' lang='grc' dir='ltr'>ἡμᾶς</span> <span class='ocrx_word' id='word_1_21' title='bbox 2949 372 3105 428; x_wconf 71' lang='grc' dir='ltr'>εἶναι.</span> <span class='ocrx_word' id='word_1_22' title='bbox 3150 372 3258 428; x_wconf 79' lang='grc' dir='ltr'><strong>Καὶ</strong></span> <span class='ocrx_word' id='word_1_23' title='bbox 3291 372 3489 447; x_wconf 75' lang='grc' dir='ltr'>νεφέλῃ</span> <span class='ocrx_word' id='word_1_24' title='bbox 3521 372 3706 450; x_wconf 72' lang='grc' dir='ltr'>κούφῃ</span> 
     </span>
    </p>
   </div>
   <div class='ocr_carea' id='block_1_6' title="bbox 487 469 2036 544">
    <p class='ocr_par' dir='ltr' id='par_1_6' title="bbox 487 469 2036 544">
     <span class='ocr_line' id='line_1_6' title="bbox 487 469 2036 544; baseline -0.004 -15"><span class='ocrx_word' id='word_1_25' title='bbox 487 473 697 544; x_wconf 85' lang='lat' dir='ltr'><strong>quidem</strong></span> <span class='ocrx_word' id='word_1_26' title='bbox 725 479 841 526; x_wconf 89' lang='lat' dir='ltr'><strong>erat</strong></span> <span class='ocrx_word' id='word_1_27' title='bbox 868 469 938 524; x_wconf 88' lang='lat' dir='ltr'><strong>ob</strong></span> <span class='ocrx_word' id='word_1_28' title='bbox 963 483 1238 539; x_wconf 71' lang='lat' dir='ltr'><strong>corporeae</strong></span> <span class='ocrx_word' id='word_1_29' title='bbox 1275 471 1511 524; x_wconf 68' lang='lat' dir='ltr'><strong>materiae</strong></span> <span class='ocrx_word' id='word_1_30' title='bbox 1562 469 1840 525; x_wconf 91' lang='lat' dir='ltr'><strong>duriorem</strong></span> <span class='ocrx_word' id='word_1_31' title='bbox 1873 479 2036 524; x_wconf 88' lang='lat' dir='ltr'><strong>natu-</strong></span> 
     </span>
    </p>
   </div>
   <div class='ocr_carea' id='block_1_7' title="bbox 486 560 2036 645">
    <p class='ocr_par' dir='ltr' id='par_1_7' title="bbox 486 560 2036 645">
     <span class='ocr_line' id='line_1_7' title="bbox 486 560 2036 645; baseline -0.002 -26"><span class='ocrx_word' id='word_1_32' title='bbox 486 578 633 631; x_wconf 77' lang='lat' dir='ltr'><strong>ram;</strong></span> <span class='ocrx_word' id='word_1_33' title='bbox 681 572 737 645; x_wconf 64' lang='lat' dir='ltr'><strong>at</strong></span> <span class='ocrx_word' id='word_1_34' title='bbox 801 576 995 615; x_wconf 86' lang='lat' dir='ltr'><strong>rursus</strong></span> <span class='ocrx_word' id='word_1_35' title='bbox 1039 560 1177 624; x_wconf 86' lang='lat' dir='ltr'><strong>leve,</strong></span> <span class='ocrx_word' id='word_1_36' title='bbox 1234 577 1299 616; x_wconf 92' lang='lat' dir='ltr'><strong>eo</strong></span> <span class='ocrx_word' id='word_1_37' title='bbox 1330 561 1474 631; x_wconf 92' lang='lat' dir='ltr'><strong>quod</strong></span> <span class='ocrx_word' id='word_1_38' title='bbox 1509 564 1854 632; x_wconf 67' lang='lat' dir='ltr'><strong>praestantius</strong></span> <span class='ocrx_word' id='word_1_39' title='bbox 1891 571 2036 618; x_wconf 90' lang='lat' dir='ltr'><strong>esset</strong></span> 
     </span>
    </p>
   </div>
   <div class='ocr_carea' id='block_1_8' title="bbox 485 653 2038 728">
    <p class='ocr_par' dir='ltr' id='par_1_8' title="bbox 485 653 2038 728">
     <span class='ocr_line' id='line_1_8' title="bbox 485 653 2038 728; baseline -0.001 -17"><span class='ocrx_word' id='word_1_40' title='bbox 485 671 642 728; x_wconf 92' lang='lat' dir='ltr'><strong>quam</strong></span> <span class='ocrx_word' id='word_1_41' title='bbox 669 669 732 710; x_wconf 89' lang='lat' dir='ltr'><strong>ea</strong></span> <span class='ocrx_word' id='word_1_42' title='bbox 761 669 880 724; x_wconf 72' lang='lat' dir='ltr'><strong>quas</strong></span> <span class='ocrx_word' id='word_1_43' title='bbox 908 653 976 708; x_wconf 89' lang='lat' dir='ltr'><strong>ad</strong></span> <span class='ocrx_word' id='word_1_44' title='bbox 1007 669 1107 708; x_wconf 91' lang='lat' dir='ltr'><strong>nos</strong></span> <span class='ocrx_word' id='word_1_45' title='bbox 1135 654 1427 723; x_wconf 90' lang='lat' dir='ltr'><strong>pertinent,</strong></span> <span class='ocrx_word' id='word_1_46' title='bbox 1458 670 1524 709; x_wconf 79' lang='lat' dir='ltr'><strong>ex</strong></span> <span class='ocrx_word' id='word_1_47' title='bbox 1558 671 1667 724; x_wconf 93' lang='lat' dir='ltr'><strong>quo</strong></span> <span class='ocrx_word' id='word_1_48' title='bbox 1695 656 1858 710; x_wconf 91' lang='lat' dir='ltr'><strong>etiam</strong></span> <span class='ocrx_word' id='word_1_49' title='bbox 1903 655 2038 710; x_wconf 76' lang='lat' dir='ltr'><strong>leris</strong></span> 
     </span>
    </p>
   </div>
   <div class='ocr_carea' id='block_1_9' title="bbox 483 746 2038 818">
    <p class='ocr_par' dir='ltr' id='par_1_9' title="bbox 483 746 2038 818">
     <span class='ocr_line' id='line_1_9' title="bbox 483 746 2038 818; baseline -0.002 -16"><span class='ocrx_word' id='word_1_50' title='bbox 483 749 657 803; x_wconf 86' lang='lat' dir='ltr'><strong>nubes</strong></span> <span class='ocrx_word' id='word_1_51' title='bbox 686 747 1020 809; x_wconf 87' lang='lat' dir='ltr'><strong>nominatur,</strong></span> <span class='ocrx_word' id='word_1_52' title='bbox 1056 756 1338 818; x_wconf 78' lang='lat' dir='ltr'><strong>propterea</strong></span> <span class='ocrx_word' id='word_1_53' title='bbox 1370 746 1514 816; x_wconf 93' lang='lat' dir='ltr'><strong>quod</strong></span> <span class='ocrx_word' id='word_1_54' title='bbox 1552 763 1658 800; x_wconf 91' lang='lat' dir='ltr'><strong>non</strong></span> <span class='ocrx_word' id='word_1_55' title='bbox 1693 762 1757 799; x_wconf 82' lang='lat' dir='ltr'><strong>ex</strong></span> <span class='ocrx_word' id='word_1_56' title='bbox 1792 747 2038 816; x_wconf 88' lang='lat' dir='ltr'><strong>volupta-</strong></span> 
     </span>
    </p>
   </div>
   <div class='ocr_carea' id='block_1_10' title="bbox 483 834 2034 906">
    <p class='ocr_par' dir='ltr' id='par_1_10' title="bbox 483 834 2034 906">
     <span class='ocr_line' id='line_1_10' title="bbox 483 834 2034 906; baseline -0.003 -12"><span class='ocrx_word' id='word_1_57' title='bbox 483 842 562 894; x_wconf 89' lang='lat' dir='ltr'><strong>ria</strong></span> <span class='ocrx_word' id='word_1_58' title='bbox 587 836 955 906; x_wconf 69' lang='lat' dir='ltr'><strong>corruptione,</strong></span> <span class='ocrx_word' id='word_1_59' title='bbox 998 837 1089 890; x_wconf 90' lang='lat' dir='ltr'><strong>sed</strong></span> <span class='ocrx_word' id='word_1_60' title='bbox 1123 836 1190 891; x_wconf 91' lang='lat' dir='ltr'><strong>de</strong></span> <span class='ocrx_word' id='word_1_61' title='bbox 1233 834 1434 906; x_wconf 88' lang='lat' dir='ltr'><strong>Spiritu</strong></span> <span class='ocrx_word' id='word_1_62' title='bbox 1480 845 1670 892; x_wconf 86' lang='lat' dir='ltr'><strong>sancto</strong></span> <span class='ocrx_word' id='word_1_63' title='bbox 1701 838 2034 906; x_wconf 88' lang='lat' dir='ltr'><strong>constabat),</strong></span> 
     </span>
    </p>
   </div>
   <div class='ocr_carea' id='block_1_11' title="bbox 2137 461 3705 538">
    <p class='ocr_par' dir='ltr' id='par_1_11' title="bbox 2137 461 3705 538">
     <span class='ocr_line' id='line_1_11' title="bbox 2137 461 3705 538; baseline -0.001 -18"><span class='ocrx_word' id='word_1_64' title='bbox 2137 468 2530 538; x_wconf 76' lang='grc' dir='ltr'>ὀνομαζομένῃ,</span> <span class='ocrx_word' id='word_1_65' title='bbox 2562 467 2648 520; x_wconf 84' lang='grc' dir='ltr'>διὰ</span> <span class='ocrx_word' id='word_1_66' title='bbox 2677 466 2740 518; x_wconf 85' lang='grc' dir='ltr'>τὸ</span> <span class='ocrx_word' id='word_1_67' title='bbox 2779 467 2850 536; x_wconf 81' lang='grc' dir='ltr'>μὴ</span> <span class='ocrx_word' id='word_1_68' title='bbox 2881 464 2942 529; x_wconf 82' lang='grc' dir='ltr'><strong>ἐξ</strong></span> <span class='ocrx_word' id='word_1_69' title='bbox 2973 461 3278 535; x_wconf 82' lang='grc' dir='ltr'>ήδυπαθοῦς</span> <span class='ocrx_word' id='word_1_70' title='bbox 3313 463 3536 534; x_wconf 79' lang='grc' dir='ltr'>φθορᾶς,</span> <span class='ocrx_word' id='word_1_71' title='bbox 3562 463 3705 518; x_wconf 81' lang='grc' dir='ltr'><strong>ἀλλά</strong></span> 
     </span>
    </p>
   </div>
   <div class='ocr_carea' id='block_1_12' title="bbox 2137 554 3702 630">
    <p class='ocr_par' dir='ltr' id='par_1_12' title="bbox 2137 554 3702 630">
     <span class='ocr_line' id='line_1_12' title="bbox 2137 554 3702 630; baseline -0.005 -16"><span class='ocrx_word' id='word_1_72' title='bbox 2137 561 2196 626; x_wconf 83' lang='grc' dir='ltr'><strong>ἐξ</strong></span> <span class='ocrx_word' id='word_1_73' title='bbox 2239 561 2392 628; x_wconf 81' lang='grc' dir='ltr'>ἁγίου</span> <span class='ocrx_word' id='word_1_74' title='bbox 2431 558 2742 630; x_wconf 87' lang='grc' dir='ltr'>Πνεύματος</span> <span class='ocrx_word' id='word_1_75' title='bbox 2789 557 3077 626; x_wconf 82' lang='grc' dir='ltr'><strong>συστῆναι,</strong></span> <span class='ocrx_word' id='word_1_76' title='bbox 3120 558 3185 626; x_wconf 85' lang='grc' dir='ltr'>τῇ</span> <span class='ocrx_word' id='word_1_77' title='bbox 3243 554 3348 608; x_wconf 84' lang='grc' dir='ltr'><strong>τῶν</strong></span> <span class='ocrx_word' id='word_1_78' title='bbox 3388 556 3702 623; x_wconf 71' lang='grc' dir='ltr'><strong>Αἰγυπτίων</strong></span> 
     </span>
    </p>
   </div>
   <div class='ocr_carea' id='block_1_13' title="bbox 2139 646 3702 721">
    <p class='ocr_par' dir='ltr' id='par_1_13' title="bbox 2139 646 3702 721">
     <span class='ocr_line' id='line_1_13' title="bbox 2139 646 3702 721; baseline -0.003 -15"><span class='ocrx_word' id='word_1_79' title='bbox 2139 653 2394 721; x_wconf 75' lang='grc' dir='ltr'><strong>ἐπιδημεῖ</strong></span> <span class='ocrx_word' id='word_1_80' title='bbox 2437 649 2606 720; x_wconf 75' lang='grc' dir='ltr'>χώρᾳ.</span> <span class='ocrx_word' id='word_1_81' title='bbox 2663 649 2728 700; x_wconf 84' lang='grc' dir='ltr'><strong><em>Ἥ</em></strong></span> <span class='ocrx_word' id='word_1_82' title='bbox 2771 647 2815 700; x_wconf 84' lang='grc' dir='ltr'><strong>δ’</strong></span> <span class='ocrx_word' id='word_1_83' title='bbox 2857 648 3003 701; x_wconf 89' lang='grc' dir='ltr'>αἰτία</span> <span class='ocrx_word' id='word_1_84' title='bbox 3047 647 3145 716; x_wconf 84' lang='grc' dir='ltr'><strong>τῆς</strong></span> <span class='ocrx_word' id='word_1_85' title='bbox 3179 647 3357 700; x_wconf 82' lang='grc' dir='ltr'>ἐκεῖσε</span> <span class='ocrx_word' id='word_1_86' title='bbox 3408 646 3702 718; x_wconf 75' lang='grc' dir='ltr'><strong>ἐπιδημίας</strong></span> 
     </span>
    </p>
   </div>
   <div class='ocr_carea' id='block_1_14' title="bbox 2139 738 3697 812">
    <p class='ocr_par' dir='ltr' id='par_1_14' title="bbox 2139 738 3697 812">
     <span class='ocr_line' id='line_1_14' title="bbox 2139 738 3697 812; baseline -0.004 -15"><span class='ocrx_word' id='word_1_87' title='bbox 2139 741 2300 797; x_wconf 79' lang='grc' dir='ltr'>αὑτοῦ</span> <span class='ocrx_word' id='word_1_88' title='bbox 2347 742 2534 796; x_wconf 88' lang='grc' dir='ltr'>τοῦτον</span> <span class='ocrx_word' id='word_1_89' title='bbox 2577 741 2688 812; x_wconf 76' lang='grc' dir='ltr'>ἔχει</span> <span class='ocrx_word' id='word_1_90' title='bbox 2744 741 2834 792; x_wconf 82' lang='grc' dir='ltr'>τὸν</span> <span class='ocrx_word' id='word_1_91' title='bbox 2885 739 3056 807; x_wconf 90' lang='grc' dir='ltr'>λόγον.</span> <span class='ocrx_word' id='word_1_92' title='bbox 3108 739 3260 791; x_wconf 73' lang='grc' dir='ltr'>Ἐπεὶ</span> <span class='ocrx_word' id='word_1_93' title='bbox 3308 738 3416 808; x_wconf 89' lang='grc' dir='ltr'><strong>γάρ</strong></span> <span class='ocrx_word' id='word_1_94' title='bbox 3454 741 3509 791; x_wconf 85' lang='grc' dir='ltr'><strong>ἐν</strong></span> <span class='ocrx_word' id='word_1_95' title='bbox 3551 739 3697 811; x_wconf 71' lang='grc' dir='ltr'>αὐτῇ</span> 
     </span>
    </p>
   </div>
   <div class='ocr_carea' id='block_1_15' title="bbox 2139 829 3702 908">
    <p class='ocr_par' dir='ltr' id='par_1_15' title="bbox 2139 829 3702 908">
     <span class='ocr_line' id='line_1_15' title="bbox 2139 829 3702 908; baseline -0.004 -20"><span class='ocrx_word' id='word_1_96' title='bbox 2139 835 2330 908; x_wconf 80' lang='grc' dir='ltr'>πρώτῃ</span> <span class='ocrx_word' id='word_1_97' title='bbox 2363 829 2626 905; x_wconf 84' lang='grc' dir='ltr'>κατάρξαι</span> <span class='ocrx_word' id='word_1_98' title='bbox 2665 833 2734 886; x_wconf 90' lang='grc' dir='ltr'><strong>τά</strong></span> <span class='ocrx_word' id='word_1_99' title='bbox 2765 832 2863 903; x_wconf 88' lang='grc' dir='ltr'><strong>τῆς</strong></span> <span class='ocrx_word' id='word_1_100' title='bbox 2894 830 3276 902; x_wconf 86' lang='grc' dir='ltr'>εἰδωλολάτρου</span> <span class='ocrx_word' id='word_1_101' title='bbox 3312 830 3514 902; x_wconf 82' lang='grc' dir='ltr'><strong>πλάνης</strong></span> <span class='ocrx_word' id='word_1_102' title='bbox 3556 848 3702 902; x_wconf 82' lang='grc' dir='ltr'>μνη-</span> 
     </span>
    </p>
   </div>
   <div class='ocr_carea' id='block_1_16' title="bbox 483 922 2038 1000">
    <p class='ocr_par' dir='ltr' id='par_1_16' title="bbox 483 925 2038 998">
     <span class='ocr_line' id='line_1_16' title="bbox 483 925 2038 998; baseline -0.001 -14"><span class='ocrx_word' id='word_1_103' title='bbox 483 932 538 984; x_wconf 91' lang='lat' dir='ltr'><strong>in</strong></span> <span class='ocrx_word' id='word_1_104' title='bbox 572 937 715 983; x_wconf 85' lang='lat' dir='ltr'><strong>terra</strong></span> <span class='ocrx_word' id='word_1_105' title='bbox 747 925 1125 998; x_wconf 67' lang='lat' dir='ltr'><strong>Egyptiorum</strong></span> <span class='ocrx_word' id='word_1_106' title='bbox 1155 927 1489 983; x_wconf 87' lang='lat' dir='ltr'><strong>diversatur.</strong></span> <span class='ocrx_word' id='word_1_107' title='bbox 1529 928 1707 984; x_wconf 88' lang='lat' dir='ltr'><strong>Causa</strong></span> <span class='ocrx_word' id='word_1_108' title='bbox 1735 938 1912 982; x_wconf 89' lang='lat' dir='ltr'><strong>autem</strong></span> <span class='ocrx_word' id='word_1_109' title='bbox 1940 945 2038 983; x_wconf 92' lang='lat' dir='ltr'><strong>cur</strong></span> 
     </span>
    </p>
   </div>
   <div class='ocr_carea' id='block_1_17' title="bbox 2142 922 3707 1000">
    <p class='ocr_par' dir='ltr' id='par_1_17' title="bbox 2142 922 3707 1000">
     <span class='ocr_line' id='line_1_17' title="bbox 2142 922 3707 1000; baseline -0.006 -18"><span class='ocrx_word' id='word_1_110' title='bbox 2142 927 2454 1000; x_wconf 89' lang='grc' dir='ltr'>μονεύεται,</span> <span class='ocrx_word' id='word_1_111' title='bbox 2504 926 2718 980; x_wconf 78' lang='grc' dir='ltr'><strong>ἐδόκουν</strong></span> <span class='ocrx_word' id='word_1_112' title='bbox 2761 941 2818 978; x_wconf 86' lang='grc' dir='ltr'><strong>τε</strong></span> <span class='ocrx_word' id='word_1_113' title='bbox 2871 924 3082 978; x_wconf 89' lang='grc' dir='ltr'>πάντων</span> <span class='ocrx_word' id='word_1_114' title='bbox 3117 922 3416 993; x_wconf 84' lang='grc' dir='ltr'>ἀνθρώπων</span> <span class='ocrx_word' id='word_1_115' title='bbox 3465 923 3707 994; x_wconf 81' lang='grc' dir='ltr'>μάλιστα</span> 
     </span>
    </p>
   </div>
   <div class='ocr_carea' id='block_1_18' title="bbox 471 1019 2035 1086">
    <p class='ocr_par' dir='ltr' id='par_1_18' title="bbox 471 1019 2035 1086">
     <span class='ocr_line' id='line_1_18' title="bbox 471 1019 2035 1086; baseline 0.001 -14"><span class='ocrx_word' id='word_1_116' title='bbox 471 1021 608 1076; x_wconf 90' lang='lat' dir='ltr'><strong>.lluc</strong></span> <span class='ocrx_word' id='word_1_117' title='bbox 653 1021 969 1082; x_wconf 83' lang='lat' dir='ltr'><strong>accesserit,</strong></span> <span class='ocrx_word' id='word_1_118' title='bbox 1018 1019 1286 1074; x_wconf 89' lang='lat' dir='ltr'><strong>rationem</strong></span> <span class='ocrx_word' id='word_1_119' title='bbox 1349 1021 1488 1074; x_wconf 91' lang='lat' dir='ltr'><strong>hanc</strong></span> <span class='ocrx_word' id='word_1_120' title='bbox 1534 1020 1715 1076; x_wconf 85' lang='lat' dir='ltr'><strong>habet.</strong></span> <span class='ocrx_word' id='word_1_121' title='bbox 1769 1021 2035 1086; x_wconf 79' lang='lat' dir='ltr'><strong>Quoniam</strong></span> 
     </span>
    </p>
   </div>
   <div class='ocr_carea' id='block_1_19' title="bbox 483 1110 2038 1184">
    <p class='ocr_par' dir='ltr' id='par_1_19' title="bbox 483 1110 2038 1184">
     <span class='ocr_line' id='line_1_19' title="bbox 483 1110 2038 1184; baseline -0.001 -16"><span class='ocrx_word' id='word_1_122' title='bbox 483 1114 623 1168; x_wconf 89' lang='lat' dir='ltr'><strong>enim</strong></span> <span class='ocrx_word' id='word_1_123' title='bbox 653 1113 707 1167; x_wconf 93' lang='lat' dir='ltr'><strong>in</strong></span> <span class='ocrx_word' id='word_1_124' title='bbox 741 1110 973 1184; x_wconf 68' lang='lat' dir='ltr'><strong>Egvpto</strong></span> <span class='ocrx_word' id='word_1_125' title='bbox 1027 1113 1240 1166; x_wconf 91' lang='lat' dir='ltr'><strong>initium</strong></span> <span class='ocrx_word' id='word_1_126' title='bbox 1282 1112 1560 1180; x_wconf 89' lang='lat' dir='ltr'><strong>accepisse</strong></span> <span class='ocrx_word' id='word_1_127' title='bbox 1598 1128 1660 1168; x_wconf 90' lang='lat' dir='ltr'><strong>ea</strong></span> <span class='ocrx_word' id='word_1_128' title='bbox 1693 1128 1813 1182; x_wconf 75' lang='lat' dir='ltr'><strong>qua:</strong></span> <span class='ocrx_word' id='word_1_129' title='bbox 1854 1113 1918 1167; x_wconf 91' lang='lat' dir='ltr'><strong>ad</strong></span> <span class='ocrx_word' id='word_1_130' title='bbox 1951 1128 2038 1166; x_wconf 84' lang='lat' dir='ltr'><strong>er-</strong></span> 
     </span>
    </p>
   </div>
   <div class='ocr_carea' id='block_1_20' title="bbox 483 1204 2033 1274">
    <p class='ocr_par' dir='ltr' id='par_1_20' title="bbox 483 1204 2033 1274">
     <span class='ocr_line' id='line_1_20' title="bbox 483 1204 2033 1274; baseline -0.003 -14"><span class='ocrx_word' id='word_1_131' title='bbox 483 1221 658 1262; x_wconf 87' lang='lat' dir='ltr'><strong>rorem</strong></span> <span class='ocrx_word' id='word_1_132' title='bbox 699 1204 911 1259; x_wconf 89' lang='lat' dir='ltr'><strong>colendi</strong></span> <span class='ocrx_word' id='word_1_133' title='bbox 970 1205 1259 1259; x_wconf 85' lang='lat' dir='ltr'><strong>simulacra</strong></span> <span class='ocrx_word' id='word_1_134' title='bbox 1309 1206 1600 1274; x_wconf 87' lang='lat' dir='ltr'><strong>pertinent,</strong></span> <span class='ocrx_word' id='word_1_135' title='bbox 1645 1213 2033 1268; x_wconf 86' lang='lat' dir='ltr'><strong>memorantur,</strong></span> 
     </span>
    </p>
   </div>
   <div class='ocr_carea' id='block_1_21' title="bbox 482 1292 2034 1363">
    <p class='ocr_par' dir='ltr' id='par_1_21' title="bbox 482 1292 2034 1363">
     <span class='ocr_line' id='line_1_21' title="bbox 482 1292 2034 1363; baseline -0.004 -14"><span class='ocrx_word' id='word_1_136' title='bbox 482 1303 537 1350; x_wconf 89' lang='lat' dir='ltr'><strong>et</strong></span> <span class='ocrx_word' id='word_1_137' title='bbox 571 1295 897 1349; x_wconf 86' lang='lat' dir='ltr'><strong>videbantur</strong></span> <span class='ocrx_word' id='word_1_138' title='bbox 924 1297 1166 1348; x_wconf 90' lang='lat' dir='ltr'><strong>omnium</strong></span> <span class='ocrx_word' id='word_1_139' title='bbox 1199 1294 1476 1347; x_wconf 87' lang='lat' dir='ltr'><strong>hominum</strong></span> <span class='ocrx_word' id='word_1_140' title='bbox 1509 1292 2034 1363; x_wconf 89' lang='lat' dir='ltr'><strong>superstitiosissimi</strong></span> 
     </span>
    </p>
   </div>
   <div class='ocr_carea' id='block_1_22' title="bbox 482 1383 2034 1456">
    <p class='ocr_par' dir='ltr' id='par_1_22' title="bbox 482 1383 2034 1456">
     <span class='ocr_line' id='line_1_22' title="bbox 482 1383 2034 1456; baseline -0.001 -16"><span class='ocrx_word' id='word_1_141' title='bbox 482 1401 602 1440; x_wconf 89' lang='lat' dir='ltr'><strong>esse</strong></span> <span class='ocrx_word' id='word_1_142' title='bbox 633 1384 894 1456; x_wconf 67' lang='lat' dir='ltr'><strong>Egyptii,</strong></span> <span class='ocrx_word' id='word_1_143' title='bbox 922 1385 1235 1454; x_wconf 90' lang='lat' dir='ltr'><strong>inimicique</strong></span> <span class='ocrx_word' id='word_1_144' title='bbox 1275 1394 1438 1454; x_wconf 90' lang='lat' dir='ltr'><strong>atque</strong></span> <span class='ocrx_word' id='word_1_145' title='bbox 1480 1385 1664 1439; x_wconf 82' lang='lat' dir='ltr'><strong>hostes</strong></span> <span class='ocrx_word' id='word_1_146' title='bbox 1702 1384 1885 1454; x_wconf 89' lang='lat' dir='ltr'><strong>populi</strong></span> <span class='ocrx_word' id='word_1_147' title='bbox 1921 1383 2034 1450; x_wconf 91' lang='lat' dir='ltr'><strong>Dei,</strong></span> 
     </span>
    </p>
   </div>
   <div class='ocr_carea' id='block_1_23' title="bbox 483 1475 2035 1548">
    <p class='ocr_par' dir='ltr' id='par_1_23' title="bbox 483 1475 2035 1548">
     <span class='ocr_line' id='line_1_23' title="bbox 483 1475 2035 1548; baseline -0.001 -18"><span class='ocrx_word' id='word_1_148' title='bbox 483 1478 899 1548; x_wconf 90' lang='lat' dir='ltr'><strong>longissimeque</strong></span> <span class='ocrx_word' id='word_1_149' title='bbox 939 1493 968 1530; x_wconf 89' lang='lat' dir='ltr'><strong>a</strong></span> <span class='ocrx_word' id='word_1_150' title='bbox 1001 1477 1278 1547; x_wconf 78' lang='lat' dir='ltr'><strong>prophetis</strong></span> <span class='ocrx_word' id='word_1_151' title='bbox 1309 1477 1516 1539; x_wconf 83' lang='lat' dir='ltr'><strong>abesse,</strong></span> <span class='ocrx_word' id='word_1_152' title='bbox 1565 1476 1758 1529; x_wconf 88' lang='lat' dir='ltr'><strong>merito</strong></span> <span class='ocrx_word' id='word_1_153' title='bbox 1801 1475 2035 1545; x_wconf 92' lang='lat' dir='ltr'><strong>primum</strong></span> 
     </span>
    </p>
   </div>
   <div class='ocr_carea' id='block_1_24' title="bbox 483 1567 2038 1638">
    <p class='ocr_par' dir='ltr' id='par_1_24' title="bbox 483 1567 2038 1638">
     <span class='ocr_line' id='line_1_24' title="bbox 483 1567 2038 1638; baseline -0.001 -16"><span class='ocrx_word' id='word_1_154' title='bbox 483 1570 621 1638; x_wconf 80' lang='lat' dir='ltr'><strong>apud</strong></span> <span class='ocrx_word' id='word_1_155' title='bbox 665 1569 786 1623; x_wconf 89' lang='lat' dir='ltr'><strong>illos</strong></span> <span class='ocrx_word' id='word_1_156' title='bbox 834 1567 926 1622; x_wconf 89' lang='lat' dir='ltr'><strong>Dei</strong></span> <span class='ocrx_word' id='word_1_157' title='bbox 967 1570 1139 1624; x_wconf 86' lang='lat' dir='ltr'><strong>virtus</strong></span> <span class='ocrx_word' id='word_1_158' title='bbox 1181 1577 1513 1623; x_wconf 87' lang='lat' dir='ltr'><strong>commorata</strong></span> <span class='ocrx_word' id='word_1_159' title='bbox 1542 1575 1663 1622; x_wconf 86' lang='lat' dir='ltr'><strong>est:</strong></span> <span class='ocrx_word' id='word_1_160' title='bbox 1706 1577 2038 1637; x_wconf 87' lang='lat' dir='ltr'><strong>quapropter</strong></span> 
     </span>
    </p>
   </div>
   <div class='ocr_carea' id='block_1_25' title="bbox 485 1659 2034 1731">
    <p class='ocr_par' dir='ltr' id='par_1_25' title="bbox 485 1659 2034 1731">
     <span class='ocr_line' id='line_1_25' title="bbox 485 1659 2034 1731; baseline 0.001 -21"><span class='ocrx_word' id='word_1_161' title='bbox 485 1663 604 1730; x_wconf 75' lang='lat' dir='ltr'><strong>pius</strong></span> <span class='ocrx_word' id='word_1_162' title='bbox 635 1660 775 1730; x_wconf 86' lang='lat' dir='ltr'><strong>apud</strong></span> <span class='ocrx_word' id='word_1_163' title='bbox 806 1660 1111 1731; x_wconf 69' lang='lat' dir='ltr'><strong>Egyptios,</strong></span> <span class='ocrx_word' id='word_1_164' title='bbox 1148 1675 1310 1729; x_wconf 86' lang='lat' dir='ltr'><strong>quam</strong></span> <span class='ocrx_word' id='word_1_165' title='bbox 1349 1660 1489 1728; x_wconf 90' lang='lat' dir='ltr'><strong>apud</strong></span> <span class='ocrx_word' id='word_1_166' title='bbox 1534 1675 1725 1714; x_wconf 89' lang='lat' dir='ltr'><strong>omnes</strong></span> <span class='ocrx_word' id='word_1_167' title='bbox 1767 1659 1905 1713; x_wconf 88' lang='lat' dir='ltr'><strong>alios</strong></span> <span class='ocrx_word' id='word_1_168' title='bbox 1935 1660 2034 1712; x_wconf 92' lang='lat' dir='ltr'><strong>ho-</strong></span> 
     </span>
    </p>
   </div>
   <div class='ocr_carea' id='block_1_26' title="bbox 481 1751 2032 1823">
    <p class='ocr_par' dir='ltr' id='par_1_26' title="bbox 481 1751 2032 1823">
     <span class='ocr_line' id='line_1_26' title="bbox 481 1751 2032 1823; baseline -0.001 -17"><span class='ocrx_word' id='word_1_169' title='bbox 481 1752 677 1817; x_wconf 83' lang='lat' dir='ltr'><strong>mines,</strong></span> <span class='ocrx_word' id='word_1_170' title='bbox 701 1753 1027 1823; x_wconf 71' lang='lat' dir='ltr'><strong>evangelicze</strong></span> <span class='ocrx_word' id='word_1_171' title='bbox 1053 1752 1200 1805; x_wconf 91' lang='lat' dir='ltr'><strong>illius</strong></span> <span class='ocrx_word' id='word_1_172' title='bbox 1221 1751 1488 1805; x_wconf 69' lang='lat' dir='ltr'><strong>doctrinae</strong></span> <span class='ocrx_word' id='word_1_173' title='bbox 1519 1751 1741 1804; x_wconf 78' lang='lat' dir='ltr'><strong>verbum</strong></span> <span class='ocrx_word' id='word_1_174' title='bbox 1775 1752 2032 1805; x_wconf 82' lang='lat' dir='ltr'><strong>invaluit:</strong></span> 
     </span>
    </p>
   </div>
   <div class='ocr_carea' id='block_1_27' title="bbox 481 1840 2038 1913">
    <p class='ocr_par' dir='ltr' id='par_1_27' title="bbox 481 1840 2038 1913">
     <span class='ocr_line' id='line_1_27' title="bbox 481 1840 2038 1913; baseline -0.002 -16"><span class='ocrx_word' id='word_1_175' title='bbox 481 1858 549 1896; x_wconf 78' lang='lat' dir='ltr'><strong>ex</strong></span> <span class='ocrx_word' id='word_1_176' title='bbox 591 1857 700 1913; x_wconf 83' lang='lat' dir='ltr'><strong>quo</strong></span> <span class='ocrx_word' id='word_1_177' title='bbox 731 1843 908 1912; x_wconf 92' lang='lat' dir='ltr'><strong>ipsum</strong></span> <span class='ocrx_word' id='word_1_178' title='bbox 952 1840 1236 1894; x_wconf 92' lang='lat' dir='ltr'><strong>Dominum</strong></span> <span class='ocrx_word' id='word_1_179' title='bbox 1283 1841 1351 1894; x_wconf 87' lang='lat' dir='ltr'><strong>ad</strong></span> <span class='ocrx_word' id='word_1_180' title='bbox 1409 1841 1532 1896; x_wconf 91' lang='lat' dir='ltr'><strong>illos</strong></span> <span class='ocrx_word' id='word_1_181' title='bbox 1579 1856 1951 1903; x_wconf 88' lang='lat' dir='ltr'><strong>accessurum,</strong></span> <span class='ocrx_word' id='word_1_182' title='bbox 1985 1849 2038 1896; x_wconf 89' lang='lat' dir='ltr'><strong>et</strong></span> 
     </span>
    </p>
   </div>
   <div class='ocr_carea' id='block_1_28' title="bbox 483 1931 2035 2000">
    <p class='ocr_par' dir='ltr' id='par_1_28' title="bbox 483 1931 2035 2000">
     <span class='ocr_line' id='line_1_28' title="bbox 483 1931 2035 2000; baseline -0.001 -14"><span class='ocrx_word' id='word_1_183' title='bbox 483 1947 609 1987; x_wconf 85' lang='lat' dir='ltr'><strong>cum</strong></span> <span class='ocrx_word' id='word_1_184' title='bbox 647 1933 757 1988; x_wconf 79' lang='lat' dir='ltr'><strong>illis</strong></span> <span class='ocrx_word' id='word_1_185' title='bbox 804 1940 1138 1985; x_wconf 91' lang='lat' dir='ltr'><strong>moraturum</strong></span> <span class='ocrx_word' id='word_1_186' title='bbox 1181 1945 1419 2000; x_wconf 66' lang='lat' dir='ltr'><strong>praesens</strong></span> <span class='ocrx_word' id='word_1_187' title='bbox 1477 1931 1756 2000; x_wconf 86' lang='lat' dir='ltr'><strong>prophetia</strong></span> <span class='ocrx_word' id='word_1_188' title='bbox 1809 1931 2035 1985; x_wconf 82' lang='lat' dir='ltr'><strong>divinat.</strong></span> 
     </span>
    </p>
   </div>
   <div class='ocr_carea' id='block_1_29' title="bbox 481 2019 2036 2092">
    <p class='ocr_par' dir='ltr' id='par_1_29' title="bbox 481 2019 2036 2092">
     <span class='ocr_line' id='line_1_29' title="bbox 481 2019 2036 2092; baseline 0 -16"><span class='ocrx_word' id='word_1_189' title='bbox 481 2023 550 2076; x_wconf 87' lang='grc' dir='ltr'><strong>Αι</strong></span> <span class='ocrx_word' id='word_1_190' title='bbox 575 2037 682 2076; x_wconf 93' lang='lat' dir='ltr'><strong>non</strong></span> <span class='ocrx_word' id='word_1_191' title='bbox 742 2021 1023 2092; x_wconf 65' lang='lat' dir='ltr'><strong>Egyptios</strong></span> <span class='ocrx_word' id='word_1_192' title='bbox 1071 2021 1124 2074; x_wconf 92' lang='lat' dir='ltr'><strong>in</strong></span> <span class='ocrx_word' id='word_1_193' title='bbox 1158 2028 1355 2074; x_wconf 86' lang='lat' dir='ltr'><strong>terram</strong></span> <span class='ocrx_word' id='word_1_194' title='bbox 1401 2019 1710 2076; x_wconf 64' lang='lat' dir='ltr'><strong>Judaeorum</strong></span> <span class='ocrx_word' id='word_1_195' title='bbox 1755 2032 2036 2084; x_wconf 89' lang='lat' dir='ltr'><strong>venturos,</strong></span> 
     </span>
    </p>
   </div>
   <div class='ocr_carea' id='block_1_30' title="bbox 483 2111 2040 2183">
    <p class='ocr_par' dir='ltr' id='par_1_30' title="bbox 483 2111 2040 2183">
     <span class='ocr_line' id='line_1_30' title="bbox 483 2111 2040 2183; baseline 0 -15"><span class='ocrx_word' id='word_1_196' title='bbox 483 2129 658 2183; x_wconf 84' lang='lat' dir='ltr'><strong>neque</strong></span> <span class='ocrx_word' id='word_1_197' title='bbox 718 2112 1109 2181; x_wconf 58' lang='lat' dir='ltr'><strong>Hierosolyma,</strong></span> <span class='ocrx_word' id='word_1_198' title='bbox 1150 2121 1207 2165; x_wconf 92' lang='lat' dir='ltr'><strong>ut</strong></span> <span class='ocrx_word' id='word_1_199' title='bbox 1262 2111 1334 2166; x_wconf 90' lang='lat' dir='ltr'><strong>ibi</strong></span> <span class='ocrx_word' id='word_1_200' title='bbox 1379 2112 1529 2165; x_wconf 78' lang='lat' dir='ltr'><strong>illum</strong></span> <span class='ocrx_word' id='word_1_201' title='bbox 1576 2113 1824 2177; x_wconf 89' lang='lat' dir='ltr'><strong>adorent,</strong></span> <span class='ocrx_word' id='word_1_202' title='bbox 1867 2129 2040 2182; x_wconf 89' lang='lat' dir='ltr'><strong>neque</strong></span> 
     </span>
    </p>
   </div>
   <div class='ocr_carea' id='block_1_31' title="bbox 482 2199 2041 2272">
    <p class='ocr_par' dir='ltr' id='par_1_31' title="bbox 482 2199 2041 2272">
     <span class='ocr_line' id='line_1_31' title="bbox 482 2199 2041 2272; baseline 0.001 -18"><span class='ocrx_word' id='word_1_203' title='bbox 482 2219 612 2257; x_wconf 81' lang='lat' dir='ltr'><strong>vero</strong></span> <span class='ocrx_word' id='word_1_204' title='bbox 647 2202 842 2257; x_wconf 87' lang='lat' dir='ltr'><strong>ibidem</strong></span> <span class='ocrx_word' id='word_1_205' title='bbox 883 2200 1026 2254; x_wconf 89' lang='lat' dir='ltr'><strong>inter</strong></span> <span class='ocrx_word' id='word_1_206' title='bbox 1053 2199 1270 2256; x_wconf 68' lang='lat' dir='ltr'><strong>ludazos</strong></span> <span class='ocrx_word' id='word_1_207' title='bbox 1323 2218 1388 2257; x_wconf 78' lang='lat' dir='ltr'><strong>ex</strong></span> <span class='ocrx_word' id='word_1_208' title='bbox 1437 2203 1506 2257; x_wconf 91' lang='lat' dir='ltr'><strong>iis</strong></span> <span class='ocrx_word' id='word_1_209' title='bbox 1545 2219 1667 2272; x_wconf 69' lang='lat' dir='ltr'><strong>qua:</strong></span> <span class='ocrx_word' id='word_1_210' title='bbox 1701 2219 1730 2256; x_wconf 89' lang='lat' dir='ltr'><strong>a</strong></span> <span class='ocrx_word' id='word_1_211' title='bbox 1771 2202 1918 2257; x_wconf 83' lang='lat' dir='ltr'><strong>Mose</strong></span> <span class='ocrx_word' id='word_1_212' title='bbox 1960 2204 2041 2256; x_wconf 84' lang='lat' dir='ltr'><strong>in-</strong></span> 
     </span>
    </p>
   </div>
   <div class='ocr_carea' id='block_1_32' title="bbox 483 2294 2041 2365">
    <p class='ocr_par' dir='ltr' id='par_1_32' title="bbox 483 2294 2041 2365">
     <span class='ocr_line' id='line_1_32' title="bbox 483 2294 2041 2365; baseline 0 -17"><span class='ocrx_word' id='word_1_213' title='bbox 483 2295 671 2348; x_wconf 90' lang='lat' dir='ltr'><strong>stituta</strong></span> <span class='ocrx_word' id='word_1_214' title='bbox 725 2300 853 2347; x_wconf 90' lang='lat' dir='ltr'><strong>sunt</strong></span> <span class='ocrx_word' id='word_1_215' title='bbox 901 2295 1359 2364; x_wconf 86' lang='lat' dir='ltr'><strong>peregrinaturos,</strong></span> <span class='ocrx_word' id='word_1_216' title='bbox 1417 2309 1592 2365; x_wconf 84' lang='lat' dir='ltr'><strong>neque</strong></span> <span class='ocrx_word' id='word_1_217' title='bbox 1643 2294 2041 2349; x_wconf 71' lang='lat' dir='ltr'><strong>sacrificatum:</strong></span> 
     </span>
    </p>
   </div>
   <div class='ocr_carea' id='block_1_33' title="bbox 482 2383 2039 2454">
    <p class='ocr_par' dir='ltr' id='par_1_33' title="bbox 482 2383 2039 2454">
     <span class='ocr_line' id='line_1_33' title="bbox 482 2383 2039 2454; baseline 0.001 -17"><span class='ocrx_word' id='word_1_218' title='bbox 482 2387 535 2437; x_wconf 90' lang='lat' dir='ltr'><strong>in</strong></span> <span class='ocrx_word' id='word_1_219' title='bbox 576 2399 663 2448; x_wconf 89' lang='lat' dir='ltr'><strong>eo,</strong></span> <span class='ocrx_word' id='word_1_220' title='bbox 694 2383 840 2454; x_wconf 88' lang='lat' dir='ltr'><strong>quod</strong></span> <span class='ocrx_word' id='word_1_221' title='bbox 879 2393 963 2440; x_wconf 88' lang='lat' dir='ltr'><strong>est</strong></span> <span class='ocrx_word' id='word_1_222' title='bbox 1005 2386 1060 2438; x_wconf 92' lang='lat' dir='ltr'><strong>in</strong></span> <span class='ocrx_word' id='word_1_223' title='bbox 1108 2384 1431 2449; x_wconf 81' lang='lat' dir='ltr'><strong>Jerusalem,</strong></span> <span class='ocrx_word' id='word_1_224' title='bbox 1477 2386 1666 2440; x_wconf 86' lang='lat' dir='ltr'><strong>altari:</strong></span> <span class='ocrx_word' id='word_1_225' title='bbox 1706 2385 1799 2440; x_wconf 88' lang='lat' dir='ltr'><strong>sed</strong></span> <span class='ocrx_word' id='word_1_226' title='bbox 1845 2385 2039 2440; x_wconf 91' lang='lat' dir='ltr'><strong>horum</strong></span> 
     </span>
    </p>
   </div>
   <div class='ocr_carea' id='block_1_34' title="bbox 483 2476 2039 2546">
    <p class='ocr_par' dir='ltr' id='par_1_34' title="bbox 483 2476 2039 2546">
     <span class='ocr_line' id='line_1_34' title="bbox 483 2476 2039 2546; baseline 0 -16"><span class='ocrx_word' id='word_1_227' title='bbox 483 2477 700 2545; x_wconf 75' lang='lat' dir='ltr'><strong>quidem</strong></span> <span class='ocrx_word' id='word_1_228' title='bbox 740 2476 874 2530; x_wconf 92' lang='lat' dir='ltr'><strong>nihil</strong></span> <span class='ocrx_word' id='word_1_229' title='bbox 907 2491 1133 2546; x_wconf 93' lang='lat' dir='ltr'><strong>prorsus</strong></span> <span class='ocrx_word' id='word_1_230' title='bbox 1175 2477 1249 2528; x_wconf 89' lang='lat' dir='ltr'><strong>ait</strong></span> <span class='ocrx_word' id='word_1_231' title='bbox 1295 2476 1562 2539; x_wconf 90' lang='lat' dir='ltr'><strong>futurmn,</strong></span> <span class='ocrx_word' id='word_1_232' title='bbox 1607 2484 1661 2528; x_wconf 92' lang='lat' dir='ltr'><strong>at</strong></span> <span class='ocrx_word' id='word_1_233' title='bbox 1707 2477 1884 2545; x_wconf 90' lang='lat' dir='ltr'><strong>ipsum</strong></span> <span class='ocrx_word' id='word_1_234' title='bbox 1935 2477 2039 2530; x_wconf 84' lang='lat' dir='ltr'><strong>Do-</strong></span> 
     </span>
    </p>
   </div>
   <div class='ocr_carea' id='block_1_35' title="bbox 484 2567 2040 2639">
    <p class='ocr_par' dir='ltr' id='par_1_35' title="bbox 484 2567 2040 2639">
     <span class='ocr_line' id='line_1_35' title="bbox 484 2567 2040 2639; baseline -0.001 -15"><span class='ocrx_word' id='word_1_235' title='bbox 484 2570 688 2624; x_wconf 84' lang='lat' dir='ltr'><strong>miuu-m</strong></span> <span class='ocrx_word' id='word_1_236' title='bbox 752 2568 1026 2623; x_wconf 89' lang='lat' dir='ltr'><strong>aditurum</strong></span> <span class='ocrx_word' id='word_1_237' title='bbox 1077 2567 1381 2639; x_wconf 65' lang='lat' dir='ltr'><strong>Egyptios,</strong></span> <span class='ocrx_word' id='word_1_238' title='bbox 1431 2578 1484 2621; x_wconf 90' lang='lat' dir='ltr'><strong>et</strong></span> <span class='ocrx_word' id='word_1_239' title='bbox 1524 2584 1624 2622; x_wconf 92' lang='lat' dir='ltr'><strong>suo</strong></span> <span class='ocrx_word' id='word_1_240' title='bbox 1663 2569 1893 2623; x_wconf 87' lang='lat' dir='ltr'><strong>adventu</strong></span> <span class='ocrx_word' id='word_1_241' title='bbox 1944 2569 2040 2622; x_wconf 92' lang='lat' dir='ltr'><strong>ho-</strong></span> 
     </span>
    </p>
   </div>
   <div class='ocr_carea' id='block_1_36' title="bbox 480 2663 2042 2734">
    <p class='ocr_par' dir='ltr' id='par_1_36' title="bbox 480 2663 2042 2734">
     <span class='ocr_line' id='line_1_36' title="bbox 480 2663 2042 2734; baseline -0.003 -16"><span class='ocrx_word' id='word_1_242' title='bbox 480 2666 657 2718; x_wconf 79' lang='lat' dir='ltr'><strong>ines</strong></span> <span class='ocrx_word' id='word_1_243' title='bbox 702 2663 1064 2734; x_wconf 85' lang='lat' dir='ltr'><strong>dignaturum,</strong></span> <span class='ocrx_word' id='word_1_244' title='bbox 1113 2678 1541 2732; x_wconf 86' lang='lat' dir='ltr'><strong>magnorumque</strong></span> <span class='ocrx_word' id='word_1_245' title='bbox 1589 2663 1854 2716; x_wconf 89' lang='lat' dir='ltr'><strong>bonorum</strong></span> <span class='ocrx_word' id='word_1_246' title='bbox 1904 2663 2042 2730; x_wconf 76' lang='lat' dir='ltr'><strong>ipsis</strong></span> 
     </span>
    </p>
   </div>
   <div class='ocr_carea' id='block_1_37' title="bbox 483 2751 2039 2822">
    <p class='ocr_par' dir='ltr' id='par_1_37' title="bbox 483 2751 2039 2822">
     <span class='ocr_line' id='line_1_37' title="bbox 483 2751 2039 2822; baseline -0.001 -15"><span class='ocrx_word' id='word_1_247' title='bbox 483 2763 760 2808; x_wconf 78' lang='lat' dir='ltr'><strong>auctorem</strong></span> <span class='ocrx_word' id='word_1_248' title='bbox 813 2753 1082 2807; x_wconf 89' lang='lat' dir='ltr'><strong>futurum.</strong></span> <span class='ocrx_word' id='word_1_249' title='bbox 1113 2751 1450 2806; x_wconf 88' lang='lat' dir='ltr'><strong>Directuram</strong></span> <span class='ocrx_word' id='word_1_250' title='bbox 1481 2752 1744 2822; x_wconf 87' lang='lat' dir='ltr'><strong>siquidem</strong></span> <span class='ocrx_word' id='word_1_251' title='bbox 1769 2751 2039 2821; x_wconf 89' lang='lat' dir='ltr'><strong>perfectu-</strong></span> 
     </span>
    </p>
   </div>
   <div class='ocr_carea' id='block_1_38' title="bbox 482 2843 2039 2914">
    <p class='ocr_par' dir='ltr' id='par_1_38' title="bbox 482 2843 2039 2914">
     <span class='ocr_line' id='line_1_38' title="bbox 482 2843 2039 2914; baseline 0 -18"><span class='ocrx_word' id='word_1_252' title='bbox 482 2860 708 2914; x_wconf 89' lang='lat' dir='ltr'><strong>ramque</strong></span> <span class='ocrx_word' id='word_1_253' title='bbox 751 2845 898 2898; x_wconf 91' lang='lat' dir='ltr'><strong>illius</strong></span> <span class='ocrx_word' id='word_1_254' title='bbox 941 2845 1082 2898; x_wconf 91' lang='lat' dir='ltr'><strong>inter</strong></span> <span class='ocrx_word' id='word_1_255' title='bbox 1124 2843 1245 2897; x_wconf 90' lang='lat' dir='ltr'><strong>illos</strong></span> <span class='ocrx_word' id='word_1_256' title='bbox 1291 2845 1795 2906; x_wconf 83' lang='lat' dir='ltr'><strong>commorationem,</strong></span> <span class='ocrx_word' id='word_1_257' title='bbox 1827 2857 1890 2896; x_wconf 89' lang='lat' dir='ltr'><strong>ea</strong></span> <span class='ocrx_word' id='word_1_258' title='bbox 1919 2857 2039 2912; x_wconf 69' lang='lat' dir='ltr'><strong>qum</strong></span> 
     </span>
    </p>
   </div>
   <div class='ocr_carea' id='block_1_39' title="bbox 479 2932 2039 3005">
    <p class='ocr_par' dir='ltr' id='par_1_39' title="bbox 479 2932 2039 3005">
     <span class='ocr_line' id='line_1_39' title="bbox 479 2932 2039 3005; baseline -0.001 -17"><span class='ocrx_word' id='word_1_259' title='bbox 479 2934 590 3004; x_wconf 84' lang='lat' dir='ltr'><strong>jam</strong></span> <span class='ocrx_word' id='word_1_260' title='bbox 613 2950 672 2989; x_wconf 89' lang='lat' dir='ltr'><strong>re</strong></span> <span class='ocrx_word' id='word_1_261' title='bbox 697 2934 812 3002; x_wconf 85' lang='lat' dir='ltr'><strong>ipsa</strong></span> <span class='ocrx_word' id='word_1_262' title='bbox 845 2943 968 3005; x_wconf 90' lang='lat' dir='ltr'><strong>post</strong></span> <span class='ocrx_word' id='word_1_263' title='bbox 1000 2933 1299 2988; x_wconf 88' lang='lat' dir='ltr'><strong>Salvatoris</strong></span> <span class='ocrx_word' id='word_1_264' title='bbox 1329 2936 1502 2987; x_wconf 88' lang='lat' dir='ltr'><strong>nostri</strong></span> <span class='ocrx_word' id='word_1_265' title='bbox 1542 2932 1670 2989; x_wconf 77' lang='lat' dir='ltr'><strong>Jesu</strong></span> <span class='ocrx_word' id='word_1_266' title='bbox 1705 2933 1906 2988; x_wconf 88' lang='lat' dir='ltr'><strong>Christi</strong></span> <span class='ocrx_word' id='word_1_267' title='bbox 1943 2933 2039 2987; x_wconf 88' lang='lat' dir='ltr'><strong>ad-</strong></span> 
     </span>
    </p>
   </div>
   <div class='ocr_carea' id='block_1_40' title="bbox 482 3026 2107 3122">
    <p class='ocr_par' dir='ltr' id='par_1_40' title="bbox 482 3026 2107 3122">
     <span class='ocr_line' id='line_1_40' title="bbox 482 3026 2107 3122; baseline 0.002 -46"><span class='ocrx_word' id='word_1_268' title='bbox 482 3036 722 3090; x_wconf 89' lang='lat' dir='ltr'><strong>ventum,</strong></span> <span class='ocrx_word' id='word_1_269' title='bbox 755 3027 1018 3096; x_wconf 89' lang='lat' dir='ltr'><strong>completa</strong></span> <span class='ocrx_word' id='word_1_270' title='bbox 1048 3037 1378 3093; x_wconf 89' lang='lat' dir='ltr'><strong>cernuntur;</strong></span> <span class='ocrx_word' id='word_1_271' title='bbox 1413 3041 1532 3096; x_wconf 74' lang='lat' dir='ltr'><strong>quae</strong></span> <span class='ocrx_word' id='word_1_272' title='bbox 1562 3041 1724 3096; x_wconf 88' lang='lat' dir='ltr'><strong>porro</strong></span> <span class='ocrx_word' id='word_1_273' title='bbox 1766 3026 1878 3082; x_wconf 58' lang='lat' dir='ltr'><strong>hac</strong></span> <span class='ocrx_word' id='word_1_274' title='bbox 1901 3027 2030 3089; x_wconf 83' lang='lat' dir='ltr'><strong>sint,</strong></span> <span class='ocrx_word' id='word_1_275' title='bbox 2065 3065 2107 3122; x_wconf 61' lang='grc' dir='ltr'><strong>Ο</strong></span> 
     </span>
    </p>
   </div>
   <div class='ocr_carea' id='block_1_41' title="bbox 482 3117 2038 3190">
    <p class='ocr_par' dir='ltr' id='par_1_41' title="bbox 482 3117 2038 3190">
     <span class='ocr_line' id='line_1_41' title="bbox 482 3117 2038 3190; baseline 0.002 -19"><span class='ocrx_word' id='word_1_276' title='bbox 482 3118 858 3188; x_wconf 86' lang='lat' dir='ltr'><strong>inspiciamus.</strong></span> <span class='ocrx_word' id='word_1_277' title='bbox 893 3117 1048 3188; x_wconf 89' lang='lat' dir='ltr'><strong>liqui</strong></span> <span class='ocrx_word' id='word_1_278' title='bbox 1080 3120 1233 3189; x_wconf 89' lang='lat' dir='ltr'><strong>prius</strong></span> <span class='ocrx_word' id='word_1_279' title='bbox 1261 3120 1574 3174; x_wconf 86' lang='lat' dir='ltr'><strong>incolebant</strong></span> <span class='ocrx_word' id='word_1_280' title='bbox 1602 3119 1915 3190; x_wconf 67' lang='lat' dir='ltr'><strong>Egyptum,</strong></span> <span class='ocrx_word' id='word_1_281' title='bbox 1956 3122 2038 3174; x_wconf 87' lang='lat' dir='ltr'><strong>vi-</strong></span> 
     </span>
    </p>
   </div>
   <div class='ocr_carea' id='block_1_42' title="bbox 481 3209 2041 3281">
    <p class='ocr_par' dir='ltr' id='par_1_42' title="bbox 481 3209 2041 3281">
     <span class='ocr_line' id='line_1_42' title="bbox 481 3209 2041 3281; baseline 0.001 -18"><span class='ocrx_word' id='word_1_282' title='bbox 481 3210 608 3264; x_wconf 91' lang='lat' dir='ltr'><strong>tiosi</strong></span> <span class='ocrx_word' id='word_1_283' title='bbox 638 3211 899 3280; x_wconf 82' lang='lat' dir='ltr'><strong>pravique</strong></span> <span class='ocrx_word' id='word_1_284' title='bbox 943 3209 1238 3274; x_wconf 59' lang='lat' dir='ltr'><strong>daemones,</strong></span> <span class='ocrx_word' id='word_1_285' title='bbox 1291 3227 1386 3281; x_wconf 90' lang='lat' dir='ltr'><strong>per</strong></span> <span class='ocrx_word' id='word_1_286' title='bbox 1435 3218 1602 3264; x_wconf 90' lang='lat' dir='ltr'><strong>multa</strong></span> <span class='ocrx_word' id='word_1_287' title='bbox 1650 3212 1846 3265; x_wconf 66' lang='lat' dir='ltr'><strong>saecula</strong></span> <span class='ocrx_word' id='word_1_288' title='bbox 1879 3211 1932 3266; x_wconf 92' lang='lat' dir='ltr'><strong>in</strong></span> <span class='ocrx_word' id='word_1_289' title='bbox 1964 3212 2041 3265; x_wconf 86' lang='lat' dir='ltr'><strong>si-</strong></span> 
     </span>
    </p>
   </div>
   <div class='ocr_carea' id='block_1_43' title="bbox 482 3302 2038 3372">
    <p class='ocr_par' dir='ltr' id='par_1_43' title="bbox 482 3302 2038 3372">
     <span class='ocr_line' id='line_1_43' title="bbox 482 3302 2038 3372; baseline 0.001 -17"><span class='ocrx_word' id='word_1_290' title='bbox 482 3302 744 3357; x_wconf 88' lang='lat' dir='ltr'><strong>mulacris</strong></span> <span class='ocrx_word' id='word_1_291' title='bbox 789 3303 1084 3366; x_wconf 87' lang='lat' dir='ltr'><strong>latitantes,</strong></span> <span class='ocrx_word' id='word_1_292' title='bbox 1145 3302 1466 3372; x_wconf 89' lang='lat' dir='ltr'><strong>animasque</strong></span> <span class='ocrx_word' id='word_1_293' title='bbox 1488 3302 1868 3372; x_wconf 68' lang='lat' dir='ltr'><strong>ngyptiorum</strong></span> <span class='ocrx_word' id='word_1_294' title='bbox 1889 3304 2038 3357; x_wconf 86' lang='lat' dir='ltr'><strong>omni</strong></span> 
     </span>
    </p>
   </div>
   <div class='ocr_carea' id='block_1_44' title="bbox 481 3394 2039 3464">
    <p class='ocr_par' dir='ltr' id='par_1_44' title="bbox 481 3394 2039 3464">
     <span class='ocr_line' id='line_1_44' title="bbox 481 3394 2039 3464; baseline 0 -14"><span class='ocrx_word' id='word_1_295' title='bbox 481 3395 884 3464; x_wconf 79' lang='lat' dir='ltr'><strong>superstitionis</strong></span> <span class='ocrx_word' id='word_1_296' title='bbox 906 3395 1077 3449; x_wconf 89' lang='lat' dir='ltr'><strong>errori</strong></span> <span class='ocrx_word' id='word_1_297' title='bbox 1099 3394 1410 3449; x_wconf 91' lang='lat' dir='ltr'><strong>addicentes</strong></span> <span class='ocrx_word' id='word_1_298' title='bbox 1440 3410 1502 3448; x_wconf 91' lang='lat' dir='ltr'><strong>ac</strong></span> <span class='ocrx_word' id='word_1_299' title='bbox 1522 3395 1896 3464; x_wconf 84' lang='lat' dir='ltr'><strong>subjicientes,</strong></span> <span class='ocrx_word' id='word_1_300' title='bbox 1913 3412 2039 3450; x_wconf 78' lang='lat' dir='ltr'><strong>cum</strong></span> 
     </span>
    </p>
   </div>
   <div class='ocr_carea' id='block_1_45' title="bbox 484 3486 2037 3557">
    <p class='ocr_par' dir='ltr' id='par_1_45' title="bbox 484 3486 2037 3557">
     <span class='ocr_line' id='line_1_45' title="bbox 484 3486 2037 3557; baseline 0 -18"><span class='ocrx_word' id='word_1_301' title='bbox 484 3486 786 3540; x_wconf 81' lang='lat' dir='ltr'><strong>sensissent</strong></span> <span class='ocrx_word' id='word_1_302' title='bbox 829 3502 1021 3540; x_wconf 89' lang='lat' dir='ltr'><strong>novam</strong></span> <span class='ocrx_word' id='word_1_303' title='bbox 1061 3486 1350 3556; x_wconf 90' lang='lat' dir='ltr'><strong>quamdam</strong></span> <span class='ocrx_word' id='word_1_304' title='bbox 1399 3486 1745 3557; x_wconf 86' lang='lat' dir='ltr'><strong>divinamque</strong></span> <span class='ocrx_word' id='word_1_305' title='bbox 1786 3488 2037 3541; x_wconf 80' lang='lat' dir='ltr'><strong>virtutem</strong></span> 
     </span>
    </p>
   </div>
   <div class='ocr_carea' id='block_1_46' title="bbox 484 3575 2041 3640">
    <p class='ocr_par' dir='ltr' id='par_1_46' title="bbox 484 3575 2041 3640">
     <span class='ocr_line' id='line_1_46' title="bbox 484 3575 2041 3640; baseline 0 -11"><span class='ocrx_word' id='word_1_306' title='bbox 484 3577 549 3630; x_wconf 86' lang='lat' dir='ltr'><strong>ad</strong></span> <span class='ocrx_word' id='word_1_307' title='bbox 584 3593 642 3631; x_wconf 91' lang='lat' dir='ltr'><strong>se</strong></span> <span class='ocrx_word' id='word_1_308' title='bbox 667 3581 982 3638; x_wconf 84' lang='lat' dir='ltr'><strong>accessisse,</strong></span> <span class='ocrx_word' id='word_1_309' title='bbox 1027 3578 1172 3632; x_wconf 87' lang='lat' dir='ltr'><strong>illico</strong></span> <span class='ocrx_word' id='word_1_310' title='bbox 1227 3577 1480 3631; x_wconf 89' lang='lat' dir='ltr'><strong>commoti</strong></span> <span class='ocrx_word' id='word_1_311' title='bbox 1526 3586 1671 3640; x_wconf 92' lang='lat' dir='ltr'><strong>sunt,</strong></span> <span class='ocrx_word' id='word_1_312' title='bbox 1721 3586 1774 3631; x_wconf 92' lang='lat' dir='ltr'><strong>et</strong></span> <span class='ocrx_word' id='word_1_313' title='bbox 1815 3575 2041 3630; x_wconf 84' lang='lat' dir='ltr'><strong>ﬂuctua-</strong></span> 
     </span>
    </p>
   </div>
   <div class='ocr_carea' id='block_1_47' title="bbox 481 3669 2037 3741">
    <p class='ocr_par' dir='ltr' id='par_1_47' title="bbox 481 3669 2037 3741">
     <span class='ocr_line' id='line_1_47' title="bbox 481 3669 2037 3741; baseline -0.001 -18"><span class='ocrx_word' id='word_1_314' title='bbox 481 3671 684 3724; x_wconf 81' lang='lat' dir='ltr'><strong>tionem</strong></span> <span class='ocrx_word' id='word_1_315' title='bbox 731 3685 793 3726; x_wconf 89' lang='lat' dir='ltr'><strong>ac</strong></span> <span class='ocrx_word' id='word_1_316' title='bbox 839 3671 1294 3741; x_wconf 89' lang='lat' dir='ltr'><strong>perturbationem</strong></span> <span class='ocrx_word' id='word_1_317' title='bbox 1344 3670 1397 3724; x_wconf 93' lang='lat' dir='ltr'><strong>in</strong></span> <span class='ocrx_word' id='word_1_318' title='bbox 1455 3670 1648 3739; x_wconf 84' lang='lat' dir='ltr'><strong>seipsis</strong></span> <span class='ocrx_word' id='word_1_319' title='bbox 1681 3669 2037 3738; x_wconf 86' lang='lat' dir='ltr'><strong>pertulerunt,</strong></span> 
     </span>
    </p>
   </div>
   <div class='ocr_carea' id='block_1_48' title="bbox 485 3760 2041 3832">
    <p class='ocr_par' dir='ltr' id='par_1_48' title="bbox 485 3760 2041 3832">
     <span class='ocr_line' id='line_1_48' title="bbox 485 3760 2041 3832; baseline 0.001 -20"><span class='ocrx_word' id='word_1_320' title='bbox 485 3777 687 3832; x_wconf 80' lang='lat' dir='ltr'><strong>corque</strong></span> <span class='ocrx_word' id='word_1_321' title='bbox 720 3763 963 3832; x_wconf 88' lang='lat' dir='ltr'><strong>ipsorum</strong></span> <span class='ocrx_word' id='word_1_322' title='bbox 1025 3771 1078 3817; x_wconf 93' lang='lat' dir='ltr'><strong>et</strong></span> <span class='ocrx_word' id='word_1_323' title='bbox 1124 3763 1204 3817; x_wconf 89' lang='lat' dir='ltr'><strong>vis</strong></span> <span class='ocrx_word' id='word_1_324' title='bbox 1253 3761 1584 3831; x_wconf 88' lang='lat' dir='ltr'><strong>intelligendi</strong></span> <span class='ocrx_word' id='word_1_325' title='bbox 1633 3760 1958 3815; x_wconf 87' lang='lat' dir='ltr'><strong>intrinsecus</strong></span> <span class='ocrx_word' id='word_1_326' title='bbox 1985 3761 2041 3814; x_wconf 77' lang='lat' dir='ltr'><strong>in</strong></span> 
     </span>
    </p>
   </div>
   <div class='ocr_carea' id='block_1_49' title="bbox 486 3851 2040 3923">
    <p class='ocr_par' dir='ltr' id='par_1_49' title="bbox 486 3851 2040 3923">
     <span class='ocr_line' id='line_1_49' title="bbox 486 3851 2040 3923; baseline -0.001 -16"><span class='ocrx_word' id='word_1_327' title='bbox 486 3855 619 3923; x_wconf 91' lang='lat' dir='ltr'><strong>ipsis</strong></span> <span class='ocrx_word' id='word_1_328' title='bbox 635 3857 881 3909; x_wconf 85' lang='lat' dir='ltr'><strong>convicta</strong></span> <span class='ocrx_word' id='word_1_329' title='bbox 920 3861 1066 3918; x_wconf 92' lang='lat' dir='ltr'><strong>sunt,</strong></span> <span class='ocrx_word' id='word_1_330' title='bbox 1098 3860 1483 3922; x_wconf 88' lang='lat' dir='ltr'><strong>cesseruntque</strong></span> <span class='ocrx_word' id='word_1_331' title='bbox 1511 3868 1573 3906; x_wconf 90' lang='lat' dir='ltr'><strong>ac</strong></span> <span class='ocrx_word' id='word_1_332' title='bbox 1602 3851 1781 3920; x_wconf 87' lang='lat' dir='ltr'><strong>fugata</strong></span> <span class='ocrx_word' id='word_1_333' title='bbox 1804 3859 1932 3904; x_wconf 90' lang='lat' dir='ltr'><strong>sunt</strong></span> <span class='ocrx_word' id='word_1_334' title='bbox 1972 3852 2040 3905; x_wconf 91' lang='lat' dir='ltr'><strong>ab</strong></span> 
     </span>
    </p>
   </div>
   <div class='ocr_carea' id='block_1_50' title="bbox 484 3943 2038 4016">
    <p class='ocr_par' dir='ltr' id='par_1_50' title="bbox 484 3943 2038 4016">
     <span class='ocr_line' id='line_1_50' title="bbox 484 3943 2038 4016; baseline -0.003 -17"><span class='ocrx_word' id='word_1_335' title='bbox 484 3963 547 3999; x_wconf 87' lang='lat' dir='ltr'><strong>ea</strong></span> <span class='ocrx_word' id='word_1_336' title='bbox 578 3948 794 4010; x_wconf 89' lang='lat' dir='ltr'><strong>virtute,</strong></span> <span class='ocrx_word' id='word_1_337' title='bbox 825 3964 946 4016; x_wconf 72' lang='lat' dir='ltr'><strong>quae</strong></span> <span class='ocrx_word' id='word_1_338' title='bbox 975 3948 1148 4000; x_wconf 86' lang='lat' dir='ltr'><strong>visum</strong></span> <span class='ocrx_word' id='word_1_339' title='bbox 1182 3946 1442 4016; x_wconf 72' lang='lat' dir='ltr'><strong>effugiens</strong></span> <span class='ocrx_word' id='word_1_340' title='bbox 1485 3945 1607 3998; x_wconf 86' lang='lat' dir='ltr'><strong>illos</strong></span> <span class='ocrx_word' id='word_1_341' title='bbox 1657 3943 2038 4012; x_wconf 81' lang='lat' dir='ltr'><strong>compellebat,</strong></span> 
     </span>
    </p>
   </div>
   <div class='ocr_carea' id='block_1_51' title="bbox 484 4035 2038 4110">
    <p class='ocr_par' dir='ltr' id='par_1_51' title="bbox 484 4035 2038 4110">
     <span class='ocr_line' id='line_1_51' title="bbox 484 4035 2038 4110; baseline -0.003 -18"><span class='ocrx_word' id='word_1_342' title='bbox 484 4046 540 4092; x_wconf 86' lang='lat' dir='ltr'><strong>et</strong></span> <span class='ocrx_word' id='word_1_343' title='bbox 586 4040 727 4110; x_wconf 89' lang='lat' dir='ltr'><strong>ignis</strong></span> <span class='ocrx_word' id='word_1_344' title='bbox 757 4040 931 4094; x_wconf 90' lang='lat' dir='ltr'><strong>instar</strong></span> <span class='ocrx_word' id='word_1_345' title='bbox 966 4037 1224 4093; x_wconf 75' lang='lat' dir='ltr'><strong>ineffabili</strong></span> <span class='ocrx_word' id='word_1_346' title='bbox 1257 4036 1490 4107; x_wconf 87' lang='lat' dir='ltr'><strong>quadam</strong></span> <span class='ocrx_word' id='word_1_347' title='bbox 1518 4037 1727 4090; x_wconf 88' lang='lat' dir='ltr'><strong>ratione</strong></span> <span class='ocrx_word' id='word_1_348' title='bbox 1757 4035 2038 4090; x_wconf 82' lang='lat' dir='ltr'><strong>adurebat.</strong></span> 
     </span>
    </p>
   </div>
   <div class='ocr_carea' id='block_1_52' title="bbox 488 4126 2040 4198">
    <p class='ocr_par' dir='ltr' id='par_1_52' title="bbox 488 4126 2040 4198">
     <span class='ocr_line' id='line_1_52' title="bbox 488 4126 2040 4198; baseline -0.001 -17"><span class='ocrx_word' id='word_1_349' title='bbox 488 4127 552 4181; x_wconf 85' lang='lat' dir='ltr'><strong>Et</strong></span> <span class='ocrx_word' id='word_1_350' title='bbox 599 4137 729 4184; x_wconf 91' lang='lat' dir='ltr'><strong>tunc</strong></span> <span class='ocrx_word' id='word_1_351' title='bbox 762 4129 984 4198; x_wconf 89' lang='lat' dir='ltr'><strong>quidem</strong></span> <span class='ocrx_word' id='word_1_352' title='bbox 1037 4128 1388 4182; x_wconf 87' lang='lat' dir='ltr'><strong>invisibiliter</strong></span> <span class='ocrx_word' id='word_1_353' title='bbox 1421 4126 1696 4182; x_wconf 78' lang='lat' dir='ltr'><strong>daemones</strong></span> <span class='ocrx_word' id='word_1_354' title='bbox 1738 4127 1861 4180; x_wconf 89' lang='lat' dir='ltr'><strong>talia</strong></span> <span class='ocrx_word' id='word_1_355' title='bbox 1894 4126 2040 4195; x_wconf 87' lang='lat' dir='ltr'><strong>passi</strong></span> 
     </span>
    </p>
   </div>
   <div class='ocr_carea' id='block_1_53' title="bbox 487 4217 2042 4290">
    <p class='ocr_par' dir='ltr' id='par_1_53' title="bbox 487 4217 2042 4290">
     <span class='ocr_line' id='line_1_53' title="bbox 487 4217 2042 4290; baseline -0.001 -17"><span class='ocrx_word' id='word_1_356' title='bbox 487 4227 635 4281; x_wconf 84' lang='lat' dir='ltr'><strong>sunt,</strong></span> <span class='ocrx_word' id='word_1_357' title='bbox 667 4235 788 4273; x_wconf 90' lang='lat' dir='ltr'><strong>cum</strong></span> <span class='ocrx_word' id='word_1_358' title='bbox 822 4218 1068 4272; x_wconf 83' lang='lat' dir='ltr'><strong>SalvatOr</strong></span> <span class='ocrx_word' id='word_1_359' title='bbox 1106 4227 1290 4274; x_wconf 91' lang='lat' dir='ltr'><strong>noster</strong></span> <span class='ocrx_word' id='word_1_360' title='bbox 1319 4217 1476 4273; x_wconf 84' lang='lat' dir='ltr'><strong>Jesus</strong></span> <span class='ocrx_word' id='word_1_361' title='bbox 1507 4217 1760 4274; x_wconf 88' lang='lat' dir='ltr'><strong>Christus</strong></span> <span class='ocrx_word' id='word_1_362' title='bbox 1793 4219 1845 4272; x_wconf 93' lang='lat' dir='ltr'><strong>in</strong></span> <span class='ocrx_word' id='word_1_363' title='bbox 1878 4217 2042 4290; x_wconf 66' lang='lat' dir='ltr'><strong>Egy-</strong></span> 
     </span>
    </p>
   </div>
   <div class='ocr_carea' id='block_1_54' title="bbox 487 4307 2043 4378">
    <p class='ocr_par' dir='ltr' id='par_1_54' title="bbox 487 4307 2043 4378">
     <span class='ocr_line' id='line_1_54' title="bbox 487 4307 2043 4378; baseline 0.002 -20"><span class='ocrx_word' id='word_1_364' title='bbox 487 4317 639 4378; x_wconf 88' lang='lat' dir='ltr'><strong>ptum</strong></span> <span class='ocrx_word' id='word_1_365' title='bbox 669 4321 791 4360; x_wconf 91' lang='lat' dir='ltr'><strong>cum</strong></span> <span class='ocrx_word' id='word_1_366' title='bbox 822 4307 1023 4362; x_wconf 90' lang='lat' dir='ltr'><strong>visibili</strong></span> <span class='ocrx_word' id='word_1_367' title='bbox 1052 4322 1281 4378; x_wconf 89' lang='lat' dir='ltr'><strong>corpore</strong></span> <span class='ocrx_word' id='word_1_368' title='bbox 1309 4307 1574 4376; x_wconf 90' lang='lat' dir='ltr'><strong>pervenit.</strong></span> <span class='ocrx_word' id='word_1_369' title='bbox 1610 4308 1775 4378; x_wconf 75' lang='lat'><strong>298</strong></span> <span class='ocrx_word' id='word_1_370' title='bbox 1819 4307 1886 4360; x_wconf 85' lang='lat' dir='ltr'><strong>At</strong></span> <span class='ocrx_word' id='word_1_371' title='bbox 1917 4322 2043 4363; x_wconf 80' lang='lat' dir='ltr'><strong>vero</strong></span> 
     </span>
    </p>
   </div>
   <div class='ocr_carea' id='block_1_55' title="bbox 2137 1007 3708 1091">
    <p class='ocr_par' dir='ltr' id='par_1_55' title="bbox 2137 1007 3708 1091">
     <span class='ocr_line' id='line_1_55' title="bbox 2137 1007 3708 1091; baseline -0.006 -17"><span class='ocrx_word' id='word_1_372' title='bbox 2137 1015 3032 1091; x_wconf 85' lang='grc' dir='ltr'>δεισιδαιμονέστατοι-τυγχάνειν,</span> <span class='ocrx_word' id='word_1_373' title='bbox 3081 1013 3262 1084; x_wconf 86' lang='grc' dir='ltr'>ἐχθροί</span> <span class='ocrx_word' id='word_1_374' title='bbox 3307 1029 3365 1064; x_wconf 91' lang='grc' dir='ltr'><strong>τε</strong></span> <span class='ocrx_word' id='word_1_375' title='bbox 3414 1007 3555 1066; x_wconf 79' lang='grc' dir='ltr'>εἶναι</span> <span class='ocrx_word' id='word_1_376' title='bbox 3606 1011 3708 1066; x_wconf 72' lang='grc' dir='ltr'>καὶ</span> 
     </span>
    </p>
   </div>
   <div class='ocr_carea' id='block_1_56' title="bbox 2139 1104 3707 1182">
    <p class='ocr_par' dir='ltr' id='par_1_56' title="bbox 2139 1104 3707 1182">
     <span class='ocr_line' id='line_1_56' title="bbox 2139 1104 3707 1182; baseline -0.004 -17"><span class='ocrx_word' id='word_1_377' title='bbox 2139 1111 2383 1182; x_wconf 88' lang='grc' dir='ltr'>πολέμιοι</span> <span class='ocrx_word' id='word_1_378' title='bbox 2423 1111 2515 1164; x_wconf 91' lang='grc' dir='ltr'><strong>τοῦ</strong></span> <span class='ocrx_word' id='word_1_379' title='bbox 2563 1109 2693 1164; x_wconf 89' lang='grc' dir='ltr'>λαοῦ</span> <span class='ocrx_word' id='word_1_380' title='bbox 2741 1108 2832 1162; x_wconf 91' lang='grc' dir='ltr'><strong>τοῦ</strong></span> <span class='ocrx_word' id='word_1_381' title='bbox 2865 1105 3022 1170; x_wconf 89' lang='grc' dir='ltr'>Θεοῦ,</span> <span class='ocrx_word' id='word_1_382' title='bbox 3067 1105 3176 1160; x_wconf 81' lang='grc' dir='ltr'>τῶν</span> <span class='ocrx_word' id='word_1_383' title='bbox 3217 1104 3505 1175; x_wconf 82' lang='grc' dir='ltr'><strong>προφητῶν</strong></span> <span class='ocrx_word' id='word_1_384' title='bbox 3559 1105 3707 1158; x_wconf 83' lang='grc' dir='ltr'><strong>κατά</strong></span> 
     </span>
    </p>
   </div>
   <div class='ocr_carea' id='block_1_57' title="bbox 2139 1194 3706 1272">
    <p class='ocr_par' dir='ltr' id='par_1_57' title="bbox 2139 1194 3706 1272">
     <span class='ocr_line' id='line_1_57' title="bbox 2139 1194 3706 1272; baseline -0.006 -16"><span class='ocrx_word' id='word_1_385' title='bbox 2139 1203 2386 1256; x_wconf 84' lang='grc' dir='ltr'>πλεῖστον</span> <span class='ocrx_word' id='word_1_386' title='bbox 2415 1204 2537 1256; x_wconf 82' lang='grc' dir='ltr'>ὅσον</span> <span class='ocrx_word' id='word_1_387' title='bbox 2570 1200 2899 1272; x_wconf 70' lang='grc' dir='ltr'>ἀφεστῶτεςο</span> <span class='ocrx_word' id='word_1_388' title='bbox 2934 1199 3157 1260; x_wconf 91' lang='grc' dir='ltr'>εἰκότως</span> <span class='ocrx_word' id='word_1_389' title='bbox 3184 1197 3363 1259; x_wconf 78' lang='grc' dir='ltr'>αὐτοῖς</span> <span class='ocrx_word' id='word_1_390' title='bbox 3395 1194 3639 1266; x_wconf 79' lang='grc' dir='ltr'><strong>πρώτοις</strong></span> <span class='ocrx_word' id='word_1_391' title='bbox 3669 1199 3706 1266; x_wconf 77' lang='grc' dir='ltr'><strong>ή</strong></span> 
     </span>
    </p>
   </div>
   <div class='ocr_carea' id='block_1_58' title="bbox 2138 1286 3708 1365">
    <p class='ocr_par' dir='ltr' id='par_1_58' title="bbox 2138 1286 3708 1365">
     <span class='ocr_line' id='line_1_58' title="bbox 2138 1286 3708 1365; baseline -0.006 -16"><span class='ocrx_word' id='word_1_392' title='bbox 2138 1297 2230 1349; x_wconf 81' lang='grc' dir='ltr'><strong>τοῦ</strong></span> <span class='ocrx_word' id='word_1_393' title='bbox 2263 1295 2396 1349; x_wconf 83' lang='grc' dir='ltr'><strong>Θεοῦ</strong></span> <span class='ocrx_word' id='word_1_394' title='bbox 2422 1297 2612 1365; x_wconf 80' lang='grc' dir='ltr'>ἐφίστη</span> <span class='ocrx_word' id='word_1_395' title='bbox 2647 1293 2890 1363; x_wconf 90' lang='grc' dir='ltr'>δύναμις·</span> <span class='ocrx_word' id='word_1_396' title='bbox 2921 1293 2998 1345; x_wconf 85' lang='grc' dir='ltr'>διὸ</span> <span class='ocrx_word' id='word_1_397' title='bbox 3030 1292 3122 1345; x_wconf 74' lang='grc' dir='ltr'>καὶ</span> <span class='ocrx_word' id='word_1_398' title='bbox 3158 1291 3371 1343; x_wconf 90' lang='grc' dir='ltr'>πάντων</span> <span class='ocrx_word' id='word_1_399' title='bbox 3396 1286 3708 1360; x_wconf 83' lang='grc' dir='ltr'>ἀνθρώπων</span> 
     </span>
    </p>
   </div>
   <div class='ocr_carea' id='block_1_59' title="bbox 2142 1379 3708 1459">
    <p class='ocr_par' dir='ltr' id='par_1_59' title="bbox 2142 1379 3708 1459">
     <span class='ocr_line' id='line_1_59' title="bbox 2142 1379 3708 1459; baseline -0.006 -19"><span class='ocrx_word' id='word_1_400' title='bbox 2142 1389 2338 1459; x_wconf 81' lang='grc' dir='ltr'>μᾶλλον</span> <span class='ocrx_word' id='word_1_401' title='bbox 2372 1389 2499 1459; x_wconf 87' lang='grc' dir='ltr'>παρ’</span> <span class='ocrx_word' id='word_1_402' title='bbox 2525 1387 2837 1454; x_wconf 79' lang='grc' dir='ltr'><strong>Αἰγυπτίοις</strong></span> <span class='ocrx_word' id='word_1_403' title='bbox 2878 1385 3093 1455; x_wconf 84' lang='grc' dir='ltr'>ίσχυσεν</span> <span class='ocrx_word' id='word_1_404' title='bbox 3139 1385 3167 1435; x_wconf 88' lang='grc' dir='ltr'>ὁ</span> <span class='ocrx_word' id='word_1_405' title='bbox 3208 1383 3306 1452; x_wconf 87' lang='grc' dir='ltr'><strong>τῆς</strong></span> <span class='ocrx_word' id='word_1_406' title='bbox 3339 1379 3708 1450; x_wconf 83' lang='grc' dir='ltr'>εύαγγελικῆς</span> 
     </span>
    </p>
   </div>
   <div class='ocr_carea' id='block_1_60' title="bbox 2139 1475 3706 1548">
    <p class='ocr_par' dir='ltr' id='par_1_60' title="bbox 2139 1475 3706 1548">
     <span class='ocr_line' id='line_1_60' title="bbox 2139 1475 3706 1548; baseline -0.006 -13"><span class='ocrx_word' id='word_1_407' title='bbox 2139 1481 2300 1535; x_wconf 84' lang='grc' dir='ltr'>αὑτοῦ</span> <span class='ocrx_word' id='word_1_408' title='bbox 2334 1482 2676 1544; x_wconf 82' lang='grc' dir='ltr'>διδασκαλίας</span> <span class='ocrx_word' id='word_1_409' title='bbox 2719 1481 2893 1548; x_wconf 83' lang='grc' dir='ltr'>λόγος.</span> <span class='ocrx_word' id='word_1_410' title='bbox 2932 1479 3090 1533; x_wconf 85' lang='grc' dir='ltr'>Ὅθεν</span> <span class='ocrx_word' id='word_1_411' title='bbox 3135 1479 3167 1548; x_wconf 82' lang='grc' dir='ltr'><strong>ἡ</strong></span> <span class='ocrx_word' id='word_1_412' title='bbox 3203 1475 3448 1548; x_wconf 92' lang='grc' dir='ltr'>παροῦσα</span> <span class='ocrx_word' id='word_1_413' title='bbox 3485 1491 3706 1546; x_wconf 82' lang='grc' dir='ltr'>προφη-</span> 
     </span>
    </p>
   </div>
   <div class='ocr_carea' id='block_1_61' title="bbox 2137 1563 3705 1642">
    <p class='ocr_par' dir='ltr' id='par_1_61' title="bbox 2137 1563 3705 1642">
     <span class='ocr_line' id='line_1_61' title="bbox 2137 1563 3705 1642; baseline -0.007 -14"><span class='ocrx_word' id='word_1_414' title='bbox 2137 1575 2256 1628; x_wconf 89' lang='grc' dir='ltr'>τεία</span> <span class='ocrx_word' id='word_1_415' title='bbox 2285 1575 2443 1628; x_wconf 87' lang='grc' dir='ltr'>αὑτὸν</span> <span class='ocrx_word' id='word_1_416' title='bbox 2475 1574 2657 1636; x_wconf 78' lang='grc' dir='ltr'>αὐτοῖς</span> <span class='ocrx_word' id='word_1_417' title='bbox 2695 1573 3049 1642; x_wconf 79' lang='grc' dir='ltr'><strong>ἐπιδημήσειν</strong></span> <span class='ocrx_word' id='word_1_418' title='bbox 3080 1571 3171 1622; x_wconf 85' lang='grc' dir='ltr'><strong>τὸν</strong></span> <span class='ocrx_word' id='word_1_419' title='bbox 3204 1569 3406 1640; x_wconf 85' lang='grc' dir='ltr'>Κύριον</span> <span class='ocrx_word' id='word_1_420' title='bbox 3432 1563 3705 1629; x_wconf 75' lang='grc' dir='ltr'>θεσπίζει,</span> 
     </span>
    </p>
   </div>
   <div class='ocr_carea' id='block_1_62' title="bbox 2140 1656 3707 1735">
    <p class='ocr_par' dir='ltr' id='par_1_62' title="bbox 2140 1656 3707 1735">
     <span class='ocr_line' id='line_1_62' title="bbox 2140 1656 3707 1735; baseline -0.007 -16"><span class='ocrx_word' id='word_1_421' title='bbox 2140 1665 2254 1719; x_wconf 77' lang='grc' dir='ltr'>ἀλλ’</span> <span class='ocrx_word' id='word_1_422' title='bbox 2286 1665 2407 1735; x_wconf 72' lang='grc' dir='ltr'>οὐχὶ</span> <span class='ocrx_word' id='word_1_423' title='bbox 2447 1665 2570 1727; x_wconf 81' lang='grc' dir='ltr'>τοὺς</span> <span class='ocrx_word' id='word_1_424' title='bbox 2615 1663 2941 1732; x_wconf 88' lang='grc' dir='ltr'>Αἰγυπτίους</span> <span class='ocrx_word' id='word_1_425' title='bbox 2972 1662 3118 1731; x_wconf 70' lang='grc' dir='ltr'>ἥξειν</span> <span class='ocrx_word' id='word_1_426' title='bbox 3167 1662 3245 1723; x_wconf 89' lang='grc' dir='ltr'><strong>εἰς</strong></span> <span class='ocrx_word' id='word_1_427' title='bbox 3289 1660 3386 1730; x_wconf 83' lang='grc' dir='ltr'>τὴν</span> <span class='ocrx_word' id='word_1_428' title='bbox 3430 1656 3707 1711; x_wconf 86' lang='grc' dir='ltr'>Ἰουδαίων</span> 
     </span>
    </p>
   </div>
   <div class='ocr_carea' id='block_1_63' title="bbox 2139 1750 3707 1830">
    <p class='ocr_par' dir='ltr' id='par_1_63' title="bbox 2139 1750 3707 1830">
     <span class='ocr_line' id='line_1_63' title="bbox 2139 1750 3707 1830; baseline -0.006 -18"><span class='ocrx_word' id='word_1_429' title='bbox 2139 1758 2349 1830; x_wconf 86' lang='grc' dir='ltr'>χώραν,</span> <span class='ocrx_word' id='word_1_430' title='bbox 2384 1757 2501 1810; x_wconf 84' lang='grc' dir='ltr'>οὐδέ</span> <span class='ocrx_word' id='word_1_431' title='bbox 2548 1773 2611 1825; x_wconf 91' lang='grc' dir='ltr'><strong>γε</strong></span> <span class='ocrx_word' id='word_1_432' title='bbox 2660 1758 2738 1818; x_wconf 89' lang='grc' dir='ltr'>εἰς</span> <span class='ocrx_word' id='word_1_433' title='bbox 2797 1754 2865 1807; x_wconf 86' lang='grc' dir='ltr'><strong>τά</strong></span> <span class='ocrx_word' id='word_1_434' title='bbox 2923 1751 3263 1824; x_wconf 84' lang='grc' dir='ltr'>Ἱεροσόλυμα</span> <span class='ocrx_word' id='word_1_435' title='bbox 3304 1750 3707 1821; x_wconf 73' lang='grc' dir='ltr'>προσκυνήσειν</span> 
     </span>
    </p>
   </div>
   <div class='ocr_carea' id='block_1_64' title="bbox 2137 1843 3711 1921">
    <p class='ocr_par' dir='ltr' id='par_1_64' title="bbox 2137 1843 3711 1921">
     <span class='ocr_line' id='line_1_64' title="bbox 2137 1843 3711 1921; baseline -0.008 -17"><span class='ocrx_word' id='word_1_436' title='bbox 2137 1850 2304 1921; x_wconf 80' lang='grc' dir='ltr'>αὐτῷ,</span> <span class='ocrx_word' id='word_1_437' title='bbox 2336 1849 2442 1903; x_wconf 82' lang='grc' dir='ltr'>οὐδ’</span> <span class='ocrx_word' id='word_1_438' title='bbox 2475 1848 2722 1908; x_wconf 83' lang='grc' dir='ltr'>ἐνταῦθα,</span> <span class='ocrx_word' id='word_1_439' title='bbox 2747 1846 2886 1900; x_wconf 83' lang='grc' dir='ltr'><strong>κατά</strong></span> <span class='ocrx_word' id='word_1_440' title='bbox 2917 1845 2984 1898; x_wconf 79' lang='grc' dir='ltr'>τὰ</span> <span class='ocrx_word' id='word_1_441' title='bbox 3025 1847 3176 1915; x_wconf 82' lang='grc' dir='ltr'>παρά</span> <span class='ocrx_word' id='word_1_442' title='bbox 3211 1843 3432 1896; x_wconf 83' lang='grc' dir='ltr'>Μωῡσεῖ</span> <span class='ocrx_word' id='word_1_443' title='bbox 3476 1856 3711 1911; x_wconf 84' lang='grc' dir='ltr'>προστε-</span> 
     </span>
    </p>
   </div>
   <div class='ocr_carea' id='block_1_65' title="bbox 2138 1931 3709 2014">
    <p class='ocr_par' dir='ltr' id='par_1_65' title="bbox 2138 1931 3709 2014">
     <span class='ocr_line' id='line_1_65' title="bbox 2138 1931 3709 2014; baseline -0.008 -17"><span class='ocrx_word' id='word_1_444' title='bbox 2138 1943 2401 2014; x_wconf 87' lang='grc' dir='ltr'>ταγμένα,</span> <span class='ocrx_word' id='word_1_445' title='bbox 2437 1939 2888 2014; x_wconf 83' lang='grc' dir='ltr'>προσηλυτεύσειν</span> <span class='ocrx_word' id='word_1_446' title='bbox 2925 1937 3214 2000; x_wconf 84' lang='grc' dir='ltr'>Ἰουδαίοις,</span> <span class='ocrx_word' id='word_1_447' title='bbox 3247 1935 3366 1988; x_wconf 80' lang='grc' dir='ltr'>οὐδὲ</span> <span class='ocrx_word' id='word_1_448' title='bbox 3397 1933 3585 1987; x_wconf 88' lang='grc' dir='ltr'>θύσειν</span> <span class='ocrx_word' id='word_1_449' title='bbox 3617 1931 3709 1985; x_wconf 76' lang='grc' dir='ltr'><strong>θυ·</strong></span> 
     </span>
    </p>
   </div>
   <div class='ocr_carea' id='block_1_66' title="bbox 2142 2025 3707 2107">
    <p class='ocr_par' dir='ltr' id='par_1_66' title="bbox 2142 2025 3707 2107">
     <span class='ocr_line' id='line_1_66' title="bbox 2142 2025 3707 2107; baseline -0.008 -17"><span class='ocrx_word' id='word_1_450' title='bbox 2142 2037 2261 2100; x_wconf 87' lang='grc' dir='ltr'>σίας</span> <span class='ocrx_word' id='word_1_451' title='bbox 2292 2038 2350 2089; x_wconf 86' lang='grc' dir='ltr'><strong>ἐν</strong></span> <span class='ocrx_word' id='word_1_452' title='bbox 2382 2035 2457 2107; x_wconf 80' lang='grc' dir='ltr'><strong>τῷ</strong></span> <span class='ocrx_word' id='word_1_453' title='bbox 2487 2035 2621 2106; x_wconf 75' lang='grc' dir='ltr'>πρὸς</span> <span class='ocrx_word' id='word_1_454' title='bbox 2651 2036 2716 2104; x_wconf 80' lang='grc' dir='ltr'>τῇ</span> <span class='ocrx_word' id='word_1_455' title='bbox 2760 2030 3110 2102; x_wconf 81' lang='grc' dir='ltr'>Ἰερουσαλὴμ</span> <span class='ocrx_word' id='word_1_456' title='bbox 3153 2026 3538 2097; x_wconf 81' lang='grc' dir='ltr'>θυσιαστηρίῳ·</span> <span class='ocrx_word' id='word_1_457' title='bbox 3568 2025 3707 2079; x_wconf 85' lang='grc' dir='ltr'>ἀλλὰ</span> 
     </span>
    </p>
   </div>
   <div class='ocr_carea' id='block_1_67' title="bbox 2137 2115 3709 2197">
    <p class='ocr_par' dir='ltr' id='par_1_67' title="bbox 2137 2115 3709 2197">
     <span class='ocr_line' id='line_1_67' title="bbox 2137 2115 3709 2197; baseline -0.01 -16"><span class='ocrx_word' id='word_1_458' title='bbox 2137 2127 2342 2181; x_wconf 83' lang='grc' dir='ltr'>τούτων</span> <span class='ocrx_word' id='word_1_459' title='bbox 2377 2127 2474 2197; x_wconf 84' lang='grc' dir='ltr'>μὲν</span> <span class='ocrx_word' id='word_1_460' title='bbox 2505 2123 2721 2178; x_wconf 80' lang='grc' dir='ltr'>ἔσεσθαί</span> <span class='ocrx_word' id='word_1_461' title='bbox 2749 2139 2910 2193; x_wconf 81' lang='grc' dir='ltr'>φησιν</span> <span class='ocrx_word' id='word_1_462' title='bbox 2940 2121 3120 2182; x_wconf 82' lang='grc' dir='ltr'>οὐδὲν,</span> <span class='ocrx_word' id='word_1_463' title='bbox 3149 2118 3239 2172; x_wconf 79' lang='grc' dir='ltr'>τὸν</span> <span class='ocrx_word' id='word_1_464' title='bbox 3279 2117 3334 2170; x_wconf 79' lang='grc' dir='ltr'>δὲ</span> <span class='ocrx_word' id='word_1_465' title='bbox 3367 2115 3574 2187; x_wconf 78' lang='grc' dir='ltr'>Κύριον</span> <span class='ocrx_word' id='word_1_466' title='bbox 3606 2115 3709 2168; x_wconf 82' lang='grc' dir='ltr'><strong>αύ-</strong></span> 
     </span>
    </p>
   </div>
   <div class='ocr_carea' id='block_1_68' title="bbox 2139 2205 3707 2289">
    <p class='ocr_par' dir='ltr' id='par_1_68' title="bbox 2139 2205 3707 2289">
     <span class='ocr_line' id='line_1_68' title="bbox 2139 2205 3707 2289; baseline -0.01 -16"><span class='ocrx_word' id='word_1_467' title='bbox 2139 2219 2231 2273; x_wconf 82' lang='grc' dir='ltr'><strong>τδν</strong></span> <span class='ocrx_word' id='word_1_468' title='bbox 2286 2219 2644 2289; x_wconf 83' lang='grc' dir='ltr'>ἐπιδημήσειν</span> <span class='ocrx_word' id='word_1_469' title='bbox 2693 2218 2804 2278; x_wconf 88' lang='grc' dir='ltr'>τοῖς</span> <span class='ocrx_word' id='word_1_470' title='bbox 2857 2210 3191 2280; x_wconf 84' lang='grc' dir='ltr'>Αἰγυπτίοις,</span> <span class='ocrx_word' id='word_1_471' title='bbox 3245 2211 3338 2263; x_wconf 75' lang='grc' dir='ltr'><strong>καὶ</strong></span> <span class='ocrx_word' id='word_1_472' title='bbox 3382 2209 3482 2278; x_wconf 89' lang='grc' dir='ltr'><strong>τῆς</strong></span> <span class='ocrx_word' id='word_1_473' title='bbox 3533 2205 3707 2261; x_wconf 82' lang='grc' dir='ltr'>αὑτοῦ</span> 
     </span>
    </p>
   </div>
   <div class='ocr_carea' id='block_1_69' title="bbox 2141 2300 3706 2383">
    <p class='ocr_par' dir='ltr' id='par_1_69' title="bbox 2141 2300 3706 2383">
     <span class='ocr_line' id='line_1_69' title="bbox 2141 2300 3706 2383; baseline -0.01 -18"><span class='ocrx_word' id='word_1_474' title='bbox 2141 2311 2441 2383; x_wconf 77' lang='grc' dir='ltr'>παρουσίας</span> <span class='ocrx_word' id='word_1_475' title='bbox 2491 2306 2848 2374; x_wconf 82' lang='grc' dir='ltr'>καταξιὼσειν</span> <span class='ocrx_word' id='word_1_476' title='bbox 2891 2307 3018 2366; x_wconf 81' lang='grc' dir='ltr'>τοὺς</span> <span class='ocrx_word' id='word_1_477' title='bbox 3056 2303 3286 2374; x_wconf 79' lang='grc' dir='ltr'>ἄνδρας,</span> <span class='ocrx_word' id='word_1_478' title='bbox 3335 2300 3580 2371; x_wconf 80' lang='grc' dir='ltr'><strong>μεγάλων</strong></span> <span class='ocrx_word' id='word_1_479' title='bbox 3635 2315 3706 2350; x_wconf 86' lang='grc' dir='ltr'><strong>τε</strong></span> 
     </span>
    </p>
   </div>
   <div class='ocr_carea' id='block_1_70' title="bbox 2141 2388 3708 2470">
    <p class='ocr_par' dir='ltr' id='par_1_70' title="bbox 2141 2388 3708 2470">
     <span class='ocr_line' id='line_1_70' title="bbox 2141 2388 3708 2470; baseline -0.01 -16"><span class='ocrx_word' id='word_1_480' title='bbox 2141 2401 2355 2470; x_wconf 82' lang='grc' dir='ltr'>ἀγαθῶν</span> <span class='ocrx_word' id='word_1_481' title='bbox 2402 2397 2830 2470; x_wconf 74' lang='grc' dir='ltr'>καταστήσεσθαι</span> <span class='ocrx_word' id='word_1_482' title='bbox 2873 2395 3042 2448; x_wconf 70' lang='grc' dir='ltr'>αἴτιον</span> <span class='ocrx_word' id='word_1_483' title='bbox 3088 2395 3291 2455; x_wconf 83' lang='grc' dir='ltr'>αὐτοῖς.</span> <span class='ocrx_word' id='word_1_484' title='bbox 3321 2388 3708 2460; x_wconf 86' lang='grc' dir='ltr'>Κατορθὼσειν</span> 
     </span>
    </p>
   </div>
   <div class='ocr_carea' id='block_1_71' title="bbox 2141 2481 3708 2560">
    <p class='ocr_par' dir='ltr' id='par_1_71' title="bbox 2141 2481 3708 2560">
     <span class='ocr_line' id='line_1_71' title="bbox 2141 2481 3708 2560; baseline -0.008 -16"><span class='ocrx_word' id='word_1_485' title='bbox 2141 2491 2271 2560; x_wconf 91' lang='grc' dir='ltr'>γοῦν</span> <span class='ocrx_word' id='word_1_486' title='bbox 2313 2490 2476 2544; x_wconf 77' lang='grc' dir='ltr'>αὑτοῦ</span> <span class='ocrx_word' id='word_1_487' title='bbox 2519 2489 2614 2560; x_wconf 74' lang='grc' dir='ltr'>τὴν</span> <span class='ocrx_word' id='word_1_488' title='bbox 2654 2487 2946 2558; x_wconf 83' lang='grc' dir='ltr'>ἐπιδημίαν</span> <span class='ocrx_word' id='word_1_489' title='bbox 2989 2485 3191 2547; x_wconf 86' lang='grc' dir='ltr'>ταῦτα,</span> <span class='ocrx_word' id='word_1_490' title='bbox 3221 2485 3360 2554; x_wconf 75' lang='grc' dir='ltr'>άπερ</span> <span class='ocrx_word' id='word_1_491' title='bbox 3390 2481 3477 2534; x_wconf 69' lang='grc' dir='ltr'>καὶ</span> <span class='ocrx_word' id='word_1_492' title='bbox 3512 2481 3708 2543; x_wconf 80' lang='grc' dir='ltr'>αὐτοῖς</span> 
     </span>
    </p>
   </div>
   <div class='ocr_carea' id='block_1_72' title="bbox 2141 2569 3708 2652">
    <p class='ocr_par' dir='ltr' id='par_1_72' title="bbox 2141 2569 3708 2652">
     <span class='ocr_line' id='line_1_72' title="bbox 2141 2569 3708 2652; baseline -0.006 -18"><span class='ocrx_word' id='word_1_493' title='bbox 2141 2582 2318 2652; x_wconf 79' lang='grc' dir='ltr'>ἔργοις</span> <span class='ocrx_word' id='word_1_494' title='bbox 2351 2580 2486 2651; x_wconf 89' lang='grc' dir='ltr'><strong>μετά</strong></span> <span class='ocrx_word' id='word_1_495' title='bbox 2517 2579 2612 2649; x_wconf 79' lang='grc' dir='ltr'>τὴν</span> <span class='ocrx_word' id='word_1_496' title='bbox 2645 2577 2736 2630; x_wconf 85' lang='grc' dir='ltr'><strong>τοῦ</strong></span> <span class='ocrx_word' id='word_1_497' title='bbox 2769 2577 3019 2647; x_wconf 83' lang='grc' dir='ltr'><strong>Σωτῆρος</strong></span> <span class='ocrx_word' id='word_1_498' title='bbox 3043 2577 3074 2644; x_wconf 79' lang='grc' dir='ltr'>ἡ</span> <span class='ocrx_word' id='word_1_499' title='bbox 3086 2573 3198 2645; x_wconf 87' lang='grc' dir='ltr'>μῶν</span> <span class='ocrx_word' id='word_1_500' title='bbox 3243 2572 3414 2644; x_wconf 81' lang='grc' dir='ltr'>Ἰησοῦ</span> <span class='ocrx_word' id='word_1_501' title='bbox 3442 2569 3535 2624; x_wconf 90' lang='grc' dir='ltr'><strong>τοῦ</strong></span> <span class='ocrx_word' id='word_1_502' title='bbox 3558 2572 3708 2642; x_wconf 85' lang='grc' dir='ltr'>Χρι-</span> 
     </span>
    </p>
   </div>
   <div class='ocr_carea' id='block_1_73' title="bbox 2141 2660 3709 2738">
    <p class='ocr_par' dir='ltr' id='par_1_73' title="bbox 2141 2660 3709 2738">
     <span class='ocr_line' id='line_1_73' title="bbox 2141 2660 3709 2738; baseline -0.006 -15"><span class='ocrx_word' id='word_1_503' title='bbox 2141 2670 2267 2724; x_wconf 89' lang='grc' dir='ltr'>στοῦ</span> <span class='ocrx_word' id='word_1_504' title='bbox 2313 2668 2630 2738; x_wconf 83' lang='grc' dir='ltr'>ἐπιφάνειαν</span> <span class='ocrx_word' id='word_1_505' title='bbox 2665 2667 2972 2720; x_wconf 88' lang='grc' dir='ltr'>συνίσταται</span> <span class='ocrx_word' id='word_1_506' title='bbox 3014 2663 3432 2736; x_wconf 80' lang='grc' dir='ltr'>πεπληρωμένα.</span> <span class='ocrx_word' id='word_1_507' title='bbox 3479 2660 3615 2714; x_wconf 84' lang='grc' dir='ltr'>Τίνα</span> <span class='ocrx_word' id='word_1_508' title='bbox 3642 2660 3709 2714; x_wconf 74' lang='grc' dir='ltr'><strong>δέ</strong></span> 
     </span>
    </p>
   </div>
   <div class='ocr_carea' id='block_1_74' title="bbox 2138 2752 3708 2833">
    <p class='ocr_par' dir='ltr' id='par_1_74' title="bbox 2138 2752 3708 2833">
     <span class='ocr_line' id='line_1_74' title="bbox 2138 2752 3708 2833; baseline -0.007 -19"><span class='ocrx_word' id='word_1_509' title='bbox 2138 2757 2226 2833; x_wconf 79' lang='grc' dir='ltr'>ἦν,</span> <span class='ocrx_word' id='word_1_510' title='bbox 2284 2758 2620 2830; x_wconf 87' lang='grc' dir='ltr'>θεασώμεθα.</span> <span class='ocrx_word' id='word_1_511' title='bbox 2672 2760 2732 2812; x_wconf 84' lang='lat' dir='ltr'><strong>Ol</strong></span> <span class='ocrx_word' id='word_1_512' title='bbox 2793 2759 2920 2831; x_wconf 73' lang='grc' dir='ltr'>πρὶν</span> <span class='ocrx_word' id='word_1_513' title='bbox 2968 2759 3068 2829; x_wconf 78' lang='grc' dir='ltr'>τὴν</span> <span class='ocrx_word' id='word_1_514' title='bbox 3114 2756 3384 2824; x_wconf 76' lang='grc' dir='ltr'>Αἴγυπτον</span> <span class='ocrx_word' id='word_1_515' title='bbox 3428 2752 3708 2816; x_wconf 77' lang='grc' dir='ltr'>οἰκοῦντες</span> 
     </span>
    </p>
   </div>
   <div class='ocr_carea' id='block_1_75' title="bbox 2140 2844 3708 2924">
    <p class='ocr_par' dir='ltr' id='par_1_75' title="bbox 2140 2844 3708 2924">
     <span class='ocr_line' id='line_1_75' title="bbox 2140 2844 3708 2924; baseline -0.006 -19"><span class='ocrx_word' id='word_1_516' title='bbox 2140 2852 2332 2924; x_wconf 85' lang='grc' dir='ltr'>φαῦλοι</span> <span class='ocrx_word' id='word_1_517' title='bbox 2375 2851 2468 2904; x_wconf 73' lang='grc' dir='ltr'>καὶ</span> <span class='ocrx_word' id='word_1_518' title='bbox 2523 2849 2782 2921; x_wconf 74' lang='grc' dir='ltr'>μοχθηροὶ</span> <span class='ocrx_word' id='word_1_519' title='bbox 2830 2849 3100 2919; x_wconf 89' lang='grc' dir='ltr'>δαίμονες,</span> <span class='ocrx_word' id='word_1_520' title='bbox 3142 2846 3200 2912; x_wconf 81' lang='grc' dir='ltr'><strong>ἐξ</strong></span> <span class='ocrx_word' id='word_1_521' title='bbox 3237 2845 3430 2908; x_wconf 86' lang='grc' dir='ltr'>αἰῶνος</span> <span class='ocrx_word' id='word_1_522' title='bbox 3489 2844 3708 2914; x_wconf 80' lang='grc' dir='ltr'>μακροῦ</span> 
     </span>
    </p>
   </div>
   <div class='ocr_carea' id='block_1_76' title="bbox 2137 2935 3710 3012">
    <p class='ocr_par' dir='ltr' id='par_1_76' title="bbox 2137 2935 3710 3012">
     <span class='ocr_line' id='line_1_76' title="bbox 2137 2935 3710 3012; baseline -0.007 -14"><span class='ocrx_word' id='word_1_523' title='bbox 2137 2947 2248 3008; x_wconf 86' lang='grc' dir='ltr'>τοῖς</span> <span class='ocrx_word' id='word_1_524' title='bbox 2283 2942 2486 3008; x_wconf 80' lang='grc' dir='ltr'>ξοάνοις</span> <span class='ocrx_word' id='word_1_525' title='bbox 2517 2940 2938 3012; x_wconf 81' lang='grc' dir='ltr'>ἐμφωλεύοντες,</span> <span class='ocrx_word' id='word_1_526' title='bbox 2977 2940 3071 2992; x_wconf 79' lang='grc' dir='ltr'>καὶ</span> <span class='ocrx_word' id='word_1_527' title='bbox 3102 2937 3200 3002; x_wconf 81' lang='grc' dir='ltr'>τὰς</span> <span class='ocrx_word' id='word_1_528' title='bbox 3236 2937 3344 2990; x_wconf 85' lang='grc' dir='ltr'>τῶν</span> <span class='ocrx_word' id='word_1_529' title='bbox 3388 2935 3710 3004; x_wconf 73' lang='grc' dir='ltr'>Αἰγυπτίων</span> 
     </span>
    </p>
   </div>
   <div class='ocr_carea' id='block_1_77' title="bbox 2138 3025 3704 3108">
    <p class='ocr_par' dir='ltr' id='par_1_77' title="bbox 2138 3025 3704 3108">
     <span class='ocr_line' id='line_1_77' title="bbox 2138 3025 3704 3108; baseline -0.008 -19"><span class='ocrx_word' id='word_1_530' title='bbox 2138 3037 2314 3108; x_wconf 76' lang='grc' dir='ltr'>ψυχὰς</span> <span class='ocrx_word' id='word_1_531' title='bbox 2343 3035 2490 3107; x_wconf 79' lang='grc' dir='ltr'>πάσῃ</span> <span class='ocrx_word' id='word_1_532' title='bbox 2521 3031 2932 3103; x_wconf 83' lang='grc' dir='ltr'>δεισιδαιμονίας</span> <span class='ocrx_word' id='word_1_533' title='bbox 2978 3029 3155 3102; x_wconf 77' lang='grc' dir='ltr'>πλάνη</span> <span class='ocrx_word' id='word_1_534' title='bbox 3181 3025 3662 3096; x_wconf 82' lang='grc' dir='ltr'>καταδουλούμενοι</span> <span class='ocrx_word' id='word_1_535' title='bbox 3687 3067 3704 3087; x_wconf 89' lang='grc'><strong>,</strong></span> 
     </span>
    </p>
   </div>
   <div class='ocr_carea' id='block_1_78' title="bbox 2142 3117 3708 3197">
    <p class='ocr_par' dir='ltr' id='par_1_78' title="bbox 2142 3117 3708 3197">
     <span class='ocr_line' id='line_1_78' title="bbox 2142 3117 3708 3197; baseline -0.009 -15"><span class='ocrx_word' id='word_1_536' title='bbox 2142 3126 2544 3197; x_wconf 83' lang='grc' dir='ltr'>συναισθόμενοι</span> <span class='ocrx_word' id='word_1_537' title='bbox 2575 3123 2732 3195; x_wconf 82' lang='grc' dir='ltr'>ξένης</span> <span class='ocrx_word' id='word_1_538' title='bbox 2768 3123 2912 3186; x_wconf 82' lang='grc' dir='ltr'>τινὸς</span> <span class='ocrx_word' id='word_1_539' title='bbox 2943 3123 3037 3176; x_wconf 70' lang='grc' dir='ltr'>καὶ</span> <span class='ocrx_word' id='word_1_540' title='bbox 3065 3120 3244 3174; x_wconf 81' lang='grc' dir='ltr'>ἐνθέου</span> <span class='ocrx_word' id='word_1_541' title='bbox 3270 3118 3549 3189; x_wconf 86' lang='grc' dir='ltr'>δυνάμεως</span> <span class='ocrx_word' id='word_1_542' title='bbox 3580 3117 3708 3170; x_wconf 81' lang='grc' dir='ltr'>ἐπι-</span> 
     </span>
    </p>
   </div>
   <div class='ocr_carea' id='block_1_79' title="bbox 2138 3208 3710 3292">
    <p class='ocr_par' dir='ltr' id='par_1_79' title="bbox 2138 3208 3710 3292">
     <span class='ocr_line' id='line_1_79' title="bbox 2138 3208 3710 3292; baseline -0.009 -19"><span class='ocrx_word' id='word_1_543' title='bbox 2138 3217 2411 3292; x_wconf 91' lang='grc' dir='ltr'>δημούσης</span> <span class='ocrx_word' id='word_1_544' title='bbox 2457 3216 2638 3278; x_wconf 77' lang='grc' dir='ltr'>αὐτοῖς</span> <span class='ocrx_word' id='word_1_545' title='bbox 2661 3255 2676 3278; x_wconf 93' lang='grc'><strong>,</strong></span> <span class='ocrx_word' id='word_1_546' title='bbox 2727 3215 2925 3267; x_wconf 80' lang='grc' dir='ltr'>αὐτίκα</span> <span class='ocrx_word' id='word_1_547' title='bbox 2974 3209 3343 3265; x_wconf 82' lang='grc' dir='ltr'>συνεκινοῦντο</span> <span class='ocrx_word' id='word_1_548' title='bbox 3389 3208 3560 3275; x_wconf 68' lang='grc' dir='ltr'>σάλονζ</span> <span class='ocrx_word' id='word_1_549' title='bbox 3609 3209 3710 3261; x_wconf 76' lang='grc' dir='ltr'>καὶ</span> 
     </span>
    </p>
   </div>
   <div class='ocr_carea' id='block_1_80' title="bbox 2140 3299 3710 3377">
    <p class='ocr_par' dir='ltr' id='par_1_80' title="bbox 2140 3299 3710 3377">
     <span class='ocr_line' id='line_1_80' title="bbox 2140 3299 3710 3377; baseline -0.01 -10"><span class='ocrx_word' id='word_1_550' title='bbox 2140 3315 2323 3368; x_wconf 87' lang='grc' dir='ltr'>κλόνον</span> <span class='ocrx_word' id='word_1_551' title='bbox 2351 3315 2408 3366; x_wconf 79' lang='grc' dir='ltr'><strong>ἐν</strong></span> <span class='ocrx_word' id='word_1_552' title='bbox 2435 3314 2646 3373; x_wconf 80' lang='grc' dir='ltr'>ἑαυτοῖς</span> <span class='ocrx_word' id='word_1_553' title='bbox 2677 3309 2993 3377; x_wconf 89' lang='grc' dir='ltr'>πάσχοντες,</span> <span class='ocrx_word' id='word_1_554' title='bbox 3025 3305 3059 3375; x_wconf 76' lang='grc' dir='ltr'>ἦ</span> <span class='ocrx_word' id='word_1_555' title='bbox 3083 3321 3141 3356; x_wconf 92' lang='grc' dir='ltr'><strong>τε</strong></span> <span class='ocrx_word' id='word_1_556' title='bbox 3175 3302 3367 3374; x_wconf 92' lang='grc' dir='ltr'>καρδία</span> <span class='ocrx_word' id='word_1_557' title='bbox 3393 3300 3575 3355; x_wconf 83' lang='grc' dir='ltr'>αὐτῶν</span> <span class='ocrx_word' id='word_1_558' title='bbox 3608 3299 3710 3353; x_wconf 72' lang='grc' dir='ltr'>καὶ</span> 
     </span>
    </p>
   </div>
   <div class='ocr_carea' id='block_1_81' title="bbox 2138 3392 3710 3475">
    <p class='ocr_par' dir='ltr' id='par_1_81' title="bbox 2138 3392 3710 3475">
     <span class='ocr_line' id='line_1_81' title="bbox 2138 3392 3710 3475; baseline -0.011 -17"><span class='ocrx_word' id='word_1_559' title='bbox 2138 3403 2445 3475; x_wconf 81' lang='grc' dir='ltr'>διανοητικὴ</span> <span class='ocrx_word' id='word_1_560' title='bbox 2465 3402 2691 3472; x_wconf 89' lang='grc' dir='ltr'>δύναμις</span> <span class='ocrx_word' id='word_1_561' title='bbox 2719 3401 2915 3470; x_wconf 78' lang='grc' dir='ltr'>ἡττᾶτο</span> <span class='ocrx_word' id='word_1_562' title='bbox 2952 3398 3097 3451; x_wconf 79' lang='grc' dir='ltr'>ἔνδον</span> <span class='ocrx_word' id='word_1_563' title='bbox 3135 3397 3193 3449; x_wconf 85' lang='grc' dir='ltr'><strong>ἐν</strong></span> <span class='ocrx_word' id='word_1_564' title='bbox 3221 3396 3448 3456; x_wconf 87' lang='grc' dir='ltr'>ἐαυτοῖς,</span> <span class='ocrx_word' id='word_1_565' title='bbox 3485 3392 3710 3461; x_wconf 79' lang='grc' dir='ltr'>ὑποχω-</span> 
     </span>
    </p>
   </div>
   <div class='ocr_carea' id='block_1_82' title="bbox 2144 3481 3712 3569">
    <p class='ocr_par' dir='ltr' id='par_1_82' title="bbox 2144 3481 3712 3569">
     <span class='ocr_line' id='line_1_82' title="bbox 2144 3481 3712 3569; baseline -0.011 -18"><span class='ocrx_word' id='word_1_566' title='bbox 2144 3496 2309 3569; x_wconf 91' lang='grc' dir='ltr'>ροῦσα</span> <span class='ocrx_word' id='word_1_567' title='bbox 2349 3498 2442 3549; x_wconf 74' lang='grc' dir='ltr'>καὶ</span> <span class='ocrx_word' id='word_1_568' title='bbox 2482 3494 2751 3564; x_wconf 86' lang='grc' dir='ltr'>νικωμένη</span> <span class='ocrx_word' id='word_1_569' title='bbox 2788 3490 2892 3543; x_wconf 83' lang='grc' dir='ltr'><strong>ὑπὸ</strong></span> <span class='ocrx_word' id='word_1_570' title='bbox 2936 3491 3036 3560; x_wconf 91' lang='grc' dir='ltr'><strong>τῆς</strong></span> <span class='ocrx_word' id='word_1_571' title='bbox 3075 3487 3317 3560; x_wconf 82' lang='grc' dir='ltr'>ἀοράτως</span> <span class='ocrx_word' id='word_1_572' title='bbox 3349 3481 3712 3538; x_wconf 78' lang='grc' dir='ltr'>συνελαυνούο</span> 
     </span>
    </p>
   </div>
   <div class='ocr_carea' id='block_1_83' title="bbox 2143 3572 3712 3659">
    <p class='ocr_par' dir='ltr' id='par_1_83' title="bbox 2143 3572 3712 3659">
     <span class='ocr_line' id='line_1_83' title="bbox 2143 3572 3712 3659; baseline -0.01 -19"><span class='ocrx_word' id='word_1_573' title='bbox 2143 3605 2262 3659; x_wconf 84' lang='grc' dir='ltr'>σης,</span> <span class='ocrx_word' id='word_1_574' title='bbox 2291 3587 2384 3640; x_wconf 78' lang='grc' dir='ltr'><strong>καὶ</strong></span> <span class='ocrx_word' id='word_1_575' title='bbox 2413 3585 2581 3657; x_wconf 78' lang='grc' dir='ltr'>πυρὸς</span> <span class='ocrx_word' id='word_1_576' title='bbox 2625 3583 2781 3652; x_wconf 89' lang='grc' dir='ltr'>δίκην</span> <span class='ocrx_word' id='word_1_577' title='bbox 2821 3582 3042 3652; x_wconf 80' lang='grc' dir='ltr'>ἀρρήτῳ</span> <span class='ocrx_word' id='word_1_578' title='bbox 3089 3579 3230 3648; x_wconf 86' lang='grc' dir='ltr'>λόγῳ</span> <span class='ocrx_word' id='word_1_579' title='bbox 3265 3573 3567 3646; x_wconf 87' lang='grc' dir='ltr'>φλεγούσης</span> <span class='ocrx_word' id='word_1_580' title='bbox 3603 3572 3712 3625; x_wconf 75' lang='grc' dir='ltr'><strong>αὐ-</strong></span> 
     </span>
    </p>
   </div>
   <div class='ocr_carea' id='block_1_84' title="bbox 2139 3665 3709 3748">
    <p class='ocr_par' dir='ltr' id='par_1_84' title="bbox 2139 3665 3709 3748">
     <span class='ocr_line' id='line_1_84' title="bbox 2139 3665 3709 3748; baseline -0.013 -14"><span class='ocrx_word' id='word_1_581' title='bbox 2139 3683 2262 3743; x_wconf 74' lang='grc' dir='ltr'>τοὺς</span> <span class='ocrx_word' id='word_1_582' title='bbox 2293 3677 2590 3748; x_wconf 84' lang='grc' dir='ltr'>δυνάμεως.</span> <span class='ocrx_word' id='word_1_583' title='bbox 2632 3674 2789 3727; x_wconf 85' lang='grc' dir='ltr'><strong>Ἀλλά</strong></span> <span class='ocrx_word' id='word_1_584' title='bbox 2817 3676 2937 3725; x_wconf 86' lang='grc' dir='ltr'>τότε</span> <span class='ocrx_word' id='word_1_585' title='bbox 2968 3673 3064 3742; x_wconf 86' lang='grc' dir='ltr'>μὲν</span> <span class='ocrx_word' id='word_1_586' title='bbox 3089 3671 3331 3742; x_wconf 81' lang='grc' dir='ltr'>ἀοράτως</span> <span class='ocrx_word' id='word_1_587' title='bbox 3363 3669 3410 3720; x_wconf 89' lang='grc' dir='ltr'>οἱ</span> <span class='ocrx_word' id='word_1_588' title='bbox 3448 3665 3709 3734; x_wconf 71' lang='grc' dir='ltr'>δαίμονες</span> 
     </span>
    </p>
   </div>
   <div class='ocr_carea' id='block_1_85' title="bbox 2139 3755 3707 3839">
    <p class='ocr_par' dir='ltr' id='par_1_85' title="bbox 2139 3755 3707 3839">
     <span class='ocr_line' id='line_1_85' title="bbox 2139 3755 3707 3839; baseline -0.013 -13"><span class='ocrx_word' id='word_1_589' title='bbox 2139 3772 2310 3826; x_wconf 90' lang='grc' dir='ltr'>ταῦτα</span> <span class='ocrx_word' id='word_1_590' title='bbox 2358 3770 2592 3839; x_wconf 72' lang='grc' dir='ltr'>ἔπασχον</span> <span class='ocrx_word' id='word_1_591' title='bbox 2637 3766 2730 3820; x_wconf 78' lang='grc' dir='ltr'><strong>ἐπὶ</strong></span> <span class='ocrx_word' id='word_1_592' title='bbox 2772 3769 2836 3836; x_wconf 79' lang='grc' dir='ltr'>τῇ</span> <span class='ocrx_word' id='word_1_593' title='bbox 2882 3765 2976 3818; x_wconf 86' lang='grc' dir='ltr'><strong>τοῦ</strong></span> <span class='ocrx_word' id='word_1_594' title='bbox 3026 3763 3276 3833; x_wconf 81' lang='grc' dir='ltr'>Σωτῆρος</span> <span class='ocrx_word' id='word_1_595' title='bbox 3316 3758 3472 3829; x_wconf 79' lang='grc' dir='ltr'>ἡμῶν</span> <span class='ocrx_word' id='word_1_596' title='bbox 3524 3755 3707 3826; x_wconf 82' lang='grc' dir='ltr'>Ἰησοῦ</span> 
     </span>
    </p>
   </div>
   <div class='ocr_carea' id='block_1_86' title="bbox 2140 3846 3708 3934">
    <p class='ocr_par' dir='ltr' id='par_1_86' title="bbox 2140 3846 3708 3934">
     <span class='ocr_line' id='line_1_86' title="bbox 2140 3846 3708 3934; baseline -0.013 -17"><span class='ocrx_word' id='word_1_597' title='bbox 2140 3861 2371 3934; x_wconf 81' lang='grc' dir='ltr'>Χριστοῦ</span> <span class='ocrx_word' id='word_1_598' title='bbox 2397 3863 2474 3922; x_wconf 89' lang='grc' dir='ltr'>εἰς</span> <span class='ocrx_word' id='word_1_599' title='bbox 2504 3859 2601 3930; x_wconf 81' lang='grc' dir='ltr'>τὴν</span> <span class='ocrx_word' id='word_1_600' title='bbox 2623 3857 2891 3925; x_wconf 82' lang='grc' dir='ltr'>Αἴγυπτον</span> <span class='ocrx_word' id='word_1_601' title='bbox 2916 3855 3160 3924; x_wconf 81' lang='grc' dir='ltr'>ἐνσάρκῳ</span> <span class='ocrx_word' id='word_1_602' title='bbox 3190 3849 3465 3921; x_wconf 77' lang='grc' dir='ltr'>ἐπιδημίᾳ.</span> <span class='ocrx_word' id='word_1_603' title='bbox 3483 3846 3708 3916; x_wconf 81' lang='grc' dir='ltr'>Ἐπειδὴ</span> 
     </span>
    </p>
   </div>
   <div class='ocr_carea' id='block_1_87' title="bbox 2139 3938 3709 4024">
    <p class='ocr_par' dir='ltr' id='par_1_87' title="bbox 2139 3938 3709 4024">
     <span class='ocr_line' id='line_1_87' title="bbox 2139 3938 3709 4024; baseline -0.011 -16"><span class='ocrx_word' id='word_1_604' title='bbox 2139 3955 2197 4008; x_wconf 84' lang='grc' dir='ltr'>δὲ</span> <span class='ocrx_word' id='word_1_605' title='bbox 2247 3953 2382 4024; x_wconf 85' lang='grc' dir='ltr'><strong>μετά</strong></span> <span class='ocrx_word' id='word_1_606' title='bbox 2412 3951 2580 4006; x_wconf 86' lang='grc' dir='ltr'>ταῦτα</span> <span class='ocrx_word' id='word_1_607' title='bbox 2628 3949 2848 4020; x_wconf 89' lang='grc' dir='ltr'>γυμνῶς</span> <span class='ocrx_word' id='word_1_608' title='bbox 2900 3947 3002 4018; x_wconf 75' lang='grc' dir='ltr'><strong>ήδη</strong></span> <span class='ocrx_word' id='word_1_609' title='bbox 3047 3944 3228 3997; x_wconf 86' lang='grc' dir='ltr'>λοιπὸν</span> <span class='ocrx_word' id='word_1_610' title='bbox 3270 3943 3330 3994; x_wconf 84' lang='grc' dir='ltr'><strong>τὸ</strong></span> <span class='ocrx_word' id='word_1_611' title='bbox 3373 3939 3503 4010; x_wconf 85' lang='grc' dir='ltr'><strong>περί</strong></span> <span class='ocrx_word' id='word_1_612' title='bbox 3534 3938 3709 3992; x_wconf 80' lang='grc' dir='ltr'>αὑτοῦ</span> 
     </span>
    </p>
   </div>
   <div class='ocr_carea' id='block_1_88' title="bbox 2142 4030 3711 4113">
    <p class='ocr_par' dir='ltr' id='par_1_88' title="bbox 2142 4030 3711 4113">
     <span class='ocr_line' id='line_1_88' title="bbox 2142 4030 3711 4113; baseline -0.011 -14"><span class='ocrx_word' id='word_1_613' title='bbox 2142 4044 2464 4113; x_wconf 86' lang='grc' dir='ltr'>Εὑαγγέλιον</span> <span class='ocrx_word' id='word_1_614' title='bbox 2493 4048 2604 4106; x_wconf 87' lang='grc' dir='ltr'>τοῖς</span> <span class='ocrx_word' id='word_1_615' title='bbox 2636 4040 2965 4110; x_wconf 87' lang='grc' dir='ltr'>Αἰγυπτίοις,</span> <span class='ocrx_word' id='word_1_616' title='bbox 3001 4033 3282 4107; x_wconf 84' lang='grc' dir='ltr'>ὼσπεροῦν</span> <span class='ocrx_word' id='word_1_617' title='bbox 3313 4033 3406 4086; x_wconf 77' lang='grc' dir='ltr'>καὶ</span> <span class='ocrx_word' id='word_1_618' title='bbox 3439 4035 3550 4094; x_wconf 79' lang='grc' dir='ltr'>τοῖς</span> <span class='ocrx_word' id='word_1_619' title='bbox 3588 4030 3711 4083; x_wconf 85' lang='grc' dir='ltr'>λοι-</span> 
     </span>
    </p>
   </div>
   <div class='ocr_carea' id='block_1_89' title="bbox 2143 4120 3712 4206">
    <p class='ocr_par' dir='ltr' id='par_1_89' title="bbox 2143 4120 3712 4206">
     <span class='ocr_line' id='line_1_89' title="bbox 2143 4120 3712 4206; baseline -0.011 -16"><span class='ocrx_word' id='word_1_620' title='bbox 2143 4139 2261 4200; x_wconf 85' lang='grc' dir='ltr'>ποῖς</span> <span class='ocrx_word' id='word_1_621' title='bbox 2293 4135 2517 4199; x_wconf 81' lang='grc' dir='ltr'>ἔθνεσιν,</span> <span class='ocrx_word' id='word_1_622' title='bbox 2552 4134 2905 4206; x_wconf 89' lang='grc' dir='ltr'>ἐκηρύττετο,</span> <span class='ocrx_word' id='word_1_623' title='bbox 2937 4131 2972 4200; x_wconf 78' lang='grc' dir='ltr'>ἦ</span> <span class='ocrx_word' id='word_1_624' title='bbox 2998 4147 3057 4181; x_wconf 89' lang='grc' dir='ltr'><strong>τε</strong></span> <span class='ocrx_word' id='word_1_625' title='bbox 3088 4128 3314 4197; x_wconf 85' lang='grc' dir='ltr'>ἀόρατος</span> <span class='ocrx_word' id='word_1_626' title='bbox 3347 4120 3510 4178; x_wconf 85' lang='grc' dir='ltr'>αὺτοῦ</span> <span class='ocrx_word' id='word_1_627' title='bbox 3542 4121 3712 4174; x_wconf 88' lang='grc' dir='ltr'>δύνα-</span> 
     </span>
    </p>
   </div>
   <div class='ocr_carea' id='block_1_90' title="bbox 2147 4216 3711 4298">
    <p class='ocr_par' dir='ltr' id='par_1_90' title="bbox 2147 4216 3711 4298">
     <span class='ocr_line' id='line_1_90' title="bbox 2147 4216 3711 4298; baseline -0.008 -17"><span class='ocrx_word' id='word_1_628' title='bbox 2147 4245 2235 4298; x_wconf 84' lang='grc' dir='ltr'><strong>μις</strong></span> <span class='ocrx_word' id='word_1_629' title='bbox 2281 4227 2376 4280; x_wconf 76' lang='grc' dir='ltr'><strong>σὺν</strong></span> <span class='ocrx_word' id='word_1_630' title='bbox 2407 4229 2515 4290; x_wconf 87' lang='grc' dir='ltr'>τοῖς</span> <span class='ocrx_word' id='word_1_631' title='bbox 2559 4223 2872 4286; x_wconf 84' lang='grc' dir='ltr'>ἀποστόλοις</span> <span class='ocrx_word' id='word_1_632' title='bbox 2903 4220 3065 4274; x_wconf 78' lang='grc' dir='ltr'>αὑτοῦ</span> <span class='ocrx_word' id='word_1_633' title='bbox 3099 4219 3277 4290; x_wconf 83' lang='grc' dir='ltr'>παρῆν</span> <span class='ocrx_word' id='word_1_634' title='bbox 3312 4216 3532 4287; x_wconf 84' lang='grc' dir='ltr'>ἀφανῶς</span> <span class='ocrx_word' id='word_1_635' title='bbox 3563 4233 3711 4286; x_wconf 78' lang='grc' dir='ltr'><strong>συν.-</strong></span> 
     </span>
    </p>
   </div>
   <div class='ocr_carea' id='block_1_91' title="bbox 2143 4304 3710 4388">
    <p class='ocr_par' dir='ltr' id='par_1_91' title="bbox 2143 4304 3710 4388">
     <span class='ocr_line' id='line_1_91' title="bbox 2143 4304 3710 4388; baseline -0.008 -18"><span class='ocrx_word' id='word_1_636' title='bbox 2143 4318 2452 4388; x_wconf 90' lang='grc' dir='ltr'>πράττουσα</span> <span class='ocrx_word' id='word_1_637' title='bbox 2497 4315 2676 4377; x_wconf 74' lang='grc' dir='ltr'>αὐτοῖς</span> <span class='ocrx_word' id='word_1_638' title='bbox 2693 4353 2708 4378; x_wconf 96' lang='grc'><strong>,</strong></span> <span class='ocrx_word' id='word_1_639' title='bbox 2740 4314 2834 4366; x_wconf 81' lang='grc' dir='ltr'>καὶ</span> <span class='ocrx_word' id='word_1_640' title='bbox 2866 4310 3214 4382; x_wconf 89' lang='grc' dir='ltr'>συνεργοῦσα,</span> <span class='ocrx_word' id='word_1_641' title='bbox 3261 4308 3354 4360; x_wconf 75' lang='grc' dir='ltr'>καὶ</span> <span class='ocrx_word' id='word_1_642' title='bbox 3402 4304 3710 4374; x_wconf 65' lang='grc' dir='ltr'>καταγγέλη</span> 
     </span>
    </p>
   </div>
   <div class='ocr_carea' id='block_1_92' title="bbox 488 4396 2038 4476">
    <p class='ocr_par' dir='ltr' id='par_1_92' title="bbox 488 4401 2038 4476">
     <span class='ocr_line' id='line_1_92' title="bbox 488 4401 2038 4476; baseline -0.014 0"><span class='ocrx_word' id='word_1_643' title='bbox 488 4416 772 4476; x_wconf 68' lang='grc' dir='ltr'><strong>Ροεῑφιεηι</strong></span> <span class='ocrx_word' id='word_1_644' title='bbox 821 4407 981 4476; x_wconf 76' lang='lat' dir='ltr'><strong>plane</strong></span> <span class='ocrx_word' id='word_1_645' title='bbox 1027 4404 1139 4473; x_wconf 83' lang='lat' dir='ltr'><strong>jam</strong></span> <span class='ocrx_word' id='word_1_646' title='bbox 1188 4405 1361 4476; x_wconf 89' lang='lat' dir='ltr'><strong>ipsius</strong></span> <span class='ocrx_word' id='word_1_647' title='bbox 1394 4405 1738 4473; x_wconf 85' lang='lat' dir='ltr'><strong>Evangelium</strong></span> <span class='ocrx_word' id='word_1_648' title='bbox 1774 4401 2038 4474; x_wconf 58' lang='lat' dir='ltr'><strong>ad&#39;tEgy-</strong></span> 
     </span>
    </p>
   </div>
   <div class='ocr_carea' id='block_1_93' title="bbox 2142 4396 3710 4476">
    <p class='ocr_par' dir='ltr' id='par_1_93' title="bbox 2143 4396 3710 4474">
     <span class='ocr_line' id='line_1_93' title="bbox 2143 4396 3710 4474; baseline -0.008 -13"><span class='ocrx_word' id='word_1_649' title='bbox 2143 4409 2306 4463; x_wconf 91' lang='grc' dir='ltr'>λουσα</span> <span class='ocrx_word' id='word_1_650' title='bbox 2353 4407 2419 4461; x_wconf 76' lang='grc' dir='ltr'>δι’</span> <span class='ocrx_word' id='word_1_651' title='bbox 2465 4405 2642 4460; x_wconf 80' lang='grc' dir='ltr'>αὐτῶν</span> <span class='ocrx_word' id='word_1_652' title='bbox 2693 4406 2792 4474; x_wconf 78' lang='grc' dir='ltr'>τὴν</span> <span class='ocrx_word' id='word_1_653' title='bbox 2841 4404 3036 4474; x_wconf 76' lang='grc' dir='ltr'>εὐσεϐῆ</span> <span class='ocrx_word' id='word_1_654' title='bbox 3099 4401 3439 4456; x_wconf 82' lang='grc' dir='ltr'>διδασκαλίαν</span> <span class='ocrx_word' id='word_1_655' title='bbox 3502 4396 3668 4451; x_wconf 84' lang='grc' dir='ltr'>αὑτοῦ</span> <span class='ocrx_word' id='word_1_656' title='bbox 3690 4436 3710 4460; x_wconf 89' lang='grc'><strong>,</strong></span> 
     </span>
    </p>
   </div>
   <div class='ocr_carea' id='block_1_94' title="bbox 488 4493 2044 4564">
    <p class='ocr_par' dir='ltr' id='par_1_94' title="bbox 488 4493 2044 4564">
     <span class='ocr_line' id='line_1_94' title="bbox 488 4493 2044 4564; baseline 0.001 -20"><span class='ocrx_word' id='word_1_657' title='bbox 488 4493 652 4564; x_wconf 82' lang='lat' dir='ltr'><strong>ptios,</strong></span> <span class='ocrx_word' id='word_1_658' title='bbox 693 4494 834 4546; x_wconf 88' lang='lat' dir='ltr'><strong>sicut</strong></span> <span class='ocrx_word' id='word_1_659' title='bbox 861 4493 929 4546; x_wconf 90' lang='lat' dir='ltr'><strong>ad</strong></span> <span class='ocrx_word' id='word_1_660' title='bbox 962 4495 1201 4564; x_wconf 88' lang='lat' dir='ltr'><strong>reliquas</strong></span> <span class='ocrx_word' id='word_1_661' title='bbox 1230 4501 1416 4564; x_wconf 85' lang='lat' dir='ltr'><strong>gentes</strong></span> <span class='ocrx_word' id='word_1_662' title='bbox 1442 4493 1707 4563; x_wconf 89' lang='lat' dir='ltr'><strong>perlatum</strong></span> <span class='ocrx_word' id='word_1_663' title='bbox 1740 4500 1844 4556; x_wconf 84' lang='lat' dir='ltr'><strong>est,</strong></span> <span class='ocrx_word' id='word_1_664' title='bbox 1873 4502 1927 4547; x_wconf 91' lang='lat' dir='ltr'><strong>et</strong></span> <span class='ocrx_word' id='word_1_665' title='bbox 1967 4496 2044 4546; x_wconf 84' lang='lat' dir='ltr'><strong>in-</strong></span> 
     </span>
    </p>
   </div>
   <div class='ocr_carea' id='block_1_95' title="bbox 487 4583 2042 4656">
    <p class='ocr_par' dir='ltr' id='par_1_95' title="bbox 487 4583 2042 4656">
     <span class='ocr_line' id='line_1_95' title="bbox 487 4583 2042 4656; baseline 0.001 -20"><span class='ocrx_word' id='word_1_666' title='bbox 487 4583 719 4638; x_wconf 80' lang='lat' dir='ltr'><strong>visibilis</strong></span> <span class='ocrx_word' id='word_1_667' title='bbox 747 4585 868 4653; x_wconf 88' lang='lat' dir='ltr'><strong>ejus</strong></span> <span class='ocrx_word' id='word_1_668' title='bbox 896 4585 1092 4647; x_wconf 91' lang='lat' dir='ltr'><strong>virtus,</strong></span> <span class='ocrx_word' id='word_1_669' title='bbox 1133 4601 1238 4640; x_wconf 90' lang='lat' dir='ltr'><strong>una</strong></span> <span class='ocrx_word' id='word_1_670' title='bbox 1262 4601 1384 4640; x_wconf 92' lang='lat' dir='ltr'><strong>cum</strong></span> <span class='ocrx_word' id='word_1_671' title='bbox 1405 4585 1524 4654; x_wconf 88' lang='lat' dir='ltr'><strong>ejus</strong></span> <span class='ocrx_word' id='word_1_672' title='bbox 1556 4585 1822 4656; x_wconf 88' lang='lat' dir='ltr'><strong>apostolis</strong></span> <span class='ocrx_word' id='word_1_673' title='bbox 1851 4584 2042 4650; x_wconf 90' lang='lat' dir='ltr'><strong>adfuit,</strong></span> 
     </span>
    </p>
   </div>
   <div class='ocr_carea' id='block_1_96' title="bbox 488 4676 2041 4748">
    <p class='ocr_par' dir='ltr' id='par_1_96' title="bbox 488 4676 2041 4748">
     <span class='ocr_line' id='line_1_96' title="bbox 488 4676 2041 4748; baseline 0.001 -21"><span class='ocrx_word' id='word_1_674' title='bbox 488 4690 608 4748; x_wconf 59' lang='lat' dir='ltr'><strong>quae</strong></span> <span class='ocrx_word' id='word_1_675' title='bbox 642 4676 871 4730; x_wconf 88' lang='lat' dir='ltr'><strong>latenter</strong></span> <span class='ocrx_word' id='word_1_676' title='bbox 906 4677 1030 4731; x_wconf 91' lang='lat' dir='ltr'><strong>illos</strong></span> <span class='ocrx_word' id='word_1_677' title='bbox 1061 4677 1366 4746; x_wconf 87' lang='lat' dir='ltr'><strong>adjuvaret,</strong></span> <span class='ocrx_word' id='word_1_678' title='bbox 1409 4685 1463 4732; x_wconf 91' lang='lat' dir='ltr'><strong>et</strong></span> <span class='ocrx_word' id='word_1_679' title='bbox 1489 4693 1596 4731; x_wconf 88' lang='lat' dir='ltr'><strong>una</strong></span> <span class='ocrx_word' id='word_1_680' title='bbox 1623 4692 1748 4732; x_wconf 89' lang='lat' dir='ltr'><strong>cum</strong></span> <span class='ocrx_word' id='word_1_681' title='bbox 1795 4677 1901 4731; x_wconf 91' lang='lat' dir='ltr'><strong>illis</strong></span> <span class='ocrx_word' id='word_1_682' title='bbox 1928 4691 2041 4731; x_wconf 90' lang='lat' dir='ltr'><strong>rem</strong></span> 
     </span>
    </p>
   </div>
   <div class='ocr_carea' id='block_1_97' title="bbox 491 4767 2044 4840">
    <p class='ocr_par' dir='ltr' id='par_1_97' title="bbox 491 4767 2044 4840">
     <span class='ocr_line' id='line_1_97' title="bbox 491 4767 2044 4840; baseline -0.001 -18"><span class='ocrx_word' id='word_1_683' title='bbox 491 4768 872 4838; x_wconf 83' lang='lat' dir='ltr'><strong>negotiumque</strong></span> <span class='ocrx_word' id='word_1_684' title='bbox 900 4777 1129 4836; x_wconf 77' lang='lat' dir='ltr'><strong>gereret,</strong></span> <span class='ocrx_word' id='word_1_685' title='bbox 1161 4783 1226 4824; x_wconf 92' lang='lat' dir='ltr'><strong>ac</strong></span> <span class='ocrx_word' id='word_1_686' title='bbox 1266 4785 1363 4840; x_wconf 90' lang='lat' dir='ltr'><strong>per</strong></span> <span class='ocrx_word' id='word_1_687' title='bbox 1391 4785 1487 4825; x_wconf 89' lang='lat' dir='ltr'><strong>eos</strong></span> <span class='ocrx_word' id='word_1_688' title='bbox 1531 4769 1838 4840; x_wconf 86' lang='lat' dir='ltr'><strong>religiosam</strong></span> <span class='ocrx_word' id='word_1_689' title='bbox 1871 4767 2044 4838; x_wconf 85' lang='lat' dir='ltr'><strong>piam-</strong></span> 
     </span>
    </p>
   </div>
   <div class='ocr_carea' id='block_1_98' title="bbox 488 4859 2042 4931">
    <p class='ocr_par' dir='ltr' id='par_1_98' title="bbox 488 4859 2042 4931">
     <span class='ocr_line' id='line_1_98' title="bbox 488 4859 2042 4931; baseline 0.001 -19"><span class='ocrx_word' id='word_1_690' title='bbox 488 4876 593 4928; x_wconf 81' lang='lat' dir='ltr'><strong>que</strong></span> <span class='ocrx_word' id='word_1_691' title='bbox 627 4859 796 4930; x_wconf 88' lang='lat' dir='ltr'><strong>ipsius</strong></span> <span class='ocrx_word' id='word_1_692' title='bbox 819 4859 1120 4914; x_wconf 88' lang='lat' dir='ltr'><strong>doctrinam</strong></span> <span class='ocrx_word' id='word_1_693' title='bbox 1155 4861 1532 4922; x_wconf 88' lang='lat' dir='ltr'><strong>denuntiaret,</strong></span> <span class='ocrx_word' id='word_1_694' title='bbox 1565 4876 1842 4931; x_wconf 90' lang='lat' dir='ltr'><strong>unumque</strong></span> <span class='ocrx_word' id='word_1_695' title='bbox 1867 4859 2042 4915; x_wconf 91' lang='lat' dir='ltr'><strong>solum</strong></span> 
     </span>
    </p>
   </div>
   <div class='ocr_carea' id='block_1_99' title="bbox 488 4947 2046 5023">
    <p class='ocr_par' dir='ltr' id='par_1_99' title="bbox 488 4947 2046 5023">
     <span class='ocr_line' id='line_1_99' title="bbox 488 4947 2046 5023; baseline 0.001 -22"><span class='ocrx_word' id='word_1_696' title='bbox 488 4964 553 5002; x_wconf 90' lang='lat' dir='ltr'><strong>ac</strong></span> <span class='ocrx_word' id='word_1_697' title='bbox 586 4964 772 5003; x_wconf 89' lang='lat' dir='ltr'><strong>verum</strong></span> <span class='ocrx_word' id='word_1_698' title='bbox 812 4949 980 5004; x_wconf 92' lang='lat' dir='ltr'><strong>Deum</strong></span> <span class='ocrx_word' id='word_1_699' title='bbox 1033 4950 1216 5005; x_wconf 88' lang='lat' dir='ltr'><strong>colere</strong></span> <span class='ocrx_word' id='word_1_700' title='bbox 1247 4949 1646 5023; x_wconf 80' lang='lat' dir='ltr'><strong>adhortaretur,</strong></span> <span class='ocrx_word' id='word_1_701' title='bbox 1678 4957 1731 5004; x_wconf 88' lang='lat' dir='ltr'><strong>et</strong></span> <span class='ocrx_word' id='word_1_702' title='bbox 1755 4964 1850 5005; x_wconf 91' lang='lat' dir='ltr'><strong>eos</strong></span> <span class='ocrx_word' id='word_1_703' title='bbox 1881 4963 1911 5000; x_wconf 90' lang='lat' dir='ltr'><strong>a</strong></span> <span class='ocrx_word' id='word_1_704' title='bbox 1935 4947 2046 5002; x_wconf 75' lang='lat' dir='ltr'><strong>dae-</strong></span> 
     </span>
    </p>
   </div>
   <div class='ocr_carea' id='block_1_100' title="bbox 489 5040 2043 5110">
    <p class='ocr_par' dir='ltr' id='par_1_100' title="bbox 489 5040 2043 5110">
     <span class='ocr_line' id='line_1_100' title="bbox 489 5040 2043 5110; baseline 0.001 -18"><span class='ocrx_word' id='word_1_705' title='bbox 489 5040 744 5095; x_wconf 87' lang='lat' dir='ltr'><strong>monibus</strong></span> <span class='ocrx_word' id='word_1_706' title='bbox 781 5048 1070 5105; x_wconf 87' lang='lat' dir='ltr'><strong>averteret,</strong></span> <span class='ocrx_word' id='word_1_707' title='bbox 1110 5040 1200 5110; x_wconf 89' lang='lat' dir='ltr'><strong>qui</strong></span> <span class='ocrx_word' id='word_1_708' title='bbox 1233 5041 1387 5110; x_wconf 90' lang='lat' dir='ltr'><strong>prius</strong></span> <span class='ocrx_word' id='word_1_709' title='bbox 1415 5041 1623 5110; x_wconf 91' lang='lat' dir='ltr'><strong>decepti</strong></span> <span class='ocrx_word' id='word_1_710' title='bbox 1664 5040 1914 5094; x_wconf 81' lang='lat' dir='ltr'><strong>fuerant:</strong></span> <span class='ocrx_word' id='word_1_711' title='bbox 1955 5041 2043 5094; x_wconf 92' lang='lat' dir='ltr'><strong>hic</strong></span> 
     </span>
    </p>
   </div>
   <div class='ocr_carea' id='block_1_101' title="bbox 488 5131 2042 5205">
    <p class='ocr_par' dir='ltr' id='par_1_101' title="bbox 488 5131 2042 5205">
     <span class='ocr_line' id='line_1_101' title="bbox 488 5131 2042 5205; baseline 0.001 -21"><span class='ocrx_word' id='word_1_712' title='bbox 488 5131 600 5200; x_wconf 80' lang='lat' dir='ltr'><strong>jam</strong></span> <span class='ocrx_word' id='word_1_713' title='bbox 629 5141 740 5188; x_wconf 93' lang='lat' dir='ltr'><strong>tum</strong></span> <span class='ocrx_word' id='word_1_714' title='bbox 771 5133 1038 5205; x_wconf 65' lang='lat' dir='ltr'><strong>Egyptiis</strong></span> <span class='ocrx_word' id='word_1_715' title='bbox 1070 5134 1210 5188; x_wconf 91' lang='lat' dir='ltr'><strong>sicut</strong></span> <span class='ocrx_word' id='word_1_716' title='bbox 1239 5133 1403 5188; x_wconf 90' lang='lat' dir='ltr'><strong>etiam</strong></span> <span class='ocrx_word' id='word_1_717' title='bbox 1432 5133 1660 5203; x_wconf 82' lang='lat' dir='ltr'><strong>reliquis</strong></span> <span class='ocrx_word' id='word_1_718' title='bbox 1682 5133 1932 5204; x_wconf 88' lang='lat' dir='ltr'><strong>gentibus</strong></span> <span class='ocrx_word' id='word_1_719' title='bbox 1955 5148 2042 5186; x_wconf 89' lang='lat' dir='ltr'><strong>se-</strong></span> 
     </span>
    </p>
   </div>
   <div class='ocr_carea' id='block_1_102' title="bbox 498 5228 2044 5300">
    <p class='ocr_par' dir='ltr' id='par_1_102' title="bbox 498 5228 2044 5300">
     <span class='ocr_line' id='line_1_102' title="bbox 498 5228 2044 5300; baseline -0.001 -19"><span class='ocrx_word' id='word_1_720' title='bbox 498 5229 628 5282; x_wconf 86' lang='lat' dir='ltr'><strong>ditio</strong></span> <span class='ocrx_word' id='word_1_721' title='bbox 657 5230 966 5300; x_wconf 89' lang='lat' dir='ltr'><strong>bellumque</strong></span> <span class='ocrx_word' id='word_1_722' title='bbox 997 5231 1314 5286; x_wconf 90' lang='lat' dir='ltr'><strong>intestinum</strong></span> <span class='ocrx_word' id='word_1_723' title='bbox 1360 5237 1607 5285; x_wconf 79' lang='lat' dir='ltr'><strong>exortum</strong></span> <span class='ocrx_word' id='word_1_724' title='bbox 1642 5238 1745 5292; x_wconf 89' lang='lat' dir='ltr'><strong>est,</strong></span> <span class='ocrx_word' id='word_1_725' title='bbox 1786 5245 1908 5284; x_wconf 89' lang='lat' dir='ltr'><strong>cum</strong></span> <span class='ocrx_word' id='word_1_726' title='bbox 1952 5228 2044 5281; x_wconf 87' lang='lat' dir='ltr'><strong>alii</strong></span> 
     </span>
    </p>
   </div>
   <div class='ocr_carea' id='block_1_103' title="bbox 489 5320 2033 5392">
    <p class='ocr_par' dir='ltr' id='par_1_103' title="bbox 489 5320 2033 5392">
     <span class='ocr_line' id='line_1_103' title="bbox 489 5320 2033 5392; baseline 0 -19"><span class='ocrx_word' id='word_1_727' title='bbox 489 5320 703 5388; x_wconf 91' lang='lat' dir='ltr'><strong>quidem</strong></span> <span class='ocrx_word' id='word_1_728' title='bbox 737 5322 807 5376; x_wconf 91' lang='lat' dir='ltr'><strong>ab</strong></span> <span class='ocrx_word' id='word_1_729' title='bbox 849 5338 1033 5378; x_wconf 88' lang='lat' dir='ltr'><strong>errore</strong></span> <span class='ocrx_word' id='word_1_730' title='bbox 1058 5323 1269 5377; x_wconf 89' lang='lat' dir='ltr'><strong>colendi</strong></span> <span class='ocrx_word' id='word_1_731' title='bbox 1315 5323 1498 5392; x_wconf 88' lang='lat' dir='ltr'><strong>plures</strong></span> <span class='ocrx_word' id='word_1_732' title='bbox 1532 5321 1663 5375; x_wconf 89' lang='lat' dir='ltr'><strong>deos</strong></span> <span class='ocrx_word' id='word_1_733' title='bbox 1699 5321 2033 5381; x_wconf 85' lang='lat' dir='ltr'><strong>recederent,</strong></span> 
     </span>
    </p>
   </div>
   <div class='ocr_carea' id='block_1_104' title="bbox 486 5411 2044 5476">
    <p class='ocr_par' dir='ltr' id='par_1_104' title="bbox 486 5411 2044 5476">
     <span class='ocr_line' id='line_1_104' title="bbox 486 5411 2044 5476; baseline 0.001 -10"><span class='ocrx_word' id='word_1_734' title='bbox 486 5419 542 5466; x_wconf 83' lang='lat' dir='ltr'><strong>et</strong></span> <span class='ocrx_word' id='word_1_735' title='bbox 571 5411 636 5466; x_wconf 92' lang='lat' dir='ltr'><strong>ad</strong></span> <span class='ocrx_word' id='word_1_736' title='bbox 662 5412 866 5468; x_wconf 90' lang='lat' dir='ltr'><strong>Christi</strong></span> <span class='ocrx_word' id='word_1_737' title='bbox 899 5414 990 5469; x_wconf 83' lang='lat' dir='ltr'><strong>Dei</strong></span> <span class='ocrx_word' id='word_1_738' title='bbox 1025 5413 1259 5469; x_wconf 84' lang='lat' dir='ltr'><strong>Verbum</strong></span> <span class='ocrx_word' id='word_1_739' title='bbox 1291 5420 1697 5476; x_wconf 89' lang='lat' dir='ltr'><strong>concurrerent,</strong></span> <span class='ocrx_word' id='word_1_740' title='bbox 1735 5413 1824 5466; x_wconf 90' lang='lat' dir='ltr'><strong>alii</strong></span> <span class='ocrx_word' id='word_1_741' title='bbox 1849 5429 1977 5466; x_wconf 80' lang='lat' dir='ltr'><strong>vero</strong></span> <span class='ocrx_word' id='word_1_742' title='bbox 2015 5427 2044 5467; x_wconf 91' lang='lat' dir='ltr'><strong>e</strong></span> 
     </span>
    </p>
   </div>
   <div class='ocr_carea' id='block_1_105' title="bbox 485 5504 2043 5576">
    <p class='ocr_par' dir='ltr' id='par_1_105' title="bbox 485 5504 2043 5576">
     <span class='ocr_line' id='line_1_105' title="bbox 485 5504 2043 5576; baseline 0.003 -21"><span class='ocrx_word' id='word_1_743' title='bbox 485 5505 763 5558; x_wconf 84' lang='lat' dir='ltr'><strong>contrario</strong></span> <span class='ocrx_word' id='word_1_744' title='bbox 776 5505 874 5558; x_wconf 92' lang='lat' dir='ltr'><strong>hos</strong></span> <span class='ocrx_word' id='word_1_745' title='bbox 895 5505 1043 5574; x_wconf 90' lang='lat' dir='ltr'><strong>ipsos</strong></span> <span class='ocrx_word' id='word_1_746' title='bbox 1065 5513 1632 5576; x_wconf 86' lang='lat' dir='ltr'><strong>oppugnarent,atque</strong></span> <span class='ocrx_word' id='word_1_747' title='bbox 1651 5504 1718 5558; x_wconf 91' lang='lat' dir='ltr'><strong>ad</strong></span> <span class='ocrx_word' id='word_1_748' title='bbox 1733 5504 2043 5574; x_wconf 89' lang='lat' dir='ltr'><strong>hujusmodi</strong></span> 
     </span>
    </p>
   </div>
   <div class='ocr_carea' id='block_1_106' title="bbox 490 5589 2039 5666">
    <p class='ocr_par' dir='ltr' id='par_1_106' title="bbox 490 5589 2039 5666">
     <span class='ocr_line' id='line_1_106' title="bbox 490 5589 2039 5666; baseline 0.002 -22"><span class='ocrx_word' id='word_1_749' title='bbox 490 5589 704 5646; x_wconf 83' lang='lat' dir='ltr'><strong>facinus</strong></span> <span class='ocrx_word' id='word_1_750' title='bbox 752 5607 783 5644; x_wconf 87' lang='lat' dir='ltr'><strong>a</strong></span> <span class='ocrx_word' id='word_1_751' title='bbox 831 5593 1148 5650; x_wconf 90' lang='lat' dir='ltr'><strong>domesticis</strong></span> <span class='ocrx_word' id='word_1_752' title='bbox 1196 5596 1534 5651; x_wconf 68' lang='lat' dir='ltr'><strong>daemonibus</strong></span> <span class='ocrx_word' id='word_1_753' title='bbox 1581 5596 1763 5651; x_wconf 87' lang='lat' dir='ltr'><strong>furore</strong></span> <span class='ocrx_word' id='word_1_754' title='bbox 1807 5595 2039 5666; x_wconf 88' lang='lat' dir='ltr'><strong>quodam</strong></span> 
     </span>
    </p>
   </div>
   <div class='ocr_carea' id='block_1_107' title="bbox 491 5682 2034 5754">
    <p class='ocr_par' dir='ltr' id='par_1_107' title="bbox 491 5682 2034 5754">
     <span class='ocr_line' id='line_1_107' title="bbox 491 5682 2034 5754; baseline -0.001 -15"><span class='ocrx_word' id='word_1_755' title='bbox 491 5682 916 5747; x_wconf 88' lang='lat' dir='ltr'><strong>concitarentur,</strong></span> <span class='ocrx_word' id='word_1_756' title='bbox 962 5685 1098 5741; x_wconf 85' lang='lat' dir='ltr'><strong>adeo</strong></span> <span class='ocrx_word' id='word_1_757' title='bbox 1131 5694 1186 5740; x_wconf 92' lang='lat' dir='ltr'><strong>ut</strong></span> <span class='ocrx_word' id='word_1_758' title='bbox 1229 5685 1428 5742; x_wconf 75' lang='lat' dir='ltr'><strong>fratres</strong></span> <span class='ocrx_word' id='word_1_759' title='bbox 1466 5704 1493 5741; x_wconf 87' lang='lat' dir='ltr'><strong>a</strong></span> <span class='ocrx_word' id='word_1_760' title='bbox 1542 5687 1800 5743; x_wconf 78' lang='lat' dir='ltr'><strong>fratribus</strong></span> <span class='ocrx_word' id='word_1_761' title='bbox 1832 5685 2034 5754; x_wconf 86' lang='lat' dir='ltr'><strong>disjun-</strong></span> 
     </span>
    </p>
   </div>
   <div class='ocr_carea' id='block_1_108' title="bbox 2149 4489 3715 4570">
    <p class='ocr_par' dir='ltr' id='par_1_108' title="bbox 2149 4489 3715 4570">
     <span class='ocr_line' id='line_1_108' title="bbox 2149 4489 3715 4570; baseline -0.006 -18"><span class='ocrx_word' id='word_1_762' title='bbox 2149 4500 2306 4570; x_wconf 89' lang='grc' dir='ltr'>μόνον</span> <span class='ocrx_word' id='word_1_763' title='bbox 2330 4498 2420 4551; x_wconf 82' lang='grc' dir='ltr'><strong>τὸν</strong></span> <span class='ocrx_word' id='word_1_764' title='bbox 2451 4498 2568 4564; x_wconf 82' lang='grc' dir='ltr'>ἐνα,</span> <span class='ocrx_word' id='word_1_765' title='bbox 2594 4498 2684 4550; x_wconf 73' lang='grc' dir='ltr'>καὶ</span> <span class='ocrx_word' id='word_1_766' title='bbox 2718 4496 2874 4567; x_wconf 89' lang='grc' dir='ltr'>μόνον</span> <span class='ocrx_word' id='word_1_767' title='bbox 2903 4494 3072 4565; x_wconf 85' lang='grc' dir='ltr'>ἀληθῆ</span> <span class='ocrx_word' id='word_1_768' title='bbox 3101 4494 3232 4546; x_wconf 84' lang='grc' dir='ltr'>Θεὸν</span> <span class='ocrx_word' id='word_1_769' title='bbox 3258 4489 3497 4545; x_wconf 75' lang='grc' dir='ltr'>εὺσεὸεἰν</span> <span class='ocrx_word' id='word_1_770' title='bbox 3526 4507 3715 4561; x_wconf 70' lang='grc' dir='ltr'>παροι-</span> 
     </span>
    </p>
   </div>
   <div class='ocr_carea' id='block_1_109' title="bbox 2148 4579 3714 4664">
    <p class='ocr_par' dir='ltr' id='par_1_109' title="bbox 2148 4579 3714 4664">
     <span class='ocr_line' id='line_1_109' title="bbox 2148 4579 3714 4664; baseline -0.01 -17"><span class='ocrx_word' id='word_1_771' title='bbox 2148 4593 2494 4664; x_wconf 87' lang='grc' dir='ltr'>κελευομένη,</span> <span class='ocrx_word' id='word_1_772' title='bbox 2527 4591 2633 4645; x_wconf 85' lang='grc' dir='ltr'>τῶν</span> <span class='ocrx_word' id='word_1_773' title='bbox 2669 4590 2725 4644; x_wconf 86' lang='grc' dir='ltr'><strong>δέ</strong></span> <span class='ocrx_word' id='word_1_774' title='bbox 2769 4589 3032 4660; x_wconf 88' lang='grc' dir='ltr'>δαιμόνων</span> <span class='ocrx_word' id='word_1_775' title='bbox 3063 4586 3187 4650; x_wconf 77' lang='grc' dir='ltr'>τοὺς</span> <span class='ocrx_word' id='word_1_776' title='bbox 3239 4583 3402 4637; x_wconf 88' lang='grc' dir='ltr'>πάλαι</span> <span class='ocrx_word' id='word_1_777' title='bbox 3430 4579 3714 4650; x_wconf 79' lang='grc' dir='ltr'>πεπλανη-</span> 
     </span>
    </p>
   </div>
   <div class='ocr_carea' id='block_1_110' title="bbox 2153 4672 3710 4754">
    <p class='ocr_par' dir='ltr' id='par_1_110' title="bbox 2153 4672 3710 4754">
     <span class='ocr_line' id='line_1_110' title="bbox 2153 4672 3710 4754; baseline -0.008 -17"><span class='ocrx_word' id='word_1_778' title='bbox 2153 4684 2342 4754; x_wconf 89' lang='grc' dir='ltr'>μένους</span> <span class='ocrx_word' id='word_1_779' title='bbox 2385 4681 2684 4751; x_wconf 76' lang='grc' dir='ltr'><strong>ἀφιστῶσα⁸</strong></span> <span class='ocrx_word' id='word_1_780' title='bbox 2729 4678 2960 4734; x_wconf 82' lang='grc' dir='ltr'>ἐνταῦθα</span> <span class='ocrx_word' id='word_1_781' title='bbox 2995 4676 3176 4731; x_wconf 76' lang='grc' dir='ltr'>λοιπὸν</span> <span class='ocrx_word' id='word_1_782' title='bbox 3222 4674 3322 4746; x_wconf 77' lang='grc' dir='ltr'><strong>ήδη</strong></span> <span class='ocrx_word' id='word_1_783' title='bbox 3366 4672 3710 4740; x_wconf 80' lang='grc' dir='ltr'>Αἰγυπτίοις,</span> 
     </span>
    </p>
   </div>
   <div class='ocr_carea' id='block_1_111' title="bbox 2148 4761 3714 4845">
    <p class='ocr_par' dir='ltr' id='par_1_111' title="bbox 2148 4761 3714 4845">
     <span class='ocr_line' id='line_1_111' title="bbox 2148 4761 3714 4845; baseline -0.008 -19"><span class='ocrx_word' id='word_1_784' title='bbox 2148 4771 2427 4845; x_wconf 85' lang='grc' dir='ltr'>ὠσπεροῦν</span> <span class='ocrx_word' id='word_1_785' title='bbox 2453 4772 2546 4824; x_wconf 80' lang='grc' dir='ltr'>κα¹ι</span> <span class='ocrx_word' id='word_1_786' title='bbox 2575 4773 2685 4833; x_wconf 88' lang='grc' dir='ltr'>τοῖς</span> <span class='ocrx_word' id='word_1_787' title='bbox 2724 4770 2926 4830; x_wconf 87' lang='grc' dir='ltr'>λοιποῖς</span> <span class='ocrx_word' id='word_1_788' title='bbox 2967 4765 3141 4820; x_wconf 69' lang='grc' dir='ltr'>ἔθνεσι</span> <span class='ocrx_word' id='word_1_789' title='bbox 3160 4806 3175 4831; x_wconf 90' lang='grc'><strong>,</strong></span> <span class='ocrx_word' id='word_1_790' title='bbox 3204 4764 3388 4826; x_wconf 83' lang='grc' dir='ltr'>στάσις</span> <span class='ocrx_word' id='word_1_791' title='bbox 3419 4762 3510 4816; x_wconf 85' lang='grc' dir='ltr'><strong>καί</strong></span> <span class='ocrx_word' id='word_1_792' title='bbox 3549 4761 3714 4815; x_wconf 87' lang='grc' dir='ltr'>πόλε-</span> 
     </span>
    </p>
   </div>
   <div class='ocr_carea' id='block_1_112' title="bbox 2153 4854 3710 4935">
    <p class='ocr_par' dir='ltr' id='par_1_112' title="bbox 2153 4854 3710 4935">
     <span class='ocr_line' id='line_1_112' title="bbox 2153 4854 3710 4935; baseline -0.008 -18"><span class='ocrx_word' id='word_1_793' title='bbox 2153 4881 2250 4935; x_wconf 86' lang='grc' dir='ltr'><strong>μος</strong></span> <span class='ocrx_word' id='word_1_794' title='bbox 2275 4862 2532 4934; x_wconf 87' lang='grc' dir='ltr'>ἐμφύλιος</span> <span class='ocrx_word' id='word_1_795' title='bbox 2557 4861 2857 4923; x_wconf 87' lang='grc' dir='ltr'>συνίστατο,</span> <span class='ocrx_word' id='word_1_796' title='bbox 2881 4857 2987 4912; x_wconf 88' lang='grc' dir='ltr'>τῶν</span> <span class='ocrx_word' id='word_1_797' title='bbox 3025 4857 3123 4928; x_wconf 82' lang='grc' dir='ltr'>μὲν</span> <span class='ocrx_word' id='word_1_798' title='bbox 3154 4854 3576 4926; x_wconf 85' lang='grc' dir='ltr'>ἀναχωρούντων</span> <span class='ocrx_word' id='word_1_799' title='bbox 3609 4854 3710 4925; x_wconf 89' lang='grc' dir='ltr'><strong>τῆς</strong></span> 
     </span>
    </p>
   </div>
   <div class='ocr_carea' id='block_1_113' title="bbox 2149 4946 3710 5023">
    <p class='ocr_par' dir='ltr' id='par_1_113' title="bbox 2149 4946 3710 5023">
     <span class='ocr_line' id='line_1_113' title="bbox 2149 4946 3710 5023; baseline -0.006 -15"><span class='ocrx_word' id='word_1_800' title='bbox 2149 4955 2406 5008; x_wconf 88' lang='grc' dir='ltr'>πολυθέου</span> <span class='ocrx_word' id='word_1_801' title='bbox 2429 4953 2655 5023; x_wconf 89' lang='grc' dir='ltr'>πλάνης,</span> <span class='ocrx_word' id='word_1_802' title='bbox 2685 4951 2777 5006; x_wconf 74' lang='grc' dir='ltr'><strong>καὶ</strong></span> <span class='ocrx_word' id='word_1_803' title='bbox 2800 4950 2878 5021; x_wconf 83' lang='grc' dir='ltr'>τῷ</span> <span class='ocrx_word' id='word_1_804' title='bbox 2913 4948 3046 5002; x_wconf 88' lang='grc' dir='ltr'>Θεοῦ</span> <span class='ocrx_word' id='word_1_805' title='bbox 3087 4946 3320 5019; x_wconf 85' lang='grc' dir='ltr'>Χριστοῦ</span> <span class='ocrx_word' id='word_1_806' title='bbox 3367 4946 3509 5016; x_wconf 87' lang='grc' dir='ltr'>λόγῳ</span> <span class='ocrx_word' id='word_1_807' title='bbox 3533 4961 3710 5018; x_wconf 77' lang='grc' dir='ltr'>προσ-</span> 
     </span>
    </p>
   </div>
   <div class='ocr_carea' id='block_1_114' title="bbox 2147 5036 3710 5118">
    <p class='ocr_par' dir='ltr' id='par_1_114' title="bbox 2147 5036 3710 5118">
     <span class='ocr_line' id='line_1_114' title="bbox 2147 5036 3710 5118; baseline -0.007 -19"><span class='ocrx_word' id='word_1_808' title='bbox 2147 5047 2442 5118; x_wconf 80' lang='grc' dir='ltr'>τρεχόντων</span> <span class='ocrx_word' id='word_1_809' title='bbox 2461 5085 2474 5108; x_wconf 93' lang='grc'><strong>,</strong></span> <span class='ocrx_word' id='word_1_810' title='bbox 2520 5043 2625 5096; x_wconf 82' lang='grc' dir='ltr'><strong>τῶν</strong></span> <span class='ocrx_word' id='word_1_811' title='bbox 2668 5043 2724 5095; x_wconf 80' lang='grc' dir='ltr'>δὲ</span> <span class='ocrx_word' id='word_1_812' title='bbox 2765 5042 2822 5108; x_wconf 86' lang='grc' dir='ltr'><strong>ἐξ</strong></span> <span class='ocrx_word' id='word_1_813' title='bbox 2867 5039 3111 5104; x_wconf 83' lang='grc' dir='ltr'>ἐναντίας</span> <span class='ocrx_word' id='word_1_814' title='bbox 3151 5039 3355 5102; x_wconf 89' lang='grc' dir='ltr'>τούτοις</span> <span class='ocrx_word' id='word_1_815' title='bbox 3406 5036 3710 5108; x_wconf 81' lang='grc' dir='ltr'>πολεμούν-</span> 
     </span>
    </p>
   </div>
   <div class='ocr_carea' id='block_1_115' title="bbox 2148 5129 3708 5203">
    <p class='ocr_par' dir='ltr' id='par_1_115' title="bbox 2148 5129 3708 5203">
     <span class='ocr_line' id='line_1_115' title="bbox 2148 5129 3708 5203; baseline -0.006 -13"><span class='ocrx_word' id='word_1_816' title='bbox 2148 5157 2274 5201; x_wconf 87' lang='grc' dir='ltr'>των,</span> <span class='ocrx_word' id='word_1_817' title='bbox 2311 5137 2403 5191; x_wconf 77' lang='grc' dir='ltr'><strong>καί</strong></span> <span class='ocrx_word' id='word_1_818' title='bbox 2433 5137 2535 5188; x_wconf 84' lang='grc' dir='ltr'><strong>ὑπὸ</strong></span> <span class='ocrx_word' id='word_1_819' title='bbox 2561 5135 2666 5188; x_wconf 82' lang='grc' dir='ltr'><strong>τῶν</strong></span> <span class='ocrx_word' id='word_1_820' title='bbox 2689 5133 2898 5187; x_wconf 85' lang='grc' dir='ltr'>οἰκείων</span> <span class='ocrx_word' id='word_1_821' title='bbox 2930 5134 3198 5203; x_wconf 88' lang='grc' dir='ltr'>δαιμόνων</span> <span class='ocrx_word' id='word_1_822' title='bbox 3227 5129 3708 5200; x_wconf 79' lang='grc' dir='ltr'>ἐξοιστρουμένων,</span> 
     </span>
    </p>
   </div>
   <div class='ocr_carea' id='block_1_116' title="bbox 2148 5220 3711 5296">
    <p class='ocr_par' dir='ltr' id='par_1_116' title="bbox 2148 5220 3711 5296">
     <span class='ocr_line' id='line_1_116' title="bbox 2148 5220 3711 5296; baseline -0.007 -14"><span class='ocrx_word' id='word_1_823' title='bbox 2148 5230 2236 5293; x_wconf 58' lang='grc' dir='ltr'><strong>ὠς*</strong></span> <span class='ocrx_word' id='word_1_824' title='bbox 2254 5230 2347 5284; x_wconf 74' lang='grc' dir='ltr'><strong>καὶ</strong></span> <span class='ocrx_word' id='word_1_825' title='bbox 2377 5227 2635 5296; x_wconf 77' lang='grc' dir='ltr'>ἀδελφοὺς</span> <span class='ocrx_word' id='word_1_826' title='bbox 2663 5225 2900 5296; x_wconf 86' lang='grc' dir='ltr'>ἀλλήλων</span> <span class='ocrx_word' id='word_1_827' title='bbox 2931 5226 3232 5280; x_wconf 87' lang='grc' dir='ltr'>διίστασθαι</span> <span class='ocrx_word' id='word_1_828' title='bbox 3253 5264 3266 5288; x_wconf 93' lang='grc'><strong>,</strong></span> <span class='ocrx_word' id='word_1_829' title='bbox 3307 5222 3399 5276; x_wconf 80' lang='grc' dir='ltr'>καὶ</span> <span class='ocrx_word' id='word_1_830' title='bbox 3432 5223 3557 5284; x_wconf 76' lang='grc' dir='ltr'>τοὺς</span> <span class='ocrx_word' id='word_1_831' title='bbox 3591 5220 3711 5289; x_wconf 85' lang='grc' dir='ltr'>φιλ-</span> 
     </span>
    </p>
   </div>
   <div class='ocr_carea' id='block_1_117' title="bbox 2149 5313 3709 5388">
    <p class='ocr_par' dir='ltr' id='par_1_117' title="bbox 2149 5313 3709 5388">
     <span class='ocr_line' id='line_1_117' title="bbox 2149 5313 3709 5388; baseline -0.004 -15"><span class='ocrx_word' id='word_1_832' title='bbox 2149 5321 2339 5382; x_wconf 85' lang='grc' dir='ltr'>τάτους</span> <span class='ocrx_word' id='word_1_833' title='bbox 2364 5319 2449 5372; x_wconf 87' lang='grc' dir='ltr'><strong>διά</strong></span> <span class='ocrx_word' id='word_1_834' title='bbox 2493 5316 2659 5386; x_wconf 79' lang='grc' dir='ltr'>ξιφῶν</span> <span class='ocrx_word' id='word_1_835' title='bbox 2697 5320 2889 5386; x_wconf 86' lang='grc' dir='ltr'>χωρεῖν</span> <span class='ocrx_word' id='word_1_836' title='bbox 2935 5318 3031 5386; x_wconf 84' lang='grc' dir='ltr'><strong>τῆς</strong></span> <span class='ocrx_word' id='word_1_837' title='bbox 3071 5316 3162 5369; x_wconf 88' lang='grc' dir='ltr'><strong>τοῦ</strong></span> <span class='ocrx_word' id='word_1_838' title='bbox 3195 5314 3427 5388; x_wconf 86' lang='grc' dir='ltr'>Χριστοῦ</span> <span class='ocrx_word' id='word_1_839' title='bbox 3451 5313 3709 5366; x_wconf 81' lang='grc' dir='ltr'>διδασκα-</span> 
     </span>
    </p>
   </div>
   <div class='ocr_carea' id='block_1_118' title="bbox 2149 5406 3710 5480">
    <p class='ocr_par' dir='ltr' id='par_1_118' title="bbox 2149 5406 3710 5480">
     <span class='ocr_line' id='line_1_118' title="bbox 2149 5406 3710 5480; baseline -0.004 -17"><span class='ocrx_word' id='word_1_840' title='bbox 2149 5411 2267 5474; x_wconf 84' lang='grc' dir='ltr'>λίας</span> <span class='ocrx_word' id='word_1_841' title='bbox 2295 5412 2494 5464; x_wconf 75' lang='grc' dir='ltr'>ἕνεκεν.</span> <span class='ocrx_word' id='word_1_842' title='bbox 2522 5411 2686 5480; x_wconf 72' lang='grc' dir='ltr'>Φησίν</span> <span class='ocrx_word' id='word_1_843' title='bbox 2713 5413 2740 5463; x_wconf 90' lang='grc' dir='ltr'><strong>ὁ</strong></span> <span class='ocrx_word' id='word_1_844' title='bbox 2765 5411 3002 5480; x_wconf 76' lang='grc' dir='ltr'>χρησμός</span> <span class='ocrx_word' id='word_1_845' title='bbox 3021 5429 3033 5440; x_wconf 94' lang='grc'><strong>·</strong></span> <span class='ocrx_word' id='word_1_846' title='bbox 3073 5431 3090 5462; x_wconf 75' lang='grc' dir='ltr'><strong>ι</strong></span> <span class='ocrx_word' id='word_1_847' title='bbox 3117 5411 3223 5464; x_wconf 78' lang='grc' dir='ltr'><strong>Καὶ</strong></span> <span class='ocrx_word' id='word_1_848' title='bbox 3248 5406 3710 5479; x_wconf 79' lang='grc' dir='ltr'>ἐπεγερθήσονται</span> 
     </span>
    </p>
   </div>
   <div class='ocr_carea' id='block_1_119' title="bbox 2149 5493 3709 5568">
    <p class='ocr_par' dir='ltr' id='par_1_119' title="bbox 2149 5493 3709 5568">
     <span class='ocr_line' id='line_1_119' title="bbox 2149 5493 3709 5568; baseline -0.005 -14"><span class='ocrx_word' id='word_1_849' title='bbox 2149 5502 2430 5568; x_wconf 86' lang='grc' dir='ltr'>Αἰγύπτιοι</span> <span class='ocrx_word' id='word_1_850' title='bbox 2463 5500 2919 5567; x_wconf 83' lang='grc' dir='ltr'>ἐπ’-Αἰγυπτίους,</span> <span class='ocrx_word' id='word_1_851' title='bbox 2951 5500 3044 5554; x_wconf 78' lang='grc' dir='ltr'>καὶ</span> <span class='ocrx_word' id='word_1_852' title='bbox 3087 5499 3377 5568; x_wconf 86' lang='grc' dir='ltr'>πολεμήσει</span> <span class='ocrx_word' id='word_1_853' title='bbox 3419 5493 3709 5565; x_wconf 75' lang='grc' dir='ltr'>ἄνθρωπος</span> 
     </span>
    </p>
   </div>
   <div class='ocr_carea' id='block_1_120' title="bbox 2150 5585 3708 5661">
    <p class='ocr_par' dir='ltr' id='par_1_120' title="bbox 2150 5585 3708 5661">
     <span class='ocr_line' id='line_1_120' title="bbox 2150 5585 3708 5661; baseline -0.006 -14"><span class='ocrx_word' id='word_1_854' title='bbox 2150 5595 2237 5647; x_wconf 74' lang='grc' dir='ltr'>τὸν</span> <span class='ocrx_word' id='word_1_855' title='bbox 2283 5593 2504 5661; x_wconf 85' lang='grc' dir='ltr'>ἀδελφὸν</span> <span class='ocrx_word' id='word_1_856' title='bbox 2543 5593 2736 5656; x_wconf 79' lang='grc' dir='ltr'>αὐτοῦ,</span> <span class='ocrx_word' id='word_1_857' title='bbox 2780 5592 2872 5645; x_wconf 79' lang='grc' dir='ltr'><strong>καὶ</strong></span> <span class='ocrx_word' id='word_1_858' title='bbox 2917 5592 3193 5660; x_wconf 76' lang='grc' dir='ltr'>ἅνθρωπος</span> <span class='ocrx_word' id='word_1_859' title='bbox 3230 5591 3320 5644; x_wconf 84' lang='grc' dir='ltr'><strong>τὸν</strong></span> <span class='ocrx_word' id='word_1_860' title='bbox 3354 5587 3580 5658; x_wconf 84' lang='grc' dir='ltr'>πλησίον</span> <span class='ocrx_word' id='word_1_861' title='bbox 3613 5585 3708 5640; x_wconf 80' lang='grc' dir='ltr'><strong>αὐ-</strong></span> 
     </span>
    </p>
   </div>
   <div class='ocr_carea' id='block_1_121' title="bbox 2149 5679 3710 5753">
    <p class='ocr_par' dir='ltr' id='par_1_121' title="bbox 2149 5679 3710 5753">
     <span class='ocr_line' id='line_1_121' title="bbox 2149 5679 3710 5753; baseline -0.002 -17"><span class='ocrx_word' id='word_1_862' title='bbox 2149 5682 2258 5736; x_wconf 81' lang='grc' dir='ltr'>τοῦ.</span> <span class='ocrx_word' id='word_1_863' title='bbox 2299 5703 2315 5732; x_wconf 75' lang='grc' dir='ltr'><strong>ι</strong></span> <span class='ocrx_word' id='word_1_864' title='bbox 2349 5681 2634 5734; x_wconf 82' lang='grc' dir='ltr'>Πιστοῦται</span> <span class='ocrx_word' id='word_1_865' title='bbox 2680 5682 2734 5735; x_wconf 81' lang='grc' dir='ltr'><strong>δὲ</strong></span> <span class='ocrx_word' id='word_1_866' title='bbox 2773 5682 2865 5752; x_wconf 82' lang='grc' dir='ltr'><strong>τὴν</strong></span> <span class='ocrx_word' id='word_1_867' title='bbox 2912 5681 3241 5753; x_wconf 72' lang='grc' dir='ltr'>προφητικὴν</span> <span class='ocrx_word' id='word_1_868' title='bbox 3287 5681 3588 5752; x_wconf 73' lang='grc' dir='ltr'>πρόρρησιν</span> <span class='ocrx_word' id='word_1_869' title='bbox 3615 5679 3710 5733; x_wconf 73' lang='grc' dir='ltr'><strong>καὶ</strong></span> 
     </span>
    </p>
   </div>
  </div>
