3916 6200
208 222 313 312 ἐπι

1110 232 1762 310 DEMONSTRATIONIS
1796 252 2255 310 armorum;
2293 253 2420 310 us.
2461 255 2549 311 vr.

3323 262 3426 315 ιη

206 366 360 431 αὐτὸς
387 368 418 420 ό
442 366 630 436 Σωτὴρ
669 364 845 436 ἡμῶν,
876 365 1097 433 φάσκων
1147 368 1203 418 ἐν
1243 368 1357 429 τοῖς
1389 364 1757 434 Εὐαγγελίοιςο

1861 342 2140 436 gerentur,
2167 375 2221 424 et
2245 369 2506 425 doctrina:
2532 350 2735 425 Christi
2765 386 2951 435 causa,
2976 375 3134 429 etiam
3162 377 3426 436 charissio

208 479 228 515 ε
258 456 570 528 Παραδώσει
597 456 820 525 ἁδελφὸς
853 457 1080 524 ἀδελφὸν
1111 458 1188 520 είς
1230 456 1474 519 θάνατον,
1520 456 1614 510 καὶ
1655 473 1760 512 πα-

199 552 301 622 τὴρ
347 549 564 614 τέκνον,
597 550 691 601 καὶ
732 549 1190 618 ἐπαναστήσονται
1234 548 1399 601 τέκνα
1442 548 1533 599 ἐπὶ
1561 550 1756 615 γονεῖς,

202 644 293 697 καὶ
323 639 716 694 θανατώσουσιν
758 639 967 703 αὐτούς.
1017 659 1036 690 ι
1078 640 1185 693 Καὶ
1217 634 1397 701 αὖθιςο
1434 657 1452 690 ι
1492 638 1581 710 Μὴ
1612 640 1762 709 νομί-

203 747 350 801 σητε,
383 731 465 783 ὃτι
508 724 670 799 ἦλθον
708 728 926 798 εἰρήνην
965 726 1143 780 δοῦναι
1177 727 1234 778 ἐν
1256 730 1321 797 τῇ
1351 729 1443 797 γῇ,
1471 727 1591 796 οὐχὶ
1620 727 1761 796 λέγω

205 822 347 891 ὑμῖν,
374 819 489 874 ἀλλ’
517 820 549 891 ἢ
588 818 943 889 διαμερισμόν
963 835 975 848 ·
1018 818 1226 871 ἔσονται
1262 819 1372 890 γὰρ
1400 819 1507 872 ἀπὸ
1540 817 1633 872 τοῦ
1666 817 1759 870 νῦν

204 912 357 965 πέντε
383 914 439 964 ἐν
472 912 606 981 οίκῳ
637 911 717 964 ἐν)⁸
758 911 1255 981 διαμεμερισμένοι’
1292 914 1443 981 τρεῖς
1468 912 1561 964 ἐπὶ
1588 911 1757 974 δυσὶν,

201 1001 291 1056 καὶ
319 1000 409 1054 δύο
441 1000 532 1051 ἐπὶ
568 999 729 1070 τρισί.
756 999 1265 1071 Διαμερισθήσονται
1300 1000 1477 1072 πατὴρ
1515 1000 1603 1053 ἐπὶ
1637 1000 1757 1070 υἱῷ,

200 1091 291 1145 καὶ
332 1092 443 1154 υίὸς
483 1090 580 1142 ἐπί⁸
614 1089 799 1161 πατρὶ,
853 1092 1029 1163 μήτηρ
1071 1093 1163 1144 ἐπὶ
1199 1093 1299 1164 τὴν
1348 1092 1639 1165 θυγατέρα,
1668 1095 1762 1146 καὶ

198 1181 439 1253 θυγάτηρ
485 1183 579 1234 ἐπὶ
606 1180 703 1252 τὴν
748 1182 980 1253 μητέρα,
1012 1182 1250 1254 πενθερὰ
1279 1184 1371 1236 ἐπὶ
1397 1184 1493 1255 τὴν
1521 1184 1757 1255 νύμφην,

199 1277 289 1329 καὶ
333 1276 517 1348 νύμφη
565 1276 657 1328 ἐπὶ
695 1276 791 1347 τὴν
834 1276 1117 1349 πενθεράν.
1166 1297 1183 1328 ι
1216 1279 1279 1330 Τί
1322 1279 1429 1351 γὰρ
1465 1279 1635 1334 ταῦτα
1662 1281 1759 1350 τῆς

198 1370 533 1441 προφητικῆς
565 1368 805 1440 διαφέροι
847 1368 912 1421 ἂν
948 1368 1164 1438 φωνῆς,
1198 1369 1291 1421 ἐπὶ
1320 1374 1386 1441 τῇ
1432 1371 1522 1424 τοῦ
1557 1372 1758 1443 Κυρίου

199 1465 278 1527 εἰς
318 1463 586 1531 Αἴγυπτον
632 1461 904 1532 παρουσίᾳ
946 1460 1247 1530 λεγούσης,
1296 1462 1757 1533 ἐπεγερθήσεσθαι

195 1554 522 1623 Αἰγυπτίους
554 1555 673 1606 κατ’
702 1551 1040 1620 Αἰγυπτίων,
1072 1551 1164 1604 καὶ
1200 1551 1525 1625 πολεμήσειν
1551 1553 1760 1623 ἄνθρω-

198 1661 294 1697 πον
341 1643 432 1698 τὸν
468 1642 688 1711 ἀδελφὸν
715 1639 916 1703 αὐτοῦς
952 1638 1061 1691 Kal.
1095 1639 1255 1708 νόμος
1292 1640 1348 1692 δὲ
1377 1642 1405 1692 ὁ
1433 1640 1530 1710 τῆς
1551 1640 1755 1709 καινῆς

197 1733 463 1804 Διαθήκης
501 1731 593 1783 τοῦ
633 1729 865 1801 Χριστοῦ
913 1729 1003 1782 ἐπὶ
1048 1729 1211 1799 νόμον
1243 1727 1334 1783 τὸν
1367 1730 1465 1801 τῆς
1498 1728 1756 1782 πολυθέου
1787 1712 1830 1768 Β

196 1822 614 1892 δεισιδαιμονίας
688 1819 969 1891 ήγείρετο,
1033 1819 1122 1871 ὅτε
1193 1818 1299 1872 τῶν
1362 1818 1758 1890 εἰδωλολατρῶν

196 1913 359 1967 ἐθνῶν
389 1916 549 1985 νόμος
572 1915 669 1984 τὴν
698 1913 931 1984 Χριστοῦ
977 1912 1229 1982 πολεμῶν
1267 1914 1630 1976 διδασκαλίαν,
1662 1914 1759 1966 πό-

194 2004 273 2069 λις
296 2022 356 2058 τε
397 2009 492 2061 καὶ
517 1999 758 2061 πολὶτεία
795 2009 894 2079 τῆς
934 2010 991 2062 ἐν
1018 2006 1236 2081 Χριστῷ
1296 2006 1616 2076 Ἐκκλησίας
1648 2010 1758 2070 τοῖς

193 2100 294 2153 τῶν
340 2101 586 2154 ἀπίστων
632 2101 800 2155 ἐθνῶν
847 2102 1237 2173 πολιτεύμασιν
1284 2102 1625 2155 ἐπανίστατο.
1669 2102 1759 2155 Διὸ

191 2192 457 2245 λέλεκται·
492 2212 509 2244 ι
554 2193 712 2257 Πόλις
750 2194 843 2247 ἐπὶ
879 2194 1051 2257 πόλιν,
1086 2194 1181 2247 καὶ
1207 2194 1369 2263 νόμος
1394 2194 1485 2246 ἐπὶ
1517 2192 1695 2263 νόμον.
1732 2212 1750 2244 ι

196 2285 349 2338 Ἔστι
373 2283 429 2336 δὲ
451 2285 543 2337 ἐπὶ
563 2285 769 2349 τούτοις
792 2286 917 2350 τούς
938 2287 1267 2354 Αίγυπτίους
1293 2284 1500 2349 πάντας
1533 2285 1657 2348 τοὺς
1681 2286 1758 2337 εἰ-

191 2374 548 2446 δωλολάτρας,
588 2375 648 2428 τό
694 2393 753 2429 τε
778 2377 1031 2449 ἐνεργοῦν
1053 2381 1111 2431 ἐν
1148 2378 1329 2441 αὐτοῖς
1350 2376 1449 2446 τῆς
1482 2376 1758 2431 εἰδωλολα-

191 2467 373 2537 τρείας
405 2467 655 2538 πνεῦμα,
690 2469 920 2523 συνιδεῖν
959 2471 1394 2541 ταραττομένους
1430 2469 1594 2522 εἰσέτι
1639 2469 1753 2535 νῦν,

188 2558 281 2610 καὶ
307 2557 479 2611 πολλὰ
513 2560 610 2630 μὲν
639 2559 1053 2632 βουλευομένους
1094 2562 1234 2615 κατὰ
1265 2563 1364 2633 τῆς
1395 2561 1488 2614 τοῦ
1521 2561 1755 2633 Χριστοῦ

186 2650 551 2715 διδασκαλίας,
585 2652 660 2716 ὡς
690 2653 756 2706 ἂν
811 2653 1050 2707 σϐέσοιεν
1097 2656 1286 2727 αὐτὴν,
1321 2657 1416 2709 καὶ
1459 2654 1519 2719 ἐξ
1549 2654 1757 2727 ἀνθρὼ-

188 2757 304 2795 ⁸πων
335 2742 670 2810 ἀφανίσοιεν,
702 2744 1048 2799 διασκεδαννυ
1058 2746 1249 2817 μένους
1272 2745 1329 2798 δὲ
1347 2745 1451 2798 ὑπὸ
1475 2744 1569 2798 τοῦ
1598 2745 1754 2809 Θεοῦ,

189 2834 459 2904 φήσαντος
485 2836 541 2887 ἐν
572 2837 639 2906 τῇ
678 2838 981 2909 προφητείᾳ
1003 2855 1015 2867 ·
1053 2856 1070 2887 σ
1110 2837 1215 2891 Καὶ
1253 2837 1651 2909 ταραχθήσεται
1698 2837 1759 2890 τὸ

189 2924 408 2995 πνεῦμα
450 2925 559 2979 τῶν
607 2928 914 2997 Αἰγυπτίων
956 2931 1012 2981 ἐν
1048 2930 1248 2993 αὐτοῖς,
1291 2930 1385 2984 καὶ
1432 2929 1530 2998 τήν
1565 2929 1756 2998 βουλὴν

1859 470 1981 510 mos
2035 457 2140 513 sibi
2174 458 2367 528 gladiis
2394 458 2787 528 transﬁgerent.
2820 459 2908 513 Ait
2934 461 3075 515 enim
3105 466 3419 521 oraculum;

1866 564 1883 594 ι
1917 545 1987 598 Et.
2039 548 2419 602 excitabuntur
2479 546 2719 617 Egyptii
2771 555 2960 603 contra
3012 549 3315 622 Egyptios,
3370 562 3425 610 et

1862 636 2069 690 bellum
2103 646 2250 706 geret
2291 639 2453 692 homo
2496 645 2685 691 contra
2715 638 2935 693 fratrem
2964 654 3146 708 suum,
3175 651 3228 695 et
3259 644 3425 700 homo

1865 735 2061 780 contra
2105 726 2407 795 proximum
2456 743 2638 783 suum.
2671 746 2689 779 ι
2747 727 3044 783 Conﬁrmat
3083 740 3260 786 autem
3294 749 3423 803 pro-

1863 817 2137 886 pheticam
2174 816 2574 885 praedictionem
2609 818 2772 872 etiam
2815 818 2930 888 ipse
2960 819 3212 875 Salvator
3239 833 3423 880 noster

1864 910 1918 963 in
1964 907 2292 978 Evangeliis,
2323 909 2548 963 dicens:
2599 928 2618 961 ‹
2647 909 2848 965 Tradet
2904 910 3080 967 frater‘
3116 913 3336 969 fratrem
3364 917 3423 973 in

1863 1007 2115 1061 mortem,
2148 1008 2202 1054 et
2232 1008 2385 1069 pater
2417 1001 2607 1063 ﬁlium,
2639 1009 2692 1055 et
2722 1012 3053 1074 consurgent
3098 1005 3194 1059 ﬁlii
3229 1007 3422 1064 adver-

1861 1105 1956 1144 sus
2000 1099 2273 1160 parentes,
2323 1100 2379 1146 et
2438 1090 2762 1147 interﬁcient
2802 1108 2895 1148 eos
2917 1096 2979 1149 ”.
3012 1113 3031 1145 ι
3074 1093 3141 1149 Ει
3186 1112 3417 1154 rursus:

1866 1181 2087 1236 «Nolite
2137 1191 2330 1251 putare
2373 1183 2517 1252 quod
2572 1183 2815 1237 venerim
2867 1199 3054 1253 pacem
3106 1187 3319 1243 mittere
3362 1189 3418 1243 in

1862 1281 2083 1337 terram,
2137 1288 2246 1326 non
2280 1272 2405 1327 dico
2428 1274 2599 1337 vobis.
2648 1273 2742 1329 sed
2790 1277 3224 1345 separationem;
3260 1289 3418 1334 erunt

1858 1367 2001 1421 enim
2031 1382 2096 1420 ex
2126 1366 2250 1433 hoc,
2285 1366 2528 1437 quinque
2559 1368 2612 1421 in
2642 1367 2806 1422 domo
2832 1383 2961 1433 una,
2995 1380 3106 1424 tres
3134 1368 3298 1427 divisi
3330 1372 3421 1426 ad-

1856 1477 2049 1517 versus
2088 1460 2246 1525 duos,
2302 1469 2355 1517 et
2382 1460 2489 1515 duo
2522 1461 2780 1517 adversus
2810 1470 2942 1517 tres.
2986 1461 3416 1533 Separabuntur,

1857 1558 2010 1621 pater
2037 1560 2230 1605 contra
2266 1552 2455 1613 tilium,
2485 1559 2540 1606 et
2569 1552 2711 1607 ﬁlius
2742 1560 2931 1606 contra
2971 1561 3201 1622 patrem,
3247 1561 3423 1609 mater

1858 1647 2049 1695 contra
2074 1641 2263 1705 ﬁliam,
2294 1649 2347 1696 et
2380 1641 2486 1696 ﬁlia
2519 1650 2707 1697 contra
2731 1653 2981 1709 matrem,
3015 1659 3208 1699 socrus
3230 1652 3424 1701 contra

1860 1746 2081 1797 nurum,
2134 1739 2189 1785 et
2234 1747 2407 1787 nurus
2441 1741 2632 1788 contra
2679 1750 2898 1790 socrum
2928 1736 2991 1791 ³⁸.
3025 1756 3045 1789 ι
3103 1737 3228 1793 Ηαξο
3256 1741 3421 1807 ’,εηίῐη

1859 1822 1915 1875 in
1960 1838 2067 1892 quo
2105 1824 2324 1880 tandem
2358 1840 2387 1877 a
2432 1842 2565 1880 voce
2612 1828 2931 1896 prophetica
2977 1827 3263 1896 differunt,
3303 1846 3424 1901 qua:

1858 1928 1966 1982 quo
1996 1921 2237 1983 tempore
2282 1914 2547 1973 Dominus
2608 1918 2660 1973 in
2703 1919 2994 1991 Egyptum
3037 1923 3306 1989 adveniet,
3350 1927 3423 1979 ait

1857 2015 2201 2061 surrecturos
2235 2006 2521 2078 Egyptios
2555 2016 2749 2063 contra
2790 2010 3118 2083 ngyptios?
3143 2021 3197 2070 et
3223 2015 3423 2070 bellum

1857 2104 2133 2168 gesturum
2199 2098 2470 2157 hominem
2526 2110 2721 2156 contra
2770 2102 2989 2157 fratrem
3031 2107 3229 2160 suum?
3270 2106 3423 2161 Tunc

1856 2205 1986 2244 vero
2020 2189 2153 2246 Novi
2204 2190 2541 2248 Testamenti
2571 2194 2679 2261 lex,
2709 2194 2868 2263 cujus
2910 2194 3163 2252 Christus
3211 2205 3425 2265 auctor,

1857 2288 2046 2335 contra
2079 2283 2250 2351 legem
2281 2284 2709 2354 superstitionis,
2740 2287 2795 2341 in
2831 2302 2939 2355 qua
2970 2287 3153 2356 plures
3180 2288 3254 2341 dii
3278 2290 3424 2344 cole-

1856 2369 2075 2434 bantur,
2122 2372 2381 2435 surrexit,
2413 2389 2537 2428 cum
2571 2373 2826 2429 videlicet
2855 2377 3097 2445 gentium
3127 2378 3419 2439 simulacra

1857 2460 2197 2516 adorantium
2250 2464 2356 2527 lex,
2396 2463 2601 2520 Christi
2642 2465 2950 2521 doctrinam
2984 2483 3326 2539 oppugnaris,
3366 2477 3422 2524 et

1857 2553 2052 2609 civitas
2081 2570 2144 2609 ac
2178 2556 2487 2626 respublica
2518 2558 2637 2625 ejus
2686 2556 2944 2613 Ecclesia!
2972 2574 3091 2629 qua:
3115 2560 3168 2614 in
3202 2559 3425 2616 Christo

1856 2647 2129 2711 consistit,
2160 2646 2421 2702 adversus
2448 2647 2586 2702 ritus
2605 2656 2768 2718 atque
2790 2650 3038 2705 instituta
3063 2667 3171 2706 non
3191 2653 3425 2709 creden-

1856 2739 1988 2792 tium
2006 2739 2280 2792 nationum
2305 2739 2564 2794 suscitata
2578 2734 2784 2796 est.°Ex
2804 2757 2912 2812 quo
2930 2741 3059 2798 illud
3075 2744 3278 2799 dictum
3301 2750 3422 2804 est:

1863 2848 1880 2880 ι
1908 2829 2113 2884 Civitas
2127 2827 2390 2885 adversus
2410 2830 2782 2897 civitatem,.et
2802 2833 2888 2888 lex
2914 2834 3176 2891 adversus
3192 2836 3419 2907 legem.»

1856 2919 2057 2976 Deinde
2084 2923 2207 2977 licet
2236 2924 2396 2994 plane
2417 2922 2703 2994 Egyptios
2718 2932 2772 2980 et
2787 2940 2977 2981 omnes
3003 2927 3420 2983 simulacrorum

188 3016 370 3070 αὐτῶν
398 3016 751 3073 διασκεδάσω.
783 3038 803 3071 ›
835 3021 1018 3092 Μυρία
1037 3021 1093 3074 δὲ
1127 3023 1226 3074 ὅσα
1248 3020 1631 3091 πυνθανόμενοι
1664 3020 1758 3073 καὶ

1861 3010 2116 3076 cultores,
2145 3028 2376 3083 eumque
2404 3014 2497 3083 qui
2533 3014 2585 3067 in
2606 3013 2740 3083 ipsis
2770 3014 2879 3068 vim
2917 3031 3071 3070 suam
3092 3024 3308 3073 exercet
3333 3034 3427 3075 su-

186 3109 568 3180 ἐπερωτῶντες
586 3110 706 3164 καθ’
730 3113 762 3182 ἡ
772 3110 885 3182 μῶν
913 3111 970 3164 ἐν
986 3130 1044 3165 τε
1075 3114 1341 3184 χρησμοῖς
1367 3113 1460 3166 καὶ
1484 3112 1760 3183 μαντείαις

185 3204 318 3265 τούς
351 3200 500 3266 θεοὺς
526 3203 726 3268 αὐτῶν,
758 3204 994 3267 καὶτοὺς
1019 3205 1077 3257 ἐν
1104 3207 1217 3267 τοῖς
1239 3203 1544 3275 ἀγάλμασιν
1578 3205 1762 3274 ἐμφω-

186 3292 444 3357 λεύοντας
473 3295 751 3366 δαίμονας,
793 3296 918 3358 τούς
960 3312 1018 3348 τε
1063 3296 1229 3349 πάλαι
1273 3298 1329 3349 ἐν
1373 3298 1555 3359 αὐτοῖς
1593 3295 1760 3348 πολλὰ

185 3386 520 3456 δυναμένους
550 3388 1036 3460 ἐγγαστριμύθους,
1052 3388 1203 3441 οὐδέν
1235 3406 1287 3441 τι
1317 3388 1475 3442 πλέον
1506 3388 1565 3452 ἐξ
1583 3388 1760 3442 αὐτῶν

188 3476 395 3547 έχουσι.
426 3479 515 3532 Διό
548 3496 711 3550 φησιν
733 3480 761 3531 ὁ
782 3479 936 3549 λόγος
958 3497 972 3511 ο
1012 3498 1030 3529 ο
1070 3480 1180 3534 Καὶ
1202 3482 1607 3552 ἐπερωτήσουσι
1638 3482 1760 3543 τοὺς

194 3569 353 3634 θεοὺς
398 3572 597 3637 αὐτῶν,
625 3573 720 3625 καὶ
745 3572 812 3625 τὰ
860 3573 1149 3645 ἀγάλματα
1184 3573 1382 3638 αὐτῶν,
1416 3575 1509 3626 καὶ
1537 3573 1660 3636 τοὺς
1679 3575 1762 3641 ἐγ·-

187 3662 612 3734 γαστριμύθους.
645 3684 662 3715 ι
713 3664 849 3717 Ἀλλ’
899 3664 1154 3739 οὐδεμιᾶς
1195 3665 1323 3738 γὰρ,
1368 3666 1519 3736 φησί,
1552 3664 1761 3728 τεύξον-

183 3772 274 3808 ται
295 3755 552 3826 βοηθείας
581 3758 632 3809 oi
681 3757 774 3810 ἐπ)⁸
826 3759 952 3823 τοὺς
1001 3759 1433 3829 πεπλανημένως
1474 3758 1760 3822 δοκοῦντας

185 3847 367 3901 αὐτῶν
400 3842 539 3901 εἶναι
575 3848 728 3912 θεοὺς
764 3849 1216 3919 καταφεύγοντες,
1249 3851 1370 3904 τότε
1398 3851 1631 3921 μάλιστα
1660 3851 1758 3904 αὐ-

184 3941 312 4004 τοὺς
339 3938 436 3992 τοῦ
469 3939 603 3993 Θεοῦ
635 3941 842 4012 κυρίοις
872 3941 1124 4014 σκληροῖς
1157 3942 1251 3995 καὶ
1279 3942 1554 4013 βασιλεῦσι
1584 3959 1760 4014 παρα-

181 4032 441 4096 διδόντος,
476 4033 562 4086 ὅτε
596 4036 706 4097 τοῖς
763 4033 1010 4104 δαίμοσιν
1062 4034 1241 4087 αὐτῶν
1294 4035 1620 4105 πειθόμενοι,
1668 4036 1761 4089 καὶ

183 4126 277 4177 ὑπ’
310 4125 493 4179 αὐτῶν
543 4126 941 4197 ἐνεργούμενοι,
976 4127 1101 4190 τοὺς
1130 4127 1271 4181 κατὰ
1301 4128 1399 4198 τῆς
1440 4128 1762 4198 Ἐκκλησίας

182 4218 281 4272 τοῦ
310 4217 451 4272 Θεοῦ
479 4218 746 4289 διωγμοὺς
792 4220 1185 4291 ἐπεγείρουσιν.
1217 4220 1383 4272 Ἔνθα
1415 4237 1503 4290 μοι
1522 4220 1612 4273 τὸν
1639 4220 1761 4273 νοῦν

182 4311 525 4378 ἐπιστήσεις,
555 4310 674 4364 τίνα
706 4311 903 4382 τρόπον
938 4312 1096 4383 μέχρι
1132 4312 1231 4382 μὲν
1260 4312 1358 4383 τῆς
1387 4312 1479 4365 τοῦ
1514 4313 1762 4383 Σωτῆρος

1861 3104 2194 3171 perstitionis
2210 3107 2483 3175 spiritum,
2501 3106 2702 3160 intueri
2718 3107 2879 3161 etiam
2896 3123 3041 3163 nunc
3055 3110 3422 3180 perturbatos,

1860 3193 2023 3263 299
2048 3203 2101 3249 et
2126 3202 2355 3253 multum
2379 3195 2598 3267 quidem
2626 3199 3029 3266 consultantes,
3059 3210 3114 3255 et
3139 3202 3428 3257 commini-

1862 3296 2078 3343 scentes
2106 3297 2297 3344 contra
2340 3291 2546 3348 Christi
2591 3290 2897 3347 doctrinam
2919 3333 2933 3359 ,
2965 3302 3024 3348 ut
3064 3310 3183 3349 eam
3217 3298 3426 3350 exstin-

1863 3385 2064 3446 guant,
2101 3386 2263 3448 atque
2303 3395 2368 3435 ex
2418 3380 2737 3439 hominibus
2764 3383 3017 3439 deleant:
3049 3383 3288 3456 dispergi
3322 3400 3424 3441 aue

1860 3474 1969 3521 tem
2001 3483 2064 3522 ac
2093 3468 2349 3540 dissipari
2383 3487 2412 3526 a
2448 3471 2594 3537 Deo,
2627 3474 2720 3542 qui
2754 3476 2830 3528 ait
2859 3476 2913 3529 in
2947 3476 3063 3547 ipsa
3094 3476 3378 3547 prophetia
3407 3495 3420 3531 :

1866 3577 1883 3608 ι
1919 3557 1984 3610 Et
2011 3561 2425 3616 conturbabitur
2467 3564 2698 3633 spiritus
2731 3561 3101 3634 Egyptiorum
3128 3567 3183 3620 in
3225 3568 3340 3633 eis,
3369 3576 3426 3623 et

1860 3650 2152 3705 consilium
2204 3667 2393 3706 eorum
2441 3653 2742 3724 dissipabo.
2774 3672 2793 3705 ›
2825 3654 3070 3723 Cumque
3116 3655 3427 3711 innumera-

1860 3746 1988 3800 bilia
2038 3744 2149 3801 sint
2196 3758 2315 3813 quae
2359 3743 2694 3814 interrogent
2723 3759 2787 3798 ac
2819 3745 3169 3799 sciscitentur
3215 3747 3271 3798 in
3308 3760 3428 3800 ora-

1861 3838 2003 3892 culis
2056 3852 2121 3892 ac
2167 3836 2628 3902 divinationibus,
2681 3836 2972 3892 adversum
3023 3851 3160 3899 nos,
3214 3837 3427 3906 quoties

1861 3931 1992 3986 deos
2036 3944 2196 3994 suos,
2240 3937 2295 3985 et
2337 3928 2616 3985 latitantes
2658 3928 2716 3982 in
2762 3926 3071 3983 simulacris
3113 3927 3425 3993 daemonas,

1861 4030 1916 4078 et
1941 4037 2038 4076 eos
2061 4022 2154 4091 qui
2185 4018 2342 4091 prius
2379 4020 2436 4075 in
2466 4019 2602 4091 ipsis
2642 4019 2877 4074 multum
2921 4026 3202 4090 poterant,
3232 4018 3428 4090 pytho-

1862 4128 1962 4168 nas
1989 4152 2004 4177 ,
2041 4113 2247 4169 adeunt
2277 4130 2291 4168 :
2323 4112 2463 4166 nihil
2492 4119 2675 4165 tamen
2707 4111 2941 4180 amplius
2970 4126 3034 4166 ex
3067 4110 3174 4165 illis
3201 4109 3426 4165 habent.

1862 4202 2209 4275 Quapropter
2240 4204 2523 4258 oraculum
2556 4203 2634 4256 ait
2664 4221 2676 4256 :
2711 4219 2729 4253 ι
2756 4201 2823 4255 Ει
2852 4201 3262 4271 interrogabunt
3296 4199 3429 4257 deos

1864 4313 2027 4363 suos,
2059 4305 2112 4353 et
2160 4296 2452 4352 simulacra
2495 4311 2631 4359 sua,
2676 4301 2729 4349 et
2772 4293 3085 4365 pythonasn
3106 4291 3211 4348 Sed
3250 4292 3428 4359 enim,

181 4401 349 4472 ἡμῶν
391 4401 564 4472 Ἰησοῦ
596 4403 829 4474 Χριστοῦ
852 4382 1168 4472 ἐπιφανείας
1198 4404 1417 4467 οἰκείοις
1454 4382 1759 4473 βασιλεῦσιν

1865 4388 2073 4457 inquit,
2114 4388 2322 4442 nullum
2368 4386 2527 4457 plane
2592 4385 2915 4440 obtinebunt
2973 4382 3269 4448 auxilium,
3307 4382 3433 4454 qui-

187 4494 341 4556 ἰδίως
388 4493 483 4547 καὶ
546 4496 666 4547 καθ’
701 4494 894 4565 ἐαυτὴν
926 4497 1072 4549 πᾶσα
1120 4496 1680 4567 Αἴγυπτος-κέχρητο,
1708 4498 1764 4548 ἐν

183 4585 489 4656 αὐτονομίᾳ
522 4602 581 4639 τε
626 4586 719 4639 καὶ
758 4587 813 4640 ἐν
836 4586 1115 4658 ἐλευθερίᾳ
1153 4586 1337 4656 διῆγον
1373 4588 1423 4639 oi
1454 4587 1759 4655 Αἰγύπτιοι,

184 4677 477 4743 δυναστεία
510 4677 565 4730 δέ
588 4678 762 4731 αὐτῶν
800 4678 858 4745 ἐξ
891 4678 1084 4741 αἰῶνος
1117 4679 1302 4749 μακρά
1331 4696 1413 4742 τις
1454 4680 1546 4732 καὶ
1598 4678 1764 4750 πολλὴ

188 4769 438 4839 βεὸὁητο,
469 4769 528 4835 ἐξ
559 4770 767 4829 ἐκείνου
790 4788 849 4824 τε
872 4768 1087 4842 πρώτου
1120 4771 1404 4841 Ῥωμαίων
1430 4770 1761 4839 Αὐγούστου,

185 4862 314 4915 καθ’
333 4862 392 4915 ὃν
414 4863 443 4914 ὁ
470 4863 670 4935 Κύριος
699 4864 856 4935 ήμῶν
884 4862 1219 4933 ἐγεγέννητο,
1246 4863 1645 4933 χειρωσαμένου
1668 4862 1766 4934 τὴν

184 4955 488 5022 Δίγυπτον,
515 4956 748 5027 ὑστάτης
785 4973 845 5009 τε
881 4956 988 5009 τῶν
1032 4955 1381 5025 Πτολεμαίων
1413 4956 1767 5026 Κλεοπάτρας

187 5047 470 5119 ἁλούσης,
533 5048 636 5102 ὑπὸ
669 5048 767 5119 τὴν
821 5047 1103 5119 Ῥωμαίων
1151 5048 1440 5116 γεγόνασιν
1496 5048 1763 5114 ἐξουσίαν,

186 5142 300 5195 ὑπό
329 5158 390 5194 τε
417 5142 541 5205 τοῦς
570 5143 746 5196 αὐτῶν
764 5143 982 5213 νόμους,
1003 5143 1096 5195 καὶ
1117 5142 1485 5213 ἐπιτάγματα,
1514 5142 1614 5212 τῆς
1636 5160 1766 5214 προ-

183 5235 362 5305 τέρας
417 5234 733 5305 αὐτονομίας
788 5236 880 5289 καὶ
926 5233 1235 5305 ἐλευθερίας
1281 5234 1654 5307 ἀφῃρημένοι·
1691 5235 1765 5297 ὡς

184 5326 289 5381 καὶ
334 5327 397 5377 ἐν
438 5324 609 5396 τούτῳ
664 5325 723 5377 τὸ
765 5324 1097 5396 προφητικὸν
1153 5323 1506 5394 ἐπαληθεύειν
1565 5324 1761 5393 λόγιον,

184 5416 322 5487 περὶ
354 5416 453 5486 μὲν
484 5415 587 5469 τῶν
616 5418 696 5480 εἰς
726 5417 850 5479 τοὺς
877 5416 1073 5477 τόπους
1107 5415 1537 5486 ἐκπεμπομένων
1560 5416 1770 5487 ἐπιτρό⁴

184 5522 315 5561 πων
347 5523 411 5558 τε
434 5507 526 5560 καὶ
553 5508 883 5579 ἡγουμένων,
903 5508 996 5561 καί
1026 5506 1276 5578 περὶτῶν
1299 5506 1498 5563 λοιπῶν
1525 5509 1581 5562 ἐν
1610 5508 1763 5582 μέρει

272 5684 319 5720 ³*
356 5683 544 5743 Matth.
579 5703 632 5755 x,
663 5686 752 5741 2i.
832 5687 873 5723 ³⁸
896 5685 1031 5743 Luc.
1063 5702 1160 5753 xu,
1196 5685 1380 5744 iit-55.

1864 4492 2079 4546 cunque
2126 4476 2192 4531 ad
2240 4490 2335 4531 eos
2386 4474 2478 4545 qui
2532 4474 2774 4545 ipsorum
2824 4473 2899 4528 dii
2952 4488 3070 4528 esse
3119 4472 3429 4539 videantur,

1863 4568 2064 4637 quique
2098 4569 2245 4636 ipsos
2291 4574 2448 4621 antea
2498 4565 2846 4635 deceperint,
2900 4564 3249 4634 confugient,
3298 4572 3430 4621 tunc

1864 4662 2053 4731 utique
2082 4660 2315 4714 maxime
2348 4674 2443 4715 eos
2472 4660 2623 4729 ipsos
2653 4658 2891 4713 dominis
2922 4672 2985 4711 ac
3022 4657 3241 4727 regibus
3269 4671 3431 4726 aspe-

1863 4751 1942 4805 ris
1971 4750 2223 4805 tradente
2254 4748 2517 4813 Domino,
2549 4764 2674 4803 cum
2704 4746 3045 4803 daemonibus
3068 4745 3182 4801 suis
3210 4744 3429 4800 auscul—

1865 4850 2045 4896 tantes
2066 4882 2081 4909 ,
2108 4853 2163 4895 et
2191 4840 2259 4894 ab
2285 4840 2393 4895 illis
2424 4840 2706 4906 instincti,
2737 4836 3121 4894 insectationes
3165 4834 3429 4890 adversus

1867 4931 1961 4987 Dei
1992 4930 2292 4986 Ecclesiam
2324 4929 2692 4984 concitabunt.
2736 4926 2833 4981 llic
2875 4926 3006 4980 mibi
3058 4925 3296 4978 animum
3337 4923 3430 4978 ad-

1866 5032 2049 5080 vertas
2088 5022 2377 5093 diligenter
2418 5021 2618 5087 velim,
2665 5034 2901 5091 quonam
2945 5025 3103 5087 pacto
3148 5031 3321 5086 usque
3362 5017 3426 5071 ad

1869 5116 2170 5175 Salvatoris
2210 5114 2386 5170 nostri
2415 5112 2543 5168 Jesu
2576 5112 2779 5168 Christi
2825 5112 3149 5171 adventum,
3194 5108 3310 5163 suis
3344 5122 3431 5162 re-

1867 5210 2025 5279 gibus
2055 5223 2304 5264 seorsum
2334 5222 2397 5260 ac
2431 5222 2525 5276 per
2554 5221 2613 5261 se
2641 5212 2754 5258 tota
2787 5202 3053 5274 {Egyptus
3084 5207 3344 5263 uteretur,
3376 5204 3432 5254 et

1868 5299 1922 5353 in
1952 5315 2051 5355 suo
2085 5299 2327 5370 ipsorum
2352 5297 2477 5368 jure
2500 5312 2563 5351 ac
2584 5297 2835 5350 libertate
2860 5295 3117 5362 degerent
3149 5289 3388 5362 Egyptii
3407 5325 3425 5354 ,

1867 5400 2215 5463 potestasque
2263 5393 2477 5446 illorum
2504 5390 2573 5444 ab
2603 5387 2757 5442 initio
2790 5400 2951 5456 quam
2987 5386 3143 5453 longa
3170 5390 3226 5440 et
3270 5395 3431 5449 quam

1871 5485 2038 5543 multa
2092 5484 2235 5540 fama
2280 5482 2488 5539 feratur
2528 5480 2734 5546 fuisse,
2781 5484 2834 5535 et
2876 5474 3329 5548 quemadmodum
3360 5485 3433 5533 ex
