3866 6202
434 269 539 330 4.75

1100 267 1370 326 aussau
1405 269 1882 328 CESARIENSIS
1903 270 2055 330 09p.
2098 272 2276 331 mas
2307 273 2370 331 it.
2410 247 2480 316 '—'—
2514 245 3032 334 Aeeteos-rica.

3579 281 3688 340 576

433 391 565 454 illo,
602 377 752 446 cum
803 387 1017 458 primus
1064 387 1436 446 Romanorum
1487 391 1802 464 Augustus,
1851 394 2011 464 cujus

2134 397 2386 470 ιρχόντων
2445 397 2678 473 φάσκονε
2722 419 2742 451 ι
2780 401 2912 471 Kal:
2931 396 3240 471 παραδώσω
3275 400 3552 470 Αἴγυπτον
3601 403 3688 468 εις

437 483 777 553 temporibus
817 479 1084 536 Dominus
1132 490 1322 540 noster
1357 492 1522 540 natus
1561 492 1676 549 est,
1714 483 2006 556 Egyptum

438 574 780 645 subegisset,
817 580 873 628 et
917 575 1219 630 novissima
1262 574 1676 644 Ptolemaeorum
1724 577 2008 648 Cleopatra

439 673 596 735 capta
643 677 822 731 esset,
870 665 924 719 in
967 665 1337 722 Romanorum
1383 677 1707 738 potestatem
1780 667 2011 726 devene-

437 758 578 821 rint,
611 765 664 812 et
692 757 796 812 sub
827 757 1044 812 illorum
1071 759 1220 829 leges
1253 767 1417 831 atque
1446 762 1624 816 edicta
1661 762 1816 817 missi
1859 763 2007 825 sint,

438 864 649 920 suoque
704 850 948 919 ipsorum
999 851 1222 922 proprio
1279 852 1446 921 jure,
1503 869 1711 924 suaque
1763 854 2012 909 libertate

437 942 668 1011 privati.
719 950 780 996 ut
828 944 1205 1014 propheticum
1253 946 1540 999 oraculum
1593 947 1756 1001 etiam
1804 947 1858 1001 in
1909 947 2012 1000 hoc

438 1036 595 1105 plane
640 1036 924 1090 veritatem
970 1051 1124 1091 suam
1172 1036 1550 1099 demonstret,
1597 1039 1742 1108 quod
1792 1038 2011 1109 quidem

434 1129 502 1183 de
525 1127 611 1184 .iis
639 1131 733 1198 qui
765 1129 831 1181 ad
865 1129 983 1182 loca
1003 1169 1019 1196 ,
1051 1131 1381 1199 procurandi
1415 1130 1590 1199 gratia
1619 1130 1870 1184 mittendi
1919 1145 2010 1184 es»

435 1228 592 1287 sent,
638 1221 814 1291 deque
855 1222 1183 1291 praetoribus
1227 1238 1293 1278 ac
1337 1223 1569 1293 reliquis
1619 1237 1716 1293 per
1764 1222 2012 1291 singulas

435 1322 622 1385 partes
667 1314 1120 1384 magistratibus,
1173 1315 1250 1370 ita
1300 1315 1586 1387 loquitur:
1637 1335 1655 1366 ι
1689 1315 1754 1368 Et
1800 1314 2011 1369 tradam

2108 491 2294 559 χεῖρας
2342 486 2644 560 ἀνθρώπων
2697 489 2902 560 κυρίων
2945 487 3227 560 σκληρῶν·
3261 506 3280 539 ι
3314 489 3445 560 περὶ
3486 489 3543 542 δὲ
3573 491 3688 546 τῶν

2109 578 2208 649 τὴν
2255 578 2376 631 καθ’
2424 579 2544 632 ὅλου
2594 578 2888 633 διεπόντων
2937 579 3110 652 ἀρχὴν
3137 579 3198 632 τὸ
3230 577 3374 652 ἑξῆς,
3413 581 3531 636 ἀνθ’
3560 577 3620 637 οὗ
3653 586 3688 638 6

2122 668 2352 732 Ἀκύλας
2379 670 2532 741 φησὶ,
2569 688 2588 722 ι
2623 669 2735 724 Καὶ
2752 670 3002 740 βασιλεὺς
3022 672 3497 744 κεκραταιωμένος
3529 673 3684 739 ὲξου·

2113 761 2287 814 σιάσει
2309 761 2368 813 ὲν
2398 762 2608 824 αὐτοῖς·
2649 781 2668 813 ι
2700 763 2729 814 6
2771 762 2828 815 δὲ
2857 761 3149 834 Σύμμαχος
3173 779 3188 794 °
3223 780 3243 814 ι
3285 765 3395 818 Καὶ
3430 764 3686 834 βασιλεὺς

2116 851 2335 924 ἰσχυρὸς
2368 853 2672 917 ὲξουσιάσει
2711 853 2910 908 αὐτῶν.
2936 873 2954 907 ι
2981 853 3138 908 Οὕτω
3168 853 3233 926 δὴ
3265 855 3366 926 τὴν
3401 856 3690 927 Ῥωμαίων

2112 945 2352 1016 ἡγοῦμαι
2385 945 2679 1016 κεκλῆσθαι
2709 947 3003 1016 βασιλείαν,
3037 947 3128 1017 ὑφ’
3158 942 3246 1019 ἧς,
3276 946 3466 1020 ῶσπερ
3486 947 3692 1020 χαλινῷ

2112 1037 2454 1109 καὶδεσμῷ,
2523 1038 2947 1110 πεπεδημένους,
3001 1041 3062 1093 ού
3123 1040 3281 1110 μόνον
3304 1041 3433 1104 τοὺς
3469 1040 3692 1095 πάντων

2115 1130 2415 1201 ἀνθρώπων
2441 1131 3032 1203 δεισιδαιιιονεστάτους
3063 1134 3410 1203 Αἰγυπτίους,
3425 1133 3569 1187 ἀλλὰ
3597 1135 3691 1188 καὶ

2111 1225 2237 1286 τοὺς
2269 1222 2488 1286 λοιποὺς
2512 1223 2719 1286 πάντας
2744 1223 2842 1276 ἀνθ
2853 1223 3064 1296 ρώπους
3099 1223 3261 1296 μηδὲν
3280 1224 3544 1278 δύνασθαι
3574 1223 3692 1276 τολ-

2117 1317 2224 1386 μᾷν
2257 1314 2398 1369 κατὰ
2427 1315 2526 1387 τῆς
2559 1313 2652 1368 τοῦ
2683 1315 3103 1388 Σωτῆροςὴμῶν
3137 1315 3462 1387 Ἐκκλησίας
3481 1315 3691 1387 δυσφη-

438 1407 734 1482 Ᾰῦεγριιιω
764 1408 818 1462 in
850 1423 1048 1464 manus
1094 1408 1377 1463 hominum
1406 1448 1421 1473 ,
1464 1407 1808 1462 dominorum
1858 1421 2015 1476 aspe-

2134 1409 2258 1460 ιεῖν.
2291 1407 2446 1461 Μετὰ
2461 1407 2632 1460 ταῦτα
2659 1407 3058 1479 προφητεύεται
3080 1407 3288 1471 τούτοις
3319 1407 3448 1478 ἑξῆς
3481 1423 3694 1460 σκοτει-

435 1517 643 1556 rorum.
676 1521 695 1554 ι
723 1501 800 1558 De
839 1501 906 1558 iis
948 1515 1080 1556 vero
1108 1499 1203 1571 qui
1243 1508 1416 1555 totum
1447 1499 1737 1568 imperium
1767 1498 2011 1563 obirent,

2134 1499 2308 1571 ρότερά
2336 1517 2478 1566 τινα,
2514 1500 2608 1554 καὶ
2629 1500 2694 1553 δι’
2726 1499 3063 1570 αἰνιγμάτων
3085 1499 3426 1571 μακροτέρας
3458 1499 3558 1552 καὶ
3591 1499 3691 1569 βα-

434 1608 819 1664 summumque
845 1593 938 1663 jus
979 1593 1324 1659 obtinerent,
1358 1591 1410 1645 id
1441 1591 1586 1662 quod
1618 1594 1884 1661 sequitur,
1915 1606 2014 1659 pro

2134 1593 2346 1665 Ιυτέρας
2388 1593 2488 1663 τῆς
2540 1592 2681 1647 κατὰ
2720 1592 3072 1664 τροπολογίαν
3107 1591 3334 1663 δεόμενα
3367 1592 3691 1663 ἑρμηνείας,

434 1703 544 1758 quo
577 1687 770 1757 Aquila
799 1687 876 1742 ait
904 1707 916 1742 :
949 1705 971 1740 ι
1003 1685 1069 1740 Et
1101 1702 1195 1741 rev
1225 1685 1619 1740 corroboratus
1642 1727 1656 1750 ,
1687 1693 2010 1754 potestatem

2134 1687 2150 1737 ι
2187 1685 2249 1757 δὴ
2303 1687 2395 1739 ἐπὶ
2447 1685 2642 1755 σχολῆς
2696 1685 2835 1738 κατά
2865 1684 2956 1737 τὸν
2992 1686 3334 1756 προσήκοντα
3374 1685 3570 1756 καιρὸν
3592 1685 3694 1756 τῆς

436 1781 704 1836 obtinebit
757 1781 811 1835 in
865 1780 969 1836 eis.
1009 1799 1027 1832 ι
1058 1778 1423 1850 Symmachus
1475 1785 1697 1841 autem,
1746 1797 1764 1828 ι
1799 1777 1864 1829 Ει
1918 1792 2011 1830 rex

2134 1776 2493 1849 προσηκούσης
2518 1777 2764 1841 τεύξεται
2793 1778 3120 1850 διηγήσεως,
3157 1779 3294 1833 ὲπάν
3328 1778 3425 1832 σὺν
3447 1777 3572 1850 Θεῷ
3602 1777 3698 1831 τὸν

435 1875 594 1932 fortis
615 1876 707 1946 jus
737 1877 790 1931 in
823 1876 946 1930 illos
979 1877 1218 1931 habebit.
1251 1895 1269 1927 ι
1299 1875 1390 1930 Sic
1423 1883 1602 1930 autem
1635 1874 1750 1944 ipse
1780 1888 2005 1944 regnum

2134 1871 2242 1942 τερ).
2262 1870 2368 1922 τῶν
2399 1871 2737 1939 ἐπαγγελιῶν
2771 1870 3138 1942 ἀποδώσωμεν
3165 1870 3339 1940 λόγον.

438 1970 804 2026 Rmnanorum
839 1972 1077 2026 arbitror
1135 1981 1388 2026 vocatum
1421 1987 1544 2027 esse
1567 2012 1581 2034 ,
1631 1986 1740 2040 quo
1776 1978 2034 2040 tanquam
2073 1967 2224 2022 freno
2277 1983 2341 2021 ac
2366 1967 2585 2020 vinculo
2617 1965 2855 2047 impediti
2881 2011 2894 2034 ,
2925 1985 3035 2023 non
3067 1966 3514 2039 solumEgyptii
3574 1982 3697 2022 om-

435 2067 588 2122 nium
617 2067 896 2121 hominum
926 2067 1486 2136 superstitiosissimi,
1519 2065 1614 2121 sed
1645 2066 1840 2134 reliqui
1886 2079 2103 2134 quoque
2135 2063 2375 2118 universi
2436 2063 2720 2126 homines,
2783 2065 2918 2119 nihil
2972 2072 3204 2134 possunt
3253 2065 3364 2133 jam
3418 2062 3698 2118 audentve

437 2164 632 2210 contra
696 2157 1000 2212 Salvatoris
1037 2159 1214 2212 nostri
1267 2157 1569 2213 Ecclesiam
1604 2158 1899 2212 oblatrare.
1941 2157 2102 2228 300
2139 2155 2266 2211 Post
2310 2158 2460 2224 haec,
2504 2158 2558 2211 in
2607 2157 2795 2212 eadem
2844 2158 3125 2228 prophetia
3161 2157 3354 2212 ordine
3384 2165 3704 2228 sequuntur

437 2251 758 2307 obscuriora
824 2253 1106 2323 qutedam,
1174 2262 1228 2308 et
1280 2255 1444 2311 nodis
1493 2270 1558 2308 ac
1617 2253 2021 2309 difﬁcultatibus
2052 2253 2347 2323 implicita,
2381 2269 2504 2324 qua:
2551 2253 2813 2324 longioris
2856 2262 3018 2324 atque
3057 2255 3299 2314 altioris.
3349 2254 3420 2309 ob
3463 2253 3700 2325 ﬁguram

438 2359 546 2412 qua
594 2343 880 2398 enuntiata
937 2354 1102 2409 sunt,
1162 2345 1631 2416 interpretationis
1681 2346 1992 2415 indigeant,
2029 2345 2231 2416 quibus
2306 2346 2529 2413 quidem
2595 2360 2696 2399 nos
2756 2361 2852 2415 per
2905 2347 3112 2409 otium,
3168 2361 3291 2400 cum
3339 2355 3548 2416 tempus
3595 2347 3703 2401 ad-

438 2440 574 2501 erit,
631 2447 811 2508 aptam
858 2441 1216 2512 expositionis
1253 2443 1428 2496 lucem
1472 2442 1727 2496 adhihere
1780 2457 1887 2495 non
1936 2443 2301 2510 gravabimur,
2345 2441 2434 2495 ubi
2485 2439 2594 2496 Deo
2649 2439 2862 2496 favente
2911 2440 3217 2495 divinarum
3271 2440 3703 2511 promissionum

441 2535 709 2588 rationem
739 2534 1158 2592 absolverimus.

1019 2645 1250 2701 CAPUT
1291 2646 1435 2700 XXI.

447 2759 525 2813 Ab
573 2759 773 2814 eodem.
804 2789 872 2798 —
907 2758 1175 2812 Bonorum
1229 2759 1511 2826 promissio
1573 2757 1639 2809 ad
1691 2774 1843 2818 eam,
1899 2773 2016 2826 qua:

512 2830 664 2885 orius
696 2829 902 2882 deserta
933 2839 1048 2882 erat
1075 2869 1089 2891 ,
1133 2844 1198 2880 ea:
1235 2829 1475 2897 gentibus
1517 2829 1790 2880 collectum
1835 2826 2017 2881 Eccle-

516 2903 685 2962 siam,
713 2910 761 2953 et
787 2898 855 2951 ad
883 2900 1102 2969 afﬂictas
1127 2909 1443 2968 vexatasque
1465 2899 1673 2951 animas
1703 2899 2017 2969 manifestas

513 2971 610 3025 Dei
657 2968 946 3030 adventus,
985 2980 1034 3022 et
1095 2971 1358 3023 salutares
1411 2969 1789 3022 miraculorum
1839 2968 2020 3036 prodi-

511 3043 818 3112 giorumque
839 3041 1234 3096 ostentationes.

523 3175 541 3206 ι
573 3153 819 3220 ωιτη-ο,
863 3152 1080 3208 deserta
1125 3151 1349 3215 sitiens,
1401 3151 1635 3206 exsultet
1679 3150 1928 3216 deserta,
1963 3157 2019 3205 et

447 3253 636 3306 ﬂoreat
667 3258 726 3303 ut
755 3249 927 3302 lilium
957 3267 970 3302 :
1003 3255 1057 3302 et
1085 3246 1436 3308 eiilorebuut,
1461 3251 1516 3300 et
1537 3243 1891 3300 exsultabunt
1917 3243 2018 3298 de—

449 3354 594 3398 serta
643 3339 920 3396 Iordanis.
973 3337 1040 3392 Et
1073 3339 1248 3408 gloria
1293 3336 1488 3391 Libani
1535 3336 1660 3392 data
1696 3345 1782 3391 est
1829 3335 1912 3399 ei,
1967 3344 2024 3390 et

450 3438 625 3490 honor
657 3432 891 3488 Carmeli
921 3448 937 3498 ;
973 3437 1028 3486 et
1071 3431 1305 3503 populus
1349 3442 1506 3484 meus
1552 3427 1759 3483 videbit
1795 3427 2022 3499 gloriam

449 3529 695 3592 Domini,
743 3533 799 3581 et
842 3523 1187 3580 altitudinem
1239 3522 1354 3579 Dei.
1408 3521 1788 3578 Convalescite
1829 3533 2027 3575 manus

449 3621 723 3683 remissae,
767 3626 822 3674 et
871 3631 1046 3690 genua
1093 3616 1402 3672 dissoluta:
1441 3611 1809 3670 ’cousolamini
1853 3611 2027 3681 pusil-

450 3715 680 3769 lanimes
719 3712 1032 3777 intellectu,
1070 3707 1466 3772 convalescite,
1511 3721 1581 3761 ne
1623 3704 1840 3760 timete.
1887 3702 2028 3757 Ecce

452 3804 595 3860 Deus
631 3813 820 3859 noster
844 3802 1111 3873 judicium
1145 3800 1330 3856 reddit
1352 3839 1366 3861 .
1402 3805 1457 3854 et
1493 3795 1724 3852 reddet:
1779 3794 1897 3864 ipse
1937 3807 2031 3848 ve-

451 3899 565 3954 niet
594 3938 608 3962 ,
655 3906 710 3953 et
759 3898 940 3953 salvos
975 3895 1135 3949 faciet
1167 3909 1290 3948 nos.
1325 3889 1481 3945 Tunc
1527 3888 1846 3961 aperientur
1882 3886 2025 3942 oculi

451 4005 760 4055 caecorum,
793 3997 848 4046 et
878 4002 1040 4043 aures
1075 3985 1370 4042 surdorum
1408 3983 1634 4038 audient
1661 3996 1674 4031 :
1711 3986 1840 4034 tunc
1873 3977 2031 4033 saliet

463 4091 525 4140 t't
575 4100 808 4146 cervus,
855 4080 1122 4142 claudus,
1173 4085 1228 4132 et
1274 4077 1434 4148 plana
1477 4073 1583 4129 erit
1622 4072 1806 4144 lingua
1849 4077 2032 4124 muto-

457 4190 601 4229 rum.
633 4169 904 4238 Quoniam
932 4167 1114 4237 erupit
1144 4167 1200 4220 in
1229 4165 1452 4220 deserto
1481 4177 1624 4233 aqua
1644 4200 1660 4226 ,
1687 4171 1740 4217 et
1768 4158 2032 4215 convallis

457 4268 513 4324 in
545 4276 688 4322 terra
725 4261 934 4320 sitienti
964 4280 977 4314 :
1009 4268 1063 4315 et
1093 4259 1196 4316 erit
1222 4273 1342 4328 quze
1367 4264 1520 4312 caret
1546 4271 1690 4327 aqua
1722 4255 1778 4309 in
1806 4265 2028 4324 stagna,

455 4369 510 4415 et
561 4358 616 4411 in
647 4363 848 4410 terram
893 4353 1168 4408 sitientem
1229 4350 1353 4405 fons
1402 4364 1557 4419 aqua;
1605 4348 1709 4404 erit
1746 4347 1814 4402 ¹⁹.
1858 4366 1878 4399 ι
1920 4345 2034 4400 Hoc

2628 2643 3022 2697 ΚΕΦΑΛΑΙΟΝ
3055 2645 3187 2698 KA'.

2131 2757 2185 2810 Ἀ
2197 2756 2404 2831 animi)
2426 2758 2738 2831 αὐτοῦς-
2783 2758 3044 2828 Ἀγαθῶν
3075 2759 3398 2829 ἐπαγγελία
3445 2761 3519 2829 τῇ
3556 2763 3708 2831 πρὶν

2186 2827 2383 2896 ἐρήμῳ
2411 2829 2479 2892 ἐξ
2527 2827 2716 2881 ἐθνῶν
2759 2827 3103 2897 Ἐκκλησία,
3138 2827 3244 2884 καὶ
3269 2831 3398 2897 ταῖς

2187 2898 2395 2973 ιιέιξαις
2423 2899 2959 2973 ψυχαῖς-ἐμφανὴς
2989 2901 3134 2956 Θεοῦ
3165 2903 3486 2970 παρουσία,
3517 2905 3708 2973 σωτή-

2181 2970 2302 3037 ριοι
2331 2987 2392 3022 τε
2418 2970 2906 3038 παραδοξοποίαι.

2200 3166 2218 3198 ι
2262 3146 2631 3218 Εὐφράνθητι,
2672 3145 2876 3219 ἔρημος
2915 3145 3145 3217 διψῶσα,
3192 3146 3542 3217 ἀγαλλιάσθω
3576 3147 3710 3221 £91;-

2126 3258 2245 3311 μος,
2309 3241 2402 3294 καὶ
2458 3239 2687 3294 ἀνθείτω
2719 3239 2795 3303 ὡς
2837 3239 3051 3312 κρίνον·
3111 3241 3206 3294 καὶ
3263 3239 3552 3312 ὲξανθήσει
3610 3241 3708 3294 καὶ

2124 3332 2513 3402 ἀγαλλιάσεται
2553 3331 2620 3385 τὰ
2658 3331 2841 3404 ἔρημα
2897 3331 2992 3386 τοῦ
3039 3332 3323 3404 Ἰορδάνου.
3373 3333 3484 3386 Καὶ
3511 3335 3547 3404 ἡ
3581 3332 3712 3396 δόξα

2124 3424 2218 3477 τοῦ
2243 3424 2478 3478 Λιϐάνου
2505 3423 2660 3494 ἐδόθη
2688 3423 2850 3494 αὐτῇ,
2886 3423 2980 3477 καὶ
3010 3425 3044 3497 ἡ
3087 3424 3221 3496 τιμὴ
3252 3424 3347 3479 τοῦ
3379 3424 3709 3496 Καρμήλου,

2127 3516 2222 3570 καὶ
2271 3518 2299 3570 6
2355 3515 2480 3580 λαός
2535 3533 2636 3587 μου
2677 3514 2864 3584 δψεται
2911 3516 3012 3590 τὴν
3057 3516 3212 3584 δόξαν
3253 3518 3481 3589 Κυρίου,
3516 3518 3613 3570 καὶ
3645 3514 3720 3571 τδ

2129 3608 2262 3679 ὕψος
2313 3608 2407 3662 τοῦ
2465 3609 2623 3664 Θεοῦ.
2670 3610 2973 3681 Ἰσχύσατε,
3029 3614 3211 3684 χεῖρες
3268 3611 3572 3683 ἀνειμέναι,
3606 3612 3712 3666 καὶ

2127 3702 2330 3772 γόνατα
2357 3703 2777 3776 παραλελυμένα
2829 3706 3243 3777 παρακαλέσατε
3261 3723 3276 3737 ο
3309 3706 3360 3759 οἱ
3389 3705 3712 3776 ὀλιγόψυχοι

2128 3793 2440 3865 τῇδιανοίᾳ,
2497 3794 2770 3864 ἰσχύσατε,
2835 3795 2908 3867 μὴ
2959 3795 3230 3865 φοϐεῖσθε.
3326 3796 3532 3864 Ἰδουὸ
3575 3796 3716 3863 Θεὸς

2130 3887 2284 3958 ἡμῶν
2309 3887 2490 3958 κρίσιν
2540 3887 2952 3950 ἀνταποδίδωσι,
2988 3888 3081 3942 καὶ
3113 3888 3481 3944 ἀνταποδώσει
3503 3905 3518 3920 δ
3545 3890 3717 3953 αὐτὸς

2129 3979 2272 4050 ἥξει,
2300 3979 2393 4033 καὶ
2431 3979 2594 4032 σώσει
2621 3983 2788 4051 ἡμᾶς.
2836 3981 2974 4034 Τότε
3009 3981 3414 4052 ἀνοιχθήσονται
3438 3981 3717 4053 ὀφθαλμοὶ

2130 4069 2368 4140 τυφλῶν,
2423 4071 2518 4124 καὶ
2551 4065 2665 4124 ὦτα
2713 4071 3033 4126 ἀκούσονται
3052 4089 3065 4102 °
3098 4073 3216 4125 τότε
3247 4074 3458 4127 ἀλεῖται
3487 4074 3566 4138 ὡς
3587 4075 3718 4128 ἔλα-

2135 4179 2233 4232 φος
2277 4163 2306 4215 6
2369 4161 2561 4232 χωλὸς,
2605 4162 2700 4215 καλ⁸
2741 4162 2908 4234 τρανὴ
2945 4163 3094 4215 ἔσται
3124 4163 3346 4232 γλῶσσα
3381 4165 3714 4235 μογιλάλων.

2138 4253 2258 4305 ’Ότι
2290 4251 2502 4324 ὲρῤάγη
2533 4254 2591 4305 ὲν
2635 4254 2701 4322 τῇ
2730 4253 2921 4324 ἐρήμῳ
2959 4251 3122 4322 ὕδωρ,
3163 4253 3254 4305 καὶ
3299 4253 3513 4324 φάραγξ
3550 4256 3610 4307 ἐν
3640 4258 3714 4326 τῇ

2138 4343 2348 4417 διψώσῃ
2371 4361 2383 4374 ·
2447 4345 2540 4398 καὶ
2587 4343 2740 4396 ἔσται
2791 4346 2823 4414 ἡ
2854 4343 3079 4414 ἄνυδρος
3115 4344 3196 4406 εἰς
3235 4343 3352 4414 ἕλη,
3376 4345 3470 4397 καὶ
3497 4347 3581 4408 εἰς
3610 4347 3718 4416 τὴν

456 4449 620 4506 θέὶοπι
653 4447 708 4500 in
741 4447 863 4500 loco
892 4446 1069 4515 palam
1107 4441 1366 4499 salutaris
1413 4440 1508 4495 Dei
1561 4439 1776 4494 canitur
1823 4437 2025 4492 adven-

2136 4435 2374 4504 διψῶσαν
2419 4437 2522 4507 γῆν
2553 4436 2703 4508 πηγὴ
2743 4435 2935 4499 ὓδατος
2967 4436 3139 4490 ἔσται.
3190 4455 3210 4488 ι
3242 4435 3538 4489 Κάνταῦθα
3565 4437 3721 4508 διαρ-

461 4551 585 4609 tus,
637 4539 728 4610 qui
777 4538 945 4592 multa
989 4539 1131 4592 bona
1177 4536 1249 4590 sit
1294 4534 1600 4600 allaturus;
1647 4530 1834 4588 surdis
1879 4531 2028 4585 enim

459 4633 749 4696 auditum,
797 4640 853 4686 et
909 4629 1070 4685 caecis
1136 4628 1354 4692 visum,
1407 4634 1667 4698 praeterea
1705 4623 1924 4678 claudis
1981 4628 2038 4677 et

465 4732 703 4800 linguam
751 4723 1067 4796 impeditam
1111 4720 1479 4786 habentibus,
1525 4717 1791 4773 medelam
1835 4714 2037 4786 praedi-

463 4826 609 4878 citur
639 4820 950 4876 redditurus
979 4833 993 4869 :
1028 4829 1150 4884 quae
1179 4814 1366 4866 omnia
1397 4826 1506 4865 non
1541 4809 1678 4864 alias
1713 4807 1920 4864 exitum
1952 4807 2038 4862 in-

462 4919 776 4975 venerunt,
835 4907 942 4963 nisi
992 4914 1282 4977 postquam
1336 4902 1587 4958 Salvator
1637 4911 1826 4956 noster
1872 4897 2036 4954 Jesus

464 5005 719 5062 Christus
761 5000 1012 5063 advenit,
1061 5013 1092 5052 a
1135 5013 1246 5068 quo
1289 5003 1345 5051 et
1385 5009 1656 5050 caecorum
1690 4990 1836 5047 oculi
1866 4990 2036 5059 aperti

467 5105 599 5154 sunt
621 5140 634 5160 ,
669 5105 722 5153 et
755 5093 906 5150 surdi
942 5091 1186 5145 auditum
1217 5093 1577 5158 receperunt;
1612 5086 1743 5156 quid
1784 5099 1915 5139 vero
1946 5083 2034 5137 di-

473 5204 597 5243 cere
625 5203 764 5259 Opus
794 5193 911 5250 est,
944 5199 1106 5254 quam
1139 5181 1294 5236 multi
1327 5194 1425 5251 per
1453 5179 1600 5232 illius
1629 5177 1958 5247 discipulos,
1988 5181 2044 5230 et

474 5282 652 5338 soluta
686 5281 931 5335 membra
964 5277 1262 5339 habentes,
1291 5280 1343 5328 ct
1375 5272 1510 5326 muti
1543 5281 1596 5326 et
1627 5269 1848 5334 claudi,
1880 5275 2044 5322 natu-

469 5375 615 5428 rales
662 5373 976 5428 sanationes
1023 5365 1515 5438 recuperaverint?
1564 5363 1721 5434 301
1771 5375 2046 5432 quamque

475 5464 567 5519 alii
597 5464 1027 5520 innumerabiles
1049 5504 1062 5527 ,
1087 5463 1182 5534 qui
1206 5461 1376 5517 variis
1406 5457 1792 5528 :egritudinum
1825 5455 2046 5524 languo-

477 5572 709 5627 rumque
739 5558 1031 5627 generibus
1061 5561 1412 5619 vexarentur,
1453 5551 1520 5607 ab
1551 5549 1644 5605 illo
1674 5555 1727 5605 et
1765 5547 2048 5631 curatione

554 5740 596 5772 "
619 5735 720 5794 Isa.
753 5751 917 5801 xxxv,
947 5735 1062 5790 1-7.

2139 4529 2308 4602 ρήδην
2335 4529 2481 4608 Θεοῦ.
2495 4528 2675 4599 ἄφιξις
2704 4527 3014 4592 θεσπίζεται
3049 4531 3333 4601 σωτήριος,
3370 4528 3463 4582 καὶ
3501 4528 3721 4582 πολλῶν

2136 4622 2354 4691 ἀγαθῶν
2386 4622 2564 4676 αἰτία⁹
2597 4625 2802 4692 κωφοῖς
2839 4621 2970 4692 γοῦν
3013 4623 3174 4686 ἴασις,
3206 4623 3299 4676 καὶ
3329 4621 3550 4692 τυφλοῖς
3582 4623 3720 4677 ἀνά-

2137 4714 2346 4784 6λεψις,
2371 4714 2598 4788 προσέτι
2627 4717 2685 4768 τε
2712 4715 2904 4786 χωλοῖς
2937 4717 3032 4769 καὶ
3074 4715 3170 4786 τὴν
3194 4714 3440 4784 γλῶτταν
3469 4715 3721 4768 συνδεδε-

2143 4808 2325 4880 μένοις
2349 4807 2615 4880 θεραπεία
2636 4807 2854 4861 ἑσεσθαι
2881 4808 3278 4880 προφητεύεται
3302 4824 3316 4838 ⁸
3346 4807 3382 4861 ἃ
3411 4808 3506 4862 καὶ
3528 4807 3720 4871 τέλους

2140 4902 2327 4972 ἔτυχεν
2353 4903 2453 4956 οὐκ
2477 4901 2700 4972 ἀλλωςῆ
2727 4901 2814 4955 διὰ
2833 4903 2932 4970 τῆς
2951 4901 3044 4954 τοῦ
3074 4901 3325 4974 Σωτῆρος
3346 4900 3502 4972 ἡμῶν
3542 4902 3722 4973 Ἰησοῦ

2142 4996 2376 5065 Χριστοῦ
2407 4995 2722 5066 παρουσίας,
2739 4997 2827 5064 ὑφ’
2844 4989 2906 5048 οὗ
2937 4995 3031 5050 καὶ
3049 4995 3262 5064 τυφλῶν
3291 4992 3643 5065 ἀνεῴχθησαν
3670 4997 3724 5047 οἱ

2144 5086 2428 5159 ὀφθαλμοὶ,
2448 5088 2540 5140 καὶ
2565 5087 2740 5156 κωφοὶ
2765 5087 2862 5159 τὴν
2885 5088 3052 5160 ἀκοὴν
3066 5089 3417 5160 ἀπειλήφασι.
3441 5087 3505 5139 Τί
3529 5086 3614 5140 δεῖ
3633 5085 3725 5138 λέ-

2146 5196 2285 5248 γειν,
2301 5181 2524 5234 ὅσοικαὶ
2543 5181 2629 5234 διὰ
2641 5179 2748 5233 τῶν
2774 5180 2938 5234 αὐτοῦ
2967 5181 3223 5254 μαθητῶν
3248 5181 3592 5253 παρειμένοι,
3627 5181 3718 5233 καὶ

2150 5273 2344 5342 κωφοὶ,
2363 5274 2457 5326 καὶ
2472 5273 2633 5344 χωλοὶ
2649 5273 2748 5336 τὰς
2769 5272 2909 5328 κατά
2927 5273 3086 5343 φύσιν
3101 5274 3287 5344 βάσεις
3312 5273 3718 5345 ἀπελὰμὸανον;

2147 5364 2295 5418 ἄλλοι
2320 5381 2380 5416 τε
2439 5363 2617 5436 μυρίοι
2652 5364 2920 5429 ποικίλαις
2973 5366 3148 5429 νόσοις
3177 5366 3270 5419 καὶ
3301 5366 3597 5435 μαλακίαις
3629 5381 3723 5418 τε·-

2149 5457 2485 5528 τρυχωμένοι
2508 5457 2610 5526 τῆς
2642 5457 2769 5528 παρ’
2795 5457 2957 5510 αὐτοῦ
2987 5457 3282 5530 θεραπείας
3317 5475 3377 5511 τε
3407 5459 3499 5512 καὶ
3548 5472 3728 5528 σωτη-

2153 5549 2274 5622 ρίας
2304 5548 2568 5620 ἠξιοῦντο,
2605 5550 2742 5604 κατά
2786 5567 2845 5602 τε
2889 5549 2984 5621 τὴν
3023 5550 3201 5603 ἔνθεον
3247 5550 3729 5628 τῆςῇπροφητείας
