3916 6200
230 228 330 281 ΠἸ

1120 234 1770 293 DEMONSTRATIONIS
1808 234 2260 292 EVANGELICAE
2299 234 2426 290 LIB.
2470 233 2559 292 VI.

3324 239 3429 293 «I73

226 343 537 415 πρόρρησιν,
576 347 668 401 καὶ
709 349 845 403 κατά
892 351 987 423 τὴν
1024 353 1423 429 ἀψευδεστάτην
1464 360 1572 412 τῶν
1615 360 1752 431 ἱερῶπ

1876 366 1927 413 et
1955 359 2125 413 salute
2170 357 2318 429 digni
2357 356 2620 426 judicati,
2664 363 2955 426 utrumque
2999 359 3276 422 consecuti
3315 361 3429 414 sint

225 436 560 506 Εὐαγγελίων
596 444 917 516 μαρτυρίαν.
954 448 1191 519 Ἔρημον
1218 450 1272 503 δὲ
1307 453 1364 504 ἐν
1393 452 1598 516 τούτοις
1626 455 1653 506 6
1684 453 1773 505 λό-

220 548 331 599 γος,
369 533 664 588 αἰνίττεται
706 537 802 607 τὴν
830 536 888 604 ἐξ
934 537 1100 592 ἐθνῶν
1134 542 1472 612 Ἐκκλησίαν,
1502 544 1567 615 ἣν
1610 545 1774 599 πάλαι

217 622 351 675 Θεοῦ
374 625 577 696 ἔρημον
610 621 884 682 οὗσανδιά
912 630 1017 684 τῶν
1046 632 1102 684 ἐν
1134 633 1321 705 χερσὶν
1348 635 1769 704 εὐαγγελίζεται.

216 717 323 795 Καὶ
351 717 523 771 ταῦτα
543 721 599 773 δὲ
624 720 755 793 πρὸς
782 724 890 784 τοῖς
914 722 1089 786 ἄλλοις
1130 727 1195 794 τῇ
1229 726 1417 796 ἐρήμῳ
1444 728 1605 797 φησὶν
1636 730 1664 781 6
1689 728 1773 781 λό-

215 824 330 877 γος,
376 808 693 879 δοθήσεσθαι
725 812 822 882 τὴν
858 813 1008 880 δόξαν
1044 815 1136 868 τοῦ
1172 816 1422 870 Λιϐάνου.
1464 819 1688 872 Λίϐανον
1715 820 1770 873 δὲ

215 899 309 967 τὴν
351 898 703 970 Ἰερουσαλὴμ
730 900 1096 973 ἀλληγορικῶς
1128 903 1351 973 σύνηθές
1380 905 1525 957 ἐστιν
1557 907 1767 959 ἀποκα-

214 989 341 1049 λεῖν,
377 991 451 1053 ὼς
482 991 574 1044 ἐπὶ
610 992 796 1063 καιροῦ
840 993 926 1046 διὰ
950 993 1057 1047 τῶν
1086 995 1193 1048 ἀπὸ
1232 996 1329 1066 τῆς
1377 996 1523 1060 θείας
1552 998 1770 1069 Γραφῆς

211 1081 530 1147 ἀποδείξεων
568 1086 1000 1155 παραστήσομεν.
1044 1088 1131 1139 Ἐν
1170 1088 1232 1160 δὴ
1268 1083 1359 1141 οὖν
1395 1092 1459 1160 τῇ
1500 1089 1590 1142 τοῦ
1637 1089 1768 1142 Θεοῦ

211 1172 289 1232 εἰς
322 1169 638 1241 ἀνθρώπους
676 1173 957 1245 παρουσίᾳ,
981 1178 1045 1245 τῇ
1080 1176 1374 1248 δηλωθείσῃ
1398 1178 1604 1249 ἐρήμῳ,
1629 1178 1769 1247 λέγω

209 1262 269 1331 δὴ
303 1266 369 1333 τῇ
413 1263 470 1328 ἐξ
515 1263 682 1317 ἐθνῶν
726 1264 1036 1336 Ἐκκλησία,
1068 1266 1163 1338 τὴν
1208 1267 1362 1332 δόξαν
1403 1269 1493 1321 τοῦ
1539 1270 1766 1323 Λιϐάνου

206 1354 521 1424 δοθήσεσθαι
554 1358 586 1426 ἡ
618 1356 945 1428 προκειμένη
989 1357 1225 1411 διδάσκει
1271 1360 1587 1431 πρόρρησις.
1628 1360 1769 1413 Ἀντὶ

205 1448 260 1499 δὲ
288 1447 401 1511 τοῦ,
437 1464 455 1498 ι
485 1448 575 1500 καὶ
604 1450 635 1518 ἡ
668 1448 800 1519 τιμὴ
829 1449 922 1501 τοῦ
942 1450 1255 1521 Καρμήλου,
1289 1471 1307 1503 ι
1344 1454 1371 1504 6
1404 1454 1500 1524 μὲν
1542 1452 1767 1516 Ἀκύλας

206 1538 339 1609 φησί
363 1556 376 1569 ·
420 1557 439 1589 ι
481 1540 812 1610 Διαπρέπεια
844 1540 935 1593 τοῦ
969 1542 1263 1613 Καρμήλου
1308 1545 1400 1596 καὶ
1432 1543 1525 1596 τοῦ
1558 1544 1764 1616 Σαρὼν,

202 1630 357 1682 αὐτοὶ
387 1628 597 1697 ὄψονται
628 1628 783 1694 δόξαν
814 1632 1017 1703 Κυρίου
1040 1650 1052 1662 ·
1087 1652 1104 1684 ι
1144 1635 1171 1685 ὁ
1200 1634 1255 1686 δὲ
1287 1633 1607 1706 Σύμμαχος·
1645 1636 1768 1689 «E6-

1876 451 2077 504 bonum
2099 489 2112 512 ,
2158 450 2246 503 cui
2287 448 2363 503 rei
2405 455 2457 501 et
2490 447 2672 501 divina
2705 447 2998 518 prOphetize
3032 449 3337 517 przedictio,
3368 458 3423 502 et

1874 540 1942 594 ab
1971 539 2117 594 omni
2157 537 2438 594 mendacio
2481 537 2877 592 alienissimum
2927 553 3205 592 sacrorum
3243 536 3447 608 Evan-V

1873 632 2135 703 geliorum
2185 629 2589 694 testimonium,
2639 629 2997 683 indubitatam
3056 630 3215 684 ﬁdem
3272 624 3447 685 facit.'

1874 724 2150 779 Desertam
2200 735 2327 777 vero
2372 719 2426 773 in
2478 719 2563 775 bis
2608 720 2790 774 verbis
2834 720 3113 773 oraculum
3159 720 3427 789 signiﬁcat

1870 831 1986 869 eam
2018 830 2135 884 qua:
2163 813 2228 867 de
2259 811 2513 880 gentibus
2544 811 2772 865 collecta
2800 821 2912 874 est,
2943 811 3240 865 Ecclesiam
3261 852 3274 875 ,
3305 827 3427 881 quae

1870 923 1991 960 cum
2024 917 2175 959 antea
2207 906 2322 960 sine
2352 903 2460 957 Deo
2488 913 2631 958 esset
2658 944 2672 965 ,
2704 919 2800 973 per
2825 920 2919 958 eos
2954 904 3020 959 de
3051 907 3249 974 quibus
3280 920 3426 958 nunc

1870 999 2065 1067 agitur,
2096 998 2443 1067 Evangelium
2488 996 2703 1064 accipit.
2747 994 3014 1051 Praaterea
3057 998 3196 1052 idem
3232 1013 3426 1052 oracu-

1871 1091 1978 1143 lum
2022 1090 2128 1152 ait,
2173 1091 2298 1143 huic
2340 1089 2568 1143 deserta:
2610 1089 2842 1143 dandam
2891 1104 3020 1144 esse
3067 1091 3292 1159 gloriam
3333 1089 3425 1143 Li-

1868 1182 2012 1236 bani.
2044 1180 2307 1234 Libanum
2348 1192 2526 1235 autem
2559 1180 2783 1250 ﬁgurate
2826 1178 3129 1235 Jerusalem
3159 1181 3422 1251 appellari

1868 1280 2183 1328 consuetum
2224 1280 2343 1337 est,
2390 1273 2533 1326 sicut
2564 1287 2663 1327 suo
2690 1280 2931 1341 tempore
2956 1288 3049 1342 per
3075 1287 3168 1327 eas
3194 1273 3422 1327 demon-

1867 1364 2192 1426 strationes,
2247 1378 2383 1433 quas
2427 1364 2494 1419 de
2545 1362 2728 1418 divina
2777 1362 3057 1432 Scriptura
3106 1363 3423 1430 conficiam,

1866 1457 2191 1527 probaturus
2232 1472 2350 1511 sum
2380 1474 2392 1509 :
2434 1456 2615 1525 itaque
2653 1455 2709 1509 in
2745 1455 2915 1525 ipsius
2952 1453 3044 1509 Dci
3083 1455 3151 1508 ad
3179 1455 3428 1510 homines

1867 1549 2097 1603 adventu
2121 1591 2136 1609 ,
2182 1548 2257 1601 illi
2305 1547 2566 1611 deserta},
2616 1547 2683 1603 de
2714 1562 2821 1617 qua
2851 1547 3056 1602 dictum
3091 1552 3202 1609 est,
3238 1545 3426 1600 Eccle-

1867 1642 1992 1710 sia},
2038 1644 2292 1712 inquam,
2332 1658 2451 1712 quae
2482 1640 2548 1696 de
2577 1641 2827 1710 gentibus
2869 1640 3097 1694 collecta
3141 1647 3255 1703 est,
3306 1638 3426 1708 glo-

210 1721 443 1791 πρέπεια
470 1720 559 1774 τοῦ
585 1722 879 1793 Καρμήλου
908 1725 1112 1778 καὶτοῦ
1142 1726 1341 1788 πεδίου,
1371 1729 1521 1781 αὐτοὶ
1547 1728 1752 1798 ὂᾷονται

1863 1734 1996 1788 riam
2030 1734 2216 1788 Libani
2248 1732 2480 1788 dandam
2513 1747 2633 1787 esse
2658 1775 2671 1799 ,
2714 1731 3057 1803 propositum
3099 1730 3258 1784 docet
3299 1744 3423 1784 ora-

202 1812 295 1880 τῂν
322 1810 479 1875 δόξαν
510 1812 733 1882 Κυρίου.
758 1833 775 1863 ι
805 1814 912 1868 Καὶ
943 1818 970 1868 6
997 1815 1283 1870 Θεοδοτίων
1310 1819 1384 1881 δὲ,
1404 1835 1425 1871 ι
1462 1819 1755 1891 Ὠραιότης,

201 1901 349 1972 φησὶ,
380 1900 473 1953 τοῦ
517 1902 812 1972 Καρμήλου
847 1906 939 1957 καὶ
978 1906 1067 1959 τοῦ
1114 1907 1319 1977 Σαρὼν,
1348 1909 1500 1961 αὑτοὶ
1542 1909 1756 1979 ὄψονται

196 2000 289 2069 τὴν
319 2000 480 2067 δόξαν
502 2004 703 2074 Κυρίου
731 2021 744 2036 ·
775 2025 794 2057 ι
827 2006 893 2060 δι’
925 2000 997 2060 ὧν
1022 2007 1346 2062 αἰνίττεσθαι
1373 2008 1612 2080 ἡγοῦμαι
1656 2010 1753 2081 τὴν

196 2092 527 2161 προφητείαν
557 2094 617 2145 οὐ
651 2094 747 2165 τὴν
787 2097 1153 2168 Ἰερουσαλὴμ,
1194 2098 1312 2151 ούδέ
1338 2099 1436 2171 τὴν
1481 2100 1752 2166 Ἰουδαίαν,

196 2181 327 2234 ἀλλὰ
349 2182 449 2253 τὴν
471 2184 577 2239 τῶν
609 2186 776 2239 ἐθνῶν
802 2188 982 2259 χώραν
1016 2191 1511 2263 καταξιωθήσεσθαι
1539 2194 1635 2264 τῆς
1673 2196 1757 2247 ὲν-

195 2274 312 2326 θέου
339 2274 607 2342 γνώσεως.
658 2279 712 2329 Ὀ
740 2278 866 2345 γοῦν
903 2280 1223 2352 Κάρμηλος,
1252 2284 1343 2335 καὶ
1371 2284 1398 2335 6
1427 2282 1756 2353 καλούμενος

194 2364 381 2437 Σαρὼν
424 2368 573 2420 τόποι
604 2368 712 2421 τῶν
762 2370 1067 2440 ἀλλοφύλων
1096 2375 1334 2445 ὑπῆρχον
1357 2374 1541 2428 ἐθνῶν.
1572 2375 1753 2430 Ταῦτα

199 2460 291 2525 μὲν
318 2454 413 2511 οὖν
451 2459 583 2527 πρὸς
612 2460 755 2523 λέξιν
775 2478 787 2491 ·
830 2463 923 2515 καὶ
952 2464 1089 2517 κατὰ
1118 2464 1352 2519 διάνοιαν
1376 2466 1432 2519 δὲ
1461 2466 1623 2519 είσέτι
1657 2469 1752 2539 σή-

192 2569 355 2621 μερον
380 2554 426 2604 οί
458 2554 583 2623 πρὶν
610 2554 706 2618 τὰς
740 2554 914 2625 ψυχὰς
946 2559 1350 2628 πεπηρωμένοι,
1382 2560 1456 2623 ὡς
1486 2557 1637 2624 ξύλα,
1660 2561 1754 2614 καὶ

190 2644 390 2706 λίθους,
438 2646 530 2697 καὶ
568 2646 664 2716 τὴν
708 2645 899 2716 λοιπὴν
947 2647 1149 2718 ἄψυχον
1199 2649 1349 2720 ὓλην,
1391 2651 1646 2721 δαίμονάς
1690 2669 1750 2704 τε

192 2735 519 2804 περιγείους,
570 2735 661 2787 καὶ
710 2738 990 2806 πνεύματα
1045 2738 1272 2809 πονηρὰ,
1320 2740 1439 2793 ἀντὶ
1482 2741 1574 2794 τοῦ
1617 2740 1749 2794 Θεοῦ

186 2823 292 2875 τῶν
320 2825 458 2877 ὅλων
484 2830 822 2895 προσκυνεῖν,
852 2830 904 2880 οἴ
928 2845 985 2880 τε
1015 2828 1083 2880 τὰ
1116 2819 1229 2881 ὦτα
1254 2829 1354 2897 τῆς
1386 2829 1620 2893 διανοίας
1662 2848 1751 2883 κε-

186 2916 528 2986 καρωμένοι,
550 2920 641 2970 καὶ
667 2918 975 2982 σκάζοντες,
999 2920 1089 2973 καὶ
1115 2920 1429 2989 παρειμένοι
1456 2921 1545 2974 τὸν
1574 2922 1749 2975 πάντα

187 3007 394 3059 ἐαυτῶν
420 3008 551 3077 βίον,
585 3009 785 3061 τούτων
819 3010 1071 3062 ἁπάντων
1101 3010 1192 3061 καὶ
1224 3009 1329 3061 τῶν
1363 3010 1535 3066 ἄλλων
1565 3012 1748 3065 παθῶν

1861 1822 2062 1875 culum.
2095 1821 2202 1875 Pro
2228 1837 2292 1875 eo
2324 1829 2503 1875 autem
2542 1821 2686 1891 quod
2719 1821 2922 1875 dictum
2960 1831 3077 1884 est,
3113 1838 3129 1869 ι
3165 1827 3218 1874 et
3248 1820 3424 1875 honor

1860 1909 2126 1973 Carmeli,
2160 1930 2177 1961 ›
2222 1908 2413 1979 Aquila
2475 1909 2692 1979 quidem
2748 1910 3054 1971 convertit,
3102 1927 3119 1958 ι
3156 1907 3421 1978 Splendor

1859 1999 2093 2055 Carmeli
2124 2007 2178 2054 et
2212 1998 2417 2063 Saron,
2452 2000 2553 2068 ipsi
2582 1999 2841 2053 videbunt
2872 2000 3096 2068 gloriam
3131 1998 3361 2053 Domini.
3396 2019 3415 2052 ι

1862 2093 2215 2165 Symmachus
2239 2108 2399 2158 vero,
2431 2113 2448 2144 ι
2481 2092 2651 2147 Decor
2689 2093 2918 2147 Carmeli
2962 2104 3013 2147 et
3068 2092 3277 2160 campi,
3314 2091 3419 2161 ipsi

1862 2186 2120 2240 videbunt
2172 2187 2402 2256 gloriam
2462 2184 2696 2239 Domini.
2739 2203 2756 2233 ι
2794 2183 3133 2237 Theodotion
3188 2190 3416 2237 autem:

1865 2297 1883 2328 ‹
1915 2277 2172 2347 Species,
2204 2277 2420 2346 inquit,
2463 2274 2698 2330 Carmeli
2747 2280 2800 2326 et
2856 2272 3065 2334 Saron,
3114 2270 3215 2339 ipsi
3268 2270 3412 2325 vide-

1859 2367 1992 2420 bunt
2032 2368 2256 2437 gloriam
2306 2365 2543 2419 Domini.
2578 2384 2597 2417 ι
2626 2363 2838 2429 Quibus
2879 2362 3065 2416 verbis
3107 2362 3418 2433 signiﬁcare

1859 2458 2091 2511 arbitror
2121 2458 2460 2528 prophetiam
2484 2496 2497 2518 ,
2532 2470 2638 2510 non
2682 2456 2856 2525 ipsam
2900 2453 3199 2509 Jerusalem
3240 2470 3417 2524 neque

1856 2548 2094 2602 Iudaeam
2118 2590 2132 2614 ,
2165 2548 2257 2602 sed
2291 2549 2531 2617 ipsarum
2557 2546 2799 2617 gentium
2830 2555 3027 2599 terram
3054 2585 3068 2608 ,
3102 2546 3187 2599 cui
3232 2546 3415 2601 divina

1856 2641 2089 2710 cognitio
2116 2638 2421 2694 exhibenda
2456 2639 2545 2693 sit.
2581 2638 2868 2693 Carmelus
2897 2637 3040 2691 cnim
3068 2676 3082 2700 ,
3112 2645 3165 2692 ct
3194 2638 3287 2707 qui
3320 2653 3415 2690 vo-

1855 2740 2010 2787 catur
2058 2730 2264 2795 Saron,
2314 2738 2662 2784 externarum
2711 2728 2950 2799 gentium
2982 2729 3097 2781 loca
3128 2737 3305 2782 erant.
3344 2727 3409 2781 Et

1852 2826 1965 2879 haec
2014 2824 2231 2893 quidem
2281 2823 2345 2875 ad
2400 2822 2668 2885 verbum,
2704 2821 2770 2875 ad
2803 2836 3023 2876 sensum
3067 2836 3196 2875 vero
3244 2822 3413 2875 inter-

1854 2915 2236 2983 pretantibus,
2288 2912 2580 2968 dicendum
2633 2914 2776 2975 erit,
2827 2913 2971 2982 quod
3025 2912 3061 2964 ii
3114 2912 3204 2982 qui
3259 2912 3411 2983 prius

1856 3007 2051 3060 animis
2077 3007 2329 3060 excmcati
2360 3011 2515 3059 erant
2538 3042 2553 3066 ,
2594 3004 2726 3059 adeo
2758 3011 2817 3057 ut
2858 3003 2999 3073 ligna
3044 3012 3094 3057 et
3131 3005 3334 3073 lapides
3359 3013 3413 3058 et

187 3116 243 3150 τε
270 3100 367 3152 καὶ
393 3098 834 3170 ἀρρωστημάτων
858 3100 943 3154 διὰ
966 3101 1062 3170 τῆς
1088 3100 1181 3154 τοῦ
1208 3102 1453 3173 Σωτῆρος
1478 3103 1629 3174 ἡμῶν
1654 3106 1751 3175 Ἰη-

1862 3096 2111 3166 reliquam
2147 3097 2339 3150 anima:
2393 3105 2667 3165 expertem
2702 3097 2980 3150 materiam
3008 3135 3021 3159 ,
3056 3111 3267 3150 necnon
3302 3097 3411 3151 dre-

190 3190 281 3244 αοῦ
316 3191 548 3260 Χριστοῦ
580 3192 921 3255 διδασκαλίας
954 3192 1117 3246 εἰσέτι
1148 3194 1240 3246 καὶ
1268 3192 1360 3247 νῦν
1389 3194 1750 3249 ἀπαλλάττον-

187 3297 297 3344 ται,
332 3281 465 3334 πολὺ
491 3282 793 3353 κρείττονος
821 3282 853 3351 ἢ
891 3281 1031 3333 κατὰ
1058 3281 1213 3351 σῶμα
1246 3282 1438 3345 ἰάσεως
1483 3284 1573 3337 καὶ¹
1609 3284 1751 3353 ὠφε-

184 3373 335 3438 λείας
380 3374 702 3445 ἀξιούμενοι,
746 3375 838 3428 καὶ
872 3374 972 3443 τῆς
1011 3375 1090 3436 εἰς
1127 3372 1443 3443 ἀνθρώπους
1483 3375 1573 3428 τοῦ
1613 3376 1745 3429 Θεοῦ

188 3466 358 3533 λόγου
387 3466 680 3538 παρουσίας
709 3465 908 3535 ἐναργῆ
947 3465 1043 3534 τὴν
1077 3464 1226 3517 θείαν
1250 3466 1343 3518 καὶ
1372 3466 1510 3538 ὑπὲρ
1535 3466 1742 3537 ἀνθρω-

184 3576 281 3612 πον
307 3557 535 3628 δύναμιν
558 3556 1001 3627 ἐπιδεικνύμενοι.

1853 3207 2041 3247 monas
2076 3190 2280 3245 circum
2316 3198 2514 3244 terram
2551 3196 2833 3243 versantes
2856 3228 2869 3251 ,
2906 3189 3151 3258 aliosque
3187 3190 3409 3258 Spiritus

1850 3286 2169 3355 depravatos
2191 3323 2205 3345 ,
2236 3283 2358 3336 loco
2390 3281 2584 3336 summi
2632 3280 2724 3335 Dei
2759 3281 3035 3343 colerent,
3068 3280 3268 3349 quique
3307 3297 3407 3335 au-

1848 3376 1999 3430 ribus
2044 3373 2413 3444 intelligentia:
2460 3372 2900 3438 obsurduerant;
2943 3378 2995 3425 et
3037 3370 3407 3427 claudicantes

1847 3468 2116 3539 solutique
2140 3466 2286 3521 omni
2316 3466 2427 3521 vita
2459 3477 2646 3528 erant,
2675 3465 2761 3519 his
2793 3465 3048 3521 omnibus
3074 3464 3239 3537 malis.
3265 3463 3408 3520 aliis-

1844 3576 1953 3631 que
1999 3568 2053 3615 et
2098 3557 2563 3630 perturbationum
2600 3562 2653 3611 et
2681 3555 3059 3625 aegritudinum
3086 3554 3404 3625 generibus,

184 3670 279 3720 per
337 3651 633 3708 Salvatoris
663 3653 832 3707 nostri
860 3650 990 3707 Jesu
1023 3651 1227 3709 Christi
1260 3652 1562 3708 doctrinam
1603 3655 1764 3713 etiam
1802 3673 1948 3711 nunc
1979 3657 2299 3719 liberantur,
2333 3660 2386 3706 et
2426 3650 2597 3704 multo
2660 3649 3087 3720 praestantiorem
3136 3663 3298 3718 quam
3341 3662 3405 3701 ea

182 3756 300 3809 est,
361 3762 481 3817 qua:
509 3745 576 3800 ad
625 3762 821 3816 corpus
880 3746 1147 3816 pertinet,
1212 3748 1439 3803 salutem
1494 3764 1759 3820 opemque
1790 3753 2092 3819 rccipiunt,
2135 3758 2189 3805 ct
2231 3748 2324 3803 Dei
2358 3744 2519 3819 Verbi
2565 3742 2631 3798 ad
2671 3743 2918 3799 homines
2961 3741 3225 3797 adventus
3264 3740 3409 3797 divi—7

182 3856 306 3895 nam
337 3849 390 3897 et
406 3842 529 3911 plus
557 3856 717 3910 quam
744 3840 1036 3895 humanam
1067 3841 1320 3896 virtutem
1357 3843 1619 3916 detegunt
1650 3860 1714 3899 ac
1750 3844 2145 3901 demonstrant.

686 3951 1076 4005 ΚΕΦΑΛΑΙΟΝ
1102 3953 1232 4008 ΚΒ’.

196 4040 347 4113 Ἀπὸ.
374 4041 480 4094 τοῦ
527 4041 727 4113 αὑτοῦ.
774 4075 843 4083 —-
879 4044 966 4106 Ὠς
1012 4047 1045 4097 ὁ
1092 4042 1319 4110 πρῶτος
1358 4045 1454 4098 καὶ
1504 4048 1589 4113 είς
1636 4050 1743 4103 τὸν

246 4110 745 4187 αίῶνα-τοῦθθεοῦ
791 4115 997 4187 Λόχπος,
1040 4116 1072 4166 ὀ
1102 4114 1229 4187 Δτῶν
1264 4114 1424 4187 ὅλων
1461 4110 1740 4187 Δημιουρ-

252 4181 378 4250 τύς.
415 4181 530 4234 ὑπὸ
552 4183 771 4250 Κυρίου
799 4183 902 4235 τοῦ
931 4184 1157 4251 Πατρός
1182 4183 1281 4239 καὶ
1300 4183 1415 4239 νῦν
1441 4181 1737 4243 (insanii—

248 4256 345 4306 θαι
364 4252 579 4305 ἑαυτὸν
612 4252 903 4322 ὁμολογεῖ.

251 4385 269 4415 ι
312 4366 505 4418 Ἀκουέ
536 4381 658 4436 μου,
700 4364 907 4430 Ἰακὼϐ,
939 4366 1032 4420 καὶ
1075 4366 1310 4439 Ἰσραὴλ,
1340 4365 1398 4421 ὃν
1421 4364 1529 4436 ἐγὼ
1558 4370 1730 4425 καλῶ·
1764 4344 1813 4403 D

176 4456 287 4531 ἐχὼ
316 4459 427 4528 είμι
472 4458 703 4529 πρῶτος,
738 4458 831 4511 καὶ
874 4458 983 4525 ἐγώ
1008 4459 1122 4528 εἰμι
1168 4460 1248 4521 είς
1291 4460 1378 4511 τὸν
1410 4460 1608 4513 αἰῶνα·
1640 4464 1733 4516 καὶ

174 4551 203 4615 ἡ
242 4549 358 4619 χείρ
394 4567 492 4619 μου
534 4550 852 4619 ἐθεμελίωσε
900 4550 997 4619 τὴν
1045 4551 1165 4618 γῆν,
1196 4552 1227 4620 ἡ
1260 4551 1405 4616 δεξιά
1439 4569 1540 4621 μου
1586 4555 1734 4606 ἐστε-

179 4640 347 4707 prima:
386 4639 475 4690 τὸν
518 4639 759 4708 οὐρανόν.
801 4658 818 4688 ι
851 4638 974 4690 ’Καὶ
1011 4639 1259 4709 ἐπιφέρει
1302 4640 1504 4707 λέγων’
1560 4660 1578 4691 ι
1626 4643 1732 4694 Καὶ

175 4729 268 4780 νῦν
315 4730 514 4798 Κύριος
543 4729 845 4784 ἀπέσταλκε
883 4747 968 4798 με,
1010 4730 1101 4781 καὶ
1140 4730 1199 4780 τὸ
1232 4731 1452 4801 Πνεῦμα
1483 4732 1664 4785 αὐτοῦ.
1706 4752 1724 4783 ι

178 4824 363 4891 Ἔχεις
406 4821 676 4873 κάνταῦθα
714 4821 806 4873 καὶ
848 4820 937 4872 τὸν
982 4818 1458 4890 ἀποστελλόμενον,
1501 4822 1593 4874 καὶ
1639 4822 1730 4875 τὸν

174 4911 590 4975 ἀποστέλλοντα,
637 4911 832 4982 δηλαδὴ
872 4910 960 4963 τὸν
1019 4910 1237 4981 Πατέρα
1292 4912 1383 4963 καὶ
1440 4911 1570 4965 Θεὸν
1622 4913 1730 4968 τῶν

171 5003 329 5065 ὅλων,
360 5002 601 5073 συνήθως
626 5002 703 5067 δ’ὶς
734 5001 934 5072 Κύριον
967 5002 1376 5071 ὀνομαζόμενον.

673 5115 1063 5172 ΚΕΦΑΛΑΙΟΝ
1096 5115 1223 5171 Kl".

180 5210 318 5264 Ἀπὸ
349 5208 452 5262 τοῦ
494 5208 696 5264 αὐτοῦ.
732 5241 796 5248 —
841 5208 932 5273 Ὡς
973 5208 1151 5274 αὐτὸς
1184 5211 1214 5261 ό
1246 5208 1455 5275 Κύριος
1492 5210 1557 5264 τὸ
1599 5213 1729 5267 Ἰου-

240 5279 423 5330 δαίων
448 5279 618 5341 ἔθνος
653 5277 985 5346 ἁπελὲγχει,
1021 5279 1107 5330 ὅτι
1136 5278 1210 5342 δὴ
1255 5279 1503 5333 ἐλθόντα
1545 5284 1728 5337 αὐτὸν

237 5351 312 5402 οὐ
368 5348 805 5414 παραδέξονταί,
849 5348 989 5401 οὐδὲ
1033 5348 1312 5401 καλοῦντι
1350 5352 1726 5407 ὑπακούσον-

237 5434 355 5479 ται,
388 5416 560 5470 ὁποῖά
582 5435 641 5471 τε
665 5419 929 5472 πείσεται
963 5420 1110 5485 πρὸς
1135 5420 1349 5476 αὐτῶν.

239 5548 261 5580 ι
296 5527 453 5583 Οὖτω
510 5529 651 5597 λέγει
706 5528 935 5600 Κύριοςο
1004 5528 1154 5582 Ποῖον
1229 5533 1380 5587 τοῦτο
1426 5534 1481 5586 τὸ
1530 5534 1727 5605 βιϐλίον

249 5685 293 5722 ⁸⁸
331 5683 432 5741 lsa.
462 5700 649 5748 ILVUI,
686 5684 765 5737 I3.
844 5682 1034 5737 “ibid.
1076 5684 1155 5739 16.

2298 3955 2457 4031 302
2507 3948 2734 4007 CAPUT
2774 3944 2939 4001 xxn.

1845 4048 1922 4103 Ab
1951 4047 2147 4102 eodem.
2175 4075 2246 4087 --
2274 4041 2723 4109 Quemadmodum
2746 4038 2979 4109 primum,
2999 4035 3397 4109 sempiternum-

1947 4136 2007 4173 ue
2058 4119 2153 4172 Dei
2191 4104 2449 4177 Verbum,
2484 4116 2592 4182 ipse
2619 4104 2850 4165 universi
2883 4106 3069 4182 Opifea}
3105 4123 3135 4156 a
3174 4104 3401 4159 Domino

1947 4136 2007 4173 ue
2058 4136 2152 4172 ue:
2196 4136 2449 4177 vernum,
2484 4136 2592 4182 Ipse
2619 4136 2849 4165 umwrat
2883 4136 3066 4175 quw.
3105 4136 3135 4156 ιι
3174 4136 3216 4157 υ

1910 4136 2070 4243 ίθαινε
2106 4189 2265 4243 etiam
2290 4202 2425 4239 nunc
2452 4201 2506 4238 se
2539 4184 2755 4236 missum
2785 4194 2897 4247 ςδεε
2927 4178 3221 4245 conﬁtetur.

1920 4382 1937 4413 ι
1966 4361 2105 4416 Audi
2148 4375 2267 4421 me,
2312 4356 2479 4411 Iacob
2520 4364 2572 4410 et
2611 4352 2774 4410 Israel
2802 4391 2816 4414 ,
2861 4366 3022 4422 quem
3068 4362 3167 4419 ego
3213 4361 3346 4402 voco
3376 4366 3395 4405 ξ

1839 4471 1938 4527 ego
1978 4470 2096 4509 sum
2130 4453 2371 4523 primus,
2404 4457 2458 4504 et
2498 4463 2599 4519 ego
2638 4461 2759 4502 sum
2791 4446 2846 4499 in
2879 4442 3305 4512 sempiternum:
3341 4448 3398 4493 et

1843 4565 2035 4603 manus
2071 4563 2186 4601 mea
2220 4543 2465 4599 fundavit
2494 4549 2689 4595 terram
2710 4579 2724 4601 ,
2753 4536 2971 4592 dextera
3004 4548 3123 4588 mea
3154 4531 3388 4586 ﬁrmavit

1846 4643 2044 4697 cmlurn
2076 4643 2141 4691 ²⁰.
2175 4657 2192 4688 ι
2218 4637 2282 4689 Et
2308 4633 2553 4705 adjungit
2586 4631 2747 4702 paqu
2776 4641 2896 4698 post
2922 4645 2935 4680 :
2972 4645 2989 4677 ι
3017 4625 3083 4678 Ει
3114 4638 3259 4677 nunc
3287 4621 3393 4675 Do-

1846 4734 2025 4787 minus
2057 4730 2201 4785 misit
2233 4742 2317 4781 me
2354 4735 2408 4779 et
2442 4722 2675 4794 Spiritus
2717 4721 2836 4789 ejus
2864 4720 2929 4771 εί.
2963 4737 2981 4767 ι
3007 4716 3183 4769 [labes
3226 4710 3393 4782 igitur

1838 4821 1926 4875 hic
1968 4836 2180 4891 quoque
2218 4817 2500 4872 Dominum
2527 4857 2541 4879 ,
2593 4813 2685 4883 qui
2731 4810 2963 4865 mittitur
2988 4816 3041 4863 et
3071 4806 3162 4876 qui
3192 4801 3385 4865 mittit,

1839 4914 2052 4968 Patrem
2084 4911 2335 4966 videlicet
2369 4925 2433 4965 ac
2465 4907 2634 4963 Deum
2666 4904 2943 4967 universi,
2982 4900 3073 4971 qui
3108 4893 3391 4953 consuevit

1834 5005 1918 5060 bis
1950 5003 2205 5059 Dominus
2232 5000 2523 5056 nominari.

2392 5113 2621 5172 CAPUT
2660 5111 2847 5167 XXIII.

1833 5211 1911 5266 Ab
1940 5210 2137 5266 eodem.
2161 5241 2229 5248 —-
2252 5206 2703 5276 Quemadmodum
2735 5206 2864 5278 ipse.
2885 5199 3138 5253 Dominus
3166 5195 3381 5278 ludam-

1902 5300 2017 5335 rum
2055 5272 2555 5350 gentemwredarguit
2578 5316 2592 5339 ,
2633 5292 2691 5328 eo
2728 5272 2864 5343 quod
2907 5281 3179 5350 uenturum
3211 5272 3380 5350 ipsum

1900 5336 2189 5420 suscepturi
2223 5368 2325 5403 non
2353 5336 2495 5411 εἱηῖ,
2527 5336 2684 5420 neque
2715 5336 2921 5420 uacanti
2963 5341 3063 5395 sibi
3102 5336 3381 5393 ausculta-

1904 5424 2005 5474 ιιινὶ
2026 5415 2116 5487 ,ἐι
2148 5439 2260 5491 qua:
2290 5436 2542 5489 passurus
2573 5415 2639 5470 sit
2672 5415 2734 5469 ab
2764 5415 2855 5469 eis.

1908 5553 1925 5583 ‹
1959 5532 2047 5586 Sic
2078 5531 2206 5587 dicit
2238 5529 2532 5593 Dominus,
2572 5526 2759 5593 Qualis
2788 5532 2869 5584 cst
2898 5522 2987 5577 hic
3012 5521 3145 5576 liber
3174 5515 3384 5590 repudii
