3866 6202
491 295 598 354 679

1153 264 1418 340 tussim
1453 281 1926 341 CESARIENSIS
1960 280 2047 339 οι)

2147 280 2320 338 PARS
2339 279 2402 338 ιι.
2441 313 2511 325 -
2545 275 3039 338 ΑΡοιοοΕτιεΑ.

3595 284 3707 340 480

493 414 684 474 matris
724 415 953 470 vestrae,
986 417 1094 475 quo
1139 401 1320 459 dimisi
1363 401 1530 458 eam?
1566 409 1658 456 aut
1688 404 1772 456 cui
1806 400 2033 458 debitori

2147 401 2227 455 τοῦ
2254 398 2578 455 ἀποστασίου
2613 399 2711 471 τῆς
2740 399 2944 471 μητρὸς
2969 395 3121 470 ὐμῶν
3149 387 3192 466 ᾧ
3221 397 3572 464 ἐξαπέστειλα
3600 407 3706 460 αὐ.

493 504 706 564 vendidi
740 516 836 557 vos
856 499 884 552 τ
906 511 1033 553 ecce
1061 496 1302 566 peccatis
1332 494 1529 551 vestris
1557 494 1758 549 venditi
1788 495 1922 550 estis
1943 535 1958 559 ,
1987 503 2042 550 et

492 589 871 666 iniquitatibus
907 586 1102 642 vestris
1139 586 1296 641 emisi
1338 593 1563 642 matrem
1596 595 1828 643 vestram
1854 627 1868 651 ,
1903 601 2042 656 quo-

491 681 819 745 niam,veni,
850 687 906 736 et
933 695 1042 736 non
1067 687 1186 735 erat
1211 678 1406 743 homo;
1439 679 1659 742 vocavi,
1687 686 1741 733 et
1770 693 1878 733 non
1915 684 2035 734 erat

488 774 582 846 qui
615 769 846 827 audiret.
882 767 1136 840 Nunquid
1183 783 1290 822 non
1325 775 1503 837 potest
1532 753 1726 822 manus
1756 783 1874 822 mea
1902 768 2036 823 libe-

488 863 648 919 rare?
671 869 765 916 aut
795 861 1036 932 nunquid
1075 876 1182 916 non
1212 874 1433 932 possum
1459 860 1666 930 eripere
1690 859 1774 912 “1'
1799 879 1816 911 ι
1844 857 2044 914 Deinde

490 954 546 1009 in
599 953 786 1010 eadem
837 953 1118 1024 praphetia
1168 951 1445 1022 paululum
1491 965 1850 1020 progressus:
1883 969 1901 1002 ι
1931 949 2044 1021 Ego

488 1060 637 1110 vero,
679 1043 886 1115 inquit,
928 1058 1036 1098 non
1081 1050 1372 1098 contumax
1407 1057 1557 1106 sum,
1605 1055 1780 1110 neque
1821 1048 2043 1094 contra-

493 1131 617 1194 dico
645 1150 660 1186 :
718 1139 929 1202 tergum
972 1146 1150 1186 meum
1191 1131 1316 1186 dedi
1349 1129 1403 1184 in
1437 1130 1644 1200 ﬂagella
1665 1169 1680 1194 ,
1711 1137 1766 1184 et
1795 1130 2044 1186 maxillas

489 1239 640 1280 meas
683 1223 738 1278 in
784 1223 1014 1292 alapas:
1062 1221 1250 1276 faciem
1291 1237 1419 1276 vero
1458 1237 1632 1276 meam
1676 1236 1783 1275 non
1811 1221 1979 1276 averti
2011 1235 2042 1274 a

488 1316 688 1386 probro
711 1322 992 1384 sputorum
1010 1312 1239 1384 ".ilpse
1267 1311 1523 1368 Dominus
1546 1353 1560 1378 ,
1589 1328 1714 1367 cum
1738 1313 1792 1366 in
1819 1313 1904 1368 his
1931 1328 2045 1368 ver-

489 1407 573 1462 bis
601 1420 758 1462 suum
787 1404 854 1458 ad
885 1404 1131 1459 homines
1162 1403 1452 1459 adventum
1483 1403 1736 1470 fateatur,
1764 1403 2043 1474 redarguit

487 1498 645 1570 303
691 1498 946 1568 populum
998 1494 1340 1561 Iudaeorum,
1387 1495 1531 1566 quod
1577 1497 1877 1552 venientem
1917 1510 2042 1550 eum

489 1589 798 1659 suscepturi
827 1603 932 1642 nou
965 1587 1094 1654 sint,
1129 1602 1304 1656 neque
1335 1588 1550 1641 vocanti
1577 1587 1956 1652 auscultaturi,
1987 1593 2042 1642 et

490 1678 653 1743 banc,
701 1678 854 1748 quasi
902 1678 1140 1747 seipsum
1186 1675 1501 1742 defendens,
1551 1691 1771 1731 causam
1823 1677 2040 1732 illorum

2141 492 2272 562 τήν;
2314 492 2348 563 ἢ
2392 491 2493 544 τίνι
2547 489 2799 562 ὐπόχρεῳ
2858 490 3116 561 πέπρακα
3181 491 3364 562 uade;
3405 494 3534 549 ’1δού
3580 503 3707 563 ταῖς

2141 581 2434 652 ἁμαρτίαις
2475 581 2628 651 ὐμῶν
2663 579 2956 652 ἑπράθητε,
2992 582 3085 634 καὶ
3112 584 3232 645 ταῖς
3273 583 3520 654 άνομίαις
3547 589 3706 658 ὑμῶν

2141 670 2493 737 ἐξαπέστειλα
2522 671 2620 742 τὴν
2648 671 2860 743 μητέρα
2884 671 3034 742 ὑμῶν
3059 687 3072 702 ο
3106 672 3238 726 διότι
3267 669 3446 745 ἦλθον,
3481 679 3569 730 καὶ
3596 681 3714 733 οὐκ

2140 757 2209 833 ἧν
2238 761 2538 833 ἄνθρωπος·
2574 763 2824 826 ἐκάλεσα,
2855 764 2947 816 καὶ
2969 763 3068 816 οὐκ
3109 760 3175 835 ἦν
3203 765 3230 818 6
3266 766 3568 822 ὑπακούων.
3601 770 3704 841 Μὴ

2141 853 2258 924 οὐχὶ
2293 852 2464 923 ίσχύει
2495 855 2528 924 ή
2560 854 2679 925 χείρ
2720 871 2818 924 μου
2849 853 2942 906 τοῦ
2977 853 3273 925 ῥύσασθαι;
3303 857 3336 928 ἢ
3383 857 3484 911 οὐκ
3535 861 3710 930 ἰσχύω

2140 943 2232 998 τοῦ
2286 944 2593 1012 ἐξελέσθαις
2645 964 2664 996 ι
2715 941 2826 999 Εἶτ’
2875 947 2964 998 ἐπὶ
3011 947 3108 1018 τῆς
3153 948 3319 1019 αὐτῆς
3371 951 3712 1020 προφητείας

2143 1034 2366 1098 ὑποϐὰς,
2414 1033 2596 1102 «Ἐγὼ
2638 1034 2714 1100 δὲ,
2761 1036 2946 1106 φησὶν,
2983 1036 3082 1088 οὐκ
3125 1036 3350 1100 ἀπειθῶ,
3391 1038 3516 1091 οὐδὲ
3561 1038 3713 1092 ἀντι-

2141 1127 2300 1195 λὲγω.
2351 1126 2424 1180 Τὸ
2468 1126 2632 1181 νῶτόν
2687 1145 2786 1198 μου
2818 1128 2992 1181 ἔδωκα
3029 1131 3104 1191 είς
3165 1129 3450 1201 μάστιγας,
3500 1131 3605 1195 τὰς
3655 1133 3711 1187 δὲ

2143 1218 2392 1286 σιαγόνας
2449 1235 2548 1288 μου
2605 1219 2684 1281 είς
2743 1220 3060 1289 ῥαπίσματα
3092 1237 3108 1250 ·
3165 1221 3226 1273 τὸ
3295 1221 3355 1274 δὲ
3415 1221 3712 1293 πρόσωπόν

2145 1326 2244 1379 μου
2294 1309 2392 1362 οὐκ
2438 1308 2752 1380 ἀπέστρεψα
2784 1312 2893 1364 ἀπὸ
2916 1311 3176 1383 αἰσχύνης
3217 1317 3647 1386 ἐμπτυσμάτων.
3687 1336 3707 1368 ι

2138 1399 2308 1462 Αὐτὸς
2351 1402 2380 1453 6
2407 1399 2607 1472 Κύριος
2637 1401 2723 1455 διά
2764 1403 2964 1456 τούτων
2999 1405 3101 1476 τὴν
3129 1408 3207 1469 είς
3254 1406 3578 1478 ἀνθρώπους
3617 1409 3712 1462 αὐ-

2137 1490 2230 1545 τοῦ
2259 1493 2553 1564 παρουσίαν
2588 1493 2771 1563 σαφῶς
2803 1493 3095 1565 ὁμολογῶν,
3139 1498 3424 1568 άπελέγχει
3455 1501 3550 1552 τὸν
3585 1501 3712 1554 Ἰου-

2137 1583 2299 1638 δαίων
2349 1584 2496 1648 λαδν,
2544 1585 2625 1638 ὅτι
2685 1585 2758 1657 μὴ
2800 1587 3015 1641 ἐλθόντα
3077 1589 3234 1642 αὐτὸν
3291 1589 3710 1654 καταδέξονται,

2143 1675 2276 1748 μηδὲ
2316 1676 2564 1730 καλοῦντι
2604 1676 3015 1733 ὑπακούσονται.
3042 1679 3150 1732 Καὶ
3179 1678 3324 1732 τοῦθ’
3353 1677 3551 1752 ὥσπερ
3572 1683 3706 1734 ἀπο-

489 1768 728 1840 ipsorum
745 1766 1053 1836 rejectionis
1081 1765 1241 1820 docet
1253 1765 1421 1820 fuisse
1441 1785 1453 1819 :
1475 1781 1596 1820 nam
1631 1784 1649 1817 ι
1676 1765 1939 1832 Quoniam
1953 1783 2044 1822 ve-

2147 1766 2460 1839 λογούμενος
2490 1810 2504 1835 ,
2548 1769 2718 1822 αἴτιον
2793 1769 2891 1840 τῆς
2945 1769 3120 1822 αὐτῶν
3167 1770 3373 1823 ἐκείνου
3429 1769 3705 1839 ἀποϐολῆς

490 1859 569 1922 ni,
610 1857 805 1928 inquit,
845 1865 898 1912 et
920 1873 1026 1910 non
1057 1864 1175 1911 erat
1205 1856 1258 1910 in
1282 1857 1435 1911 vobis
1467 1857 1646 1922 homo,
1666 1857 1959 1927 vocavique
1989 1867 2044 1912 et

489 1949 672 2004 nullus
713 1956 848 2014 erat,
883 1950 972 2018 qui
1014 1948 1224 2003 audiret
1261 1967 1276 2003 :
1308 1949 1529 2012 idcirco,
1572 1949 1766 2020 inquit,
1807 1949 2044 2020 peccatis

494 2038 694 2094 vestris
732 2039 935 2095 venditi
970 2040 1124 2105 estis,
1167 2059 1186 2089 ι
1236 2047 1488 2109 tanquam
1518 2041 1620 2110 ipsi
1649 2058 1745 2111 per
1770 2057 1868 2098 vos
1895 2043 2042 2112 ipsos

491 2145 625 2184 mea;
669 2131 966 2185 vocationis
1017 2129 1388 2198 repudiatores
1453 2132 1804 2196 exstiteritis,
1871 2147 2045 2204 neque

489 2234 618 2275 vero
648 2219 763 2289 ipse
787 2220 942 2276 vobis
980 2219 1219 2273 libellum
1259 2218 1467 2289 repudii
1491 2219 1752 2276 dederim.
1797 2221 1920 2276 Haec
1945 2237 2044 2276 au-

488 2316 596 2364 tem
626 2308 1031 2365 evidentissime
1071 2308 1137 2362 ad
1170 2323 1292 2363 eum
1321 2310 1577 2379 populum
1601 2311 1691 2379 qui
1717 2311 1783 2366 ad
1810 2311 2044 2366 circum-

488 2399 748 2455 cisionem
794 2401 1050 2469 pertinet,
1091 2397 1296 2452 directa
1325 2407 1472 2463 sunt,
1497 2408 1550 2455 et
1596 2401 1754 2459 simul
1788 2417 1872 2467 ea,
1923 2418 2044 2473 quae

490 2492 566 2547 llli
595 2498 782 2546 contra
815 2491 990 2562 ipsum
1026 2491 1080 2544 in
1125 2493 1377 2561 passione
1417 2491 1535 2546 ausi
1567 2502 1712 2555 sunt,
1753 2491 2038 2562 signiflcat,

489 2584 675 2639 (iocus
708 2601 722 2636 :
756 2602 772 2634 ι
813 2581 1046 2654 Tergum
1078 2598 1254 2636 meum
1288 2581 1409 2637 dedi
1445 2583 1496 2635 in
1523 2580 1748 2652 flagella,
1778 2589 1832 2636 et
1858 2585 2043 2638 maxil-

489 2677 571 2730 las
599 2690 746 2730 meas
773 2674 827 2728 in
858 2675 1064 2744 alapas,
1102 2693 1119 2726 ι
1154 2682 1207 2729 et
1239 2689 1358 2743 qua:
1396 2681 1716 2743 sequuntur.
1748 2673 1872 2729 Haec
1906 2690 2042 2744 quo-

486 2781 594 2836 que
614 2782 708 2836 per
725 2768 892 2822 otium
914 2781 943 2819 a
975 2764 1130 2820 nobis
1148 2765 1293 2835 justa
1321 2764 1758 2836 interpretatione
1784 2767 2042 2838 explana-

488 2856 709 2910 buntur.

1021 2968 1250 3024 CAPUT
1308 2967 1495 3026 XXIV.

2143 1861 2421 1928 γεγονέναι
2472 1860 2728 1914 διδάσκει.
2783 1878 2801 1911 ι
2848 1861 2998 1914 Ἐπεὶ
3039 1861 3146 1932 γὰρ
3187 1857 3368 1932 ἦλθον,
3413 1862 3573 1933 φησὶ,
3617 1864 3714 1916 καὶ

2142 1952 2238 2004 οὐκ
2281 1947 2348 2022 ἦν
2395 1952 2453 2004 ἐν
2494 1952 2620 2022 ὑμῖν
2659 1951 2972 2023 ἄνθρωπος,
3005 1951 3237 2004 ἐκάλεσά
3277 1968 3356 2017 τε,
3389 1953 3485 2005 καὶ
3532 1953 3714 2018 οὐδεὶς

2140 2038 2208 2113 ἦν
2252 2043 2280 2094 6
2308 2042 2625 2095 ὑπακούωνο
2678 2042 2765 2096 διὰ
2809 2043 2998 2108 τοῦτο,
3041 2044 3204 2114 φησὶ,
3243 2045 3361 2106 ταῖς
3412 2044 3713 2114 ἁμαρτίαις

2143 2132 2293 2204 ὑμῶν
2323 2132 2594 2204 ἐπράθητε
2613 2171 2627 2196 ,
2655 2151 2672 2184 ι
2710 2134 2803 2187 am
2836 2133 2989 2187 αὐτοὶ
3027 2134 3121 2202 ἀφ’
3163 2133 3366 2186 ἑαυτῶν
3397 2134 3708 2188 ἀποστάται

2139 2222 2238 2292 τῆς
2266 2223 2403 2293 ἐμῆς
2429 2223 2668 2294 κλήσεως
2715 2222 3076 2287 καταστάντες
3099 2265 3114 2288 ,
3167 2223 3282 2277 ἀλλ’
3310 2225 3410 2277 οὐκ
3441 2223 3580 2294 ἐμοῦ
3628 2225 3709 2295 βι-

2141 2312 2286 2365 ϐλίον
2323 2314 2448 2384 ὑμῖν
2499 2313 2822 2367 ἀποστασίου
2851 2314 3156 2376 δεδωκότος.
3207 2314 3399 2382 Σαφῶς
3435 2315 3490 2366 δὲ
3524 2313 3709 2368 ταῦτα

2140 2405 2277 2476 πρὸς
2301 2407 2390 2459 τὸν
2417 2409 2480 2458 ἑκ
2503 2406 2803 2477 περιτομῆς
2827 2405 2953 2459 λαὸν
2983 2405 3342 2458 ἀποτείνεται.
3358 2404 3518 2475 Ὁμοῦ
3545 2405 3607 2458 δὲ
3633 2405 3713 2458 τὰ

2140 2497 2267 2567 περὶ
2294 2497 2354 2550 τὸ
2381 2497 2549 2561 πάθος
2573 2499 2944 2569 τετολμημένα
2969 2499 3150 2560 αὐτοῖς
3174 2497 3322 2568 δηλοῖ
3338 2497 3522 2565 λέγων⁸
3565 2496 3712 2549 ιΤδν

2140 2589 2307 2644 νῶτόν
2337 2606 2437 2660 μου
2460 2590 2666 2644 δέδωκα
2689 2593 2768 2653 εἰς
2799 2590 3086 2660 μάστιγας,
3109 2589 3208 2653 τὰς
3239 2589 3294 2642 δὲ
3324 2589 3577 2656 σιαγόνας
3605 2605 3709 2658 μου

2138 2681 2216 2742 είς
2247 2680 2595 2750 ῥαπίσματα,
2629 2699 2647 2731 ι
2701 2680 2796 2733 καὶ
2837 2679 2906 2732 τά
2938 2679 3143 2742 τούτοις
3188 2679 3331 2750 ἑξῆς.
3377 2680 3486 2733 Καὶ
3531 2677 3714 2733 ταῦτα

2139 2771 2230 2824 ἐπὶ
2265 2770 2458 2842 σχολῆς
2482 2771 2582 2842 τῆς
2617 2771 2991 2845 προσηκούσης
3021 2769 3265 2836 τεύξεται
3292 2769 3612 2841 ἑρμηνείας.

2640 2972 3032 3026 ΚΕΦΑΛΑΙΟΝ
3070 2973 3192 3026 ΚΔν.

489 3082 566 3137 Ab
593 3083 790 3156 eodem.
819 3115 890 3156 -τ-
914 3084 1363 3156 Quemadmodum
1407 3085 1512 3152 ipse
1549 3085 1638 3154 qui
1678 3085 1732 3156 in
1779 3082 2039 3156 prophetis

2151 3085 2292 3142 Ἀπὸ
2333 3085 2457 3156 τοῦς
2487 3084 2691 3140 αὐτοῦ.
2715 3115 2784 3127 --
2815 3086 2907 3153 Ὡς
2948 3085 3128 3153 αὐτὸς
3159 3089 3190 3140 ό
3220 3085 3288 3138 ἐν
3315 3084 3440 3151 τοῖς
3471 3086 3706 3156 προφή-

557 3155 680 3208 olim
701 3153 918 3208 canebat
977 3154 1248 3218 Dominus,
1293 3153 1648 3209 unturua'ad
1693 3155 1941 3217 homines,
1990 3164 2038 3207 et

558 3228 682 3292 ipsis
715 3225 880 3280 oculis
921 3226 1296 3294 inspiciendus,
1320 3236 1369 3279 et
1407 3243 1440 3278 a
1465 3225 1700 3296 gentibus
1728 3240 2039 3295 cognoscen-

557 3300 677 3360 dus,
697 3305 1098 3364 exspectaretur.

561 3452 581 3486 ι
620 3432 744 3488 Hac
779 3433 910 3488 dicit
931 3432 1229 3489 Dominus:
1267 3433 1494 3503 Propter
1518 3448 1614 3488 vos
1636 3449 1830 3488 nomen
1862 3450 2039 3489 meum

486 3524 890 3596 blasphematur
918 3528 972 3582 in
1005 3529 1274 3597 gentibus,
1309 3527 1514 3581 idcirco
1557 3535 1847 3598 cognoscet
1870 3543 2041 3597 popu-

458 3612 576 3672 'lus
608 3632 759 3672 meus
791 3617 844 3671 iu
891 3617 977 3673 die
1019 3618 1130 3681 illa,
1163 3616 1309 3688 quod
1353 3631 1453 3687 ego
1493 3632 1634 3680 sum,
1673 3617 1787 3686 ipse
1833 3616 1926 3686 qui
1962 3616 2041 3670 lo-

489 3722 651 3779 quor,
706 3708 918 3772 adsum,
957 3716 1015 3762 ut
1055 3708 1362 3763 formositas
1393 3708 1447 3762 in
1465 3707 1758 3772 montibus,
1791 3716 1846 3763 ut
1879 3707 2040 3776 pedes

487 3800 906 3870 evangelizantis
937 3801 1176 3856 auditum
1209 3803 1378 3874 pacis,
1403 3811 1461 3857 ut
1487 3802 1579 3872 qui
1625 3803 1838 3856 nuntiat
1877 3801 2038 3868 bona,

489 3888 742 3963 quoniam
757 3893 992 3948 auditam
1008 3895 1163 3950 faciet
1180 3896 1564 3950 salutemtuam
1595 3894 1784 3948 dicens
1833 3912 1846 3946 :
1883 3892 2037 3958 Sion,

489 4003 584 4042 rex
618 3995 746 4043 tuus
789 3988 894 4043 erit
927 3986 1087 4042 Deus.
1123 3985 1239 4041 Vox
1287 3986 1706 4043 custodientium
1726 3994 1779 4040 te
1807 3985 2040 4040 exaltata

488 4085 593 4140 est,
617 4085 672 4131 et
705 4093 825 4131 cum
858 4091 989 4131 voce
1018 4077 1178 4133 simul
1207 4077 1556 4142 laatabuntur,
1586 4076 1838 4146 quoniam
1867 4076 2039 4131 oculis

489 4171 558 4224 ad
599 4171 786 4226 oculos
821 4170 1097 4233 videbunt,
1139 4172 1356 4242 quando
1402 4171 1743 4227 miserebitur
1782 4171 2039 4226 Dominus

491 4260 623 4315 Sion
661 4280 673 4314 :
701 4270 988 4330 erumpant
1017 4263 1252 4317 laetitiam
1278 4264 1438 4318 simul
1463 4265 1676 4320 deserta
1715 4262 2036 4328 Jerusalem,

488 4351 744 4422 quoniam
787 4353 1072 4408 miseratus
1107 4362 1190 4409 est
1237 4353 1494 4412 Dominus
1526 4355 1720 4426 ipsam,
1752 4361 1805 4410 et
1838 4355 2038 4411 libera-

2213 3174 2342 3224 ταις
2381 3155 2565 3210 πάλαι
2598 3155 2888 3225 θεσπίζων
2913 3158 3121 3223 Κύριος
3147 3156 3439 3225 ἥξειν-θείς
3484 3155 3710 3225 ἀνθρὼ-

2215 3243 2368 3294 πους
2391 3267 2405 3290 ,
2443 3228 2539 3280 καὶ
2565 3224 2770 3290 αὐτοῖς
2799 3225 3124 3295 ὀφθαλμοῖς
3159 3224 3711 3292 0w01ﬁasaﬁagﬁal

2215 3298 2336 3364 τοῖς
2362 3299 2560 3352 ἔθνεσι
2591 3295 3044 3366 γνωσθήσεσθαι
3065 3295 3376 3365 μελλήσει.

2220 3448 2238 3480 ι
2267 3427 2402 3481 Τάδε
2443 3425 2590 3496 λέγει
2661 3425 2896 3497 Κύριος·
2960 3427 3035 3479 Δι’
3078 3427 3218 3497 ὑμᾶς
3265 3426 3352 3479 διὰ
3411 3428 3618 3492 παντὸς
3655 3427 3714 3480 τὸ

2143 3521 2311 3591 δνομά
2355 3537 2454 3590 μου
2494 3520 2890 3591 βλασφημεῖται
2923 3520 2981 3572 ἐν
3026 3522 3135 3582 τοῖς
3163 3519 3366 3572 ἔθνεσι⁸
3417 3519 3504 3572 διὰ
3553 3521 3713 3574 τοῦτο

2145 3612 2406 3682 γνώσεται
2446 3613 2476 3666 6
2517 3613 2643 3676 λαός
2680 3629 2780 3682 μου
2815 3613 2872 3664 ἐν
2902 3613 2967 3682 τῇ
3010 3610 3192 3682 ήμέρᾳ
3226 3611 3436 3683 ἐκείνῃ,
3471 3611 3556 3663 ότι
3600 3611 3714 3680 ἐγώ

2147 3705 2297 3775 εἰμι,
2329 3704 2489 3767 αὐτὸς
2551 3707 2579 3757 6
2621 3704 2832 3768 λαλῶν,
2885 3702 3150 3774 πάρειμι,
3202 3702 3276 3765 ὼς
3303 3701 3419 3773 ὥρα
3463 3703 3561 3756 ἐπὶ
3603 3703 3714 3757 τῶν

2145 3796 2332 3865 ὀρέων,
2359 3795 2434 3860 ὡς
2463 3795 2617 3858 πόδες
2649 3795 3130 3865 εὐαγγελιζομένου
3164 3794 3331 3866 ἀκοὴν
3356 3795 3606 3866 εἰρήνης,
3632 3795 3710 3859 ὡς

2145 3886 2623 3958 εὐαγγελιζόμενος
2671 3887 2884 3956 ἀγαθά·
2931 3889 3011 3939 ὅτι
3040 3885 3308 3957 ἀκουστὴν
3356 3888 3574 3957 ποιήσει
3614 3888 3713 3957 τὴν

2147 3979 2417 4050 σωτηρίαν
2448 3995 2561 4042 σου,
2588 3977 2757 4045 λέγων
2775 3995 2787 4007 ·
2816 3976 2973 4041 Σιὼν,
3030 3977 3334 4047 βασιλεύσει
3400 3995 3490 4031 σου
3509 3979 3711 4043 όΘεός.

2143 4069 2296 4140 Φωνὴ
2321 4069 2428 4123 τῶν
2455 4069 2830 4139 φυλασσόντων
2858 4087 2916 4122 σε
2945 4068 3160 4139 ὑψώθη,
3195 4070 3288 4123 καὶ
3316 4072 3381 4140 τῇ
3415 4074 3570 4141 φωνῇ
3597 4071 3714 4141 ἅμα

2145 4159 2636 4232 εὐφρανθήσονται,
2702 4161 2784 4213 ὅτι
2839 4158 3138 4230 ὀφθαλμοῖς
3193 4158 3328 4230 πρὸς
3397 4159 3714 4230 ὀφθαλμοὺς

2143 4255 2359 4325 δψονται
2378 4297 2392 4320 ,
2416 4257 2576 4328 ἡνίκα
2604 4257 2668 4310 ἂν
2696 4257 2891 4329 ἐλεήσῃ
2920 4254 3121 4324 Κύριος
3148 4253 3245 4326 τὴν
3269 4253 3425 4307 Σιών.
3462 4255 3714 4325 Ῥηξάτω

2144 4347 2480 4420 εὐφροσύνην
2511 4347 2625 4418 ἅμα
2659 4346 2726 4400 τά
2759 4347 2938 4419 ἔρημα
2973 4346 3356 4419 Ἰερουσαλὴμ.
3382 4346 3462 4398 ὅτι
3505 4345 3712 4416 ἠλέησε

488 4440 566 4493 vit
584 4435 906 4508 Jerusalem,
929 4451 982 4497 et
998 4443 1257 4498 revelabit
1281 4445 1561 4500 brachium
1586 4453 1834 4501 sanctum
1857 4462 2039 4514 suum,

2147 4436 2346 4508 Κύριος
2381 4437 2577 4508 αὐτὴν,
2610 4438 2703 4491 καὶ
2732 4437 2995 4508 ἐρρύσατο
3031 4435 3381 4508 Ἰερουσαλὴμ
3401 4477 3416 4501 ,
3452 4435 3551 4489 καὶ
3583 4437 3716 4491 ἀπο-

489 4525 546 4582 in
577 4536 870 4600 conspectu
916 4531 1156 4586 omnium
1187 4535 1445 4603 gentium,
1489 4543 1543 4590 et
1571 4534 1830 4590 videbunt
1857 4536 2038 4590 omnia

488 4630 726 4680 extrema
768 4631 928 4682 terrae
974 4626 1198 4682 salutem
1257 4644 1287 4682 a
1341 4628 1448 4685 Deo
1505 4639 1690 4687 nostro
1747 4633 1813 4688 “.
1879 4654 1897 4685 ι
1947 4631 2042 4688 llis

489 4713 625 4787 ipsis
676 4715 929 4789 deinceps
983 4718 1188 4774 adnexa
1244 4731 1325 4776 est
1391 4721 1492 4777 sub
1549 4738 1655 4776 uno
1730 4733 1784 4778 et
1852 4721 2042 4777 eodem

489 4817 778 4875 contextu,
826 4809 894 4866 de
955 4811 1207 4881 passione
1252 4812 1457 4868 Christi
1517 4814 1837 4886 prophetia,
1878 4828 2040 4884 quam

490 4901 618 4956 item
683 4916 779 4970 per
847 4903 1012 4958 otium
1076 4905 1422 4974 expositurus
1491 4921 1631 4962 sum.
1695 4906 1831 4960 Cum
1913 4921 2044 4960 vero

495 5005 638 5047 unus
661 4999 714 5047 et
739 4993 877 5048 idem
909 4995 979 5050 sit
1007 4993 1298 5060 Dominus,
1331 4996 1424 5066 qui
1455 4997 1529 5050 ait
1549 4998 1602 5051 in
1633 4997 1894 5067 particula
1920 5005 2044 5052 ante

492 5081 632 5137 hanc
661 5085 903 5152 proxime
935 5089 1196 5159 exposita,
1226 5089 1292 5143 ad
1333 5089 1508 5161 ipsum
1551 5087 1834 5144 Judaicum
1869 5105 2043 5160 popu-

493 5175 602 5230 lum
633 5195 650 5232 :
678 5177 870 5250 304v
892 5178 1134 5235 Peccatis
1163 5181 1356 5236 vestris
1373 5180 1574 5237 venditi
1595 5181 1749 5247 estis,
1772 5188 1826 5237 et
1848 5182 2043 5252 iniqui-

489 5266 695 5322 tatibus
737 5270 932 5325 vestris
978 5270 1157 5326 dimisi
1207 5279 1430 5326 matrem
1483 5280 1758 5335 vestram,
1790 5271 2045 5341 quoniam

493 5357 712 5421 veni,et
737 5374 845 5414 non
866 5369 982 5416 erat
1014 5362 1173 5418 homo
1197 5381 1212 5429 ;
1233 5363 1443 5428 vocavi,
1469 5370 1524 5417 et
1552 5379 1658 5417 non
1684 5371 1800 5418 erat
1829 5363 1919 5433 qui
1949 5377 2046 5416 au-

492 5444 632 5501 diret
657 5449 724 5516 πε
759 5469 776 5500 ι
809 5450 865 5505 in
899 5451 983 5508 his
1015 5454 1081 5508 de
1108 5454 1304 5524 quibus
1338 5468 1480 5510 nunc
1510 5454 1688 5525 agitur
1725 5455 1902 5509 verbis
1925 5493 1940 5516 ,
1975 5451 2042 5506 ad

493 5538 711 5592 eosdem
751 5542 863 5595 ait:
902 5562 920 5593 ι
958 5543 1183 5614 Propter
1221 5562 1317 5604 vos
1351 5562 1548 5602 nomen
1578 5560 1758 5601 meum
1789 5545 2040 5617 blasphe-

551 5693 603 5725 υ
631 5693 736 5748 lsa.
763 5707 814 5760 ι,
859 5693 905 5748 1.

2151 4527 2378 4597 καλύψει
2405 4528 2494 4581 τὸν
2525 4528 2779 4600 βραχίονα
2813 4529 2902 4581 τὸν
2947 4529 3098 4598 ἅγιον
3115 4527 3284 4582 ἀὐτοῦ
3309 4527 3538 4582 ἐνώπιον
3571 4528 3716 4582 πάν-

2142 4635 2248 4670 των
2270 4618 2377 4670 τῶν
2409 4618 2606 4684 ἐθνῶν,
2640 4620 2732 4673 καὶ
2763 4619 2980 4688 ὄψονται
3014 4620 3190 4673 πάντα
3221 4619 3286 4672 τὰ
3311 4619 3453 4691 ἄκρα
3479 4619 3582 4691 τῆς
3609 4620 3714 4690 γῆς

2139 4711 2238 4782 τὴν
2273 4712 2542 4782 σωτηρίαν
2586 4713 2684 4785 τὴν
2716 4712 2867 4784 παρὰ
2911 4712 3006 4765 τοῦ
3044 4713 3177 4765 Θεοῦ
3207 4712 3380 4783 ἡμῶν.
3416 4731 3434 4762 ι
3483 4711 3713 4776 Τούτοις

2141 4802 2271 4874 ἑξῆς
2305 4804 2667 4874 ἑπισυνῆπται
2701 4805 2790 4873 ὑφ’
2820 4804 2916 4856 ἕνα
2969 4803 3063 4856 καὶ
3102 4802 3192 4856 τὸν
3236 4801 3394 4855 αὐτὸν
3440 4803 3632 4872 εἱρμὸν
3677 4802 3716 4874 ή

2143 4896 2271 4968 περὶ
2319 4895 2412 4949 τοῦ
2457 4896 2659 4958 πάθους
2702 4894 2936 4965 Χριστοῦ
2987 4893 3318 4964 προφητεία,
3361 4892 3428 4961 ἣν
3477 4893 3573 4944 καὶ
3617 4893 3713 4945 ἐπὶ

2146 4988 2340 5059 σχολῆς
2377 4987 2692 5057 ἐκθήσομαι.
2735 4981 2826 5047 Εἷς
2858 4985 2913 5038 δέ
2941 4984 3016 5037 ὣν
3066 4985 3158 5037 καὶ
3189 4986 3217 5037 6
3257 4983 3418 5046 αὐτὸς
3449 4983 3656 5054 Κύριος
3685 4985 3714 5034 6

2148 5081 2324 5150 φήσας
2371 5081 2428 5131 ἑν
2475 5081 2539 5150 τῇ
2583 5079 2690 5149 πρὸ
2724 5079 2922 5146 ταύτης
2974 5079 3242 5150 περικοπῇ
3278 5077 3412 5146 πρὸς
3451 5076 3542 5128 τὸν
3582 5077 3714 5128 Ίου⁶

2145 5172 2307 5226 δαίων
2335 5172 2459 5226 λαόν
2479 5190 2492 5202 ·
2541 5191 2558 5223 ι
2588 5173 2722 5235 Ταῖς
2757 5171 3049 5242 ἁμαρτίαις
3074 5169 3226 5241 ὐμῶν
3276 5169 3549 5240 ἐπράθητε
3568 5209 3580 5231 ,
3617 5169 3711 5221 καὶ

2145 5267 2264 5326 ταῖς
2298 5264 2544 5334 άνομίαις
2573 5263 2724 5334 ὐμῶν
2763 5261 3116 5328 ἑξαπέστειλα
3155 5260 3252 5331 τὴν
3279 5261 3485 5332 μητέρα
3516 5259 3671 5324 ὑμῶν
3692 5272 3710 5289 ’

2147 5355 2278 5408 διότι
2307 5351 2487 5425 ἦλθον,
2515 5357 2606 5408 καὶ
2632 5356 2731 5408 οὐκ
2758 5350 2826 5425 ἦν
2859 5353 3140 5425 ἄνθρωπος
3159 5394 3174 5417 ,
3210 5353 3464 5414 ἐκάλεσα,
3495 5353 3587 5404 καὶ
3608 5350 3714 5402 οὐκ

2149 5445 2216 5520 ἦν
2239 5449 2267 5502 6
2293 5449 2606 5502 ὑπακούωνο
2641 5448 2774 5501 ι-διά
2807 5447 2912 5502 τῶν
2937 5448 2994 5499 ἐν
3021 5448 3174 5518 χερσὶ
3199 5445 3334 5516 πρὸς
3364 5447 3491 5508 τοὺς
3515 5441 3714 5506 αὐτούς

2150 5558 2316 5613 φησι·
2356 5560 2373 5590 ι
2404 5539 2498 5596 Διὰ
2549 5542 2691 5613 ὑμᾶς
2741 5540 2800 5594 τὸ
2840 5540 3014 5610 ὄνομά
3057 5557 3155 5609 μου
3202 5537 3602 5610 βλασφημεῖται
3651 5538 3715 5590 ἐν

984 5697 1025 5728 ’³
1056 5699 1187 5754 ibid.
1245 5701 1362 5755 5-6.
1437 5701 1702 5770 "lsa.t.u,
1737 5697 1885 5766 5-10.
1963 5699 2007 5731 "
2036 5698 2138 5755 lsa.
2177 5713 2301 5764 xxx,
2345 5695 2452 5752 1-3.
