3916 6200
223 213 324 272 εει

1131 208 1782 269 DEMONSTRATIONIS
1824 211 2276 274 EVANGELICE
2316 213 2446 273 LIB.
2486 200 2600 271 vt.‘

3346 218 3452 276 682

219 331 327 393 τοῖς
352 330 579 385 ἔθνεσιν.
608 348 627 383 ι
658 323 771 383 Εἶθ’
787 324 865 394 ὦς
890 328 1029 401 ἔχων
1060 328 1244 401 ἕτερον
1269 333 1397 401 παρ’
1423 330 1617 394 αὐτοὺς
1635 330 1782 395 λαὸν,

1886 313 2066 387 matur
2108 333 2160 387 in
2211 332 2483 404 gentibus.
2522 353 2541 386 ι
2589 332 2791 390 Deinde
2843 335 3003 406 quasi
3044 336 3248 393 habens
3281 336 3449 392 alium

205 424 467 495 σεπιφέρει
486 440 499 454 ο
534 441 553 474 ι
581 422 679 476 Διά
704 422 863 476 τοῦτο
886 422 1151 492 γνώσεται
1180 423 1209 475 6
1236 423 1364 486 λαός
1392 440 1492 494 μου
1519 423 1581 476 τὸ
1611 423 1783 493 δνομά

221 518 322 598 μου
341 529 352 541 ⁸
390 533 409 566 ι
440 514 679 568 διδάσκει
708 531 801 579 τε,
835 515 915 567 ὅτι
957 514 1029 586 μὴ
1068 516 1251 587 ἐτερος
1270 555 1285 579 ,
1314 514 1427 568 ἀλλ’
1453 514 1614 578 αὐτὸς
1653 518 1681 569 6
1726 517 1785 569 ὲν

217 607 328 669 τοῖς
361 607 666 676 προφήταις
694 605 933 678 λαλήσας
960 607 1160 677 Κύριος
1194 606 1520 679 ἐπιδημήσει
1548 608 1677 660 ποτὲ
1707 605 1783 677 τῷ

223 696 338 768 βίῳ,
356 696 548 766 λέγων·
569 716 588 748 ι
610 697 749 767 Ἐγώ
780 700 913 771 εἰμι,
939 699 1099 762 αὐτὸς
1126 701 1155 753 6
1179 698 1375 763 λαλῶν,
1395 698 1644 771 πάρειμι.
1660 718 1678 748 ›
1710 699 1783 751 Τὸ

219 787 290 855 δέ,
312 807 331 840 ι
353 787 442 853 Ὠς
459 789 577 861 ῶρα
596 789 809 845 ἐπὶτῶν
829 791 1016 863 ὀρέων,
1034 793 1109 857 ὡς
1127 793 1284 858 πόδες
1300 793 1780 864 εὐαγγελιζομένου

217 881 383 954 ἀκοὴν
412 884 633 955 εἰρήνης
651 923 665 947 ,
687 883 762 946 ὡς
790 884 1269 957 εὐαγγελιζόμενος
1289 885 1485 954 ἀγαθά,
1513 885 1781 958 ἀκουστὴν

215 975 425 1046 ποιήσω
448 974 545 1046 τὴν
580 975 849 1046 σωτηρίαν
878 992 991 1040 σου,
1026 976 1229 1047 λέγων·
1277 977 1435 1040 Σιὼν,
1474 977 1781 1049 βασιλεύσει

217 1081 311 1118 σου
352 1066 381 1117 6
407 1065 568 1131 Θεὸς,
605 1086 624 1117 ι
656 1068 982 1140 σαφέστερον
1016 1070 1066 1121 οἰ
1102 1069 1278 1122 λοιποὶ
1306 1068 1666 1124 ἐκδεδώκασιν
1690 1070 1781 1142 ἐρ-

218 1158 511 1231 μηνευταί·
556 1160 585 1211 6
620 1160 717 1229 μὲν
763 1160 988 1223 Ἀκύλας
1024 1160 1193 1214 εἰπὼν
1215 1201 1229 1228 ,
1265 1181 1284 1214 ι
1314 1162 1379 1215 Τί
1420 1162 1778 1234 ὡραιώθησαν

214 1252 306 1304 ἐπὶ
330 1251 397 1304 τά
426 1249 523 1322 ὅρη
557 1251 714 1314 πόδες
745 1251 1250 1324 εὐαγγελιζομένου,
1283 1255 1661 1319 ἁκουτίζοντος
1702 1255 1780 1307 εἰ-

214 1344 405 1415 ρήνην»
431 1344 910 1414 εὐαγγελιζομένου
951 1343 1172 1414 ἀγαθὸν,
1198 1346 1575 1411 ἀκουτίζοντος
1604 1365 1777 1419 σωτη-

208 1440 338 1511 ρίαν
359 1479 374 1503 ,
404 1438 647 1506 λέγοντος
670 1440 734 1508 τῇ
757 1437 894 1491 Σιών
914 1457 928 1470 ο
966 1438 1341 1494 Ἐϐασίλευσεν
1369 1442 1398 1494 6
1427 1441 1558 1506 Θεός
1596 1459 1688 1495 σου
1710 1459 1725 1507 ;
1750 1462 1768 1495 ι

210 1531 309 1585 καὶ⁹
330 1532 359 1583 6
382 1532 664 1600 Σύμμαχος
686 1532 864 1601 φήσας
882 1547 895 1561 ·
920 1548 937 1581 ι
961 1530 1024 1583 Τί
1040 1531 1334 1603 εὐπρεπεῖς
1363 1529 1453 1587 ἐπὶ
1475 1534 1582 1588 τῶν
1604 1535 1773 1607 ὀρέων

209 1622 376 1685 πόδες
401 1620 895 1692 εὐαγγελιζομένου,
929 1622 1197 1695 ἀκουστὴν
1226 1623 1502 1689 ποιοῦντος
1526 1627 1768 1697 εἰρήνην,

1886 432 2081 493 praeter
2104 423 2225 479 illos
2253 425 2532 495 populum,
2560 423 2805 495 adjungit
2832 443 2843 477 :
2875 444 2893 475 ι
2930 423 3137 481 Idcirco
3161 434 3453 498 cognoscet

1886 515 2119 585 populus
2137 531 2288 571 meus
2302 532 2497 571 nomen
2514 532 2711 572 meum.
2745 537 2764 570 ι
2785 516 2985 573 Deinde
3006 518 3163 573 docet
3181 517 3326 589 quod
3342 534 3453 576 non
3550 590 3556 596 I

1886 606 2064 674 alius,
2100 608 2193 663 sed
2232 608 2346 679 ipse
2375 609 2469 679 qui
2502 609 2555 664 in
2604 609 2883 681 prophetis
2918 609 3242 681 loquebatur
3270 610 3454 665 Domi-

1883 710 2013 761 nus,
2040 697 2348 752 versabitur
2376 698 2502 752 olim
2527 701 2582 753 in
2614 700 2717 753 hac
2745 700 2875 763 vita,
2908 700 2993 756 his
3026 702 3208 757 verbis
3240 721 3252 755 :
3285 720 3302 750 ι
3342 699 3452 771 Ego

1885 798 2029 849 sum,
2063 785 2179 856 ipse
2208 787 2302 857 qui
2338 788 2553 858 loquor,
2578 787 2793 845 adsum.
2835 810 2853 843 ι
2889 790 3026 844 illud
3057 798 3237 845 autem
3271 809 3283 844 :
3322 808 3340 840 ι
3384 788 3452 844 Ut

1882 874 2193 934 formositas
2244 880 2299 935 in
2355 881 2657 947 montibus,
2703 893 2764 937 ut
2812 882 2977 953 pedes
3029 883 3452 954 evangelizantis

1883 970 2126 1025 auditum
2154 973 2327 1043 pacis,
2352 974 2521 1043 utqui
2546 975 2762 1029 nuntiat
2788 974 2929 1030 bona
2950 1013 2965 1039 ,
2994 974 3231 1029 auditam
3256 974 3450 1030 faciam

1881 1061 2110 1118 salutem
2143 1072 2314 1132 tuam,
2355 1065 2544 1121 dicens
2579 1086 2591 1121 :
2623 1065 2776 1129 Sion,
2810 1082 2905 1122 rex
2933 1075 3062 1121 tuus
3091 1068 3194 1122 erit
3225 1067 3388 1132 Deus,
3424 1087 3445 1121 ι

1881 1154 2227 1212 manifestius
2250 1158 2443 1228 reliqui
2467 1166 2853 1214 converterunt
2874 1158 3227 1228 interpretes:
3255 1161 3446 1230 Aquila

1880 1244 2094 1315 quidem
2129 1247 2181 1299 in
2222 1248 2366 1302 hunc
2392 1248 2647 1303 modum:
2686 1268 2704 1300 ι
2733 1247 2872 1314 Quid
2911 1250 3139 1318 speciosi
3166 1249 3293 1305 facti
3322 1256 3452 1307 sunt
3548 1312 3557 1322 .

1877 1352 2043 1407 super
2068 1348 2297 1407 montes,
2327 1340 2491 1410 pedes
2517 1342 2975 1412 evangelixantis?
2995 1342 3113 1409 ejus
3139 1343 3230 1413 qui
3263 1343 3452 1399 audire

1874 1427 2005 1485 facit
2027 1431 2248 1502 pacem?
2269 1432 2388 1499 ejus
2408 1433 2502 1504 qui
2534 1434 2746 1488 nuntiat
2761 1434 2981 1498 bonum,
3002 1436 3092 1505 qui
3116 1436 3305 1490 audire
3321 1435 3452 1490 facit

1875 1522 2124 1587 salutem,
2160 1524 2392 1581 dicentis
2423 1525 2526 1596 ipsi
2562 1524 2691 1580 Sion
2726 1544 2737 1578 :
2771 1524 3035 1596 Regnavit
3061 1526 3202 1582 Deus
3227 1525 3391 1581 tuus?
3423 1544 3445 1579 ο

1878 1610 2231 1684 Symmachus
2251 1631 2379 1670 vero
2405 1635 2417 1671 :
2446 1635 2464 1667 ι
2499 1616 2609 1671 Cur
2630 1616 2883 1673 decentes
2912 1619 2965 1671 in
2986 1618 3259 1673 montibus
3287 1617 3452 1688 pedes

211 1713 688 1784 εὐαγγελιζομένου
717 1713 896 1781 ἀγαθά
916 1753 931 1779 ,
964 1714 1235 1787 ἀκουστὴν
1273 1715 1550 1780 ποιοῦντος
1597 1734 1772 1789 σωτη-

1874 1708 2326 1778 evangelizantis?
2357 1710 2595 1765 auditam
2645 1711 2895 1767 facientis
2936 1727 3145 1781 pacem,
3177 1710 3450 1783 evangeli-

214 1805 331 1875 ρίαν
353 1845 368 1869 ,
391 1804 634 1874 λέγοντος
659 1806 724 1875 τῇ
756 1804 892 1859 Σιών
910 1821 922 1833 ·
966 1804 1341 1860 Ἐϐασίλευσεν
1379 1806 1408 1857 6
1441 1806 1573 1870 Θεὸς
1599 1824 1725 1873 σου;
1747 1826 1765 1857 ›

211 1895 327 1948 ἀντί
355 1895 411 1949 δὲ
439 1894 564 1962 τῶν,
596 1913 613 1947 ι
638 1894 791 1966 Φωνὴ
818 1894 924 1951 τῶν
946 1896 1326 1965 φυλασσόντων
1358 1914 1417 1951 σε
1446 1898 1654 1970 ὑψώθη,
1680 1900 1773 1952 καὶ

208 1989 272 2057 τῇ
323 1990 474 2058 φωνῇ
517 1988 633 2059 ἅμα
672 1989 1169 2061 εὐφρανθήσονται’
1204 1991 1286 2044 ὃτι
1311 1989 1608 2061 ὀφθαλμοῖς
1640 1991 1773 2062 πρὸς

206 2077 515 2150 ὀφθαλμοὺς
541 2080 759 2149 ὄψονται
782 2097 799 2113 ο
826 2100 844 2133 ι
890 2082 918 2134 6
953 2082 1050 2153 μὲν
1073 2082 1368 2154 Σύμμαχος
1394 2083 1564 2147 οὕτως
1591 2085 1771 2156 ἡρμή-

205 2187 386 2226 νευσε·
431 2190 448 2223 ι
478 2173 630 2242 Φωνὴ
655 2173 763 2227 τῶν
803 2173 1020 2227 σκοπῶν
1060 2191 1154 2228 σου
1191 2175 1404 2247 ἐπῆραν
1438 2175 1640 2247 φωνὴν,
1683 2176 1774 2229 ἐπὶ

205 2261 265 2315 τὸ
305 2261 439 2317 αὐτὸ
485 2263 816 2317 αἰνέσουσιν·
872 2263 1299 2335 ὀφθαλμοφανῶς
1334 2264 1440 2338 γὰρ
1473 2266 1712 2336 ϐψονται,
1750 2285 1769 2318 ι

205 2354 461 2423 Δέγοιντο
490 2354 533 2408 δ’
569 2354 635 2408 ἂν
664 2356 721 2408 ἐν
750 2355 955 2419 τούτοις
986 2358 1177 2410 σκοποί
1205 2360 1253 2410 οἰ
1296 2359 1428 2430 ἱεροὶ
1463 2358 1557 2411 τοῦ
1591 2360 1775 2430 Σωτῆ-

205 2461 299 2518 ρος
329 2447 486 2517 ἡμῶν
515 2448 800 2502 ἀπόστολοι
825 2488 839 2513 ,
870 2449 918 2502 οἳ
948 2450 1069 2512 καὶ,
1108 2449 1538 2521 όφθαλμοφανῶς
1584 2452 1776 2516 ἰδόντες

202 2536 293 2590 τὸν
344 2540 816 2611 προφητευόμενον
838 2580 852 2604 ,
887 2538 1106 2611 ὕψωσαν
1135 2541 1316 2595 αὐτῶν
1358 2542 1457 2615 τὴν
1488 2544 1668 2615 φωνὴν
1698 2546 1777 2607 εἰς

204 2630 388 2683 πᾶσαν
416 2629 513 2701 τὴν
537 2631 866 2702 οἰκουμένην
897 2632 1248 2704 κηρύξαντες.
1290 2633 1425 2688 Σιὼν
1457 2635 1514 2689 δέ
1548 2636 1640 2689 καὶ
1676 2637 1774 2689 Ἱε-

205 2721 489 2793 ρουσαλὴμ
522 2723 620 2793 τὴν
658 2724 716 2776 ἐν
753 2727 865 2787 τοῖς
898 2725 1076 2788 τόποις
1125 2726 1611 2799 εὐαγγελιζομένην
1639 2724 1776 2782 οἶδεν

203 2813 561 2884 ἐπουρανίους
587 2815 615 2867 6
653 2815 970 2879 Ἀπόστολος
991 2857 1005 2880 ,
1036 2816 1101 2869 δι’
1124 2810 1199 2871 ὧν
1222 2835 1384 2889 φησιν
1409 2836 1421 2850 ο
1457 2839 1474 2871 ι
1506 2821 1570 2873 Ἢ
1592 2821 1647 2873 δὲ
1665 2820 1777 2875 ἀνω

214 2904 571 2975 Ἰερουσαλὴμ
595 2905 853 2977 ἐλευθέρα
878 2907 1044 2971 ἐστὶν,
1069 2909 1189 2979 ἥτις
1216 2910 1331 2962 ἐστὶ
1359 2911 1496 2983 μήτη
1506 2931 1537 2984 ρ
1561 2912 1768 2984 ήμῶψι

204 2992 323 3057 καὶ,
357 3010 376 3044 ι
406 2993 848 3065 Προσεληλύθατε
882 2994 1017 3049 Σιὼν
1048 2997 1162 3070 δρει
1194 3000 1288 3052 καὶ
1318 3000 1466 3053 πόλει
1487 3000 1620 3055 Θεοῦ
1644 3002 1771 3067 ζῶν-

203 3062 682 3157 τος,“ιερουσαλὴ’μ
714 3088 1016 3160 ἐπουρανίῳ
1041 3129 1055 3153 ,
1083 3062 1197 3143 ’καὶ
1233 3092 1485 3163 μυριάσιν
1525 3062 1770 3162 ἀγγέλων
1795 3062 1838 3121 C‘

207 3179 529 3250 πανηγύρει.
564 3198 582 3229 ι
611 3179 837 3247 Λέγοιτο
857 3180 903 3233 δ’
927 3181 992 3235 ἂν
1021 3180 1157 3235 Σιὼν
1183 3184 1277 3237 καὶ
1309 3186 1343 3255 ή
1370 3186 1448 3247 εἰς
1479 3184 1653 3239 πάντα
1679 3185 1770 3239 τὸν

202 3272 300 3324 ἐπὶ
346 3272 447 3342 γῆς
488 3273 652 3325 τόπον
678 3272 1027 3344 διάΧριστὸν
1074 3277 1313 3329 συστᾶσα
1346 3276 1663 3347 Ἐκκλησία,
1696 3277 1770 3341 ὡς

203 3363 301 3417 καὶ
355 3362 710 3433 Ἰερουσαλὴμ
757 3366 865 3416 πᾶν
910 3364 969 3417 τὸ
1011 3364 1257 3429 θεοσεϐὲς
1294 3366 1569 3437 τόπισμα,
1618 3369 1646 3420 6
1677 3369 1771 3421 καί

202 3451 360 3525 παρὰ
397 3452 576 3523 μόνοις
604 3452 868 3508 Ἰουδαίων
903 3456 1013 3517 τοῖς
1040 3453 1205 3508 πάλαι
1245 3455 1306 3508 τὸ
1349 3455 1477 3526 πρὶν
1523 3458 1771 3522 συνεστὸς

200 3546 287 3609 εἰς
358 3545 593 3617 ἐρημίαν
661 3544 750 3598 διὰ
803 3545 905 3609 τὰς
960 3546 1273 3610 δυσσεϐείας
1326 3548 1504 3603 αὐτῶν
1564 3550 1772 3619 περιτέ-

204 3654 444 3712 τραπται
463 3654 478 3668 ο
505 3634 598 3691 εἴτ’
627 3635 693 3693 αὗ
730 3639 890 3693 πάλιν
913 3639 1011 3710 τῆς
1046 3640 1137 3692 ἐπὶ
1171 3640 1230 3693 τὸ
1265 3645 1507 3714 κρεῖττον
1536 3643 1773 3697 ἀνανεώο

205 3747 346 3793 σεως
373 3730 532 3800 ἔτυχε
553 3729 641 3783 διὰ
681 3730 777 3800 τῆς
826 3730 918 3783 τοῦ
953 3731 1201 3804 Σωτῆρος
1220 3732 1376 3803 ἡμῶν
1413 3733 1729 3802 ἐπιφανείας
1753 3749 1767 3763 ·

202 3821 297 3876 Διὸ
330 3823 493 3894 φησὶν
520 3825 553 3893 ἡ
582 3822 914 3892 προφητεία·
957 3842 974 3874 ι
998 3823 1240 3894 Ῥηξάτω
1283 3826 1618 3898 εὐφροσύνην
1656 3825 1771 3896 ἃμα

201 3913 271 3967 τά
320 3912 501 3985 ἔρημα
544 3913 924 3984 Ἰερουσαλήμ·
976 3914 1058 3967 ὅτι
1088 3914 1284 3986 ἠλέησε
1330 3916 1534 3987 Κύριος
1581 3916 1768 3987 αὐτὴν,

203 4006 298 4059 καὶ
324 4006 593 4077 ἐρρύσατο
629 4006 998 4078 Ἰερουσαλήμ.
1031 4024 1051 4058 ι
1080 4007 1193 4059 Οὐκ
1214 4006 1281 4060 ἂν
1303 4007 1359 4060 δὲ
1385 4008 1651 4080 ἁμάρτοις
1673 4008 1772 4080 τὴν

201 4095 408 4158 παντὸς
433 4093 588 4163 ἁγίου
611 4095 705 4149 καὶ
726 4095 1004 4165 θεοφιλοῦς
1025 4096 1220 4169 ψυχὴν,
1244 4098 1378 4151 καθὸ
1410 4099 1507 4169 μὲν
1536 4098 1771 4171 ἐπῆρται

200 4185 285 4257 τῷ
321 4184 443 4255 βίῳ,
462 4187 523 4238 τὸ
554 4186 853 4257 πολίτευμα
875 4187 1074 4258 ἔχουσα
1116 4191 1173 4242 ἐν
1203 4190 1473 4261 οὐρανοῖς,
1498 4189 1772 4243 σκοποῦσα

202 4278 273 4330 τά
324 4277 685 4348 ὐπερκόσμια,
729 4277 864 4331 Σιὼν
916 4279 1193 4350 ὀνομάζων
1241 4280 1626 4353 (ἑρμηνεύεται
1663 4281 1772 4352 γάρ

200 4368 705 4465 σκρίτευτήριονγ
738 4370 870 4423 καθὸ
900 4371 955 4424 δέ
1002 4374 1059 4425 ἐν
1090 4373 1376 4465 εὐσταθείᾳ
1426 4374 1520 4428 καὶ
1560 4377 1769 4465 γαλήνῃ
1802 4408 1844 4465 D

202 4458 400 4513 παθῶν
457 4460 807 4530 καθέστηκεν,
827 4462 1177 4534 Ἰερουσαλὴμ
1221 4463 1389 4535 αὐτὴν
1441 4464 1727 4519 ἀποκαλῶν
1749 4482 1765 4498 ·

201 4549 424 4617 ὅρασιν
437 4549 544 4621 γὰρ
570 4550 813 4619 εἰρήνης
839 4551 1174 4623 μεταληφθέν
1218 4552 1455 4624 τοῦνομα
1490 4555 1765 4625 σημαίνει.

205 4638 431 4702 Τούτοις
466 4639 772 4705 ἀκολούθως
813 4644 847 4714 ἡ
888 4642 995 4697 τῶν
1044 4643 1214 4697 ἐθνῶν
1246 4645 1336 4698 ἐπὶ
1361 4644 1460 4717 τὴν
1490 4647 1769 4700 εὐσέϐειαν

200 4728 301 4782 τοῦ
328 4728 463 4781 Θεοῦ
493 4730 683 4801 κλῆσις
716 4732 1087 4803 ἐναργέστατα
1105 4733 1353 4805 δηλοῦται
1378 4734 1465 4789 διὰ
1476 4736 1591 4801 τοῦ,
1618 4756 1636 4787 ι
1660 4739 1770 4791 Καὶ

200 4823 545 4895 ἀποκαλύψει
590 4824 790 4897 Κύριος
834 4828 863 4879 6
910 4826 1043 4891 Θεὸς
1088 4827 1177 4883 τὸν
1209 4828 1466 4901 βραχίονα
1494 4829 1585 4882 τὸν
1618 4829 1770 4897 ἅγιον

202 4915 373 4969 αὐτοῦ
398 4916 623 4971 ἐνώπιον
654 4917 868 4971 πάντων
899 4919 1006 4973 τῶν
1043 4920 1211 4974 ἐθνῶν
1232 4936 1244 4949 ο
1280 4921 1374 4974 καί
1397 4920 1615 4992 ὄψονται
1643 4923 1776 4976 πάν-

200 5025 273 5061 τα
313 5006 387 5059 τὰ
420 5006 566 5079 ἄκρα
605 5008 706 5079 τῆς
737 5010 842 5081 γῆς
884 5011 981 5083 την
1024 5012 1294 5083 σωτηρίαν
1337 5013 1435 5084 τήν
1485 5013 1633 5085 παρὰ
1675 5013 1766 5068 τοῦ

200 5099 343 5153 Θεοῦ
370 5101 545 5172 ήμῶν.
576 5120 599 5154 ο
630 5102 897 5173 Βραχίονα
937 5104 992 5156 δέ
1022 5103 1116 5157 τοῦ
1149 5104 1281 5158 Θεοῦ
1325 5104 1399 5177 μὴ
1427 5104 1585 5159 ἀλλον
1627 5103 1767 5159 εἰναι

196 5191 298 5245 τοῦ
337 5193 529 5262 Λόγου,
561 5193 654 5248 καί
685 5195 781 5265 τῆς
811 5195 1025 5264 Σοφίας,
1058 5196 1150 5248 καί
1194 5196 1358 5250 αὐτοῦ
1404 5196 1497 5250 τοῦ
1538 5198 1766 5270 Κυρίου,

197 5284 261 5348 6;
297 5286 443 5339 ἐστιν
467 5288 494 5337 6
520 5286 753 5357 Χριστὸς
793 5286 886 5340 τοῦ
930 5285 1086 5352 Θεοῦ,
1118 5287 1323 5358 νόμιζε.
1357 5288 1525 5341 Τοῦτο
1549 5287 1677 5358 γοῦν
1705 5290 1769 5341 ἐκ

198 5376 414 5429 πολλῶν
443 5378 784 5449 παραστῆσαι
819 5378 1212 5451 ρᾁιον.’Ἐχεις
1244 5380 1300 5433 δὲ
1330 5380 1424 5435 καί¹
1451 5382 1509 5435 ἐν
1550 5379 1769 5447 Ἐξόδφ

190 5470 293 5524 τὸν
339 5471 552 5545 Ἰσραὴλ
582 5471 821 5543 βραχίονι
858 5472 993 5527 Θεοῦ
1040 5473 1300 5547 ρυσθέντα
1341 5475 1442 5546 τῆς
1488 5478 1578 5532 ὐπ’
1602 5480 1768 5549 Δίγυ-

269 5627 320 5661 ⁶⁸
353 5626 526 5683 Galat.
553 5645 627 5696 tv,
660 5627 748 5683 26.
824 5630 865 5661 ’⁷
903 5628 1060 5685 Hebr.
1089 5646 1183 5695 xu,
1205 5629 1293 5684 ἓξ.

1873 1803 2044 1855 zantis
2067 1801 2230 1866 bona,
2255 1803 2493 1860 auditam
2517 1803 2769 1860 facientis
2800 1806 3063 1860 salutem?
3087 1805 3314 1860 dicentis
3344 1805 3450 1875 ipsi

1874 1887 2002 1944 Sion
2034 1908 2047 1943 :
2074 1889 2338 1963 Regnavit
2359 1894 2501 1952 Deus
2524 1898 2688 1952 tuus?
2726 1917 2744 1948 ι
2780 1912 2876 1966 pro
2904 1912 2968 1951 eo
2997 1911 3127 1951 vero
3154 1897 3300 1967 quod
3326 1907 3447 1952 est:

1877 2000 1895 2032 ι
1935 1980 2045 2037 Vox
2091 1985 2512 2041 custodientium
2563 1995 2616 2041 te
2660 1988 2893 2041 exaltata
2924 1996 3029 2053 est,
3070 1996 3125 2043 et
3165 2003 3287 2044 cum
3317 2003 3453 2045 voce

1874 2072 2035 2127 simul
2071 2074 2429 2141 laetabuntur,
2462 2078 2718 2147 quoniam
2753 2079 2930 2135 oculis
2973 2079 3039 2133 ad
3079 2080 3268 2136 oculos
3296 2079 3450 2138 vide-

1873 2163 2030 2229 bunt,
2068 2186 2085 2217 ι
2116 2166 2483 2237 Symmachus
2512 2168 2729 2239 quidem
2783 2171 2862 2225 sic
2892 2171 3277 2239 interpretatus
3324 2181 3445 2227 est:

1879 2274 1898 2308 ι
1946 2255 2060 2311 Vox
2110 2259 2513 2327 speculatorum
2545 2268 2766 2314 tuorum
2796 2262 3108 2317 extulerunt
3134 2278 3345 2328 vocem,
3391 2265 3446 2320 in

1874 2347 1928 2402 id
1959 2346 2133 2418 ipsum
2166 2349 2484 2413 laudabunt,
2509 2351 2687 2419 palam
2723 2351 2868 2406 enim
2909 2353 3084 2407 oculis
3108 2352 3388 2409 videbunt.
3422 2374 3442 2407 ι

1875 2436 1992 2492 Dici
2019 2453 2182 2508 porro
2214 2439 2267 2493 in
2296 2440 2383 2494 his
2412 2440 2783 2510 speculatores
2807 2440 3081 2507 videntur,
3108 2444 3449 2500 sacrosancti

1872 2528 2178 2586 Salvatoris
2214 2532 2389 2586 nostri
2421 2532 2675 2602 apostoli,
2717 2534 2810 2605 qui
2844 2534 3020 2604 palam
3054 2534 3229 2592 oculis
3267 2535 3448 2590 intuiti

1873 2637 2021 2691 eum,
2052 2622 2118 2678 de
2145 2639 2252 2694 quo
2287 2625 2561 2696 propheta:
2605 2626 2986 2696 loquebantur,
3026 2628 3338 2682 extulerunt
3363 2642 3449 2682 vo-

1874 2730 1991 2770 cem
2039 2731 2193 2771 suam
2225 2717 2279 2771 in
2312 2724 2486 2771 totum
2518 2724 2789 2773 terrarum
2826 2718 3034 2782 orbem,
3070 2718 3221 2773 illum
3266 2718 3444 2788 ipsum

1873 2808 2249 2878 praedicantes.
2282 2809 2459 2879 Ipsam
2491 2824 2619 2864 vero
2656 2806 2787 2863 Sion
2815 2824 2878 2864 ac
2906 2808 3209 2864 Jerusalem
3242 2823 3363 2879 qua:
3389 2809 3445 2863 in

1874 2901 2012 2955 locis
2037 2901 2461 2971 evangelizatur,
2487 2901 2541 2956 in
2564 2901 2703 2957 cmlo
2736 2900 2954 2973 agnovit
2983 2902 3098 2973 ipse
3126 2898 3443 2972 Apostolus,

1877 2987 1986 3043 illis
2033 2988 2214 3043 verbis
2253 3008 2265 3042 :
2319 3007 2338 3039 ι
2401 2988 2661 3059 Superior
2709 3000 2888 3046 autem
2926 2989 3228 3046 Jerusalem
3275 2990 3444 3046 libera

1871 3087 1976 3144 est,
1994 3094 2114 3148 quae
2132 3088 2215 3136 est
2235 3089 2406 3135 mater
2419 3088 2607 3136 nostra
2622 3082 2686 3148 “,
2700 3100 2719 3132 ι
2742 3092 2793 3137 et
2815 3101 2829 3137 :
2853 3082 3205 3139 «Accessistis
3220 3083 3288 3138 ad
3313 3082 3444 3139 Sion

1871 3179 2110 3227 montem
2126 3180 2178 3227 et
2198 3172 2265 3226 ad
2287 3173 2561 3229 civitatem
2588 3173 2684 3229 Dei
2704 3175 2934 3231 viventis
2954 3175 3253 3232 Jerusalem
3282 3177 3447 3232 caele-

1872 3273 2089 3327 stem,et
2102 3266 2391 3319 multorum
2407 3266 2637 3320 millium
2652 3266 2963 3336 angelorum
2981 3268 3405 3337 frequentiam".
3420 3286 3439 3319 ι

1872 3359 1985 3413 Dici
2006 3376 2133 3415 vero
2152 3358 2281 3412 Sion
2305 3360 2503 3429 poterit
2524 3360 2684 3415 etiam
2711 3375 2796 3425 ea,
2816 3376 2936 3431 quae
2971 3360 3027 3415 in
3058 3375 3271 3416 omnem
3286 3371 3446 3416 terra:

1871 3454 2073 3513 locum,
2110 3465 2203 3519 per
2233 3447 2509 3506 Christum
2527 3451 2825 3505 constituta
2845 3460 2929 3507 est
2953 3450 3218 3517 Ecclesia,
3253 3468 3443 3523 quem-

1871 3542 2161 3597 admodum
2190 3540 2491 3598 Jerusalem
2523 3557 2685 3597 omne
2713 3544 2859 3612 pium
2875 3556 2938 3596 ac
2951 3543 3263 3613 religiosum
3285 3545 3444 3599 civile

1871 3632 2201 3697 institutum,
2221 3634 2366 3703 quod
2383 3648 2504 3688 cum
2530 3633 2672 3705 apud
2692 3633 2837 3688 solos
2857 3642 3065 3689 veteres
3081 3633 3296 3691 Judaeos
3311 3636 3441 3689 olim

1870 3727 2176 3791 exsisteret,
2193 3726 2246 3779 in
2274 3726 2621 3781 solitudinem
2643 3733 2862 3796 propter
2876 3724 3118 3795 ipsorum
3136 3726 3442 3796 impietates

1871 3834 2196 3875 conversum
2228 3828 2332 3887 est,
2365 3818 2561 3873 deinde
2590 3834 2785 3873 rursus
2815 3818 3222 3872 renovationem
3249 3820 3303 3873 in
3334 3834 3443 3874 me-

1871 3912 1979 3966 lius
2019 3920 2375 3968 consecutum
2405 3921 2489 3967 est
2511 3950 2526 3977 ,
2561 3926 2659 3983 per
2696 3910 2900 3967 Christi
2941 3909 3238 3968 Salvatoris
3267 3912 3441 3968 nostri

1871 4004 2181 4060 adventum.
2203 4003 2363 4074 305
2381 4005 2719 4075 Quapropter
2747 4004 2823 4058 ait
2842 4005 3125 4075 prophetia
3158 4024 3172 4060 :
3203 4024 3221 4057 ι
3250 4004 3444 4060 Erum-

1869 4102 2001 4167 pant
2031 4096 2264 4151 laetitiam
2290 4096 2451 4151 simul
2479 4096 2690 4151 deserta
2705 4095 3029 4164 Jerusalem,
3055 4097 3312 4167 quoniam
3339 4100 3440 4152 mi-

1871 4196 2082 4244 seratus
2100 4197 2183 4244 est
2203 4188 2465 4246 Dominus
2487 4191 2681 4259 ipsam,
2712 4199 2766 4246 et
2780 4190 3028 4245 liberavit
3050 4188 3350 4246 Jerusalem
3370 4229 3385 4244 .
3413 4209 3434 4243 ι

1870 4279 2156 4347 Caeterum,
2177 4296 2450 4351 nusquam
2471 4296 2603 4336 sane
2635 4283 2878 4348 aberres,
2908 4282 2956 4336 si
3008 4281 3439 4351 uniuscujusque

1870 4371 1975 4426 viri
2007 4372 2181 4426 sancti
2207 4371 2426 4441 Deoque
2452 4372 2610 4425 amici
2634 4371 2893 4435 animam,
2919 4380 3188 4441 quatenus
3219 4371 3438 4440 quidem

1872 4479 2039 4535 supra
2090 4464 2231 4518 hanc
2261 4464 2426 4517 vitam
2471 4463 2614 4518 elata
2668 4470 2772 4528 est,
2828 4466 3027 4533 quippe
3069 4477 3193 4517 cum
3225 4463 3279 4517 in
3298 4463 3439 4519 caelo

1871 4569 2030 4610 suum
2056 4554 2148 4623 jus
2178 4553 2416 4608 civitatis
2439 4554 2656 4621 habeat,
2684 4553 3184 4624 contempleturque
3218 4568 3281 4609 ea
3317 4568 3438 4625 qua:

1873 4648 1993 4718 ipso
2017 4647 2220 4702 mundo
2246 4654 2373 4703 sunt
2402 4646 2705 4717 superiora,
2743 4646 2873 4702 Sion
2925 4646 3175 4702 nomines
3196 4648 3343 4718 (nam
3369 4663 3438 4703 ex

1874 4742 2321 4815 interpretatione
2367 4743 2769 4811 spccutatorium
2810 4742 3132 4812 significat);
3169 4750 3436 4811 quatenus

1874 4847 2055 4893 autem
2080 4839 2135 4892 in
2164 4838 2307 4892 bono
2335 4844 2481 4892 statu
2507 4845 2561 4892 et
2601 4836 2784 4908 quiete
2812 4835 3276 4905 perturbationum
3304 4848 3437 4889 con-

1873 4929 2063 4984 stituta
2126 4937 2250 4994 est,
2296 4927 2599 4983 Jerusalem
2660 4926 2903 4982 eamdem
2964 4924 3225 4995 appelles.
3300 4922 3435 4978 Illud

1872 5020 2018 5074 enim
2058 5035 2255 5075 nomen
2281 5034 2642 5085 iconversum,
2685 5017 2935 5072 uisionem
2967 5016 3112 5084 pacis
3139 5013 3432 5087 significat.

1871 5106 2071 5164 Ordine
2105 5108 2331 5178 posthac
2359 5107 2453 5163 Dei
2500 5106 2570 5161 ad
2619 5120 2802 5161 veram
2855 5105 3168 5173 religionem
3220 5103 3435 5159 vocatio

1875 5202 2135 5271 gentium,
2167 5201 2575 5257 evidentissime
2604 5198 2912 5254 declaratur
2931 5195 3041 5251 illis
3061 5194 3240 5251 verbis
3266 5210 3278 5246 :
3320 5211 3340 5246 ι
3367 5191 3433 5246 Et

1874 5294 2135 5349 revelabit
2170 5292 2430 5349 Dominus
2464 5292 2607 5348 Deus
2634 5289 2916 5346 brachium
2951 5295 3199 5343 sanctum
3247 5301 3430 5350 suum,

1874 5385 1931 5438 in
1961 5393 2252 5453 conspectu
2286 5384 2528 5437 omnium
2560 5380 2819 5452 gentium,
2853 5385 2908 5433 et
2960 5376 3218 5433 videbunt
3242 5391 3432 5431 omnes

1876 5478 2009 5535 fines
2064 5485 2222 5534 terra:
2277 5476 2511 5533 salutem
2542 5491 2572 5529 a
2603 5472 2713 5530 Deo
2769 5479 2983 5528 nostro.
3022 5490 3040 5522 ι
3094 5469 3265 5523 Porro
3308 5468 3433 5522 bra-
