3916 6200
489 193 598 250 I83

1159 189 1424 246 ensum
1453 182 1926 248 cmsanmnsns
1963 185 2118 248 OPP.
2145 187 2341 246 rans.
2383 178 2447 245 ll.
2491 222 2562 232 —
2597 180 3092 248 APOLOGETICA.

3638 193 3744 249 484

488 316 674 370 ehium
717 314 809 369 Dei
842 313 1154 382 neutiquam
1214 311 1362 366 aliud
1417 327 1539 368 esse
1589 312 1872 368 arbitreris
1893 327 2054 383 quam

2159 312 2334 376 πτίοις
2361 312 2623 377 δουλείας.
2656 313 2824 366 Αὐτὸν
2852 313 2914 384 δὴ
2948 313 3153 366 ἐκεῖνον
3199 312 3292 366 τὸν
3339 314 3605 384 βραχίονα
3647 317 3743 369 τοῦ

479 408 725 464 "Verbum
747 415 801 463 et
834 406 1188 476 Sapientiam,
1218 413 1272 461 et
1299 406 1476 476 ipsum
1506 405 1815 471 Dominum,
1850 406 1943 477 qui
1972 415 2058 460 est

487 502 740 557 Christus
775 498 890 554 Dei.
923 496 1039 553 Hoc
1067 499 1211 553 enim
1236 513 1300 553 ex
1338 498 1525 552 multis
1574 497 1863 553 ostendere
1896 498 2056 554 facile

484 601 590 648 est.
621 587 798 646 Habes
818 599 1078 660 prasterea
1102 589 1158 643 in
1188 587 1401 651 Exodo,
1433 587 1598 642 lsrael
1631 589 1698 642 ab
1730 585 2053 658 Egyptiaca

485 684 748 740 servitute
777 682 1070 736 liberatum
1103 681 1330 736 brachio
1363 679 1476 735 Dei.
1515 678 1694 750 Ipsum
1729 680 1892 749 igitur
1919 678 2053 734 illud

485 771 769 828 brachium
801 770 932 833 Dei,
968 769 1114 842 quod
1156 770 1328 826 veteri
1371 770 1569 840 populo
1600 770 1828 823 salutem
1880 769 2054 823 mani-

483 864 782 920 festissime
805 862 1004 927 attulit,
1032 863 1287 918 omnibus
1310 862 1560 932 gentibus
1588 861 1937 930 aperiendum
1991 875 2056 914 ac

483 956 865 1028 detegendum,
906 963 1166 1026 tanquam
1197 955 1252 1009 id
1275 953 1420 1024 quod
1473 956 1624 1024 prius
1654 954 1929 1008 occultum
1960 967 2052 1007 es-

2157 401 2292 456 Θεοῦ
2338 403 2430 456 τὸν
2475 403 2818 473 ἀναφανέντα
2840 402 3061 472 σωτῆρα
3089 401 3184 454 τοῦ
3228 401 3392 456 πάλαι
3435 403 3569 456 λαοῦ
3604 405 3744 457 πᾶσι

2157 499 2270 560 τοῖς
2298 495 2505 549 ἔθνεσιν
2533 494 3100 566 ἀποκαλυφθήσεσθαι,
3117 494 3192 557 ώς
3214 493 3280 547 ἂν
3303 492 3364 547 τὸ
3393 494 3523 566 πρὶν
3553 497 3744 549 ἐπικε-

2158 589 2494 661 κρυμμένον,
2537 589 2570 659 ή
2605 586 2852 658 παροῦσα
2888 587 3142 657 σημαίνει
3177 587 3500 658 προφητεία.
3533 588 3648 658 Τὴν
3683 587 3742 641 δὲ

2161 681 2460 753 σωτηρίαν,
2487 681 2554 751 ἥν
2602 695 2766 750 φησιν
2817 699 2836 731 ι
2867 679 3092 748 ὄψεσθαι
3140 679 3317 733 πάντα
3349 679 3417 732 τὰ
3447 681 3594 751 ἄκρα
3642 681 3742 747 τῆς

2158 772 2280 842 γῆς,
2313 791 2330 822 ι
2354 771 2448 825 καὶ
2475 771 2542 842 ἣν
2566 771 2832 843 ἀνώτερον
2861 769 3043 842 ἐδήλου
3078 770 3271 839 λέγων,
3292 771 3372 823 ὃτι
3390 780 3411 814 ι
3433 771 3740 841 Ἀκουστὴν

2160 865 2373 934 ποιήσω
2395 862 2494 934 τὴν
2519 862 2791 934 σωτηρίαν
2825 877 2938 926 σου,
2975 882 2994 915 ι
3029 863 3136 915 ἴσθι
3173 865 3240 932 τῇ
3282 862 3547 932 Ἐϐραίων
3581 864 3735 934 φωνῇ

2160 949 2238 1024 τῷ
2259 953 2351 1007 τοῦ
2383 954 2557 1026 Ἰησοῦ
2579 955 2804 1025 ὀνόματι
2826 953 3341 1026 προσαγορεύεσθαι.

486 1056 614 1114 set,
679 1063 922 1119 praesens
953 1048 1232 1120 prophetia
1277 1046 1564 1118 signiﬁcat.
1618 1043 1857 1099 Salutem
1898 1060 2027 1099 vero
2074 1061 2238 1114 quam
2271 1048 2404 1103 dicit
2454 1049 2712 1104 «visuros
2766 1062 2954 1103 omnes
2998 1057 3157 1104 terra:
3191 1049 3392 1110 lines,»
3461 1056 3516 1103 et
3576 1062 3729 1117 quam

483 1145 738 1216 superius
777 1144 1036 1200 indicavit
1079 1159 1204 1199 cum
1250 1143 1390 1198 dixit
1423 1157 1439 1196 :
1480 1159 1502 1192 ι
1535 1141 1786 1196 Auditam
1840 1139 2035 1195 faciam
2076 1141 2306 1198 salutem
2333 1151 2508 1212 tuam,
2535 1162 2559 1196 ς
2590 1145 2699 1200 cito
2728 1143 2871 1214 apud
2897 1142 3152 1200 Hebraeos
3183 1145 3299 1214 ipso
3330 1142 3492 1200 «Iesus
3516 1142 3732 1199 nonda:

481 1240 764 1313 appellari.

1043 1355 1271 1414 CAPUT
1327 1356 1488 1412 XXV.

482 1471 563 1527 Ab
591 1471 788 1527 eodem.
823 1504 889 1516 -—
927 1472 1078 1538 Quod
1122 1489 1305 1525 rursus
1357 1472 1611 1526 Dominus
1646 1508 1660 1532 ,
1687 1470 1859 1537 ipsum
1899 1467 2054 1535 plane

562 1542 660 1596 Dei
696 1542 937 1607 Verbum,
966 1554 1207 1597 venturus
1235 1552 1283 1597 et
1312 1553 1484 1614 gentes
1521 1550 1930 1610 congregaturus
1963 1553 2053 1592 ca-

554 1621 782 1668 neretur.

2658 1350 3054 1408 ΚΕΦΛΛΑῙΟΝ
3092 1351 3216 1406 κεν.

2171 1459 2314 1520 Ἀπὸ
2342 1465 2446 1520 τοῦ
2475 1464 2679 1519 αὐτοῦ.
2713 1465 2889 1531 -Ὠς
2915 1460 3085 1536 αὖθις
3106 1466 3341 1536 Κύριος,
3369 1471 3405 1522 ό
3434 1469 3545 1521 τοῦ
3585 1473 3724 1527 Θεοῦ

2231 1535 2815 1666 ἓὲἲζοεςέαῗρχόμεγσς,
2861 1534 2960 1588 καὶ
3001 1533 3074 1589 τὰ
3121 1533 3264 1605 ἔθνη
3313 1533 3609 1605 συνάξειν
3641 1548 3722 1598 0e-

557 1725 576 1757 ι
600 1704 742 1760 Ecce
763 1704 1027 1758 Dominus
1055 1715 1114 1758 ut
1147 1704 1287 1775 ignis
1303 1703 1501 1768 veniet,
1536 1711 1589 1760 et
1607 1702 1749 1760 sicut
1768 1708 2062 1770 tempestas

2237 1716 2255 1746 ι
2281 1695 2406 1750 Ἰδοὺ
2439 1695 2642 1767 Κύριος
2689 1695 2764 1759 ὡς
2801 1693 2913 1767 πῦρ
2953 1694 3094 1767 ἥξει,
3123 1697 3216 1750 καὶ
3261 1696 3337 1761 ὡς
3377 1702 3629 1769 καταιγὶς
3658 1703 3721 1756 τὰ

479 1812 682 1853 currus
697 1798 814 1866 ejus
840 1799 907 1860 ’⁸,
936 1816 955 1848 ι
976 1804 1029 1850 et
1046 1812 1164 1867 qua:
1189 1804 1511 1866 sequuntur.
1543 1813 1562 1847 ι
1594 1794 1736 1848 Dixit
1762 1792 2050 1845 Dominus:

486 1888 553 1942 Et
581 1903 683 1958 ego
711 1903 874 1957 opera
908 1902 1097 1941 eorum
1147 1895 1201 1941 et
1239 1885 1622 1956 cogitationem
1683 1897 1870 1937 eorum
1918 1883 2052 1947 scio,

477 1992 533 2038 et
568 1999 667 2054 ego
698 1981 856 2036 venio
900 1994 1232 2050 congregare
1275 1993 1467 2033 onmes
1517 1985 1705 2047 gentes
1736 1983 1790 2028 et
1819 1972 2054 2043 linguas,

477 2083 534 2129 et
558 2073 774 2128 venient
800 2080 855 2127 et
883 2071 1146 2126 videbunt
1169 2069 1396 2140 gloriam
1433 2083 1606 2121 meam
1629 2106 1644 2132 ,
1671 2073 1725 2120 et
1751 2065 2053 2135 relinquam

476 2167 560 2222 eis
583 2166 820 2236 signum,
852 2171 905 2219 et
935 2165 1178 2218 emittam
1197 2178 1265 2216 ex
1292 2161 1374 2216 eis
1398 2159 1489 2230 qui
1528 2159 1718 2214 salvati
1754 2156 1956 2212 fuerint
1987 2155 2053 2208 ad

475 2266 690 2328 gentes,
722 2255 884 2327 306
923 2256 976 2309 in
1012 2254 1260 2317 Tharsis,
1286 2260 1341 2308 et
1390 2249 1569 2314 Phud,
1605 2258 1660 2305 et
1689 2248 1826 2312 Lud,
1858 2255 1911 2302 et
1941 2246 2053 2300 Mo-

478 2348 635 2410 soch,
667 2354 719 2401 et
747 2345 974 2408 Thobel,
1029 2354 1084 2400 et
1128 2345 1184 2398 in
1217 2342 1504 2406 Graeciam,
1545 2348 1600 2396 et
1631 2338 1697 2392 ad
1729 2338 1936 2393 insulas
1967 2351 2052 2391 re-

477 2446 680 2501 motas,
714 2437 777 2489 ad
819 2451 916 2490 eos
963 2436 1058 2505 qui
1102 2450 1211 2488 non
1257 2433 1553 2488 audierunt
1606 2444 1803 2484 nomen
1853 2443 2052 2488 meum,

475 2544 655 2597 neque
685 2527 936 2581 viderunt
969 2541 1144 2580 meam
1191 2526 1448 2596 gloriam,
1480 2530 1533 2576 et
1567 2519 1909 2574 nuntiabunt
1935 2531 2054 2569 mea

477 2634 643 2688 opera
701 2619 754 2672 in
819 2618 1070 2688 gentibus
1091 2618 1207 2670 υ.»
1266 2615 1592 2669 Planissime
1655 2613 1818 2667 etiam
1861 2612 1914 2664 in
1969 2609 2054 2664 his

479 2709 696 2765 Domini
757 2710 1025 2764 adventus
1059 2708 1125 2761 ad
1171 2708 1421 2762 homines
1468 2705 1779 2768 indicatur;
1826 2711 1880 2756 et
1920 2717 2058 2771 quo-

479 2803 625 2857 niam
659 2802 746 2856 hic
774 2801 978 2855 dictum
1005 2809 1109 2864 est,
1133 2799 1284 2853 illum
1308 2806 1367 2852 ut
1390 2799 1566 2868 ignem
1606 2804 1920 2859 venturum,
1943 2809 2055 2850 me-

476 2893 585 2946 rito
616 2891 866 2945 Salvator
921 2897 1108 2944 noster
1141 2889 1216 2942 ait
1250 2905 1262 2939 :
1305 2907 1324 2939 ι
1349 2890 1535 2958 Ignem
1587 2887 1709 2942 veni
1755 2887 1969 2940 mittere
1997 2884 2055 2938 in

478 2992 704 3045 terram,
736 2989 789 3035 et
813 2981 945 3052 quid
975 2981 1098 3035 volo
1131 2981 1174 3034 si
1197 2979 1309 3049 jam
1340 2991 1605 3033 accensus
1643 2981 1726 3032 cst
1752 2977 1830 3029 '°?
1863 2995 1880 3028 ι
1917 2975 2052 3030 Cur-

481 3089 577 3128 rus
608 3087 738 3127 vero
780 3047 920 3140 eius,
953 3047 1219 3140 stipantes
1273 3067 1452 3138 ipsum
1506 3066 1718 3122 divinas
1758 3072 2052 3137 potestates
2079 3047 2124 3108 (ἶ

481 3165 950 3235 inservientesque
1011 3163 1116 3234 ipsi
1169 3170 1391 3216 sanctos
1447 3158 1669 3229 angelos
1701 3197 1717 3221 ,
1771 3155 2053 3212 commode

478 3258 704 3322 dixeris,
756 3257 823 3311 de
849 3256 1048 3328 quibus
1081 3254 1214 3308 illud
1245 3255 1453 3308 dictum
1498 3261 1619 3308 est:
1666 3269 1684 3302 ‹
1717 3250 1783 3303 Ει
1815 3264 2055 3304 accesse-

479 3358 608 3406 runt
657 3350 831 3420 angeli
878 3356 934 3402 et
987 3347 1374 3401 ministrabant
1407 3345 1456 3400 ei
1488 3345 1554 3411 ³¹,
1587 3364 1606 3396 ι
1648 3352 1868 3399 sanctos
1923 3343 2050 3396 item

475 3442 723 3509 ejusdem
757 3440 1033 3510 apostolos
1068 3452 1132 3492 ac
1166 3437 1488 3507 discipulos,
1521 3435 1720 3506 quibus
1772 3435 2050 3489 invectum

479 3532 665 3588 divina
685 3539 846 3600 atque
877 3528 1134 3583 invisibili
1168 3528 1370 3582 virtute
1403 3527 1498 3582 Dei
1543 3525 1807 3591 Verbum,
1832 3539 2047 3580 omnem

478 3625 776 3696 permeavit
799 3632 1068 3677 terrarum
1101 3621 1308 3676 orbem.
1343 3619 1529 3674 Potest
1560 3621 1721 3674 etiam
1755 3619 1912 3671 aliter
1943 3617 2052 3670 dici

478 3717 549 3770 ad
570 3716 792 3770 verbum
820 3732 834 3769 :
863 3713 1042 3784 Ignem
1072 3720 1126 3767 et
1162 3729 1360 3766 currus
1390 3727 1494 3764 una
1525 3727 1647 3765 cum
1666 3711 1786 3780 ejus
1819 3710 2054 3763 adventu

477 3808 811 3871 denuntiari,
859 3815 1079 3878 propter
1114 3821 1270 3871 eam,
1305 3820 1426 3875 qua:
1481 3803 1779 3859 Jerusalem
1833 3816 2056 3871 Oppres.

477 3903 574 3964 sit,
603 3901 942 3957 obsidionem
975 3907 1096 3969 post
1149 3895 1448 3951 Salvatoris
1504 3897 1677 3952 nostri
1720 3895 2049 3949 adventum:

481 4003 606 4066 post
639 4009 798 4064 quem
851 3992 992 4046 haud
1046 3991 1240 4053 multo,
1303 3989 1562 4059 templum
1612 3987 1830 4058 quidem
1877 3987 2054 4056 ipsum

480 4087 607 4157 igne
650 4087 931 4140 incensum
978 4089 1082 4145 est,
1110 4089 1164 4136 et
1191 4089 1493 4137 extremam
1540 4080 1762 4150 pertulit
1791 4077 2057 4132 vastatio-

481 4193 627 4232 nem.
671 4175 814 4230 Urbs
848 4189 977 4229 vero
1002 4172 1339 4228 circumdata
1400 4182 1484 4227 est
1525 4171 1780 4225 curribus
1817 4177 1871 4223 et
1899 4184 2056 4223 exer-

480 4265 682 4320 citibus
703 4264 945 4330 bellicis;
979 4271 1103 4335 post
1141 4277 1303 4333 quem
1337 4277 1528 4316 casum
1549 4261 1712 4315 etiam
1737 4275 1800 4314 ea
1834 4273 1955 4327 quae
1989 4255 2055 4310 de

2153 1788 2374 1860 ἅρματα
2411 1788 2607 1842 αὑτοῦ·
2645 1808 2664 1840 ι
2703 1788 2798 1842 καὶ
2847 1787 3008 1858 ἑξῆς·
3069 1808 3087 1840 ι
3117 1785 3251 1843 Είπε
3293 1792 3528 1863 Κύριος·
3563 1793 3721 1864 Κάγὼ

2152 1881 2220 1932 τὰ
2250 1880 2385 1952 ἔργα
2418 1879 2596 1932 αὐτῶν
2649 1881 2738 1934 καὶ
2775 1878 2866 1932 τὸν
2913 1878 3168 1952 λογισμὸν
3198 1883 3386 1936 αὐτῶν
3406 1885 3722 1956 ἐπίσταμαι,

2153 1973 2248 2026 καὶ
2272 1972 2499 2044 ἔρχομαι
2527 1975 2846 2040 συναγαγεῖν
2868 1974 3044 2027 πάντα
3066 1973 3136 2026 τὰ
3159 1973 3284 2044 ἔθνη
3316 1975 3407 2027 καὶ
3434 1976 3535 2040 τὰς
3558 1978 3723 2046 γλώσ·

2156 2081 2272 2127 σας,
2314 2063 2408 2118 καὶ
2442 2063 2650 2133 ἥξουσι,
2694 2063 2788 2116 καὶ
2833 2063 3053 2133 ὄψονται
3104 2065 3204 2136 τὴν
3254 2065 3413 2130 δόξαν
3463 2086 3584 2136 μου.
3619 2070 3724 2122 Kal.

2153 2155 2458 2224 καταλείψω
2513 2156 2597 2207 ἐπ’
2630 2154 2809 2207 αὐτῶν
2863 2157 3105 2226 σημεῖον,
3144 2157 3238 2208 καὶ
3279 2157 3619 2223 ἐξαποστελῶ
3669 2160 3726 2224 ἐξ

2152 2247 2330 2302 αὐτῶν
2376 2246 2747 2317 σεσωσμένους
2795 2249 2874 2312 είς
2920 2247 2987 2300 τὰ
3031 2246 3179 2317 ἔθνη,
3215 2249 3295 2312 είς
3341 2249 3577 2320 θαρσὴς,
3631 2254 3730 2305 καὶ

2151 2339 2304 2401 Φοῦδ,
2341 2340 2433 2392 καὶ
2463 2338 2619 2401 Λοὺδ,
2650 2341 2743 2392 καὶ
2783 2339 2987 2409 Μοσδχ.
3013 2339 3107 2392 καὶ
3131 2340 3318 2402 Θοῦέλ,
3355 2342 3431 2404 είς
3463 2342 3560 2410 τὴν
3599 2343 3727 2394 Ἐλο

2153 2431 2307 2496 λάδα,
2340 2431 2431 2483 καὶ
2462 2433 2540 2493 είς
2573 2431 2672 2493 τὰς
2698 2433 2894 2502 νήσους
2925 2431 3021 2495 τὰς
3047 2431 3258 2502 πόρρω,
3286 2432 3331 2484 οἳ
3356 2434 3448 2484 οὐκ
3478 2434 3735 2503 ἥκουσαν

2157 2539 2257 2592 μου
2290 2522 2351 2574 τὸ
2388 2522 2576 2592 ὄνομα,
2607 2522 2721 2576 οὗθ’
2757 2524 3029 2593 ἑωράκασι
3063 2540 3162 2593 μου
3188 2525 3287 2594 τὴν
3311 2523 3480 2588 δόξαν,
3511 2525 3608 2578 καὶ
3639 2527 3735 2578 ab-

2153 2612 2442 2681 αγγελοῦσί
2480 2629 2580 2684 μου
2622 2614 2692 2666 τὰ
2734 2614 2870 2685 ἔργα
2921 2616 2978 2667 ἐν
3012 2617 3122 2678 τοῖς
3153 2613 3378 2668 ἔθνεσιν.
3406 2615 3733 2687 »Ἀντικρυς

2155 2707 2246 2758 καὶ
2274 2708 2330 2757 ἐν
2361 2706 2567 2769 τούτοις
2601 2708 2634 2777 ή
2660 2705 2753 2758 τοῦ
2777 2705 2974 2776 Κυρίου
3001 2708 3079 2770 εἰς
3109 2705 3429 2778 ἀνθρώπους
3459 2709 3734 2777 παρουσία

2152 2797 2424 2870 δηλοῦται.
2462 2799 2572 2852 Καὶ
2604 2797 2900 2868 ἐπειδήπερ
2930 2797 3166 2869 εἴρηται,
3195 2797 3269 2860 ὡς
3301 2797 3413 2869 πῦρ
3445 2797 3614 2868 ἥξειν,
3649 2803 3732 2851 si-

2154 2890 2328 2953 κότως
2358 2891 2521 2961 φησὶν
2549 2891 2578 2942 ὁ
2606 2889 2794 2961 Σωτὴρ
2827 2890 2980 2960 ἡμῶν
3000 2904 3014 2920 ⁸
3050 2909 3068 2941 ι
3095 2889 3216 2962 Πῦρ
3239 2885 3402 2960 ἦλθον
3431 2890 3610 2960 βαλεῖν
3633 2893 3732 2944 ἐπὶ

2153 2981 2250 3053 τὴν
2287 2981 2408 3053 γῆν,
2440 2983 2533 3034 καὶ
2563 2981 2616 3034 τί
2663 2981 2800 3034 θέλω
2829 2983 2876 3034 εί
2900 2981 2998 3053 ἤδη
3046 2981 3296 3052 ἀνήφθη;
3331 3001 3350 3034 ι
3377 2982 3638 3053 Ἀρματα
3675 2984 3734 3039 δὲ

2153 3072 2317 3126 αὐτοῦ
2365 3072 2464 3136 τάς
2509 3071 2909 3144 δορυφορούσας
2955 3072 3116 3126 αὐτὸν
3144 3071 3296 3134 θείας
3324 3071 3597 3143 δυνάμεις,
3637 3077 3736 3129 κα).

2151 3165 2277 3227 τοὺς
2307 3163 2835 3235 ἐξυπηρετουμὲνους
2868 3161 3014 3234 αὐτῷ
3043 3162 3222 3234 ἱεροὺς
3243 3163 3525 3230 ἀγγέλους,
3554 3164 3735 3227 εἴποις

2152 3256 2238 3321 ἂν,
2272 3258 2400 3328 περὶ
2435 3251 2509 3309 ὧν
2543 3257 2756 3327 εἴρηται
2779 3272 2792 3284 ’
2830 3274 2848 3305 ι
2881 3256 2990 3308 Ka‘t
3022 3254 3326 3327 προσῆλθον
3353 3256 3598 3328 ἀγγελοι,
3639 3258 3732 3308 καὶ

2151 3346 2428 3417 διηκόνουν
2471 3346 2646 3416 αύτῷ·
2688 3346 2783 3397 καὶ
2823 3347 2947 3408 τοὺς
2989 3346 3166 3416 ἱεροὺς
3190 3346 3525 3409 ἀποστόλους
3553 3347 3729 3400 αὑτοῦ

2153 3439 2246 3491 καὶ
2276 3437 2542 3509 μαθητὰς,
2578 3431 2658 3498 οἷς
2689 3436 3048 3507 ἐποχούμενος
3076 3436 3243 3507 ἐνθέῳ
3274 3439 3367 3492 καὶ
3391 3439 3610 3510 ἀοράτῳ
3643 3440 3732 3492 δυ·-

2153 3530 2312 3600 νάμει
2336 3532 2364 3582 ό
2389 3529 2483 3582 τοῦ
2515 3527 2650 3582 Θεοῦ
2679 3528 2872 3596 Λόγος,
2901 3529 2998 3599 τὴν
3030 3530 3210 3583 πᾶσαν
3237 3529 3522 3601 διέδραμεν
3548 3534 3730 3584 οἰκου-

2157 3622 2344 3693 μένην.
2381 3622 2605 3690 Λέγοιτο
2629 3621 2675 3674 δ’
2698 3621 2762 3674 ἂν
2791 3623 2884 3673 καὶ
2916 3621 3086 3686 ἄλλως
3120 3622 3255 3693 πρὸς
3281 3622 3456 3688 λέξιν·
3488 3623 3607 3693 Πῦρ
3639 3627 3731 3678 καὶ

2155 3711 2376 3782 ἅρματα
2413 3709 2871 3780 καταγγέλλεσθαι
2901 3712 2994 3764 σὺν
3037 3714 3103 3784 τῇ
3147 3711 3311 3766 αὺτοῦ
3338 3715 3617 3786 παρουσίᾳ
3645 3715 3732 3766 διὰ

2153 3803 2249 3875 τὴν
2278 3803 2684 3857 καταλαϐοῦσαν
2714 3803 3028 3874 πολιορκίαν
3059 3804 3157 3876 τὴν
3201 3805 3553 3876 Ἰερουσαλὴμ
3590 3809 3729 3875 μετὲ

2154 3896 2252 3961 τὴν
2283 3897 2339 3960 ἐς
2368 3898 2515 3966 ἡμᾶς
2553 3894 2754 3965 ἄφιξιν,
2788 3895 2907 3966 μεθ’
2936 3897 3002 3967 ἣν
3035 3897 3136 3951 οὐκ
3175 3898 3255 3961 είς
3302 3898 3520 3968 μακρὰν
3558 3901 3586 3950 ὁ
3629 3901 3727 3968 μὲν

2153 3987 2286 4051 νεὼς
2315 3989 2478 4052 αὐτὸς
2501 3989 2875 4060 ἐπυρπολεῖτο,
2913 3989 3006 4041 καὶ
3036 3988 3134 4061 τὴν
3173 3989 3410 4060 ἐσχάτην
3439 3990 3729 4059 ὑπέμεινεν

2155 4081 2408 4151 ἐρημίαν,
2427 4083 2458 4150 ή
2484 4081 2540 4134 δέ
2567 4080 2718 4144 πόλις
2739 4077 3019 4149 ἐκυκλώθη
3043 4079 3148 4132 ὑπὸ
3168 4080 3430 4151 ἀρμάτων
3450 4083 3545 4135 καὶ
3565 4098 3732 4152 στρα-

2154 4173 2388 4226 τοπέδων
2422 4167 2747 4244 τεολεμιδὶῶν,
2770 4171 2887 4242 μεθ’
2905 4171 2939 4224 ἂ
2961 4173 3052 4225 καί
3083 4172 3208 4243 περὶ
3229 4171 3336 4224 τῶν
3363 4172 3532 4227 ἐθνῶν
3554 4176 3699 4228 ἁπαν
3715 4204 3737 4212 ~

2155 4285 2262 4320 των
2305 4267 2718 4339 προηγγελμένα
2750 4265 3051 4338 συμφώνως
3098 4267 3164 4335 τῇ
3208 4266 3512 4337 προφητείᾳ
3543 4267 3729 4332 τέλους

480 4355 964 4426 eunetisgentibns
1005 4355 1262 4426 praedicta
1312 4355 1542 4418 fuerant,
1594 4352 1721 4406 huic
1760 4349 2054 4422 prophetia:

2157 4358 2332 4429 ἔτυχε.
2364 4360 2459 4423 Τίς
2491 4359 2536 4412 δ’
2569 4360 2669 4413 οὐκ
2701 4359 2766 4413 ἂν
2801 4358 3130 4429 θαυμάσειεν
3157 4357 3368 4411 ἀκούων
3390 4357 3486 4410 τοῦ
3521 4358 3730 4428 Κυρίω

482 4454 913 4502 consentaneum
945 4448 1104 4503 tinem
1157 4446 1350 4502 sortita
1412 4453 1560 4500 sunt.
1608 4444 1897 4503 Cancrum,
1930 4441 2052 4510 quis

2158 4449 2245 4501 διὰ
2287 4447 2380 4501 τοῦ
2432 4452 2708 4520 προφήτου
2741 4447 3018 4516 λέγοντοςο
3055 4447 3360 4519 «Ἔρχομαι
3401 4452 3730 4516 συναγαγεῖν

484 4553 596 4596 non
628 4537 925 4594 admiretur
972 4539 1200 4594 audiens
1256 4536 1544 4593 Dominum
1607 4551 1702 4607 per
1735 4534 2052 4608 prophetam

483 4631 790 4688 dicentem:
830 4651 849 4684 ι
889 4631 1059 4688 Venio
1087 4646 1420 4704 congregare
1433 4646 1622 4687 omnes
1655 4637 1840 4699 gentes
1863 4635 1916 4682 et
1947 4629 2052 4681 lin-

481 4740 642 4796 guas,
675 4743 695 4778 ι
729 4739 851 4779 cum
876 4726 1054 4780 videat
1098 4726 1154 4780 in
1185 4728 1333 4781 omni
1369 4766 1384 4790 ,
1417 4737 1754 4796 quaecunque
1781 4721 1850 4775 ab
1879 4721 2056 4774 homi-

483 4816 648 4872 nibus
678 4816 953 4872 habitatur
977 4859 992 4885 ,
1032 4825 1199 4884 terra,
1231 4834 1330 4890 per
1367 4815 1665 4872 Salvatoris
1722 4813 1895 4868 nostri
1923 4812 2053 4867 Jesu

481 4908 690 4966 Christi
707 4910 996 4967 adventum
1019 4926 1084 4967 ac
1099 4912 1461 4976 vocationem,
1487 4915 1787 4963 conventus
1814 4907 2056 4977 gentium

487 5001 544 5054 in
568 5000 774 5055 Christi
829 5005 1049 5059 nomine
1098 5003 1387 5066 celebrari,
1438 5002 1761 5073 linguasque
1810 4999 2054 5053 omnium

485 5093 768 5149 nationum
793 5096 941 5150 omni
973 5112 1172 5167 genere
1235 5093 1506 5150 semionis
1567 5107 1737 5147 unum
1781 5089 1951 5145 Deum
1991 5104 2055 5143 ae

489 5179 777 5240 Dominum
826 5187 1184 5243 invocantes?
1231 5183 1470 5256 Denique
1520 5191 1644 5255 post
1700 5183 1883 5237 omnia
1943 5181 2057 5236 haec

483 5273 612 5343 quis
642 5277 938 5346 inspiciens
961 5293 1171 5341 omnes,
1203 5278 1518 5348 quicunque
1556 5277 1611 5329 in
1651 5275 1856 5329 Christi
1898 5271 2056 5328 ﬁdem

487 5374 774 5433 venerunt,
805 5368 1033 5422 salutari
1075 5369 1230 5438 signo
1263 5383 1362 5439 pro
1407 5367 1594 5420 annuli
1635 5372 1762 5422 nota
1818 5373 2057 5430 utentes,

485 5471 596 5513 non
636 5459 831 5515 merito
857 5460 1230 5532 obstupescat,
1261 5460 1307 5516 si
1344 5458 1529 5514 audiat
1547 5465 1701 5512 tanto
1738 5457 2057 5526 anteipsum

555 5611 605 5643 “
626 5609 731 5663 lsa.
764 5627 909 5678 Lm,
948 5614 1027 5668 15.

2161 4539 2335 4593 πάντα
2365 4538 2434 4591 τὰ
2480 4538 2606 4610 ἔθνη
2641 4538 2856 4602 καὶτὰς
2887 4536 3157 4606 γλώσσας,
3192 4557 3211 4590 ι
3263 4535 3403 4608 ὁρῶν
3451 4537 3571 4590 καθ’
3601 4539 3734 4607 ὅλης

2159 4633 2256 4701 τῆς
2297 4631 2404 4684 τῶν
2449 4630 2745 4701 ἀνθρώπων
2783 4629 2887 4700 γῆς
2930 4628 3016 4682 διὰ
3039 4629 3137 4698 τῆς
3166 4627 3258 4682 τοῦ
3288 4627 3544 4698 Σωτῆρος
3573 4629 3734 4698 ήμῶν

2172 4723 2345 4796 Ἰησοῦ
2388 4723 2482 4777 τοῦ
2515 4724 2748 4795 Χριστοῦ
2782 4724 3079 4794 παρουσίας
3109 4739 3166 4774 τε
3216 4720 3311 4773 καὶ
3354 4719 3602 4790 κλήσεως
3631 4721 3734 4784 τὰς

2154 4812 2260 4865 τῶν
2285 4810 2451 4865 ἐθνῶν
2476 4812 2793 4882 συναγωγὰς
2815 4813 2896 4864 ἐπ’
2926 4811 3184 4881 ὀνόματος
3205 4809 3297 4863 τοῦ
3324 4810 3562 4882 Χριστοῦ
3595 4826 3736 4878 συγ-

2155 4901 2556 4972 κροτουμέναςς
2591 4903 2690 4963 τάς
2730 4919 2787 4955 τε
2829 4901 3078 4971 γλώσσας
3114 4900 3364 4955 ἁπάντων
3409 4900 3518 4953 τῶν
3556 4899 3734 4954 ἐθνῶν

2154 4996 2212 5046 ἐν
2251 4993 2528 5056 παντοίαις
2555 4993 2852 5056 διαλέκτοις
2879 4994 3178 5065 ἀνθρώπων
3205 4993 3297 5045 τὸν
3325 4990 3421 5044 Eva
3447 4991 3602 5054 Θεὸν,
3633 4992 3736 5044 καὶ

2155 5085 2356 5157 Κύριον
2379 5084 2844 5155 ἐπικαλουμὲνας;
2876 5087 2968 5137 καὶ
3002 5085 3092 5138 ἐπὶ
3125 5086 3258 5138 πᾶσι
3289 5083 3345 5137 δὲ
3379 5083 3613 5146 τούτοις,
3643 5082 3736 5145 τίς

2153 5177 2424 5248 θεώμενος
2467 5175 2546 5245 τῷ
2589 5175 2918 5248 σωτηριώδει
2966 5173 3176 5246 σημείῳ
3218 5174 3428 5238 πάντας
3478 5175 3604 5236 τοὺς
3647 5175 3738 5237 εις

2151 5269 2383 5340 Χριστδν
2413 5271 2841 5333 πεπιστευκότας
2877 5270 3127 5342 σφραγῖδι
3154 5268 3490 5342 χρωμένους,
3516 5267 3615 5320 οὐκ
3661 5265 3737 5320 ἂν

2152 5363 2388 5431 εὐλόγως
2420 5361 2790 5434 καταπλαγείη
2835 5364 3047 5421 ἀκούων
3087 5363 3358 5436 πρόπαλαι
3397 5359 3491 5416 τοῦ
3522 5358 3738 5432 Κυρίου

2152 5455 2464 5526 εἰρηκότος·
2515 5473 2533 5506 ι
2569 5455 2676 5509 Καὶ
2707 5455 2896 5528 ἥξουσι
2925 5458 3018 5512 καὶ
3045 5455 3262 5527 ὄψονται
3290 5455 3390 5528 τὴν
3412 5455 3570 5522 δόξαν
3603 5467 3738 5528 μου,

1105 5616 1148 5647 ⁸³
1181 5614 1312 5669 ibid.
1351 5612 1548 5681 ἱ8,19.
1628 5613 1672 5645 ³ο
1706 5610 1841 5668 Luc.
1877 5625 1974 5677 χιι,
2010 5608 2100 5666 49.
2179 5609 2223 5641 ⁸⁸
2278 5607 2462 5663 Matth.
2510 5609 2693 5676 ιν,1ι.
