3916 6200
218 207 328 263 48ὄ
1078 198 1733 263 DEMONSTRATIONIS
1768 198 2226 262 EVANGELICAS
2266 204 2394 261 LIB.
2440 196 2551 260 VII.
3352 208 3461 265 48ἔί

221 323 314 378 καὶ
357 323 668 395 καταλείψω
707 322 794 378 ἐπ’
821 325 999 380 αὐτῶν
1037 328 1297 398 σημεῖονς
1326 346 1345 379 ι
1379 328 1467 381 Ἐν
1499 328 1655 399 μέρει
1688 328 1776 399 μὲν

1890 326 2177 382 Dominum
2204 326 2409 382 dixisse
2444 342 2457 376 :
2498 325 2605 379 «Et
2631 324 2848 381 venient
2873 333 2926 380 ct
2947 324 3198 380 videbunt
3231 326 3458 397 gloriam

213 408 310 468 οὖν
338 414 588 469 ἐντεῦθεν
633 416 733 488 ήδη
783 417 922 472 κατὰ
963 418 1061 489 τὴν
1113 420 1382 491 προτέραν
1413 419 1507 472 τοῦ
1541 421 1776 491 Σωτῆρος

1893 434 2091 483 meam,
2133 425 2186 474 et
2236 419 2544 488 relinquam
2604 419 2661 473 in
2706 418 2787 473 eis
2847 418 3101 489 signum?
3128 437 3145 468 ι
3182 416 3299 472 Jam
3335 419 3461 474 inde

216 506 375 577 ἡμῶν
424 511 502 572 είς
534 508 851 582 ἀνθρώπους
897 511 1216 580 ἐπιφάνειαν
1268 512 1448 576 αὐτοῖς
1493 510 1776 582 ὀφθαλμοῖς

1889 509 2060 580 |igitur
2088 510 2280 564 saltem
2307 510 2363 564 in
2404 517 2582 580 parte,
2634 510 2937 564 secundum
2991 512 3227 580 priorem
3271 509 3461 565 Salva-

215 597 436 671 ὸρῶμεν
465 599 571 654 τῶν
598 600 755 655 θείων
777 604 1039 674 χρησμῶν
1060 603 1128 657 τὰ
1150 604 1563 676 ἀποτελέσματα
1582 625 1593 636 ο
1617 606 1791 675 γένοι-

216 706 279 742 το
322 690 368 743 δ’
396 691 463 744 ἂν
513 693 697 764 ἐντελῆ
730 693 901 748 ταῦτα
936 696 1029 750 καὶ
1080 696 1221 749 κατά
1252 696 1645 769 τὴν“δευτέραν
1693 698 1790 751 καὶ

220 782 430 849 ἔνδοξον
460 783 623 837 αὐτοῦ
659 787 978 856 παρουσίαν,
1005 788 1092 841 ὅτε
1118 789 1294 842 πάντα
1321 788 1387 842 τὰ
1414 788 1539 861 ἔθνη
1570 789 1789 860 ὄψονται

217 874 317 946 τὴν
343 876 500 942 δόξαν
528 876 714 942 αὑτοῦ,
741 879 1033 950 ὲρχόμενόν
1057 898 1116 932 τε
1146 881 1306 935 αὑτὸν
1340 881 1398 946 ὲξ
1422 881 1661 954 οὐρανῶν
1695 900 1792 952 με·

216 967 289 1022 τά
323 968 603 1038 δυνάμεως
636 969 728 1023 καὶ
767 969 922 1041 δόξης
974 971 1490 1045 πολλῆς.Ἀναχθείη
1538 975 1579 1028 δ’
1614 973 1678 1027 ἂν
1710 975 1789 1037 είς

216 1057 397 1111 ἀκεῖνο
426 1057 620 1130 καιροῦ
656 1061 748 1113 καὶ
780 1060 851 1114 τὰ
874 1060 1032 1114 λοιπὰ
1065 1063 1170 1115 τῶν
1199 1066 1257 1116 ὲν
1280 1067 1345 1135 τῇ
1371 1066 1668 1137 προρρήσει
1696 1064 1789 1135 δη-

219 1149 516 1221 λουμένων,
546 1151 829 1224 ὠσπεροῦν
876 1156 1210 1227 συστήσομεν
1254 1155 1395 1209 κατὰ
1446 1156 1545 1227 τὴν
1584 1156 1788 1210 οἰκείαν

216 1240 496 1298 ὑπόθεσιν.
531 1245 811 1300 Τοσούτων
857 1248 989 1318 ἡμῖν
1029 1248 1124 1301 ὲπὶ
1171 1247 1265 1301 τοῦ
1317 1250 1581 1320 παρόντος
1615 1266 1789 1302 συνει-

214 1333 498 1407 λεγμένων
559 1338 688 1409 περὶ
740 1338 840 1410 τῆς
886 1341 968 1402 είς
1012 1339 1330 1413 ἀνθρώπους
1394 1341 1788 1413 θεσπιζομένης

213 1426 439 1482 ἔσεσθαι
484 1428 779 1499 παρουσίας
831 1427 988 1495 Θεοῦ,
1036 1430 1163 1501 ἑξῆς
1217 1432 1281 1486 ἂν
1330 1432 1412 1504 εἴη
1459 1432 1785 1502 ἐπισυνάψαι

214 1517 407 1583 ὁποῖός
436 1535 517 1583 τις
554 1521 583 1574 ὁ
611 1521 810 1591 τρόπος
847 1522 946 1593 τῆς
976 1522 1245 1593 προτέρας
1277 1522 1441 1576 αὑτοῦ
1470 1526 1549 1587 είς
1579 1523 1669 1577 τὸν
1695 1525 1787 1577 ἀν-

214 1607 490 1682 θρώπινον
518 1610 630 1682 βίον
656 1612 891 1684 παρόδου
914 1613 1235 1684 γενήσεσθαι
1260 1619 1710 1686 προανεφωνείτο.

1892 603 2029 658 toris
2055 602 2230 658 nostri
2262 602 2330 657 ad
2361 604 2611 660 homines
2645 605 2961 668 adventum,
2994 603 3126 673 ipsis
3175 605 3348 658 oculis
3377 605 3461 658 in-

1891 704 2106 749 tuemur
2148 694 2456 750 divinorum
2512 696 2860 752 oraculorum
2915 705 3129 751 eventa.
3192 696 3460 751 Caaterum

1889 790 2076 846 eadem
2102 790 2215 846 hate
2235 791 2448 860 plenius
2490 792 2843 846 absolventur
2878 792 2932 845 in
2986 792 3227 846 secundo
3273 798 3326 845 et
3353 790 3466 859 glo-

1887 882 2035 937 rioso
2050 881 2294 952 ejusdem
2325 883 2580 947 adventu,
2600 882 2817 952 quando
2862 897 3054 936 omnes
3087 889 3275 951 gentes
3320 879 3465 934 vide-

1888 975 2025 1031 bunt
2078 977 2308 1047 gloriam
2334 976 2485 1046 ejus,
2532 978 2949 1045 venientemque
2994 975 3171 1045 ipsum
3203 973 3270 1028 de
3320 973 3461 1028 c0310

1888 1081 2012 1122 cum
2042 1068 2202 1139 307
2235 1076 2504 1139 potestate
2530 1078 2585 1123 et
2631 1069 2804 1139 gloria
2857 1069 3047 1122 multa.
3081 1066 3293 1122 Referri
3328 1080 3459 1120 vero

1888 1159 1956 1213 ad
1985 1160 2116 1215 illud
2140 1170 2353 1230 tempus
2388 1165 2547 1216 etiam
2578 1162 2785 1231 reliqua
2819 1168 3075 1230 poterunt
3102 1173 3222 1229 quae
3253 1158 3307 1211 in
3340 1158 3460 1227 ipso

1886 1250 2109 1305 oraculo
2135 1251 2394 1322 prmdieta
2430 1262 2576 1318 sunt,
2610 1249 3071 1321 quemadmodum
3104 1246 3325 1318 quidem
3355 1260 3460 1301 nos

1886 1342 2106 1413 proprio
2132 1351 2294 1414 atque
2310 1343 2437 1399 huic
2463 1344 2539 1399 rei
2563 1345 2742 1400 dicato
2761 1359 2925 1413 opere
2942 1341 3214 1398 ostensuri
3247 1353 3458 1395 sumus.

1886 1436 2021 1491 Cum
2057 1437 2221 1509 igitur
2249 1438 2315 1493 ad
2347 1440 2491 1493 hunc
2515 1454 2689 1509 usque
2744 1441 2922 1494 locum
2979 1438 3095 1493 hate
3134 1447 3242 1490 tam
3288 1435 3459 1489 multa

1886 1529 2286 1600 collegerimus,
2328 1531 2395 1587 de
2418 1548 2483 1587 eo
2511 1572 2525 1595 ,
2558 1531 2651 1602 qui
2692 1532 2821 1587 olim
2868 1531 3164 1586 cauebatur
3216 1527 3455 1589 futurus,

1888 1618 1982 1676 Dei
2014 1622 2080 1676 ad
2117 1622 2365 1679 homines
2404 1624 2660 1688 adventu,
2691 1626 2942 1695 sequitur
2970 1632 3029 1678 ut
3083 1623 3169 1677 his
3196 1620 3459 1689 adjunga-

214 1722 339 1761 mus
356 1707 607 1777 quisnam
630 1708 1099 1766 modusiniisdem
1138 1714 1375 1769 oraculis
1424 1713 1805 1784 pmtdiccretur
1840 1716 2056 1774 futurus
2113 1720 2313 1790 prioris
2352 1719 2597 1790 ejusdem
2648 1720 2716 1775 ad
2757 1721 3050 1775 humanam
3073 1717 3241 1772 vitam
3273 1726 3460 1770 acres-

212 1815 326 1855 sus.

1283 2159 2368 2332 ΕΥΣΕΒΙΟΥ

1391 2437 1617 2525 ΤΟΥ
1652 2432 2253 2525 ΠΑΜΦΙΛΟΥ

602 2628 1813 2764 ΕΥΑΓΓΕΛΙΚΗΣ
1894 2624 2982 2764 ΑΠΟΔΕΙΞΕΩΣ

1305 2871 1740 2960 ΒΙΒΛΙΟΝ
1787 2868 2345 2961 ΕΒΔΟΜΟΝ.

933 3229 1685 3389 EUSEBII
1786 3228 2717 3385 PAMPHILI.

516 3525 2008 3656 DEMONSTRATIONIS
2086 3450 3144 3658 EVANGE’LICKE

1293 3779 1649 3869 LIBER
1725 3778 2353 3871 SEPTIMUS.

203 4037 375 4091 ΤΑΔΕ
420 4038 738 4093 ΕΝΕΣΤΙΝ
782 4039 884 4093 ΕΝ
937 4039 1020 4110 Τῼ
1053 4038 1341 4109 ΕΒΔΟΜῼ
1379 4043 1763 4095 ΣΥΓΓΡΑΜ·
1795 4047 1837 4102 Β
1878 4041 1983 4109 3ο

264 4111 453 4163 ΗΑΤΙ
533 4112 669 4162 ΤΗΣ
724 4112 903 4164 ΠΕΡΙ
974 4112 1113 4162 ΤΟΥ
1183 4113 1515 4164 ΣΩΤΗΡΟΣ
1556 4114 1767 4167 ΗΜΩΝ

270 4181 805 4234 ΕΥΑΓΓΕΛΙΚΠΣ
834 4179 1314 4234 ΑΠΟΔΕΙΞΕΩΣ.

196 4277 277 4324 A’.
325 4272 421 4337 Τίς
444 4274 476 4324 ὁ
496 4272 711 4340 τρόπος
737 4270 844 4338 τῆς
871 4270 976 4324 τοῦ
1002 4269 1149 4323 Θεοῦ
1170 4273 1256 4336 είς
1282 4270 1619 4340 ἀνθρώπους
1644 4271 1767 4323 ἐπι-

265 4341 502 4409 δημίας,
532 4343 598 4394 ἐκ
630 4339 747 4394 τῶν
774 4338 1685 4412 ὺποσεο-ημειωμένωνήΓραφῶν.

269 4440 339 4486 α’.
394 4432 534 4486 Ἀπὸ
558 4432 663 4487 τοῦ
699 4433 956 4487 Ἡσαΐου.

270 4504 335 4572 β’.
390 4502 530 4556 Ἀπὸ
560 4503 666 4556 τοῦ
697 4502 901 4556 αὑτοῦ.

272 4580 341 4641 γ’.
398 4572 537 4626 Ἀπὸ
563 4573 668 4626 τοῦ
695 4572 900 4627 αὐτοῦ.

197 4667 271 4719 Βο,
317 4664 441 4753 [ζοῦ
475 4662 579 4735 τῆς
612 4668 645 4717 δ
679 4664 931 4734 Χριστὸς
980 4662 1458 4735 γεννηθήσεσθαι
1506 4681 1761 4733 προεφη-

268 4752 486 4790 τευετο.

267 4829 332 4881 δ’.
386 4828 528 4882 Ἀπὸ
554 4829 661 4883 τοῦ
686 4829 926 4897 Μιχαία.

272 4905 333 4952 ε’.
388 4899 527 4952 Ἀπὸ
551 4899 657 4953 τοῦ
676 4899 922 4969 ψαλμοῦ
949 4900 1080 4971 ρλα⁹.
1509 4936 1517 4944 -

198 4991 273 5044 Γ.
329 4990 451 5059 Ἀφ’
474 4991 602 5045 οἵου
627 4991 839 5061 γένους
869 4992 1338 5060 προελεύσεσθαι
1360 4988 1587 5047 ἐϐοᾶτο.

271 5088 344 5155 ς.
393 5081 540 5155 ᾼἈπὸ
568 5081 675 5149 τῆς
698 5082 741 5152 β’
773 5079 1421 5155 ζῶνλΠαραλειπομένων.

272 5151 335 5216 ζ’.
391 5152 530 5206 Ἀπὸ
562 5151 807 5222 ψαλμοῦ
831 5152 927 5206 οα’.

309 5222 342 5276 '.
395 5222 537 5277 Ἀπὸ
559 5223 664 5277 τοῦ
699 5224 956 5279 Ἡσαΐου.

325 5262 342 5276 .
400 5240 537 5277 Απο
559 5241 664 5277 του
702 5240 956 5279 ησαιου.

270 5240 338 5364 3’.
393 5294 530 5347 Ἀπὸ
561 5293 667 5364 τοῦ
700 5295 991 5364 Ἰερεμίου.

268 5362 324 5418 ι’.
382 5364 525 5420 Ἀπὸ
552 5362 663 5432 τῆς
684 5362 1008 5431 [ἐνθέσεως.

778 5477 1174 5530 ΠΡΟΟΙΜΙΟΝ.

264 5564 404 5617 Θεὸν
431 5566 511 5629 είς
535 5565 848 5637 ἀνθρώπους
871 5567 1174 5637 ἀφίξεσθαι,
1206 5567 1298 5619 καὶ
1328 5568 1424 5621 σὺν
1451 5564 1757 5638 ἀνθρώποις

193 5658 291 5715 {al
323 5661 424 5734 γῆς
451 5659 870 5730 πολιτεύσεσθαι,
898 5661 989 5715 δύο
1013 5678 1068 5714 τε
1100 5658 1273 5715 ταῦτα
1305 5661 1530 5732 μέγιστα
1550 5661 1753 5733 τεκμή-

1985 4041 2039 4109 3
2094 4037 2626 4109 ιιλεοηικδυέυ
2675 4036 3157 4109 insaniam
3213 4038 3433 4095 uano

1950 4106 2454 4164 EVANGELICJI
2512 4107 2609 4159 DE
2663 4106 3096 4163 SALVATORE
3145 4110 3432 4166 NOSTRO

1952 4178 2391 4233 DEMONSTRA
2407 4176 2688 4232 TIONIS.

1864 4272 1903 4323 Ι.
1942 4276 2203 4335 Quisnam
2243 4275 2427 4321 modus
2456 4285 2696 4322 accessus
2727 4268 2822 4323 Dei
2838 4270 2907 4323 ad
2936 4269 3189 4336 homines,
3215 4287 3281 4326 ex
3305 4272 3431 4325 sub-

1933 4341 2131 4393 notatis
2157 4339 2442 4409 Scriptum
2466 4340 2613 4393 locis.

1937 4434 1986 4486 1.
2022 4434 2101 4484 Ab
2132 4432 2298 4485 Isaia.

1932 4502 1967 4555 ξ).
2012 4506 2089 4555 Ab
2113 4503 2313 4556 eodem.

1935 4574 1989 4627 ὅ.
2014 4573 2089 4625 Ab
2107 4573 2307 4627 eodem.

1864 4661 1927 4717 ll.
1971 4661 2082 4736 Ubi
2114 4673 2372 4736 terrarum
2432 4663 2675 4721 Christus
2729 4667 2962 4721 oriturns
3006 4668 3374 4736 prwdiceretur
3402 4688 3436 4725 η

1932 4733 2216 4802 prophetis.

1934 4827 1986 4877 4.
2020 4827 2061 4878 Α
2093 4824 2338 4879 Hic/nea.

1934 4896 1985 4949 5.
2018 4898 2060 4949 A
2086 4897 2290 4965 psalmo
2322 4912 2510 4951 cxx“.

1864 4986 1949 5041 Ill.
1980 4987 2057 5041 De
2079 5005 2181 5059 quo
2216 5006 2395 5057 genere
2417 5006 2787 5060 progressurus
2817 5001 3113 5046 caneretur.

1938 5081 1990 5151 6.
2028 5080 2102 5133 De
2134 5080 2193 5133 II
2225 5081 2698 5151 Paralipomenon.

1935 5150 1985 5204 7.
2016 5151 2057 5201 Α
2088 5153 2290 5217 psalmo
2318 5150 2465 5206 LXXI.

1931 5220 1985 5273 8.
2019 5219 2097 5271 Ab
2123 5219 2293 5274 Isaia.

1930 5290 1985 5344 9.
2021 5288 2101 5342 Ab
2131 5288 2383 5344 Ieremia.

1931 5361 2022 5415 10.
2045 5363 2084 5413 Α
2127 5359 2336 5416 Genesi.

2437 5471 2775 5527 PROUEMIU
2788 5472 2854 5526 Μ.

1927 5565 2063 5621 Cum
2087 5567 2337 5639 proximo
2366 5567 2505 5622 libro
2539 5565 2704 5619 Deum
2737 5567 2803 5622 ad
2829 5567 3075 5623 homines
3109 5577 3422 5638 venturum,

1855 5667 2062 5717 etcum
2116 5660 2428 5717 hominibus
2479 5661 2532 5715 in
2589 5668 2736 5716 terra
2791 5669 3160 5729 versaturum,
3205 5663 3423 5732 duoque-
