3916 6200
518 149 622 206 ιῐ87

1191 148 1456 204 EUSEBII
1494 149 1972 211 CESARIENSIS
2012 153 2162 213 OPP.
2199 157 2400 216 PARS.
2443 159 2508 218 ll.
2547 195 2616 206 --
2655 162 3152 221 APOLOGETlCA.

3653 173 3750 226 ια

527 278 643 335 ὴεο
661 277 891 332 maxima
923 274 1074 344 signa
1110 273 1254 326 illius
1305 271 1572 327 adventus
1598 273 1777 328 futura
1805 292 1817 326 :
1844 282 2077 343 gentium

2196 299 2286 355 ρια
2313 284 2410 356 τῆς
2435 285 2598 339 αὐτοῦ
2616 285 2922 358 παρουσίας
2955 284 3171 338 ἔσεσθαι
3189 301 3202 315 ·
3234 281 3420 354 κλῆσιν
3449 285 3537 340 ἐπ’
3554 289 3754 361 ἀναλή-

527 387 624 440 per
651 379 821 424 totum
857 366 1040 420 orbem
1091 361 1156 416 ad
1183 360 1550 431 accipiendam
1593 381 1775 419 veram
1805 365 1894 422 Dei
1938 370 2084 424 noti-

525 464 678 524 tiam,
721 456 1080 515 vocationem,
1116 461 1169 507 et
1191 449 1430 506 Iudaicae
1463 455 1639 523 gentis
1664 462 1882 526 propter
1911 458 2088 514 incre-

523 549 802 604 dulitatem
831 544 884 597 in
918 543 1092 604 illum,
1121 542 1336 596 ruinam
1366 557 1430 596 ac
1464 545 1836 608 solitudinem.
1868 563 1931 602 ex
1959 547 2086 618 prtﬁ

479 631 484 642 ’
522 637 752 712 pheticis
780 636 1005 691 vocibus
1029 634 1406 702 didicerimus,
1446 635 1758 707 ibidemque
1785 638 2086 710 inspexeri-

477 742 662 808 |mus,
719 723 881 795 309
927 740 1088 794 quem
1138 725 1355 780 tandem
1416 726 1624 780 exitum
1684 728 1990 783 invenerint
2021 746 2084 784 ca

518 833 638 890 quae
660 818 914 886 praedicta
948 819 1190 879 fuerant,
1216 818 1332 886 ipse
1361 817 1619 888 deinceps
1649 818 1860 884 ordine,
1897 820 1948 874 in
1981 821 2084 876 hoc

517 909 750 979 septimo
774 907 1097 979 Evangelica:
1136 908 1616 963 Demonstralionis
1651 910 1941 976 volumine,
1969 927 2084 966 mo-

517 1002 647 1057 dum
680 1001 1033 1072 contemplari
1087 1004 1430 1070 conabimur,
1481 1003 1783 1058 secundum
1827 1020 1986 1074 quem
2011 1006 2084 1058 ait

517 1109 578 1150 se
593 1093 660 1147 ad
683 1093 931 1150 homines
951 1097 1358 1167 commigrasse.
1405 1095 1523 1151 Jam
1556 1097 1681 1152 inde
1710 1097 1874 1168 igitur
1903 1098 2086 1154 videa-

516 1199 662 1247 mus,
705 1185 955 1256 quisnam
990 1187 1182 1242 modus
1228 1187 1322 1242 Dei
1356 1189 1422 1242 ad
1465 1189 1716 1244 homines
1746 1191 2083 1261 migrationis

517 1288 805 1334 caneretur
828 1279 1065 1346 futurus,
1088 1290 1140 1334 et
1172 1281 1388 1334 ubinam
1415 1283 1656 1352 gentium
1684 1281 1925 1339 oriturus
1949 1299 2083 1354 pra:-

517 1367 809 1432 diceretur,
849 1377 901 1422 et
929 1368 998 1424 de
1022 1385 1130 1439 quo
1153 1385 1351 1439 genere
1393 1370 1742 1440 proiecturus
1767 1383 2082 1428 sanctorum

519 1455 798 1515 hominum
828 1461 1052 1517 vocibus
1085 1461 1332 1517 ferretur.

1145 1675 1370 1733 CAPUT
1411 1675 1449 1734 l.

517 1793 598 1848 Ab
631 1788 800 1848 Isaia.
848 1822 917 1831 —
950 1792 1207 1914 Quisnarln
1243 1795 1428 1874 modus
1477 1809 1716 1848 accessus
1746 1791 1959 1848 Domini
2013 1797 2082 1849 ad

1185 1879 1418 1914 tommes.

1185 1879 1418 1917 tommes.

589 1954 876 2010 Praedictio
925 1953 1237 2008 Judaeorum
1293 1954 1684 2010 incredulitatis
1734 1971 1860 2026 erga
1927 1957 2084 2012 Chri-

518 2055 687 2114 stum,
716 2054 770 2102 et
803 2047 1019 2117 signum
1060 2046 1140 2100 eis
1187 2061 1217 2098 a
1253 2044 1478 2100 Domino
1507 2046 1712 2100 datum.
1747 2047 1869 2102 Fuit
1902 2059 2080 2104 autem

517 2137 651 2195 .‘llud
679 2157 692 2193 :
725 2137 890 2211 Virgo
914 2153 1179 2208 generans
1206 2137 1371 2192 Deum
1396 2156 1410 2205 ;
1455 2140 1558 2193 sub
1587 2141 1746 2205 cujus
1774 2143 2083 2211 generatio-

517 2248 590 2288 ne
618 2232 940 2288 universalis
956 2229 1266 2285 Judaeorum
1293 2231 1530 2286 nationis
1561 2234 1809 2303 purgatio
1843 2235 2080 2290 caneba-

519 2330 644 2391 tnr;
673 2332 727 2380 et
751 2322 893 2379 sicut
937 2322 1144 2378 externi
1199 2329 1255 2377 et
1303 2322 1492 2379 hostes
1540 2325 1816 2393 regionem
1865 2325 2080 2380 illorum

516 2416 886 2486 occupabunt,
921 2422 975 2470 et
1005 2414 1464 2484 quemadmodum
1499 2429 1620 2483 quae
1648 2422 1775 2468 ante
1807 2413 2080 2470 desertum

517 2509 653 2572 fuit,
705 2508 1087 2578 agriculturam
1161 2507 1349 2562 sortita
1395 2507 1655 2570 divinam,
1689 2505 1917 2560 fecunda
1951 2507 2072 2560 erit.

516 2599 760 2654 Ecclesia
785 2615 850 2653 ex
880 2598 1130 2668 gentibus
1159 2598 1385 2652 collecta
1425 2596 1569 2650 hunc
1616 2596 1934 2650 ostendente
1965 2610 2079 2648 mo-

516 2689 647 2744 dum
683 2689 1135 2758 quemadmodum
1177 2687 1394 2742 divinus
1429 2686 1760 2756 evangelista
1804 2685 2076 2752 Joannes,

516 2780 640 2850 plus
668 2794 830 2851 quam
867 2779 1102 2834 humana
1141 2793 1272 2834 voce
1312 2778 1378 2833 de
1429 2777 1708 2834 Salvatore
1749 2794 1813 2833 ac
1853 2779 2079 2835 Domino

516 2881 741 2937 nostro,
778 2871 844 2926 de
873 2873 1012 2941 ipso,
1042 2870 1286 2940 inquam,
1318 2869 1412 2925 Dei
1446 2868 1622 2924 Verbo
1664 2871 1963 2935 disserens,
1990 2886 2092 2927 sa;

515 2977 774 3033 cramque
820 2962 966 3017 illius
1004 2959 1340 3030 Scripturam
1389 2961 1864 3030 narrationemque
1895 2976 2079 3032 aggre-
2105 2965 2146 3022 C

515 3055 671 3110 diens
694 3095 710 3120 ,
741 3070 849 3109 una
879 3070 1001 3109 cum
1034 3054 1150 3123 ipsa
1183 3052 1250 3107 de
1282 3052 1371 3105 illa
1406 3052 1675 3122 theologia
1722 3052 1964 3122 ejusdem
2009 3052 2076 3106 ad

515 3145 764 3202 homines
790 3161 1092 3207 accessum,
1116 3160 1210 3214 per
1239 3151 1578 3212 assumptum
1605 3159 1806 3212 corpus
1833 3148 2074 3213 exponit,

514 3242 597 3296 sic
622 3239 847 3296 dicens:
884 3257 902 3290 ι
943 3239 1002 3294 In
1035 3237 1302 3306 principio
1329 3245 1446 3290 erat
1469 3235 1726 3300 Verbum,
1753 3249 1806 3291 et
1839 3234 2076 3292 Verbum

513 3341 629 3388 erat
655 3331 798 3402 apud
829 3329 1026 3393 Deum,
1076 3336 1130 3384 et
1165 3327 1304 3383 Deus
1364 3339 1481 3383 erat
1519 3327 1753 3383 Verbum
1810 3329 1873 3382 ³².
1917 3348 1936 3380 ι
1964 3328 2078 3384 Hoc

513 3432 632 3477 erat
661 3423 716 3476 in
738 3421 1003 3492 principio
1027 3419 1170 3489 apud
1199 3419 1364 3474 Deum
1387 3460 1400 3483 ,
1454 3420 1634 3474 omnia
1664 3436 1760 3490 por
1789 3420 1964 3490 ipsum
1997 3420 2077 3473 fa-

512 3526 602 3568 cta
618 3521 744 3570 sunt
783 3531 798 3568 :
850 3521 1011 3580 atque
1035 3512 1120 3566 liis
1149 3511 1404 3579 deinceps
1438 3509 1776 3580 adjungens:
1817 3530 1834 3561 ι
1859 3511 1919 3564 Et
1947 3510 2079 3566 Ver-

515 3607 642 3661 bum
672 3620 802 3660 caro
834 3604 1032 3658 factum
1063 3611 1167 3666 est,
1197 3611 1250 3656 et
1269 3602 1532 3656 habitavit
1569 3602 1624 3656 in
1647 3602 1805 3656 nobis
1839 3603 1904 3657 ³³.
1947 3622 1964 3654 ι
2001 3601 2076 3656 ita

510 3698 698 3753 divino
726 3697 931 3768 Spiritu
969 3696 1178 3751 adlatus
1208 3694 1489 3764 propheta,
1513 3709 1636 3748 cum
1669 3693 1838 3749 Deum
1865 3695 1930 3748 de
1957 3692 2079 3747 Vir-

510 3789 635 3863 gine
682 3789 927 3859 genitum
989 3794 1134 3842 esset
1190 3785 1568 3848 nuntiaturus,
1602 3784 1863 3838 visionem
1917 3794 2074 3838 antea

509 3880 802 3951 quamdam
870 3878 1016 3932 illius
1080 3878 1265 3948 gloria:
1320 3875 1756 3945 contemplatur,
1807 3876 2074 3946 talemque

509 3973 835 4044 theologiam
863 3973 1158 4028 describit:
1204 3989 1222 4022 ‹
1259 3969 1382 4024 Vidi
1413 3967 1698 4024 Dominum
1729 3968 1960 4024 Sabaoth
1989 3986 2076 4026 se-

507 4071 725 4125 dentem
750 4081 912 4136 super
946 4066 1082 4120 solio
1112 4065 1328 4120 excelso
1351 4071 1404 4118 et
1433 4063 1672 4126 sublimi,
1701 4071 1753 4116 et
1777 4063 1931 4132 plena
1958 4070 2074 4117 erat

506 4161 703 4217 domus
731 4158 902 4231 gloria
935 4157 1142 4227 ejus,et
1166 4155 1436 4225 seraphim
1454 4154 1672 4210 stabant
1693 4155 1897 4208 circum
1928 4169 2071 4222 eum,

507 4264 607 4306 lex
633 4248 733 4302 alae
762 4246 877 4311 uni,
905 4253 960 4302 et
1006 4262 1101 4302 sex
1131 4246 1230 4300 ala:
1267 4245 1456 4309 alteri,
1501 4251 1555 4298 et
1601 4244 1812 4300 duabus
1853 4245 2068 4314 quidem

509 4341 762 4412 tegebant
777 4338 1005 4416 .faciem,
1039 4339 1251 4394 duabus
1279 4344 1458 4392 autem
1486 4336 1739 4391 velabant
1791 4336 1951 4406 pedes
1971 4377 1986 4399 ,
2016 4345 2070 4392 et

508 4433 722 4487 duabus
755 4431 1046 4494 volabant,
1083 4438 1136 4485 et
1162 4431 1324 4502 310
1350 4429 1658 4483 clamabant
1681 4428 1817 4484 alter
1845 4430 1912 4482 ad
1936 4431 2072 4484 alte-

510 4538 653 4583 rum.
681 4529 735 4578 et
780 4521 1066 4576 dicebant:
1100 4521 1354 4583 Sanctus,
1393 4526 1618 4576 sanctus
1641 4558 1658 4583 ,
1694 4529 1916 4576 sanctus
1965 4520 2071 4576 Do-

511 4616 690 4671 minus
748 4613 1030 4678 Sabaoth,
1093 4615 1250 4684 plena
1313 4621 1398 4669 est
1452 4611 1632 4668 onmis
1696 4620 1838 4667 terra
1902 4613 2070 4682 gloria

507 4707 628 4772 ejus
651 4706 718 4759 ’⁸.
756 4727 775 4758 ι
806 4704 872 4759 Et
902 4705 1154 4774 deinceps
1179 4703 1462 4774 adjnngit:
1499 4721 1517 4752 ι
1559 4701 1625 4755 Et
1660 4701 1838 4755 audivi
1885 4719 2068 4757 vocem

509 4795 723 4852 Domini
751 4796 981 4851 dicentis
1005 4814 1017 4849 :
1045 4792 1216 4860 Quem
1257 4793 1490 4857 mittam,
1525 4799 1580 4846 et
1605 4792 1729 4863 quis
1759 4792 1856 4847 ibit
1884 4793 1951 4846 ad
1983 4809 2072 4863 po-

507 4888 694 4960 pulum
725 4887 891 4940 hunc.
917 4884 982 4939 Et
1003 4886 1114 4940 dixi
1145 4904 1158 4940 :
1193 4884 1331 4939 Ecce
1359 4901 1480 4954 ego.
1514 4885 1668 4939 mitte
1698 4898 1802 4937 me.
1839 4881 1903 4935 Et
1934 4881 2070 4937 dixit

505 4981 576 5036 ad
613 4997 734 5035 me:
782 4979 956 5047 Vade,
991 4988 1045 5035 et
1070 4978 1158 5034 die
1201 4978 1400 5048 p0pulo
1443 4979 1571 5032 huic
1602 4996 1614 5031 :
1653 4976 1854 5031 Auditu
1887 4977 2071 5031 audie-

507 5073 602 5139 tis,
629 5081 684 5129 et
713 5089 822 5127 non
849 5072 1200 5142 intelligetis:
1234 5081 1288 5125 et
1312 5071 1584 5126 intuentes
1619 5068 1987 5132 intuebimini,
2019 5077 2072 5124 et

507 5173 618 5214 non
643 5160 914 5216 videbitis.
937 5158 1195 5215 Crassum
1225 5157 1370 5213 enim
1405 5158 1607 5212 factum
1640 5165 1725 5213 est
1747 5173 1843 5212 cor
1883 5158 2067 5228 populi

508 5251 673 5323 hujus
695 5293 710 5318 ,
753 5262 804 5308 et
835 5253 1060 5308 auribus
1093 5251 1208 5305 suis
1235 5251 1468 5320 graviter
1497 5247 1785 5304 audierunt
1805 5290 1821 5314 ,
1853 5257 1907 5305 et
1938 5265 2066 5305 ocu-

509 5345 590 5404 los
636 5363 768 5403 suos
797 5349 1112 5406 clauserunt
1137 5386 1152 5411 ,
1189 5361 1256 5400 ne
1283 5343 1501 5413 quando
1528 5342 1746 5397 videant
1768 5342 1944 5399 oculis
1967 5383 1981 5407 ,
2014 5349 2068 5397 et

508 5439 674 5497 corda
699 5439 1036 5511 intelligant,
1082 5446 1136 5494 et
1161 5441 1574 5498 convertantur,
1615 5440 1669 5487 et
1713 5448 1901 5490 sanem
1935 5448 2062 5499 eos,

575 5632 802 5690 "Joan.
828 5637 942 5704 1,1.
1019 5636 1063 5668 ⁸³
1092 5634 1220 5690 ibid.
1256 5634 1340 5688 ﬂ.
1422 5633 1464 5664 ’⁵
1499 5630 1602 5688 lsa.
1637 5645 1720 5688 vt.
1753 5629 1883 5716 1-3..⁴

2184 376 2274 442 ψει
2300 377 2399 447 τῆς
2426 378 2656 450 ἀληθοῦς
2688 378 3010 449 θεογνωσίας
3043 375 3149 431 τῶν
3179 378 3279 431 ἀνά
3305 378 3402 450 τὴν
3434 377 3752 453 οἰκουμένη»

2185 467 2372 533 ἐθνῶν,
2399 469 2713 523 ἀπόπτωσίν
2751 488 2808 524 τε
2840 473 2933 524 καὶ
2964 469 3198 542 ἐρημίαν
3231 469 3316 522 διὰ
3340 471 3438 542 τὴν
3481 474 3560 536 είς
3597 474 3758 528 αὐτὸν

2184 559 2440 613 ἀπιστίαν
2486 560 2577 613 τοῦ
2619 561 2882 614 Ἰουδαίων
2935 561 3135 625 ἔθνους,
3176 562 3234 614 ἐν
3284 563 3362 633 τῷ
3417 563 3520 635 πρὸ
3567 567 3757 620 τούτου

2185 653 2572 724 συγγράμματι
2599 654 2686 714 δ,ιά
2711 654 2816 707 τῶν
2847 653 3195 727 προφητικῶν
3223 653 3412 723 φωνῶν
3443 655 3756 729 μεμαθηκό-

2183 758 2294 805 τες,
2323 743 2748 814 ἐπισκεψάμενοι
2792 759 2848 796 τε
2900 744 3036 796 κατά
3070 745 3129 797 τὸ
3166 743 3298 799 αὐτὸ
3344 747 3522 800 ὁποίου
3561 747 3756 815 τέλους

2183 832 2338 903 ἔτυχε
2395 833 2462 886 τὰ
2510 836 2972 908 προηγορευμένα,
3023 834 3151 906 ἑξῆς
3195 836 3289 890 καὶ
3337 837 3641 902 ἀκολούθως
3695 842 3756 895 ἐν

2184 923 2394 994 ἑϐδόμῳ
2414 924 2586 994 τούτῳ
2616 925 3002 996 συγγράμματι
3031 924 3132 994 τῆς
3148 925 3561 996 Εὐαγγελικῆς
3598 928 3757 984 Ἀπο-

2183 1013 2424 1082 δείξεως
2461 1016 2551 1068 τὸν
2577 1017 2773 1087 τρόπον
2803 1016 3168 1088 ἐπιθεωρῆσαι
3201 1017 3596 1089 πειρασόμεθα,
3633 1021 3752 1075 καθ’

2183 1107 2240 1159 ὅν
2268 1124 2429 1179 φησιν
2453 1108 2613 1162 αὑτὸν
2646 1109 2742 1179 τὴν
2775 1111 2853 1172 είς
2875 1108 3193 1180 ἀνθρώπους
3221 1109 3550 1180 ποιήσασθαι
3587 1112 3729 1183 πάρο

2181 1197 2292 1256 δον.
2327 1199 2460 1270 Φέρε
2496 1196 2588 1254 οὖν
2632 1200 2875 1254 ἐντεῦθεν
2915 1201 3014 1273 ἤδη
3044 1203 3420 1273 σκοπήσωμεν,
3455 1204 3642 1266 ὁποῖός
3673 1218 3752 1270 τις

2182 1289 2210 1343 6
2238 1293 2433 1364 τρόπος
2461 1293 2676 1346 ἔσεσθαι
2704 1293 2801 1364 τῆς
2828 1293 2921 1346 τοῦ
2949 1292 3083 1347 Θεοῦ
3115 1295 3194 1358 είς
3216 1294 3535 1366 ἀνθρώπους
3568 1297 3750 1368 ἐπιδη-

2185 1382 2310 1453 μίας
2342 1382 2672 1448 ἐθεσπίζετο,
2705 1385 2798 1437 καὶ
2845 1383 2947 1437 ποῦ
2993 1384 3096 1455 γῆς
3141 1386 3574 1457 γεννηθήσεσθαι
3619 1405 3747 1460 προ-

2181 1476 2509 1545 εκηρύττετο
2535 1513 2550 1540 ,
2598 1475 2704 1529 ἀπὸ
2770 1476 2923 1528 ποίου
2967 1490 3028 1529 τε
3090 1479 3276 1546 γένους
3323 1478 3742 1550 προελεύσεσθαι

2183 1566 2392 1621 ἐδρᾶτο.

2707 1681 3096 1737 ΚΕΦΑΛΛῘΟΝ
3134 1684 3210 1737 Λ’.

2195 1769 2326 1826 Ἀπὸ
2353 1771 2456 1826 τοῦ
2488 1769 2934 1846 Ἡσαΐου-’Τίς
2958 1778 2990 1828 ό
3017 1775 3232 1842 τρόπος
3255 1771 3364 1844 τῆς
3391 1775 3498 1831 τοῦ
3523 1779 3741 1846 Κιερίου

2542 1845 2628 1908 εὶς
2657 1843 3002 1911 ἀνθρώπους
3032 1843 3369 1914 ἐπιδημίας.

2251 1933 2559 2005 Πρόῤῥησις
2581 1934 2678 2002 τῆς
2704 1935 2784 1997 είς
2807 1936 3036 2006 Χριστὸν
3069 1938 3326 2000 ἀπιστίας
3353 1938 3447 1991 τοῦ
3479 1940 3742 1994 Ἰουδαίων

2183 2025 2382 2088 ἔθνους,
2408 2027 2499 2080 καὶ
2523 2029 2744 2096 σημεῖον
2768 2025 2948 2091 αὐτοῖς
2968 2026 3073 2082 ἀπὸ
3096 2030 3298 2099 Κυρίου
3321 2029 3618 2101 διδόμενον.
3641 2028 3743 2084 Ἦν

2181 2117 2236 2170 δὲ
2263 2119 2440 2171 τοῦτο·
2493 2118 2763 2190 Παρθένος
2791 2120 2922 2172 Θεὸν
2961 2122 3222 2188 γεννῶσα,
3256 2125 3340 2191 ἐφ’
3363 2119 3423 2176 οὗ
3443 2128 3508 2194 τῇ
3537 2125 3745 2191 γενέσει

2182 2210 2493 2281 καθαίρεσις
2514 2211 2776 2280 παντελὴς
2796 2211 2888 2263 τοῦ
2929 2211 3191 2265 Ἰουδαίων
3205 2214 3390 2277 ἔθνους
3409 2215 3743 2279 ἐθεσπίζετο,

2182 2303 2275 2354 καὶ
2297 2302 2369 2364 ὼς
2399 2301 2784 2370 ἀλλόφυλοικαὶ
2815 2304 3058 2375 πολέμιοι
3077 2305 3175 2376 τὴν
3205 2304 3386 2376 χώραν
3401 2308 3577 2360 αὐτῶν
3607 2308 3743 2361 καθ·

2183 2392 2379 2458 έξουσι,
2430 2394 2523 2446 καὶ
2559 2395 2634 2456 ὡς
2672 2395 2705 2464 ἡ
2745 2395 2870 2464 πρὶν
2916 2394 3120 2466 ἕρημος
3165 2397 3264 2467 τῆς
3294 2396 3467 2449 ἐνθέου
3493 2397 3749 2467 τυχοῦσα

2179 2485 2469 2554 γεωργίας,
2527 2486 2834 2558 εύφορήσει·
2889 2487 2989 2557 τῆς
3043 2485 3103 2551 ἐξ
3169 2487 3338 2542 ἐθνῶν
3413 2488 3751 2559 Ἐκκλησίας

2177 2576 2366 2630 τοῦτον
2405 2577 2738 2648 δηλουμένης
2779 2578 2870 2631 τὸν
2911 2578 3128 2648 τρόπον·
3164 2578 3352 2651 ῶσπερ
3382 2582 3409 2633 ὁ
3438 2579 3750 2650 θαυμάσιος

2179 2667 2562 2740 εύαγγελιστὴς
2618 2670 2886 2740 Ἰωάννης,
2939 2671 3140 2740 μείζονι
3187 2669 3219 2742 ἦ
3274 2671 3414 2724 κατά
3461 2671 3751 2744 ἄνθρωπον

2182 2759 2556 2831 μεγαλοφωνίᾳ
2592 2761 2684 2813 τὸν
2742 2763 2964 2832 Σωτῆρα
3019 2764 3111 2815 καὶ
3169 2760 3371 2835 Κύριον
3411 2765 3568 2835 ἡμῶν
3619 2764 3748 2819 Oeo-

2178 2850 2371 2920 λογῶν,
2406 2851 2566 2905 αὐτὸν
2604 2852 2667 2925 δὴ
2705 2853 2793 2906 τὸν
2829 2853 2923 2906 τοῦ
2966 2854 3098 2907 Θεοῦ
3140 2855 3328 2923 Λόγον,
3362 2856 3463 2926 τῆς
3493 2873 3558 2925 γε
3597 2857 3750 2928 ἱερᾶς

2180 2940 2219 2992 Γ
2223 2941 2399 3012 ραφῆς
2418 2941 2578 2994 αὑτοῦ
2601 2943 2992 3014 ἀπαρχόμενος,
3013 2944 3146 3016 όμοῦ
3168 2948 3231 3016 τῇ
3257 2946 3505 3018 θεολογίᾳ
3535 2950 3627 3000 καὶ

2180 3033 2438 3105 ἔνσαρκον
2459 3034 2622 3087 αὑτοῦ
2647 3036 2726 3099 είς
2746 3035 3060 3108 ἀνθρώπους
3082 3039 3406 3109 παρίστησιν
3427 3039 3745 3110 ἐπιδημίαν

2184 3145 2202 3177 ι
2237 3127 2322 3179 Ἐν
2353 3127 2492 3198 ἀρχῇ
2517 3123 2582 3198 ἦν
2603 3130 2630 3180 6
2651 3128 2839 3196 Λόγος,
2869 3128 2960 3180 καὶ
2985 3131 3012 3181 6
3032 3129 3200 3197 Λόγος
3219 3127 3284 3200 ἦν
3313 3129 3450 3201 πρὸς
3479 3130 3573 3184 τὸν
3591 3132 3749 3198 Θεὸν,

2178 3221 2272 3273 καὶ
2289 3219 2420 3284 Θεὸς
2444 3216 2512 3291 ἦν
2541 3222 2568 3273 6
2589 3220 2778 3290 Λόγος.
2805 3217 2970 3285 Οὗτος
2989 3218 3056 3293 ἦν
3075 3224 3132 3274 ἐν
3153 3223 3290 3293 ἀρχῇ
3318 3215 3455 3293 πρὸς
3478 3225 3572 3277 τὸν
3592 3224 3745 3278 Θεόν·

2179 3313 2353 3367 πάντα
2383 3312 2451 3366 δι’
2479 3313 2641 3366 αὑτοῦ
2677 3313 2908 3381 ἐγένετο,
2947 3333 2965 3365 ι
3014 3316 3206 3384 φήσας·
3246 3314 3454 3378 τούτοις
3483 3317 3612 3386 ἑξῆς
3647 3320 3746 3370 ἐπ-

2177 3407 2344 3475 άγωνο
2371 3425 2389 3458 ι
2419 3407 2524 3459 Καὶ
2558 3407 2585 3457 6
2610 3407 2776 3475 Λόγος
2810 3405 2942 3476 σὰρξ
2973 3406 3203 3474 ἐγένετο,
3235 3408 3327 3460 καὶ
3344 3408 3656 3478 ἐσκήνωσεν
3691 3412 3749 3461 ἐν

2176 3499 2327 3568 ἡμῖν.
2367 3517 2384 3549 ι
2411 3498 2512 3551 Τὸν
2545 3497 2706 3550 αὐτὸν
2729 3497 2792 3568 δὴ
2819 3499 3016 3568 τρόπον
3047 3495 3141 3550 καὶ
3167 3500 3195 3550 6
3222 3495 3506 3562 θεσπέσιος
3533 3502 3751 3571 προφή-

2175 3607 2274 3660 της
2309 3589 2441 3642 Θεοῦ
2477 3591 2539 3643 ἐκ
2577 3588 2852 3659 Παρθένου
2883 3589 3270 3658 γεγεννημένον
3304 3587 3513 3659 μέλλων
3540 3591 3752 3660 ἀνακηο

2179 3682 2409 3752 ρύττειν,
2433 3683 2530 3754 τὴν
2559 3682 2764 3746 ἔνδοξον
2795 3682 2956 3735 αύτοῦ
2985 3681 3264 3736 θεοπτείαν
3291 3681 3613 3753 προθεωρεί,
3642 3676 3748 3735 ὧδε

2174 3775 2272 3846 τὴν
2303 3774 2576 3842 θεολογίαν
2618 3771 2966 3844 ύπογράφωψ
3004 3791 3022 3823 ι
3059 3769 3212 3826 Εἶδον
3252 3773 3343 3826 τὸν
3387 3769 3589 3843 Κύριον
3635 3773 3744 3824 Σα-

2176 3864 2322 3918 ϐαὼθ
2356 3865 2658 3935 καθήμενον
2690 3864 2783 3917 ἐπὶ
2817 3863 3006 3934 θρόνου
3043 3862 3246 3934 ὑψηλοῦ
3280 3863 3374 3916 κα)⁸
3401 3863 3741 3932 ἐπηρμένου,

2177 3957 2269 4010 καὶ
2301 3956 2512 4028 πλήρης
2550 3957 2578 4009 6
2620 3949 2768 4018 οἶκος
2808 3954 2907 4024 τῆς
2936 3954 3092 4025 δόξης
3138 3953 3325 4016 αὑτοῦ,
3361 3955 3454 4006 καὶ
3494 3955 3744 4024 σεραφὶμ

2175 4048 2518 4117 είστήκεισαν
2539 4045 2721 4114 κύκλῳ
2749 4043 2931 4096 αὐτοῦ·
2958 4043 3016 4107 ἐξ
3045 4044 3310 4114 πτέρυγες
3329 4043 3408 4113 τῷ
3431 4044 3530 4104 ἐνί,
3559 4044 3657 4096 καὶ
3683 4045 3742 4110 ἒξ

2176 4138 2444 4208 πτέρυγες
2473 4137 2550 4207 τῷ
2586 4136 2696 4188 ἐνί·
2740 4135 2831 4188 καὶ
2872 4137 2990 4198 ταῖς
3034 4134 3129 4206 μὲν
3163 4134 3316 4187 δυσὶν
3350 4134 3652 4188 ἐκάλυπτον
3681 4134 3742 4188 τὸ

2177 4230 2482 4301 πρόσωπον,
2527 4231 2646 4290 ταῖς
2681 4227 2736 4280 δὲ
2781 4227 2899 4280 δυσὶ
2941 4226 3344 4279 κατεκάλυπτον
3377 4228 3506 4289 τοὺς
3547 4227 3736 4290 πόδαςο

2172 4325 2290 4385 ταῖς
2323 4322 2377 4374 δὲ
2416 4322 2564 4375 δυσὶν
2605 4321 2882 4374 ἐπέταντο.
2919 4321 3025 4373 Καὶ
3055 4319 3351 4390 ἐκέκραγον
3384 4319 3570 4389 ἕτερος
3600 4319 3740 4391 πρὸς

2171 4415 2261 4467 τὸν
2293 4415 2497 4485 ἕτερον,
2526 4414 2617 4466 καὶ
2643 4411 2842 4479 ἔλεγον·
2874 4413 3077 4479 Ἄγιος,
3113 4409 3281 4478 ἅγιος,
3325 4409 3497 4477 ἅγιος,
3534 4409 3740 4481 Κύριος

2173 4505 2418 4569 Σαϐαὼθ,
2453 4505 2662 4575 πλήρης
2692 4505 2839 4556 πᾶσα
2879 4504 2911 4572 ὴ
2946 4502 3018 4570 γῆ
3047 4502 3146 4570 τῆς
3171 4500 3327 4570 δόξης
3354 4501 3540 4554 αὐτοῦ.
3574 4521 3593 4552 ι
3627 4502 3742 4554 Καὶ

2173 4597 2297 4668 ἑξῆς
2342 4593 2598 4661 ἐπιλέγει’
2643 4610 2661 4643 ι
2701 4593 2808 4645 Καὶ
2838 4593 3047 4661 ἥκουσα
3073 4590 3169 4658 τῆς
3200 4589 3380 4658 φωνῆς
3409 4589 3618 4660 Κυρίου
3645 4588 3738 4641 λό-

2173 4703 2393 4758 γοντος’
2438 4684 2571 4738 Τίνα
2613 4680 2912 4744 ἀποστελῶ,
2975 4681 3067 4733 καὶ
3105 4681 3188 4742 τίς
3226 4677 3545 4748 πορεύσεται
3597 4677 3740 4748 πρὸς

2166 4782 2274 4838 τὸν,
2295 4779 2418 4831 λαὸν
2446 4775 2662 4840 τοῦτον;
2698 4772 2808 4826 Καὶ
2843 4767 2989 4824 εἶπαο
3031 4769 3160 4823 Ἰδοῦ
3184 4767 3292 4837 ἐγώ
3317 4770 3451 4839 εἰμι,
3481 4768 3748 4825 ἀπόστει-

2167 4873 2256 4926 λόν
2287 4889 2374 4943 με.
2403 4869 2508 4922 Καὶ
2534 4863 2655 4920 εἷπε
2688 4865 2824 4937 πρὸς
2847 4863 2934 4936 μέ·
2969 4861 3289 4933 Πορεύθητι,
3334 4862 3427 4912 καὶ
3472 4859 3626 4911 εἰπὸν
3660 4861 3742 4932 τῷ

2169 4966 2281 5038 λαῷ
2307 4963 2500 5032 τούτῳο
2539 4961 2698 5031 Ἀκοῇ
2743 4957 3024 5016 ἀκούσετε,
3056 4955 3150 5008 καὶ
3175 4954 3235 5005 ού
3272 4951 3344 5023 μὴ
3385 4951 3604 5021 συνῆτε,
3647 4953 3744 5005 καὶ

2171 5059 2453 5130 βλέποντες
2479 5052 2719 5123 βλέψετε,
2750 5051 2844 5102 καὶ
2874 5048 2932 5100 ού
2971 5047 3044 5118 μὴ
3081 5045 3244 5114 ἴδητε.
3283 5042 3595 5112 Ἐπαχύνθη
3629 5044 3742 5114 γὰρ

2171 5155 2205 5222 ὴ
2228 5148 2418 5222 καρδία
2436 5145 2530 5199 τοῦ
2550 5143 2679 5197 λαοῦ
2700 5141 2909 5205 τούτου,
2935 5142 3156 5201 καὶτοῖς
3178 5136 3310 5188 ὠσὶν
3326 5134 3504 5188 αὐτῶν
3524 5134 3741 5206 βαρέως

2171 5245 2428 5315 ἥκουσαν,
2455 5239 2548 5292 καὶ
2569 5238 2694 5300 τοὺς
2717 5235 3024 5305 ὀφθαλμοὺς
3044 5231 3221 5286 αὐτῶν
3245 5232 3594 5302 ἐκάμμυσαν,
3633 5233 3742 5300 μή.

2173 5351 2299 5388 ποτε
2343 5333 2491 5386 ἴδωσι
2524 5333 2637 5393 τοῖς
2675 5327 2988 5398 ὀφθαλμοῖς,
3017 5327 3244 5389 καὶτοῖς
3271 5325 3404 5377 ὠσὶν
3434 5320 3742 5384 ἀκούσωσι,

2171 5429 2265 5482 καὶ
2310 5416 2544 5498 ίάσωμαι
2583 5424 2792 5487 αύτούς.
2827 5421 2934 5476 Καὶ
2975 5414 3119 5472 εἶπα·
3153 5419 3296 5482 Ἕως
3339 5417 3493 5480 πότε,
3526 5413 3747 5485 Κύριε,
