  <div class='ocr_page' id='page_1' title='image "/cluster/home/n/w/nwhite01/storage/ocr_20150623/22/hvd.32044073501132/250.png"; bbox 0 0 3866 6202; ppageno 0'>
   <div class='ocr_carea' id='block_1_1' title="bbox 0 1475 112 1518">
    <p class='ocr_par' dir='ltr' id='par_1_1' title="bbox 0 1475 112 1518">
     <span class='ocr_line' id='line_1_1' title="bbox 0 1475 112 1518; baseline -0.027 0"><span class='ocrx_word' id='word_1_1' title='bbox 0 1475 112 1518; x_wconf 52' lang='lat' dir='ltr'><strong>955k:</strong></span> 
     </span>
    </p>
   </div>
   <div class='ocr_carea' id='block_1_2' title="bbox 305 193 3518 265">
    <p class='ocr_par' dir='ltr' id='par_1_2' title="bbox 305 193 3518 265">
     <span class='ocr_line' id='line_1_2' title="bbox 305 193 3518 265; baseline -0.006 -1"><span class='ocrx_word' id='word_1_2' title='bbox 305 207 413 265; x_wconf 62' lang='lat'><strong>189</strong></span> <span class='ocrx_word' id='word_1_3' title='bbox 1179 196 1822 256; x_wconf 70' lang='lat' dir='ltr'><strong>DEMONSTRATIONIS</strong></span> <span class='ocrx_word' id='word_1_4' title='bbox 1865 194 2321 253; x_wconf 70' lang='lat' dir='ltr'><strong>EVANGELlCA‘I</strong></span> <span class='ocrx_word' id='word_1_5' title='bbox 2359 194 2487 257; x_wconf 74' lang='lat' dir='ltr'><strong>LIB.</strong></span> <span class='ocrx_word' id='word_1_6' title='bbox 2527 193 2640 250; x_wconf 77' lang='lat' dir='ltr'><strong>Vll.</strong></span> <span class='ocrx_word' id='word_1_7' title='bbox 3416 197 3518 254; x_wconf 63' lang='grc'><strong>490</strong></span> 
     </span>
    </p>
   </div>
   <div class='ocr_carea' id='block_1_3' title="bbox 303 316 1876 392">
    <p class='ocr_par' dir='ltr' id='par_1_3' title="bbox 303 316 1863 392">
     <span class='ocr_line' id='line_1_3' title="bbox 303 316 1863 392; baseline -0.003 -14"><span class='ocrx_word' id='word_1_8' title='bbox 303 326 409 378; x_wconf 83' lang='grc' dir='ltr'><strong>Καὶ</strong></span> <span class='ocrx_word' id='word_1_9' title='bbox 429 316 608 375; x_wconf 78' lang='grc' dir='ltr'>εἶπεν·</span> <span class='ocrx_word' id='word_1_10' title='bbox 648 341 664 372; x_wconf 75' lang='grc' dir='ltr'><strong>ι</strong></span> <span class='ocrx_word' id='word_1_11' title='bbox 695 321 838 383; x_wconf 78' lang='grc' dir='ltr'>Ἕως</span> <span class='ocrx_word' id='word_1_12' title='bbox 861 321 926 375; x_wconf 75' lang='grc' dir='ltr'>ἂν</span> <span class='ocrx_word' id='word_1_13' title='bbox 950 321 1272 392; x_wconf 83' lang='grc' dir='ltr'>ἑρημωθῶσι</span> <span class='ocrx_word' id='word_1_14' title='bbox 1298 323 1498 385; x_wconf 83' lang='grc' dir='ltr'>πόλεις,</span> <span class='ocrx_word' id='word_1_15' title='bbox 1533 320 1683 391; x_wconf 69' lang='grc' dir='ltr'>παρὰ</span> <span class='ocrx_word' id='word_1_16' title='bbox 1703 321 1762 374; x_wconf 78' lang='grc' dir='ltr'>τὸ</span> <span class='ocrx_word' id='word_1_17' title='bbox 1791 321 1863 391; x_wconf 83' lang='grc' dir='ltr'>μὴ</span> 
     </span>
    </p>
   </div>
   <div class='ocr_carea' id='block_1_4' title="bbox 1979 316 3527 392">
    <p class='ocr_par' dir='ltr' id='par_1_4' title="bbox 1979 316 3527 389">
     <span class='ocr_line' id='line_1_4' title="bbox 1979 316 3527 389; baseline 0.001 -18"><span class='ocrx_word' id='word_1_18' title='bbox 1979 328 2020 372; x_wconf 71' lang='lat' dir='ltr'><strong>3t</strong></span> <span class='ocrx_word' id='word_1_19' title='bbox 2059 319 2209 373; x_wconf 79' lang='lat' dir='ltr'><strong>dixi:</strong></span> <span class='ocrx_word' id='word_1_20' title='bbox 2243 317 2573 389; x_wconf 82' lang='lat' dir='ltr'><strong>Quousque,</strong></span> <span class='ocrx_word' id='word_1_21' title='bbox 2608 316 2875 372; x_wconf 89' lang='lat' dir='ltr'><strong>Domine?</strong></span> <span class='ocrx_word' id='word_1_22' title='bbox 2921 317 2984 370; x_wconf 76' lang='lat' dir='ltr'><strong>Et</strong></span> <span class='ocrx_word' id='word_1_23' title='bbox 3019 318 3192 374; x_wconf 75' lang='lat' dir='ltr'><strong>dixit:</strong></span> <span class='ocrx_word' id='word_1_24' title='bbox 3233 317 3410 375; x_wconf 86' lang='lat' dir='ltr'><strong>Donec</strong></span> <span class='ocrx_word' id='word_1_25' title='bbox 3442 322 3527 372; x_wconf 72' lang='grc' dir='ltr'>ιιι--</span> 
     </span>
    </p>
   </div>
   <div class='ocr_carea' id='block_1_5' title="bbox 302 407 1858 484">
    <p class='ocr_par' dir='ltr' id='par_1_5' title="bbox 302 407 1858 484">
     <span class='ocr_line' id='line_1_5' title="bbox 302 407 1858 484; baseline -0.003 -19"><span class='ocrx_word' id='word_1_26' title='bbox 302 411 691 475; x_wconf 85' lang='grc' dir='ltr'>κατοικεῖσθαι,</span> <span class='ocrx_word' id='word_1_27' title='bbox 711 413 802 464; x_wconf 79' lang='grc' dir='ltr'>καὶ</span> <span class='ocrx_word' id='word_1_28' title='bbox 821 407 956 464; x_wconf 78' lang='grc' dir='ltr'>οἴκοι</span> <span class='ocrx_word' id='word_1_29' title='bbox 985 411 1130 484; x_wconf 76' lang='grc' dir='ltr'>παρὰ</span> <span class='ocrx_word' id='word_1_30' title='bbox 1149 411 1209 464; x_wconf 82' lang='grc' dir='ltr'>τὸ</span> <span class='ocrx_word' id='word_1_31' title='bbox 1233 411 1306 483; x_wconf 81' lang='grc' dir='ltr'>μὴ</span> <span class='ocrx_word' id='word_1_32' title='bbox 1327 407 1462 464; x_wconf 77' lang='grc' dir='ltr'>εἶναι</span> <span class='ocrx_word' id='word_1_33' title='bbox 1493 411 1588 464; x_wconf 91' lang='grc' dir='ltr'><strong>ἀνθ</strong></span> <span class='ocrx_word' id='word_1_34' title='bbox 1597 411 1824 482; x_wconf 79' lang='grc' dir='ltr'>ρώπους.</span> <span class='ocrx_word' id='word_1_35' title='bbox 1839 431 1858 461; x_wconf 77' lang='grc' dir='ltr'><strong>ι</strong></span> 
     </span>
    </p>
   </div>
   <div class='ocr_carea' id='block_1_6' title="bbox 303 501 1864 574">
    <p class='ocr_par' dir='ltr' id='par_1_6' title="bbox 303 501 1864 574">
     <span class='ocr_line' id='line_1_6' title="bbox 303 501 1864 574; baseline 0 -20"><span class='ocrx_word' id='word_1_36' title='bbox 303 505 458 554; x_wconf 83' lang='grc' dir='ltr'>Ποῖον</span> <span class='ocrx_word' id='word_1_37' title='bbox 501 502 558 554; x_wconf 83' lang='grc' dir='ltr'><strong>δὲ</strong></span> <span class='ocrx_word' id='word_1_38' title='bbox 597 501 816 572; x_wconf 74' lang='grc' dir='ltr'>θεμιτὸν</span> <span class='ocrx_word' id='word_1_39' title='bbox 859 503 1086 570; x_wconf 80' lang='grc' dir='ltr'><strong>φάσκειν</strong></span> <span class='ocrx_word' id='word_1_40' title='bbox 1122 501 1213 556; x_wconf 79' lang='grc' dir='ltr'><strong>τὸν</strong></span> <span class='ocrx_word' id='word_1_41' title='bbox 1248 505 1528 574; x_wconf 65' lang='grc' dir='ltr'>προφήτην</span> <span class='ocrx_word' id='word_1_42' title='bbox 1567 503 1864 572; x_wconf 80' lang='grc' dir='ltr'><strong>ἑωρακέναι</strong></span> 
     </span>
    </p>
   </div>
   <div class='ocr_carea' id='block_1_7' title="bbox 301 593 1866 666">
    <p class='ocr_par' dir='ltr' id='par_1_7' title="bbox 301 593 1866 666">
     <span class='ocr_line' id='line_1_7' title="bbox 301 593 1866 666; baseline 0 -20"><span class='ocrx_word' id='word_1_43' title='bbox 301 595 536 665; x_wconf 83' lang='grc' dir='ltr'>Κύριον;</span> <span class='ocrx_word' id='word_1_44' title='bbox 570 594 604 664; x_wconf 83' lang='grc' dir='ltr'><strong>ἢ</strong></span> <span class='ocrx_word' id='word_1_45' title='bbox 638 594 696 646; x_wconf 86' lang='grc' dir='ltr'>ὃν</span> <span class='ocrx_word' id='word_1_46' title='bbox 746 595 855 656; x_wconf 84' lang='grc' dir='ltr'>τοῖς</span> <span class='ocrx_word' id='word_1_47' title='bbox 907 593 1037 664; x_wconf 81' lang='grc' dir='ltr'>περὶ</span> <span class='ocrx_word' id='word_1_48' title='bbox 1073 593 1161 647; x_wconf 73' lang='grc' dir='ltr'>τὸν</span> <span class='ocrx_word' id='word_1_49' title='bbox 1213 595 1458 665; x_wconf 79' lang='grc' dir='ltr'>Ἀϐραὰμ</span> <span class='ocrx_word' id='word_1_50' title='bbox 1498 596 1866 666; x_wconf 73' lang='grc' dir='ltr'>προπάτορσιν</span> 
     </span>
    </p>
   </div>
   <div class='ocr_carea' id='block_1_8' title="bbox 304 684 1867 758">
    <p class='ocr_par' dir='ltr' id='par_1_8' title="bbox 304 684 1867 758">
     <span class='ocr_line' id='line_1_8' title="bbox 304 684 1867 758; baseline -0.001 -18"><span class='ocrx_word' id='word_1_51' title='bbox 304 684 475 755; x_wconf 62' lang='grc' dir='ltr'>ὦφθαί</span> <span class='ocrx_word' id='word_1_52' title='bbox 505 704 566 739; x_wconf 88' lang='grc' dir='ltr'><strong>τε</strong></span> <span class='ocrx_word' id='word_1_53' title='bbox 600 689 694 740; x_wconf 77' lang='grc' dir='ltr'>καὶ</span> <span class='ocrx_word' id='word_1_54' title='bbox 717 685 1048 756; x_wconf 70' lang='grc' dir='ltr'><strong>ὡμιληκέναι</strong></span> <span class='ocrx_word' id='word_1_55' title='bbox 1079 687 1135 740; x_wconf 78' lang='grc' dir='ltr'>ὲν</span> <span class='ocrx_word' id='word_1_56' title='bbox 1162 689 1274 749; x_wconf 87' lang='grc' dir='ltr'>τοῖς</span> <span class='ocrx_word' id='word_1_57' title='bbox 1307 687 1408 758; x_wconf 73' lang='grc' dir='ltr'>πρὸ</span> <span class='ocrx_word' id='word_1_58' title='bbox 1427 686 1629 739; x_wconf 90' lang='grc' dir='ltr'>τούτων</span> <span class='ocrx_word' id='word_1_59' title='bbox 1657 687 1867 739; x_wconf 83' lang='grc' dir='ltr'>ἀπεδεί-</span> 
     </span>
    </p>
   </div>
   <div class='ocr_carea' id='block_1_9' title="bbox 304 775 1867 849">
    <p class='ocr_par' dir='ltr' id='par_1_9' title="bbox 304 775 1867 849">
     <span class='ocr_line' id='line_1_9' title="bbox 304 775 1867 849; baseline 0.002 -21"><span class='ocrx_word' id='word_1_60' title='bbox 304 777 504 846; x_wconf 73' lang='grc' dir='ltr'>ξαμενς</span> <span class='ocrx_word' id='word_1_61' title='bbox 552 776 754 830; x_wconf 87' lang='grc' dir='ltr'>Τοῦτον</span> <span class='ocrx_word' id='word_1_62' title='bbox 801 775 909 848; x_wconf 77' lang='grc' dir='ltr'><strong>γὰρ</strong></span> <span class='ocrx_word' id='word_1_63' title='bbox 955 775 1087 846; x_wconf 83' lang='grc' dir='ltr'>ὁμοῦ</span> <span class='ocrx_word' id='word_1_64' title='bbox 1133 777 1264 830; x_wconf 79' lang='grc' dir='ltr'>Θεὸν</span> <span class='ocrx_word' id='word_1_65' title='bbox 1294 779 1385 830; x_wconf 73' lang='grc' dir='ltr'>καὶ</span> <span class='ocrx_word' id='word_1_66' title='bbox 1415 777 1636 849; x_wconf 87' lang='grc' dir='ltr'>Κύριον,</span> <span class='ocrx_word' id='word_1_67' title='bbox 1671 779 1766 832; x_wconf 68' lang='grc' dir='ltr'>καὶ</span> <span class='ocrx_word' id='word_1_68' title='bbox 1803 777 1867 849; x_wconf 84' lang='grc' dir='ltr'><strong>δὴ</strong></span> 
     </span>
    </p>
   </div>
   <div class='ocr_carea' id='block_1_10' title="bbox 306 865 1866 940">
    <p class='ocr_par' dir='ltr' id='par_1_10' title="bbox 306 865 1866 940">
     <span class='ocr_line' id='line_1_10' title="bbox 306 865 1866 940; baseline 0.001 -18"><span class='ocrx_word' id='word_1_69' title='bbox 306 869 528 937; x_wconf 73' lang='grc' dir='ltr'>ἄγγελον</span> <span class='ocrx_word' id='word_1_70' title='bbox 565 865 726 933; x_wconf 76' lang='grc' dir='ltr'>εἶναι,</span> <span class='ocrx_word' id='word_1_71' title='bbox 764 869 858 923; x_wconf 71' lang='grc' dir='ltr'><strong>καὶ</strong></span> <span class='ocrx_word' id='word_1_72' title='bbox 896 870 1326 940; x_wconf 76' lang='grc' dir='ltr'><strong>ἀρχιστράτηγον</strong></span> <span class='ocrx_word' id='word_1_73' title='bbox 1355 869 1634 940; x_wconf 87' lang='grc' dir='ltr'>δυνάμεως</span> <span class='ocrx_word' id='word_1_74' title='bbox 1663 871 1866 940; x_wconf 90' lang='grc' dir='ltr'>Κυρίου</span> 
     </span>
    </p>
   </div>
   <div class='ocr_carea' id='block_1_11' title="bbox 303 959 1867 1033">
    <p class='ocr_par' dir='ltr' id='par_1_11' title="bbox 303 959 1867 1033">
     <span class='ocr_line' id='line_1_11' title="bbox 303 959 1867 1033; baseline 0.001 -22"><span class='ocrx_word' id='word_1_75' title='bbox 303 976 474 1029; x_wconf 76' lang='grc' dir='ltr'>προμε</span> <span class='ocrx_word' id='word_1_76' title='bbox 485 959 837 1030; x_wconf 80' lang='grc' dir='ltr'>μαθήκαμεν.</span> <span class='ocrx_word' id='word_1_77' title='bbox 867 959 1089 1012; x_wconf 80' lang='grc' dir='ltr'>Μέλλων</span> <span class='ocrx_word' id='word_1_78' title='bbox 1117 959 1401 1030; x_wconf 75' lang='grc' dir='ltr'>τοιγαροῦν</span> <span class='ocrx_word' id='word_1_79' title='bbox 1427 960 1525 1032; x_wconf 76' lang='grc' dir='ltr'><strong>τὴν</strong></span> <span class='ocrx_word' id='word_1_80' title='bbox 1550 962 1628 1024; x_wconf 80' lang='grc' dir='ltr'>εἰς</span> <span class='ocrx_word' id='word_1_81' title='bbox 1658 960 1867 1033; x_wconf 83' lang='grc' dir='ltr'>ἀνθρώ-</span> 
     </span>
    </p>
   </div>
   <div class='ocr_carea' id='block_1_12' title="bbox 305 1051 1870 1124">
    <p class='ocr_par' dir='ltr' id='par_1_12' title="bbox 305 1051 1870 1124">
     <span class='ocr_line' id='line_1_12' title="bbox 305 1051 1870 1124; baseline 0.001 -20"><span class='ocrx_word' id='word_1_82' title='bbox 305 1069 430 1115; x_wconf 81' lang='grc' dir='ltr'>πους</span> <span class='ocrx_word' id='word_1_83' title='bbox 459 1051 634 1106; x_wconf 71' lang='grc' dir='ltr'>αὐτοῦ</span> <span class='ocrx_word' id='word_1_84' title='bbox 667 1052 900 1123; x_wconf 81' lang='grc' dir='ltr'>πάροδον</span> <span class='ocrx_word' id='word_1_85' title='bbox 933 1053 962 1104; x_wconf 90' lang='lat'><strong>6</strong></span> <span class='ocrx_word' id='word_1_86' title='bbox 1003 1052 1190 1124; x_wconf 85' lang='grc' dir='ltr'>παρὼν</span> <span class='ocrx_word' id='word_1_87' title='bbox 1235 1051 1390 1121; x_wconf 87' lang='grc' dir='ltr'>λόγος</span> <span class='ocrx_word' id='word_1_88' title='bbox 1428 1051 1734 1117; x_wconf 79' lang='grc' dir='ltr'>θεσπίζειν,</span> <span class='ocrx_word' id='word_1_89' title='bbox 1772 1053 1870 1124; x_wconf 81' lang='grc' dir='ltr'>τὴν</span> 
     </span>
    </p>
   </div>
   <div class='ocr_carea' id='block_1_13' title="bbox 303 1140 1868 1217">
    <p class='ocr_par' dir='ltr' id='par_1_13' title="bbox 303 1140 1868 1217">
     <span class='ocr_line' id='line_1_13' title="bbox 303 1140 1868 1217; baseline 0.001 -21"><span class='ocrx_word' id='word_1_90' title='bbox 303 1144 476 1196; x_wconf 74' lang='grc' dir='ltr'>ἔνθεον</span> <span class='ocrx_word' id='word_1_91' title='bbox 501 1143 670 1196; x_wconf 84' lang='grc' dir='ltr'>αὐτοῦ</span> <span class='ocrx_word' id='word_1_92' title='bbox 692 1144 992 1216; x_wconf 86' lang='grc' dir='ltr'>προθεωρεῖ</span> <span class='ocrx_word' id='word_1_93' title='bbox 1014 1144 1304 1215; x_wconf 76' lang='grc' dir='ltr'>βασιλείαν,</span> <span class='ocrx_word' id='word_1_94' title='bbox 1328 1144 1394 1198; x_wconf 76' lang='grc' dir='ltr'><strong>δι’</strong></span> <span class='ocrx_word' id='word_1_95' title='bbox 1416 1140 1482 1216; x_wconf 82' lang='grc' dir='ltr'><strong>ἧς</strong></span> <span class='ocrx_word' id='word_1_96' title='bbox 1507 1163 1668 1215; x_wconf 74' lang='grc' dir='ltr'>φησιν</span> <span class='ocrx_word' id='word_1_97' title='bbox 1695 1147 1868 1217; x_wconf 67' lang='grc' dir='ltr'>ἑωραη</span> 
     </span>
    </p>
   </div>
   <div class='ocr_carea' id='block_1_14' title="bbox 303 1237 1870 1310">
    <p class='ocr_par' dir='ltr' id='par_1_14' title="bbox 303 1237 1870 1310">
     <span class='ocr_line' id='line_1_14' title="bbox 303 1237 1870 1310; baseline 0.001 -20"><span class='ocrx_word' id='word_1_98' title='bbox 303 1238 448 1290; x_wconf 82' lang='grc' dir='ltr'>κέναι</span> <span class='ocrx_word' id='word_1_99' title='bbox 476 1237 646 1289; x_wconf 70' lang='grc' dir='ltr'>αὐτὸν</span> <span class='ocrx_word' id='word_1_100' title='bbox 672 1237 976 1307; x_wconf 77' lang='grc' dir='ltr'>καθήμενον</span> <span class='ocrx_word' id='word_1_101' title='bbox 1013 1238 1103 1290; x_wconf 77' lang='grc' dir='ltr'>ἐπὶ</span> <span class='ocrx_word' id='word_1_102' title='bbox 1135 1238 1325 1309; x_wconf 85' lang='grc' dir='ltr'>θρόνου</span> <span class='ocrx_word' id='word_1_103' title='bbox 1352 1237 1554 1308; x_wconf 63' lang='grc' dir='ltr'>ὑψηλοῦ</span> <span class='ocrx_word' id='word_1_104' title='bbox 1582 1239 1673 1291; x_wconf 71' lang='grc' dir='ltr'>καὶ</span> <span class='ocrx_word' id='word_1_105' title='bbox 1697 1241 1870 1310; x_wconf 74' lang='grc' dir='ltr'>ἐπηρ-</span> 
     </span>
    </p>
   </div>
   <div class='ocr_carea' id='block_1_15' title="bbox 303 1323 1872 1402">
    <p class='ocr_par' dir='ltr' id='par_1_15' title="bbox 303 1323 1872 1402">
     <span class='ocr_line' id='line_1_15' title="bbox 303 1323 1872 1402; baseline 0.003 -22"><span class='ocrx_word' id='word_1_106' title='bbox 303 1341 484 1399; x_wconf 66' lang='lat' dir='ltr'><strong>pavo-2.</strong></span> <span class='ocrx_word' id='word_1_107' title='bbox 524 1323 699 1392; x_wconf 68' lang='grc' dir='ltr'>Οὗτος</span> <span class='ocrx_word' id='word_1_108' title='bbox 738 1329 781 1381; x_wconf 81' lang='grc' dir='ltr'><strong>δ’</strong></span> <span class='ocrx_word' id='word_1_109' title='bbox 806 1329 872 1382; x_wconf 77' lang='grc' dir='ltr'>ἂν</span> <span class='ocrx_word' id='word_1_110' title='bbox 900 1329 984 1400; x_wconf 75' lang='grc' dir='ltr'>εἴη</span> <span class='ocrx_word' id='word_1_111' title='bbox 1019 1332 1047 1382; x_wconf 97' lang='lat'><strong>6</strong></span> <span class='ocrx_word' id='word_1_112' title='bbox 1081 1329 1266 1402; x_wconf 85' lang='grc' dir='ltr'>θρόνος</span> <span class='ocrx_word' id='word_1_113' title='bbox 1295 1329 1459 1383; x_wconf 80' lang='grc' dir='ltr'>αὑτοῦ</span> <span class='ocrx_word' id='word_1_114' title='bbox 1493 1332 1697 1395; x_wconf 78' lang='grc' dir='ltr'>ἐκεῖνος</span> <span class='ocrx_word' id='word_1_115' title='bbox 1723 1332 1751 1384; x_wconf 90' lang='lat'><strong>6</strong></span> <span class='ocrx_word' id='word_1_116' title='bbox 1779 1333 1872 1385; x_wconf 71' lang='grc' dir='ltr'>καὶ</span> 
     </span>
    </p>
   </div>
   <div class='ocr_carea' id='block_1_16' title="bbox 293 1421 1873 1493">
    <p class='ocr_par' dir='ltr' id='par_1_16' title="bbox 293 1421 1873 1493">
     <span class='ocr_line' id='line_1_16' title="bbox 293 1421 1873 1493; baseline 0.002 -20"><span class='ocrx_word' id='word_1_117' title='bbox 293 1423 354 1474; x_wconf 81' lang='grc' dir='ltr'>ἑν</span> <span class='ocrx_word' id='word_1_118' title='bbox 376 1422 458 1492; x_wconf 77' lang='grc' dir='ltr'>τῷ</span> <span class='ocrx_word' id='word_1_119' title='bbox 487 1423 619 1492; x_wconf 73' lang='grc' dir='ltr'>περὶ</span> <span class='ocrx_word' id='word_1_120' title='bbox 647 1421 742 1474; x_wconf 90' lang='grc' dir='ltr'><strong>τοῦ</strong></span> <span class='ocrx_word' id='word_1_121' title='bbox 783 1422 1063 1491; x_wconf 76' lang='grc' dir='ltr'><strong>ἀγαπητοῦ</strong></span> <span class='ocrx_word' id='word_1_122' title='bbox 1091 1422 1288 1493; x_wconf 74' lang='grc' dir='ltr'>ψαλμῷ</span> <span class='ocrx_word' id='word_1_123' title='bbox 1320 1422 1700 1493; x_wconf 84' lang='grc' dir='ltr'>δεδηλωμένος,</span> <span class='ocrx_word' id='word_1_124' title='bbox 1733 1423 1873 1476; x_wconf 87' lang='grc' dir='ltr'><strong>κατά</strong></span> 
     </span>
    </p>
   </div>
   <div class='ocr_carea' id='block_1_17' title="bbox 294 1513 1871 1586">
    <p class='ocr_par' dir='ltr' id='par_1_17' title="bbox 294 1513 1871 1586">
     <span class='ocr_line' id='line_1_17' title="bbox 294 1513 1871 1586; baseline 0 -20"><span class='ocrx_word' id='word_1_125' title='bbox 294 1514 376 1566; x_wconf 65' lang='grc' dir='ltr'><strong>τό*</strong></span> <span class='ocrx_word' id='word_1_126' title='bbox 411 1532 430 1562; x_wconf 75' lang='grc' dir='ltr'><strong>ι</strong></span> <span class='ocrx_word' id='word_1_127' title='bbox 481 1515 538 1565; x_wconf 85' lang='lat'><strong>&#39;0</strong></span> <span class='ocrx_word' id='word_1_128' title='bbox 571 1513 763 1584; x_wconf 82' lang='grc' dir='ltr'>θρόνος</span> <span class='ocrx_word' id='word_1_129' title='bbox 805 1531 922 1577; x_wconf 85' lang='grc' dir='ltr'>σου,</span> <span class='ocrx_word' id='word_1_130' title='bbox 949 1517 976 1568; x_wconf 92' lang='lat'><strong>6</strong></span> <span class='ocrx_word' id='word_1_131' title='bbox 1005 1514 1153 1586; x_wconf 77' lang='grc' dir='ltr'>Θεὸς,</span> <span class='ocrx_word' id='word_1_132' title='bbox 1185 1516 1263 1576; x_wconf 85' lang='grc' dir='ltr'><strong>εἰς</strong></span> <span class='ocrx_word' id='word_1_133' title='bbox 1293 1514 1388 1566; x_wconf 82' lang='grc' dir='ltr'>τὸν</span> <span class='ocrx_word' id='word_1_134' title='bbox 1427 1514 1594 1567; x_wconf 84' lang='grc' dir='ltr'>αἰῶνα</span> <span class='ocrx_word' id='word_1_135' title='bbox 1621 1515 1714 1567; x_wconf 87' lang='grc' dir='ltr'><strong>τοῦ</strong></span> <span class='ocrx_word' id='word_1_136' title='bbox 1738 1515 1871 1568; x_wconf 89' lang='grc' dir='ltr'>αἰῶ-</span> 
     </span>
    </p>
   </div>
   <div class='ocr_carea' id='block_1_18' title="bbox 291 1606 1872 1677">
    <p class='ocr_par' dir='ltr' id='par_1_18' title="bbox 291 1606 1872 1677">
     <span class='ocr_line' id='line_1_18' title="bbox 291 1606 1872 1677; baseline 0.002 -20"><span class='ocrx_word' id='word_1_137' title='bbox 291 1624 406 1669; x_wconf 84' lang='grc' dir='ltr'>νος,</span> <span class='ocrx_word' id='word_1_138' title='bbox 441 1627 460 1656; x_wconf 75' lang='grc' dir='ltr'><strong>ι</strong></span> <span class='ocrx_word' id='word_1_139' title='bbox 495 1609 580 1676; x_wconf 63' lang='grc' dir='ltr'><strong>ἐφ’</strong></span> <span class='ocrx_word' id='word_1_140' title='bbox 610 1606 672 1658; x_wconf 78' lang='grc' dir='ltr'>ὃν</span> <span class='ocrx_word' id='word_1_141' title='bbox 700 1607 794 1660; x_wconf 69' lang='grc' dir='ltr'>καὶ</span> <span class='ocrx_word' id='word_1_142' title='bbox 830 1609 857 1660; x_wconf 89' lang='lat'><strong>6</strong></span> <span class='ocrx_word' id='word_1_143' title='bbox 886 1609 1139 1661; x_wconf 75' lang='grc' dir='ltr'><strong>ἀνωτάτω</strong></span> <span class='ocrx_word' id='word_1_144' title='bbox 1168 1607 1273 1661; x_wconf 88' lang='grc' dir='ltr'><strong>τῶν</strong></span> <span class='ocrx_word' id='word_1_145' title='bbox 1304 1607 1442 1660; x_wconf 78' lang='grc' dir='ltr'>ὅλων</span> <span class='ocrx_word' id='word_1_146' title='bbox 1476 1608 1700 1677; x_wconf 79' lang='grc' dir='ltr'>ποιητὴς</span> <span class='ocrx_word' id='word_1_147' title='bbox 1742 1607 1872 1670; x_wconf 77' lang='grc' dir='ltr'>Θεὸς</span> 
     </span>
    </p>
   </div>
   <div class='ocr_carea' id='block_1_19' title="bbox 1970 410 3521 480">
    <p class='ocr_par' dir='ltr' id='par_1_19' title="bbox 1970 410 3521 480">
     <span class='ocr_line' id='line_1_19' title="bbox 1970 410 3521 480; baseline 0.001 -15"><span class='ocrx_word' id='word_1_148' title='bbox 1970 420 2128 465; x_wconf 72' lang='lat' dir='ltr'><strong>serta:</strong></span> <span class='ocrx_word' id='word_1_149' title='bbox 2157 410 2266 464; x_wconf 88' lang='lat' dir='ltr'><strong>sint</strong></span> <span class='ocrx_word' id='word_1_150' title='bbox 2297 410 2571 472; x_wconf 78' lang='lat' dir='ltr'><strong>civitates,</strong></span> <span class='ocrx_word' id='word_1_151' title='bbox 2599 425 2663 463; x_wconf 92' lang='lat' dir='ltr'><strong>eo</strong></span> <span class='ocrx_word' id='word_1_152' title='bbox 2692 410 2834 479; x_wconf 86' lang='lat' dir='ltr'><strong>quod</strong></span> <span class='ocrx_word' id='word_1_153' title='bbox 2873 425 2976 462; x_wconf 91' lang='lat' dir='ltr'><strong>non</strong></span> <span class='ocrx_word' id='word_1_154' title='bbox 3001 411 3071 464; x_wconf 90' lang='lat' dir='ltr'><strong>sit</strong></span> <span class='ocrx_word' id='word_1_155' title='bbox 3094 412 3186 480; x_wconf 86' lang='lat' dir='ltr'><strong>qui</strong></span> <span class='ocrx_word' id='word_1_156' title='bbox 3221 411 3484 466; x_wconf 81' lang='lat' dir='ltr'><strong>inhabitet</strong></span> <span class='ocrx_word' id='word_1_157' title='bbox 3511 435 3521 466; x_wconf 91' lang='grc'>;</span> 
     </span>
    </p>
   </div>
   <div class='ocr_carea' id='block_1_20' title="bbox 1967 502 3524 574">
    <p class='ocr_par' dir='ltr' id='par_1_20' title="bbox 1967 502 3524 574">
     <span class='ocr_line' id='line_1_20' title="bbox 1967 502 3524 574; baseline 0 -17"><span class='ocrx_word' id='word_1_158' title='bbox 1967 513 2020 557; x_wconf 93' lang='lat' dir='ltr'><strong>et</strong></span> <span class='ocrx_word' id='word_1_159' title='bbox 2053 502 2266 565; x_wconf 90' lang='lat' dir='ltr'><strong>domus,</strong></span> <span class='ocrx_word' id='word_1_160' title='bbox 2293 519 2358 557; x_wconf 86' lang='lat' dir='ltr'><strong>eo</strong></span> <span class='ocrx_word' id='word_1_161' title='bbox 2389 503 2531 574; x_wconf 82' lang='lat' dir='ltr'><strong>quod</strong></span> <span class='ocrx_word' id='word_1_162' title='bbox 2562 518 2670 556; x_wconf 88' lang='lat' dir='ltr'><strong>non</strong></span> <span class='ocrx_word' id='word_1_163' title='bbox 2721 503 2830 556; x_wconf 88' lang='lat' dir='ltr'><strong>sint</strong></span> <span class='ocrx_word' id='word_1_164' title='bbox 2858 503 3106 556; x_wconf 85' lang='lat' dir='ltr'><strong>homines</strong></span> <span class='ocrx_word' id='word_1_165' title='bbox 3134 502 3201 558; x_wconf 86' lang='grc'><strong>³⁸.</strong></span> <span class='ocrx_word' id='word_1_166' title='bbox 3237 523 3256 554; x_wconf 79' lang='grc' dir='ltr'><strong>ι</strong></span> <span class='ocrx_word' id='word_1_167' title='bbox 3285 505 3352 558; x_wconf 80' lang='lat' dir='ltr'><strong>At</strong></span> <span class='ocrx_word' id='word_1_168' title='bbox 3381 506 3524 560; x_wconf 87' lang='lat' dir='ltr'><strong>enim</strong></span> 
     </span>
    </p>
   </div>
   <div class='ocr_carea' id='block_1_21' title="bbox 1969 591 3525 664">
    <p class='ocr_par' dir='ltr' id='par_1_21' title="bbox 1969 591 3525 664">
     <span class='ocr_line' id='line_1_21' title="bbox 1969 591 3525 664; baseline 0.001 -16"><span class='ocrx_word' id='word_1_169' title='bbox 1969 609 2126 664; x_wconf 85' lang='lat' dir='ltr'><strong>quem</strong></span> <span class='ocrx_word' id='word_1_170' title='bbox 2187 593 2403 648; x_wconf 84' lang='lat' dir='ltr'><strong>tandem</strong></span> <span class='ocrx_word' id='word_1_171' title='bbox 2491 591 2774 646; x_wconf 90' lang='lat' dir='ltr'><strong>Dominum</strong></span> <span class='ocrx_word' id='word_1_172' title='bbox 2843 591 2926 645; x_wconf 78' lang='lat' dir='ltr'><strong>las</strong></span> <span class='ocrx_word' id='word_1_173' title='bbox 2973 600 3057 647; x_wconf 82' lang='lat' dir='ltr'><strong>est</strong></span> <span class='ocrx_word' id='word_1_174' title='bbox 3115 591 3300 650; x_wconf 80' lang='lat' dir='ltr'><strong>dicere</strong></span> <span class='ocrx_word' id='word_1_175' title='bbox 3351 597 3525 652; x_wconf 84' lang='lat' dir='ltr'><strong>visum</strong></span> 
     </span>
    </p>
   </div>
   <div class='ocr_carea' id='block_1_22' title="bbox 1971 684 3522 753">
    <p class='ocr_par' dir='ltr' id='par_1_22' title="bbox 1971 684 3522 753">
     <span class='ocr_line' id='line_1_22' title="bbox 1971 684 3522 753; baseline 0.003 -16"><span class='ocrx_word' id='word_1_176' title='bbox 1971 685 2138 738; x_wconf 80' lang='lat' dir='ltr'><strong>fuisse</strong></span> <span class='ocrx_word' id='word_1_177' title='bbox 2169 701 2198 738; x_wconf 86' lang='lat' dir='ltr'><strong>a</strong></span> <span class='ocrx_word' id='word_1_178' title='bbox 2239 684 2498 753; x_wconf 78' lang='lat' dir='ltr'><strong>propheta</strong></span> <span class='ocrx_word' id='word_1_179' title='bbox 2533 696 2723 752; x_wconf 74' lang='lat' dir='ltr'><strong>przeter</strong></span> <span class='ocrx_word' id='word_1_180' title='bbox 2745 699 2890 746; x_wconf 90' lang='lat' dir='ltr'><strong>eum,</strong></span> <span class='ocrx_word' id='word_1_181' title='bbox 2931 699 3090 753; x_wconf 88' lang='lat' dir='ltr'><strong>quem</strong></span> <span class='ocrx_word' id='word_1_182' title='bbox 3119 693 3173 739; x_wconf 91' lang='lat' dir='ltr'><strong>et</strong></span> <span class='ocrx_word' id='word_1_183' title='bbox 3205 684 3451 751; x_wconf 65' lang='lat' dir='ltr'><strong>Abraha,</strong></span> <span class='ocrx_word' id='word_1_184' title='bbox 3474 699 3522 744; x_wconf 88' lang='lat' dir='ltr'><strong>et</strong></span> 
     </span>
    </p>
   </div>
   <div class='ocr_carea' id='block_1_23' title="bbox 1972 772 3524 844">
    <p class='ocr_par' dir='ltr' id='par_1_23' title="bbox 1972 772 3524 844">
     <span class='ocr_line' id='line_1_23' title="bbox 1972 772 3524 844; baseline 0.005 -18"><span class='ocrx_word' id='word_1_185' title='bbox 1972 775 2192 844; x_wconf 84' lang='lat' dir='ltr'><strong>reliquis</strong></span> <span class='ocrx_word' id='word_1_186' title='bbox 2230 774 2458 828; x_wconf 77' lang='lat' dir='ltr'><strong>Abraha:</strong></span> <span class='ocrx_word' id='word_1_187' title='bbox 2497 772 2767 828; x_wconf 86' lang='lat' dir='ltr'><strong>similibus</strong></span> <span class='ocrx_word' id='word_1_188' title='bbox 2817 775 3012 843; x_wconf 86' lang='lat' dir='ltr'><strong>priscis</strong></span> <span class='ocrx_word' id='word_1_189' title='bbox 3063 776 3308 844; x_wconf 89' lang='lat' dir='ltr'><strong>patribus</strong></span> <span class='ocrx_word' id='word_1_190' title='bbox 3349 780 3524 834; x_wconf 85' lang='lat' dir='ltr'><strong>visum</strong></span> 
     </span>
    </p>
   </div>
   <div class='ocr_carea' id='block_1_24' title="bbox 1971 866 3527 939">
    <p class='ocr_par' dir='ltr' id='par_1_24' title="bbox 1971 866 3527 939">
     <span class='ocr_line' id='line_1_24' title="bbox 1971 866 3527 939; baseline 0.006 -20"><span class='ocrx_word' id='word_1_191' title='bbox 1971 866 2161 930; x_wconf 79' lang='lat' dir='ltr'><strong>fuisse,</strong></span> <span class='ocrx_word' id='word_1_192' title='bbox 2190 876 2244 922; x_wconf 93' lang='lat' dir='ltr'><strong>ct</strong></span> <span class='ocrx_word' id='word_1_193' title='bbox 2281 881 2406 920; x_wconf 90' lang='lat' dir='ltr'><strong>cum</strong></span> <span class='ocrx_word' id='word_1_194' title='bbox 2449 866 2638 921; x_wconf 88' lang='lat' dir='ltr'><strong>iisdem</strong></span> <span class='ocrx_word' id='word_1_195' title='bbox 2669 867 2907 921; x_wconf 88' lang='lat' dir='ltr'><strong>locutum</strong></span> <span class='ocrx_word' id='word_1_196' title='bbox 2937 882 3059 922; x_wconf 88' lang='lat' dir='ltr'><strong>esse</strong></span> <span class='ocrx_word' id='word_1_197' title='bbox 3083 907 3098 931; x_wconf 92' lang='lat'><strong>,</strong></span> <span class='ocrx_word' id='word_1_198' title='bbox 3148 868 3204 923; x_wconf 88' lang='lat' dir='ltr'><strong>in</strong></span> <span class='ocrx_word' id='word_1_199' title='bbox 3253 871 3527 939; x_wconf 87' lang='lat' dir='ltr'><strong>prioribus</strong></span> 
     </span>
    </p>
   </div>
   <div class='ocr_carea' id='block_1_25' title="bbox 1969 956 3528 1028">
    <p class='ocr_par' dir='ltr' id='par_1_25' title="bbox 1969 956 3528 1028">
     <span class='ocr_line' id='line_1_25' title="bbox 1969 956 3528 1028; baseline 0.004 -17"><span class='ocrx_word' id='word_1_200' title='bbox 1969 958 2122 1012; x_wconf 85' lang='lat' dir='ltr'><strong>libris</strong></span> <span class='ocrx_word' id='word_1_201' title='bbox 2172 958 2544 1013; x_wconf 86' lang='lat' dir='ltr'><strong>ostendimus?</strong></span> <span class='ocrx_word' id='word_1_202' title='bbox 2577 956 2730 1012; x_wconf 81' lang='lat' dir='ltr'><strong>Hth</strong></span> <span class='ocrx_word' id='word_1_203' title='bbox 2759 959 2901 1013; x_wconf 90' lang='lat' dir='ltr'><strong>enim</strong></span> <span class='ocrx_word' id='word_1_204' title='bbox 2938 961 3138 1028; x_wconf 88' lang='lat' dir='ltr'><strong>pariter</strong></span> <span class='ocrx_word' id='word_1_205' title='bbox 3177 969 3230 1015; x_wconf 92' lang='lat' dir='ltr'><strong>et</strong></span> <span class='ocrx_word' id='word_1_206' title='bbox 3272 959 3440 1017; x_wconf 86' lang='lat' dir='ltr'><strong>Deum</strong></span> <span class='ocrx_word' id='word_1_207' title='bbox 3474 974 3528 1019; x_wconf 86' lang='lat' dir='ltr'><strong>et</strong></span> 
     </span>
    </p>
   </div>
   <div class='ocr_carea' id='block_1_26' title="bbox 1972 1051 3528 1128">
    <p class='ocr_par' dir='ltr' id='par_1_26' title="bbox 1972 1051 3528 1128">
     <span class='ocr_line' id='line_1_26' title="bbox 1972 1051 3528 1128; baseline 0.003 -22"><span class='ocrx_word' id='word_1_208' title='bbox 1972 1051 2278 1118; x_wconf 88' lang='lat' dir='ltr'><strong>Dominum,</strong></span> <span class='ocrx_word' id='word_1_209' title='bbox 2301 1062 2354 1106; x_wconf 90' lang='lat' dir='ltr'><strong>et</strong></span> <span class='ocrx_word' id='word_1_210' title='bbox 2383 1053 2508 1107; x_wconf 90' lang='lat' dir='ltr'><strong>item</strong></span> <span class='ocrx_word' id='word_1_211' title='bbox 2534 1054 2786 1124; x_wconf 78' lang='lat' dir='ltr'><strong>angelum</strong></span> <span class='ocrx_word' id='word_1_212' title='bbox 2815 1070 2958 1119; x_wconf 89' lang='lat' dir='ltr'><strong>esse,</strong></span> <span class='ocrx_word' id='word_1_213' title='bbox 2991 1065 3044 1111; x_wconf 87' lang='lat' dir='ltr'><strong>et</strong></span> <span class='ocrx_word' id='word_1_214' title='bbox 3083 1056 3316 1125; x_wconf 87' lang='lat' dir='ltr'><strong>primum</strong></span> <span class='ocrx_word' id='word_1_215' title='bbox 3358 1057 3528 1128; x_wconf 85' lang='lat' dir='ltr'><strong>impe-</strong></span> 
     </span>
    </p>
   </div>
   <div class='ocr_carea' id='block_1_27' title="bbox 1972 1145 3528 1216">
    <p class='ocr_par' dir='ltr' id='par_1_27' title="bbox 1972 1145 3528 1216">
     <span class='ocr_line' id='line_1_27' title="bbox 1972 1145 3528 1216; baseline 0 -18"><span class='ocrx_word' id='word_1_216' title='bbox 1972 1147 2516 1216; x_wconf 68' lang='lat' dir='ltr'><strong>ratorenucopiarum</strong></span> <span class='ocrx_word' id='word_1_217' title='bbox 2555 1145 2799 1210; x_wconf 90' lang='lat' dir='ltr'><strong>Domini,</strong></span> <span class='ocrx_word' id='word_1_218' title='bbox 2833 1154 2990 1200; x_wconf 84' lang='lat' dir='ltr'><strong>antea</strong></span> <span class='ocrx_word' id='word_1_219' title='bbox 3027 1147 3334 1202; x_wconf 81' lang='lat' dir='ltr'><strong>didicimus.</strong></span> <span class='ocrx_word' id='word_1_220' title='bbox 3392 1147 3528 1202; x_wconf 86' lang='lat' dir='ltr'><strong>Cum</strong></span> 
     </span>
    </p>
   </div>
   <div class='ocr_carea' id='block_1_28' title="bbox 1971 1238 3530 1306">
    <p class='ocr_par' dir='ltr' id='par_1_28' title="bbox 1971 1238 3530 1306">
     <span class='ocr_line' id='line_1_28' title="bbox 1971 1238 3530 1306; baseline 0.001 -15"><span class='ocrx_word' id='word_1_221' title='bbox 1971 1252 2100 1306; x_wconf 78' lang='lat' dir='ltr'><strong>ergo</strong></span> <span class='ocrx_word' id='word_1_222' title='bbox 2151 1253 2388 1306; x_wconf 71' lang='lat' dir='ltr'><strong>praesens</strong></span> <span class='ocrx_word' id='word_1_223' title='bbox 2446 1239 2727 1292; x_wconf 89' lang='lat' dir='ltr'><strong>oraculum</strong></span> <span class='ocrx_word' id='word_1_224' title='bbox 2789 1248 2932 1294; x_wconf 85' lang='lat' dir='ltr'><strong>esset</strong></span> <span class='ocrx_word' id='word_1_225' title='bbox 2981 1238 3126 1293; x_wconf 93' lang='lat' dir='ltr'><strong>illius</strong></span> <span class='ocrx_word' id='word_1_226' title='bbox 3167 1238 3233 1291; x_wconf 89' lang='lat' dir='ltr'><strong>ad</strong></span> <span class='ocrx_word' id='word_1_227' title='bbox 3287 1238 3530 1293; x_wconf 89' lang='lat' dir='ltr'><strong>homines</strong></span> 
     </span>
    </p>
   </div>
   <div class='ocr_carea' id='block_1_29' title="bbox 1972 1328 3534 1398">
    <p class='ocr_par' dir='ltr' id='par_1_29' title="bbox 1972 1328 3534 1398">
     <span class='ocr_line' id='line_1_29' title="bbox 1972 1328 3534 1398; baseline 0 -15"><span class='ocrx_word' id='word_1_228' title='bbox 1972 1328 2472 1398; x_wconf 85' lang='lat' dir='ltr'><strong>commigrationem</strong></span> <span class='ocrx_word' id='word_1_229' title='bbox 2508 1329 2928 1398; x_wconf 60' lang='lat' dir='ltr'><strong>praedictorum,</strong></span> <span class='ocrx_word' id='word_1_230' title='bbox 2980 1328 3222 1382; x_wconf 81' lang='lat' dir='ltr'><strong>divinum</strong></span> <span class='ocrx_word' id='word_1_231' title='bbox 3255 1335 3410 1382; x_wconf 85' lang='lat' dir='ltr'><strong>antea</strong></span> <span class='ocrx_word' id='word_1_232' title='bbox 3467 1328 3534 1383; x_wconf 88' lang='lat' dir='ltr'><strong>il-</strong></span> 
     </span>
    </p>
   </div>
   <div class='ocr_carea' id='block_1_30' title="bbox 1973 1418 3531 1493">
    <p class='ocr_par' dir='ltr' id='par_1_30' title="bbox 1973 1418 3531 1493">
     <span class='ocr_line' id='line_1_30' title="bbox 1973 1418 3531 1493; baseline 0.002 -21"><span class='ocrx_word' id='word_1_233' title='bbox 1973 1418 2080 1475; x_wconf 90' lang='lat' dir='ltr'><strong>lius</strong></span> <span class='ocrx_word' id='word_1_234' title='bbox 2106 1435 2328 1491; x_wconf 81' lang='lat' dir='ltr'><strong>regnum</strong></span> <span class='ocrx_word' id='word_1_235' title='bbox 2359 1423 2778 1493; x_wconf 83' lang='lat' dir='ltr'><strong>contemplatur,</strong></span> <span class='ocrx_word' id='word_1_236' title='bbox 2811 1423 2898 1476; x_wconf 93' lang='lat' dir='ltr'><strong>ubi</strong></span> <span class='ocrx_word' id='word_1_237' title='bbox 2935 1424 3010 1476; x_wconf 89' lang='lat' dir='ltr'><strong>ait</strong></span> <span class='ocrx_word' id='word_1_238' title='bbox 3040 1438 3098 1476; x_wconf 92' lang='lat' dir='ltr'><strong>se</strong></span> <span class='ocrx_word' id='word_1_239' title='bbox 3137 1423 3340 1477; x_wconf 78' lang='lat' dir='ltr'><strong>vidisse</strong></span> <span class='ocrx_word' id='word_1_240' title='bbox 3381 1421 3531 1476; x_wconf 89' lang='lat' dir='ltr'><strong>illum</strong></span> 
     </span>
    </p>
   </div>
   <div class='ocr_carea' id='block_1_31' title="bbox 1975 1511 3534 1574">
    <p class='ocr_par' dir='ltr' id='par_1_31' title="bbox 1975 1511 3534 1574">
     <span class='ocr_line' id='line_1_31' title="bbox 1975 1511 3534 1574; baseline 0.001 -10"><span class='ocrx_word' id='word_1_241' title='bbox 1975 1511 2252 1565; x_wconf 89' lang='lat' dir='ltr'><strong>sedentem</strong></span> <span class='ocrx_word' id='word_1_242' title='bbox 2283 1513 2335 1565; x_wconf 91' lang='lat' dir='ltr'><strong>in</strong></span> <span class='ocrx_word' id='word_1_243' title='bbox 2378 1513 2516 1567; x_wconf 91' lang='lat' dir='ltr'><strong>solio</strong></span> <span class='ocrx_word' id='word_1_244' title='bbox 2548 1513 2781 1574; x_wconf 78' lang='lat' dir='ltr'><strong>excelso,</strong></span> <span class='ocrx_word' id='word_1_245' title='bbox 2814 1521 2866 1567; x_wconf 92' lang='lat' dir='ltr'><strong>et</strong></span> <span class='ocrx_word' id='word_1_246' title='bbox 2896 1513 3134 1567; x_wconf 80' lang='lat' dir='ltr'><strong>sublimi.</strong></span> <span class='ocrx_word' id='word_1_247' title='bbox 3193 1511 3305 1567; x_wconf 85' lang='lat' dir='ltr'><strong>Hoc</strong></span> <span class='ocrx_word' id='word_1_248' title='bbox 3354 1521 3534 1567; x_wconf 84' lang='lat' dir='ltr'><strong>autem</strong></span> 
     </span>
    </p>
   </div>
   <div class='ocr_carea' id='block_1_32' title="bbox 1975 1604 3535 1675">
    <p class='ocr_par' dir='ltr' id='par_1_32' title="bbox 1975 1604 3535 1675">
     <span class='ocr_line' id='line_1_32' title="bbox 1975 1604 3535 1675; baseline 0.002 -19"><span class='ocrx_word' id='word_1_249' title='bbox 1975 1604 2122 1659; x_wconf 89' lang='lat' dir='ltr'><strong>illius</strong></span> <span class='ocrx_word' id='word_1_250' title='bbox 2149 1604 2344 1659; x_wconf 87' lang='lat' dir='ltr'><strong>solium</strong></span> <span class='ocrx_word' id='word_1_251' title='bbox 2383 1605 2512 1659; x_wconf 89' lang='lat' dir='ltr'><strong>illud</strong></span> <span class='ocrx_word' id='word_1_252' title='bbox 2540 1621 2661 1661; x_wconf 90' lang='lat' dir='ltr'><strong>esse</strong></span> <span class='ocrx_word' id='word_1_253' title='bbox 2685 1606 3104 1660; x_wconf 75' lang='lat' dir='ltr'><strong>existimandum</strong></span> <span class='ocrx_word' id='word_1_254' title='bbox 3148 1614 3251 1672; x_wconf 87' lang='lat' dir='ltr'><strong>est,</strong></span> <span class='ocrx_word' id='word_1_255' title='bbox 3284 1605 3426 1675; x_wconf 87' lang='lat' dir='ltr'><strong>quod</strong></span> <span class='ocrx_word' id='word_1_256' title='bbox 3481 1605 3535 1659; x_wconf 91' lang='lat' dir='ltr'><strong>in</strong></span> 
     </span>
    </p>
   </div>
   <div class='ocr_carea' id='block_1_33' title="bbox 291 1693 1876 1769">
    <p class='ocr_par' dir='ltr' id='par_1_33' title="bbox 291 1697 1870 1769">
     <span class='ocr_line' id='line_1_33' title="bbox 291 1697 1870 1769; baseline 0 -19"><span class='ocrx_word' id='word_1_257' title='bbox 291 1699 487 1768; x_wconf 73' lang='grc' dir='ltr'>Πατήρ</span> <span class='ocrx_word' id='word_1_258' title='bbox 515 1714 576 1750; x_wconf 89' lang='grc' dir='ltr'><strong>τε</strong></span> <span class='ocrx_word' id='word_1_259' title='bbox 623 1698 789 1750; x_wconf 75' lang='grc' dir='ltr'>αὑτοῦ</span> <span class='ocrx_word' id='word_1_260' title='bbox 821 1699 895 1760; x_wconf 82' lang='grc' dir='ltr'><strong>ὡς</strong></span> <span class='ocrx_word' id='word_1_261' title='bbox 933 1699 997 1751; x_wconf 79' lang='grc' dir='ltr'>ἂν</span> <span class='ocrx_word' id='word_1_262' title='bbox 1033 1701 1310 1768; x_wconf 84' lang='grc' dir='ltr'>μονογενεῖ</span> <span class='ocrx_word' id='word_1_263' title='bbox 1339 1699 1432 1752; x_wconf 74' lang='grc' dir='ltr'><strong>καὶ</strong></span> <span class='ocrx_word' id='word_1_264' title='bbox 1465 1697 1733 1769; x_wconf 80' lang='grc' dir='ltr'>ἀγαπητῷ</span> <span class='ocrx_word' id='word_1_265' title='bbox 1771 1716 1870 1752; x_wconf 88' lang='grc' dir='ltr'>κα-</span> 
     </span>
    </p>
   </div>
   <div class='ocr_carea' id='block_1_34' title="bbox 1979 1693 3532 1769">
    <p class='ocr_par' dir='ltr' id='par_1_34' title="bbox 1979 1693 3532 1752">
     <span class='ocr_line' id='line_1_34' title="bbox 1979 1693 3532 1752; baseline 0.002 -4"><span class='ocrx_word' id='word_1_266' title='bbox 1979 1693 2187 1750; x_wconf 86' lang='lat' dir='ltr'><strong>Psalmo</strong></span> <span class='ocrx_word' id='word_1_267' title='bbox 2239 1697 2306 1751; x_wconf 91' lang='lat' dir='ltr'><strong>de</strong></span> <span class='ocrx_word' id='word_1_268' title='bbox 2349 1697 2548 1751; x_wconf 87' lang='lat' dir='ltr'><strong>dilecto</strong></span> <span class='ocrx_word' id='word_1_269' title='bbox 2599 1705 2879 1752; x_wconf 88' lang='lat' dir='ltr'><strong>ostensmn</strong></span> <span class='ocrx_word' id='word_1_270' title='bbox 2921 1707 3023 1752; x_wconf 84' lang='lat' dir='ltr'><strong>est.</strong></span> <span class='ocrx_word' id='word_1_271' title='bbox 3059 1697 3112 1750; x_wconf 93' lang='lat' dir='ltr'><strong>in</strong></span> <span class='ocrx_word' id='word_1_272' title='bbox 3162 1697 3269 1750; x_wconf 85' lang='lat' dir='ltr'><strong>illis</strong></span> <span class='ocrx_word' id='word_1_273' title='bbox 3315 1698 3532 1752; x_wconf 68' lang='lat' dir='ltr'><strong>verbis:</strong></span> 
     </span>
    </p>
   </div>
   <div class='ocr_carea' id='block_1_35' title="bbox 291 1785 1872 1857">
    <p class='ocr_par' dir='ltr' id='par_1_35' title="bbox 291 1785 1872 1857">
     <span class='ocr_line' id='line_1_35' title="bbox 291 1785 1872 1857; baseline -0.001 -17"><span class='ocrx_word' id='word_1_274' title='bbox 291 1787 543 1851; x_wconf 76' lang='grc' dir='ltr'>θέζεσ-θαι</span> <span class='ocrx_word' id='word_1_275' title='bbox 594 1788 1011 1857; x_wconf 86' lang='grc' dir='ltr'>παρεκελεύετο,</span> <span class='ocrx_word' id='word_1_276' title='bbox 1059 1787 1261 1855; x_wconf 84' lang='grc' dir='ltr'>λέγων·</span> <span class='ocrx_word' id='word_1_277' title='bbox 1303 1807 1320 1837; x_wconf 74' lang='grc' dir='ltr'><strong>ι</strong></span> <span class='ocrx_word' id='word_1_278' title='bbox 1360 1785 1538 1840; x_wconf 83' lang='grc' dir='ltr'>Κάθου</span> <span class='ocrx_word' id='word_1_279' title='bbox 1581 1791 1644 1840; x_wconf 82' lang='grc' dir='ltr'>ὲκ</span> <span class='ocrx_word' id='word_1_280' title='bbox 1687 1786 1872 1853; x_wconf 78' lang='grc' dir='ltr'>δεξιῶν</span> 
     </span>
    </p>
   </div>
   <div class='ocr_carea' id='block_1_36' title="bbox 304 1876 1871 1949">
    <p class='ocr_par' dir='ltr' id='par_1_36' title="bbox 304 1876 1871 1949">
     <span class='ocr_line' id='line_1_36' title="bbox 304 1876 1871 1949; baseline 0.001 -21"><span class='ocrx_word' id='word_1_281' title='bbox 304 1895 417 1948; x_wconf 75' lang='grc' dir='ltr'>μου,</span> <span class='ocrx_word' id='word_1_282' title='bbox 441 1878 556 1940; x_wconf 77' lang='grc' dir='ltr'>ἕως</span> <span class='ocrx_word' id='word_1_283' title='bbox 581 1877 653 1930; x_wconf 80' lang='grc' dir='ltr'>ἂν</span> <span class='ocrx_word' id='word_1_284' title='bbox 684 1876 762 1928; x_wconf 90' lang='grc' dir='ltr'><strong>θῶ</strong></span> <span class='ocrx_word' id='word_1_285' title='bbox 796 1879 921 1941; x_wconf 69' lang='grc' dir='ltr'>τοὺς</span> <span class='ocrx_word' id='word_1_286' title='bbox 951 1878 1170 1949; x_wconf 76' lang='grc' dir='ltr'>ἐχθρούς</span> <span class='ocrx_word' id='word_1_287' title='bbox 1201 1894 1291 1931; x_wconf 90' lang='grc' dir='ltr'><strong>σου</strong></span> <span class='ocrx_word' id='word_1_288' title='bbox 1323 1878 1610 1932; x_wconf 81' lang='grc' dir='ltr'>ὑποπόδιον</span> <span class='ocrx_word' id='word_1_289' title='bbox 1637 1877 1742 1931; x_wconf 90' lang='grc' dir='ltr'><strong>τῶν</strong></span> <span class='ocrx_word' id='word_1_290' title='bbox 1774 1895 1871 1930; x_wconf 85' lang='grc' dir='ltr'>πο-</span> 
     </span>
    </p>
   </div>
   <div class='ocr_carea' id='block_1_37' title="bbox 293 1969 1872 2040">
    <p class='ocr_par' dir='ltr' id='par_1_37' title="bbox 293 1969 1872 2040">
     <span class='ocr_line' id='line_1_37' title="bbox 293 1969 1872 2040; baseline -0.001 -19"><span class='ocrx_word' id='word_1_291' title='bbox 293 1969 396 2022; x_wconf 77' lang='grc' dir='ltr'><strong>δῶν</strong></span> <span class='ocrx_word' id='word_1_292' title='bbox 422 1985 536 2021; x_wconf 86' lang='grc' dir='ltr'>σου.</span> <span class='ocrx_word' id='word_1_293' title='bbox 585 1989 606 2021; x_wconf 73' lang='grc' dir='ltr'>δ</span> <span class='ocrx_word' id='word_1_294' title='bbox 641 1970 927 2038; x_wconf 82' lang='grc' dir='ltr'>Συνίστησι</span> <span class='ocrx_word' id='word_1_295' title='bbox 977 1969 1032 2022; x_wconf 76' lang='grc' dir='ltr'><strong>δὲ</strong></span> <span class='ocrx_word' id='word_1_296' title='bbox 1063 1970 1261 2040; x_wconf 81' lang='grc' dir='ltr'>ταύτην</span> <span class='ocrx_word' id='word_1_297' title='bbox 1301 1969 1455 2040; x_wconf 76' lang='grc' dir='ltr'>ἡμῶν</span> <span class='ocrx_word' id='word_1_298' title='bbox 1496 1970 1595 2040; x_wconf 78' lang='grc' dir='ltr'>τὴν</span> <span class='ocrx_word' id='word_1_299' title='bbox 1640 1971 1720 2033; x_wconf 87' lang='grc' dir='ltr'><strong>είς</strong></span> <span class='ocrx_word' id='word_1_300' title='bbox 1751 1970 1872 2032; x_wconf 71' lang='grc' dir='ltr'>τοὺς</span> 
     </span>
    </p>
   </div>
   <div class='ocr_carea' id='block_1_38' title="bbox 287 2061 1875 2132">
    <p class='ocr_par' dir='ltr' id='par_1_38' title="bbox 287 2061 1875 2132">
     <span class='ocr_line' id='line_1_38' title="bbox 287 2061 1875 2132; baseline 0 -19"><span class='ocrx_word' id='word_1_301' title='bbox 287 2063 487 2124; x_wconf 71' lang='grc' dir='ltr'>τόπους</span> <span class='ocrx_word' id='word_1_302' title='bbox 514 2062 824 2132; x_wconf 73' lang='grc' dir='ltr'><strong>ἑρμηνείαν</strong></span> <span class='ocrx_word' id='word_1_303' title='bbox 869 2061 1115 2130; x_wconf 79' lang='grc' dir='ltr'>Ἰωάννης</span> <span class='ocrx_word' id='word_1_304' title='bbox 1146 2062 1174 2113; x_wconf 88' lang='grc' dir='ltr'>ὁ</span> <span class='ocrx_word' id='word_1_305' title='bbox 1209 2061 1625 2132; x_wconf 73' lang='grc' dir='ltr'>Εὑαγγελιστὴς,</span> <span class='ocrx_word' id='word_1_306' title='bbox 1659 2062 1737 2125; x_wconf 79' lang='grc' dir='ltr'>ὃς,</span> <span class='ocrx_word' id='word_1_307' title='bbox 1771 2079 1875 2116; x_wconf 85' lang='grc' dir='ltr'>πα-</span> 
     </span>
    </p>
   </div>
   <div class='ocr_carea' id='block_1_39' title="bbox 285 2150 1875 2222">
    <p class='ocr_par' dir='ltr' id='par_1_39' title="bbox 285 2150 1875 2222">
     <span class='ocr_line' id='line_1_39' title="bbox 285 2150 1875 2222; baseline 0.004 -21"><span class='ocrx_word' id='word_1_308' title='bbox 652 2150 752 2214; x_wconf 58' lang='lat' dir='ltr'><strong>ei;</strong></span> <span class='ocrx_word' id='word_1_309' title='bbox 797 2151 1156 2221; x_wconf 74' lang='grc' dir='ltr'>προκειμένας</span> <span class='ocrx_word' id='word_1_310' title='bbox 1190 2150 1282 2205; x_wconf 83' lang='grc' dir='ltr'><strong>τοῦ</strong></span> <span class='ocrx_word' id='word_1_311' title='bbox 1330 2153 1549 2206; x_wconf 74' lang='grc' dir='ltr'>Ἡσαΐου</span> <span class='ocrx_word' id='word_1_312' title='bbox 1580 2156 1780 2222; x_wconf 78' lang='grc' dir='ltr'>φωνὰς,</span> <span class='ocrx_word' id='word_1_313' title='bbox 1819 2158 1875 2208; x_wconf 80' lang='grc' dir='ltr'>ὲν</span> 
     </span>
    </p>
   </div>
   <div class='ocr_carea' id='block_1_40' title="bbox 285 2235 1875 2314">
    <p class='ocr_par' dir='ltr' id='par_1_40' title="bbox 285 2235 1875 2314">
     <span class='ocr_line' id='line_1_40' title="bbox 285 2235 1875 2314; baseline 0.004 -20"><span class='ocrx_word' id='word_1_314' title='bbox 285 2235 375 2303; x_wconf 72' lang='grc' dir='ltr'>αἷς</span> <span class='ocrx_word' id='word_1_315' title='bbox 408 2243 630 2310; x_wconf 75' lang='grc' dir='ltr'>εἴρητοο</span> <span class='ocrx_word' id='word_1_316' title='bbox 667 2262 685 2292; x_wconf 75' lang='grc' dir='ltr'><strong>ι</strong></span> <span class='ocrx_word' id='word_1_317' title='bbox 733 2241 1037 2312; x_wconf 84' lang='grc' dir='ltr'>Ἐπαχύνθη</span> <span class='ocrx_word' id='word_1_318' title='bbox 1061 2244 1167 2314; x_wconf 81' lang='grc' dir='ltr'><strong>γὰρ</strong></span> <span class='ocrx_word' id='word_1_319' title='bbox 1198 2246 1230 2312; x_wconf 83' lang='grc' dir='ltr'>ἡ</span> <span class='ocrx_word' id='word_1_320' title='bbox 1259 2245 1453 2312; x_wconf 78' lang='grc' dir='ltr'>καρδία</span> <span class='ocrx_word' id='word_1_321' title='bbox 1481 2244 1573 2299; x_wconf 92' lang='grc' dir='ltr'><strong>τοῦ</strong></span> <span class='ocrx_word' id='word_1_322' title='bbox 1600 2245 1727 2299; x_wconf 89' lang='grc' dir='ltr'>λαοῦ</span> <span class='ocrx_word' id='word_1_323' title='bbox 1755 2247 1875 2300; x_wconf 85' lang='grc' dir='ltr'>τού-</span> 
     </span>
    </p>
   </div>
   <div class='ocr_carea' id='block_1_41' title="bbox 285 2333 1875 2407">
    <p class='ocr_par' dir='ltr' id='par_1_41' title="bbox 285 2333 1875 2407">
     <span class='ocr_line' id='line_1_41' title="bbox 285 2333 1875 2407; baseline 0.004 -21"><span class='ocrx_word' id='word_1_324' title='bbox 285 2351 404 2395; x_wconf 83' lang='grc' dir='ltr'>του,</span> <span class='ocrx_word' id='word_1_325' title='bbox 445 2334 546 2386; x_wconf 76' lang='grc' dir='ltr'><strong>καί</strong></span> <span class='ocrx_word' id='word_1_326' title='bbox 589 2336 706 2396; x_wconf 85' lang='grc' dir='ltr'>τοῖς</span> <span class='ocrx_word' id='word_1_327' title='bbox 737 2333 870 2386; x_wconf 77' lang='grc' dir='ltr'>ὠσὶν</span> <span class='ocrx_word' id='word_1_328' title='bbox 898 2335 1072 2387; x_wconf 81' lang='grc' dir='ltr'>αὐτῶν</span> <span class='ocrx_word' id='word_1_329' title='bbox 1108 2335 1316 2407; x_wconf 77' lang='grc' dir='ltr'>βαρέως</span> <span class='ocrx_word' id='word_1_330' title='bbox 1347 2337 1602 2406; x_wconf 75' lang='grc' dir='ltr'>ἤκουσαν,</span> <span class='ocrx_word' id='word_1_331' title='bbox 1631 2339 1724 2391; x_wconf 78' lang='grc' dir='ltr'>καὶ</span> <span class='ocrx_word' id='word_1_332' title='bbox 1754 2339 1875 2403; x_wconf 77' lang='grc' dir='ltr'>τοὺς</span> 
     </span>
    </p>
   </div>
   <div class='ocr_carea' id='block_1_42' title="bbox 283 2424 1874 2502">
    <p class='ocr_par' dir='ltr' id='par_1_42' title="bbox 283 2424 1874 2502">
     <span class='ocr_line' id='line_1_42' title="bbox 283 2424 1874 2502; baseline 0.005 -27"><span class='ocrx_word' id='word_1_333' title='bbox 283 2425 617 2496; x_wconf 51' lang='grc' dir='ltr'>ὀφθαλμοὺς</span> <span class='ocrx_word' id='word_1_334' title='bbox 651 2424 832 2478; x_wconf 74' lang='grc' dir='ltr'>αὐτῶν</span> <span class='ocrx_word' id='word_1_335' title='bbox 875 2425 1218 2497; x_wconf 74' lang='grc' dir='ltr'><strong>ἐκάμμυσαν,</strong></span> <span class='ocrx_word' id='word_1_336' title='bbox 1259 2449 1277 2479; x_wconf 74' lang='grc' dir='ltr'><strong>ι</strong></span> <span class='ocrx_word' id='word_1_337' title='bbox 1311 2430 1564 2501; x_wconf 76' lang='grc' dir='ltr'>ἐπιφέρει</span> <span class='ocrx_word' id='word_1_338' title='bbox 1611 2432 1738 2502; x_wconf 83' lang='grc' dir='ltr'><strong>περὶ</strong></span> <span class='ocrx_word' id='word_1_339' title='bbox 1781 2430 1874 2483; x_wconf 90' lang='grc' dir='ltr'><strong>τοῦ</strong></span> 
     </span>
    </p>
   </div>
   <div class='ocr_carea' id='block_1_43' title="bbox 289 2517 1876 2590">
    <p class='ocr_par' dir='ltr' id='par_1_43' title="bbox 289 2517 1876 2590">
     <span class='ocr_line' id='line_1_43' title="bbox 289 2517 1876 2590; baseline 0.004 -22"><span class='ocrx_word' id='word_1_340' title='bbox 289 2517 538 2576; x_wconf 60' lang='grc' dir='ltr'>Χριστοῦ</span> <span class='ocrx_word' id='word_1_341' title='bbox 570 2519 768 2585; x_wconf 80' lang='grc' dir='ltr'>λέγων·</span> <span class='ocrx_word' id='word_1_342' title='bbox 801 2541 816 2570; x_wconf 77' lang='grc' dir='ltr'><strong>ι</strong></span> <span class='ocrx_word' id='word_1_343' title='bbox 856 2518 1036 2572; x_wconf 82' lang='grc' dir='ltr'>Ταῦτα</span> <span class='ocrx_word' id='word_1_344' title='bbox 1066 2517 1214 2573; x_wconf 72' lang='grc' dir='ltr'>εἶπεν</span> <span class='ocrx_word' id='word_1_345' title='bbox 1255 2521 1498 2586; x_wconf 76' lang='grc' dir='ltr'>Ἡσαΐας,</span> <span class='ocrx_word' id='word_1_346' title='bbox 1527 2523 1614 2576; x_wconf 82' lang='grc' dir='ltr'>ὅτε</span> <span class='ocrx_word' id='word_1_347' title='bbox 1645 2519 1752 2576; x_wconf 80' lang='grc' dir='ltr'>εἶδε</span> <span class='ocrx_word' id='word_1_348' title='bbox 1779 2524 1876 2590; x_wconf 73' lang='grc' dir='ltr'>τὴν</span> 
     </span>
    </p>
   </div>
   <div class='ocr_carea' id='block_1_44' title="bbox 285 2606 1877 2691">
    <p class='ocr_par' dir='ltr' id='par_1_44' title="bbox 285 2606 1877 2691">
     <span class='ocr_line' id='line_1_44' title="bbox 285 2606 1877 2691; baseline 0.009 -32"><span class='ocrx_word' id='word_1_349' title='bbox 285 2606 450 2675; x_wconf 70' lang='grc' dir='ltr'>δόξαν</span> <span class='ocrx_word' id='word_1_350' title='bbox 479 2611 678 2674; x_wconf 73' lang='grc' dir='ltr'>αὑτοῦ,</span> <span class='ocrx_word' id='word_1_351' title='bbox 717 2614 807 2666; x_wconf 72' lang='grc' dir='ltr'>καὶ</span> <span class='ocrx_word' id='word_1_352' title='bbox 836 2615 1179 2686; x_wconf 76' lang='grc' dir='ltr'><strong>ἐμαρτύρησε</strong></span> <span class='ocrx_word' id='word_1_353' title='bbox 1217 2618 1343 2688; x_wconf 81' lang='grc' dir='ltr'>περὶ</span> <span class='ocrx_word' id='word_1_354' title='bbox 1365 2617 1546 2670; x_wconf 76' lang='grc' dir='ltr'>αὐτοῦ.</span> <span class='ocrx_word' id='word_1_355' title='bbox 1580 2639 1599 2670; x_wconf 70' lang='grc' dir='ltr'><strong>ι</strong></span> <span class='ocrx_word' id='word_1_356' title='bbox 1650 2618 1792 2672; x_wconf 81' lang='grc' dir='ltr'>Ἰδὼν</span> <span class='ocrx_word' id='word_1_357' title='bbox 1813 2621 1877 2691; x_wconf 83' lang='grc' dir='ltr'><strong>δὴ</strong></span> 
     </span>
    </p>
   </div>
   <div class='ocr_carea' id='block_1_45' title="bbox 292 2696 1878 2782">
    <p class='ocr_par' dir='ltr' id='par_1_45' title="bbox 292 2696 1878 2782">
     <span class='ocr_line' id='line_1_45' title="bbox 292 2696 1878 2782; baseline 0.008 -30"><span class='ocrx_word' id='word_1_358' title='bbox 292 2696 389 2752; x_wconf 72' lang='grc' dir='ltr'>οὖν</span> <span class='ocrx_word' id='word_1_359' title='bbox 428 2703 459 2754; x_wconf 78' lang='grc' dir='ltr'>ὁ</span> <span class='ocrx_word' id='word_1_360' title='bbox 511 2713 805 2774; x_wconf 60' lang='grc' dir='ltr'>προφητης</span> <span class='ocrx_word' id='word_1_361' title='bbox 847 2706 944 2775; x_wconf 76' lang='grc' dir='ltr'>τὴν</span> <span class='ocrx_word' id='word_1_362' title='bbox 987 2707 1076 2758; x_wconf 72' lang='grc' dir='ltr'><strong>ἐπὶ</strong></span> <span class='ocrx_word' id='word_1_363' title='bbox 1117 2706 1209 2760; x_wconf 85' lang='grc' dir='ltr'><strong>τοῦ</strong></span> <span class='ocrx_word' id='word_1_364' title='bbox 1259 2709 1522 2779; x_wconf 76' lang='grc' dir='ltr'>πατρικοῦ</span> <span class='ocrx_word' id='word_1_365' title='bbox 1563 2710 1750 2781; x_wconf 83' lang='grc' dir='ltr'>θρόνου</span> <span class='ocrx_word' id='word_1_366' title='bbox 1781 2711 1878 2782; x_wconf 83' lang='grc' dir='ltr'>τῆς</span> 
     </span>
    </p>
   </div>
   <div class='ocr_carea' id='block_1_46' title="bbox 289 2793 1878 2875">
    <p class='ocr_par' dir='ltr' id='par_1_46' title="bbox 289 2793 1878 2875">
     <span class='ocr_line' id='line_1_46' title="bbox 289 2793 1878 2875; baseline 0.008 -31"><span class='ocrx_word' id='word_1_367' title='bbox 289 2793 484 2846; x_wconf 76' lang='grc' dir='ltr'>ἐνθέου</span> <span class='ocrx_word' id='word_1_368' title='bbox 521 2794 687 2864; x_wconf 74' lang='grc' dir='ltr'>δόξης</span> <span class='ocrx_word' id='word_1_369' title='bbox 717 2813 776 2848; x_wconf 90' lang='grc' dir='ltr'><strong>τε</strong></span> <span class='ocrx_word' id='word_1_370' title='bbox 818 2798 909 2849; x_wconf 76' lang='grc' dir='ltr'>καὶ</span> <span class='ocrx_word' id='word_1_371' title='bbox 945 2797 1216 2866; x_wconf 74' lang='grc' dir='ltr'>βασιλείας</span> <span class='ocrx_word' id='word_1_372' title='bbox 1263 2801 1467 2872; x_wconf 81' lang='grc' dir='ltr'>ἵδρυσιν</span> <span class='ocrx_word' id='word_1_373' title='bbox 1500 2802 1593 2856; x_wconf 91' lang='grc' dir='ltr'><strong>τοῦ</strong></span> <span class='ocrx_word' id='word_1_374' title='bbox 1629 2805 1878 2875; x_wconf 81' lang='grc' dir='ltr'>Σωτῆρος</span> 
     </span>
    </p>
   </div>
   <div class='ocr_carea' id='block_1_47' title="bbox 293 2884 1878 2963">
    <p class='ocr_par' dir='ltr' id='par_1_47' title="bbox 293 2884 1878 2963">
     <span class='ocr_line' id='line_1_47' title="bbox 293 2884 1878 2963; baseline 0.006 -26"><span class='ocrx_word' id='word_1_375' title='bbox 293 2884 480 2953; x_wconf 75' lang='grc' dir='ltr'>ἡμῶν,</span> <span class='ocrx_word' id='word_1_376' title='bbox 509 2885 592 2956; x_wconf 83' lang='grc' dir='ltr'><strong>τῷ</strong></span> <span class='ocrx_word' id='word_1_377' title='bbox 618 2903 678 2938; x_wconf 89' lang='grc' dir='ltr'><strong>τε</strong></span> <span class='ocrx_word' id='word_1_378' title='bbox 708 2888 846 2958; x_wconf 80' lang='grc' dir='ltr'>ἁγίῳ</span> <span class='ocrx_word' id='word_1_379' title='bbox 871 2888 1182 2954; x_wconf 74' lang='grc' dir='ltr'>ἐπιθειάσας</span> <span class='ocrx_word' id='word_1_380' title='bbox 1214 2891 1512 2962; x_wconf 84' lang='grc' dir='ltr'>Πνεύματι,</span> <span class='ocrx_word' id='word_1_381' title='bbox 1547 2895 1638 2947; x_wconf 72' lang='grc' dir='ltr'><strong>καὶ</strong></span> <span class='ocrx_word' id='word_1_382' title='bbox 1672 2893 1878 2963; x_wconf 84' lang='grc' dir='ltr'>μέλλων</span> 
     </span>
    </p>
   </div>
   <div class='ocr_carea' id='block_1_48' title="bbox 295 2980 1878 3060">
    <p class='ocr_par' dir='ltr' id='par_1_48' title="bbox 295 2980 1878 3060">
     <span class='ocr_line' id='line_1_48' title="bbox 295 2980 1878 3060; baseline 0.007 -30"><span class='ocrx_word' id='word_1_383' title='bbox 295 2980 428 3052; x_wconf 73' lang='grc' dir='ltr'>ἑξῆς</span> <span class='ocrx_word' id='word_1_384' title='bbox 467 2982 570 3050; x_wconf 71' lang='grc' dir='ltr'>τὴν</span> <span class='ocrx_word' id='word_1_385' title='bbox 622 2983 706 3044; x_wconf 88' lang='grc' dir='ltr'><strong>είς</strong></span> <span class='ocrx_word' id='word_1_386' title='bbox 761 2982 1075 3053; x_wconf 84' lang='grc' dir='ltr'>ἀνθρώπους</span> <span class='ocrx_word' id='word_1_387' title='bbox 1130 2985 1293 3038; x_wconf 85' lang='grc' dir='ltr'>αὐτοῦ</span> <span class='ocrx_word' id='word_1_388' title='bbox 1338 2987 1599 3057; x_wconf 83' lang='grc' dir='ltr'>πάροδον,</span> <span class='ocrx_word' id='word_1_389' title='bbox 1655 2989 1747 3042; x_wconf 75' lang='grc' dir='ltr'><strong>καὶ</strong></span> <span class='ocrx_word' id='word_1_390' title='bbox 1781 2988 1878 3060; x_wconf 80' lang='grc' dir='ltr'>τὴν</span> 
     </span>
    </p>
   </div>
   <div class='ocr_carea' id='block_1_49' title="bbox 299 3070 1876 3152">
    <p class='ocr_par' dir='ltr' id='par_1_49' title="bbox 299 3070 1876 3152">
     <span class='ocr_line' id='line_1_49' title="bbox 299 3070 1876 3152; baseline 0.008 -32"><span class='ocrx_word' id='word_1_391' title='bbox 299 3071 368 3121; x_wconf 77' lang='grc' dir='ltr'>ὲκ</span> <span class='ocrx_word' id='word_1_392' title='bbox 407 3070 698 3141; x_wconf 79' lang='grc' dir='ltr'>Παρθένου</span> <span class='ocrx_word' id='word_1_393' title='bbox 742 3074 991 3144; x_wconf 80' lang='grc' dir='ltr'>γέννησιν</span> <span class='ocrx_word' id='word_1_394' title='bbox 1036 3074 1385 3147; x_wconf 67' lang='grc' dir='ltr'>ὑπογράφειν,</span> <span class='ocrx_word' id='word_1_395' title='bbox 1434 3079 1876 3152; x_wconf 85' lang='grc' dir='ltr'>προμαρτύρεται</span> 
     </span>
    </p>
   </div>
   <div class='ocr_carea' id='block_1_50' title="bbox 299 3159 1876 3237">
    <p class='ocr_par' dir='ltr' id='par_1_50' title="bbox 299 3159 1876 3237">
     <span class='ocr_line' id='line_1_50' title="bbox 299 3159 1876 3237; baseline 0.008 -27"><span class='ocrx_word' id='word_1_396' title='bbox 299 3159 406 3230; x_wconf 74' lang='grc' dir='ltr'>τὴν</span> <span class='ocrx_word' id='word_1_397' title='bbox 431 3163 513 3224; x_wconf 86' lang='grc' dir='ltr'><strong>είς</strong></span> <span class='ocrx_word' id='word_1_398' title='bbox 547 3163 733 3214; x_wconf 77' lang='grc' dir='ltr'>πᾶσαν</span> <span class='ocrx_word' id='word_1_399' title='bbox 765 3163 862 3234; x_wconf 75' lang='grc' dir='ltr'>τὴν</span> <span class='ocrx_word' id='word_1_400' title='bbox 887 3164 988 3234; x_wconf 85' lang='grc' dir='ltr'>γῆν</span> <span class='ocrx_word' id='word_1_401' title='bbox 1028 3165 1323 3235; x_wconf 86' lang='grc' dir='ltr'>μέλλουσαν</span> <span class='ocrx_word' id='word_1_402' title='bbox 1348 3168 1561 3221; x_wconf 78' lang='grc' dir='ltr'>ἔσεσθαι</span> <span class='ocrx_word' id='word_1_403' title='bbox 1593 3169 1791 3237; x_wconf 82' lang='grc' dir='ltr'>γνῶσίν</span> <span class='ocrx_word' id='word_1_404' title='bbox 1818 3187 1876 3223; x_wconf 88' lang='grc' dir='ltr'><strong>τε</strong></span> 
     </span>
    </p>
   </div>
   <div class='ocr_carea' id='block_1_51' title="bbox 303 3253 1878 3328">
    <p class='ocr_par' dir='ltr' id='par_1_51' title="bbox 303 3253 1878 3328">
     <span class='ocr_line' id='line_1_51' title="bbox 303 3253 1878 3328; baseline 0.008 -26"><span class='ocrx_word' id='word_1_405' title='bbox 303 3253 402 3303; x_wconf 78' lang='grc' dir='ltr'>καὶ</span> <span class='ocrx_word' id='word_1_406' title='bbox 419 3253 754 3322; x_wconf 79' lang='grc' dir='ltr'>δοξολογίαν,</span> <span class='ocrx_word' id='word_1_407' title='bbox 774 3253 846 3308; x_wconf 82' lang='grc' dir='ltr'><strong>τά</strong></span> <span class='ocrx_word' id='word_1_408' title='bbox 876 3257 1112 3328; x_wconf 75' lang='grc' dir='ltr'>σεραφὶμ</span> <span class='ocrx_word' id='word_1_409' title='bbox 1139 3258 1370 3325; x_wconf 76' lang='grc' dir='ltr'>εἰσάγων</span> <span class='ocrx_word' id='word_1_410' title='bbox 1391 3259 1688 3314; x_wconf 87' lang='grc' dir='ltr'>κυκλοῦντα</span> <span class='ocrx_word' id='word_1_411' title='bbox 1716 3262 1878 3315; x_wconf 73' lang='grc' dir='ltr'>αὐτὸν</span> 
     </span>
    </p>
   </div>
   <div class='ocr_carea' id='block_1_52' title="bbox 307 3343 1880 3423">
    <p class='ocr_par' dir='ltr' id='par_1_52' title="bbox 307 3343 1880 3423">
     <span class='ocr_line' id='line_1_52' title="bbox 307 3343 1880 3423; baseline 0 -28"><span class='ocrx_word' id='word_1_412' title='bbox 307 3345 403 3396; x_wconf 79' lang='grc' dir='ltr'><strong>καί</strong></span> <span class='ocrx_word' id='word_1_413' title='bbox 435 3343 751 3412; x_wconf 71' lang='grc' dir='ltr'>φάσκοντα·</span> <span class='ocrx_word' id='word_1_414' title='bbox 784 3365 801 3397; x_wconf 77' lang='grc' dir='ltr'><strong>ι</strong></span> <span class='ocrx_word' id='word_1_415' title='bbox 832 3347 1046 3414; x_wconf 72' lang='grc' dir='ltr'>Ἄγιος,</span> <span class='ocrx_word' id='word_1_416' title='bbox 1082 3349 1267 3416; x_wconf 80' lang='grc' dir='ltr'>ἆγιος,</span> <span class='ocrx_word' id='word_1_417' title='bbox 1301 3349 1453 3418; x_wconf 72' lang='grc' dir='ltr'>ἅγιος</span> <span class='ocrx_word' id='word_1_418' title='bbox 1475 3394 1489 3416; x_wconf 86' lang='grc'><strong>,</strong></span> <span class='ocrx_word' id='word_1_419' title='bbox 1528 3351 1728 3423; x_wconf 77' lang='grc' dir='ltr'>Κύριος</span> <span class='ocrx_word' id='word_1_420' title='bbox 1777 3353 1880 3405; x_wconf 71' lang='grc' dir='ltr'><strong>Σα.</strong></span> 
     </span>
    </p>
   </div>
   <div class='ocr_carea' id='block_1_53' title="bbox 310 3433 1880 3513">
    <p class='ocr_par' dir='ltr' id='par_1_53' title="bbox 310 3433 1880 3513">
     <span class='ocr_line' id='line_1_53' title="bbox 310 3433 1880 3513; baseline 0.007 -26"><span class='ocrx_word' id='word_1_421' title='bbox 310 3433 480 3500; x_wconf 79' lang='grc' dir='ltr'>6αὼθ,</span> <span class='ocrx_word' id='word_1_422' title='bbox 523 3437 740 3509; x_wconf 79' lang='grc' dir='ltr'>πλήρης</span> <span class='ocrx_word' id='word_1_423' title='bbox 788 3441 1001 3512; x_wconf 69' lang='grc' dir='ltr'>πᾶσαή</span> <span class='ocrx_word' id='word_1_424' title='bbox 1050 3441 1120 3511; x_wconf 86' lang='grc' dir='ltr'>γῆ</span> <span class='ocrx_word' id='word_1_425' title='bbox 1153 3441 1250 3512; x_wconf 85' lang='grc' dir='ltr'>τῆς</span> <span class='ocrx_word' id='word_1_426' title='bbox 1286 3442 1440 3513; x_wconf 79' lang='grc' dir='ltr'>δόξης</span> <span class='ocrx_word' id='word_1_427' title='bbox 1483 3445 1666 3499; x_wconf 78' lang='grc' dir='ltr'>αὑτοῦ.</span> <span class='ocrx_word' id='word_1_428' title='bbox 1694 3465 1710 3496; x_wconf 80' lang='grc' dir='ltr'><strong>ι</strong></span> <span class='ocrx_word' id='word_1_429' title='bbox 1749 3446 1880 3498; x_wconf 87' lang='grc' dir='ltr'>Τίνα</span> 
     </span>
    </p>
   </div>
   <div class='ocr_carea' id='block_1_54' title="bbox 314 3526 1882 3608">
    <p class='ocr_par' dir='ltr' id='par_1_54' title="bbox 314 3526 1882 3608">
     <span class='ocr_line' id='line_1_54' title="bbox 314 3526 1882 3608; baseline 0.007 -29"><span class='ocrx_word' id='word_1_430' title='bbox 314 3526 359 3579; x_wconf 74' lang='grc' dir='ltr'><strong>δ’</strong></span> <span class='ocrx_word' id='word_1_431' title='bbox 391 3528 456 3581; x_wconf 78' lang='grc' dir='ltr'>ἂν</span> <span class='ocrx_word' id='word_1_432' title='bbox 483 3529 570 3600; x_wconf 75' lang='grc' dir='ltr'>εἴη</span> <span class='ocrx_word' id='word_1_433' title='bbox 601 3529 670 3582; x_wconf 70' lang='grc' dir='ltr'><strong>τὰ</strong></span> <span class='ocrx_word' id='word_1_434' title='bbox 702 3532 960 3602; x_wconf 77' lang='grc' dir='ltr'>σεραφὶμ,</span> <span class='ocrx_word' id='word_1_435' title='bbox 982 3532 1052 3585; x_wconf 78' lang='grc' dir='ltr'>τὰ</span> <span class='ocrx_word' id='word_1_436' title='bbox 1071 3533 1161 3586; x_wconf 88' lang='grc' dir='ltr'>τὸν</span> <span class='ocrx_word' id='word_1_437' title='bbox 1190 3534 1420 3606; x_wconf 85' lang='grc' dir='ltr'>Χριστὸν</span> <span class='ocrx_word' id='word_1_438' title='bbox 1451 3535 1546 3588; x_wconf 89' lang='grc' dir='ltr'><strong>τοῦ</strong></span> <span class='ocrx_word' id='word_1_439' title='bbox 1569 3535 1703 3589; x_wconf 82' lang='grc' dir='ltr'>Θεοῦ</span> <span class='ocrx_word' id='word_1_440' title='bbox 1727 3536 1882 3608; x_wconf 87' lang='grc' dir='ltr'>δορυ-</span> 
     </span>
    </p>
   </div>
   <div class='ocr_carea' id='block_1_55' title="bbox 319 3619 1880 3698">
    <p class='ocr_par' dir='ltr' id='par_1_55' title="bbox 319 3619 1880 3698">
     <span class='ocr_line' id='line_1_55' title="bbox 319 3619 1880 3698; baseline 0.006 -27"><span class='ocrx_word' id='word_1_441' title='bbox 319 3619 603 3692; x_wconf 67' lang='grc' dir='ltr'>φοροῦντα,</span> <span class='ocrx_word' id='word_1_442' title='bbox 639 3621 674 3692; x_wconf 76' lang='grc' dir='ltr'>ἢ</span> <span class='ocrx_word' id='word_1_443' title='bbox 708 3623 847 3693; x_wconf 83' lang='grc' dir='ltr'>τάχα</span> <span class='ocrx_word' id='word_1_444' title='bbox 880 3623 1006 3688; x_wconf 76' lang='grc' dir='ltr'>ἴσως</span> <span class='ocrx_word' id='word_1_445' title='bbox 1027 3625 1269 3694; x_wconf 83' lang='grc' dir='ltr'>ἀγγέλων</span> <span class='ocrx_word' id='word_1_446' title='bbox 1297 3627 1392 3679; x_wconf 78' lang='grc' dir='ltr'>καὶ</span> <span class='ocrx_word' id='word_1_447' title='bbox 1421 3627 1578 3681; x_wconf 88' lang='grc' dir='ltr'>θείων</span> <span class='ocrx_word' id='word_1_448' title='bbox 1600 3627 1880 3698; x_wconf 81' lang='grc' dir='ltr'>δυνάμεων</span> 
     </span>
    </p>
   </div>
   <div class='ocr_carea' id='block_1_56' title="bbox 322 3712 1880 3791">
    <p class='ocr_par' dir='ltr' id='par_1_56' title="bbox 322 3712 1880 3791">
     <span class='ocr_line' id='line_1_56' title="bbox 322 3712 1880 3791; baseline 0.005 -29"><span class='ocrx_word' id='word_1_449' title='bbox 322 3712 484 3780; x_wconf 76' lang='grc' dir='ltr'>χοροὶ,</span> <span class='ocrx_word' id='word_1_450' title='bbox 512 3713 547 3782; x_wconf 78' lang='grc' dir='ltr'><strong>ἦ</strong></span> <span class='ocrx_word' id='word_1_451' title='bbox 575 3713 671 3765; x_wconf 74' lang='grc' dir='ltr'><strong>καὶ</strong></span> <span class='ocrx_word' id='word_1_452' title='bbox 699 3714 989 3784; x_wconf 78' lang='grc' dir='ltr'>προφητῶν</span> <span class='ocrx_word' id='word_1_453' title='bbox 1015 3717 1107 3767; x_wconf 74' lang='grc' dir='ltr'>καὶ</span> <span class='ocrx_word' id='word_1_454' title='bbox 1149 3715 1495 3783; x_wconf 86' lang='grc' dir='ltr'>ἀποστόλων;</span> <span class='ocrx_word' id='word_1_455' title='bbox 1523 3718 1880 3791; x_wconf 81' lang='grc' dir='ltr'>ἑρμηνεύεται</span> 
     </span>
    </p>
   </div>
   <div class='ocr_carea' id='block_1_57' title="bbox 323 3802 1880 3876">
    <p class='ocr_par' dir='ltr' id='par_1_57' title="bbox 323 3802 1880 3876">
     <span class='ocr_line' id='line_1_57' title="bbox 323 3802 1880 3876; baseline 0.008 -24"><span class='ocrx_word' id='word_1_456' title='bbox 323 3802 424 3872; x_wconf 66' lang='grc' dir='ltr'><strong>γὰρ</strong></span> <span class='ocrx_word' id='word_1_457' title='bbox 454 3804 524 3857; x_wconf 76' lang='grc' dir='ltr'>τὰ</span> <span class='ocrx_word' id='word_1_458' title='bbox 570 3806 814 3874; x_wconf 76' lang='grc' dir='ltr'>σεραφὶμ</span> <span class='ocrx_word' id='word_1_459' title='bbox 844 3804 999 3875; x_wconf 80' lang='grc' dir='ltr'>ἀρχὴ</span> <span class='ocrx_word' id='word_1_460' title='bbox 1033 3808 1330 3876; x_wconf 81' lang='grc' dir='ltr'>στόματος</span> <span class='ocrx_word' id='word_1_461' title='bbox 1377 3808 1592 3863; x_wconf 80' lang='grc' dir='ltr'>αὐτῶν.</span> <span class='ocrx_word' id='word_1_462' title='bbox 1641 3809 1880 3864; x_wconf 87' lang='grc' dir='ltr'>Τοιοῦτοι</span> 
     </span>
    </p>
   </div>
   <div class='ocr_carea' id='block_1_58' title="bbox 325 3895 1882 3973">
    <p class='ocr_par' dir='ltr' id='par_1_58' title="bbox 325 3895 1882 3973">
     <span class='ocr_line' id='line_1_58' title="bbox 325 3895 1882 3973; baseline 0.006 -27"><span class='ocrx_word' id='word_1_463' title='bbox 325 3895 374 3946; x_wconf 76' lang='grc' dir='ltr'><strong>δὲ</strong></span> <span class='ocrx_word' id='word_1_464' title='bbox 399 3897 446 3947; x_wconf 86' lang='grc' dir='ltr'>οἱ</span> <span class='ocrx_word' id='word_1_465' title='bbox 480 3896 758 3967; x_wconf 70' lang='grc' dir='ltr'>προφῆται</span> <span class='ocrx_word' id='word_1_466' title='bbox 789 3897 882 3950; x_wconf 73' lang='grc' dir='ltr'>καὶ</span> <span class='ocrx_word' id='word_1_467' title='bbox 920 3898 1219 3963; x_wconf 86' lang='grc' dir='ltr'>ἀπόστολοι,</span> <span class='ocrx_word' id='word_1_468' title='bbox 1247 3895 1323 3953; x_wconf 82' lang='grc' dir='ltr'>ὧν</span> <span class='ocrx_word' id='word_1_469' title='bbox 1365 3899 1454 3954; x_wconf 79' lang='grc' dir='ltr'><strong>διὰ</strong></span> <span class='ocrx_word' id='word_1_470' title='bbox 1497 3900 1590 3956; x_wconf 83' lang='grc' dir='ltr'><strong>τοῦ</strong></span> <span class='ocrx_word' id='word_1_471' title='bbox 1621 3902 1882 3973; x_wconf 88' lang='grc' dir='ltr'>στόματος</span> 
     </span>
    </p>
   </div>
   <div class='ocr_carea' id='block_1_59' title="bbox 327 3988 1885 4064">
    <p class='ocr_par' dir='ltr' id='par_1_59' title="bbox 327 3988 1885 4064">
     <span class='ocr_line' id='line_1_59' title="bbox 327 3988 1885 4064; baseline 0.004 -23"><span class='ocrx_word' id='word_1_472' title='bbox 327 3988 356 4057; x_wconf 73' lang='grc' dir='ltr'>ἡ</span> <span class='ocrx_word' id='word_1_473' title='bbox 401 3989 626 4060; x_wconf 80' lang='grc' dir='ltr'>ἀπαρχὴ</span> <span class='ocrx_word' id='word_1_474' title='bbox 673 3989 862 4057; x_wconf 86' lang='grc' dir='ltr'>γέγονε</span> <span class='ocrx_word' id='word_1_475' title='bbox 902 3989 996 4042; x_wconf 85' lang='grc' dir='ltr'><strong>τοῦ</strong></span> <span class='ocrx_word' id='word_1_476' title='bbox 1045 3993 1312 4062; x_wconf 74' lang='grc' dir='ltr'>σωτηρίου</span> <span class='ocrx_word' id='word_1_477' title='bbox 1365 3991 1755 4064; x_wconf 77' lang='grc' dir='ltr'>κηρύγματος·</span> <span class='ocrx_word' id='word_1_478' title='bbox 1800 3993 1885 4048; x_wconf 81' lang='grc' dir='ltr'><strong>διὸ</strong></span> 
     </span>
    </p>
   </div>
   <div class='ocr_carea' id='block_1_60' title="bbox 325 4076 1881 4155">
    <p class='ocr_par' dir='ltr' id='par_1_60' title="bbox 325 4076 1881 4155">
     <span class='ocr_line' id='line_1_60' title="bbox 325 4076 1881 4155; baseline 0.006 -24"><span class='ocrx_word' id='word_1_479' title='bbox 325 4080 518 4149; x_wconf 78' lang='grc' dir='ltr'>ταύτης</span> <span class='ocrx_word' id='word_1_480' title='bbox 547 4080 740 4150; x_wconf 81' lang='grc' dir='ltr'>ἔτυχον</span> <span class='ocrx_word' id='word_1_481' title='bbox 770 4081 867 4150; x_wconf 81' lang='grc' dir='ltr'>τῆς</span> <span class='ocrx_word' id='word_1_482' title='bbox 913 4083 1313 4154; x_wconf 85' lang='grc' dir='ltr'>προσηγορίας,</span> <span class='ocrx_word' id='word_1_483' title='bbox 1349 4076 1421 4138; x_wconf 82' lang='grc' dir='ltr'>ὧν</span> <span class='ocrx_word' id='word_1_484' title='bbox 1456 4084 1548 4138; x_wconf 66' lang='grc' dir='ltr'><strong>καὶ⁸</strong></span> <span class='ocrx_word' id='word_1_485' title='bbox 1585 4084 1678 4138; x_wconf 89' lang='grc' dir='ltr'><strong>τοῦ</strong></span> <span class='ocrx_word' id='word_1_486' title='bbox 1726 4085 1881 4155; x_wconf 73' lang='grc' dir='ltr'>ἁγίου</span> 
     </span>
    </p>
   </div>
   <div class='ocr_carea' id='block_1_61' title="bbox 329 4169 1882 4248">
    <p class='ocr_par' dir='ltr' id='par_1_61' title="bbox 329 4169 1882 4248">
     <span class='ocr_line' id='line_1_61' title="bbox 329 4169 1882 4248; baseline 0.007 -29"><span class='ocrx_word' id='word_1_487' title='bbox 329 4169 632 4240; x_wconf 75' lang='grc' dir='ltr'>Πνεύματος</span> <span class='ocrx_word' id='word_1_488' title='bbox 664 4172 718 4224; x_wconf 89' lang='grc' dir='ltr'><strong>αί</strong></span> <span class='ocrx_word' id='word_1_489' title='bbox 749 4170 1022 4241; x_wconf 80' lang='grc' dir='ltr'>δυνάμεις,</span> <span class='ocrx_word' id='word_1_490' title='bbox 1061 4173 1327 4245; x_wconf 85' lang='grc' dir='ltr'>πτέρυγες</span> <span class='ocrx_word' id='word_1_491' title='bbox 1364 4174 1740 4248; x_wconf 81' lang='grc' dir='ltr'>ὠνομασμέναι</span> <span class='ocrx_word' id='word_1_492' title='bbox 1760 4215 1776 4240; x_wconf 94' lang='grc'><strong>,</strong></span> <span class='ocrx_word' id='word_1_493' title='bbox 1813 4176 1882 4230; x_wconf 75' lang='grc' dir='ltr'><strong>τὰ</strong></span> 
     </span>
    </p>
   </div>
   <div class='ocr_carea' id='block_1_62' title="bbox 329 4261 1880 4337">
    <p class='ocr_par' dir='ltr' id='par_1_62' title="bbox 329 4261 1880 4337">
     <span class='ocr_line' id='line_1_62' title="bbox 329 4261 1880 4337; baseline 0.005 -23"><span class='ocrx_word' id='word_1_494' title='bbox 329 4264 418 4330; x_wconf 72' lang='grc' dir='ltr'>μὲν</span> <span class='ocrx_word' id='word_1_495' title='bbox 450 4262 643 4332; x_wconf 85' lang='grc' dir='ltr'>πρῶτα</span> <span class='ocrx_word' id='word_1_496' title='bbox 667 4263 761 4316; x_wconf 80' lang='grc' dir='ltr'>καὶ</span> <span class='ocrx_word' id='word_1_497' title='bbox 791 4261 859 4315; x_wconf 81' lang='grc' dir='ltr'>τὰ</span> <span class='ocrx_word' id='word_1_498' title='bbox 887 4263 1086 4318; x_wconf 79' lang='grc' dir='ltr'>ὕστατα</span> <span class='ocrx_word' id='word_1_499' title='bbox 1113 4265 1209 4335; x_wconf 83' lang='grc' dir='ltr'>τῆς</span> <span class='ocrx_word' id='word_1_500' title='bbox 1243 4265 1333 4318; x_wconf 88' lang='grc' dir='ltr'><strong>τοῦ</strong></span> <span class='ocrx_word' id='word_1_501' title='bbox 1358 4265 1490 4319; x_wconf 82' lang='grc' dir='ltr'>Θεοῦ</span> <span class='ocrx_word' id='word_1_502' title='bbox 1532 4268 1703 4336; x_wconf 86' lang='grc' dir='ltr'>Λόγου</span> <span class='ocrx_word' id='word_1_503' title='bbox 1739 4267 1880 4337; x_wconf 85' lang='grc' dir='ltr'>γνώ-</span> 
     </span>
    </p>
   </div>
   <div class='ocr_carea' id='block_1_63' title="bbox 1979 1783 3536 1859">
    <p class='ocr_par' dir='ltr' id='par_1_63' title="bbox 1979 1783 3536 1859">
     <span class='ocr_line' id='line_1_63' title="bbox 1979 1783 3536 1859; baseline 0.002 -20"><span class='ocrx_word' id='word_1_504' title='bbox 1979 1803 1996 1834; x_wconf 84' lang='grc'><strong><em>‹</em></strong></span> <span class='ocrx_word' id='word_1_505' title='bbox 2037 1783 2204 1842; x_wconf 83' lang='lat' dir='ltr'><strong>Scdes</strong></span> <span class='ocrx_word' id='word_1_506' title='bbox 2233 1795 2346 1852; x_wconf 89' lang='lat' dir='ltr'><strong>tua,</strong></span> <span class='ocrx_word' id='word_1_507' title='bbox 2389 1787 2550 1854; x_wconf 90' lang='lat' dir='ltr'><strong>Deus,</strong></span> <span class='ocrx_word' id='word_1_508' title='bbox 2593 1789 2646 1843; x_wconf 90' lang='lat' dir='ltr'><strong>in</strong></span> <span class='ocrx_word' id='word_1_509' title='bbox 2699 1790 2954 1844; x_wconf 72' lang='lat' dir='ltr'><strong>steculum</strong></span> <span class='ocrx_word' id='word_1_510' title='bbox 3013 1787 3284 1850; x_wconf 67' lang='lat' dir='ltr'><strong>Steculi&quot;,</strong></span> <span class='ocrx_word' id='word_1_511' title='bbox 3320 1808 3339 1839; x_wconf 74' lang='grc' dir='ltr'><strong>ι</strong></span> <span class='ocrx_word' id='word_1_512' title='bbox 3373 1804 3536 1859; x_wconf 88' lang='lat' dir='ltr'><strong>super</strong></span> 
     </span>
    </p>
   </div>
   <div class='ocr_carea' id='block_1_64' title="bbox 1971 1881 3534 1950">
    <p class='ocr_par' dir='ltr' id='par_1_64' title="bbox 1971 1881 3534 1950">
     <span class='ocr_line' id='line_1_64' title="bbox 1971 1881 3534 1950; baseline 0.004 -21"><span class='ocrx_word' id='word_1_513' title='bbox 1971 1892 2131 1944; x_wconf 86' lang='lat' dir='ltr'><strong>quam</strong></span> <span class='ocrx_word' id='word_1_514' title='bbox 2158 1894 2445 1948; x_wconf 88' lang='lat' dir='ltr'><strong>supremus</strong></span> <span class='ocrx_word' id='word_1_515' title='bbox 2467 1891 2520 1934; x_wconf 91' lang='lat' dir='ltr'><strong>et</strong></span> <span class='ocrx_word' id='word_1_516' title='bbox 2545 1881 2780 1936; x_wconf 83' lang='lat' dir='ltr'><strong>universi</strong></span> <span class='ocrx_word' id='word_1_517' title='bbox 2815 1881 3063 1935; x_wconf 87' lang='lat' dir='ltr'><strong>conditor</strong></span> <span class='ocrx_word' id='word_1_518' title='bbox 3096 1882 3256 1942; x_wconf 88' lang='lat' dir='ltr'><strong>Deus,</strong></span> <span class='ocrx_word' id='word_1_519' title='bbox 3281 1889 3333 1936; x_wconf 90' lang='lat' dir='ltr'><strong>et</strong></span> <span class='ocrx_word' id='word_1_520' title='bbox 3359 1881 3534 1950; x_wconf 91' lang='lat' dir='ltr'><strong>ipsius</strong></span> 
     </span>
    </p>
   </div>
   <div class='ocr_carea' id='block_1_65' title="bbox 1974 1967 3533 2042">
    <p class='ocr_par' dir='ltr' id='par_1_65' title="bbox 1974 1967 3533 2042">
     <span class='ocr_line' id='line_1_65' title="bbox 1974 1967 3533 2042; baseline 0.004 -21"><span class='ocrx_word' id='word_1_521' title='bbox 1974 1967 2160 2034; x_wconf 80' lang='lat' dir='ltr'><strong>Pater,</strong></span> <span class='ocrx_word' id='word_1_522' title='bbox 2197 1970 2374 2040; x_wconf 91' lang='lat' dir='ltr'><strong>ipsum</strong></span> <span class='ocrx_word' id='word_1_523' title='bbox 2407 1981 2662 2042; x_wconf 89' lang='lat' dir='ltr'><strong>tanquam</strong></span> <span class='ocrx_word' id='word_1_524' title='bbox 2706 1973 2926 2027; x_wconf 87' lang='lat' dir='ltr'><strong>unicum</strong></span> <span class='ocrx_word' id='word_1_525' title='bbox 2959 1989 3022 2026; x_wconf 87' lang='lat' dir='ltr'><strong>ac</strong></span> <span class='ocrx_word' id='word_1_526' title='bbox 3056 1974 3314 2028; x_wconf 86' lang='lat' dir='ltr'><strong>dilectum</strong></span> <span class='ocrx_word' id='word_1_527' title='bbox 3345 1975 3533 2029; x_wconf 85' lang='lat' dir='ltr'><strong>sedere</strong></span> 
     </span>
    </p>
   </div>
   <div class='ocr_carea' id='block_1_66' title="bbox 1969 2061 3537 2134">
    <p class='ocr_par' dir='ltr' id='par_1_66' title="bbox 1969 2061 3537 2134">
     <span class='ocr_line' id='line_1_66' title="bbox 1969 2061 3537 2134; baseline 0.006 -21"><span class='ocrx_word' id='word_1_528' title='bbox 1969 2061 2221 2129; x_wconf 88' lang='lat' dir='ltr'><strong>jubebat,</strong></span> <span class='ocrx_word' id='word_1_529' title='bbox 2243 2063 2469 2118; x_wconf 88' lang='lat' dir='ltr'><strong>dicens:</strong></span> <span class='ocrx_word' id='word_1_530' title='bbox 2507 2082 2524 2114; x_wconf 85' lang='grc'><strong>‹</strong></span> <span class='ocrx_word' id='word_1_531' title='bbox 2560 2063 2696 2118; x_wconf 89' lang='lat' dir='ltr'><strong>Sede</strong></span> <span class='ocrx_word' id='word_1_532' title='bbox 2741 2079 2768 2116; x_wconf 90' lang='lat' dir='ltr'><strong>a</strong></span> <span class='ocrx_word' id='word_1_533' title='bbox 2804 2065 3010 2120; x_wconf 72' lang='lat' dir='ltr'><strong>dextris</strong></span> <span class='ocrx_word' id='word_1_534' title='bbox 3040 2067 3202 2129; x_wconf 87' lang='lat' dir='ltr'><strong>meis,</strong></span> <span class='ocrx_word' id='word_1_535' title='bbox 3239 2067 3411 2121; x_wconf 83' lang='lat' dir='ltr'><strong>donec</strong></span> <span class='ocrx_word' id='word_1_536' title='bbox 3441 2082 3537 2134; x_wconf 89' lang='lat' dir='ltr'><strong>po-</strong></span> 
     </span>
    </p>
   </div>
   <div class='ocr_carea' id='block_1_67' title="bbox 1974 2154 3530 2225">
    <p class='ocr_par' dir='ltr' id='par_1_67' title="bbox 1974 2154 3530 2225">
     <span class='ocr_line' id='line_1_67' title="bbox 1974 2154 3530 2225; baseline 0.004 -20"><span class='ocrx_word' id='word_1_537' title='bbox 1974 2167 2098 2205; x_wconf 85' lang='lat' dir='ltr'><strong>nam</strong></span> <span class='ocrx_word' id='word_1_538' title='bbox 2134 2154 2383 2209; x_wconf 90' lang='lat' dir='ltr'><strong>inimicos</strong></span> <span class='ocrx_word' id='word_1_539' title='bbox 2429 2163 2552 2210; x_wconf 91' lang='lat' dir='ltr'><strong>tuos</strong></span> <span class='ocrx_word' id='word_1_540' title='bbox 2608 2156 2898 2211; x_wconf 83' lang='lat' dir='ltr'><strong>seabellum</strong></span> <span class='ocrx_word' id='word_1_541' title='bbox 2937 2157 3127 2225; x_wconf 84' lang='lat' dir='ltr'><strong>pedum</strong></span> <span class='ocrx_word' id='word_1_542' title='bbox 3165 2167 3379 2211; x_wconf 87' lang='lat' dir='ltr'><strong>tuorum</strong></span> <span class='ocrx_word' id='word_1_543' title='bbox 3408 2159 3472 2216; x_wconf 84' lang='grc'><strong>³⁷.</strong></span> <span class='ocrx_word' id='word_1_544' title='bbox 3513 2180 3530 2211; x_wconf 80' lang='grc' dir='ltr'><strong>ι</strong></span> 
     </span>
    </p>
   </div>
   <div class='ocr_carea' id='block_1_68' title="bbox 1974 2241 3537 2319">
    <p class='ocr_par' dir='ltr' id='par_1_68' title="bbox 1974 2241 3537 2319">
     <span class='ocr_line' id='line_1_68' title="bbox 1974 2241 3537 2319; baseline 0.004 -21"><span class='ocrx_word' id='word_1_545' title='bbox 1974 2241 2270 2298; x_wconf 78' lang='lat' dir='ltr'><strong>Continuat</strong></span> <span class='ocrx_word' id='word_1_546' title='bbox 2299 2261 2426 2300; x_wconf 87' lang='lat' dir='ltr'><strong>vero</strong></span> <span class='ocrx_word' id='word_1_547' title='bbox 2457 2247 2596 2300; x_wconf 89' lang='lat' dir='ltr'><strong>hanc</strong></span> <span class='ocrx_word' id='word_1_548' title='bbox 2630 2256 2873 2301; x_wconf 83' lang='lat' dir='ltr'><strong>nostram</strong></span> <span class='ocrx_word' id='word_1_549' title='bbox 2906 2249 2957 2300; x_wconf 91' lang='lat' dir='ltr'><strong>in</strong></span> <span class='ocrx_word' id='word_1_550' title='bbox 2983 2248 3082 2302; x_wconf 86' lang='lat' dir='ltr'><strong>hos</strong></span> <span class='ocrx_word' id='word_1_551' title='bbox 3104 2251 3250 2302; x_wconf 90' lang='lat' dir='ltr'><strong>locos</strong></span> <span class='ocrx_word' id='word_1_552' title='bbox 3281 2251 3537 2319; x_wconf 89' lang='lat' dir='ltr'><strong>interpre-</strong></span> 
     </span>
    </p>
   </div>
   <div class='ocr_carea' id='block_1_69' title="bbox 1977 2325 3536 2410">
    <p class='ocr_par' dir='ltr' id='par_1_69' title="bbox 1977 2325 3536 2410">
     <span class='ocr_line' id='line_1_69' title="bbox 1977 2325 3536 2410; baseline 0.004 -21"><span class='ocrx_word' id='word_1_553' title='bbox 1977 2335 2256 2400; x_wconf 80' lang='lat' dir='ltr'><strong>tationem,</strong></span> <span class='ocrx_word' id='word_1_554' title='bbox 2280 2335 2516 2393; x_wconf 84' lang='lat' dir='ltr'><strong>Joannes</strong></span> <span class='ocrx_word' id='word_1_555' title='bbox 2549 2339 2900 2409; x_wconf 79' lang='lat' dir='ltr'><strong>evangelista.</strong></span> <span class='ocrx_word' id='word_1_556' title='bbox 2943 2340 3034 2409; x_wconf 86' lang='lat' dir='ltr'><strong>qui</strong></span> <span class='ocrx_word' id='word_1_557' title='bbox 3071 2350 3355 2410; x_wconf 82' lang='lat' dir='ltr'><strong>postquam</strong></span> <span class='ocrx_word' id='word_1_558' title='bbox 3401 2325 3536 2395; x_wconf 84' lang='lat' dir='ltr'><strong>cita-</strong></span> 
     </span>
    </p>
   </div>
   <div class='ocr_carea' id='block_1_70' title="bbox 1979 2425 3536 2500">
    <p class='ocr_par' dir='ltr' id='par_1_70' title="bbox 1979 2425 3536 2500">
     <span class='ocr_line' id='line_1_70' title="bbox 1979 2425 3536 2500; baseline 0.004 -23"><span class='ocrx_word' id='word_1_559' title='bbox 1979 2425 2052 2477; x_wconf 88' lang='lat' dir='ltr'><strong>vit</strong></span> <span class='ocrx_word' id='word_1_560' title='bbox 2085 2427 2326 2493; x_wconf 73' lang='lat' dir='ltr'><strong>proxime</strong></span> <span class='ocrx_word' id='word_1_561' title='bbox 2357 2427 2633 2496; x_wconf 80' lang='lat' dir='ltr'><strong>expositas</strong></span> <span class='ocrx_word' id='word_1_562' title='bbox 2663 2427 2816 2483; x_wconf 71' lang='lat' dir='ltr'><strong>Isaia:</strong></span> <span class='ocrx_word' id='word_1_563' title='bbox 2850 2445 3010 2484; x_wconf 85' lang='lat' dir='ltr'><strong>voces</strong></span> <span class='ocrx_word' id='word_1_564' title='bbox 3033 2471 3048 2494; x_wconf 89' lang='lat'><strong>,</strong></span> <span class='ocrx_word' id='word_1_565' title='bbox 3109 2431 3161 2483; x_wconf 93' lang='lat' dir='ltr'><strong>in</strong></span> <span class='ocrx_word' id='word_1_566' title='bbox 3206 2432 3404 2500; x_wconf 84' lang='lat' dir='ltr'><strong>quibus</strong></span> <span class='ocrx_word' id='word_1_567' title='bbox 3451 2430 3536 2484; x_wconf 88' lang='lat' dir='ltr'><strong>di-</strong></span> 
     </span>
    </p>
   </div>
   <div class='ocr_carea' id='block_1_71' title="bbox 1977 2517 3536 2592">
    <p class='ocr_par' dir='ltr' id='par_1_71' title="bbox 1977 2517 3536 2592">
     <span class='ocr_line' id='line_1_71' title="bbox 1977 2517 3536 2592; baseline 0.004 -23"><span class='ocrx_word' id='word_1_568' title='bbox 1977 2525 2123 2570; x_wconf 90' lang='lat' dir='ltr'><strong>ctum</strong></span> <span class='ocrx_word' id='word_1_569' title='bbox 2152 2527 2274 2572; x_wconf 90' lang='lat' dir='ltr'><strong>est:</strong></span> <span class='ocrx_word' id='word_1_570' title='bbox 2330 2537 2348 2568; x_wconf 85' lang='grc'><strong><em>‹</em></strong></span> <span class='ocrx_word' id='word_1_571' title='bbox 2389 2517 2649 2574; x_wconf 86' lang='lat' dir='ltr'><strong>Crassum</strong></span> <span class='ocrx_word' id='word_1_572' title='bbox 2689 2522 2832 2576; x_wconf 86' lang='lat' dir='ltr'><strong>enim</strong></span> <span class='ocrx_word' id='word_1_573' title='bbox 2879 2521 3077 2576; x_wconf 74' lang='lat' dir='ltr'><strong>factum</strong></span> <span class='ocrx_word' id='word_1_574' title='bbox 3119 2530 3200 2577; x_wconf 87' lang='lat' dir='ltr'><strong>est</strong></span> <span class='ocrx_word' id='word_1_575' title='bbox 3229 2537 3324 2575; x_wconf 90' lang='lat' dir='ltr'><strong>cor</strong></span> <span class='ocrx_word' id='word_1_576' title='bbox 3351 2523 3536 2592; x_wconf 83' lang='lat' dir='ltr'><strong>populi</strong></span> 
     </span>
    </p>
   </div>
   <div class='ocr_carea' id='block_1_72' title="bbox 1977 2607 3536 2682">
    <p class='ocr_par' dir='ltr' id='par_1_72' title="bbox 1977 2607 3536 2682">
     <span class='ocr_line' id='line_1_72' title="bbox 1977 2607 3536 2682; baseline 0.006 -22"><span class='ocrx_word' id='word_1_577' title='bbox 1977 2607 2160 2677; x_wconf 85' lang='lat' dir='ltr'><strong>hujus,</strong></span> <span class='ocrx_word' id='word_1_578' title='bbox 2196 2617 2251 2663; x_wconf 88' lang='lat' dir='ltr'><strong>et</strong></span> <span class='ocrx_word' id='word_1_579' title='bbox 2285 2611 2508 2666; x_wconf 89' lang='lat' dir='ltr'><strong>auribus</strong></span> <span class='ocrx_word' id='word_1_580' title='bbox 2532 2612 2647 2666; x_wconf 89' lang='lat' dir='ltr'><strong>suis</strong></span> <span class='ocrx_word' id='word_1_581' title='bbox 2669 2613 2904 2682; x_wconf 79' lang='lat' dir='ltr'><strong>graviter</strong></span> <span class='ocrx_word' id='word_1_582' title='bbox 2931 2614 3241 2678; x_wconf 89' lang='lat' dir='ltr'><strong>audierunt,</strong></span> <span class='ocrx_word' id='word_1_583' title='bbox 3269 2625 3321 2669; x_wconf 88' lang='lat' dir='ltr'><strong>et</strong></span> <span class='ocrx_word' id='word_1_584' title='bbox 3349 2615 3536 2670; x_wconf 79' lang='lat' dir='ltr'><strong>oculos</strong></span> 
     </span>
    </p>
   </div>
   <div class='ocr_carea' id='block_1_73' title="bbox 1979 2703 3534 2776">
    <p class='ocr_par' dir='ltr' id='par_1_73' title="bbox 1979 2703 3534 2776">
     <span class='ocr_line' id='line_1_73' title="bbox 1979 2703 3534 2776; baseline 0.003 -21"><span class='ocrx_word' id='word_1_585' title='bbox 1979 2716 2109 2756; x_wconf 91' lang='lat' dir='ltr'><strong>suos</strong></span> <span class='ocrx_word' id='word_1_586' title='bbox 2158 2703 2491 2767; x_wconf 85' lang='lat' dir='ltr'><strong>clauserunt,</strong></span> <span class='ocrx_word' id='word_1_587' title='bbox 2531 2723 2551 2756; x_wconf 73' lang='grc' dir='ltr'><strong>ι</strong></span> <span class='ocrx_word' id='word_1_588' title='bbox 2588 2705 2832 2776; x_wconf 78' lang='lat' dir='ltr'><strong>adjungit</strong></span> <span class='ocrx_word' id='word_1_589' title='bbox 2881 2707 2948 2760; x_wconf 89' lang='lat' dir='ltr'><strong>de</strong></span> <span class='ocrx_word' id='word_1_590' title='bbox 2985 2707 3218 2772; x_wconf 79' lang='lat' dir='ltr'><strong>Christo,</strong></span> <span class='ocrx_word' id='word_1_591' title='bbox 3255 2716 3307 2760; x_wconf 91' lang='lat' dir='ltr'><strong>et</strong></span> <span class='ocrx_word' id='word_1_592' title='bbox 3357 2706 3534 2760; x_wconf 81' lang='lat' dir='ltr'><strong>dicit:</strong></span> 
     </span>
    </p>
   </div>
   <div class='ocr_carea' id='block_1_74' title="bbox 1985 2790 3536 2867">
    <p class='ocr_par' dir='ltr' id='par_1_74' title="bbox 1985 2790 3536 2867">
     <span class='ocr_line' id='line_1_74' title="bbox 1985 2790 3536 2867; baseline 0.005 -24"><span class='ocrx_word' id='word_1_593' title='bbox 1985 2809 2004 2842; x_wconf 78' lang='grc' dir='ltr'><strong>ι</strong></span> <span class='ocrx_word' id='word_1_594' title='bbox 2039 2790 2160 2846; x_wconf 66' lang='lat' dir='ltr'><strong>Haec</strong></span> <span class='ocrx_word' id='word_1_595' title='bbox 2189 2793 2321 2847; x_wconf 85' lang='lat' dir='ltr'><strong>dicit</strong></span> <span class='ocrx_word' id='word_1_596' title='bbox 2377 2792 2563 2865; x_wconf 76' lang='lat' dir='ltr'><strong>Isaias,</strong></span> <span class='ocrx_word' id='word_1_597' title='bbox 2592 2797 2810 2865; x_wconf 87' lang='lat' dir='ltr'><strong>quando</strong></span> <span class='ocrx_word' id='word_1_598' title='bbox 2854 2797 2986 2851; x_wconf 86' lang='lat' dir='ltr'><strong>vidit</strong></span> <span class='ocrx_word' id='word_1_599' title='bbox 3033 2799 3257 2867; x_wconf 78' lang='lat' dir='ltr'><strong>gloriam</strong></span> <span class='ocrx_word' id='word_1_600' title='bbox 3290 2798 3408 2867; x_wconf 82' lang='lat' dir='ltr'><strong>ejus</strong></span> <span class='ocrx_word' id='word_1_601' title='bbox 3434 2837 3448 2861; x_wconf 90' lang='lat'><strong>,</strong></span> <span class='ocrx_word' id='word_1_602' title='bbox 3483 2805 3536 2852; x_wconf 89' lang='lat' dir='ltr'><strong>et</strong></span> 
     </span>
    </p>
   </div>
   <div class='ocr_carea' id='block_1_75' title="bbox 1981 2884 3535 2959">
    <p class='ocr_par' dir='ltr' id='par_1_75' title="bbox 1981 2884 3535 2959">
     <span class='ocr_line' id='line_1_75' title="bbox 1981 2884 3535 2959; baseline 0.003 -20"><span class='ocrx_word' id='word_1_603' title='bbox 1981 2884 2302 2939; x_wconf 78' lang='lat' dir='ltr'><strong>testiﬁcatus</strong></span> <span class='ocrx_word' id='word_1_604' title='bbox 2326 2893 2410 2940; x_wconf 87' lang='lat' dir='ltr'><strong>est</strong></span> <span class='ocrx_word' id='word_1_605' title='bbox 2470 2885 2536 2940; x_wconf 87' lang='lat' dir='ltr'><strong>de</strong></span> <span class='ocrx_word' id='word_1_606' title='bbox 2585 2903 2651 2940; x_wconf 85' lang='lat' dir='ltr'><strong>eo</strong></span> <span class='ocrx_word' id='word_1_607' title='bbox 2679 2886 2744 2942; x_wconf 76' lang='lat'><strong>&quot;’.</strong></span> <span class='ocrx_word' id='word_1_608' title='bbox 2782 2905 2802 2938; x_wconf 70' lang='grc' dir='ltr'><strong>ν</strong></span> <span class='ocrx_word' id='word_1_609' title='bbox 2833 2887 2965 2941; x_wconf 90' lang='lat' dir='ltr'><strong>Cum</strong></span> <span class='ocrx_word' id='word_1_610' title='bbox 2998 2904 3126 2959; x_wconf 83' lang='lat' dir='ltr'><strong>ergo</strong></span> <span class='ocrx_word' id='word_1_611' title='bbox 3154 2889 3380 2944; x_wconf 85' lang='lat' dir='ltr'><strong>vidisset</strong></span> <span class='ocrx_word' id='word_1_612' title='bbox 3406 2904 3535 2958; x_wconf 88' lang='lat' dir='ltr'><strong>pro-</strong></span> 
     </span>
    </p>
   </div>
   <div class='ocr_carea' id='block_1_76' title="bbox 1977 2976 3534 3050">
    <p class='ocr_par' dir='ltr' id='par_1_76' title="bbox 1977 2976 3534 3050">
     <span class='ocr_line' id='line_1_76' title="bbox 1977 2976 3534 3050; baseline 0.003 -20"><span class='ocrx_word' id='word_1_613' title='bbox 1977 2976 2139 3047; x_wconf 84' lang='lat' dir='ltr'><strong>pheta</strong></span> <span class='ocrx_word' id='word_1_614' title='bbox 2183 2976 2484 3032; x_wconf 83' lang='lat' dir='ltr'><strong>Salvatoris</strong></span> <span class='ocrx_word' id='word_1_615' title='bbox 2515 2979 2688 3033; x_wconf 88' lang='lat' dir='ltr'><strong>nostri</strong></span> <span class='ocrx_word' id='word_1_616' title='bbox 2737 2995 2898 3050; x_wconf 88' lang='lat' dir='ltr'><strong>super</strong></span> <span class='ocrx_word' id='word_1_617' title='bbox 2948 2989 3169 3049; x_wconf 84' lang='lat' dir='ltr'><strong>paterna</strong></span> <span class='ocrx_word' id='word_1_618' title='bbox 3199 2981 3396 3035; x_wconf 63' lang='lat' dir='ltr'><strong>divina:</strong></span> <span class='ocrx_word' id='word_1_619' title='bbox 3426 2996 3534 3034; x_wconf 89' lang='lat' dir='ltr'><strong>ma-</strong></span> 
     </span>
    </p>
   </div>
   <div class='ocr_carea' id='block_1_77' title="bbox 1974 3069 3539 3145">
    <p class='ocr_par' dir='ltr' id='par_1_77' title="bbox 1974 3069 3539 3145">
     <span class='ocr_line' id='line_1_77' title="bbox 1974 3069 3539 3145; baseline 0.003 -20"><span class='ocrx_word' id='word_1_620' title='bbox 1974 3069 2193 3139; x_wconf 72' lang='lat' dir='ltr'><strong>iestatis</strong></span> <span class='ocrx_word' id='word_1_621' title='bbox 2221 3084 2286 3125; x_wconf 91' lang='lat' dir='ltr'><strong>ac</strong></span> <span class='ocrx_word' id='word_1_622' title='bbox 2315 3072 2464 3141; x_wconf 87' lang='lat' dir='ltr'><strong>regni</strong></span> <span class='ocrx_word' id='word_1_623' title='bbox 2497 3070 2626 3126; x_wconf 90' lang='lat' dir='ltr'><strong>sede</strong></span> <span class='ocrx_word' id='word_1_624' title='bbox 2655 3072 3088 3138; x_wconf 85' lang='lat' dir='ltr'><strong>collocationem,</strong></span> <span class='ocrx_word' id='word_1_625' title='bbox 3111 3073 3402 3145; x_wconf 88' lang='lat' dir='ltr'><strong>divinoque</strong></span> <span class='ocrx_word' id='word_1_626' title='bbox 3425 3075 3539 3144; x_wconf 84' lang='lat' dir='ltr'><strong>ipse</strong></span> 
     </span>
    </p>
   </div>
   <div class='ocr_carea' id='block_1_78' title="bbox 1978 3162 3541 3236">
    <p class='ocr_par' dir='ltr' id='par_1_78' title="bbox 1978 3162 3541 3236">
     <span class='ocr_line' id='line_1_78' title="bbox 1978 3162 3541 3236; baseline 0.003 -18"><span class='ocrx_word' id='word_1_627' title='bbox 1978 3167 2124 3218; x_wconf 86' lang='lat' dir='ltr'><strong>esset</strong></span> <span class='ocrx_word' id='word_1_628' title='bbox 2158 3162 2364 3232; x_wconf 90' lang='lat' dir='ltr'><strong>Spiritu</strong></span> <span class='ocrx_word' id='word_1_629' title='bbox 2418 3164 2710 3220; x_wconf 87' lang='lat' dir='ltr'><strong>instinctus</strong></span> <span class='ocrx_word' id='word_1_630' title='bbox 2734 3206 2749 3231; x_wconf 91' lang='lat'><strong>,</strong></span> <span class='ocrx_word' id='word_1_631' title='bbox 2807 3173 3058 3234; x_wconf 81' lang='lat' dir='ltr'><strong>essetque</strong></span> <span class='ocrx_word' id='word_1_632' title='bbox 3095 3165 3352 3236; x_wconf 77' lang='lat' dir='ltr'><strong>deinceps</strong></span> <span class='ocrx_word' id='word_1_633' title='bbox 3393 3168 3541 3236; x_wconf 87' lang='lat' dir='ltr'><strong>ejus-</strong></span> 
     </span>
    </p>
   </div>
   <div class='ocr_carea' id='block_1_79' title="bbox 1978 3256 3542 3330">
    <p class='ocr_par' dir='ltr' id='par_1_79' title="bbox 1978 3256 3542 3330">
     <span class='ocr_line' id='line_1_79' title="bbox 1978 3256 3542 3330; baseline 0.003 -22"><span class='ocrx_word' id='word_1_634' title='bbox 1978 3257 2099 3312; x_wconf 89' lang='lat' dir='ltr'><strong>dem</strong></span> <span class='ocrx_word' id='word_1_635' title='bbox 2131 3262 2196 3310; x_wconf 84' lang='lat' dir='ltr'><strong>ad</strong></span> <span class='ocrx_word' id='word_1_636' title='bbox 2241 3256 2488 3313; x_wconf 89' lang='lat' dir='ltr'><strong>homines</strong></span> <span class='ocrx_word' id='word_1_637' title='bbox 2520 3271 2801 3312; x_wconf 90' lang='lat' dir='ltr'><strong>accessum</strong></span> <span class='ocrx_word' id='word_1_638' title='bbox 2822 3299 2837 3324; x_wconf 88' lang='lat'><strong>,</strong></span> <span class='ocrx_word' id='word_1_639' title='bbox 2891 3267 3178 3328; x_wconf 90' lang='lat' dir='ltr'><strong>ortumque</strong></span> <span class='ocrx_word' id='word_1_640' title='bbox 3205 3257 3270 3312; x_wconf 92' lang='lat' dir='ltr'><strong>de</strong></span> <span class='ocrx_word' id='word_1_641' title='bbox 3323 3257 3542 3330; x_wconf 82' lang='lat' dir='ltr'><strong>Virgine</strong></span> 
     </span>
    </p>
   </div>
   <div class='ocr_carea' id='block_1_80' title="bbox 1979 3348 3538 3422">
    <p class='ocr_par' dir='ltr' id='par_1_80' title="bbox 1979 3348 3538 3422">
     <span class='ocr_line' id='line_1_80' title="bbox 1979 3348 3538 3422; baseline 0.001 -20"><span class='ocrx_word' id='word_1_642' title='bbox 1979 3348 2374 3418; x_wconf 87' lang='lat' dir='ltr'><strong>descripturus,</strong></span> <span class='ocrx_word' id='word_1_643' title='bbox 2409 3350 2562 3419; x_wconf 85' lang='lat' dir='ltr'><strong>prius</strong></span> <span class='ocrx_word' id='word_1_644' title='bbox 2595 3350 2915 3405; x_wconf 84' lang='lat' dir='ltr'><strong>testiﬁcatur</strong></span> <span class='ocrx_word' id='word_1_645' title='bbox 2946 3365 3089 3414; x_wconf 89' lang='lat' dir='ltr'><strong>eam,</strong></span> <span class='ocrx_word' id='word_1_646' title='bbox 3121 3351 3278 3422; x_wconf 76' lang='lat' dir='ltr'><strong>3n</strong></span> <span class='ocrx_word' id='word_1_647' title='bbox 3313 3367 3434 3422; x_wconf 77' lang='lat' dir='ltr'><strong>qua:</strong></span> <span class='ocrx_word' id='word_1_648' title='bbox 3484 3353 3538 3405; x_wconf 87' lang='lat' dir='ltr'><strong>in</strong></span> 
     </span>
    </p>
   </div>
   <div class='ocr_carea' id='block_1_81' title="bbox 1983 3445 3542 3514">
    <p class='ocr_par' dir='ltr' id='par_1_81' title="bbox 1983 3445 3542 3514">
     <span class='ocr_line' id='line_1_81' title="bbox 1983 3445 3542 3514; baseline 0.003 -21"><span class='ocrx_word' id='word_1_649' title='bbox 1983 3456 2196 3496; x_wconf 89' lang='lat' dir='ltr'><strong>omnem</strong></span> <span class='ocrx_word' id='word_1_650' title='bbox 2261 3450 2462 3494; x_wconf 83' lang='lat' dir='ltr'><strong>terram</strong></span> <span class='ocrx_word' id='word_1_651' title='bbox 2497 3451 2821 3511; x_wconf 85' lang='lat' dir='ltr'><strong>perventura</strong></span> <span class='ocrx_word' id='word_1_652' title='bbox 2878 3451 3014 3507; x_wconf 88' lang='lat' dir='ltr'><strong>erat,</strong></span> <span class='ocrx_word' id='word_1_653' title='bbox 3078 3445 3464 3514; x_wconf 82' lang='lat' dir='ltr'><strong>cognitionem,</strong></span> <span class='ocrx_word' id='word_1_654' title='bbox 3489 3454 3542 3498; x_wconf 82' lang='lat' dir='ltr'><strong>et</strong></span> 
     </span>
    </p>
   </div>
   <div class='ocr_carea' id='block_1_82' title="bbox 1980 3534 3542 3606">
    <p class='ocr_par' dir='ltr' id='par_1_82' title="bbox 1980 3534 3542 3606">
     <span class='ocr_line' id='line_1_82' title="bbox 1980 3534 3542 3606; baseline 0.002 -18"><span class='ocrx_word' id='word_1_655' title='bbox 1980 3534 2166 3605; x_wconf 76' lang='lat' dir='ltr'><strong>gloriae</strong></span> <span class='ocrx_word' id='word_1_656' title='bbox 2195 3534 2652 3605; x_wconf 61' lang='lat' dir='ltr'><strong>praedicationem,</strong></span> <span class='ocrx_word' id='word_1_657' title='bbox 2680 3537 2795 3606; x_wconf 90' lang='lat' dir='ltr'><strong>ipsa</strong></span> <span class='ocrx_word' id='word_1_658' title='bbox 2825 3537 3095 3606; x_wconf 86' lang='lat' dir='ltr'><strong>seraphim</strong></span> <span class='ocrx_word' id='word_1_659' title='bbox 3123 3537 3406 3603; x_wconf 88' lang='lat' dir='ltr'><strong>inducens,</strong></span> <span class='ocrx_word' id='word_1_660' title='bbox 3424 3553 3542 3606; x_wconf 84' lang='lat' dir='ltr'><strong>qua:</strong></span> 
     </span>
    </p>
   </div>
   <div class='ocr_carea' id='block_1_83' title="bbox 1981 3625 3539 3692">
    <p class='ocr_par' dir='ltr' id='par_1_83' title="bbox 1981 3625 3539 3692">
     <span class='ocr_line' id='line_1_83' title="bbox 1981 3625 3539 3692; baseline 0.001 -11"><span class='ocrx_word' id='word_1_661' title='bbox 1981 3627 2185 3682; x_wconf 87' lang='lat' dir='ltr'><strong>circum</strong></span> <span class='ocrx_word' id='word_1_662' title='bbox 2212 3627 2362 3680; x_wconf 91' lang='lat' dir='ltr'><strong>illum</strong></span> <span class='ocrx_word' id='word_1_663' title='bbox 2389 3634 2620 3692; x_wconf 86' lang='lat' dir='ltr'><strong>starent,</strong></span> <span class='ocrx_word' id='word_1_664' title='bbox 2645 3641 2708 3680; x_wconf 89' lang='lat' dir='ltr'><strong>ac</strong></span> <span class='ocrx_word' id='word_1_665' title='bbox 2748 3627 3033 3683; x_wconf 89' lang='lat' dir='ltr'><strong>dicerent:</strong></span> <span class='ocrx_word' id='word_1_666' title='bbox 3074 3647 3092 3678; x_wconf 75' lang='grc' dir='ltr'><strong>ι</strong></span> <span class='ocrx_word' id='word_1_667' title='bbox 3136 3625 3539 3692; x_wconf 87' lang='lat' dir='ltr'><strong>Sanctus,san-</strong></span> 
     </span>
    </p>
   </div>
   <div class='ocr_carea' id='block_1_84' title="bbox 1981 3717 3542 3788">
    <p class='ocr_par' dir='ltr' id='par_1_84' title="bbox 1981 3717 3542 3788">
     <span class='ocr_line' id='line_1_84' title="bbox 1981 3717 3542 3788; baseline 0.001 -15"><span class='ocrx_word' id='word_1_668' title='bbox 1981 3729 2124 3786; x_wconf 83' lang='lat' dir='ltr'><strong>ctus,</strong></span> <span class='ocrx_word' id='word_1_669' title='bbox 2151 3730 2396 3782; x_wconf 84' lang='lat' dir='ltr'><strong>sanctus,</strong></span> <span class='ocrx_word' id='word_1_670' title='bbox 2428 3717 2688 3774; x_wconf 89' lang='lat' dir='ltr'><strong>Dominus</strong></span> <span class='ocrx_word' id='word_1_671' title='bbox 2727 3717 2987 3783; x_wconf 87' lang='lat' dir='ltr'><strong>Sabaoth,</strong></span> <span class='ocrx_word' id='word_1_672' title='bbox 3022 3719 3179 3788; x_wconf 88' lang='lat' dir='ltr'><strong>plena</strong></span> <span class='ocrx_word' id='word_1_673' title='bbox 3226 3729 3312 3775; x_wconf 90' lang='lat' dir='ltr'><strong>est</strong></span> <span class='ocrx_word' id='word_1_674' title='bbox 3361 3721 3542 3776; x_wconf 85' lang='lat' dir='ltr'><strong>omnis</strong></span> 
     </span>
    </p>
   </div>
   <div class='ocr_carea' id='block_1_85' title="bbox 1980 3809 3542 3884">
    <p class='ocr_par' dir='ltr' id='par_1_85' title="bbox 1980 3809 3542 3884">
     <span class='ocr_line' id='line_1_85' title="bbox 1980 3809 3542 3884; baseline -0.003 -17"><span class='ocrx_word' id='word_1_675' title='bbox 1980 3819 2126 3867; x_wconf 82' lang='lat' dir='ltr'><strong>terra</strong></span> <span class='ocrx_word' id='word_1_676' title='bbox 2159 3812 2329 3884; x_wconf 85' lang='lat' dir='ltr'><strong>gloria</strong></span> <span class='ocrx_word' id='word_1_677' title='bbox 2353 3812 2492 3881; x_wconf 89' lang='lat' dir='ltr'><strong>ejus.</strong></span> <span class='ocrx_word' id='word_1_678' title='bbox 2534 3831 2551 3864; x_wconf 73' lang='grc' dir='ltr'><strong>ι</strong></span> <span class='ocrx_word' id='word_1_679' title='bbox 2587 3809 2692 3866; x_wconf 90' lang='lat' dir='ltr'><strong>Sed</strong></span> <span class='ocrx_word' id='word_1_680' title='bbox 2731 3826 2978 3881; x_wconf 80' lang='lat' dir='ltr'><strong>quamam</strong></span> <span class='ocrx_word' id='word_1_681' title='bbox 3007 3811 3367 3866; x_wconf 75' lang='lat' dir='ltr'><strong>existimanda</strong></span> <span class='ocrx_word' id='word_1_682' title='bbox 3416 3820 3542 3866; x_wconf 87' lang='lat' dir='ltr'><strong>sunt</strong></span> 
     </span>
    </p>
   </div>
   <div class='ocr_carea' id='block_1_86' title="bbox 1983 3900 3542 3973">
    <p class='ocr_par' dir='ltr' id='par_1_86' title="bbox 1983 3900 3542 3973">
     <span class='ocr_line' id='line_1_86' title="bbox 1983 3900 3542 3973; baseline -0.002 -15"><span class='ocrx_word' id='word_1_683' title='bbox 1983 3903 2099 3959; x_wconf 62' lang='lat' dir='ltr'><strong>hate</strong></span> <span class='ocrx_word' id='word_1_684' title='bbox 2126 3904 2421 3973; x_wconf 72' lang='lat' dir='ltr'><strong>seraphin],</strong></span> <span class='ocrx_word' id='word_1_685' title='bbox 2448 3902 2724 3958; x_wconf 86' lang='lat' dir='ltr'><strong>Christum</strong></span> <span class='ocrx_word' id='word_1_686' title='bbox 2757 3901 2852 3957; x_wconf 88' lang='lat' dir='ltr'><strong>Dei</strong></span> <span class='ocrx_word' id='word_1_687' title='bbox 2872 3902 3171 3972; x_wconf 86' lang='lat' dir='ltr'><strong>stipantia?</strong></span> <span class='ocrx_word' id='word_1_688' title='bbox 3200 3900 3338 3955; x_wconf 82' lang='lat' dir='ltr'><strong>Num</strong></span> <span class='ocrx_word' id='word_1_689' title='bbox 3377 3904 3542 3956; x_wconf 84' lang='lat' dir='ltr'><strong>l&#39;orsi-</strong></span> 
     </span>
    </p>
   </div>
   <div class='ocr_carea' id='block_1_87' title="bbox 1982 3993 3543 4066">
    <p class='ocr_par' dir='ltr' id='par_1_87' title="bbox 1982 3993 3543 4066">
     <span class='ocr_line' id='line_1_87' title="bbox 1982 3993 3543 4066; baseline -0.002 -17"><span class='ocrx_word' id='word_1_690' title='bbox 1982 4003 2074 4050; x_wconf 87' lang='lat' dir='ltr'><strong>tan</strong></span> <span class='ocrx_word' id='word_1_691' title='bbox 2103 3997 2416 4066; x_wconf 80' lang='lat' dir='ltr'><strong>angelorum</strong></span> <span class='ocrx_word' id='word_1_692' title='bbox 2447 4009 2510 4049; x_wconf 86' lang='lat' dir='ltr'><strong>ac</strong></span> <span class='ocrx_word' id='word_1_693' title='bbox 2541 3993 2846 4047; x_wconf 86' lang='lat' dir='ltr'><strong>divinarum</strong></span> <span class='ocrx_word' id='word_1_694' title='bbox 2886 3999 3213 4059; x_wconf 88' lang='lat' dir='ltr'><strong>potestatum</strong></span> <span class='ocrx_word' id='word_1_695' title='bbox 3244 3993 3396 4046; x_wconf 87' lang='lat' dir='ltr'><strong>chori</strong></span> <span class='ocrx_word' id='word_1_696' title='bbox 3424 4034 3440 4058; x_wconf 93' lang='lat'><strong>,</strong></span> <span class='ocrx_word' id='word_1_697' title='bbox 3473 4009 3543 4046; x_wconf 89' lang='lat' dir='ltr'><strong>an</strong></span> 
     </span>
    </p>
   </div>
   <div class='ocr_carea' id='block_1_88' title="bbox 1982 4083 3547 4156">
    <p class='ocr_par' dir='ltr' id='par_1_88' title="bbox 1982 4083 3547 4156">
     <span class='ocr_line' id='line_1_88' title="bbox 1982 4083 3547 4156; baseline -0.003 -16"><span class='ocrx_word' id='word_1_698' title='bbox 1982 4101 2111 4140; x_wconf 85' lang='lat' dir='ltr'><strong>vero</strong></span> <span class='ocrx_word' id='word_1_699' title='bbox 2139 4086 2522 4156; x_wconf 88' lang='lat' dir='ltr'><strong>prophetarum</strong></span> <span class='ocrx_word' id='word_1_700' title='bbox 2561 4093 2722 4156; x_wconf 89' lang='lat' dir='ltr'><strong>atque</strong></span> <span class='ocrx_word' id='word_1_701' title='bbox 2765 4083 3172 4154; x_wconf 85' lang='lat' dir='ltr'><strong>apostolorum?</strong></span> <span class='ocrx_word' id='word_1_702' title='bbox 3216 4099 3340 4138; x_wconf 90' lang='lat' dir='ltr'><strong>nam</strong></span> <span class='ocrx_word' id='word_1_703' title='bbox 3390 4099 3547 4138; x_wconf 85' lang='lat' dir='ltr'><strong>sera-</strong></span> 
     </span>
    </p>
   </div>
   <div class='ocr_carea' id='block_1_89' title="bbox 1985 4176 3542 4248">
    <p class='ocr_par' dir='ltr' id='par_1_89' title="bbox 1985 4176 3542 4248">
     <span class='ocr_line' id='line_1_89' title="bbox 1985 4176 3542 4248; baseline 0 -18"><span class='ocrx_word' id='word_1_704' title='bbox 1985 4178 2130 4246; x_wconf 90' lang='lat' dir='ltr'><strong>phim</strong></span> <span class='ocrx_word' id='word_1_705' title='bbox 2163 4178 2208 4243; x_wconf 79' lang='lat' dir='ltr'><strong>si</strong></span> <span class='ocrx_word' id='word_1_706' title='bbox 2249 4179 2652 4248; x_wconf 86' lang='lat' dir='ltr'><strong>interpreteris,</strong></span> <span class='ocrx_word' id='word_1_707' title='bbox 2689 4178 2896 4232; x_wconf 78' lang='lat' dir='ltr'><strong>initium</strong></span> <span class='ocrx_word' id='word_1_708' title='bbox 2933 4178 3038 4232; x_wconf 75' lang='lat' dir='ltr'><strong>oris</strong></span> <span class='ocrx_word' id='word_1_709' title='bbox 3071 4178 3302 4246; x_wconf 77' lang='lat' dir='ltr'><strong>ipsorum</strong></span> <span class='ocrx_word' id='word_1_710' title='bbox 3331 4176 3542 4242; x_wconf 85' lang='lat' dir='ltr'><strong>audias.</strong></span> 
     </span>
    </p>
   </div>
   <div class='ocr_carea' id='block_1_90' title="bbox 1984 4267 3543 4339">
    <p class='ocr_par' dir='ltr' id='par_1_90' title="bbox 1984 4267 3543 4339">
     <span class='ocr_line' id='line_1_90' title="bbox 1984 4267 3543 4339; baseline -0.001 -17"><span class='ocrx_word' id='word_1_711' title='bbox 1984 4268 2142 4322; x_wconf 86' lang='lat' dir='ltr'><strong>Tales</strong></span> <span class='ocrx_word' id='word_1_712' title='bbox 2177 4283 2306 4323; x_wconf 89' lang='lat' dir='ltr'><strong>vero</strong></span> <span class='ocrx_word' id='word_1_713' title='bbox 2337 4277 2390 4323; x_wconf 90' lang='lat' dir='ltr'><strong>et</strong></span> <span class='ocrx_word' id='word_1_714' title='bbox 2425 4267 2696 4337; x_wconf 71' lang='lat' dir='ltr'><strong>propheta:</strong></span> <span class='ocrx_word' id='word_1_715' title='bbox 2727 4277 2782 4323; x_wconf 91' lang='lat' dir='ltr'><strong>et</strong></span> <span class='ocrx_word' id='word_1_716' title='bbox 2817 4267 3069 4339; x_wconf 86' lang='lat' dir='ltr'><strong>apostoli,</strong></span> <span class='ocrx_word' id='word_1_717' title='bbox 3095 4281 3191 4336; x_wconf 91' lang='lat' dir='ltr'><strong>per</strong></span> <span class='ocrx_word' id='word_1_718' title='bbox 3211 4281 3437 4335; x_wconf 86' lang='lat' dir='ltr'><strong>quorum</strong></span> <span class='ocrx_word' id='word_1_719' title='bbox 3457 4279 3543 4332; x_wconf 90' lang='lat' dir='ltr'><strong>os,</strong></span> 
     </span>
    </p>
   </div>
   <div class='ocr_carea' id='block_1_91' title="bbox 332 4351 1876 4442">
    <p class='ocr_par' dir='ltr' id='par_1_91' title="bbox 332 4351 1876 4428">
     <span class='ocr_line' id='line_1_91' title="bbox 332 4351 1876 4428; baseline 0.005 -26"><span class='ocrx_word' id='word_1_720' title='bbox 332 4367 455 4416; x_wconf 84' lang='grc' dir='ltr'>σεως</span> <span class='ocrx_word' id='word_1_721' title='bbox 500 4351 967 4424; x_wconf 79' lang='grc' dir='ltr'>ἐπικρύπτουσιν,</span> <span class='ocrx_word' id='word_1_722' title='bbox 1013 4355 1087 4417; x_wconf 82' lang='grc' dir='ltr'>ὡς</span> <span class='ocrx_word' id='word_1_723' title='bbox 1127 4357 1340 4427; x_wconf 77' lang='grc' dir='ltr'>ἄρρητα</span> <span class='ocrx_word' id='word_1_724' title='bbox 1379 4358 1470 4411; x_wconf 77' lang='grc' dir='ltr'>καὶ</span> <span class='ocrx_word' id='word_1_725' title='bbox 1525 4357 1876 4428; x_wconf 82' lang='grc' dir='ltr'>ἀκατάληπτα</span> 
     </span>
    </p>
   </div>
   <div class='ocr_carea' id='block_1_92' title="bbox 1979 4351 3545 4442">
    <p class='ocr_par' dir='ltr' id='par_1_92' title="bbox 1987 4356 3545 4427">
     <span class='ocr_line' id='line_1_92' title="bbox 1987 4356 3545 4427; baseline -0.001 -16"><span class='ocrx_word' id='word_1_726' title='bbox 1987 4359 2157 4412; x_wconf 87' lang='lat' dir='ltr'><strong>instar</strong></span> <span class='ocrx_word' id='word_1_727' title='bbox 2184 4358 2564 4427; x_wconf 90' lang='lat' dir='ltr'><strong>primitiarum,</strong></span> <span class='ocrx_word' id='word_1_728' title='bbox 2606 4358 2823 4412; x_wconf 87' lang='lat' dir='ltr'><strong>initium</strong></span> <span class='ocrx_word' id='word_1_729' title='bbox 2853 4357 3107 4414; x_wconf 89' lang='lat' dir='ltr'><strong>salutaris</strong></span> <span class='ocrx_word' id='word_1_730' title='bbox 3143 4356 3545 4427; x_wconf 62' lang='lat' dir='ltr'><strong>prtedieationis</strong></span> 
     </span>
    </p>
   </div>
   <div class='ocr_carea' id='block_1_93' title="bbox 326 4443 1881 4519">
    <p class='ocr_par' dir='ltr' id='par_1_93' title="bbox 326 4443 1881 4519">
     <span class='ocr_line' id='line_1_93' title="bbox 326 4443 1881 4519; baseline 0.004 -22"><span class='ocrx_word' id='word_1_731' title='bbox 326 4443 444 4498; x_wconf 74' lang='grc' dir='ltr'>ὄντα</span> <span class='ocrx_word' id='word_1_732' title='bbox 471 4446 571 4516; x_wconf 74' lang='grc' dir='ltr'>τὴν</span> <span class='ocrx_word' id='word_1_733' title='bbox 603 4445 787 4514; x_wconf 76' lang='grc' dir='ltr'>φύσιν,</span> <span class='ocrx_word' id='word_1_734' title='bbox 821 4445 887 4498; x_wconf 81' lang='grc' dir='ltr'><strong>τὰ</strong></span> <span class='ocrx_word' id='word_1_735' title='bbox 914 4445 969 4498; x_wconf 83' lang='grc' dir='ltr'><strong>δὲ</strong></span> <span class='ocrx_word' id='word_1_736' title='bbox 1000 4445 1138 4516; x_wconf 80' lang='grc' dir='ltr'>μέσα</span> <span class='ocrx_word' id='word_1_737' title='bbox 1165 4446 1264 4517; x_wconf 80' lang='grc' dir='ltr'>τῆς</span> <span class='ocrx_word' id='word_1_738' title='bbox 1299 4447 1426 4519; x_wconf 72' lang='grc' dir='ltr'>περὶ</span> <span class='ocrx_word' id='word_1_739' title='bbox 1473 4448 1636 4503; x_wconf 84' lang='grc' dir='ltr'>αὑτοῦ</span> <span class='ocrx_word' id='word_1_740' title='bbox 1677 4451 1881 4503; x_wconf 74' lang='grc' dir='ltr'>οἰκονο-</span> 
     </span>
    </p>
   </div>
   <div class='ocr_carea' id='block_1_94' title="bbox 327 4537 1885 4610">
    <p class='ocr_par' dir='ltr' id='par_1_94' title="bbox 327 4537 1885 4610">
     <span class='ocr_line' id='line_1_94' title="bbox 327 4537 1885 4610; baseline 0.003 -21"><span class='ocrx_word' id='word_1_741' title='bbox 327 4539 446 4607; x_wconf 81' lang='grc' dir='ltr'>μίας</span> <span class='ocrx_word' id='word_1_742' title='bbox 472 4537 844 4606; x_wconf 77' lang='grc' dir='ltr'>ἑκφαίνουσιν.</span> <span class='ocrx_word' id='word_1_743' title='bbox 867 4539 946 4591; x_wconf 85' lang='grc' dir='ltr'>ὅτι</span> <span class='ocrx_word' id='word_1_744' title='bbox 979 4539 1041 4610; x_wconf 77' lang='grc' dir='ltr'><strong>δὴ</strong></span> <span class='ocrx_word' id='word_1_745' title='bbox 1069 4539 1203 4610; x_wconf 85' lang='grc' dir='ltr'>μόνα</span> <span class='ocrx_word' id='word_1_746' title='bbox 1225 4540 1439 4609; x_wconf 79' lang='grc' dir='ltr'>γνωστὰ</span> <span class='ocrx_word' id='word_1_747' title='bbox 1474 4541 1643 4594; x_wconf 88' lang='grc' dir='ltr'>ταῦτα</span> <span class='ocrx_word' id='word_1_748' title='bbox 1677 4540 1885 4610; x_wconf 84' lang='grc' dir='ltr'>ἀνθρώ-</span> 
     </span>
    </p>
   </div>
   <div class='ocr_carea' id='block_1_95' title="bbox 324 4631 1884 4704">
    <p class='ocr_par' dir='ltr' id='par_1_95' title="bbox 324 4631 1884 4704">
     <span class='ocr_line' id='line_1_95' title="bbox 324 4631 1884 4704; baseline 0.002 -22"><span class='ocrx_word' id='word_1_749' title='bbox 324 4647 434 4683; x_wconf 84' lang='grc' dir='ltr'><strong>πων</strong></span> <span class='ocrx_word' id='word_1_750' title='bbox 459 4631 641 4699; x_wconf 62' lang='grc' dir='ltr'>φύσει,</span> <span class='ocrx_word' id='word_1_751' title='bbox 669 4631 777 4685; x_wconf 87' lang='grc' dir='ltr'><strong>τῶν</strong></span> <span class='ocrx_word' id='word_1_752' title='bbox 820 4631 1072 4684; x_wconf 80' lang='grc' dir='ltr'>ἐπέκεινα</span> <span class='ocrx_word' id='word_1_753' title='bbox 1127 4633 1220 4685; x_wconf 80' lang='grc' dir='ltr'>καὶ</span> <span class='ocrx_word' id='word_1_754' title='bbox 1277 4632 1382 4685; x_wconf 89' lang='grc' dir='ltr'><strong>τῶν</strong></span> <span class='ocrx_word' id='word_1_755' title='bbox 1425 4632 1560 4704; x_wconf 83' lang='grc' dir='ltr'>μετὰ</span> <span class='ocrx_word' id='word_1_756' title='bbox 1607 4632 1779 4686; x_wconf 79' lang='grc' dir='ltr'>ταῦτα</span> <span class='ocrx_word' id='word_1_757' title='bbox 1827 4635 1884 4685; x_wconf 85' lang='grc' dir='ltr'><strong>ἑν</strong></span> 
     </span>
    </p>
   </div>
   <div class='ocr_carea' id='block_1_96' title="bbox 321 4720 1884 4792">
    <p class='ocr_par' dir='ltr' id='par_1_96' title="bbox 321 4720 1884 4792">
     <span class='ocr_line' id='line_1_96' title="bbox 321 4720 1884 4792; baseline 0.001 -20"><span class='ocrx_word' id='word_1_758' title='bbox 321 4721 649 4792; x_wconf 72' lang='grc' dir='ltr'>ἀπορρήτοις</span> <span class='ocrx_word' id='word_1_759' title='bbox 684 4720 1072 4790; x_wconf 83' lang='grc' dir='ltr'>σεσιγημένων.</span> <span class='ocrx_word' id='word_1_760' title='bbox 1102 4721 1208 4772; x_wconf 79' lang='grc' dir='ltr'>Καὶ</span> <span class='ocrx_word' id='word_1_761' title='bbox 1244 4720 1498 4790; x_wconf 82' lang='grc' dir='ltr'>δυνάμεις</span> <span class='ocrx_word' id='word_1_762' title='bbox 1535 4721 1591 4774; x_wconf 80' lang='grc' dir='ltr'><strong>δὲ</strong></span> <span class='ocrx_word' id='word_1_763' title='bbox 1619 4722 1757 4775; x_wconf 85' lang='grc' dir='ltr'>θεῖαι</span> <span class='ocrx_word' id='word_1_764' title='bbox 1793 4722 1884 4776; x_wconf 79' lang='grc' dir='ltr'>καὶ</span> 
     </span>
    </p>
   </div>
   <div class='ocr_carea' id='block_1_97' title="bbox 320 4809 1887 4885">
    <p class='ocr_par' dir='ltr' id='par_1_97' title="bbox 320 4809 1887 4885">
     <span class='ocr_line' id='line_1_97' title="bbox 320 4809 1887 4885; baseline 0 -19"><span class='ocrx_word' id='word_1_765' title='bbox 320 4815 557 4885; x_wconf 70' lang='grc' dir='ltr'>οὐράνιοι</span> <span class='ocrx_word' id='word_1_766' title='bbox 598 4809 706 4865; x_wconf 76' lang='grc' dir='ltr'>εἷεν</span> <span class='ocrx_word' id='word_1_767' title='bbox 736 4813 821 4876; x_wconf 84' lang='grc' dir='ltr'>ἂν,</span> <span class='ocrx_word' id='word_1_768' title='bbox 857 4812 944 4865; x_wconf 75' lang='grc' dir='ltr'>διὰ</span> <span class='ocrx_word' id='word_1_769' title='bbox 978 4813 1038 4864; x_wconf 84' lang='grc' dir='ltr'>τὸ</span> <span class='ocrx_word' id='word_1_770' title='bbox 1082 4813 1320 4882; x_wconf 74' lang='grc' dir='ltr'>σεραςρὶμ</span> <span class='ocrx_word' id='word_1_771' title='bbox 1357 4811 1748 4883; x_wconf 80' lang='grc' dir='ltr'>ἑρμηνεύεσθαι</span> <span class='ocrx_word' id='word_1_772' title='bbox 1787 4812 1887 4881; x_wconf 67' lang='grc' dir='ltr'>ἐγι-</span> 
     </span>
    </p>
   </div>
   <div class='ocr_carea' id='block_1_98' title="bbox 319 4904 1886 4975">
    <p class='ocr_par' dir='ltr' id='par_1_98' title="bbox 319 4904 1886 4975">
     <span class='ocr_line' id='line_1_98' title="bbox 319 4904 1886 4975; baseline -0.001 -17"><span class='ocrx_word' id='word_1_773' title='bbox 319 4906 588 4974; x_wconf 73' lang='grc' dir='ltr'>πρησμοί</span> <span class='ocrx_word' id='word_1_774' title='bbox 609 4923 622 4937; x_wconf 78' lang='grc'><strong><em>⁸</em></strong></span> <span class='ocrx_word' id='word_1_775' title='bbox 657 4905 738 4959; x_wconf 75' lang='grc' dir='ltr'>διὸ</span> <span class='ocrx_word' id='word_1_776' title='bbox 776 4904 1020 4975; x_wconf 79' lang='grc' dir='ltr'>εἴρηται’</span> <span class='ocrx_word' id='word_1_777' title='bbox 1067 4925 1084 4956; x_wconf 83' lang='grc' dir='ltr'><strong>ι</strong></span> <span class='ocrx_word' id='word_1_778' title='bbox 1134 4907 1190 4958; x_wconf 87' lang='lat' dir='ltr'><strong>&#39;U</strong></span> <span class='ocrx_word' id='word_1_779' title='bbox 1237 4904 1402 4960; x_wconf 85' lang='grc' dir='ltr'>ποιῶν</span> <span class='ocrx_word' id='word_1_780' title='bbox 1451 4906 1576 4967; x_wconf 78' lang='grc' dir='ltr'>τοὺς</span> <span class='ocrx_word' id='word_1_781' title='bbox 1627 4905 1886 4972; x_wconf 81' lang='grc' dir='ltr'>ἀγγέλους</span> 
     </span>
    </p>
   </div>
   <div class='ocr_carea' id='block_1_99' title="bbox 320 4995 1886 5069">
    <p class='ocr_par' dir='ltr' id='par_1_99' title="bbox 320 4995 1886 5069">
     <span class='ocr_line' id='line_1_99' title="bbox 320 4995 1886 5069; baseline -0.003 -17"><span class='ocrx_word' id='word_1_782' title='bbox 320 4998 482 5052; x_wconf 78' lang='grc' dir='ltr'>αὐτοῦ</span> <span class='ocrx_word' id='word_1_783' title='bbox 509 4999 826 5069; x_wconf 82' lang='grc' dir='ltr'>πνεύματα,</span> <span class='ocrx_word' id='word_1_784' title='bbox 863 4999 954 5050; x_wconf 79' lang='grc' dir='ltr'>καὶ</span> <span class='ocrx_word' id='word_1_785' title='bbox 987 4998 1111 5062; x_wconf 73' lang='grc' dir='ltr'>τοὺς</span> <span class='ocrx_word' id='word_1_786' title='bbox 1147 4998 1489 5068; x_wconf 82' lang='grc' dir='ltr'>λειτουργοὺς</span> <span class='ocrx_word' id='word_1_787' title='bbox 1521 4995 1684 5049; x_wconf 81' lang='grc' dir='ltr'>αὑτοῦ</span> <span class='ocrx_word' id='word_1_788' title='bbox 1717 4997 1886 5068; x_wconf 75' lang='grc' dir='ltr'>πυρὸς</span> 
     </span>
    </p>
   </div>
   <div class='ocr_carea' id='block_1_100' title="bbox 321 5082 1885 5159">
    <p class='ocr_par' dir='ltr' id='par_1_100' title="bbox 321 5082 1885 5159">
     <span class='ocr_line' id='line_1_100' title="bbox 321 5082 1885 5159; baseline -0.002 -19"><span class='ocrx_word' id='word_1_789' title='bbox 321 5089 513 5158; x_wconf 67' lang='grc' dir='ltr'>φλόγα.</span> <span class='ocrx_word' id='word_1_790' title='bbox 547 5107 566 5139; x_wconf 73' lang='grc' dir='ltr'><strong>ι</strong></span> <span class='ocrx_word' id='word_1_791' title='bbox 597 5089 914 5159; x_wconf 84' lang='grc' dir='ltr'>Κεκράγασι</span> <span class='ocrx_word' id='word_1_792' title='bbox 939 5087 995 5140; x_wconf 81' lang='grc' dir='ltr'><strong>δὲ</strong></span> <span class='ocrx_word' id='word_1_793' title='bbox 1034 5082 1176 5140; x_wconf 77' lang='grc' dir='ltr'>οὗτοι</span> <span class='ocrx_word' id='word_1_794' title='bbox 1224 5087 1314 5139; x_wconf 76' lang='grc' dir='ltr'><strong>καὶ</strong></span> <span class='ocrx_word' id='word_1_795' title='bbox 1347 5085 1538 5155; x_wconf 80' lang='grc' dir='ltr'>βοῶσιν</span> <span class='ocrx_word' id='word_1_796' title='bbox 1579 5086 1762 5156; x_wconf 83' lang='grc' dir='ltr'>ἑτερος</span> <span class='ocrx_word' id='word_1_797' title='bbox 1810 5084 1885 5155; x_wconf 82' lang='grc' dir='ltr'>τῷ</span> 
     </span>
    </p>
   </div>
   <div class='ocr_carea' id='block_1_101' title="bbox 323 5177 1884 5251">
    <p class='ocr_par' dir='ltr' id='par_1_101' title="bbox 323 5177 1884 5251">
     <span class='ocr_line' id='line_1_101' title="bbox 323 5177 1884 5251; baseline -0.003 -17"><span class='ocrx_word' id='word_1_798' title='bbox 323 5180 491 5251; x_wconf 80' lang='grc' dir='ltr'>ἑτέρῳ</span> <span class='ocrx_word' id='word_1_799' title='bbox 521 5180 660 5233; x_wconf 86' lang='grc' dir='ltr'><strong>κατά</strong></span> <span class='ocrx_word' id='word_1_800' title='bbox 688 5181 787 5251; x_wconf 83' lang='grc' dir='ltr'>τὴν</span> <span class='ocrx_word' id='word_1_801' title='bbox 829 5179 1031 5233; x_wconf 80' lang='grc' dir='ltr'>οἰκείαν</span> <span class='ocrx_word' id='word_1_802' title='bbox 1065 5178 1312 5249; x_wconf 83' lang='grc' dir='ltr'>δύναμιν,</span> <span class='ocrx_word' id='word_1_803' title='bbox 1345 5178 1444 5249; x_wconf 79' lang='grc' dir='ltr'>τὴν</span> <span class='ocrx_word' id='word_1_804' title='bbox 1491 5177 1750 5247; x_wconf 75' lang='grc' dir='ltr'>ἀγιότητα</span> <span class='ocrx_word' id='word_1_805' title='bbox 1791 5177 1884 5230; x_wconf 88' lang='grc' dir='ltr'><strong>τοῦ</strong></span> 
     </span>
    </p>
   </div>
   <div class='ocr_carea' id='block_1_102' title="bbox 322 5268 1886 5342">
    <p class='ocr_par' dir='ltr' id='par_1_102' title="bbox 322 5268 1886 5342">
     <span class='ocr_line' id='line_1_102' title="bbox 322 5268 1886 5342; baseline -0.003 -18"><span class='ocrx_word' id='word_1_806' title='bbox 322 5271 737 5341; x_wconf 82' lang='grc' dir='ltr'>θεολογουμένου</span> <span class='ocrx_word' id='word_1_807' title='bbox 761 5269 1153 5342; x_wconf 83' lang='grc' dir='ltr'>παριστῶντες,</span> <span class='ocrx_word' id='word_1_808' title='bbox 1182 5271 1278 5322; x_wconf 75' lang='grc' dir='ltr'>καὶ</span> <span class='ocrx_word' id='word_1_809' title='bbox 1301 5269 1362 5322; x_wconf 89' lang='grc' dir='ltr'><strong>τό</strong></span> <span class='ocrx_word' id='word_1_810' title='bbox 1376 5286 1439 5337; x_wconf 86' lang='grc' dir='ltr'><strong>γε</strong></span> <span class='ocrx_word' id='word_1_811' title='bbox 1468 5268 1684 5322; x_wconf 88' lang='grc' dir='ltr'>πάντων</span> <span class='ocrx_word' id='word_1_812' title='bbox 1709 5285 1886 5340; x_wconf 89' lang='grc' dir='ltr'>παρα-</span> 
     </span>
    </p>
   </div>
   <div class='ocr_carea' id='block_1_103' title="bbox 315 5360 1884 5432">
    <p class='ocr_par' dir='ltr' id='par_1_103' title="bbox 315 5360 1884 5432">
     <span class='ocr_line' id='line_1_103' title="bbox 315 5360 1884 5432; baseline -0.002 -16"><span class='ocrx_word' id='word_1_813' title='bbox 315 5361 629 5427; x_wconf 78' lang='grc' dir='ltr'>δοξότατον,</span> <span class='ocrx_word' id='word_1_814' title='bbox 676 5361 1068 5430; x_wconf 81' lang='grc' dir='ltr'>θεολογοῦντες.</span> <span class='ocrx_word' id='word_1_815' title='bbox 1116 5363 1234 5414; x_wconf 79' lang='grc' dir='ltr'><strong>Ὀτι</strong></span> <span class='ocrx_word' id='word_1_816' title='bbox 1284 5361 1356 5432; x_wconf 80' lang='grc' dir='ltr'>μὴ</span> <span class='ocrx_word' id='word_1_817' title='bbox 1399 5361 1556 5431; x_wconf 87' lang='grc' dir='ltr'>μόνος</span> <span class='ocrx_word' id='word_1_818' title='bbox 1588 5361 1682 5414; x_wconf 77' lang='grc' dir='ltr'>καὶ</span> <span class='ocrx_word' id='word_1_819' title='bbox 1719 5360 1786 5413; x_wconf 75' lang='grc' dir='ltr'><strong>τὰ</strong></span> <span class='ocrx_word' id='word_1_820' title='bbox 1827 5361 1884 5413; x_wconf 84' lang='grc' dir='ltr'><strong>ἑν</strong></span> 
     </span>
    </p>
   </div>
   <div class='ocr_carea' id='block_1_104' title="bbox 316 5450 1880 5526">
    <p class='ocr_par' dir='ltr' id='par_1_104' title="bbox 316 5450 1880 5526">
     <span class='ocr_line' id='line_1_104' title="bbox 316 5450 1880 5526; baseline -0.003 -20"><span class='ocrx_word' id='word_1_821' title='bbox 316 5453 534 5526; x_wconf 73' lang='grc' dir='ltr'>οὐρανῷ</span> <span class='ocrx_word' id='word_1_822' title='bbox 557 5454 734 5506; x_wconf 84' lang='grc' dir='ltr'>πάντα</span> <span class='ocrx_word' id='word_1_823' title='bbox 759 5453 936 5524; x_wconf 86' lang='grc' dir='ltr'>πλήρη</span> <span class='ocrx_word' id='word_1_824' title='bbox 963 5453 1215 5522; x_wconf 85' lang='grc' dir='ltr'>τυγχάνει</span> <span class='ocrx_word' id='word_1_825' title='bbox 1242 5451 1338 5521; x_wconf 82' lang='grc' dir='ltr'>τῆς</span> <span class='ocrx_word' id='word_1_826' title='bbox 1362 5450 1664 5519; x_wconf 77' lang='grc' dir='ltr'>δοξολογίας</span> <span class='ocrx_word' id='word_1_827' title='bbox 1695 5450 1880 5516; x_wconf 78' lang='grc' dir='ltr'>αὑτοῦ,</span> 
     </span>
    </p>
   </div>
   <div class='ocr_carea' id='block_1_105' title="bbox 387 5627 863 5692">
    <p class='ocr_par' dir='ltr' id='par_1_105' title="bbox 387 5627 863 5692">
     <span class='ocr_line' id='line_1_105' title="bbox 387 5627 863 5692; baseline -0.004 -10"><span class='ocrx_word' id='word_1_828' title='bbox 387 5630 431 5662; x_wconf 76' lang='grc'><strong>³⁵</strong></span> <span class='ocrx_word' id='word_1_829' title='bbox 465 5629 564 5684; x_wconf 75' lang='lat' dir='ltr'><strong>lsa.</strong></span> <span class='ocrx_word' id='word_1_830' title='bbox 602 5645 678 5692; x_wconf 84' lang='lat' dir='ltr'><strong>vi,</strong></span> <span class='ocrx_word' id='word_1_831' title='bbox 713 5627 863 5681; x_wconf 82' lang='lat' dir='ltr'><strong>8-H.</strong></span> 
     </span>
    </p>
   </div>
   <div class='ocr_carea' id='block_1_106' title="bbox 670 5724 1371 5790">
    <p class='ocr_par' dir='ltr' id='par_1_106' title="bbox 670 5724 1371 5790">
     <span class='ocr_line' id='line_1_106' title="bbox 670 5724 1371 5790; baseline 0.009 -6"><span class='ocrx_word' id='word_1_832' title='bbox 670 5725 960 5786; x_wconf 76' lang='grc' dir='ltr'>Ῥηιιοι..</span> <span class='ocrx_word' id='word_1_833' title='bbox 1001 5724 1116 5785; x_wconf 70' lang='lat' dir='ltr'><strong>Gn.</strong></span> <span class='ocrx_word' id='word_1_834' title='bbox 1166 5725 1371 5790; x_wconf 75' lang='lat' dir='ltr'><strong>XXII.</strong></span> 
     </span>
    </p>
   </div>
   <div class='ocr_carea' id='block_1_107' title="bbox 945 5626 1906 5704">
    <p class='ocr_par' dir='ltr' id='par_1_107' title="bbox 945 5626 1906 5704">
     <span class='ocr_line' id='line_1_107' title="bbox 945 5626 1906 5704; baseline 0.003 -25"><span class='ocrx_word' id='word_1_835' title='bbox 945 5626 988 5658; x_wconf 81' lang='grc'>³⁸</span> <span class='ocrx_word' id='word_1_836' title='bbox 1018 5627 1160 5704; x_wconf 85' lang='lat' dir='ltr'><strong>Psal.</strong></span> <span class='ocrx_word' id='word_1_837' title='bbox 1196 5643 1340 5688; x_wconf 65' lang='grc' dir='ltr'>κων,</span> <span class='ocrx_word' id='word_1_838' title='bbox 1373 5629 1426 5685; x_wconf 94' lang='lat'><strong>7.</strong></span> <span class='ocrx_word' id='word_1_839' title='bbox 1504 5630 1546 5662; x_wconf 88' lang='grc'><strong>³⁷</strong></span> <span class='ocrx_word' id='word_1_840' title='bbox 1573 5627 1715 5684; x_wconf 87' lang='lat' dir='ltr'><strong>Psal.</strong></span> <span class='ocrx_word' id='word_1_841' title='bbox 1746 5643 1855 5696; x_wconf 68' lang='lat' dir='ltr'><strong>alx,</strong></span> <span class='ocrx_word' id='word_1_842' title='bbox 1887 5627 1906 5682; x_wconf 78' lang='lat' dir='ltr'><strong>l</strong></span> 
     </span>
    </p>
   </div>
   <div class='ocr_carea' id='block_1_108' title="bbox 1993 4439 3544 4518">
    <p class='ocr_par' dir='ltr' id='par_1_108' title="bbox 1993 4439 3544 4518">
     <span class='ocr_line' id='line_1_108' title="bbox 1993 4439 3544 4518; baseline -0.002 -17"><span class='ocrx_word' id='word_1_843' title='bbox 1993 4449 2191 4501; x_wconf 84' lang='lat' dir='ltr'><strong>laetum</strong></span> <span class='ocrx_word' id='word_1_844' title='bbox 2215 4457 2320 4511; x_wconf 90' lang='lat' dir='ltr'><strong>est,</strong></span> <span class='ocrx_word' id='word_1_845' title='bbox 2344 4464 2410 4502; x_wconf 80' lang='lat' dir='ltr'><strong>ex</strong></span> <span class='ocrx_word' id='word_1_846' title='bbox 2435 4462 2544 4518; x_wconf 90' lang='lat' dir='ltr'><strong>quo</strong></span> <span class='ocrx_word' id='word_1_847' title='bbox 2573 4439 2986 4518; x_wconf 78' lang='lat' dir='ltr'><strong>appellatiOnem</strong></span> <span class='ocrx_word' id='word_1_848' title='bbox 3021 4448 3160 4500; x_wconf 87' lang='lat' dir='ltr'><strong>hanc</strong></span> <span class='ocrx_word' id='word_1_849' title='bbox 3191 4446 3368 4500; x_wconf 86' lang='lat' dir='ltr'><strong>sortiti</strong></span> <span class='ocrx_word' id='word_1_850' title='bbox 3398 4455 3544 4508; x_wconf 87' lang='lat' dir='ltr'><strong>sunt,</strong></span> 
     </span>
    </p>
   </div>
   <div class='ocr_carea' id='block_1_109' title="bbox 1991 4535 3548 4607">
    <p class='ocr_par' dir='ltr' id='par_1_109' title="bbox 1991 4535 3548 4607">
     <span class='ocr_line' id='line_1_109' title="bbox 1991 4535 3548 4607; baseline -0.002 -17"><span class='ocrx_word' id='word_1_851' title='bbox 1991 4538 2132 4590; x_wconf 83' lang='lat' dir='ltr'><strong>sicut</strong></span> <span class='ocrx_word' id='word_1_852' title='bbox 2173 4538 2333 4591; x_wconf 91' lang='lat' dir='ltr'><strong>etiam</strong></span> <span class='ocrx_word' id='word_1_853' title='bbox 2371 4538 2540 4591; x_wconf 86' lang='lat' dir='ltr'><strong>sancti</strong></span> <span class='ocrx_word' id='word_1_854' title='bbox 2567 4535 2800 4607; x_wconf 89' lang='lat' dir='ltr'><strong>Spiritus</strong></span> <span class='ocrx_word' id='word_1_855' title='bbox 2844 4545 3160 4606; x_wconf 86' lang='lat' dir='ltr'><strong>potestates,</strong></span> <span class='ocrx_word' id='word_1_856' title='bbox 3183 4552 3303 4606; x_wconf 75' lang='lat' dir='ltr'><strong>qua:</strong></span> <span class='ocrx_word' id='word_1_857' title='bbox 3331 4536 3428 4590; x_wconf 81' lang='lat' dir='ltr'><strong>ala:</strong></span> <span class='ocrx_word' id='word_1_858' title='bbox 3453 4552 3548 4588; x_wconf 91' lang='lat' dir='ltr'><strong>no-</strong></span> 
     </span>
    </p>
   </div>
   <div class='ocr_carea' id='block_1_110' title="bbox 1991 4628 3547 4706">
    <p class='ocr_par' dir='ltr' id='par_1_110' title="bbox 1991 4628 3547 4706">
     <span class='ocr_line' id='line_1_110' title="bbox 1991 4628 3547 4706; baseline 0.001 -26"><span class='ocrx_word' id='word_1_859' title='bbox 1991 4629 2208 4683; x_wconf 66' lang='lat' dir='ltr'><strong>minata:</strong></span> <span class='ocrx_word' id='word_1_860' title='bbox 2260 4629 2654 4700; x_wconf 87' lang='lat' dir='ltr'><strong>sunt,_primas</strong></span> <span class='ocrx_word' id='word_1_861' title='bbox 2685 4628 2899 4698; x_wconf 87' lang='lat' dir='ltr'><strong>quidem</strong></span> <span class='ocrx_word' id='word_1_862' title='bbox 2953 4638 3115 4698; x_wconf 83' lang='lat' dir='ltr'><strong>atque</strong></span> <span class='ocrx_word' id='word_1_863' title='bbox 3162 4641 3431 4706; x_wconf 74' lang='lat' dir='ltr'><strong>extremas</strong></span> <span class='ocrx_word' id='word_1_864' title='bbox 3483 4628 3547 4681; x_wconf 86' lang='lat' dir='ltr'><strong>de</strong></span> 
     </span>
    </p>
   </div>
   <div class='ocr_carea' id='block_1_111' title="bbox 1993 4707 3546 4790">
    <p class='ocr_par' dir='ltr' id='par_1_111' title="bbox 1993 4707 3546 4790">
     <span class='ocr_line' id='line_1_111' title="bbox 1993 4707 3546 4790; baseline -0.001 -18"><span class='ocrx_word' id='word_1_865' title='bbox 1993 4718 2101 4774; x_wconf 86' lang='lat' dir='ltr'><strong>Deo</strong></span> <span class='ocrx_word' id='word_1_866' title='bbox 2129 4718 2308 4774; x_wconf 80' lang='lat' dir='ltr'><strong>Verbo</strong></span> <span class='ocrx_word' id='word_1_867' title='bbox 2356 4721 2559 4776; x_wconf 67' lang='lat' dir='ltr'><strong>notitiae</strong></span> <span class='ocrx_word' id='word_1_868' title='bbox 2587 4707 2768 4790; x_wconf 84' lang='lat' dir='ltr'><strong>partes</strong></span> <span class='ocrx_word' id='word_1_869' title='bbox 2807 4721 3104 4784; x_wconf 85' lang='lat' dir='ltr'><strong>occultant,</strong></span> <span class='ocrx_word' id='word_1_870' title='bbox 3143 4731 3401 4790; x_wconf 89' lang='lat' dir='ltr'><strong>tanquam</strong></span> <span class='ocrx_word' id='word_1_871' title='bbox 3453 4729 3546 4773; x_wconf 82' lang='lat' dir='ltr'><strong>eas</strong></span> 
     </span>
    </p>
   </div>
   <div class='ocr_carea' id='block_1_112' title="bbox 1991 4808 3550 4881">
    <p class='ocr_par' dir='ltr' id='par_1_112' title="bbox 1991 4808 3550 4881">
     <span class='ocr_line' id='line_1_112' title="bbox 1991 4808 3550 4881; baseline 0 -18"><span class='ocrx_word' id='word_1_872' title='bbox 1991 4826 2111 4880; x_wconf 68' lang='lat' dir='ltr'><strong>quae</strong></span> <span class='ocrx_word' id='word_1_873' title='bbox 2137 4818 2330 4880; x_wconf 84' lang='lat' dir='ltr'><strong>suapte</strong></span> <span class='ocrx_word' id='word_1_874' title='bbox 2368 4817 2558 4864; x_wconf 82' lang='lat' dir='ltr'><strong>natura</strong></span> <span class='ocrx_word' id='word_1_875' title='bbox 2607 4826 2780 4881; x_wconf 89' lang='lat' dir='ltr'><strong>neque</strong></span> <span class='ocrx_word' id='word_1_876' title='bbox 2810 4811 2918 4865; x_wconf 89' lang='lat' dir='ltr'><strong>diei</strong></span> <span class='ocrx_word' id='word_1_877' title='bbox 2966 4827 3140 4881; x_wconf 88' lang='lat' dir='ltr'><strong>neque</strong></span> <span class='ocrx_word' id='word_1_878' title='bbox 3169 4808 3550 4880; x_wconf 73' lang='lat' dir='ltr'><strong>comprehendi</strong></span> 
     </span>
    </p>
   </div>
   <div class='ocr_carea' id='block_1_113' title="bbox 1992 4897 3557 4972">
    <p class='ocr_par' dir='ltr' id='par_1_113' title="bbox 1992 4897 3557 4972">
     <span class='ocr_line' id='line_1_113' title="bbox 1992 4897 3557 4972; baseline -0.002 -17"><span class='ocrx_word' id='word_1_879' title='bbox 1992 4902 2245 4970; x_wconf 77' lang='lat' dir='ltr'><strong>possint;‘</strong></span> <span class='ocrx_word' id='word_1_880' title='bbox 2289 4916 2408 4968; x_wconf 72' lang='lat' dir='ltr'><strong>quae</strong></span> <span class='ocrx_word' id='word_1_881' title='bbox 2460 4917 2586 4954; x_wconf 85' lang='lat' dir='ltr'><strong>vero</strong></span> <span class='ocrx_word' id='word_1_882' title='bbox 2634 4902 2806 4972; x_wconf 89' lang='lat' dir='ltr'><strong>ipsius</strong></span> <span class='ocrx_word' id='word_1_883' title='bbox 2860 4900 2928 4956; x_wconf 88' lang='lat' dir='ltr'><strong>de</strong></span> <span class='ocrx_word' id='word_1_884' title='bbox 2983 4901 3074 4954; x_wconf 94' lang='lat' dir='ltr'><strong>illo</strong></span> <span class='ocrx_word' id='word_1_885' title='bbox 3124 4897 3557 4969; x_wconf 71' lang='lat' dir='ltr'><strong>dispensationis</strong></span> 
     </span>
    </p>
   </div>
   <div class='ocr_carea' id='block_1_114' title="bbox 1992 4989 3550 5062">
    <p class='ocr_par' dir='ltr' id='par_1_114' title="bbox 1992 4989 3550 5062">
     <span class='ocr_line' id='line_1_114' title="bbox 1992 4989 3550 5062; baseline -0.003 -18"><span class='ocrx_word' id='word_1_886' title='bbox 1992 4991 2180 5047; x_wconf 80' lang='lat' dir='ltr'><strong>mediae</strong></span> <span class='ocrx_word' id='word_1_887' title='bbox 2219 5000 2366 5058; x_wconf 89' lang='lat' dir='ltr'><strong>sunt,</strong></span> <span class='ocrx_word' id='word_1_888' title='bbox 2394 5007 2486 5047; x_wconf 89' lang='lat' dir='ltr'><strong>eas</strong></span> <span class='ocrx_word' id='word_1_889' title='bbox 2519 4993 2813 5047; x_wconf 87' lang='lat' dir='ltr'><strong>ostendunt</strong></span> <span class='ocrx_word' id='word_1_890' title='bbox 2841 5032 2855 5055; x_wconf 92' lang='lat'><strong>,</strong></span> <span class='ocrx_word' id='word_1_891' title='bbox 2913 5001 3198 5062; x_wconf 87' lang='lat' dir='ltr'><strong>propterea</strong></span> <span class='ocrx_word' id='word_1_892' title='bbox 3254 4989 3401 5061; x_wconf 86' lang='lat' dir='ltr'><strong>quod</strong></span> <span class='ocrx_word' id='word_1_893' title='bbox 3435 4989 3550 5044; x_wconf 79' lang='lat' dir='ltr'><strong>sola</strong></span> 
     </span>
    </p>
   </div>
   <div class='ocr_carea' id='block_1_115' title="bbox 1990 5084 3551 5156">
    <p class='ocr_par' dir='ltr' id='par_1_115' title="bbox 1990 5084 3551 5156">
     <span class='ocr_line' id='line_1_115' title="bbox 1990 5084 3551 5156; baseline -0.002 -19"><span class='ocrx_word' id='word_1_894' title='bbox 1990 5084 2104 5138; x_wconf 75' lang='lat' dir='ltr'><strong>hzec</strong></span> <span class='ocrx_word' id='word_1_895' title='bbox 2133 5095 2338 5139; x_wconf 69' lang='lat' dir='ltr'><strong>natura:</strong></span> <span class='ocrx_word' id='word_1_896' title='bbox 2366 5085 2644 5139; x_wconf 82' lang='lat' dir='ltr'><strong>hominum</strong></span> <span class='ocrx_word' id='word_1_897' title='bbox 2696 5085 3102 5156; x_wconf 76' lang='lat' dir='ltr'><strong>cognoscibilia,</strong></span> <span class='ocrx_word' id='word_1_898' title='bbox 3142 5100 3265 5138; x_wconf 90' lang='lat' dir='ltr'><strong>cutn</strong></span> <span class='ocrx_word' id='word_1_899' title='bbox 3316 5097 3379 5136; x_wconf 91' lang='lat' dir='ltr'><strong>ea</strong></span> <span class='ocrx_word' id='word_1_900' title='bbox 3433 5097 3551 5150; x_wconf 68' lang='lat' dir='ltr'><strong>qua:</strong></span> 
     </span>
    </p>
   </div>
   <div class='ocr_carea' id='block_1_116' title="bbox 1992 5171 3551 5247">
    <p class='ocr_par' dir='ltr' id='par_1_116' title="bbox 1992 5171 3551 5247">
     <span class='ocr_line' id='line_1_116' title="bbox 1992 5171 3551 5247; baseline -0.008 -15"><span class='ocrx_word' id='word_1_901' title='bbox 1992 5191 2154 5247; x_wconf 91' lang='lat' dir='ltr'><strong>supra</strong></span> <span class='ocrx_word' id='word_1_902' title='bbox 2184 5176 2296 5231; x_wconf 69' lang='lat' dir='ltr'><strong>haec</strong></span> <span class='ocrx_word' id='word_1_903' title='bbox 2321 5184 2373 5231; x_wconf 91' lang='lat' dir='ltr'><strong>et</strong></span> <span class='ocrx_word' id='word_1_904' title='bbox 2407 5183 2528 5247; x_wconf 91' lang='lat' dir='ltr'><strong>post</strong></span> <span class='ocrx_word' id='word_1_905' title='bbox 2553 5176 2666 5231; x_wconf 77' lang='lat' dir='ltr'><strong>lnec</strong></span> <span class='ocrx_word' id='word_1_906' title='bbox 2697 5177 2902 5245; x_wconf 89' lang='lat' dir='ltr'><strong>reliqua</strong></span> <span class='ocrx_word' id='word_1_907' title='bbox 2941 5183 3088 5238; x_wconf 90' lang='lat' dir='ltr'><strong>sunt,</strong></span> <span class='ocrx_word' id='word_1_908' title='bbox 3119 5174 3175 5227; x_wconf 91' lang='lat' dir='ltr'><strong>in</strong></span> <span class='ocrx_word' id='word_1_909' title='bbox 3207 5171 3423 5226; x_wconf 87' lang='lat' dir='ltr'><strong>arcanis</strong></span> <span class='ocrx_word' id='word_1_910' title='bbox 3453 5171 3551 5222; x_wconf 88' lang='lat' dir='ltr'><strong>ha-</strong></span> 
     </span>
    </p>
   </div>
   <div class='ocr_carea' id='block_1_117' title="bbox 1991 5266 3553 5332">
    <p class='ocr_par' dir='ltr' id='par_1_117' title="bbox 1991 5266 3553 5332">
     <span class='ocr_line' id='line_1_117' title="bbox 1991 5266 3553 5332; baseline -0.006 -8"><span class='ocrx_word' id='word_1_911' title='bbox 1991 5271 2100 5324; x_wconf 90' lang='lat' dir='ltr'><strong>bita</strong></span> <span class='ocrx_word' id='word_1_912' title='bbox 2136 5270 2418 5325; x_wconf 86' lang='lat' dir='ltr'><strong>sileantur.</strong></span> <span class='ocrx_word' id='word_1_913' title='bbox 2453 5269 2717 5324; x_wconf 57' lang='lat' dir='ltr'><strong>Praeterea</strong></span> <span class='ocrx_word' id='word_1_914' title='bbox 2747 5269 2940 5323; x_wconf 68' lang='lat' dir='ltr'><strong>divina:</strong></span> <span class='ocrx_word' id='word_1_915' title='bbox 2984 5282 3050 5321; x_wconf 92' lang='lat' dir='ltr'><strong>ac</strong></span> <span class='ocrx_word' id='word_1_916' title='bbox 3095 5266 3348 5320; x_wconf 73' lang='lat' dir='ltr'><strong>cmlestes</strong></span> <span class='ocrx_word' id='word_1_917' title='bbox 3409 5271 3553 5332; x_wconf 89' lang='lat' dir='ltr'><strong>pote-</strong></span> 
     </span>
    </p>
   </div>
   <div class='ocr_carea' id='block_1_118' title="bbox 1991 5353 3551 5433">
    <p class='ocr_par' dir='ltr' id='par_1_118' title="bbox 1991 5353 3551 5433">
     <span class='ocr_line' id='line_1_118' title="bbox 1991 5353 3551 5433; baseline -0.008 -17"><span class='ocrx_word' id='word_1_918' title='bbox 1991 5369 2180 5427; x_wconf 89' lang='lat' dir='ltr'><strong>states,</strong></span> <span class='ocrx_word' id='word_1_919' title='bbox 2214 5371 2470 5433; x_wconf 87' lang='lat' dir='ltr'><strong>poterunt</strong></span> <span class='ocrx_word' id='word_1_920' title='bbox 2517 5362 2645 5416; x_wconf 89' lang='lat' dir='ltr'><strong>item</strong></span> <span class='ocrx_word' id='word_1_921' title='bbox 2693 5361 2958 5416; x_wconf 87' lang='lat' dir='ltr'><strong>vocabulo</strong></span> <span class='ocrx_word' id='word_1_922' title='bbox 2999 5358 3269 5428; x_wconf 85' lang='lat' dir='ltr'><strong>serapbim</strong></span> <span class='ocrx_word' id='word_1_923' title='bbox 3295 5353 3551 5423; x_wconf 81' lang='lat' dir='ltr'><strong>intelligi,</strong></span> 
     </span>
    </p>
   </div>
   <div class='ocr_carea' id='block_1_119' title="bbox 1989 5445 3550 5524">
    <p class='ocr_par' dir='ltr' id='par_1_119' title="bbox 1989 5445 3550 5524">
     <span class='ocr_line' id='line_1_119' title="bbox 1989 5445 3550 5524; baseline -0.006 -20"><span class='ocrx_word' id='word_1_924' title='bbox 1989 5459 2259 5521; x_wconf 82' lang='lat' dir='ltr'><strong>quatenus</strong></span> <span class='ocrx_word' id='word_1_925' title='bbox 2289 5449 2392 5504; x_wconf 79' lang='lat' dir='ltr'><strong>alia</strong></span> <span class='ocrx_word' id='word_1_926' title='bbox 2422 5449 2654 5520; x_wconf 81' lang='lat' dir='ltr'><strong>quadam</strong></span> <span class='ocrx_word' id='word_1_927' title='bbox 2688 5448 2895 5504; x_wconf 85' lang='lat' dir='ltr'><strong>ratione</strong></span> <span class='ocrx_word' id='word_1_928' title='bbox 2915 5489 2930 5514; x_wconf 95' lang='lat'><strong>,</strong></span> <span class='ocrx_word' id='word_1_929' title='bbox 2966 5447 3237 5524; x_wconf 87' lang='lat' dir='ltr'><strong>seraphim</strong></span> <span class='ocrx_word' id='word_1_930' title='bbox 3267 5461 3333 5501; x_wconf 79' lang='lat' dir='ltr'><strong>ex</strong></span> <span class='ocrx_word' id='word_1_931' title='bbox 3383 5445 3550 5498; x_wconf 83' lang='lat' dir='ltr'><strong>inter-</strong></span> 
     </span>
    </p>
   </div>
   <div class='ocr_carea' id='block_1_120' title="bbox 1922 5605 2686 5694">
    <p class='ocr_par' dir='ltr' id='par_1_120' title="bbox 1922 5605 2686 5694">
     <span class='ocr_line' id='line_1_120' title="bbox 1922 5605 2686 5694; baseline 0.01 -15"><span class='ocrx_word' id='word_1_932' title='bbox 1922 5666 1938 5694; x_wconf 93' lang='lat'><strong>,</strong></span> <span class='ocrx_word' id='word_1_933' title='bbox 1961 5627 2015 5684; x_wconf 74' lang='lat'><strong>2.</strong></span> <span class='ocrx_word' id='word_1_934' title='bbox 2091 5629 2133 5660; x_wconf 82' lang='grc'><strong>³³</strong></span> <span class='ocrx_word' id='word_1_935' title='bbox 2171 5627 2326 5683; x_wconf 86' lang='lat' dir='ltr'><strong>Joan.</strong></span> <span class='ocrx_word' id='word_1_936' title='bbox 2359 5643 2457 5693; x_wconf 81' lang='lat' dir='ltr'><strong>xu,</strong></span> <span class='ocrx_word' id='word_1_937' title='bbox 2492 5605 2686 5694; x_wconf 68' lang='lat'><strong>40,41.</strong></span> 
     </span>
    </p>
   </div>
   <div class='ocr_carea' id='block_1_121' title="bbox 3123 5726 3193 5786">
    <p class='ocr_par' dir='ltr' id='par_1_121' title="bbox 3123 5726 3193 5786">
     <span class='ocr_line' id='line_1_121' title="bbox 3123 5726 3193 5786; baseline -0.029 0"><span class='ocrx_word' id='word_1_938' title='bbox 3123 5726 3193 5786; x_wconf 84' lang='lat'>16</span> 
     </span>
    </p>
   </div>
  </div>
