3916 6200
422 185 519 242 ιοι

1089 181 1354 238 EUSEBH
1392 176 1867 238 CESARIENSIS
1902 180 1979 237 ΟΡ

2094 179 2275 237 PARS
2310 181 2377 236 Π.
2394 210 2461 220 --
2485 175 2978 279 Αροιοοιιτιωι.

3547 179 3657 236 493

425 301 747 372 pretatione,
774 296 1018 354 incendia
1047 296 1374 368 significant,
1396 313 1462 353 ex
1485 313 1595 369 quo
1620 298 1750 353 illud
1777 298 1979 354 dictum

2083 299 2216 353 ἀλλά
2239 300 2335 353 καὶ
2379 300 2524 352 πᾶσα
2555 299 2589 368 ὴ
2628 297 2699 369 γῆ
2744 296 2844 368 τῆς
2874 296 3045 367 αὐτῆς
3088 293 3317 366 μετέσχε
3349 294 3652 367 δυνάμεως,

420 403 541 450 est:
577 410 596 445 ι
642 392 744 459 Qui
781 390 909 445 facit
952 390 1172 460 angelos
1228 403 1358 444 suos
1415 389 1673 459 spiritus,
1724 402 1778 445 et
1820 390 1985 445 mini-

420 494 566 538 stros
599 495 730 537 suos
759 480 901 550 ignis
933 478 1205 534 ﬂammam
1231 479 1296 535 ”.
1333 498 1352 533 ι
1388 478 1639 534 Clamant
1662 494 1825 550 porro
1842 479 1898 534 hi
1929 487 1984 534 et

421 574 788 630 vociferantur
823 572 972 627 alter
1000 571 1066 626 ad
1092 571 1319 626 alterum
1356 584 1455 642 pro
1486 572 1602 627 suis
1638 571 1871 642 quisque
1897 571 1982 625 vi-

418 666 591 730 ribus,
627 664 968 719 sanctitatem
995 663 1135 732 ejus,
1163 663 1232 718 de
1257 678 1364 734 quo
1388 673 1446 718 ut
1469 662 1537 719 de
1576 662 1687 718 Deo
1744 663 1985 734 loquitur

418 761 699 833 propheta,
725 760 1190 822 commendantes,
1223 767 1278 814 et
1301 759 1443 829 quod
1475 758 1716 813 omnium
1746 754 1986 813 admira-

418 855 565 910 tione
594 852 974 924 dignissimum
1001 862 1105 917 est,
1130 851 1433 922 theologice
1454 850 1813 917 declarantes,
1836 851 1982 923 quod

417 960 527 1000 non
564 942 725 998 modo
755 942 975 1006 cadum,
1004 949 1058 996 et
1101 956 1220 1012 quae
1247 941 1302 995 in
1343 942 1483 996 coelo
1522 950 1684 1006 sunt,
1728 942 1982 998 universa

418 1035 576 1105 plena
610 1039 740 1088 sunt
776 1032 1061 1102 majestate
1090 1040 1144 1087 et
1170 1031 1342 1102 gloria
1370 1031 1510 1102 ejus,
1545 1031 1642 1087 sed
1669 1034 1833 1088 etiam
1859 1049 1982 1089 om-

418 1143 503 1181 nis
532 1136 671 1181 terra
703 1123 945 1194 ejusdem
1005 1122 1281 1180 facultatis
1319 1137 1382 1177 ac
1423 1124 1643 1180 virtutis
1689 1131 1772 1181 αιι
1817 1126 1987 1196 parti-

415 1233 575 1289 ceps,
628 1226 849 1288 propter
881 1216 1030 1287 ejus,
1067 1216 1162 1287 qui
1191 1216 1408 1271 canitur
1448 1216 1516 1272 de
1547 1217 1686 1272 caelo
1715 1217 1781 1272 ad
1809 1218 1984 1274 homi-

418 1326 537 1374 nes,
569 1309 918 1374 descensum,
947 1306 1013 1363 de
1048 1323 1157 1378 quo
1186 1308 1440 1378 deinceps
1478 1307 1693 1379 longius
1727 1325 1985 1381 progres-

419 1415 538 1456 sum
570 1399 850 1456 oraculum
899 1400 1260 1464 vaticinatur,
1316 1415 1418 1456 nec
1448 1415 1559 1456 non
1596 1412 1653 1456 et
1708 1411 1887 1458 ortum
1917 1405 1986 1461 de

418 1493 662 1566 Virgine,
692 1502 746 1550 et
772 1509 869 1565 per
898 1493 1042 1548 hunc
1073 1494 1236 1550 latius
1280 1493 1332 1549 in
1377 1510 1593 1552 onmem
1628 1504 1828 1552 terram
1870 1498 1985 1554 dis-

418 1586 738 1642 seminatum
768 1585 953 1657 gloria:
1001 1585 1120 1656 ejus
1171 1586 1587 1644 celebrationem
1614 1629 1628 1654 ,
1679 1589 1981 1647 denuntiat.

2082 392 2170 446 διὰ
2199 391 2297 463 τὴν
2340 391 2398 459 ἐξ
2448 390 2691 463 οὐρανῶν
2722 392 2802 453 εἰς
2847 386 3166 460 ἀνθρώπους
3193 386 3356 440 αὐτοῦ
3405 386 3659 452 θεσπιζο-

2087 487 2253 558 μένην
2281 484 2524 548 κάθοδον,
2553 484 2622 556 ἢν
2654 483 2859 556 προῖὼν
2897 482 3025 552 ἑξῆς
3051 483 3082 535 6
3110 481 3266 551 λόγος
3303 483 3655 555 προφητεύει,

2083 577 2179 649 τὴν
2199 578 2263 630 ἐκ
2286 576 2563 648 Παρθένου
2594 577 2806 646 γένεσιν
2832 576 2926 628 καὶ
2950 576 3048 647 τὴν
3086 573 3174 628 διά
3213 574 3417 646 ταύτης
3440 579 3521 639 εἰς
3552 577 3654 629 πᾶ-

2085 687 2183 723 σαν
2215 668 2309 740 τὴν
2343 669 2448 740 γῆν
2474 667 2884 739 ἐφαπλωθεῖσαν
2914 666 3221 735 δοξολογίαν
3254 668 3419 722 αὐτοϋ
3452 668 3661 741 κηρύτ-

2082 780 2206 816 των.
2258 761 2460 833 Κύριος
2503 762 2559 816 δὲ
2604 760 2830 815 Σαϐαὼθ
2882 760 3238 834 ἑρμηνεύεται
3294 762 3506 828 Κύριος
3533 744 3659 814 n53-

2083 853 2423 923 δυνάμεων·
2469 854 2630 918 αὐτὸς
2660 854 2704 907 δ’
2739 853 2804 908 ἂν
2844 853 2929 925 εἴη
2963 855 2992 905 6
3020 853 3458 924 ἀρχιστράτηγος
3492 851 3659 906 δυνά-

2088 964 2232 1019 μεως
2254 947 2483 1019 Κυρίου,
2507 947 2565 999 ὃν
2600 947 2694 1000 καὶ
2732 948 2789 1000 ἐν
2832 952 2916 1015 κγ’
2945 944 3145 1016 ψαλμῷ
3186 944 3391 1016 Κύριον
3427 943 3661 998 Σαϐαὼθ

2083 1041 2139 1094 al.
2171 1039 2310 1094 θεῖαι
2355 1039 2515 1093 πάλιν
2548 1037 2883 1094 ἀποκαλοῦσι
2932 1038 3222 1109 δυνάμεις,
3257 1037 3356 1109 τὴν
3405 1034 3518 1090 ἀπὸ
3553 1035 3661 1105 γῆς

2084 1132 2165 1194 είς
2189 1130 2451 1201 οὐρανοὺς
2474 1128 2658 1183 ἄνοδον
2684 1127 2847 1183 αὑτοῦ
2873 1127 3241 1192 θεσπίζουσαι,
3263 1126 3331 1180 δι’
3358 1120 3436 1180 ὧν
3462 1140 3660 1195 φασιν·

2091 1242 2109 1275 ι
2141 1223 2340 1293 ’Ἄρατε
2392 1220 2583 1287 πύλας,
2619 1222 2671 1275 οἱ
2698 1220 2977 1292 ἄρχοντες,
3016 1219 3189 1291 ὑμῶν,
3222 1219 3313 1272 καὶ
3341 1217 3619 1289 ἐπάρθητε
3641 1255 3663 1281 ,

2086 1314 2249 1370 πύλαι
2286 1313 2513 1378 αίώνιοι,
2558 1313 2652 1368 καὶ
2691 1312 3052 1367 εἰσελεύσεται
3087 1313 3117 1363 6
3150 1310 3401 1382 βασιλεὺς
3437 1306 3541 1379 τῆς
3572 1308 3664 1361 δό-

2086 1406 2201 1476 ξης.
2258 1406 2354 1470 Τίς
2411 1409 2560 1460 ἐστιν
2587 1400 2737 1468 οὗτος
2760 1405 2789 1457 ό
2820 1403 3070 1476 βασιλεὺς
3097 1403 3193 1474 τῆς
3218 1402 3413 1472 δόξης;
3454 1399 3665 1471 Κύριος

2084 1498 2184 1568 τῆς
2225 1497 2538 1569 δυνάμεως,
2574 1496 2736 1560 αὐτός
2780 1497 2929 1549 ἐστιν
2957 1496 2987 1547 6
3010 1492 3256 1564 βασιλεὺς
3284 1493 3385 1562 τῆς
3419 1489 3599 1561 δόξης.
3633 1509 3659 1541 ι

2087 1584 2160 1636 Τὸ
2194 1584 2322 1653 γοῦν
2364 1584 2646 1655 Ἐὅραϊκὸν
2685 1582 2844 1637 πάλιν
2897 1581 3131 1637 ἐνταῦθα
3169 1582 3370 1653 Κύριον
3424 1579 3665 1635 Σαὸαὼθ

415 1678 680 1735 Dominus
727 1652 906 1734 autem
969 1652 1210 1733 Sabaoth
1262 1694 1328 1734 ex
1373 1652 1855 1752 interpretatione,
1899 1691 1979 1740 est

2087 1652 2246 1728 αύτδν
2273 1673 2427 1728 καλεῖ
2449 1652 2474 1704 ’1
2501 1673 2597 1727 καὶ
2640 1672 2934 1745 ἐπειδήπερ
2963 1672 3124 1735 αύτός
3165 1652 3310 1725 ἐστιν
3338 1673 3367 1725 6
3400 1670 3665 1741 βασιλεὺς

417 1770 672 1827 Dominus
701 1772 1021 1826 exercituum
1046 1786 1066 1824 :
1096 1772 1142 1828 is
1174 1779 1355 1828 autem
1384 1773 1487 1828 erit
1518 1774 1726 1845 primus
1756 1772 1983 1847 impera-

417 1870 504 1915 tur
530 1861 863 1918 exercituum
896 1861 1140 1927 Domini,
1173 1877 1333 1933 quem
1370 1864 1424 1918 in
1451 1864 1611 1920 tertio
1633 1880 1698 1920 ac
1722 1866 1983 1922 vicesimo

419 1954 626 2022 psalmo
675 1951 963 2009 Dominum
1001 1951 1261 2021 Sabaoth,
1295 1953 1492 2010 divina:
1524 1971 1717 2013 rursus
1743 1967 1984 2028 potesta-

417 2055 500 2102 tes
547 2045 854 2119 appellant,
910 2046 1002 2101 ubi
1053 2046 1298 2117 ejusdem
1355 2048 1423 2104 de
1477 2060 1618 2105 terra
1667 2050 1735 2104 ad
1784 2052 1983 2107 ctelum

416 2151 704 2195 ascensum
725 2138 991 2207 divinant,
1012 2147 1067 2195 et
1094 2145 1297 2194 canunt
1324 2140 1505 2197 verbis
1544 2141 1656 2198 illis
1681 2159 1713 2197 ε.
1731 2159 1753 2193 ι
1789 2141 1985 2200 To'ilite

414 2239 633 2301 portas,
684 2230 995 2302 principes,
1051 2240 1293 2296 vestras,
1355 2238 1410 2288 et
1452 2231 1774 2303 elevamini,
1817 2244 1985 2304 portae

414 2334 648 2388 :eternaa,
678 2333 733 2380 et
782 2322 1027 2379 introibit
1053 2321 1167 2379 Rex
1193 2322 1398 2395 gloriae.
1456 2322 1592 2391 Quis
1618 2335 1701 2380 est
1737 2325 1842 2382 iste
1887 2342 1980 2381 rex

415 2416 634 2488 gloriae?
654 2414 915 2473 Dominus
933 2416 1290 2481 exercituum,
1316 2416 1433 2487 ipse
1448 2424 1534 2472 est
1550 2433 1644 2473 rex
1661 2417 1846 2488 glorize
1864 2417 1930 2473 “.
1958 2437 1977 2471 ι

414 2508 576 2581 312
606 2507 906 2563 Hebraicus
949 2508 1093 2563 enim
1137 2515 1423 2564 contextus
1464 2509 1566 2563 hoc
1618 2509 1738 2564 loco
1788 2525 1983 2566 rursus

417 2600 706 2654 Dominum
740 2597 981 2654 Sabaoth
1028 2598 1183 2653 illum
1227 2608 1428 2654 vocat:
1462 2608 1517 2655 et
1562 2601 1822 2672 quoniam
1867 2601 1984 2672 ipse

415 2703 498 2750 est
528 2690 641 2747 Rex
663 2691 868 2761 gloriae,
906 2700 960 2748 et
992 2699 1214 2762 propter
1241 2692 1363 2762 ejus
1391 2690 1703 2758 adventum,
1739 2692 1981 2749 futurum

415 2793 534 2842 erat
572 2795 630 2841 ut
654 2786 832 2841 omnis
869 2793 1011 2841 terra
1053 2785 1370 2855 impleretur
1398 2786 1568 2858 gloria
1610 2788 1752 2857 ejus,
1786 2789 1984 2845 merito

387 2877 559 2950 °quod
592 2877 832 2932 futurum
863 2886 1000 2943 erat,
1022 2885 1075 2931 et
1107 2876 1164 2931 in
1194 2877 1478 2949 propheta,
1508 2886 1563 2933 et
1593 2871 1647 2933 in
1673 2879 1882 2950 psalmo
1899 2880 1985 2936 di-

414 2980 565 3025 ctum
596 2980 699 3026 est.
735 2968 791 3025 In
822 2969 1087 3041 propheta
1112 2969 1334 3040 quidem
1372 2970 1482 3027 illis
1509 2971 1690 3027 verbis
1717 2990 1729 3026 :
1766 2990 1785 3024 ι
1814 2970 1979 3029 Plena

410 3072 501 3119 est
522 3064 701 3121 omnis
733 3072 876 3118 terra
911 3062 1082 3134 gloria
1107 3060 1267 3132 ejus;
1303 3081 1323 3117 ι
1351 3063 1405 3118 in
1435 3063 1645 3134 psalmo
1672 3073 1851 3121 autem
1876 3066 1983 3120 ini-

412 3157 492 3211 tio
522 3156 706 3210 statim
739 3154 829 3210 ubi
870 3154 946 3207 ait
974 3172 988 3208 :
1025 3172 1043 3206 ι
1078 3151 1294 3210 Domini
1342 3161 1429 3211 est
1459 3164 1603 3210 terra
1633 3164 1686 3211 et
1709 3156 1983 3227 plenitudo

415 3249 571 3320 ejus,
626 3247 776 3303 orbis
825 3254 1119 3311 terrarum,
1151 3254 1207 3302 et
1258 3262 1449 3303 omnes
1486 3248 1579 3319 qui
1627 3248 1875 3305 habitant
1925 3250 1982 3307 in

414 3338 569 3395 eo“.
600 3357 619 3392 ι
661 3336 757 3394 His
778 3345 958 3393 autem
986 3336 1247 3391 vaticinio
1270 3325 1698 3407 comprehensis,
1727 3339 1982 3411 deinceps

418 3444 739 3503 progressus
784 3429 1050 3501 propheta
1082 3430 1413 3486 testiﬁcatur
1454 3430 1599 3502 quod
1641 3431 1765 3486 licet
1803 3433 1982 3488 omnis

408 3533 562 3578 terra
605 3520 788 3577 futura
823 3522 894 3577 sit
934 3522 1091 3593 plena
1147 3521 1318 3594 gloria
1353 3522 1507 3592 ejus,
1541 3530 1781 3579 attamen
1829 3524 1981 3579 illum

408 3612 639 3669 Judaica
670 3628 802 3685 gens
832 3622 1123 3684 acceptura
1140 3629 1248 3668 non
1275 3613 1369 3669 sit.
1398 3612 1588 3685 Itaque
1618 3614 1727 3669 ait:
1757 3613 1823 3669 Et
1844 3614 1983 3670 dixit

418 3704 682 3761 Dominus
728 3707 841 3777 (ille
888 3705 1140 3763 videlicet
1178 3706 1271 3777 qui
1319 3705 1473 3763 visus
1513 3706 1688 3762 fuerat
1718 3705 1981 3763 Dominus

413 3797 656 3854 Sabaoth
686 3798 899 3869 ),Quem
928 3801 1137 3854 mittam
1158 3840 1171 3862 ,
1195 3807 1252 3854 et
1267 3800 1390 3869 quis
1418 3796 1578 3854 vadet
1627 3798 1693 3852 ad
1725 3799 1979 3870 populum

415 3891 598 3946 hunc?
637 3889 700 3946 Et
746 3891 881 3959 dixi,
918 3890 1056 3948 Ecce
1081 3906 1179 3962 ego
1204 3906 1345 3954 sum,
1378 3892 1531 3947 mitte
1560 3907 1665 3948 me.
1708 3890 1773 3946 Et
1798 3892 1976 3947 dixit:

400 3981 584 4049 Vade,
599 3993 655 4039 et
668 3984 754 4040 dic
770 3985 976 4057 populo
999 3985 1147 4047 huic,
1167 3985 1350 4040 auditu
1367 3985 1596 4040 audietis
1622 3996 1674 4042 et
1694 4001 1800 4042 non
1824 3986 1980 4041 intel-

414 4075 633 4147 ligetis,
675 4084 729 4134 et
774 4078 1047 4133 intuentes
1091 4077 1454 4143 intuebimini,
1486 4084 1540 4133 et
1564 4093 1674 4133 non
1707 4078 1975 4134 videbitis.

404 4167 672 4225 ‘Crassum
690 4170 835 4225 enim
858 4169 1057 4226 factum
1073 4179 1157 4227 est
1171 4184 1268 4226 cor
1283 4170 1467 4242 populi
1482 4171 1665 4240 hujus.
1685 4181 1739 4226 et
1755 4171 1980 4227 auribus

399 4262 531 4315 'suis
559 4261 794 4332 graviter
827 4261 1135 4328 audierunt,
1167 4272 1220 4318 et
1250 4262 1439 4319 oculos
1464 4278 1594 4319 suos
1641 4264 1977 4330 clauserunt,

2086 1767 2186 1839 τῆς
2218 1766 2395 1838 δόξης,
2421 1766 2510 1821 διά
2534 1783 2595 1820 τε
2622 1766 2720 1836 τὴν
2754 1765 3047 1837 ἐπιδημίαν
3080 1764 3243 1819 αὑτοῦ
3275 1764 3466 1836 ἔμελλε
3502 1766 3667 1819 πᾶσι

2087 1862 2119 1932 ή
2146 1860 2216 1932 γῆ
2244 1857 2578 1931 πληροῦσθαι
2600 1858 2696 1928 τῆς
2723 1857 2881 1929 δόξης
2905 1856 3091 1921 αὐτοῦ,
3119 1856 3342 1920 εἰκότως
3370 1855 3433 1909 τὸ
3461 1854 3667 1927 μέλλον

2089 1950 2304 2004 ἔσεσθαι
2361 1949 2417 2004 ἐν
2460 1967 2521 2003 τε
2568 1948 2647 2021 τῷ
2699 1951 2952 2023 προφήτῃ
3000 1949 3283 2015 λέλεκται,
3332 1949 3427 2002 καὶ
3470 1949 3530 2001 ἐν
3575 1946 3668 2019 τῷ

2078 2042 2312 2115 ψαλμῷο
2342 2043 2400 2095 ἐν
2437 2042 2534 2113 μὲν
2562 2041 2640 2114 τῷ
2662 2042 2913 2116 προφήτῃ
2944 2041 3033 2096 διὰ
3060 2041 3177 2108 τοῦ,
3218 2063 3236 2094 ι
3264 2040 3481 2114 Πλήρης
3504 2042 3666 2096 πᾶσι

2090 2137 2123 2208 ή
2157 2135 2231 2207 γῆ
2276 2135 2376 2206 τῆς
2411 2134 2570 2206 δόξης
2609 2134 2805 2191 αὑτοῦ·
2836 2154 2853 2185 ι
2894 2135 2953 2189 ἐν
2982 2134 3041 2188 δὲ
3076 2133 3155 2205 τῷ
3187 2132 3386 2205 ψαλμῴ
3427 2132 3515 2186 διὰ
3553 2130 3664 2201 τῆς

2089 2229 2261 2302 ἀρχῆς
2301 2227 2643 2301 φασκούσηςσ
2682 2248 2700 2280 ι
2730 2227 2835 2281 Τοῦ
2870 2229 3075 2301 Κυρίου
3104 2231 3138 2300 ή
3181 2227 3255 2298 γῆ
3294 2227 3386 2281 καὶ
3414 2227 3471 2280 τὸ
3512 2225 3667 2298 πλὴ-

2091 2337 2249 2392 ρωμα
2269 2320 2454 2390 αὐτῆς,
2476 2320 2510 2391 ή
2532 2319 2844 2391 οἰκουμένη,
2861 2320 2955 2374 καὶ
2989 2320 3183 2385 πάντες
3204 2323 3252 2374 οἱ
3279 2319 3659 2384 κατοικοῦντες

2089 2416 2147 2466 ἐν
2176 2414 2334 2485 αὐτῇ.
2367 2431 2387 2466 ι
2436 2412 2650 2466 Τούτων
2701 2413 3168 2485 τεθεσπισμένων,
3214 2415 3338 2487 ἑξῆς
3369 2413 3565 2478 ὑποϐὰς
3612 2416 3657 2469 ὁ

2090 2506 2373 2576 προφήτης
2401 2502 2753 2577 μαρτύρεται,
2778 2504 2859 2559 ὅτι
2891 2504 2978 2577 δὴ,
3006 2506 3056 2558 εί
3098 2505 3193 2559 καλ⁵
3237 2505 3437 2578 πλήρης
3483 2504 3656 2559 ἔσται

2089 2598 2236 2650 πᾶσα
2270 2598 2304 2669 ή
2336 2597 2405 2668 γῆ
2435 2597 2531 2669 τῆς
2572 2595 2728 2668 δόξης
2774 2596 2935 2651 αὐτοῦ
2955 2639 2970 2662 ,
3010 2597 3147 2651 ἀλλά
3187 2614 3249 2668 γε
3288 2597 3351 2651 τὸ
3384 2597 3664 2652 Ἰουδαίων

2088 2688 2236 2753 ἔθνος
2272 2689 2334 2742 ού
2368 2690 2715 2761 προσήσεται·
2760 2689 2841 2743 διό
2868 2706 3030 2761 φησι·
3064 2708 3083 2741 ι
3120 2691 3230 2745 Καὶ
3256 2684 3380 2744 εἷπε
3422 2689 3659 2762 Κύριος,

2085 2780 2246 2845 αὐτὸς
2289 2778 2485 2853 δηλαδὴ
2506 2781 2536 2834 6
2559 2780 2797 2853 τεθεωρη
2806 2781 2964 2852 μένος
2986 2780 3188 2854 Κύριος
3214 2781 3437 2836 Σαϐαὼθ
3454 2798 3468 2811 ·
3514 2781 3663 2837 Τίνα

2086 2871 2428 2939 ἀποστείλω;
2463 2874 2557 2927 καὶ
2595 2873 2680 2937 τίς
2720 2873 3041 2947 πορεύσεται
3082 2875 3218 2946 πρὸς
3246 2874 3338 2928 τὸν
3366 2872 3489 2929 λαὸν
3521 2871 3619 2927 to;

2085 2982 2211 3031 τους
2244 2965 2353 3019 Καὶ
2376 2960 2536 3019 εἶπασ
2578 2965 2705 3019 Ἰδού
2762 2968 2878 3036 είμι
2913 2965 3046 3035 ἐγὼ,
3080 2965 3399 3021 ἀπόστειλόν
3422 2983 3509 3037 με.
3537 2966 3664 3021 Καὶ.

2082 3053 2227 3112 εἷπε·
2276 3056 2610 3130 Πορεύθητι,
2660 3059 2754 3113 καὶ
2789 3054 2945 3113 εἶπον
2991 3059 3070 3131 τῷ
3099 3059 3214 3131 λαῷ
3244 3059 3448 3131 τούτῳο
3484 3060 3659 3133 Ἀκοῇ

2083 3153 2364 3219 ἀκούσετε,
2392 3156 2484 3209 καὶ
2515 3157 2575 3208 ού
2611 3156 2686 3229 μὴ
2712 3158 2903 3229 συνῆτε
2928 3175 2941 3187 ·
2976 3158 3069 3212 καί
3089 3157 3375 3229 βλέποντες
3402 3158 3658 3230 βλέψετε,

2080 3248 2176 3301 καὶ
2240 3247 2303 3301 οὐ
2359 3247 2432 3319 μὴ
2481 3248 2646 3321 ἴδητε.
2703 3247 3007 3320 Ἐπαχύνθη
3063 3248 3171 3322 γὰρ
3218 3251 3251 3322 ή
3310 3249 3505 3321 καρδία
3548 3248 3659 3303 τοῦ

2080 3337 2209 3393 λαοῦ
2240 3338 2451 3403 τούτου,
2476 3339 2572 3393 καὶ
2610 3342 2721 3403 τοῖς
2754 3338 2888 3393 ὠσὶν
2925 3338 3102 3393 αὐτῶν
3148 3338 3358 3411 βαρέως
3387 3340 3659 3411 ήκουσιν,

2082 3430 2176 3484 καὶ
2221 3431 2346 3496 τοὺς
2401 3430 2708 3502 ὀφθαλμοὺς
2761 3430 2939 3485 αὐτῶν
2999 3430 3364 3502 ἐκάμμυσαν,
3434 3431 3661 3501 μήποτε

2084 3522 2234 3577 ἴδωσι
2272 3527 2383 3588 τοῖς
2411 3523 2708 3595 ὀφθαλμοῖς
2752 3523 2962 3589 αὐτῶν,
2986 3525 3083 3578 καὶ
3125 3526 3237 3588 τοῖς
3286 3524 3417 3578 ὠσὶν
3463 3523 3660 3581 αὐτῶν

2080 3615 2371 3681 ἀκούσωσι,
2398 3616 2492 3669 καὶ
2528 3619 2597 3687 τῇ
2630 3616 2826 3689 καρδία
2868 3616 3089 3680 συνῶσι,
3123 3618 3216 3670 καὶ⁵
3256 3615 3655 3688 ἐπιστρέψωσι,

2081 3710 2176 3764 καὶ⁵
2213 3708 2449 3781 ίάσωμαι
2474 3711 2687 3775 αύτούς.
2714 3728 2733 3761 ι
2772 3710 2848 3764 Δι’
2870 3704 2946 3764 ὧν
2973 3710 3230 3782 ἄντικρυς
3263 3709 3508 3774 θεσπίζει
3544 3711 3659 3780 τὴν

2081 3802 2342 3874 ἐσομένην
2386 3804 2466 3866 είς
2501 3802 2662 3855 αὑτὸν
2691 3801 2994 3871 ἀντιλογίαν
3036 3800 3135 3855 τοῦ
3187 3800 3454 3856 Ἰουδαίων
3489 3800 3655 3868 λαοῦ,

2080 3895 2175 3949 καὶ
2197 3896 2271 3958 ὼς
2308 3895 2656 3968 ὄψονταιμὲν
2693 3897 2873 3960 αὐτὸν,
2907 3896 2970 3949 o6
3013 3896 3118 3968 μὴν
3165 3895 3510 3968 προσέξουσι,
3558 3895 3657 3960 τίς

2080 3988 2164 4062 εἴη
2183 4005 2197 4018 ⁸
2225 3986 2471 4057 λέγοντός
2495 4005 2555 4041 τε
2593 3987 2650 4040 ἐν
2678 3988 2861 4051 αὐτοῖς
2891 3987 2983 4041 καὶ
3012 3986 3352 4051 διδάσκοντος
3387 3985 3662 4042 ἀκούσον-

2078 4099 2190 4145 ται,
2239 4081 2302 4136 ού
2353 4082 2458 4153 μὴν
2491 4081 2585 4135 καὶ
2636 4082 2953 4153 συνήσουσιν
2996 4079 3109 4133 οὗθ’
3154 4081 3300 4144 ὅστις
3343 4079 3425 4135 ὢν
3460 4080 3657 4148 αὐτοῖς

2079 4174 2389 4242 διαλέξοιτο,
2416 4173 2529 4228 οὔθ’
2551 4174 2693 4247 ἆπερ
2715 4175 2898 4235 αὐτοῖς
2935 4173 3035 4244 τῆς
3067 4174 3259 4245 καινῆς
3296 4173 3658 4241 διδασκαλίας

2080 4267 2390 4342 παραδώσει
2432 4266 2746 4341 μαθήματα.
2786 4268 3069 4338 Μαρτυρεῖ
3095 4265 3152 4319 δὲ
3188 4267 3300 4329 τοῖς
3329 4264 3440 4319 τῶν
3468 4265 3656 4335 λόγων

414 4369 483 4406 ne
523 4353 741 4422 quando
773 4354 987 4409 videant
1023 4356 1201 4412 oculis
1230 4357 1369 4422 suis,
1401 4366 1456 4413 et
1484 4358 1708 4416 auribus
1738 4360 1853 4416 suis
1880 4376 1977 4415 au-

2081 4359 2511 4430 ἁποτελέσμασιν
2556 4360 2584 4412 6
2626 4358 3018 4429 εύαγγελιστὴς
3070 4357 3321 4429 Ἰωάννης
3372 4358 3503 4430 περὶ
3548 4358 3653 4413 τοῦ

408 4442 587 4507 diant,
611 4452 666 4498 et
689 4443 853 4499 corde
878 4444 1198 4520 intelligant,
1231 4457 1285 4505 et
1306 4457 1696 4505 convertantur
1719 4460 1773 4506 et
1789 4467 1974 4509 sanem

412 4550 530 4592 eos.
572 4552 590 4586 ι
636 4532 848 4601 Quibus
877 4538 1060 4594 verbis
1089 4541 1531 4597 manifestissime
1562 4544 1709 4597 cauit
1739 4542 1974 4599 futuram

388 4628 700 4699 .adversum
726 4643 786 4683 se
821 4631 1224 4686 accusationem
1262 4631 1597 4698 Judzeorum,
1632 4642 1694 4691 .et
1720 4636 1865 4706 quod
1892 4637 1976 4693 in-

411 4724 710 4780 tuebuntur
746 4724 965 4795 quidem
1014 4725 1216 4797 ipsum,
1248 4741 1355 4781 non
1394 4727 1588 4783 tamen
1630 4729 1973 4784 animadver-

412 4822 529 4870 tent
591 4814 717 4886 quis
757 4815 861 4880 sit,
898 4816 1154 4888 quodque
1200 4816 1511 4888 loquentem
1556 4819 1700 4875 inter
1740 4820 1890 4891 ipsos
1922 4826 1976 4876 et

411 4908 699 4961 docentem
758 4906 1013 4974 audient,
1072 4922 1183 4963 non
1227 4916 1410 4963 tamen
1453 4908 1619 4964 etiam
1674 4909 1976 4981 intelligent

408 5000 660 5069 quisnam
696 5001 744 5056 is
778 5000 849 5055 sit
882 5002 974 5073 qui
1008 5016 1130 5056 cum
1162 5000 1298 5071 ipsis
1337 4999 1609 5073 loquatur,
1634 5017 1812 5074 neque
1844 5005 1970 5059 item

408 5107 655 5163 quasnam
701 5107 765 5149 ea
801 5094 911 5150 sint
938 5110 1092 5151 novae
1120 5095 1382 5150 doctrina:
1411 5101 1676 5165 praecepta
1708 5110 1830 5165 quae
1856 5094 1973 5166 ipse

408 5184 515 5239 illis
539 5184 736 5241 trailet.
770 5184 1103 5258 Comprobat
1133 5200 1263 5242 vero
1291 5185 1457 5257 hujus
1488 5187 1696 5241 oraculi
1717 5193 1971 5243 eventum

404 5278 734 5349 evangelista
751 5275 1009 5345 Joannes,
1032 5279 1125 5352 qui
1146 5279 1213 5335 de
1232 5275 1515 5334 Salv'atore
1542 5286 1731 5334 nostro
1753 5280 1835 5335 sic
1856 5279 1931 5335 ait
1954 5296 1967 5332 :

408 5394 426 5424 ι
470 5371 607 5427 Cum
652 5381 833 5437 autem
872 5380 981 5428 tam
1013 5374 1180 5428 multa
1212 5374 1365 5444 signa
1402 5371 1624 5427 fecisset
1663 5385 1847 5427 coram
1866 5373 1967 5439 eis,

400 5478 513 5521 non
554 5464 903 5522 crediderunt
929 5467 982 5521 in
1027 5480 1174 5529 eum,
1207 5472 1267 5519 ut
1300 5479 1483 5520 sermo
1515 5462 1666 5520 Isaiae
1695 5465 1969 5536 prophetae

464 5642 517 5677 ‘”
555 5643 732 5707 Hebr.
769 5661 810 5713 ι,
846 5643 895 5699 τ.
969 5647 1016 5679 ’⁸ο
1065 5646 1210 5702 Psal.
1245 5636 1400 5717 xxiii,
1440 5647 1557 5713 7,8.
1662 5648 1708 5681 *ί
1750 5646 1880 5703 ibid.
1912 5647 1960 5702 i.

2078 4449 2327 4521 Σωτῆρος
2353 4447 2508 4520 ήμῶν
2556 4446 2727 4516 λέγων
2745 4464 2760 4478 ·
2794 4465 2812 4499 ι
2844 4446 3095 4502 Τοσαῦτα
3137 4446 3194 4500 δὲ
3238 4446 3403 4501 αὑτοῦ
3440 4450 3655 4519 σημεῖα

2076 4541 2432 4613 πεποιηκότος
2465 4539 2768 4612 ἔμπροσθεν
2813 4540 2990 4595 αὐτῶν
3012 4581 3029 4605 ,
3067 4542 3168 4595 οὐκ
3197 4541 3521 4595 ἐπίστευσαν
3564 4542 3654 4606 είς

2075 4634 2254 4698 αὑτὸν,
2284 4635 2370 4689 ἵνα
2403 4636 2432 4689 ό
2456 4634 2608 4703 λόγος
2651 4633 2875 4688 Ἡσαΐου
2902 4633 2996 4687 τοῦ
3033 4635 3308 4705 προφήτου
3344 4632 3605 4706 sanguij
3629 4674 3649 4697 ,

2072 4728 2131 4782 ὃν
2162 4723 2313 4782 εἶπε·
2354 4727 2546 4798 Κύριε,
2583 4727 2666 4791 τίς
2694 4728 2979 4782 ἐπίστευσε
3019 4727 3086 4797 τῇ
3148 4726 3283 4797 ἀκοῇ
3316 4725 3510 4797 ήμῶνς
3548 4728 3651 4781 καὶ

2070 4823 2101 4876 6
2137 4821 2374 4894 βραχίων
2416 4821 2622 4892 Κυρίου
2651 4821 2756 4874 τίνι
2797 4818 3189 4891 ἀπεκαλύφθης
3221 4819 3311 4874 διὰ
3348 4818 3510 4874 τοῦτο
3540 4822 3649 4876 ιΰκ

2072 4913 2331 4984 ἠδύναντο
2355 4913 2649 4976 πιστεύειν,
2671 4913 2752 4966 ὅτι
2798 4912 2958 4967 πάλιν
2996 4908 3150 4967 εἶπεν
3181 4906 3438 4978 Ἠσαῖας’
3472 4913 3650 4968 Tertio

2075 5004 2286 5074 φλωκεν
2336 5004 2514 5059 αὐτῶν
2561 5006 2687 5069 τοὺς
2739 5004 3051 5076 ὀφθαλμοὺς
3072 5046 3087 5070 ,
3144 5006 3239 5059 καὶ
3301 5005 3647 5077 πεταῦρωκεν

2072 5094 2252 5151 αὐτῶν
2282 5097 2379 5169 τὴν
2416 5095 2673 5169 καρδίαν,
2708 5096 2795 5151 ἵνα
2838 5095 2915 5169 μὴ
2955 5097 3107 5151 ἴδωσι
3149 5099 3259 5162 τοῖς
3303 5096 3643 5169 ὀφθαλμοῖς,

2071 5187 2166 5241 καὶ
2198 5188 2431 5267 νοήσωσι
2453 5189 2519 5261 τῇ
2545 5186 2759 5262 καρδίᾳ,
2784 5190 2878 5242 καὶ
2908 5188 3300 5261 ἐπιστρέψωσι,
3336 5191 3432 5243 καὶ
3473 5188 3643 5244 ἰάσω-

2067 5299 2172 5353 μαι
2205 5281 2417 5345 αὐτούς.
2450 5279 2634 5336 Ταῦτα
2664 5276 2818 5337 εἶπεν
2843 5282 3069 5347 Ἡσαΐας
3100 5283 3189 5337 ὅτε
3222 5278 3328 5338 εἶδε
3361 5285 3461 5355 τὴν
3485 5282 3648 5350 δόξαν

2071 5374 2266 5438 αὑτοῦ,
2313 5375 2406 5429 καὶ
2445 5372 2791 5449 ἐμαρτύρησε
2837 5376 2966 5449 περὶ
3014 5376 3197 5432 αὑτοῦ.
3241 5397 3261 5431 ι
3315 5377 3644 5449 ’Δναμφιλό-

2056 5462 2181 5537 ’γως
2206 5462 2298 5522 οὖν
2336 5467 2429 5523 ἐπὶ
2452 5465 2543 5523 τὸν
2568 5467 2800 5541 Χριστὸν
2831 5469 3093 5542 ἀνήνεγκε
3117 5474 3215 5545 τήν
3243 5474 3300 5527 ἐν
3326 5472 3407 5546 τῷ
3445 5472 3647 5548 Ἡσαΐᾳ.
