3916 6200
300 224 402 279 495

1171 227 1820 290 DEMONSTRATIONlS
1859 233 2314 292 EVANGELICE
2357 235 2483 291 LIB.
2527 238 2641 294 VII.

3406 239 3513 295 494

289 339 602 408 θεοφάνειαν
676 341 704 392 ὀ
768 341 1151 415 εύαγγελιστὴς
1181 383 1194 406 ,
1259 347 1352 398 καὶ
1413 347 1504 400 ἐπὶ
1567 349 1658 402 τὸν
1722 351 1819 402 Ἰου

1909 365 1924 410 ι
1957 348 2290 419 impleretur,
2332 367 2492 421 quem
2516 350 2652 404 dixit
2684 370 2693 403 :
2730 349 2972 414 Domine,
3005 351 3126 422 quis
3153 351 3382 407 credidit
3410 369 3512 407 au—

283 434 449 486 δαίων
495 432 619 488 λαὸν
669 436 730 488 οὐ
778 437 1245 508 παραδεδεγμένον
1283 440 1370 493 τὸν
1419 442 1725 513 ἑωραμένον
1770 444 1847 514 τῷ

284 525 537 597 πργρήτῃ
570 526 769 598 Κύριον
791 569 806 592 ,
843 528 981 582 κατὰ
1016 529 1113 599 τὴν
1159 533 1286 602 περὶ
1324 533 1486 586 αὐτοῦ
1523 534 1840 606 πρόρρησιν.

281 615 373 685 Τῷ
429 617 559 683 γοῦν
631 620 881 690 προφήτῃ
978 621 1242 696 ἑωρακότι
1310 623 1398 676 τὸν
1468 625 1670 696 Κύριον
1737 628 1841 680 Σα-

283 707 428 761 ϐαὼθ
487 727 647 778 φησιν
683 713 712 764 ὁ
753 695 1004 784 χρησμὸς·
1037 717 1207 768 εἰπεῖν
1238 714 1315 787 τῷ
1353 695 1616 773 Ἰουδαίων
1653 719 1794 772 ἔθνει
1823 762 1838 784 ,

276 800 360 853 ὃτι
411 801 473 872 δὴ
518 805 610 856 κα)⁸
657 804 809 858 αὐτοὶ
845 806 1059 876 ὅψονταί
1101 825 1231 861 ποτε
1283 810 1374 863 τὸν
1416 811 1598 876 αὐτὸν,
1633 812 1744 865 ἀλλ’
1779 816 1838 866 οὐ

279 894 597 963 συνήσουσιν
636 896 782 960 ὅστις
806 897 888 968 εἴη
910 941 924 963 ,
962 900 1054 952 καὶ
1085 899 1406 955 ἀκούσονται
1449 904 1612 956 αὑτοῦ
1658 903 1838 972 λέγον-

273 1001 365 1049 τος
399 988 456 1038 ὲν
485 989 664 1052 αὐτοῖς
692 991 782 1043 καὶ
811 992 1148 1058 διδάσκοντος
1166 1035 1180 1059 ,
1208 994 1320 1047 ἀλλ’
1347 995 1408 1048 ού
1444 999 1711 1068 νοήσουσι,
1748 998 1835 1052 διὰ

270 1077 336 1129 τὸ
384 1079 748 1151 πεπωρῶσθαι
804 1084 978 1137 αὐτῶν
1025 1085 1120 1156 τὴν
1164 1087 1410 1159 καρδίαν.
1454 1089 1616 1143 Ταῦτ’
1651 1087 1744 1144 οὖν
1805 1095 1834 1145 ὁ

281 1165 507 1231 Ἡσαΐας
533 1171 599 1222 δι’
620 1165 693 1224 ὧν
719 1173 1062 1246 παρεθέμεθα
1087 1175 1281 1243 λέξεων
1307 1179 1587 1243 θεσπίσας,
1609 1183 1664 1233 ὲν
1693 1183 1832 1234 ἱστο-

274 1255 391 1326 ρίας
425 1259 694 1331 ἀφηγήσει
719 1263 986 1331 πολεμίων
1021 1265 1205 1335 ἔφοδον
1235 1267 1374 1321 κατὰ
1409 1270 1500 1322 τοῦ
1536 1271 1706 1341 Ἀχαζ
1725 1313 1739 1336 ,
1773 1273 1831 1337 ὃς

267 1349 452 1419 ἐπεῖχε
498 1352 614 1404 τότε
648 1355 712 1406 τά
749 1355 843 1424 τῆς
895 1357 1166 1426 βασιλείας
1203 1359 1308 1413 τῶν
1354 1361 1617 1416 Ἰουδαίων
1656 1363 1785 1418 λαοῦ
1811 1405 1826 1428 ,

266 1442 588 1514 ὑπογράφει,
621 1445 710 1497 καὶ
743 1445 840 1513 τὴν
867 1447 972 1500 τῶν
1001 1448 1098 1519 μὲν
1127 1451 1395 1521 αξσθητῶν
1429 1454 1698 1525 πολεμίων
1731 1473 1828 1510 κα-

255 1532 508 1604 θαίρεσιν
527 1536 744 1600 αὐτίκα,
777 1539 866 1591 καὶ
895 1533 993 1593 οὐκ
1019 1542 1097 1604 είς
1122 1541 1336 1613 μακράν
1364 1544 1685 1616 γενήσεσθαι
1725 1564 1822 1617 σηο

265 1629 477 1697 μαίνει’
515 1622 589 1682 ὧν
625 1631 680 1684 δὲ
720 1631 960 1702 σύμσολα
1002 1633 1161 1704 ἔφερε
1209 1636 1410 1707 νοητῶν
1449 1639 1542 1692 καὶ
1579 1641 1822 1711 ἀοράτων

1953 441 2087 494 dilui
2109 449 2317 504 nostro,
2337 451 2389 494 et
2413 442 2694 495 brachium
2715 441 2925 496 Domini
2957 443 3042 495 cui
3069 444 3359 499 revelatum
3388 445 3516 500 est?

1953 541 2236 600 propterea
2275 547 2384 586 non
2428 540 2676 602 poterant
2716 532 2936 587 credere
2959 575 2972 598 ,
3001 535 3124 602 quia
3152 533 3344 588 iterum
3375 535 3512 590 dixit

1951 621 2118 678 Isaias
2152 643 2164 677 :
2198 623 2500 678 Excazcavit
2523 625 2709 678 oculos
2757 641 2966 688 eorum,
3002 634 3056 679 et
3104 625 3370 682 induravit
3415 643 3511 683 cor

1947 730 2134 770 eorum
2157 755 2170 778 ,
2205 731 2272 770 ne
2307 716 2520 770 videant
2545 717 2756 779 oculis,
2783 727 2834 771 et
2881 719 3044 772 corde
3086 718 3422 788 intelligant,
3455 729 3509 772 et

1947 814 2354 869 convertantur,
2381 815 2433 860 et
2456 823 2638 862 sanetn
2657 823 2770 862 eos.
2795 807 2920 862 Haec
2945 809 3079 862 dixit
3101 807 3267 864 lsaias
3288 809 3507 880 quando

1944 895 2077 949 vidit
2099 897 2325 966 gloriam
2352 896 2490 966 ejus,
2511 908 2562 951 et
2584 897 2902 953 testificatus
2931 908 3012 953 est
3043 898 3108 955 de
3129 916 3192 955 eo
3213 900 3276 954 δ’.
3322 919 3339 952 ι
3365 898 3504 973 Ergo

1943 987 2149 1056 absque
2172 989 2540 1043 controversia
2569 989 2830 1043 visionem
2851 991 2996 1044 illam
3018 990 3112 1045 Dei
3135 992 3201 1046 ad
3222 991 3501 1047 Christum

1941 1079 2466 1149 retulitevangelisla
2483 1077 2742 1144 Joannes,
2762 1081 2891 1134 etad
2915 1079 3200 1134 Judaicuni
3219 1084 3498 1153 pOpulum,

1939 1171 2030 1240 qui
2094 1170 2268 1224 visum
2340 1186 2368 1224 a
2428 1173 2689 1242 propheta
2749 1170 3032 1226 Dominum
3067 1212 3083 1234 ,
3147 1174 3500 1243 quemadmo-

1937 1260 2065 1316 dum
2120 1261 2189 1314 ab
2238 1262 2331 1314 illo
2381 1263 2501 1332 ipso
2552 1262 2868 1332 prtedictum
2909 1271 3013 1324 est,
3064 1279 3172 1318 non
3229 1265 3490 1334 suscepit.

1933 1352 2093 1424 313
2117 1352 2248 1407 Nam
2277 1369 2399 1408 cum
2443 1353 2730 1415 Dominum
2766 1355 3002 1410 Sabaoth
3035 1357 3298 1427 propheta
3326 1357 3496 1410 vidis-

1934 1456 2036 1509 set,
2077 1445 2242 1500 refert
2266 1449 2568 1511 oraculum,
2601 1449 3056 1520 quemadmodum
3093 1450 3194 1518 ipsi
3223 1463 3494 1520 praecepe-

1931 1541 2022 1606 rit,
2062 1550 2119 1595 ut
2148 1542 2213 1595 ad
2242 1541 2458 1598 Iudaeos
2485 1546 2687 1600 diceret
2721 1563 2734 1598 :
2771 1546 2913 1617 quod
2943 1547 3046 1616 ipsi
3087 1547 3236 1600 illum
3273 1547 3488 1616 quidem

1930 1632 2222 1702 aliquando
2254 1636 2534 1701 videbunt,
2569 1638 2663 1692 sed
2693 1653 2800 1692 non
2837 1638 3139 1708 intelligent
3167 1637 3292 1708 quis
3319 1637 3413 1700 sit,
3435 1645 3491 1692 et

259 1717 491 1791 ἐχθρῶν,
542 1719 806 1793 δαιμόνων
850 1723 1044 1789 τινῶν,
1094 1727 1184 1778 καὶ
1233 1727 1453 1797 ἀφανῶν
1513 1730 1819 1801 δυνάμεων,

1926 1723 2149 1779 audient
2196 1726 2346 1780 illum
2379 1728 2686 1798 loquentem
2737 1731 2878 1783 inter
2908 1730 3056 1800 ipsos
3099 1738 3153 1784 et
3178 1729 3488 1793 docentem,

259 1811 385 1879 περὶ
413 1803 489 1863 ὧν
516 1811 800 1883 ἀρχόμενοι
822 1814 918 1884 τῆς
946 1814 1072 1885 ὅλης
1110 1818 1490 1887 πραγματείας
1511 1819 1824 1890 διεληλύθα-

255 1916 378 1968 μεν,
403 1901 478 1966 ὡς
514 1903 574 1954 οὐ
611 1903 765 1973 μόνον
794 1903 855 1956 τὸ
903 1904 1168 1958 Ἰουδαίων
1199 1906 1368 1971 ἔθνος,
1399 1907 1537 1962 ἀλλὰ
1576 1911 1668 1964 καὶ
1713 1913 1820 1963 πᾶν

250 1993 312 2044 τὸ
349 1992 687 2064 ἀνθρώπειον
725 1995 878 2063 γένος
915 1997 1006 2048 ἐπὶ
1036 1997 1143 2052 πᾶν
1175 1995 1316 2063 εἶδος
1347 2003 1544 2064 κακίας
1563 2045 1576 2066 ,
1607 2003 1700 2056 καὶ
1727 2005 1819 2059 ἐπὶ

249 2083 424 2152 αὑτήν
454 2099 515 2151 γε
541 2083 637 2155 τὴν
660 2083 814 2138 ἄθεον
838 2087 1274 2158 εἰδωλολατρείαν
1296 2090 1774 2161 καταϐεϐληκότων
1799 2135 1813 2158 ,

245 2175 350 2227 οὐκ
376 2175 548 2238 άλλως
580 2175 676 2246 τὴν
708 2172 872 2247 ἧτταν
907 2179 1124 2233 ἔσεσθαι
1156 2180 1305 2250 δηλοῖ
1335 2181 1367 2252 ἢ
1402 2181 1488 2235 διὰ
1517 2183 1682 2255 μόνης
1716 2186 1813 2256 τῆς

243 2265 640 2339 θεσπιζομένης
695 2271 774 2333 εἰς
831 2271 1148 2343 ἀνθρώπους
1199 2274 1490 2344 ἐπιδημίας
1535 2275 1629 2330 τοῦ
1674 2277 1810 2331 Θεοῦ

248 2357 448 2424 Λόγου,
495 2356 555 2422 ἐξ
614 2359 982 2432 ἀπειρογάμου
1040 2362 1314 2436 Παρθένου
1363 2365 1559 2435 σκῆνος
1606 2367 1813 2440 ἀνθρώ-

247 2464 398 2500 πειον
426 2449 849 2522 ἀναληψομένου.
877 2454 973 2518 Τίς
994 2453 1051 2508 δὲ
1083 2455 1230 2527 αὐτῷ
1264 2460 1298 2526 ἡ
1325 2457 1511 2511 τούτου
1540 2461 1696 2532 χρεία
1723 2458 1810 2533 ἦν,

244 2536 433 2608 καιρὸς
469 2537 534 2591 ἂν
555 2541 635 2610 είη
661 2541 952 2596 διαλαϐεῖν.

1923 1816 2019 1872 sed
2048 1832 2154 1871 non
2185 1818 2505 1888 percipient,
2542 1829 2828 1891 propterea
2850 1820 2994 1892 quod
3029 1819 3344 1875 induratum
3380 1819 3488 1874 erit

1920 1921 2018 1961 cor
2044 1923 2254 1965 eorum.
2289 1908 2426 1963 Cum
2470 1911 2585 1965 lucc
2629 1913 2794 1984 igitur
2825 1910 2994 1967 Isaias
3033 1913 3117 1967 his
3156 1926 3278 1983 qua:
3321 1926 3486 1982 appo-

1919 2000 2154 2063 suitnus,
2187 2001 2364 2056 verbis
2394 2010 2576 2065 canat,
2612 2003 2668 2056 in
2709 2003 2948 2058 historia:
2981 2003 3198 2059 modum
3244 2004 3482 2060 hostium

1922 2091 2187 2147 adversus
2227 2092 2408 2147 Acbaz
2435 2096 2716 2164 impetum,
2750 2096 2841 2164 qui
2894 2103 3025 2150 tunc
3054 2096 3271 2151 Judaici
3300 2095 3484 2169 populi

1920 2200 2146 2257 regnum
2178 2187 2509 2252 obtinuerat,
2545 2185 2826 2250 describit,
2872 2195 2926 2242 et
2955 2201 2985 2240 a
3021 2187 3324 2242 visibilibus
3359 2189 3483 2258 qui~

1917 2275 2040 2331 dem
2072 2277 2321 2332 hostibus
2349 2278 2561 2331 ruinam
2587 2277 2758 2340 brevi,
2786 2293 2961 2347 neque
2987 2276 3127 2331 haud
3158 2279 3329 2331 multo
3357 2287 3482 2347 post.

1917 2367 2155 2422 futuram
2209 2369 2498 2440 significat.
2547 2367 2792 2434 Quorum
2841 2383 2967 2424 vero
3023 2369 3179 2438 signa
3229 2368 3476 2437 quaadam

1915 2459 2182 2514 duntaxat
2221 2462 2405 2515 attulit
2428 2462 2505 2531 (hi
2550 2475 2714 2530 porro
2742 2468 2872 2516 sunt
2911 2460 3272 2532 intelligibiles
3312 2468 3476 2530 atque

1917 2553 2216 2607 invisibiles
2248 2554 2469 2624 quidam
2513 2553 2719 2615 hostes,
2755 2551 3028 2607 daemones
3061 2552 3248 2623 utique
3281 2565 3345 2606 ac
3373 2551 3480 2607 sub

243 2633 422 2688 visum
459 2649 565 2688 non
592 2635 848 2692 cadentes
871 2647 1190 2708 potestates,
1215 2638 1282 2696 de
1310 2641 1513 2711 quibus
1547 2643 1704 2698 initio
1755 2649 1921 2702 totius
1979 2651 2164 2719 operis
2217 2647 2602 2708 disseruimus,
2645 2645 2790 2716 quod
2842 2661 2949 2701 non
2978 2647 3149 2702 solam
3193 2643 3475 2701 Judaicam

241 2743 480 2804 gentem,
532 2735 626 2790 sed
681 2751 842 2790 omne
886 2751 1110 2806 prorsus
1155 2736 1453 2791 humanum
1505 2753 1699 2808 genus,
1753 2741 1806 2794 in
1840 2758 2002 2798 omne
2031 2743 2252 2796 malitiae
2273 2759 2464 2812 genus,
2497 2758 2562 2797 ac
2587 2742 2821 2812 denique
2848 2746 2906 2796 in
2957 2742 3133 2812 ipsum
3190 2741 3339 2796 omni
3388 2756 3474 2794 re-

242 2827 428 2896 ligioni
482 2827 814 2883 contrarium
885 2829 1302 2885 simulacrorum
1367 2831 1579 2886 cultum
1649 2835 2070 2905 compulerint),
2140 2836 2241 2890 hos
2291 2852 2400 2889 non
2473 2836 2633 2889 aliter
2688 2837 2833 2890 vinci
2883 2850 3043 2906 posse
3098 2835 3468 2898 demonstrat,

239 2937 402 2992 quam
435 2939 530 2993 per
553 2941 744 2988 unum,
777 2925 869 2994 qui
904 2925 1122 2980 canitur
1155 2925 1246 2980 Dei
1277 2924 1439 2982 Verbi
1469 2928 1535 2982 ad
1558 2927 1808 2986 homines
1841 2945 2144 2995 accessum,
2184 2932 2327 3000 quod
2377 2931 2594 3001 quidem
2640 2929 2734 2986 Dei
2770 2930 3003 2986 Verbum
3046 2937 3193 2984 esset
3251 2945 3318 2983 ex
3383 2929 3468 2981 in-

239 3027 406 3089 nupta
471 3017 686 3089 Virgine
750 3019 1046 3073 immanum
1101 3034 1303 3090 corpus
1361 3032 1790 3092 assumpturum.
1867 3024 1973 3080 Sed
2026 3027 2190 3095 hujus
2237 3027 2312 3080 illi
2355 3027 2606 3095 quisnam
2665 3041 2798 3080 usus
2841 3025 3023 3089 fuerit,
3068 3023 3181 3094 jam
3254 3029 3469 3092 tempus

235 3126 358 3167 esse
385 3112 617 3176 videtur,
651 3121 708 3166 ut
737 3113 899 3168 latius
928 3114 1290 3184 inquiramus.

327 3229 404 3284 τὰ
429 3230 563 3299 περὶ
592 3227 699 3296 τῆς
733 3227 837 3282 τοῦ
876 3227 1146 3298 Σωτῆρος
1175 3229 1340 3300 ἡμῶν
1366 3231 1702 3301 ἐπιδημίας.

2013 3229 2142 3294 Qua
2175 3236 2408 3295 spectant
2442 3225 2510 3279 ad
2533 3226 2826 3281 Saluatoris
2864 3226 3031 3279 nostri
3058 3224 3354 3281 adventum.

313 3343 531 3412 Ἐπειδὴ
568 3362 587 3394 ι
627 3343 692 3395 δι’
719 3344 1003 3414 ἀνθρώπου
1031 3341 1255 3408 θάνατος
1303 3345 1546 3415 εἰσῆλθεν
1589 3349 1667 3408 εἰς
1705 3344 1796 3398 τὸν

227 3432 451 3501 κόσμον,
465 3449 484 3482 ι
503 3433 662 3500 φησὶν
684 3434 712 3485 ό
739 3434 1068 3497 Ἀπόστολος,
1085 3436 1218 3507 χρῆν
1232 3436 1400 3506 δήπου
1421 3436 1505 3489 διὰ
1523 3436 1615 3488 τοῦ
1632 3438 1792 3490 αὑτοῦ

223 3522 514 3596 ἀνθρώπου
541 3525 638 3595 τὴν
667 3526 806 3579 κατὰ
834 3525 926 3578 τοῦ
965 3527 1192 3581 θανάτου
1221 3527 1577 3600 βραϐευθῆναι
1604 3529 1757 3600 νίκην
1777 3569 1790 3593 ,

224 3615 318 3668 καὶ
351 3613 416 3666 τὸ
450 3612 602 3684 σῶμα
631 3613 725 3666 τοῦ
757 3613 984 3668 θανάτου
1018 3615 1174 3686 σῶμα
1211 3615 1354 3686 ζωῆς
1394 3617 1789 3687 ἀναδειχθῆναι,

219 3708 318 3758 καὶ
350 3706 452 3776 τῆς
485 3705 755 3775 ἁμαρτίας
799 3706 898 3776 τὴν
945 3706 1220 3775 βασιλείαν
1265 3708 1323 3760 ὲν
1361 3707 1438 3777 τῷ
1475 3707 1651 3777 θνητῷ
1695 3708 1791 3760 σώ-

222 3813 350 3866 ματι
380 3797 443 3848 τὸ
464 3796 591 3866 πρὶν
627 3793 946 3866 ἐνεργοῦσαν
975 3797 1358 3867 καταλυθῆναι,
1399 3797 1590 3868 μηκέτι
1623 3799 1792 3868 ἁμαρ·

215 3889 339 3953 τίας
371 3891 558 3955 αὑτοῦ,
593 3888 725 3942 ἀλλὰ
747 3888 1084 3960 δικαιοσύνης
1117 3890 1419 3960 κρατούσης
1439 3907 1450 3920 ·
1479 3893 1570 3944 καὶ
1603 3892 1786 3964 ἐπειδὴ

213 3981 304 4034 διὰ
335 3981 446 4033 τῶν
477 3982 574 4052 τῆς
609 3981 805 4052 σαρκὸς
834 3981 1242 4052 ἁμαρτημάτων
1275 3980 1439 4034 πάλαι
1467 3982 1724 4053 πρότερον
1752 3987 1783 4053 ἡ

213 4073 425 4136 πτῶσις
477 4074 683 4140 ἐγίνετο
745 4075 906 4126 πᾶσιν
965 4072 1308 4144 ἀνθρώποις,
1367 4075 1590 4139 εἰκότως
1625 4076 1783 4130 πάλιν

207 4165 281 4217 δι’
334 4164 720 4236 ἀναμαρτήτου
747 4204 761 4228 ,
806 4163 900 4220 καὶ⁸
939 4165 1118 4235 πάσης
1176 4165 1443 4236 ἀχράντου
1483 4167 1678 4230 κακίας
1715 4168 1782 4220 τὰ

205 4256 354 4309 κατὰ
395 4255 505 4308 τῶν
529 4255 740 4326 ἐχθρῶν
773 4256 1089 4327 ἀνηγείρετο
1127 4257 1376 4328 τρόπαια.
1413 4256 1660 4310 Τίνωνδὲ
1690 4260 1780 4328 ἐχ-

201 4349 356 4422 θρῶν
381 4349 414 4419 ἢ
447 4348 555 4402 τῶν
581 4348 744 4402 πάλαι
769 4347 857 4400 διὰ
885 4347 993 4400 τῶν
1021 4349 1120 4418 τῆς
1152 4350 1351 4420 σαρκὸς
1373 4349 1572 4419 ἡδονῶν
1607 4368 1777 4404 κατα-

200 4438 548 4492 παλαιόντων
597 4437 656 4492 τὸ
705 4436 1033 4506 ἀνθρώπειον
1090 4437 1280 4505 γένος;
1337 4439 1430 4491 καὶ
1487 4439 1660 4502 ἄλλως
1719 4440 1775 4492 δὲ

203 4531 405 4600 ἐχρῆν,
433 4529 739 4602 ἀνθρώποις
770 4527 906 4580 Θεοῦ
934 4528 1104 4596 Λόγον
1142 4528 1346 4599 ὁμιλεῖν
1370 4529 1652 4600 μέλλοντα,
1682 4530 1776 4584 καὶ

1973 3341 2109 3406 Quia
2145 3359 2162 3390 ι
2197 3356 2290 3410 per
2324 3341 2598 3394 hominem
2631 3353 2780 3392 mors
2821 3337 3041 3391 intravit
3077 3337 3132 3390 in
3175 3339 3456 3400 mmdum.

1902 3434 1976 3486 ait
2014 3432 2304 3502 Apostolus
2327 3432 2413 3493 “',
2448 3450 2466 3481 ι
2507 3430 2710 3482 idcirco
2742 3428 3004 3482 adversus
3035 3435 3262 3483 mortem
3294 3429 3461 3484 victo-

1900 3527 2034 3579 riam
2073 3524 2303 3579 obtineri
2347 3537 2442 3592 per
2485 3521 2735 3576 eumdem
2781 3519 3052 3574 hominem
3097 3521 3356 3590 Oportuit,
3406 3531 3459 3575 et

1897 3616 2041 3686 quod
2074 3616 2265 3670 mortis
2309 3616 2485 3669 fuerat
2530 3625 2752 3682 corpus,
2787 3612 3140 3678 vitae'corpus
3164 3612 3454 3675 declarari,

1894 3719 1948 3761 et
1990 3707 2196 3777 peccati
2232 3720 2481 3776 regnum,
2511 3703 2654 3774 quod
2690 3703 2842 3771 prius
2885 3703 2939 3754 in
2983 3717 3210 3771 corpore
3238 3704 3455 3758 mortali

1885 3789 2000 3854 'vim
2052 3814 2203 3854 suam
2257 3796 2564 3860 exercebat,
2610 3794 2776 3849 deleri
2833 3807 3002 3862 usque
3037 3792 3194 3858 adeo,
3241 3802 3300 3848 ut
3343 3809 3452 3849 non

1892 3892 2125 3960 amplius
2150 3890 2226 3942 illi
2263 3895 2568 3958 peccaturo,
2595 3887 2690 3941 sed
2723 3886 2937 3955 justitia
2971 3885 3364 3954 dominaretur,
3397 3895 3452 3941 et

1891 3989 2144 4056 quoniam
2166 4000 2229 4038 ex
2257 3983 2498 4054 peccatis
2526 3982 2795 4054 corporis,
2832 3988 2990 4033 antea
3031 3980 3247 4034 cunctis
3275 3980 3451 4035 homi—

1892 4079 2051 4132 nibus
2090 4078 2248 4130 ruina
2300 4075 2441 4129 facta
2483 4082 2586 4136 est,
2634 4073 2829 4128 merito
2871 4087 3065 4127 rursus
3120 4086 3216 4140 per
3265 4072 3446 4128 omnis

1889 4169 2093 4238 peccati
2127 4183 2321 4236 expers
2350 4182 2572 4236 corpus,
2596 4164 2853 4233 omnique
2883 4177 3108 4232 prorsus
3131 4161 3336 4216 malitia
3364 4162 3447 4216 iu~

1887 4267 2116 4321 tactum,
2154 4265 2354 4326 tropaea
2393 4257 2655 4310 adversus
2685 4253 2868 4306 hostes
2913 4252 3170 4322 erigenda
3200 4251 3442 4310 fuerunt.

1887 4350 1993 4406 Sed
2027 4365 2165 4422 quos
2192 4348 2409 4402 tandem
2437 4349 2641 4410 hostes,
2674 4345 2776 4400 nisi
2799 4360 2893 4400 eos
2925 4345 3016 4414 qui
3047 4345 3176 4399 olim
3205 4360 3302 4415 per
3319 4360 3445 4400 coro

1884 4456 2077 4512 porcas
2107 4440 2411 4509 voluptates
2447 4439 2739 4491 humanum
2779 4451 2952 4504 genus
2994 4437 3450 4506 prosternebant?

1883 4541 2143 4603 prmterea
2190 4545 2312 4586 eum
2363 4529 2458 4582 Dei
2493 4528 2732 4584 Verbum
2782 4535 2928 4580 esset
2969 4541 3091 4580 cum
3134 4528 3444 4582 hominibus

201 4619 416 4690 σαρκὸς
439 4622 628 4684 ἀκοαῖς
665 4619 728 4672 τὰ
759 4619 858 4691 τῆς
890 4618 1165 4684 εὐσεϐείας
1195 4621 1489 4691 μαθήματα
1519 4620 1772 4693 παραδῶ-
1807 4634 1819 4688 ι

1913 4625 2299 4683 ollocuturum,
2345 4629 2399 4676 et
2447 4619 2726 4690 corporeis
2774 4618 3001 4671 auribus
3053 4626 3319 4687 praecepta
3374 4617 3443 4673 de

203 4729 394 4776 σοντα,
441 4713 720 4784 τερατείας
757 4729 816 4765 τε
854 4711 948 4766 καὶ
983 4711 1434 4783 παραδοξοποιίας
1477 4712 1777 4785 ἀνθρώπων

196 4803 535 4874 ὀφθαλμοῖς,
570 4802 702 4857 Θεοῦ
731 4821 790 4856 τε
825 4802 1050 4874 δύναμιν
1090 4805 1289 4875 ἐναργῆ
1332 4808 1770 4876 παραστήσοντα,

199 4895 280 4964 μὴ
333 4894 510 4957 ἄλλως
552 4895 584 4966 ἢ
629 4894 714 4948 διὰ
742 4894 834 4948 τοῦ
866 4895 1126 4968 συνήθους
1163 4899 1292 4967 ἡμῖν
1336 4897 1568 4968 ὀργάνου
1618 4898 1774 4951 τοῦτο

195 4987 446 5058 πρᾶξαι·
478 4989 558 5039 ὅτι
592 4987 711 5040 οὐδὲ
733 4986 893 5040 πλέον
921 4987 1070 5039 οὐδὲν
1103 4987 1366 5056 σωμάτων
1393 4989 1524 5058 ὀρᾷν
1563 4988 1771 5060 ἀνθρώ-

190 5096 318 5131 πων
348 5079 572 5132 δυνατὸν
596 5074 663 5150 ἦν
690 5077 1005 5148 ὀςςθαλμοῖς,
1037 5079 1144 5131 οὐδ’
1166 5079 1382 5132 ἀκούειν
1416 5079 1584 5150 ἀκοὴν
1612 5079 1772 5132 πλέον

185 5192 244 5226 τι
259 5173 365 5226 τοῦ
384 5171 470 5225 διὰ
487 5171 728 5242 γλώττης
750 5171 1152 5244 προφερομένου
1178 5171 1435 5241 ἦχου.”1ν’
1449 5167 1544 5224 οὖν
1571 5172 1664 5225 καὶ
1683 5171 1770 5225 διὰ

185 5265 471 5335 σωμάτων
497 5263 799 5336 αἰσθήσεως
821 5263 918 5333 τῆς
948 5261 1054 5315 τῶν
1083 5262 1285 5332 νοητῶν
1323 5264 1413 5315 καὶ
1462 5263 1768 5334 ἀσωμάτων

180 5360 406 5421 ἑννοίας
432 5355 833 5427 ἐπιλαὸώμεθα,
851 5356 938 5408 τὸν
964 5358 1095 5426 ἡμῖν
1121 5354 1356 5424 συγγενῆ
1384 5355 1478 5411 καὶ
1495 5357 1766 5426 γνώριμον

179 5451 354 5518 λόγον
373 5449 534 5511 αὐτὸς
563 5451 592 5501 ό
627 5447 759 5510 θεὸς
791 5447 958 5514 Λόγος
989 5445 1349 5517 ἀνελάμϐανε,
1384 5447 1475 5500 καὶ
1502 5445 1676 5498 πάντα
1701 5464 1764 5514 γε

173 5541 250 5593 δι’
298 5539 467 5594 αὑτοῦ
509 5538 579 5591 τὰ
631 5539 869 5610 σωτήρια
904 5540 1013 5600 τοῖς
1046 5538 1328 5608 αὐτηκόοις
1355 5539 1448 5591 καὶ
1470 5538 1763 5606 αὐτόπταις

257 5699 306 5730 δ’
350 5694 506 5750 Joan.
544 5693 850 5776 “1,3741.
926 5693 994 5724 ⁸³·
1027 5692 1182 5746 Rom.
1221 5706 1273 5756 v,
1311 5691 1397 5748 12.

1880 4719 2080 4790 pietate
2119 4715 2473 4775 traditurum,
2500 4711 2858 4783 prodigiaque
2889 4717 2942 4765 et
2973 4709 3236 4764 miracula
3263 4710 3440 4764 oculis

1883 4811 2184 4872 hominum,
2215 4805 2381 4880 31‘.
2408 4805 2612 4874 Deique
2653 4803 2912 4857 virtutem
2955 4801 3232 4856 evidenter
3277 4809 3439 4870 atque

1879 4909 2063 4972 aperte
2087 4901 2608 4959 demonstraturum,
2643 4910 2752 4948 non
2782 4893 2942 4948 aliter
2971 4905 3136 4963 quam
3171 4905 3269 4960 per
3307 4904 3439 4945 con-

1877 5001 2113 5054 suetum,
2147 4989 2414 5058 nobisque
2451 4986 2718 5040 familiare
2758 4985 3206 5044 instrumentum,
3237 4980 3342 5035 hoc
3359 4979 3435 5034 fa-

1874 5099 1999 5139 cere
2039 5084 2218 5152 ipsum
2265 5077 2530 5149 Oportuit,
2577 5077 2834 5147 quoniam
2877 5073 3012 5128 nihil
3049 5071 3268 5141 quidem
3317 5085 3438 5123 am-

1875 5174 2040 5243 plius,
2071 5185 2233 5242 quam
2278 5184 2400 5240 quae
2427 5182 2658 5238 corpora
2707 5173 2858 5228 sut,
2911 5161 3232 5217 mortalibus
3261 5160 3438 5215 oculis

1872 5277 1932 5318 ut
1959 5279 2334 5324 cerneremus,
2371 5261 2483 5316 fieri
2513 5264 2746 5330 poterat,
2778 5269 2957 5325 neque
2979 5261 3039 5307 ut
3067 5253 3292 5307 auribus
3313 5267 3438 5322 per—

1869 5358 2192 5427 ciperemus,
2227 5369 2389 5424 quam
2441 5366 2656 5412 sonum,
2698 5349 2790 5419 qui
2823 5348 3007 5418 lingua
3032 5344 3266 5416 proferri
3304 5359 3436 5398 con-

1869 5449 2063 5505 suevit.
2099 5447 2168 5502 Ut
2198 5449 2364 5519 igitur
2395 5443 2674 5514 corporeis
2697 5453 2912 5514 quoque
2941 5438 3195 5494 sensibus
3228 5434 3429 5490 intelli-

1871 5538 2116 5608 gibilium
2147 5537 2709 5609 incorporearumque
2728 5544 2913 5594 rerum
2942 5529 3190 5584 notiones
3207 5537 3432 5596 capere-
