3916 6200
482 228 587 283 495

1150 227 1417 286 EUSEBII
1456 229 1937 288 C/ESARIENSIS
1972 231 2124 288 UPP.
2167 233 2350 290 PARS
2386 229 2450 288 ll.
2475 263 2541 272 —
2565 233 3062 292 APOLOGETICA.

3629 241 3734 298 495

482 360 627 407 mus.
660 360 782 400 eum
821 345 913 416 qui
949 345 1106 400 nobis
1149 353 1202 401 et
1252 355 1520 418 cognatus
1558 355 1612 402 et
1643 347 1928 405 familiaris
1968 363 2022 406 es

2150 351 2259 405 τῶν
2293 351 2488 405 ἐνθέων
2519 352 2684 406 αὑτοῦ
2725 351 2897 422 λόγων
2935 371 2994 406 τε
3025 355 3116 407 καὶ
3143 355 3321 426 ἔργων
3349 357 3733 427 προεϐάλλετο.

483 445 586 500 set,
629 436 744 507 ipse
790 435 933 491 Deus
962 435 1198 492 Verbum
1253 441 1571 510 assumpsit,
1624 441 1913 511 omniaque
1953 456 2050 510 per

480 529 632 582 illum
664 543 1002 598 quaecunque
1029 531 1293 585 salutaria
1327 542 1537 597 essent,
1563 534 1653 596 iis,
1685 535 1778 604 qui
1810 535 1912 605 ipsi
1953 550 2049 588 au-

481 621 722 684 diebant,
754 621 965 692 ipsique
988 621 1245 687 lidebant,
1283 631 1391 677 tam
1424 641 1546 694 quze
1574 625 1627 678 in
1652 625 1853 681 divinis
1875 626 2046 697 ipsius

479 711 679 776 verbis,
719 727 884 782 quam
919 730 1048 783 qua)
1073 715 1127 769 in
1167 714 1328 770 factis
1354 717 1740 778 consisterent,
1771 719 2042 788 exposuit.

477 803 653 872 Atque
697 803 812 858 haec
857 806 1038 859 omnia
1073 807 1492 874 administravit,
1544 825 1812 879 nusquam
1852 817 1912 864 ut
1943 825 2045 866 nos

477 894 643 949 simili
668 895 882 952 ratione
916 898 1163 966 corporis
1197 900 1618 955 necessitatibus
1647 902 1909 972 illigatus,
1949 917 2045 958 ne-

477 999 582 1053 que
609 983 724 1055 ipse
757 985 1053 1056 quidquam
1090 995 1184 1041 aut
1225 987 1466 1045 deterius
1511 998 1604 1044 aut
1663 993 1894 1062 amplius
1943 1007 2040 1048 sua

475 1076 648 1146 ipsius
687 1079 971 1134 divinitate
1005 1082 1334 1152 perpetiens,
1382 1099 1558 1153 neque
1592 1101 1720 1139 vero
1761 1094 1816 1136 nt
1861 1086 2040 1139 anima

475 1170 737 1237 hominis,
764 1172 838 1227 ita
871 1173 990 1244 ipse
1020 1175 1111 1228 tali
1137 1190 1366 1246 corpore
1414 1178 1729 1246 impeditus,
1763 1188 1820 1232 ut
1856 1179 2039 1234 divina

475 1264 691 1318 interim
719 1281 944 1320 munera
962 1266 1113 1322 obire
1135 1282 1241 1322 non
1261 1277 1464 1338 posset,
1497 1280 1588 1323 aut
1606 1270 1802 1341 ubique
1824 1272 2037 1334 adesse,

473 1357 565 1425 qui
609 1358 700 1412 Dei
745 1351 982 1413 Verbum
1007 1369 1111 1426 est,
1147 1361 1438 1431 omniaque
1475 1362 1684 1432 implet,
1731 1379 1827 1433 per
1856 1365 2038 1418 omnia

475 1458 740 1519 penetrat,
778 1467 953 1520 neque
983 1452 1112 1507 item
1150 1462 1242 1507 aut
1272 1455 1526 1510 sordibus
1554 1457 1701 1520 ullis,
1734 1466 1826 1511 aut
1847 1473 2038 1512 corru-

476 1542 679 1610 ptione,
713 1551 806 1597 aut
836 1544 1098 1610 fmditate,
1129 1561 1195 1600 ex
1217 1561 1282 1601 eo
1312 1562 1542 1615 corpore
1564 1548 1707 1618 quod
1739 1550 2036 1620 assumpsit

474 1635 814 1703 inquinatus,
846 1646 1130 1709 propterea
1161 1639 1306 1710 quod
1337 1655 1459 1694 cum
1487 1642 1601 1711 ipse
1626 1650 1819 1695 natura
1843 1643 1914 1697 sit
1941 1659 2035 1698 exc

473 1743 595 1796 pers
629 1737 683 1784 et
711 1731 980 1799 corporis,
1013 1737 1067 1786 et
1098 1731 1300 1794 carnis,
1333 1739 1386 1786 et
1419 1733 1598 1788 omnis
1627 1734 1886 1797 materiai,
1914 1744 2035 1789 tan-

470 1835 632 1889 quam
682 1819 771 1875 Dei
811 1820 1069 1885 Verbum,
1112 1821 1293 1877 divina
1347 1823 1580 1894 quadam
1632 1826 1844 1880 virtute.
1875 1827 2036 1880 ratio-

471 1913 740 1983 nibttsque
778 1913 1160 1979 ineffabilibus,
1194 1929 1408 1970 onmem
1457 1916 1716 1971 sustinuit
1760 1916 2036 1988 dispensa-

471 2007 696 2069 tionem,
743 2022 865 2077 qua:
910 2022 1006 2062 sua
1061 2013 1247 2062 essent
1303 2007 1639 2078 impertiens,
1690 2025 1796 2063 non
1851 2018 2033 2065 autem

469 2106 660 2152 contra
703 2099 806 2154 sibi
851 2098 1156 2160 vindicans.
1211 2109 1303 2155 aut
1351 2116 1622 2171 usurpans
1671 2117 1792 2172 qua:
1833 2103 2029 2159 aliena.

469 2187 609 2259 Ergo
643 2205 742 2243 cur
773 2188 844 2242 ita
876 2189 1018 2244 hanc
1049 2189 1196 2246 illius
1229 2195 1283 2246 in
1313 2207 1542 2261 corpore
1568 2192 2031 2262 dispensationem

470 2281 762 2336 formidare
797 2297 934 2351 opus
975 2289 1080 2347 est,
1123 2282 1342 2353 quando
1375 2299 1552 2354 neque
1593 2285 1827 2342 foedatus
1860 2293 1942 2341 est
1984 2287 2032 2340 is

465 2374 557 2442 qui
593 2372 784 2428 fcedari
825 2389 931 2428 non
981 2382 1179 2444 potest,
1222 2391 1398 2446 neque
1439 2391 1504 2431 ex
1541 2392 1706 2434 carne
1752 2389 2029 2448 assumpta

467 2465 806 2537 inquinatus,
847 2466 944 2536 qui
984 2481 1092 2520 non
1136 2473 1309 2535 potest
1355 2467 1653 2538 inquinari,
1684 2485 1857 2538 neque
1901 2485 2030 2525 vero

466 2561 684 2632 propria
721 2561 967 2631 corporis
1001 2569 1196 2616 natura
1225 2574 1538 2633 corruptus,
1573 2578 1697 2617 cum
1737 2564 1911 2632 ipsum
1958 2565 2029 2618 sit

467 2653 558 2708 Dei
596 2653 826 2709 Verbum
857 2653 926 2707 ab
957 2654 1105 2708 omni
1144 2654 1384 2724 patiendi
1415 2661 1605 2708 natura
1640 2669 1864 2723 prorsus
1895 2653 2029 2708 alie-

464 2747 632 2802 num?
664 2747 963 2813 Quandone
996 2746 1130 2802 solis
1173 2746 1395 2816 quidem
1426 2746 1560 2799 radii
1601 2744 1728 2800 dum
1762 2745 2025 2800 cadavera

464 2848 516 2895 et
544 2841 721 2895 omnis
757 2841 971 2910 generis
998 2853 1228 2909 corpora
1259 2839 1550 2908 attingunt,
1583 2837 1876 2908 quidquam
1907 2851 2025 2890 om-

463 2931 595 2984 nino
643 2930 752 3001 pati
795 2927 1088 2983 dicuntur?
1136 2929 1206 2983 ab
1250 2928 1368 2999 ipso
1413 2936 1594 2982 autem
1621 2928 1806 2981 divino
1846 2925 2026 2984 Verbo

2151 446 2260 498 Kal
2283 444 2432 497 ταῦτ’
2453 444 2684 516 ἔπραττε
2707 449 2827 510 ταῖς
2850 446 2945 500 τοῦ
2973 446 3223 518 σώματος
3247 449 3511 518 ἀνάγκαις
3532 453 3736 522 ὁμοίως

2147 539 2280 608 ἡμῖν
2332 536 2579 607 οὐδαμῶς
2622 539 3146 610 καταδεσμούμενος,
3200 541 3322 594 ούδέ
3364 559 3418 594 τι
3461 547 3641 614 χεῖρον
3696 546 3730 615 ἢ

2151 629 2333 700 μεῖζον
2387 631 2548 694 αὐτὸς
2586 630 2782 684 ἑαυτοῦ
2824 633 2922 703 τῆς
2965 631 3217 704 θεότητος
3263 635 3565 705 ὑπομένων,
3619 637 3732 690 οὐδ’

2145 721 2316 786 οὕτως
2343 722 2470 776 ὥσθ’
2499 718 2588 778 οἷα
2618 723 2902 796 ἀνθρώπου
2925 723 3090 796 ψυχὴ,
3120 726 3199 797 τῷ
3232 726 3444 797 σώματι
3476 732 3727 798 παρεῖναι

2145 813 2279 867 Θεοῦ
2308 815 2479 882 Λόγον
2514 816 2664 880 ὅντα,
2699 817 2794 869 κα)⁵
2833 816 2902 869 τὰ
2934 818 3109 871 πάντα
3143 818 3476 889 πληροῦντα,
3513 822 3605 874 καὶ
3640 821 3731 874 διὰ

2147 908 2360 962 πάντων
2385 910 2585 978 ἥκοντα
2607 926 2620 939 °
2645 909 2760 962 ἀλλ’
2790 908 2908 962 οὐδὲ
2931 909 3169 981 ρύπον,ῆ
3190 910 3413 982 φθορὰν,
3436 912 3469 982 ἢ
3492 913 3728 983 μίασμα,

2144 998 2203 1065 ἐξ
2233 995 2299 1071 ἦς
2338 1000 2594 1071 ἀνείληφε
2628 1001 2825 1072 σαρκὸς
2859 1002 3321 1072 ἐπενηνεγμένος,
3362 1006 3444 1057 ὅτι
3476 1005 3540 1076 δὴ
3587 1004 3731 1059 ἀσώ-

2145 1110 2312 1164 ματος
2332 1092 2406 1147 ὢν
2434 1095 2533 1164 τὴν
2559 1093 2740 1162 φύσιν,
2770 1094 2863 1146 καὶ
2889 1093 3048 1157 ἀῦλος
3070 1097 3168 1148 καὶ
3193 1097 3452 1168 ἄσαρκος,
3477 1095 3566 1151 οἷα
3589 1098 3725 1151 Θεοῦ

2142 1185 2333 1252 Λόγος,
2358 1184 2524 1256 ἐνθέῳ
2549 1185 2774 1256 δυνάμει
2803 1187 2896 1238 καὶ
2918 1185 3093 1254 λόγοις
3112 1189 3239 1258 ἡμῖν
3263 1189 3522 1259 ἀρρήτοις
3546 1193 3725 1243 πᾶσαν

2143 1277 2305 1348 ὑπῄει
2348 1279 2446 1348 τὴν
2479 1278 2812 1348 οἰκονομίαν,
2848 1277 2954 1332 τῶν
2991 1278 3202 1332 οἰκείων
3235 1280 3582 1350 μεταδιδοὺς,
3610 1282 3722 1334 ἀλλ’

2139 1371 2238 1423 οὐκ
2273 1372 2707 1443 ἀντεπαγόμενος
2737 1370 2846 1424 τῶν
2873 1371 3182 1442 ἀλλοτρίων.
3219 1373 3429 1426 Οὐκοῦν
3461 1375 3511 1426 τί
3538 1374 3724 1442 φοϐεῖ-

2141 1459 2261 1514 σθαι
2289 1460 2393 1531 χρὴ
2431 1460 2528 1532 τὴν
2582 1460 2842 1532 ἔνσαρκον
2877 1461 3216 1530 οἰκονομίαν,
3245 1462 3366 1513 ἐπε)⁸
3403 1462 3483 1533 μὴ
3529 1463 3721 1532 ἐμολύ-

2136 1568 2257 1606 νετο
2300 1553 2328 1603 ό
2377 1551 2705 1622 ἀμόλυντος,
2752 1551 2882 1622 μηδὲ
2920 1554 2984 1605 ἐκ
3032 1553 3128 1623 τῆς
3167 1552 3364 1624 σαρκὸς
3395 1554 3424 1604 ὁ
3456 1553 3722 1623 ἀμίαντος

2137 1641 2408 1711 ἐμιαίνετο
2429 1682 2444 1706 ,
2471 1642 2604 1712 μηδὲ
2630 1642 3006 1713 συνεφθείρετο
3036 1645 3100 1712 τῇ
3125 1642 3215 1695 τοῦ
3250 1642 3503 1712 σώματος
3541 1645 3717 1716 οἰκεία

2068 1697 2110 1754 Β
2142 1697 2298 1801 φύσει
2327 1697 2584 1806 όάπάθῆς
2617 1733 2709 1787 τοῦ
2738 1697 3100 1804 ΘεοῦιΛόγοςξι
3118 1735 3237 1788 ἐπεὶ
3269 1697 3402 1805 μηδέ
3428 1697 3580 1805 ἡλίου
3611 1697 3716 1790 πάὶ

2143 1824 2281 1879 θοιεν
2319 1825 2383 1879 ἀν
2419 1843 2472 1879 τι
2511 1829 2725 1890 ἀκτῖνες
2764 1827 2970 1898 νεκρῶν
3013 1826 3103 1878 καὶ
3140 1827 3404 1880 παντοίων
3436 1829 3708 1896 σωμάτων

2141 1917 2513 1990 ἐπαφώμεναι.
2534 1919 2622 1992 Τῷ
2647 1919 2704 1974 δὲ
2730 1919 2857 1990 θείῳ
2875 1919 3030 1989 Λόγῳ
3050 1919 3142 1972 τοῦ
3150 1919 3350 1989 μπαλιν
3371 1919 3432 1972 τὸ
3464 1919 3708 1990 φθαρτὸν

2111 2011 2568 2086 νμετεσκευάζετο
2586 2051 2601 2077 ,
2623 2013 2716 2066 καὶ
2751 2013 2906 2081 ἀγιόν
2930 2029 2987 2065 τε
3020 2011 3114 2065 xal
3139 2011 3424 2076 ἀθάνατον,
3453 2013 3490 2066 ἆ
3527 2029 3585 2065 τε
3615 2011 3710 2064 καὶ

2136 2101 2204 2176 ἦν
2232 2105 2380 2176 αὐτῷ
2411 2104 2684 2176 βουλητὸν,
2704 2104 3014 2158 ἀπετελεῖτο
3031 2144 3044 2156 .
3076 2102 3184 2156 Nai.
3210 2101 3313 2173 μὴν
3344 2103 3439 2155 καὶ
3461 2105 3584 2165 ταῖς
3607 2102 3698 2154 ἐνο

2139 2196 2278 2259 θέοις
2306 2196 2400 2249 τοῦ
2439 2195 2747 2266 Πνεύματος
2791 2193 3001 2265 βουλαῖς
3031 2209 3091 2246 τε
3128 2194 3223 2246 καὶ
3258 2191 3489 2264 πράξεσι
3528 2191 3700 2262 διηκο»

2137 2291 2296 2342 νεῖτο.
2320 2287 2489 2340 Τοῦτο
2511 2283 2603 2341 οῦν
2631 2286 2747 2340 ὅλον
2767 2285 2845 2356 τῷ
2867 2285 3056 2354 φιλανθ
3066 2285 3360 2355 ρωποτάτῳ
3388 2283 3505 2353 Θεῷ
3531 2301 3590 2338 τε
3613 2285 3712 2337 καὶ

2135 2378 2270 2432 Θεοῦ
2296 2379 2452 2449 Λόγῳ
2476 2378 2614 2450 ὑπὲρ
2643 2379 2737 2448 τῆς
2766 2378 2981 2430 πάντων
3004 2375 3302 2448 ἀνθρώπων
3326 2375 3612 2446 θεραπείας
3645 2392 3711 2428 τε

2135 2473 2228 2525 xal
2254 2471 2522 2542 σωτηρίας
2537 2473 2655 2533 ταῖς
2674 2469 2780 2522 τῶν
2802 2468 3091 2540 προφητῶν
3109 2467 3407 2529 ἀκολούθως
3420 2467 3712 2536 ἐνηργεῖτο

2135 2565 2336 2633 φωναῖς
2359 2605 2373 2628 ,
2401 2561 2604 2618 ἀνωθεν
2637 2563 2700 2614 ἐκ
2740 2560 2983 2614 παλαιῶν
3020 2560 3224 2631 χρόνων
3259 2558 3357 2630 τὴν
3388 2557 3706 2627 θαυμασίαν

2131 2655 2196 2708 ἐκ
2247 2654 2521 2724 Παρθένου
2577 2654 2826 2724 γέννησιν
2895 2651 3059 2707 αὑτοῦ
3140 2649 3704 2723 προμαρτυρομέναις.

2131 2745 2343 2817 Σφόδρα
2395 2746 2453 2799 δὲ
2509 2745 2821 2814 ἀναγκαίως
2865 2745 2895 2797 ὁ
2948 2745 3230 2816 προφήτης
3283 2743 3572 2812 προτάττει
3601 2739 3705 2808 τῆς

2130 2836 2196 2890 ἐκ
2243 2833 2520 2907 Παρθένου
2562 2834 2828 2903 γενέσεως
2858 2832 2951 2886 τοῦ
2991 2831 3224 2903 Χριστοῦ
3263 2829 3324 2881 τὸ
3353 2826 3700 2898 ἐπιστρεφὲς,

2128 2924 2414 2996 ιπιφωνῶν
2467 2927 2721 2998 ἄντικρυς
2765 2927 2877 2988 τοῖς
2932 2924 3135 2977 τούτων
3187 2919 3555 2993 ἀκροωμένοις
3611 2918 3696 2980 τὸ,

463 3027 626 3078 etiam
683 3028 894 3087 contra,
951 3021 1096 3092 quod
1140 3020 1496 3091 corruptibile
1545 3027 1663 3076 erat
1719 3020 1774 3075 in
1827 3021 2022 3078 melius

2131 3035 2154 3073 ι
2200 3019 2324 3073 Ἐὰν
2369 3020 2444 3091 μὴ
2478 3019 2824 3090 πιστεύσητε,
2861 3016 2980 3070 ούδέ
3009 3015 3081 3087 μὴ
3111 3016 3300 3086 συνῆτε
3324 3031 3338 3044 ·
3379 3032 3398 3065 ι
3431 3006 3476 3080 ᾧ
3509 3012 3700 3081 ἐπιφέ-

462 3125 854 3172 commutatum
912 3122 1016 3178 est,
1073 3121 1431 3183 sanctumque
1477 3120 1639 3181 atque
1697 3111 2021 3178 immortale,

463 3206 913 3277 quemadmodum
957 3206 1130 3278 ipsius
1166 3206 1418 3260 voluntas
1456 3203 1579 3267 fuit,
1611 3203 1860 3259 effectum
1894 3211 2020 3260 est:

461 3299 754 3368 quinetiam
787 3297 988 3352 divinis
1029 3297 1113 3350 sui
1146 3294 1322 3350 Patris
1352 3295 1620 3357 consiliis,
1653 3304 1816 3363 atque
1845 3295 2020 3349 actio-

461 3388 644 3450 nibus,
675 3387 788 3458 ipse
829 3386 1045 3442 interim
1089 3385 1437 3440 inserviebat.
1485 3383 1679 3438 Totum
1725 3383 1888 3454 igitur
1919 3384 2020 3438 hoc

461 3478 740 3533 hominum
780 3476 1190 3533 amantissimus
1235 3475 1378 3531 Deus
1418 3474 1618 3544 Deique
1661 3472 1893 3530 Verbum
1924 3489 2022 3545 pro

457 3580 778 3625 cunctorum
814 3569 1090 3624 hominum
1121 3567 1329 3623 medela
1360 3574 1414 3621 et
1443 3567 1636 3629 salute,
1683 3567 1906 3621 vocibus
1938 3567 2022 3621 in-

459 3664 614 3718 terim
672 3663 1054 3734 prophetarum
1126 3667 1489 3716 consentanea
1557 3676 1750 3730 geretis
1803 3660 2018 3726 effecit,

455 3756 548 3826 qui
601 3756 820 3826 quidem
870 3753 1144 3825 pr0pliet2e
1192 3759 1348 3806 tanto
1407 3762 1530 3806 ante
1585 3766 1616 3805 a
1667 3752 1864 3821 priscis
1921 3768 2016 3808 us-

453 3864 561 3922 que
611 3847 972 3918 temporibus,
1028 3845 1402 3900 admirabilem
1464 3844 1638 3915 ipsius
1683 3845 1750 3899 de
1798 3841 2018 3915 Virgine

451 3952 630 3997 ortum
698 3939 970 3995 testificati
1029 3939 1262 3993 fuerant.
1340 3935 1512 3992 Porro
1575 3944 1755 3990 autem
1828 3937 2017 3992 admo-

451 4034 581 4089 dum
637 4035 946 4088 necessario
1010 4031 1137 4086 huic
1185 4029 1387 4084 Christi
1439 4030 1583 4084 ortui
1638 4029 1705 4085 de
1757 4026 2012 4098 Virgine,

452 4128 713 4197 propheta
777 4125 1058 4195 anteponit
1118 4122 1170 4177 id
1237 4121 1382 4192 quod
1453 4121 1643 4176 reddat
1711 4128 2012 4182 attentum,

448 4210 610 4287 315
640 4215 942 4269 inclamans
975 4213 1042 4268 ad
1069 4227 1164 4269 eos
1183 4213 1276 4284 qui
1294 4213 1414 4282 ipsa
1443 4212 1556 4266 haec
1579 4212 2008 4272 audiant,illud:

456 4327 474 4359 ι
513 4307 568 4360 Si
618 4323 728 4361 non
773 4306 1133 4369 credideritis,
1172 4321 1278 4360 non
1313 4305 1648 4376 intelligetis;
1678 4324 1696 4356 ι
1732 4306 1818 4359 cui
1851 4304 2007 4359 dein-

2131 3127 2213 3183 ρει
2252 3109 2377 3179 ἐξῆς
2429 3110 2497 3164 τά
2544 3109 2729 3163 τοῦτον
2762 3108 2951 3180 ἔχοντα
2993 3109 3084 3161 τὸν
3124 3107 3355 3177 τρόπον·
3400 3123 3418 3155 ‹
3461 3102 3589 3156 Ἐὰν
3621 3101 3696 3172 μὴ

2124 3200 2471 3273 πιστεύσητε,
2501 3201 2620 3254 οὐδὲ
2657 3200 2730 3271 μὴ
2765 3201 2977 3270 συνῆτε.
3004 3217 3022 3250 ι
3071 3217 3089 3250 ‹
3123 3199 3230 3250 Kal
3253 3197 3548 3267 προσέθετο
3583 3193 3698 3246 Κύ-

2123 3308 2238 3362 ριος
2279 3291 2504 3362 λαλῆσαι
2563 3291 2639 3363 τῷ
2674 3289 2868 3360 Ἀχαζ,
2935 3290 3105 3358 λέγων
3141 3304 3156 3319 ο
3201 3287 3431 3355 Δίτησαι
3485 3283 3698 3353 σεαυτῷ

2123 3386 2346 3456 σημεῖον
2377 3384 2526 3455 παρά
2557 3383 2762 3456 Κυρίου
2790 3381 2882 3435 τοῦ
2923 3380 3056 3435 Θεοῦ
3105 3396 3195 3432 σου
3236 3380 3315 3441 είς
3357 3377 3520 3447 βάθος
3547 3375 3583 3446 ἢ
3617 3377 3697 3440 είς

2122 3475 2273 3546 ὕψος.
2334 3476 2445 3529 Kal
2486 3472 2637 3529 εἶπεν
2687 3472 2894 3543 Ἀχαζο
2943 3472 3017 3525 Οὐ
3065 3470 3138 3541 μὴ
3181 3471 3409 3539 αίτήσω,
3443 3465 3568 3520 οὐδὲ
3615 3466 3692 3537 μὴ

2120 3567 2364 3637 πειράσω
2419 3565 2640 3636 Κύριον.
2685 3564 2794 3618 Kal
2842 3558 3022 3615 εἶπεν
3082 3559 3370 3612 ’Δκούσατε
3403 3557 3505 3627 δὴ,
3541 3551 3692 3619 οἶκος

2117 3656 2310 3708 Δαυῖδ·
2349 3654 2432 3727 Μὴ
2471 3653 2660 3727 μικρὸν
2694 3653 2821 3722 ὑμῖν
2848 3648 3154 3724 ἀνθρώποις
3189 3646 3450 3718 παρέχειν
3475 3643 3690 3712 ἀγῶνας

2117 3747 2211 3800 καὶ
2255 3744 2370 3810 πῶς
2399 3744 2588 3815 Κυρίῳ
2629 3742 2895 3815 παρέχετε
2935 3739 3155 3808 ἀγῶνα;
3188 3735 3287 3790 Διά
3328 3735 3488 3788 τοῦτο
3525 3733 3688 3786 δώσει

2116 3835 2318 3908 Κύριος
2347 3834 2507 3897 αὐτὸς
2533 3835 2658 3904 ὑμῖν
2686 3834 2939 3902 σημεῖον⁹
2987 3829 3094 3882 ἰδοῦ
3127 3829 3159 3898 ἡ
3193 3824 3466 3896 Παρθένος
3501 3825 3557 3876 ἐν
3584 3839 3688 3891 γαν

2116 3928 2240 4000 στρ).
2290 3927 2543 3999 λήψεται,
2588 3926 2681 3979 καὶ
2726 3924 2935 3990 τέξεται
2982 3921 3125 3982 υίὸν,
3176 3920 3271 3972 καὶ
3321 3916 3573 3978 καλέσεις
3625 3914 3686 3967 τὸ

2113 4021 2281 4091 ὄνομα
2306 4019 2465 4073 αὐτοῦ
2506 4015 2868 4088 Ἐμμανουήλ.
2907 4012 3174 4084 Βούτυρον
3203 4010 3296 4064 καὶ
3345 4008 3468 4078 μέλι
3511 4007 3686 4075 φάγε·

2111 4128 2223 4174 ται,
2256 4111 2384 4182 πρὶν
2416 4109 2448 4180 ἢ
2488 4107 2688 4176 γνῶναι
2731 4105 2889 4160 αὐτὸν
2914 4104 2948 4174 ἢ
2983 4100 3301 4174 προελέσθαι
3332 4095 3564 4167 πονηρὰ,
3599 4097 3664 4148 ἐκ

2112 4203 2320 4268 λέξεται
2348 4202 2408 4255 τὸ
2448 4199 2677 4269 ἀγαθόν’
2722 4198 2854 4250 διότι
2897 4195 3088 4266 πρ).νῆ
3131 4191 3332 4260 γνῶναι
3367 4189 3428 4242 τὸ
3466 4188 3680 4240 παιδίον

2111 4290 2312 4358 ἀγαθὸν
2355 4287 2388 4360 ἢ
2436 4289 2624 4354 κακὸν,
2671 4286 2888 4341 ἀπειθεῖ
2930 4283 3183 4356 πονηρίᾳ,
3229 4280 3322 4332 τοῦ
3358 4277 3684 4340 ἐκλέξασθαι

446 4414 575 4470 ceps
607 4397 852 4467 adiungit
899 4413 962 4452 ea
1000 4367 1129 4470 qua:-
1158 4398 1209 4452 in
1243 4397 1387 4451 hunc
1420 4367 1635 4450 modum
1665 4414 1722 4451 se
1757 4396 1955 4450 habent
1990 4415 2002 4449 :

2124 4383 2169 4436 rb
2201 4381 2420 4451 ἀγαθόν.
2462 4383 2571 4436 Καὶ
2604 4377 3088 4448 καταλειφθήσεται
3130 4377 3163 4445 ἡ
3196 4374 3288 4444 γῆ,
3325 4373 3392 4442 ῆν
3421 4373 3488 4424 σὺ
3515 4367 3680 4438 φοϐῇ,

450 4508 472 4544 ι
511 4489 568 4544 Si
595 4506 702 4544 non
727 4489 1088 4555 credideritis,
1117 4507 1222 4545 non
1249 4489 1581 4559 intelligetis.
1614 4507 1633 4540 ι
1657 4517 1726 4528 -
1762 4507 1779 4538 ι
1821 4489 1883 4542 Et
1911 4489 2005 4541 ad-

437 4583 572 4652 jecit
614 4581 876 4637 Dominus
923 4582 1068 4654 loqui
1123 4582 1190 4636 ad
1232 4581 1414 4637 Achaz
1463 4580 1696 4635 dicens:
1738 4579 1862 4634 Pete
1908 4579 2004 4633 tibi

443 4675 658 4745 signum
707 4687 737 4725 a
788 4670 1016 4726 Domino
1067 4670 1177 4728 Deo
1225 4679 1318 4726 tuo
1351 4673 1406 4726 in
1435 4669 1764 4741 profundum
1813 4679 1904 4723 aut
1950 4672 2004 4724 itt

440 4768 737 4821 excelsum.
767 4763 832 4820 Et
862 4764 1000 4820 dixit
1035 4765 1218 4819 Achaz
1252 4783 1264 4818 :
1295 4763 1412 4818 Non
1451 4774 1646 4834 petam,
1678 4778 1853 4832 neque
1889 4772 2005 4816 ten-

443 4860 567 4914 tabo
599 4858 904 4913 Dominum.
925 4856 991 4910 Et
1015 4857 1151 4912 dixit
1174 4875 1188 4910 :
1213 4857 1409 4911 Audite
1431 4855 1563 4925 jam,
1585 4855 1778 4911 domus
1800 4853 1999 4909 David:

441 4949 578 5004 Num
617 4963 808 5020 parum
862 4949 1017 5004 vobis
1066 4956 1172 5010 est,
1205 4946 1516 5000 hominibus
1551 4945 1806 5000 exhibere
1829 4952 2003 4997 certa-

439 5040 677 5097 meniet
709 5056 808 5094 cur
841 5039 1070 5094 Domino
1111 5038 1380 5093 exhibetis
1427 5035 1735 5091 certamen?
1785 5045 2003 5110 propter

438 5132 540 5186 hoc
563 5132 713 5186 dabit
747 5131 1008 5184 Dominus
1050 5129 1166 5199 ipse
1215 5127 1368 5180 vobis
1417 5126 1808 5196 signumzecce
1837 5121 2003 5192 Virgo

436 5225 490 5279 in
521 5235 672 5279 utero
719 5224 917 5293 capiet,
947 5230 999 5277 et
1034 5221 1207 5291 pariet
1253 5220 1445 5282 lilium,
1473 5226 1526 5272 et
1563 5215 1780 5271 vocabis
1805 5229 2000 5268 nomen

432 5316 553 5382 ejus
587 5315 927 5371 Emmanuel.
977 5313 1238 5384 Butgrum
1286 5319 1341 5366 et
1380 5309 1482 5366 mel
1535 5306 1798 5370 comedet,
1825 5313 1998 5376 prius-

427 5423 594 5475 quam
641 5417 930 5478 cognoscat
979 5405 1110 5472 ipse,
1145 5411 1240 5458 aut
1287 5401 1450 5471 eligat
1499 5398 1660 5463 nulla,
1694 5405 1750 5451 ut
1809 5395 1998 5465 seligat

434 5501 635 5553 bonum
668 5518 681 5553 :
715 5501 843 5569 quia
879 5499 1029 5568 prius
1074 5512 1235 5566 quam
1270 5498 1560 5563 cognoscat
1613 5504 1744 5558 puer
1797 5489 1995 5543 bonum

432 5595 527 5642 aut
559 5589 783 5654 malum,
819 5604 926 5641 non
980 5598 1065 5643 est
1119 5587 1378 5640 obediens
1423 5583 1660 5642 malitiae,
1703 5589 1760 5633 ut
1806 5579 1996 5648 seligat

424 5683 650 5735 unum.
681 5677 742 5732 Et
771 5678 1270 5746 costiprehettdelur
1300 5686 1466 5741 terra,
1500 5688 1659 5744 quam
1691 5683 1746 5725 tu
1778 5670 1934 5725 times
1964 5684 1994 5722 a

2106 4477 2213 4530 ἀπὸ
2245 4475 2530 4547 προσώπου
2556 4473 2662 4526 τῶν
2687 4472 2778 4525 δύο
2819 4471 3096 4543 βασιλέων.
3138 4489 3156 4520 ι
3194 4468 3299 4520 Kal
3345 4465 3413 4518 τά
3451 4465 3553 4536 μὲν
3584 4465 3682 4533 τῆς

2105 4565 2436 4638 προφητείας
2465 4561 2566 4619 ὧδέ
2593 4582 2668 4636 πη
2698 4560 2840 4635 εἶχεν
2859 4580 2872 4594 ·
2906 4562 3193 4632 ἐπιστῆσαι
3216 4559 3272 4612 δὲ
3296 4558 3447 4624 ἀξιον
3473 4558 3552 4628 τῷ
3577 4555 3670 4610 τοῦ

2103 4659 2262 4728 λόγου
2318 4658 2585 4730 προοιμίῳ
2638 4654 3028 4728 μαρτυρομένῳ
3071 4655 3182 4716 τοῖς
3225 4650 3666 4720 ἐντυγχάνουσιν,

2103 4753 2206 4813 ὅτι,
2234 4750 2327 4804 ἐὰν
2356 4751 2428 4820 μὴ
2459 4748 2842 4809 πιστεύσωσιν,
2868 4745 2987 4798 οὐδὲ
3015 4745 3088 4816 μὴ
3121 4742 3339 4796 συνῶσι.
3371 4741 3483 4796 Kal
3509 4744 3673 4809 ἀναγ-

2104 4842 2272 4905 καίως
2311 4840 2446 4912 χρῆν
2485 4836 2944 4910 ἐπισημήνασθαι,
2976 4833 3308 4896 δεικνύντας,
3341 4834 3425 4886 ὅτι
3461 4831 3538 4902 μὴ
3579 4830 3674 4900 μό-

2103 4952 2192 4988 νον
2225 4933 2512 4997 συνέσεως,
2540 4929 2677 4984 ἀλλὰ
2704 4930 2796 4982 καὶ
2837 4927 3067 4989 πίστεως
3105 4924 3184 4977 δεῖ
3210 4927 3321 4987 τοῖς
3353 4923 3678 4992 ἐντευξομέ-

2103 5042 2233 5090 νοις,
2281 5023 2376 5077 καὶ
2421 5023 2481 5074 ού
2539 5019 2695 5092 μόνον
2746 5019 3000 5081 πίστεως,
3059 5014 3195 5069 ἀλλά
3239 5015 3336 5067 καὶ
3382 5015 3672 5073 συνέσεως.

2105 5115 2266 5169 Ὅθεν
2290 5116 2337 5168 οἱ
2371 5116 2435 5166 ἐκ
2466 5109 2764 5182 περιτομῆς
2793 5108 2866 5178 μὴ
2903 5106 3286 5168 πιστεύσαντες
3316 5106 3397 5168 είς
3425 5105 3514 5158 τὸν
3539 5106 3670 5175 Χριο

2105 5209 2226 5260 στὸν
2271 5205 2364 5259 τοῦ
2407 5203 2564 5266 Θεοῦ,
2609 5201 2774 5254 εἰσέτι
2813 5201 2905 5253 καὶ
2936 5199 3031 5252 νῦν
3057 5197 3260 5250 τούτων
3303 5196 3664 5269 ἀκροώμενοι,

2100 5297 2252 5351 οὔπω
2296 5297 2392 5351 καὶ
2432 5295 2512 5358 είς
2557 5293 2712 5364 δεῦρο
2760 5291 2998 5360 συνῆκαν
3039 5290 3131 5342 τὸν
3173 5289 3665 5360 προφητευόμενον,

2100 5389 2238 5441 ὥστε
2281 5390 2368 5440 ἐπ’
2406 5387 2584 5448 αὐτοῖς
2624 5382 2860 5455 πρώτοις
2890 5379 3258 5451 ἐπαληθεῦσαι
3299 5379 3398 5449 τὴν
3430 5380 3669 5451 πρόρρη-

2101 5498 2218 5534 σιν·
2254 5481 2388 5550 ἀκοῇ
2421 5479 2530 5548 γὰρ
2575 5475 2680 5528 τῶν
2729 5474 2855 5546 περὶ
2902 5471 2996 5526 τοῦ
3039 5470 3275 5543 Χριστοῦ
3324 5469 3668 5541 προφητειῶν

2097 5573 2186 5628 διὰ
2221 5573 2396 5642 πάσης
2424 5569 2632 5641 ἡμέρας
2661 5565 2967 5630 ἀκούοντες,
2995 5565 3098 5619 ὠσὶ
3119 5563 3357 5627 διανοίας
3385 5563 3486 5618 οὐκ
3510 5562 3674 5616 ἀκού-

2097 5683 2265 5720 ουσιν.
2297 5664 2409 5734 Τῆς
2439 5680 2497 5716 τε
2533 5662 2751 5732 ἀγνοίας
2787 5660 2963 5716 αὐτῶν
2997 5660 3168 5715 αἴτιον
3201 5658 3353 5714 οὐδὲν
3400 5659 3588 5731 ἕτερον
3632 5658 3668 5728 ἦ
