3916 6200
274 209 371 264 ιιι-ι

1118 206 1768 264 ocuousrmrroms
1806 208 2266 271 EVANGELIM;
2307 216 2435 274 LIB.
2478 206 2613 279 vn.”

3403 237 3511 299 ‘98

269 320 494 375 ἀπιστία
522 320 795 391 τυγχάνει,
833 321 925 373 καὶ
957 321 1112 374 τοῦτο
1149 323 1245 394 τῆς
1288 324 1641 394 προρρήσεως
1668 321 1836 389 ἀψευ-

1939 323 2077 425 facie
2106 329 2334 385 duorum
2363 314 2628 406 regum".
2662 358 2678 391 ι
2707 338 2769 393 Et
2796 357 2914 414 qua:
2946 346 3161 415 quidem
3187 350 3253 406 ad
3278 354 3511 425 prophe-

266 414 365 477 δὼς
416 415 539 486 περὶ
586 413 762 467 αὐτῶν
820 416 910 468 καὶ
955 414 1089 485 πρὸς
1144 416 1338 479 αὐτοὺς
1389 414 1835 486 ἀποφηναμένης.

272 528 289 554 ι
321 507 444 560 Ἐὰν
471 508 597 579 γάρ,
622 527 638 558 ι
671 509 822 577 φησὶ,
850 507 955 578 «μὴ
973 507 1317 577 πιστεύσητε.
1341 506 1457 561 οὐδὲ
1483 506 1558 578 μὴ
1582 507 1793 576 συνῆτε.
1812 528 1830 559 ι

276 601 414 652 Ἀλλ’
460 604 508 654 εἰ
542 603 695 670 φαῖεν
746 603 818 673 μὴ
870 601 1165 672 Παρθένον,
1200 602 1378 654 νεᾶνιν
1417 600 1475 653 δὲ
1518 598 1835 672 ὠνομάσθαι

267 692 322 744 ὲν
350 695 413 764 τῇ
445 694 629 764 Γραφῇ
661 694 820 764 (οὕτω
870 695 975 765 γάρ
997 711 1125 762 φασι
1156 694 1414 765 φέρεσθαι
1448 696 1576 767 παρ’
1600 694 1831 759 αὐτοίςὶ,

269 785 359 836 καὶ
407 788 557 837 ποῖον
590 786 654 838 ἂν
696 787 920 853 γένοιτο,
952 787 1214 857 φήσομεν,
1250 790 1471 858 σημεῖον
1503 787 1833 857 ἐπαγγελίας

267 878 399 931 Θεοῦ
432 878 598 943 ἄξιον,
644 881 691 931 εί
740 878 979 949 συνήθως
1022 877 1244 942 τίκτειν,
1275 876 1363 934 οἶα
1395 881 1489 934 καὶ
1534 883 1702 935 πᾶσαι
1730 898 1830 949 γυ-

266 975 468 1034 ναῖκες,
505 972 561 1037 ἐξ
599 970 813 1041 ὁμιλίας
851 971 1039 1042 ἀνδρὸς
1065 972 1120 1024 ὲν
1150 972 1347 1043 γαστρὶ
1389 972 1623 1027 λαϐοῦσα
1655 974 1833 1039 νεᾶνίς

264 1078 347 1126 τις
378 1063 596 1133 έμελλε;
626 1061 748 1125 Πῶς
774 1062 829 1114 δὲ
856 1062 948 1116 καὶ
976 1062 1106 1125 Θεὸς
1136 1059 1203 1135 ἦν
1230 1065 1257 1117 6
1285 1063 1341 1130 ἐξ
1369 1065 1538 1136 αὐτῆς
1561 1063 1831 1137 γεννώμετ

268 1175 382 1223 νοςς
415 1158 507 1211 καὶ
544 1159 640 1226 οὐχ
673 1157 857 1222 ἁπλῶς
885 1158 1036 1223 Θεὸς,
1069 1160 1183 1212 ἀλλ’
1216 1162 1247 1213 ὁ
1275 1158 1404 1227 μεθ’
1434 1157 1636 1228 Mair;
1672 1159 1831 1212 τοῦτο

267 1252 370 1323 γὰρ
412 1251 691 1321 σημαίνειν
730 1249 972 1320 βούλεται
1009 1252 1071 1304 τὸ
1108 1250 1471 1321 Ἐμμανουήλ,
1520 1251 1655 1321 ὅπερ
1698 1250 1829 1321 φησὶ

264 1345 370 1397 δεῖν
398 1343 680 1413 ὀνομάζειν
718 1342 806 1395 τὸν
847 1343 1198 1415 γεννώμενον.
1240 1363 1259 1396 ‹
1303 1344 1430 1398 Ἰδοὺ
1476 1343 1584 1414 γάρ
1617 1345 1649 1415 ή
1684 1344 1829 1414 Παρ-

264 1434 437 1497 θένος,
483 1435 663 1503 φησίν,
707 1433 763 1485 ἐν
797 1435 993 1507 γαστρὶ
1030 1433 1276 1505 λήψεται,
1313 1433 1406 1486 κοιλ⁵
1447 1433 1657 1500 τέξεται
1690 1434 1824 1496 υἱὸν,

264 1527 359 1579 καὶ
404 1525 648 1588 καλέσεις
684 1525 746 1577 τὸ
788 1525 956 1592 ὄνομα
983 1524 1145 1578 αὑτοῦ
1185 1524 1557 1595 Ἐμμανουήλ’
1600 1544 1616 1576 ι
1647 1524 1674 1577 ὅ
1713 1526 1826 1576 ἐστι

263 1618 817 1689 μεθερμηνευόμενον,
865 1617 991 1686 μεθ’
1024 1616 1189 1686 ἡμῶν
1219 1620 1250 1670 ὁ
1278 1618 1440 1683 Θεός.
1473 1617 1630 1679 Ποῖος
1652 1616 1705 1669 δὲ
1732 1618 1826 1670 καὶ

1945 416 2074 516 tiam
2111 424 2401 490 pertinent,
2437 429 2490 482 in
2524 430 2666 486 hunc
2694 435 2909 490 modum
2943 454 3001 492 se
3029 440 3248 500 habent.
3278 416 3507 516 Diligen-

1944 510 2053 565 tius
2078 529 2201 568 vero
2234 519 2512 576 attendere
2544 538 2639 593 par
2664 534 2747 580 est
2771 528 2941 597 ipsius
2966 534 3171 586 oraculi
3198 510 3506 603 exordium,

1943 604 2088 673 quod
2120 607 2357 677 legentes
2388 612 2661 682 admonet,
2694 618 2740 673 si
2788 636 2895 675 non
2944 623 3293 692 crediderint,
3325 646 3391 683 ne
3423 632 3507 684 in-

1943 695 2252 755 tellecturos
2302 704 2517 772 quidem
2554 722 2710 777 esse;
2746 718 2795 765 et
2820 727 2951 769 sane
2992 716 3251 773 adnotare
3284 736 3507 778 necesse

1941 784 2063 852 fuit,
2097 798 2257 860 atque
2302 797 2607 863 ostendere,
2655 803 2798 871 quod
2834 820 2941 860 non
2991 808 3164 862 solum
3208 810 3502 881 intellectu,

1940 881 2034 935 sed
2062 884 2222 938 etiam
2257 888 2357 943 lide
2392 890 2456 945 iis
2478 893 2568 961 qui
2603 894 2794 949 lecturi
2820 906 2967 964 sunt,
2992 916 3128 970 opus
3156 902 3247 966 sit,
3269 910 3321 956 et
3343 905 3506 959 vicis-

1939 973 2063 1067 sim,
2117 993 2222 1031 non
2276 981 2450 1034 solum
2485 982 2586 1039 ﬁde
2618 985 2713 1041 sed
2745 988 2907 1043 etiam
2958 992 3253 1048 intellectu.
3289 995 3362 1049 Ex
3394 1014 3504 1067 quo

1937 1062 2108 1121 Judaei
2155 1070 2247 1139 qui
2289 1072 2341 1126 in
2386 1073 2662 1130 Christum
2691 1078 2780 1133 Dei
2807 1097 2912 1135 non
2957 1084 3304 1141 crediderunt
3338 1062 3497 1144 etiam

1938 1173 2084 1213 nunc
2138 1161 2250 1217 haec
2289 1165 2596 1233 audientes,
2639 1172 2881 1229 nondum
2933 1183 3109 1231 tamen
3156 1180 3279 1248 quis
3324 1181 3413 1248 sit,
3433 1182 3499 1238 de

1935 1265 2044 1344 quo
2075 1253 2335 1322 propheta
2366 1256 2603 1328 loquitur
2635 1263 3111 1334 intellexerunt,ut
3142 1272 3194 1325 in
3225 1272 3358 1342 ipsis
3390 1276 3501 1344 pri-

1936 1342 2039 1397 mis
2075 1348 2353 1402 veritatem
2389 1366 2539 1404 suam
2576 1356 2881 1423 probaverit
2905 1361 3218 1415 vaticinium
3257 1383 3271 1414 :
3310 1342 3496 1421 auditu

1934 1435 2078 1490 enim
2124 1446 2237 1493 tota
2279 1441 2365 1496 die
2405 1445 2716 1513 prophetias
2740 1447 2804 1503 de
2827 1448 3044 1507 Christo
3074 1454 3376 1522 audientes,
3399 1472 3498 1512 au—

1934 1527 2087 1584 ribus
2137 1530 2503 1603 intelligentiae
2553 1555 2659 1593 non
2722 1542 2967 1597 audiunt.
3020 1546 3195 1616 Atque
3252 1549 3496 1618 ipsorum

1935 1619 2253 1687 ignorantia:
2297 1625 2398 1678 alia
2429 1628 2576 1681 nulla
2602 1637 2684 1685 est
2716 1647 2880 1685 causa
2915 1649 3076 1702 quam
3123 1637 3496 1709 incredulitas,

261 1708 414 1778 ἀγὼν
446 1707 583 1778 Θεῷ,
626 1709 657 1780 ἢ
710 1711 859 1771 ποῖος
903 1706 967 1761 ἂν
1005 1709 1086 1779 εἴη
1131 1707 1314 1772 κόπος,
1361 1709 1453 1760 καὶ
1501 1707 1697 1778 μόχθος
1738 1709 1828 1760 ἐπὶ

1930 1725 2052 1763 cum
2084 1712 2255 1781 ipsum
2288 1716 2387 1770 hoc
2411 1718 2617 1789 absque
2666 1723 2947 1779 mendacio
2977 1733 3031 1780 et
3063 1725 3129 1781 de
3157 1727 3311 1798 ipsis,
3343 1739 3398 1785 et
3428 1731 3496 1788 ad

262 1800 480 1869 συνήθει
504 1797 686 1868 τρόπῳ
716 1796 971 1866 γυναικὸς
1000 1797 1315 1867 τικτούσης;
1352 1797 1438 1850 Ἐν
1467 1798 1564 1867 μὲν
1588 1795 1696 1870 γὰρ
1719 1800 1829 1861 τοῖς

259 1890 548 1962 ἡμετέροις
602 1889 976 1961 ἀντιγράφοις,
1028 1889 1116 1958 ὑφ’
1174 1889 1567 1960 Ἐϐδομήκοντα
1622 1888 1830 1961 ἀνδρῶν

257 1984 466 2038 ἀνωθεν
504 1983 601 2054 μὲν
638 1982 897 2053 Ἐϐραίων
931 1982 989 2035 τὸ
1020 1982 1196 2050 γένος,
1238 1983 1323 2034 ἐπ’
1353 1980 1607 2052 ἀκριϐείᾳ
1633 1981 1689 2033 δὲ
1731 1981 1829 2050 τῆς

258 2077 493 2147 πατρίου
561 2075 806 2138 παιδείας
866 2073 1335 2145 δεδοκιμασμένων
1376 2073 1825 2145 ήρμηνευμένοις,

254 2162 357 2222 ὧδέ
394 2185 510 2231 πως
544 2168 802 2238 φέρεται·
850 2187 867 2218 ι
909 2168 999 2237 Μὴ
1048 2166 1239 2239 μικρὸν
1273 2167 1399 2237 ὑμῖν
1435 2166 1622 2235 ἀγῶνα
1691 2184 1830 2238 παρ-

257 2261 404 2331 έχειν
447 2258 789 2331 ἀνθρώποις;
826 2257 920 2311 καὶ
947 2257 1061 2321 πῶς
1095 2257 1281 2328 Κυρίῳ
1312 2258 1575 2329 παρέχετε
1610 2258 1823 2326 ἀγῶνα;

255 2354 346 2406 διὰ
372 2353 529 2406 τοῦτο
560 2350 718 2404 δώσει
752 2350 954 2421 Κύριος
986 2349 1147 2413 αὐτὸς
1177 2350 1303 2420 ὑμῖν
1344 2353 1585 2421 σημεῖον
1629 2350 1758 2403 Ἰδοὺ
1794 2353 1826 2422 ἡ

256 2445 534 2517 Παρθένος
566 2447 623 2498 ἐν
670 2446 867 2517 γαστρὶ
905 2443 1153 2513 λήψεται,
1197 2443 1290 2496 καὶ
1339 2443 1549 2506 τέξεται
1603 2443 1736 2506 υἱὸν,
1769 2443 1826 2507 ὃς

256 2540 584 2610 κεκλήσεται
630 2542 662 2593 ό
708 2540 837 2608 μεθ’
878 2535 1045 2606 ἡμῶν
1093 2534 1253 2601 Θεός.
1291 2555 1310 2587 ›
1364 2535 1533 2589 Τοῦτο
1573 2535 1701 2607 γὰρ,
1753 2535 1827 2598 ὡς

256 2634 416 2703 ἑφην,
461 2632 648 2703 δηλοῦν
680 2630 925 2701 βούλεται
957 2632 1016 2684 τὸ
1055 2628 1396 2703 Ἐμμανουήλ
1426 2628 1612 2699 ὄνομα.
1652 2628 1739 2680 Ἐν
1770 2628 1825 2680 δὲ

254 2729 371 2788 τοῖς
404 2723 577 2778 αὐτῶν
618 2723 881 2776 Ἰουδαίων
923 2724 1290 2795 ἀντιγράφοις,
1342 2720 1482 2774 κατά
1528 2720 1625 2790 τὴν
1668 2719 1826 2772 Ἀκύ-

255 2817 354 2871 λου
387 2816 682 2887 μεταϐολὴν
722 2815 1038 2886 φερομένοις
1088 2815 1441 2886 (προσήλυτος
1503 2813 1559 2866 δὲ
1601 2814 1628 2865 6
1670 2812 1826 2865 Ἀκύ-

253 2908 357 2971 λας
380 2904 468 2979 ἦν,
501 2908 561 2961 οὐ
588 2908 745 2976 φύσει
784 2905 1072 2977 Ἰουδαῖος),
1099 2907 1244 2976 ὅμως
1274 2905 1316 2958 δ’
1343 2901 1434 2958 οὖν
1468 2905 1561 2958 καὶ
1591 2905 1707 2956 κατ’
1735 2903 1826 2957 αὐ-

254 3002 351 3054 τὸν
402 2999 586 3054 τοῦτον
640 2999 852 3071 εἴρηται
897 2998 985 3051 τὸν
1029 2999 1227 3069 τρόπον
1259 3015 1271 3027 ·
1329 3016 1347 3049 ι
1396 2996 1686 3050 Ἀκούσατε
1731 2996 1818 3068 δή,

252 3090 405 3156 οἶκος
431 3092 589 3145 Δαυῖδ
609 3109 620 3121 ο
659 3095 787 3162 μήτι
815 3090 991 3159 ὀλίγον
1024 3090 1132 3143 ἀπὸ
1161 3088 1311 3159 ὑμῶν
1345 3088 1572 3159 μοχθοῧν
1600 3089 1818 3161 ἄνδρας,

253 3187 342 3239 ὅτι
372 3182 628 3255 μοχθοῦτέ
660 3200 723 3251 γε
756 3183 849 3235 καί¹
876 3182 965 3234 τὸν
994 3180 1198 3252 Κύριον
1229 3180 1361 3232 Θεόν
1389 3198 1519 3250 μους
1546 3179 1641 3233 Διά
1668 3181 1823 3234 τοῦτο

253 3276 416 3331 δώσει
454 3276 612 3339 αὐτὸς
649 3276 776 3346 ὑμῖν
804 3276 1055 3344 σημεῖον
1098 3273 1227 3326 Ἰδοὺ
1258 3275 1290 3342 ή
1336 3273 1513 3335 νεᾶνις
1546 3275 1601 3324 ὲν
1626 3273 1822 3344 γαστρὶ

253 3368 641 3439 συλλαμϐάνει,
668 3368 760 3420 καὶ
786 3368 959 3419 τίκτει
988 3365 1121 3431 υἱὸν,
1149 3366 1243 3418 καὶ
1268 3364 1513 3427 καλέσεις
1535 3364 1704 3433 ὄνομα
1727 3365 1824 3417 αὐ-

251 3464 353 3516 τοῦ
400 3461 767 3534 Ἐμμανουήλ.
807 3480 824 3514 ι
867 3460 1023 3532 Παρὰ
1054 3460 1111 3512 δὲ
1147 3457 1225 3529 τῷ
1249 3457 1526 3529 Συμμάχῳ
1554 3456 1707 3509 ταῦθ’
1738 3455 1821 3510 οὖν

250 3573 365 3618 τως
394 3555 503 3624 ἕχει
524 3572 535 3583 ·
566 3553 800 3624 (λέγεται
831 3553 887 3605 δὲ
916 3555 945 3605 6
978 3553 1266 3623 Σύμμαχος
1312 3550 1619 3612 Ἐϐιωναῖος
1650 3544 1818 3601 εἶναι·

252 3648 467 3718 αἵρεσις
506 3646 560 3699 δὲ
592 3642 656 3717 ἦν
685 3644 825 3698 οὕτω
853 3642 1199 3713 καλουμένων
1237 3640 1395 3694 τινῶν
1441 3639 1705 3693 Ἰουδαίων
1743 3640 1822 3703 είς

250 3740 490 3811 Χριστὸν
507 3738 774 3792 πιστεύειν
800 3735 1125 3807 λεγομένων,
1145 3732 1203 3797 ἐξ
1234 3726 1306 3785 ὧν
1328 3735 1356 3785 ὁ
1389 3732 1680 3803 Σύμμαχος
1706 3727 1819 3802 ἦν.)

253 3834 385 3902 παρ’
410 3825 454 3899 ᾧ
494 3832 586 3884 καὶ
629 3829 775 3901 αὐτῷ
817 3828 990 3882 ταῦτα
1036 3826 1207 3890 οὕτως
1246 3825 1387 3896 ἔχει·
1444 3843 1461 3876 ι
1505 3824 1818 3889 Ἀκούσατε,

251 3921 402 3987 οἶκος
433 3923 595 3977 Δαυῖδ
617 3940 630 3953 ·
667 3923 757 3994 Μὴ
798 3923 895 3976 οὐκ
921 3920 1190 3991 αὔταρκες
1222 3919 1349 3990 ὑμῖν
1391 3916 1590 3971 κοποῦν
1620 3915 1823 3988 ἀνθρώ-

252 4035 411 4081 ⁸ιτους,
446 4018 525 4070 ὅτι
564 4015 793 4070 κοποῦτε
837 4016 926 4069 τὸν
964 4015 1095 4067 Θεόν
1142 4030 1280 4085 μου;
1323 4012 1420 4065 Διά
1462 4010 1618 4063 τοῦτο
1662 4009 1820 4062 δώσει

250 4110 417 4172 αὐτὸς
445 4110 571 4179 ὑμῖν
598 4112 819 4179 σημεῖον
844 4125 856 4138 ·
896 4107 1022 4160 Ἰδοὺ
1046 4108 1079 4177 ἡ
1113 4108 1291 4168 νεᾶνις
1321 4102 1702 4173 συλλαμϐάνει,
1729 4101 1821 4153 καὶ

250 4200 427 4254 τίκτει
454 4200 587 4267 υίὺν,
613 4200 707 4254 καὶ
735 4200 981 4262 καλέσεις
1014 4198 1181 4269 ὄνομα
1210 4196 1372 4251 αὑτοῦ
1421 4194 1815 4267 Ἐμμανουήλ.»

1928 1800 2077 1871 ipsos
2097 1805 2436 1872 vaticinium,
2466 1811 2622 1880 plane
2645 1816 3045 1873 enuntiaverit:
3075 1837 3093 1870 ι
3125 1819 3180 1873 Si
3211 1821 3352 1875 enim
3385 1839 3495 1879 non

1927 1893 2289 1960 credideritis,
2330 1899 2523 1968 inquit,
2559 1900 2625 1958 ne
2661 1904 2970 1974 intelligetis
3011 1909 3252 1978 quidem.
3283 1931 3301 1963 ι
3337 1911 3496 1978 Quod

1929 1984 1977 2038 si
2012 1985 2246 2043 dixerint
2287 2006 2395 2045 non
2448 1991 2745 2064 Virginem,
2778 1998 2872 2053 sed
2901 2000 3134 2068 puellam
3179 2005 3319 2074 apud
3348 2004 3495 2061 Scri-

1927 2083 2141 2145 pturam
2187 2084 2519 2139 nominatam
2546 2102 2667 2143 esse
2698 2089 2799 2158 (sic
2821 2092 2964 2146 enim
2991 2094 3144 2149 aiunt
3176 2098 3318 2168 apud
3343 2099 3493 2169 ipsos

1926 2168 2159 2242 haberi),
2210 2174 2516 2244 cujusmodi
2569 2179 2787 2235 tandem
2834 2183 3049 2254 signum
3101 2187 3205 2242 hoc
3247 2188 3489 2246 futurum

1925 2260 2191 2332 dicemus,
2223 2268 2365 2336 quod
2418 2267 2599 2324 divina
2646 2273 3007 2342 promissione
3059 2277 3131 2334 sit
3167 2278 3412 2350 dignum,
3442 2284 3490 2339 si

1926 2355 2144 2422 usitate,
2171 2361 2624 2429 quemadmodum
2646 2374 2853 2423 αιτιοι-αι
2872 2385 3061 2426 omnes
3093 2373 3370 2439 mulieres,
3393 2375 3486 2430 ubi

1924 2462 1991 2501 ex
2050 2449 2152 2503 viri
2208 2452 2593 2537 conjunctione
2642 2474 2928 2529 praegnans
2986 2466 3253 2529 evaserit,
3308 2467 3486 2535 puella

1924 2539 2190 2609 quaepiam
2245 2541 2346 2597 fuit
2398 2546 2681 2614 paritura?
2729 2550 3012 2615 Quomodo
3055 2562 3313 2622 prazterea
3345 2554 3489 2611 Deus

1924 2630 2028 2684 erit
2057 2633 2149 2702 qui
2182 2649 2247 2688 ex
2280 2635 2369 2689 illa
2429 2650 2706 2704 nascatur,
2739 2656 2914 2710 neque
2967 2643 3286 2714 simpliciter
3318 2645 3482 2711 Deus,

1924 2723 2016 2777 sed
2064 2725 2331 2781 nobiscum
2373 2727 2553 2785 Deus?
2580 2731 2682 2787 hoc
2734 2735 2877 2789 enim
2928 2736 3197 2807 significat
3226 2753 3329 2792 vox
3360 2737 3486 2793 Em«

1924 2818 2161 2882 manuel,
2192 2836 2300 2889 quo
2335 2822 2554 2878 nomine
2587 2825 2661 2879 ait
2689 2842 2810 2881 esse
2850 2828 3154 2883 vocandum
3197 2830 3348 2884 illum
3393 2832 3486 2900 qui

1923 2918 2229 2965 nascetur:
2268 2931 2287 2963 ι
2338 2912 2475 2971 Ecce
2516 2917 2680 2981 enim,
2748 2917 2944 2989 inquit,
2997 2919 3161 2991 Virgo
3217 2922 3273 2976 in
3330 2932 3487 2978 utero

1846 3026 1892 3088 ο
1923 3002 2121 3071 capiet,
2144 3003 2306 3076 316
2325 3012 2378 3061 et
2408 3006 2581 3077 pariet
2608 3009 2798 3075 tilium,
2823 3020 2876 3066 et
2907 3012 3122 3068 vocabis
3149 3028 3343 3069 nomen
3369 3015 3486 3083 ejus

1927 3091 2263 3164 Emmanuel,
2293 3116 2311 3150 ι
2344 3099 2487 3169 quod
2522 3108 2625 3167 est,
2654 3103 2700 3158 si
2722 3103 2844 3173 quis
2874 3102 3279 3172 interpretetur,
3309 3106 3489 3163 nobis-

1922 3205 2040 3242 cum
2070 3189 2231 3245 Deus.
2273 3191 2595 3262 Cujusmodi
2644 3203 2823 3250 autem
2878 3205 3152 3252 certamen
3207 3196 3339 3262 Deo,
3395 3208 3487 3253 aut

1926 3281 2051 3351 quis
2079 3282 2295 3336 tandem
2330 3284 2504 3349 labor,
2543 3300 2727 3355 quave
2756 3286 3045 3342 difﬁcultas
3082 3286 3317 3358 objecta,
3342 3289 3391 3344 si
3420 3290 3487 3345 de

1925 3387 2074 3427 more
2108 3375 2350 3443 paritura
2401 3375 2502 3429 fuit
2547 3377 2863 3433 muliean
2894 3379 3098 3435 nostris
3118 3380 3262 3435 enim
3301 3396 3486 3436 exem-

1924 3462 2207 3533 plaribus;
2235 3481 2355 3535 quae
2400 3467 2712 3538 quicunque
2765 3468 3102 3538 interpretati
3156 3478 3319 3537 sunt,
3350 3472 3387 3525 ii
3431 3478 3485 3527 et

1922 3570 2117 3625 genere
2142 3557 2209 3611 ab
2241 3555 2480 3613 Hebraeis
2510 3558 2728 3613 oriundi
2760 3558 3002 3626 fuerunt,
3029 3567 3083 3616 et
3108 3562 3296 3631 patria:
3333 3563 3483 3633 ipso-

1926 3664 2047 3702 rum
2092 3650 2288 3721 lingua:
2327 3650 2665 3721 peritissimi,
2689 3658 2741 3705 et
2778 3651 2830 3705 iu
2858 3667 2923 3707 ea
2951 3653 3254 3709 eruditione
3286 3655 3484 3725 proba-

1922 3740 2145 3803 tissimi,
2169 3741 2247 3795 sic
2273 3741 2501 3795 habetur
2527 3759 2539 3795 :
2575 3759 2592 3791 ι
2624 3741 2760 3795 Num
2790 3757 2983 3811 parum
3009 3743 3167 3798 vobis
3189 3754 3292 3805 est,
3315 3753 3487 3798 certa-

1924 3846 2048 3885 men
2076 3832 2332 3887 exhibere
2375 3831 2725 3888 hominibus?
2750 3842 2804 3888 et
2831 3847 2929 3888 cur
2958 3833 3189 3887 Domino
3218 3835 3485 3891 exhibetis

1919 3924 2238 3978 certamen?
2298 3932 2517 3995 propter
2582 3923 2684 3977 hoc
2727 3925 2877 3979 dabit
2903 3924 3166 3979 Dominus
3188 3926 3304 3996 ipse
3330 3928 3485 3984 vobis

1922 4016 2160 4085 signum.
2218 4016 2361 4071 Ecce
2420 4016 2586 4087 Virgo
2642 4020 2695 4072 in
2749 4027 2902 4073 utero
2941 4018 3140 4088 capiet,
3200 4027 3253 4073 et
3311 4019 3486 4088 pariet

1924 4108 2114 4173 lilium,
2153 4110 2245 4178 qui
2275 4119 2500 4164 vocatur
2523 4109 2793 4164 nobiscum
2817 4110 2976 4163 Deus.
3008 4129 3027 4161 ι
3054 4108 3168 4164 lloc
3205 4109 3348 4165 enim
3381 4110 3485 4167 sibi

1922 4199 2057 4263 vult,
2090 4199 2544 4268 quemadmodum
2576 4201 2713 4265 dixi,
2742 4202 2859 4271 ipsa
2900 4215 3005 4254 vox
3052 4198 3391 4255 Emmanuel.
3426 4198 3483 4254 lu

265 4294 485 4363 Ἐπειδὴ
529 4293 637 4365 γὰρ
681 4293 774 4346 τοῦ
813 4292 1080 4345 Ἰουδαίων
1126 4291 1307 4354 ἔθνους
1347 4289 1407 4343 τὸ
1452 4287 1684 4359 σκληρὸν
1726 4285 1818 4338 τοῦ

1927 4288 2057 4358 ipsis
2091 4299 2272 4344 autem
2302 4289 2611 4345 Judzeorum
2664 4291 3082 4360 exemplaribus,
3116 4306 3237 4360 qua:
3291 4307 3487 4347 secun-

248 4386 476 4457 τρόπου,
509 4384 763 4455 καὶπρὸς
804 4382 1080 4436 εὐσέϐειαν
1120 4380 1441 4443 δυσένδοτον,
1486 4378 1681 4449 ἱδρῶτα
1727 4377 1819 4429 καὶ

1927 4384 2052 4436 dum
2103 4382 2311 4454 Aquilae
2367 4385 2778 4440 conversionem
2837 4383 3086 4439 feruntur
3134 4384 3487 4454 (adventitius

251 4479 440 4541 κόπον,
478 4477 670 4548 μόχθον
702 4494 760 4529 τε
785 4476 844 4528 οὐ
878 4475 967 4529 τὸν
992 4475 1237 4545 τυχόντα,
1265 4473 1357 4525 καὶ
1385 4471 1569 4539 ἀγῶνα
1597 4471 1819 4541 παρεῖχε

249 4572 363 4632 τοῖς
391 4568 553 4623 πάλαι
575 4569 841 4639 θεοφιλέσι
867 4568 1192 4640 προφήταις,
1220 4565 1408 4618 τούτου
1434 4565 1613 4635 χάριν,
1650 4582 1666 4613 ι
1707 4562 1821 4614 Οὐκ

250 4664 520 4733 αὔταρκες
563 4664 710 4733 ὑμῖν,
762 4680 779 4713 ι
834 4661 986 4731 φησὶ,
1025 4680 1044 4711 ι
1073 4662 1197 4723 τοὺς
1237 4660 1519 4730 προφήτας
1550 4656 1641 4709 τοῦ
1683 4655 1818 4709 Θεοῦ

255 4755 510 4827 μοχθοῦν,
539 4754 635 4807 καὶ
665 4753 848 4822 ἀγῶνα
878 4752 1134 4825 παρέχειν
1174 4750 1515 4823 ἀνθρώποις;
1559 4749 1673 4804 ἀλλ’
1717 4748 1819 4820 ήδη

252 4848 351 4902 καὶ
386 4848 476 4901 τὸν
499 4848 630 4900 Θεόν
656 4864 755 4917 μου
794 4845 1045 4909 κοποῦτε,
1085 4845 1175 4898 καὶ
1211 4844 1396 4913 ἀγῶνα
1428 4845 1693 4913 παρέχετε
1728 4840 1819 4894 καί

245 4962 311 5013 γε
362 4940 435 5011 τῷ
463 4939 579 5010 Θεῷ
608 4956 742 5010 μου;
779 4959 796 4991 ι
830 4938 986 4992 Οὕτω
1032 4938 1138 5010 γὰρ
1180 4939 1273 4992 καὶ
1314 4939 1602 4992 Θεοδοτίων
1632 4934 1821 5001 ἐξέδω-

244 5052 364 5087 κεν.
424 5034 483 5085 '0
535 5031 663 5100 γοῦν
710 5033 996 5103 προφήτης
1059 5031 1202 5095 ἰδίως
1246 5031 1437 5085 ἑαυτοῦ
1494 5031 1644 5094 Θεὸν,
1705 5030 1818 5083 ἀλλ’

242 5124 370 5194 ουχὶ
406 5124 499 5177 καὶ
528 5123 634 5176 τῶν
668 5124 807 5193 πρὸς
848 5122 941 5186 οὒς
969 5124 997 5175 6
1037 5123 1210 5191 λόγος,
1242 5124 1333 5176 τὸν
1359 5110 1819 5193 κοπούμενον⁶καὶ

243 5216 344 5269 ἐπὶ
366 5216 455 5268 τὸν
475 5215 658 5283 ἀγῶνα
683 5215 1042 5285 ἀποδυόμενον
1070 5218 1382 5286 προσεῖπεν,
1404 5215 1504 5269 οὐκ
1532 5214 1597 5269 ἂν
1617 5216 1815 5286 φήσας,

241 5304 381 5357 Θεόν
414 5322 513 5374 μου
541 5305 629 5358 τὸν
655 5307 745 5359 ἐπὶ
774 5307 989 5360 πάντων
1013 5306 1141 5360 Θεὸν
1173 5308 1228 5359 ὲν
1262 5306 1553 5370 Ἰουδαίοις,
1583 5308 1713 5376 παρ’
1738 5302 1819 5369 οἷς

241 5397 313 5448 ἐκ
346 5396 593 5464 πατέρων
617 5396 678 5449 τὸ
706 5398 831 5466 περὶ
853 5397 943 5449 τὸν
960 5397 1066 5451 τῶν
1094 5397 1308 5451 πάντων
1333 5397 1394 5468 δη
1405 5396 1659 5468 μιουργδν
1687 5395 1817 5451 Θεὸν

242 5485 418 5548 σέϐας
455 5487 795 5556 ἐφυλάττετο.
824 5490 917 5553 Τίς
945 5490 990 5542 δ’
1017 5490 1081 5544 ἂν
1111 5491 1193 5560 εἴη
1234 5494 1261 5545 6
1290 5490 1439 5559 ἀγὼν
1471 5490 1564 5545 καὶ
1599 5490 1821 5562 μόχθος,

330 5645 372 5676 ⁸³
402 5644 503 5703 Isa.
536 5664 630 5714 vn,
662 5648 835 5704 1046.

1923 4485 2100 4530 autem
2140 4477 2331 4546 Aquila
2369 4477 2486 4535 fuit.
2520 4493 2630 4531 non
2662 4485 2857 4531 natura
2887 4475 3149 4549 Judazus),
3179 4478 3271 4533 sed
3304 4487 3483 4532 tamen

1920 4568 2083 4622 etiam
2124 4570 2421 4624 secundum
2458 4570 2622 4632 hunc,
2653 4568 2756 4623 hoc
2783 4584 2914 4624 sane
2953 4570 3214 4640 scriptum
3255 4577 3338 4623 est
3369 4586 3484 4623 mo-

1922 4659 1991 4713 do
2024 4680 2036 4714 :
2073 4680 2090 4712 ι
2140 4660 2395 4731 Nunquid
2438 4677 2629 4731 parum
2663 4669 2746 4715 est
2780 4676 2809 4714 a
2840 4662 2996 4717 vobis
3043 4660 3257 4730 fatigari
3305 4661 3486 4714 viros?

1921 4754 2065 4823 quod
2118 4754 2354 4809 laborem
2410 4754 2677 4808 exhibctis
2707 4754 2869 4808 etiam
2903 4751 3015 4807 Deo
3057 4752 3224 4807 meo?
3259 4750 3485 4820 Propter

1921 4848 2024 4902 boc
2050 4848 2201 4902 dabit
2232 4848 2345 4916 ipse
2376 4847 2531 4902 vobis
2569 4848 2784 4917 signum
2824 4865 2835 4899 :
2874 4845 3012 4900 Ecce
3034 4846 3209 4915 puella
3238 4843 3292 4896 in
3330 4852 3484 4896 utero

1922 4937 2186 5005 concipit,
2222 4943 2277 4989 et
2334 4942 2475 5006 parit
2513 4937 2706 5002 lilium,
2752 4945 2803 4991 et
2852 4937 3069 4991 vocabis
3120 4948 3315 4987 nomen
3365 4933 3485 5002 ejus

1921 5025 2260 5081 Emmanuel.
2292 5044 2309 5077 ι
2346 5025 2500 5096 Apud
2541 5025 2925 5097 Symmachum
2984 5038 3113 5077 vero
3157 5023 3271 5077 hazc
3306 5023 3380 5075 ita
3425 5039 3484 5078 se

1920 5118 2118 5173 habent
2144 5118 2329 5188 (porro
2356 5118 2715 5188 Symmachus
2741 5116 2943 5171 dicitur
2964 5114 3247 5171 Ebionznus
3277 5113 3478 5169 fuisse:

1921 5220 2068 5269 secta
2117 5222 2295 5267 autem
2341 5214 2456 5269 haec
2507 5214 2607 5267 fuit
2642 5210 2975 5277 Iudaeorum,
3010 5210 3101 5280 qui
3150 5224 3214 5264 eo
3264 5209 3483 5263 nomine

1919 5305 2276 5373 vocabantur,
2304 5316 2357 5361 et
2394 5306 2448 5361 in
2478 5303 2753 5359 Christum
2790 5302 3012 5358 credere
3039 5300 3382 5361 dicebantur,
3415 5314 3476 5353 ex

1920 5396 2118 5467 quibus
2164 5395 2523 5470 Symmachus
2566 5398 2721 5468 fuit);
2753 5397 2893 5470 apud
2939 5399 3117 5468 ipsum
3148 5398 3293 5454 hunc
3320 5398 3483 5468 igitur

1918 5487 2033 5545 hazc
2067 5490 2137 5544 ita
2165 5505 2222 5547 se
2252 5490 2479 5548 habent:
2510 5509 2528 5543 ι
2552 5489 2769 5558 Audite,
2796 5490 2992 5546 domus
3024 5488 3212 5557 David,
3236 5488 3481 5562 nunquid
