3916 6200
426 246 534 304 499

1096 242 1362 302 EUSEBII
1377 240 1889 313 ,CESARIENSlS
1922 241 1982 298 Ol

2116 241 2294 298 PARS
2332 243 2397 299 ll.
2421 275 2491 286 —
2521 242 3022 302 APOLOGETICA.

3559 248 3669 307 500

426 380 536 422 non
568 363 704 421 satis
732 362 887 419 vobis
906 327 999 418 «est
1037 359 1266 434 fatigare
1289 363 1560 427 homines,
1586 361 1734 434 quod
1755 361 1982 433 fatigatis

2093 363 2126 435 ἢ
2162 364 2191 417 6
2217 364 2387 428 κόπος
2435 364 2529 418 τοῦ
2568 365 3043 438 προφητευομένου
3084 364 3243 431 Θεοῦ,
3282 366 3315 440 ἢ
3352 368 3415 422 τδ
3452 371 3534 433 είς
3568 370 3669 424 ἀν-

430 455 597 515 Deum
647 456 868 512 meum?
922 464 1142 527 propter
1191 456 1294 512 hoc
1351 456 1506 511 dabit
1560 455 1824 511 Dominus
1875 455 1993 526 ipse

431 551 587 606 vobis
621 548 833 620 signum
870 566 884 602 :
921 546 1060 604 Ecce
1092 548 1269 620 puella
1297 549 1536 620 concipit
1561 555 1615 605 et
1642 547 1781 620 parit
1803 547 1991 613 illium,

429 652 484 696 et
528 640 749 695 vocabis
794 653 992 694 nomen
1021 638 1144 707 ejus
1172 637 1513 696 Emmanuel.
1552 658 1572 692 ι
1609 638 1817 706 Quibus
1847 637 1993 694 enim

428 728 669 786 Iudaica;
700 729 880 801 gentis
909 743 1092 785 mores
1118 729 1424 802 asperrimi,
1452 736 1505 785 et
1535 744 1566 782 a
1586 730 1783 799 pietate
1807 729 1997 784 admo-

428 821 558 876 dum
593 819 974 883 abhorrentes,
1022 820 1275 876 sudorem
1318 819 1689 889 laboremque,
1712 834 1776 873 ac
1805 817 1995 890 fatiga-

429 912 629 967 tionem
689 928 798 967 non
861 912 1163 983 vulgarem,
1195 921 1357 983 atque
1403 918 1701 977 certamen,
1754 913 1994 983 antiquis

426 1002 537 1060 illis
563 1005 670 1060 Deo
686 1006 877 1060 amicis
906 1006 1182 1077 prophetis
1204 1006 1552 1072 exhibebant,
1571 1005 1798 1069 idcirco,
1827 1024 1847 1057 σ
1881 1021 1993 1081 non

428 1095 565 1151 satis
621 1104 728 1158 est,
764 1096 959 1167 inquit,
995 1097 1175 1165 vobis,
1224 1095 1317 1153 Dei
1377 1098 1672 1169 prophetas
1733 1097 1991 1168 afﬂigere,

427 1185 849 1256 hominibusque
901 1186 1159 1242 exhibere
1204 1195 1502 1245 certamen.
1541 1189 1647 1244 nisi
1675 1188 1788 1257 jam
1826 1188 1989 1243 etiam

430 1277 598 1334 Deum
623 1292 802 1333 meum
827 1277 1086 1350 fatigetis,
1104 1278 1264 1350 eique
1289 1279 1593 1335 exbibeatis
1619 1279 1939 1336 certamen?
1966 1298 1986 1332 ι

427 1384 529 1426 nec
545 1369 656 1425 Deo
680 1369 1019 1440 simpliciter,
1038 1370 1133 1426 sed
1158 1369 1267 1426 Deo
1296 1373 1452 1427 meo?
1467 1372 1557 1427 Sic
1576 1374 1720 1429 enim
1740 1371 1992 1430 Theodo-

429 1461 545 1516 tion
565 1475 782 1531 quoque
811 1461 1385 1533 convertit.Propheta
1410 1462 1577 1535 igitur
1623 1480 1781 1520 suum
1822 1481 1990 1536 pecu-

427 1552 635 1609 liariter
646 1551 834 1618 Deum,
850 1561 903 1609 et
926 1569 1033 1610 non
1056 1570 1244 1610 eorum
1271 1553 1339 1610 ad
1360 1542 1498 1627 quos
1525 1571 1703 1612 sermo
1726 1556 1993 1629 dirigeba-

2095 449 2326 523 θρώπων
2354 452 2565 521 γένεσιν
2591 454 2797 522 ὲλθεῖν;
2834 455 2977 509 κατά
3007 455 3109 527 μὲν
3137 457 3285 527 ἡμᾶς
3309 458 3403 512 καὶ
3432 457 3529 531 τὴν
3551 459 3663 513 τῶν

2105 542 2499 617 Ἑϐδομήκοντα
2544 546 2862 618 ἑρμηνείαν,
2900 545 2967 601 ὲκ
2993 546 3273 621 Παρθένου
3301 548 3658 622 γεννώμενον,

2093 634 2232 689 κατὰ
2277 635 2334 689 δὲ
2372 635 2469 707 τὴν
2524 636 2619 691 νῦν
2670 638 2821 711 παρά
2869 639 3145 705 Ἰουδαίοις
3207 642 3538 715 φερομένην,
3592 645 3663 697 ὲκ

2093 726 2351 791 νεάνιδος.
2392 724 2586 799 Εῦροτς
2627 727 2672 782 δ’
2698 730 2765 784 ἂν
2803 730 2954 804 παρά
2976 733 3168 786 Maias!
3207 735 3305 791 καὶ
3333 733 3431 806 τὴν
3462 734 3662 807 ὁμολο-

2093 820 2375 892 γουμένως
2417 821 2689 896 Παρθένον
2733 826 2914 879 νεᾶνιν
2953 827 3491 900 προσηγορευμένην.
3542 831 3663 901 τὴν

2091 912 2224 982 γοῦν
2261 913 2430 986 ἑτέρῳ
2472 914 2982 989 μεμνηστευμένην,
3027 917 3119 987 ὐφ’
3166 917 3354 991 ἐτέρου
3396 918 3456 973 δὲ
3494 919 3661 974 ἐκϐε-

2092 1004 2393 1077 ϐιασμένην
2438 1005 2611 1078 τούτῳ
2655 1006 2891 1080 κέκληκε
2932 1007 3012 1080 τῷ
3061 1011 3431 1083 προσρήματι.
3498 1010 3663 1066 me

2091 1098 2185 1151 καὶ
2216 1099 2245 1151 6
2276 1085 2361 1152 ὲκ⁹
2382 1097 2483 1169 τῆς
2515 1097 2845 1172 δηλουμένης
2883 1099 3277 1173 τεχθησόμενος
3312 1103 3664 1177 Ἐμμανουὴλ

2095 1189 2315 1262 μείζονα
2367 1189 2400 1262 ἢ
2440 1189 2582 1244 κατά
2626 1191 2719 1245 τὸν
2760 1190 2937 1245 κοινὸν
2992 1191 3277 1265 ἄνθρωπον
3338 1194 3662 1267 ἐπιφέρεται

2089 1281 2318 1353 δύναμιν
2341 1321 2357 1345 ,
2407 1280 2758 1353 ἐκλεγόμενος
2809 1282 2871 1338 τὸ
2928 1282 3133 1353 ἀγαθὸν
3182 1285 3312 1357 πρὶν
3356 1285 3391 1358 ῆ
3450 1286 3660 1355 γνῶναι

2092 1373 2324 1445 πονηρά,
2377 1373 2470 1427 καὶ
2516 1373 2758 1429 ἀπειθῶν
2811 1375 3065 1448 πονηρίᾳ,
3094 1376 3189 1431 τοῦ
3233 1377 3561 1444 ἐκλέξασθαι
3595 1381 3661 1435 τὸ

2089 1466 2310 1536 ἀγαθόν·
2335 1467 2617 1523 καὶταῦτα
2637 1469 2738 1525 οὐκ
2757 1469 2814 1523 ὲν
2837 1468 2903 1537 τῇ
2925 1467 3019 1531 τοῦ
3041 1469 3229 1542 ἀνδρὸς
3242 1471 3449 1544 ἡλικίᾳ,
3466 1471 3658 1526 ἀλλ’ὲν

2087 1560 2154 1630 τῇ
2171 1558 2266 1612 τοῦ
2285 1558 2619 1615 παιδίω)Δὼ
2644 1562 2876 1634 εἴρηταιο
2900 1564 3065 1637 «Πρὶν
3089 1563 3337 1636 ἢγνῶναι
3354 1564 3418 1616 τὸ
3445 1561 3665 1616 παιδίον

426 1651 540 1710 tur,
562 1659 686 1702 eum
712 1645 807 1715 qui
844 1652 1153 1711 vexaretur,
1177 1654 1230 1700 et
1252 1647 1304 1701 in
1336 1654 1609 1703 certamen
1629 1646 1871 1713 daretur,
1894 1663 1982 1719 ap-

2090 1647 2293 1717 άγαθδν
2327 1648 2361 1720 ἢ
2384 1649 2573 1714 κακὸν,
2600 1650 2816 1705 ἀπειθεῖ
2842 1653 3095 1725 πονηρία,
3125 1652 3217 1706 τοῦ
3244 1650 3569 1717 ἐκλέξασθαι
3593 1651 3661 1704 τὸ

422 1738 659 1807 pellavit,
687 1739 779 1809 qui
805 1739 1023 1809 quidem
1052 1754 1330 1809 nunquam
1361 1739 1528 1795 Deum
1556 1757 1734 1796 meum
1758 1742 1982 1800 dixisset

2090 1714 2321 1810 ἀγαθόν’
2413 1741 2481 1795 δι’
2517 1735 2592 1797 ὧν
2639 1744 2915 1809 παντελῶς
2957 1714 3018 1798 τὸ
3051 1714 3155 1815 ἧς
3189 1714 3396 1807 κακίας⁷
3427 1744 3659 1813 ἄπειρον

420 1841 544 1880 eum
575 1826 669 1896 qui
694 1828 833 1898 apud
854 1827 1069 1884 Iudaeos
1091 1843 1381 1898 supremus
1397 1829 1642 1889 habetur.
1664 1830 1805 1900 apud
1827 1848 1982 1902 quos,

426 1928 588 1982 quem
624 1924 671 1966 'n
721 1915 965 1985 patribus
1026 1933 1208 1972 rerum
1268 1919 1511 1974 omnium
1568 1923 1866 1980 conditoris
1893 1922 1988 1980 Dei

423 2000 587 2071 317
620 2000 826 2056 cultum
861 2002 963 2073 ipsi
990 2016 1328 2075 acceperant.
1359 2006 1407 2064 is
1433 2007 1845 2079 diligentissime
1878 2026 1991 2068 ser-

424 2092 676 2157 vabatur,
717 2093 812 2149 sed
846 2095 991 2164 quod
1043 2094 1257 2159 tandem
1304 2112 1429 2154 esse
1469 2107 1648 2170 potest
1690 2108 1986 2169 certamen,

424 2181 550 2253 quis
584 2183 756 2247 labor,
786 2199 909 2255 qua:
940 2184 1183 2256 fatigatio
1202 2186 1323 2257 ejus
1350 2187 1468 2253 Dei,
1493 2189 1562 2245 de
1591 2206 1702 2262 quo
1725 2193 1985 2263 propheta

424 2274 689 2344 loquitur,
714 2274 823 2332 nisi
853 2276 987 2331 illud
1010 2278 1075 2331 ad
1106 2277 1380 2335 hominum
1408 2283 1812 2352 generationem
1838 2300 1989 2340 acce-

422 2365 573 2429 dere,
599 2376 652 2421 et
677 2372 793 2420 tum
822 2367 1119 2422 secundum
1145 2382 1265 2434 nos,
1296 2376 1410 2423 tum
1441 2372 1737 2425 secundum
1767 2370 1988 2443 Septua-

422 2459 575 2529 ginta
605 2460 1103 2530 interpretationem
1128 2460 1195 2515 de
1231 2458 1450 2532 Virgine
1481 2464 1657 2518 nasci:
1684 2465 1985 2520 secundum

422 2569 554 2612 vero
592 2570 710 2611 eam
757 2570 879 2626 qua:
928 2557 1070 2627 apud
1122 2557 1368 2626 juniores
1422 2557 1593 2613 fertur
1637 2558 1876 2626 Iudaeos,
1917 2560 1986 2614 de

422 2645 646 2718 puella?
723 2644 992 2703 Ceterum
1039 2649 1181 2719 apud
1232 2649 1436 2705 Mosem
1482 2666 1699 2722 quoque
1742 2651 1985 2708 invenies

421 2753 565 2801 eam.
601 2754 723 2811 qua:
763 2739 973 2809 absque
1015 2742 1385 2797 controversia
1420 2741 1493 2797 sit
1522 2741 1698 2812 virgo,
1751 2743 1982 2811 puellam

423 2829 715 2899 appellari:
762 2829 1032 2900 siquidem
1079 2845 1201 2885 eam
1247 2846 1368 2902 qum
1398 2831 1490 2885 alii
1534 2830 1860 2903 desponsata
1890 2834 1981 2897 sit,

421 2921 529 2976 alia
577 2934 707 2975 vero
757 2921 1065 2992 repudiata,
1110 2922 1211 2977 hac
1250 2923 1885 2994 appellatione'vocavit.
1934 2923 1983 2981 Is

418 3019 682 3110 Ermterea
729 3013 824 3085 qui
864 3013 932 3110 de
974 3013 1070 3068 tali
1120 3012 1315 3069 femina
1365 3012 1438 3070 sit
1483 3013 1725 3071 edendus
1764 3016 1985 3072 nomine
2008 3052 2051 3110 C

420 3102 766 3167 Emmanuel,
801 3103 1007 3174 majore
1038 3104 1211 3160 fertur
1252 3106 1513 3176 potentia,
1544 3122 1706 3177 quam
1741 3107 1981 3163 omnium

421 3195 654 3251 aliorum
684 3195 987 3262 hominum,
1033 3196 1233 3267 quippe
1274 3196 1368 3267 qui
1407 3197 1570 3268 eligat
1598 3198 1799 3254 bonum
1830 3200 1983 3269 prius

419 3304 590 3360 quam
626 3290 942 3362 cognoverit
972 3291 1136 3354 mala,
1168 3298 1223 3346 et
1251 3291 1469 3347 malitia
1505 3306 1615 3347 non
1646 3294 1983 3364 obtemperet

422 3382 549 3437 boni
577 3382 809 3454 eligendi
830 3382 1027 3453 gratia,
1057 3397 1123 3439 eo
1139 3383 1311 3449 magis
1333 3384 1476 3454 quod
1499 3384 1612 3441 hac
1635 3394 1851 3456 praestet
1873 3401 1981 3441 non

421 3475 476 3530 in
509 3475 650 3529 virili
687 3476 821 3545 jam,
852 3475 947 3531 sed
995 3475 1049 3530 in
1083 3476 1275 3547 puerili
1314 3477 1493 3532 adhuc
1522 3485 1681 3534 aetate
1716 3480 1983 3533 constitu-

421 3572 540 3632 tus;
569 3581 636 3620 ex
660 3580 769 3636 quo
797 3565 926 3620 illud
952 3564 1158 3621 dictum
1187 3574 1309 3623 est:
1370 3565 1532 3623 Prius
1574 3584 1738 3639 quam
1766 3570 1980 3625 noverit

418 3674 556 3730 puer
584 3659 784 3715 bonum
814 3667 908 3714 aut
937 3659 1161 3725 malum,
1202 3675 1310 3715 non
1341 3672 1492 3731 paret
1514 3661 1753 3724 malitiae,
1794 3669 1854 3716 ut
1881 3663 1982 3719 eli-

415 3758 507 3823 gat
562 3746 850 3806 bonumfi
875 3750 1085 3818 Quibus
1121 3752 1301 3808 verbis
1347 3767 1574 3824 prorsus
1611 3752 1757 3824 quod
1794 3752 1883 3808 ille
1914 3753 1983 3809 tle

417 3858 529 3915 quo
557 3845 737 3916 agitur
762 3844 965 3898 nullam
984 3844 1243 3898 malitiam
1267 3845 1527 3915 attigerit,
1557 3844 1979 3900 demonstratur.

417 3935 527 3993 Sed
558 3937 999 3994 excellentiorem
1032 3952 1247 4008 quoque
1279 3937 1794 4002 denominationem,
1818 3953 1979 4009 quam

415 4029 656 4085 hominis
684 4029 793 4083 ulla
825 4043 949 4085 esse
994 4029 1166 4099 possit
1194 4029 1506 4099 appellatio,
1549 4030 1889 4086 nanciscitur
1932 4031 1980 4087 is

417 4120 507 4192 qui
540 4120 827 4176 nobiscum
856 4130 940 4176 est
982 4119 1152 4176 Deus:
1203 4135 1373 4191 quare
1417 4120 1635 4191 signum
1673 4121 1801 4177 item
1833 4112 1980 4193 quod

420 4211 490 4266 de
519 4211 613 4267 illo
646 4208 832 4276 datur,
864 4209 1288 4281 profunditatem
1330 4210 1494 4265 simul
1529 4210 1729 4268 habere
1755 4214 1976 4281 dicitur,

424 4310 479 4357 et
508 4299 673 4359 simul
711 4300 1087 4356 altitudinem:
1117 4300 1538 4371 profunditatem
1597 4302 1814 4374 quidem
1851 4320 1980 4376 pro-

2088 1831 2179 1885 τοῦ
2224 1826 2548 1904 δηλουμένου
2603 1834 2951 1906 παρίσταται.
3007 1834 3168 1889 Ἀλλά
3220 1835 3315 1889 καὶ
3370 1834 3661 1906 κρείττονε

2086 1921 2121 1994 ἢ
2158 1924 2301 1978 κατά
2338 1924 2624 1997 ἄνθρωπον
2675 1926 2937 1996 ἐπάγεται
2978 1926 3076 1998 τὴν
3122 1926 3434 1998 ἐπωνυμίαν
3469 1928 3501 1980 6
3533 1925 3662 1997 μεθ’

2084 2017 2119 2087 ἡ
2128 2016 2245 2088 μῶν
2262 2017 2524 2090 ὑπάρχων
2551 2017 2684 2083 Θεός
2701 2035 2717 2050 ’
2758 2019 2839 2073 διὸ
2864 2020 2960 2073 καὶ
2985 2018 3046 2073 τὸ
3072 2020 3197 2091 περὶ
3228 2018 3391 2075 αὑτοῦ
3426 2020 3665 2090 σημεῖον

2088 2109 2249 2180 βάθος
2272 2109 2487 2180 ἐλέγετο
2514 2112 2806 2184 περιέχειν,
2824 2111 2958 2185 ὁμοῦ
2981 2112 3038 2166 δὲ
3063 2111 3157 2166 καὶ
3185 2111 3343 2181 ὕψος
3369 2110 3530 2181 βάθος
3553 2110 3661 2182 μὲν

2085 2199 2172 2254 διὰ
2191 2201 2289 2273 τὴν
2310 2204 2390 2267 εἱς
2408 2202 2723 2275 ἀνθρώπους
2742 2202 2985 2266 κάθοδον,
3004 2203 3038 2275 ἢ
3059 2203 3157 2256 καὶ
3176 2202 3275 2273 τὴν
3295 2202 3458 2274 μέχρι
3480 2201 3651 2255 θανά-

2086 2309 2176 2345 του
2209 2292 2535 2365 παρουσίαν,
2562 2292 2695 2364 ὕψος
2726 2294 2782 2347 δὲ
2807 2293 2896 2348 διὰ
2921 2295 3020 2366 τὴν
3042 2292 3223 2349 ἔνθεον
3243 2294 3309 2346 ὲκ
3334 2289 3429 2344 τοῦ
3454 2289 3659 2360 βάθους

2087 2384 2549 2451 ἀποκατάστασιν,
2584 2387 2618 2456 ἢ
2649 2386 2737 2440 διά
2764 2386 2862 2457 τὴν
2894 2386 2993 2458 τῆς
3020 2384 3206 2440 ἐνθέου
3254 2382 3654 2457 προῦπάρξεως

2084 2470 2248 2524 αὑτοῦ
2291 2471 2585 2542 θεολογίαν.
2629 2473 2724 2539 Τίς
2759 2474 2805 2528 δ’
2845 2473 2911 2528 ἂν
2956 2475 3040 2546 είη
3086 2477 3117 2529 6
3156 2473 3278 2547 μεθ’
3315 2475 3462 2546 ἡμῶν
3504 2472 3651 2539 Θεὸς

2084 2564 2118 2638 ἢ
2159 2568 2188 2621 6
2224 2565 2313 2619 διὰ
2348 2565 2459 2620 τῶν
2494 2566 2729 2639 πρόσθεν
2762 2568 3213 2640 ἀποδεδειγμένος
3243 2567 3374 2632 Θεὸς
3400 2565 3651 2637 Κύριοςς

2083 2658 2112 2711 6
2140 2660 2233 2712 καὶ
2256 2658 2334 2731 τῷ
2362 2658 2609 2731 Ἀϐραὰμ
2638 2660 2740 2714 οὐκ
2766 2659 2940 2725 ἄλλως
2966 2661 2999 2733 ἢ
3023 2660 3091 2713 δι’
3123 2658 3410 2732 ἀνθρώπου
3434 2656 3655 2730 μορφῆς

2083 2749 2437 2821 τεθεαμένος;
2464 2751 2527 2804 Εἰ
2555 2751 2600 2804 δ’
2624 2752 2942 2823 ἀναφέροιεν
2978 2750 3074 2805 ἐπὶ
3109 2751 3201 2805 τὸν
3226 2750 3471 2816 Ἐζεκίαν
3500 2752 3552 2804 οἱ
3583 2752 3656 2804 ἐκ

2082 2843 2382 2915 περιτομῆς
2406 2842 2579 2899 ταῦτα
2595 2884 2610 2907 ,
2643 2842 2735 2897 τὸν
2754 2843 2848 2897 τοῦ
2889 2843 3064 2916 Ἀχαζ
3084 2844 3270 2908 παῖδα,
3295 2843 3485 2897 τοῦτον
3507 2839 3652 2896 εἶναι

2082 2935 2380 3005 φάσκοντες
2408 2935 2499 2989 τὸν
2526 2934 2603 3007 τῷ
2632 2935 2799 3008 πατρὶ
2825 2952 3001 3008 προση
3010 2936 3349 3008 μαινόμενον,
3380 2936 3497 2990 ἀλλ’
3522 2935 3655 2991 οῦτι

2081 3023 2111 3077 6
2142 3023 2258 3095 μεθ’
2288 3024 2444 3096 ἡμῶν
2489 3024 2621 3090 Θεὸς
2669 3026 2914 3092 Ἐζεκίας
2962 3022 3052 3098 ἦν,
3099 3026 3221 3082 οὔτε
3269 3031 3492 3102 σημεῖον
3530 3027 3657 3082 θεο-

2087 3116 2296 3188 πρεπὲς
2343 3117 2654 3189 πέπρακταί
2698 3135 2751 3172 τι
2797 3118 2883 3172 ἐπ’
2934 3117 3113 3190 αὐτῷ·
3163 3118 3278 3173 ἀλλ’
3328 3117 3450 3172 οὐδὲ
3499 3117 3654 3187 ἀγὼν

2083 3208 2116 3279 ἦ
2149 3207 2343 3279 μόχθος
2369 3209 2447 3280 τῷ
2475 3209 2594 3282 Θεῷ
2629 3206 2697 3282 ἦν
2741 3211 2868 3284 περὶ
2898 3210 2997 3283 τὴν
3028 3211 3235 3265 ἐκείνου
3264 3210 3513 3280 γένεσινο
3552 3211 3653 3265 καὶ

2082 3298 2254 3365 ἄλλως
2287 3302 2438 3375 παρὰ
2480 3302 2653 3358 ταῦτα
2696 3303 2968 3358 δείκνυται
3012 3304 3042 3357 6
3075 3303 3321 3368 Ἐζεκίας
3364 3302 3652 3358 ἀποκλειό-

2085 3410 2242 3465 μενος
2277 3394 2383 3448 τῶν
2423 3395 2627 3468 χρόνων
2664 3395 2761 3467 τῆς
2798 3395 3148 3468 προφητείας.
3195 3393 3378 3449 Ταῦτα
3412 3394 3514 3466 μὲν
3536 3396 3653 3466 γὰρ

2083 3482 2452 3553 βασιλεύοντος
2484 3482 2647 3539 αὐτοῦ
2685 3484 2750 3555 δὴ
2773 3483 2868 3537 τοῦ
2910 3483 3112 3556 πατρὸς
3143 3479 3321 3553 ’Δχαζ
3347 3482 3480 3554 τπρὶ
3520 3480 3655 3552 μελ-

2080 3573 2276 3629 λόντων
2296 3574 2636 3639 ἐθεσπίζετω
2671 3577 2700 3630 6
2719 3575 2776 3628 δὲ
2800 3574 3043 3640 Ἐζεκίας
3072 3575 3180 3648 πρὸ
3205 3573 3300 3629 τοῦ
3329 3573 3650 3645 βασιλεῦσαι

2081 3666 2171 3721 τὸν
2195 3667 2369 3738 ’Ᾱχαζ
2414 3668 2730 3722 συνίσταται
2767 3667 3186 3740 γεγεννημένος.
3231 3665 3298 3720 El
3336 3664 3395 3720 δὲ
3442 3665 3518 3737 μὴ
3550 3666 3650 3721 ἐπὶ

2078 3756 2265 3811 τοῦτον
2315 3757 2572 3831 ἀναχθείη
2614 3757 2684 3813 τὰ
2728 3759 2829 3830 τῆς
2858 3757 3221 3832 προκειμένης
3266 3757 3646 3830 προρρήσεως.

2082 3848 2273 3903 πολλοῦ
2300 3849 2381 3903 δεῖ
2410 3851 2496 3920 ἐφ’
2517 3850 2703 3924 ἕτερον
2725 3850 2833 3906 τῶν
2856 3850 3006 3924 παρά
3040 3851 3315 3914 Ἰουδαίοις
3351 3849 3494 3922 μετά
3516 3849 3648 3914 τοὺς

2078 3942 2177 4012 τῆς
2203 3941 2538 4014 προφητείας
2561 3942 2786 4015 χρόνους
2808 3940 3134 4013 γενομένων.
3176 3940 3297 3994 Ἐπί
3318 3956 3382 4009 γε
3411 3938 3518 4011 μὴν
3542 3939 3644 4009 τῆς

2077 4032 2172 4086 τοῦ
2208 4030 2439 4103 ἀληθοῦς
2481 4031 2845 4104 Ἐμμανουὴλ,
2877 4032 3024 4086 τοῦτ’
3062 4030 3178 4085 ἐστι
3220 4030 3315 4085 τοῦ
3360 4030 3650 4100 γεγονότος

2082 4124 2199 4194 μεθ’
2231 4125 2390 4196 ἡμῶν
2429 4122 2564 4178 Θεοῦ
2611 4123 2899 4195 γενέσεως,
2944 4123 3041 4179 καὶ
3081 4124 3175 4179 ἐπὶ
3208 4124 3379 4197 μόνης
3405 4123 3506 4197 τῆς
3543 4122 3645 4178 τοῦ

2078 4217 2326 4289 Σωτῆρος
2389 4216 2544 4288 ἡμῶν
2604 4216 2696 4270 τοῦ
2752 4214 2889 4269 Θεοῦ
2953 4216 3126 4285 Λόγου
3186 4218 3268 4280 είς
3324 4213 3649 4288 ἀνθρώπους

2076 4307 2397 4381 ἐπιδημίας’
2439 4306 2547 4361 τῶν
2576 4306 2684 4378 γὰρ
2727 4306 2873 4361 δυεῖν
2919 4305 3180 4377 βασιλέων
3223 4305 3648 4379 καθῃρημένων,

420 4402 539 4466 pter
587 4395 910 4450 descensum
942 4392 1009 4448 ad
1057 4393 1325 4457 homines,
1363 4401 1457 4449 aut
1482 4396 1644 4451 etiam
1685 4413 1858 4469 usque
1910 4398 1979 4454 ad

2083 4399 2406 4471 κατελείφθη
2438 4398 2640 4470 ἔρημος
2667 4399 2701 4470 ἡ
2730 4398 2837 4452 τῶν
2863 4398 3126 4454 Ἰουδαίων
3166 4399 3258 4471 γῆ,
3287 4397 3477 4471 ὥσπερ
3526 4398 3651 4453 ἐσε-

416 4493 646 4541 mortem
687 4500 1005 4542 accessum:
1050 4485 1390 4541 altitudinem
1424 4501 1554 4542 vero
1578 4499 1800 4560 propter
1830 4491 1974 4547 divi-

420 4578 607 4635 nitatis
667 4591 697 4632 a
757 4577 1126 4649 profunditate
1187 4566 1623 4648 restitutionem,
1664 4590 1758 4638 aut
1810 4585 1974 4639 etiam

413 4679 635 4742 propter
662 4668 859 4725 divinae
888 4670 1007 4740 ejus
1050 4673 1391 4736 substantiae,
1436 4691 1558 4746 qua:
1589 4676 1740 4730 omni
1772 4684 1973 4730 natura

412 4761 563 4833 prior
588 4768 695 4825 est,
727 4761 1076 4832 theOIOgiam.
1112 4765 1246 4832 Quis
1268 4781 1395 4822 vero
1425 4766 1564 4822 alius
1589 4767 1661 4822 sit
1689 4766 1973 4823 nobiscum

417 4854 580 4914 Deus.
612 4867 775 4925 quam
802 4853 849 4910 is
884 4870 1043 4925 quem
1067 4857 1441 4927 superioribus
1470 4858 1626 4915 libris
1660 4857 1831 4915 Deum
1870 4857 1976 4914 Do-

409 4947 726 5018 minumque
792 4947 1172 5005 ostendimus?
1240 4950 1443 5020 quique
1522 4951 1651 5007 item
1742 4950 1974 5008 Abrahae

408 5041 685 5111 quondam
718 5055 829 5095 non
858 5042 963 5095 alia
1010 5057 1172 5112 quam
1205 5041 1439 5097 hominis
1473 5041 1644 5098 forma
1677 5047 1829 5101 visus
1855 5044 1976 5100 est?

407 5132 563 5199 Quod
618 5132 666 5188 si
712 5131 882 5189 Judaei
934 5132 1048 5187 haec
1092 5132 1158 5187 ad
1182 5132 1465 5193 Ezechiam
1513 5134 1750 5190 referant
1802 5135 1970 5190 illium

403 5224 609 5289 Achaz,
633 5234 689 5281 et
731 5224 918 5281 dicant
958 5227 1103 5282 hunc
1146 5242 1267 5284 esse
1303 5228 1395 5299 qui
1440 5227 1581 5296 patri
1619 5242 1719 5283 suo
1752 5226 1971 5284 futurus

402 5316 629 5371 oraculo
670 5317 1045 5386 promittatur,
1091 5319 1313 5375 videant
1363 5318 1639 5391 quomodo
1687 5319 1968 5390 nobiseum

402 5405 550 5462 Deus
573 5405 734 5463 fuerit
768 5407 1051 5474 Ezechias,
1071 5418 1165 5465 aut
1180 5410 1450 5481 quodnam
1481 5411 1696 5482 signum
1734 5426 1829 5467 sua
1854 5428 1972 5467 ma-

397 5496 596 5569 jestate
624 5498 871 5569 dignum,
905 5498 1123 5557 Deusin
1155 5503 1250 5557 illo
1288 5501 1620 5558 ostenderit:
1656 5502 1749 5558 sed
1793 5518 1969 5573 neque

402 5595 682 5646 certamen
714 5590 908 5657 ullum,
937 5608 1114 5665 neque
1136 5594 1290 5650 labor
1314 5595 1369 5651 in
1395 5594 1543 5650 illius
1575 5604 1699 5650 ortu
1736 5592 1845 5651 Deo
1872 5611 1967 5651 ex-

402 5679 608 5736 hibitus
633 5687 718 5735 est
743 5699 755 5734 :
789 5690 1053 5754 praeterea
1085 5686 1245 5757 plane
1271 5702 1301 5740 a
1334 5686 1613 5759 prophetia
1635 5685 1965 5753 excluditur,

2082 4494 2203 4549 σθαί
2244 4509 2405 4565 φησιν
2447 4493 2477 4545 6
2510 4493 2755 4564 χρησμὸς
2772 4490 2940 4546 εἰπών
2962 4508 2976 4523 ο
3017 4512 3037 4544 ι
3065 4490 3572 4563 Καταλειφθήσεται
3610 4492 3645 4563 ἢ

2076 4585 2149 4656 γῆ
2191 4583 2299 4638 ἀπὸ
2350 4581 2638 4656 προσώπου
2686 4582 2793 4638 τῶν
2824 4582 2918 4638 δύο
2943 4581 3228 4654 βασιλέων·
3260 4601 3279 4633 ι
3330 4581 3361 4636 ὃ
3385 4581 3483 4636 καὶ
3513 4581 3647 4635 αὐτὸ

2079 4674 2260 4748 ῥητῶς
2306 4674 2400 4727 καὶ
2445 4672 2586 4727 κατὰ
2623 4670 2766 4737 λέξιν
2812 4670 2983 4736 οὕτως
3031 4670 3097 4725 ἂν
3131 4668 3438 4741 ἀποδοθείη.
3488 4668 3646 4722 Κατὰ

2075 4768 2183 4838 γὰρ
2228 4765 2449 4838 βασιλέα
2484 4765 2678 4836 Ἄχας,
2727 4763 2822 4818 καὶ
2862 4763 3089 4817 Ἡσαΐαν
3139 4763 3253 4816 υίὸν
3301 4760 3503 4834 Ἀμὼς,
3548 4762 3646 4815 καὶ

2074 4859 2200 4923 τοὺς
2231 4857 2330 4929 τῆς
2362 4856 2694 4929 προφητείας
2725 4856 2982 4928 χρόνους,
3020 4854 3265 4926 βασιλεὺς
3292 4853 3492 4925 Συρίας
3521 4855 3552 4907 6
3584 4854 3646 4907 ἐν

2075 4949 2370 5022 Δαμασκῷ,
2405 4951 2499 5003 καὶ
2526 4947 2774 5020 βασιλεὺς
2808 4947 3021 5022 Ἰσραὴλ
3061 4948 3090 5000 6
3126 4947 3183 5000 ὲν
3214 4945 3517 5017 Σαμαρείᾳ,
3542 4944 3645 5016 οὐχ

2072 5046 2102 5097 6
2130 5047 2189 5115 ἐν
2214 5044 2584 5115 Ἰερουσαλὴμ,
2615 5041 2728 5097 ἀλλ’
2759 5044 2793 5095 6
2817 5041 2910 5095 τοῦ
2955 5040 3189 5111 πλήθους
3219 5037 3326 5092 τῶν
3371 5037 3642 5095 Ἰουδαίων

2073 5106 2187 5189 uti:
2226 5106 2579 5197 ἀποστάντων
2595 5133 2686 5189 τοῦ
2728 5133 2874 5187 θείου
2916 5106 3082 5204 νόμου
3102 5171 3118 5193 ,
3184 5129 3458 5201 συνθήκας
3504 5128 3641 5199 πρὸς

2072 5226 2332 5299 ἀλλήλους
2360 5226 2595 5299 θέμενοι,
2627 5225 2755 5289 τοὺς
2787 5223 2894 5278 ὑπὸ
2920 5226 3034 5287 τοῖς
3059 5222 3320 5294 διαδόχοις
3351 5219 3447 5279 τοῦ
3476 5218 3639 5274 Δαυῒδ

2074 5317 2519 5390 βασιλευομένους
2539 5316 2906 5389 ἐπολιόρκουν.
2944 5317 3157 5369 Τούτων
3187 5309 3279 5368 οὖν
3309 5313 3515 5386 ἀμφοῖν
3541 5311 3640 5382 τὴν

2072 5410 2393 5481 καθαίρεσιν
2415 5412 2449 5481 ἡ
2472 5409 2776 5482 προφητεία
2805 5407 3152 5472 θεσπίζουσα,
3180 5406 3378 5469 αὔτοῦς
3398 5405 3499 5476 μὲν
3514 5407 3639 5469 τοὺς

2071 5502 2189 5556 κατ’
2204 5501 2377 5556 ἐκεῖνο
2397 5498 2589 5572 καιροῦ
2616 5498 2897 5561 Ἰουδαίους
2924 5514 2985 5550 τε
3013 5498 3107 5550 καὶ
3132 5493 3481 5565 ἀλλοφύλους,
3497 5493 3641 5547 κατά

2070 5595 2164 5650 τοῦ
2191 5593 2319 5650 λαοῦ
2345 5593 2439 5647 τοῦ
2462 5592 2598 5647 Θεοῦ
2620 5591 2799 5658 δεξιὰς
2824 5590 3068 5663 ἀλλήλοις
3089 5587 3409 5652 δεδωκότας,
3441 5585 3639 5643 αὐτίκα

2075 5686 2218 5759 μάλα
2257 5684 2669 5758 διαλυθήσεσθαι
2722 5685 2816 5740 καὶ
2866 5684 3241 5756 ἀποχωρήσειν
3278 5680 3374 5734 τοῦ
3399 5681 3633 5752 πολέμου
