3866 6202
39 5366 48 5384 :
73 5359 94 5372 Α

21 5383 60 5408 ξι.

21 5458 78 5482 ιζ’

21 5481 74 5507 δι’.

21 5537 90 5590 ,τί

115 5421 122 5448 Ι

113 5459 120 5490 Ξ

336 289 406 346 50!
1181 259 1828 342 DEMDNSTBATIONIS
1865 284 2317 342 EVANGELlCE
2356 283 2482 340 LIB.
2519 283 2632 342 VII.

3421 288 3526 344 503

331 412 436 482 φησι
459 428 472 441 ·
507 410 602 480 τήν
633 426 698 478 γε
723 408 832 480 μὴν
863 409 1137 480 βασιλείαν
1165 407 1343 462 αὐτῶν
1376 408 1468 461 καὶ
1498 408 1594 480 τὴν
1625 407 1859 478 διαδοχὴι

1973 408 2184 462 ratione
2215 416 2520 477 temporum
2570 403 2849 458 Ezechias.
2904 402 3028 459 llazc
3057 404 3198 486 enim
3252 405 3370 474 ipso
3409 406 3521 474 jam

328 504 452 564 εξςτο
467 499 723 563 παντελὲς
739 500 1230 570 καταλυθήσεσθαι,
1257 499 1348 552 καὶ
1371 497 1870 568 ἀποσϐεσθήσεσθαι

325 592 398 644 ἐπὶ
418 592 517 661 τῆς
540 591 636 644 τοῦ
667 591 1165 663 προφητευομένου,
1203 589 1322 661 μεθ’
1346 589 1499 659 ἡμῶν
1527 589 1682 655 Θεοῦ,
1715 591 1868 659 γενέ-

327 701 462 747 σεως.
511 685 828 754 Ἐπίστησον
863 684 1040 737 τοίνυν
1095 684 1223 736 πότε
1254 687 1286 755 ή
1321 684 1692 755 Δαμασκηνῶν
1736 683 1868 753 ὁμοῦ

325 777 394 828 καὶ
429 776 704 829 Ἰουδαίων
749 775 1015 846 κατελύθη
1075 775 1336 845 βασιλεία,
1382 777 1472 829 καὶ
1516 775 1656 829 κατὰ
1688 775 1870 837 ποίους

321 867 527 936 χρόνους
556 865 879 936 κατελείφθη
914 869 946 937 ἡ
977 868 1043 937 γῆ
1071 867 1177 921 τῶν
1213 867 1476 921 Ἰουδαίων
1504 867 1866 928 ἀϐασίλευτος,

319 959 394 1009 καὶ
443 959 582 1027 αὐτή
633 974 696 1025 γε
747 961 780 1028 ὴ
821 960 950 1029 πρὶν
991 957 1157 1011 πολλὰ
1201 957 1467 1030 δυναμένη
1502 956 1868 1027 Δαμασκηνῶν

314 1047 475 1118 χώρα,
513 1048 725 1119 μεγάλῃ
760 1047 904 1118 χειρὶ
945 1049 1004 1100 τὸ
1035 1047 1263 1101 παλαιὸν
1303 1049 1401 1117 τῆς
1428 1047 1623 1118 Συρίας
1655 1048 1869 1116 ἀπάσης

313 1137 680 1207 βασιλεύουσα.
721 1140 844 1192 Ἐπὶ
875 1140 983 1210 γὰρ
1021 1141 1118 1208 τῆς
1157 1139 1358 1192 τούτων
1389 1139 1752 1211 καθαιρέσεως
1778 1139 1867 1191 τὸν

319 1230 664 1301 Ἐμμανουὴλ
714 1231 925 1293 πάντως
962 1247 1062 1282 που
1087 1231 1508 1301 γεννηθήσεσθαι
1559 1230 1728 1293 εἰκὸς,
1778 1230 1870 1283 καὶ

303 1321 388 1374 τὸν
437 1322 917 1392 προφητευόμενον
978 1321 1308 1392 ἐληλυθέναι.
1373 1322 1436 1374 Εί
1488 1322 1582 1391 μὲν
1628 1317 1718 1374 οὖν
1762 1321 1868 1372 τῶν

293 1418 647 1489 δηλουμένων
687 1417 865 1488 παρῆν
899 1418 1028 1487 ὁρᾷν
1062 1415 1399 1479 συνεστώσας
1435 1418 1532 1478 τὰς
1580 1415 1866 1484 βασιλείας,

293 1509 450 1563 οὐδὲν
488 1509 626 1580 χρῆν
665 1508 974 1580 περαιτέρω
1019 1507 1219 1576 ζητεῖν,
1257 1508 1414 1578 μόνον
1451 1507 1506 1559 δὲ
1547 1507 1624 1559 ἔτι
1655 1508 1747 1559 καὶ
1775 1505 1869 1559 νῦν

286 1603 376 1664 είς
404 1601 672 1671 μέλλοντα
697 1600 884 1671 χρόνον
909 1601 1144 1670 ἀναρτᾷν
1167 1599 1261 1662 τὰς
1289 1599 1506 1662 ἐλπίδας
1524 1615 1536 1630 ·
1571 1601 1618 1650 εἰ
1643 1598 1698 1650 δὲ
1727 1598 1868 1668 ἔργῳ

281 1692 582 1761 προφανὴς
628 1693 661 1761 ἠ
696 1690 1009 1759 καθαίρεσις
1047 1691 1153 1743 τῶν
1186 1690 1508 1760 εἰρημένων,
1547 1690 1621 1752 ὡς
1651 1690 1784 1760 μήτε
1811 1690 1869 1742 ὲν

1971 507 2084 552 tum
2115 507 2266 569 patre
2291 499 2471 552 Achaz
2500 506 2760 566 regnante
2790 496 2970 551 futura
3002 481 3356 551 canebantur.
3393 495 3525 552 Eze-

1970 590 2146 643 chiam
2186 605 2313 644 vero
2340 596 2624 657 antequam
2656 603 2878 656 regnum
2905 587 3172 656 acceperit
3202 587 3402 650 Achaz,
3433 604 3525 657 ge-

1970 683 2141 734 nitum
2177 696 2298 736 esse
2337 688 2574 735 constat.
2611 678 2764 745 Quod
2801 679 2845 734 si
2902 684 2968 732 ad
3013 679 3156 732 hunc
3198 693 3260 732 ea
3297 694 3416 748 quae
3457 680 3521 732 ad

1972 775 2311 843 propositum
2363 773 2647 826 oraculum
2706 773 2997 841 pertinent,
3058 772 3280 825 minime
3334 771 3522 825 referri

1970 876 2221 936 possunt,
2253 865 2424 920 multo
2459 865 2638 918 minus
2681 865 2748 917 ad
2780 864 2942 916 alium
2975 863 3281 934 quempiam
3310 879 3520 927 eorum.

1969 959 2059 1027 qui
2084 957 2223 1026 apud
2249 956 2463 1011 Iudaeos
2487 963 2604 1024 post
2625 955 2917 1026 prophetia:
2935 963 3176 1026 tempora
3194 956 3520 1020 exstiterint,

1971 1057 2328 1119 prazterquam
2364 1049 2430 1102 ad
2470 1055 2646 1102 ortum
2680 1048 2819 1117 ejus,
2853 1049 2941 1116 qui
2978 1063 3136 1101 verus
3185 1055 3270 1103 est
3312 1047 3523 1101 Emma-

1976 1140 2125 1202 nuel,
2175 1140 2338 1210 318
2371 1139 2473 1193 hoc
2503 1148 2586 1192 est
2618 1139 2736 1207 ejus
2753 1139 2844 1208 qui
2888 1138 3152 1192 exstiterit
3187 1153 3308 1192 vere
3340 1139 3523 1192 nobis-

1971 1248 2094 1286 cum
2125 1230 2289 1294 Deus,
2324 1239 2375 1285 et
2405 1231 2471 1284 ad
2500 1246 2667 1284 unum
2704 1229 3002 1285 Salvatoris
3034 1231 3206 1284 nostri
3237 1229 3326 1284 Dei
3360 1229 3522 1284 Verbi

1971 1323 2037 1378 ad
2064 1323 2312 1377 homines
2339 1338 2653 1376 accessum:
2696 1321 2910 1376 duobus
2938 1321 3078 1376 enim
3120 1321 3348 1376 sublatis
3377 1321 3518 1390 regi-

1971 1415 2093 1477 bus,
2135 1415 2348 1469 deserta
2397 1424 2449 1467 et
2493 1414 2605 1468 sola
2657 1413 2842 1467 relicta
2891 1422 2974 1468 est
3012 1411 3322 1467 Iudaeorum
3355 1423 3520 1472 terra,

1971 1508 2111 1562 sicut
2136 1506 2415 1562 oraculum
2439 1506 2514 1558 ait
2539 1505 2800 1569 futurum,
2835 1505 3022 1560 dicens
3049 1525 3061 1559 :
3093 1523 3112 1555 ι
3171 1502 3523 1572 Relinquetur

1971 1604 2114 1650 terra
2145 1610 2176 1648 a
2207 1593 2340 1648 facie
2368 1594 2597 1648 duorum
2630 1609 2851 1662 regum;
2895 1611 2912 1642 ι
2938 1590 3081 1662 quod
3105 1590 3320 1660 quidem
3345 1588 3522 1657 ipsum

1970 1687 2128 1739 etiam
2161 1684 2314 1752 plane
2347 1683 2412 1736 ad
2446 1683 2666 1737 verbum
2713 1681 2793 1736 sic
2835 1681 3310 1735 dt‘ﬂlOllSll'abillll'.
3361 1679 3524 1734 Tem-

279 1783 595 1854 Δαμασκῷ,
652 1786 791 1853 μήτε
834 1786 891 1836 ὲν
930 1787 993 1853 τῇ
1032 1783 1276 1854 Ἰουδαία,
1327 1783 1445 1837 καθ’
1475 1785 1619 1854 ἡμᾶς
1669 1784 1859 1847 αὐτοὺς

1963 1779 2185 1850 poribus
2213 1777 2354 1831 enim
2406 1775 2550 1845 regis
2585 1776 2784 1838 Achaz,
2815 1780 2868 1826 et
2905 1770 3054 1826 Isaia:
3079 1772 3169 1826 lilii
3201 1771 3385 1832 Amos.
3409 1771 3524 1842 qui—

285 1875 578 1943 φαίνεσθαι
639 1874 899 1944 βασιλέα,
964 1875 1221 1946 πρόδηλον
1263 1877 1338 1939 ώς
1371 1877 1556 1940 τέλους
1601 1877 1756 1947 ἔτυχε
1807 1877 1865 1929 τὸ

282 1965 460 2033 λόγιον
517 1965 745 2034 φῆσαν·
809 1983 826 2013 ι
860 1965 966 2016 Καὶ
1022 1963 1504 2035 καταλειφθήσεται
1561 1965 1594 2034 ἠ
1638 1964 1709 2034 γῆ
1759 1963 1866 2016 ἀπὺ

278 2052 586 2125 προσώπου
643 2055 752 2107 τῶν
791 2053 885 2107 δύο
946 2054 1240 2124 βασιλέων,
1288 2049 1363 2108 ὧν
1408 2055 1470 2107 σὺ
1528 2054 1662 2124 φοϐῇ
1687 2095 1701 2118 ,
1758 2053 1866 2106 ἀπὸ

271 2147 587 2219 προσώπου
637 2147 815 2200 αὐτῶν
843 2165 854 2177 ’
890 2168 908 2198 ›
964 2148 1068 2200 τῶν
1117 2147 1407 2218 βασιλέων,
1455 2148 1575 2201 ἀντὶ
1617 2147 1722 2200 τῶν
1774 2147 1867 2216 βα-

273 2240 502 2294 σιλειῶν
549 2241 978 2312 ὠνομασμένων.
1049 2241 1104 2293 '0
1132 2239 1262 2308 γοῦν
1319 2240 1609 2311 Σύμμαχος
1663 2256 1860 2310 φησιν·

283 2355 302 2384 ι
354 2332 963 2404 Ἐγκαταλειφθήσεται
1011 2333 1042 2402 ἡ
1091 2333 1192 2402 γῆ,
1233 2332 1323 2400 ἀφ’
1364 2328 1430 2403 ἧς
1481 2333 1544 2385 σὺ
1593 2334 1862 2400 ὲγκακεῖς,

273 2425 390 2477 ἀπὸ
441 2423 748 2492 προσώπου
795 2423 901 2475 τῶν
947 2423 1038 2476 δύο
1084 2422 1345 2492 βασιλέων
1394 2424 1590 2494 αὐτῆς·
1625 2443 1641 2474 ι
1700 2425 1792 2476 καὶ
1837 2426 1864 2476 ὁ

289 2515 527 2578 Ἀκύλας
550 2533 564 2545 ·
592 2533 609 2564 ι
645 2513 1223 2585 Ἐγκαταλειφθήσεται
1268 2515 1301 2586 ἡ
1339 2514 1502 2585 χθὼν,
1548 2515 1614 2586 ἣν
1647 2517 1710 2568 σὺ
1746 2532 1864 2570 σικ-

277 2609 531 2678 χαίνεις,
568 2606 679 2659 ἀπὸ
726 2603 1014 2676 προσώπου
1055 2604 1161 2659 τῶν
1198 2606 1290 2660 δύο
1331 2606 1590 2676 βασιλέων
1637 2607 1860 2676 αὐτῆς.)

277 2699 392 2752 Καὶ
446 2700 477 2751 ὁ
502 2697 800 2750 Θεοδοτίων
849 2698 905 2751 δὲ
945 2697 1128 2751 τοῦτον
1160 2699 1468 2770 ἡρμήνευσε
1513 2700 1602 2752 τὸν
1631 2699 1860 2771 τρόπον.⁶

279 2807 300 2839 σ
353 2788 951 2859 Ἐγκαταλειφθήσεται
988 2790 1022 2858 ἡ
1059 2790 1166 2860 γῆ,
1213 2789 1280 2860 ἣν
1316 2790 1380 2842 σὺ
1425 2788 1720 2861 βδελύσση,
1754 2791 1864 2844 ἀπὸ

274 2881 584 2950 προσώπου
639 2880 748 2933 τῶν
793 2879 886 2934 δύο
925 2878 1184 2950 βασιλέων
1216 2881 1404 2950 αὐτῆς.
1445 2900 1463 2931 ι
1527 2882 1686 2952 Ὁρᾷς
1717 2883 1863 2945 ὅπως

271 2972 380 3040 τὴν
433 2972 543 3040 γῆν
603 2970 1125 3042 καταλειφθήσεσθαι
1181 2971 1530 3024 ἀϐασίλευτον
1582 2971 1860 3037 θεσπίζει;

273 3060 450 3114 Ποίαν
483 3061 542 3114 δὲ
581 3061 706 3130 γῆν,
735 3061 767 3132 ἢ
804 3061 899 3132 τὴν
933 3061 1039 3114 τῶν
1075 3061 1466 3132 Δαμασκηνῶν,
1502 3061 1598 3114 καλ⁸
1630 3063 1727 3133 τὴν
1769 3059 1862 3116 τοῦ

287 3154 550 3225 Ἰσραήλς
588 3152 788 3206 τούτων
826 3154 933 3225 γὰρ
959 3149 1094 3225 ἦσαν
1127 3155 1176 3207 οἱ
1213 3152 1303 3205 δύο
1337 3152 1572 3222 βασιλεῖς
1599 3195 1615 3220 ,
1649 3157 1698 3209 oi
1736 3155 1861 3228 περὶ

272 3237 355 3296 ὧν
379 3247 410 3297 δ
442 3246 624 3313 λόγος·
655 3239 728 3298 ὧν
755 3249 784 3299 ὁ
811 3246 983 3315 Ἀχαζ
1012 3246 1108 3317 τὴν
1145 3245 1254 3314 γῆν,
1279 3246 1580 3316 ὲσίκχαινεν
1599 3287 1613 3310 ,
1653 3249 1685 3317 ἢ
1719 3248 1864 3300 ἐϐδε-

274 3335 534 3398 λυσσετο,
559 3337 891 3407 ἀποκάμνων
921 3339 954 3408 ἢ
981 3337 1230 3406 έγκακῶν
1262 3338 1354 3391 ἀπ’
1395 3339 1583 3409 αὐτῆς.
1619 3340 1741 3392 Πότ’
1771 3338 1862 3393 οὖν

273 3425 446 3479 τοῦτο
490 3427 724 3494 γέγονε;
759 3427 961 3480 τούτων
994 3427 1101 3500 γὰρ
1143 3428 1666 3499 συμπερασθέντων,
1713 3432 1861 3483 πᾶσα

283 3517 503 3589 ἀνάγκη
546 3519 640 3572 καί
680 3519 740 3572 τὸ
775 3519 1169 3590 προλεγιὴιενον
1205 3521 1366 3592 μέρος
1402 3522 1498 3593 τῆς
1532 3523 1860 3593 προφητείας

285 3611 366 3673 εις
391 3611 554 3682 ἔργον
585 3612 960 3683 κεχωρηκέναι
987 3629 1001 3642 ·
1030 3611 1186 3665 τοῦτο
1208 3612 1263 3666 δὲ
1291 3609 1358 3684 ἦν
1387 3613 1446 3666 τὸ
1468 3613 1563 3684 τὴν
1591 3614 1860 3684 Παρθένον

283 3703 466 3755 τεκεῖν
507 3703 601 3755 τὸν
652 3701 771 3773 μεθ’
805 3703 957 3773 ἡμῶν
995 3703 1145 3756 Θεόν.
1191 3705 1299 3758 Καὶ
1331 3705 1394 3775 δὴ
1447 3705 1708 3776 πρόδηλον
1749 3709 1859 3769 τοῖς

289 3794 387 3857 τὰς
414 3796 659 3866 ἱστορίας
689 3795 1030 3861 ἐξετάζουσιν
1051 3837 1064 3860 ,
1092 3797 1166 3859 ὡς
1201 3796 1361 3867 μέχρι
1404 3797 1501 3866 μὲν
1524 3797 1629 3850 τῶν
1657 3798 1860 3868 χρόνων

294 3882 390 3952 τῆς
413 3886 738 3953 ἐπιφανείας
760 3885 854 3939 τοῦ
891 3887 1139 3958 Σωτῆρος
1169 3890 1200 3957 ἡ
1212 3887 1325 3958 μῶν
1371 3888 1541 3959 Ἰησοῦ
1572 3888 1662 3941 τοῦ
1725 3889 1856 3960 Χρι-

297 3973 414 4028 στοῦ
437 3977 531 4029 καὶ
545 3977 637 4028 ἐπὶ
649 3977 744 4048 τῆς
756 3977 1044 4048 Δαμασκοῦ
1067 3979 1403 4048 συνειστήκει
1424 3978 1484 4030 τὸ
1506 3980 1569 4032 ἐκ
1586 3979 1858 4049 προγόνων

293 4063 537 4135 διαδοχῆς
568 4067 854 4136 βασίλειον.
883 4068 1165 4138 Μέμνηται
1189 4068 1316 4136 γοῦν
1341 4071 1370 4122 ὁ
1401 4069 1541 4140 ἱερὸς
1569 4070 1858 4133 ἀπόστολος

309 4154 498 4226 Ἁρέτα
539 4157 633 4210 τοῦ
683 4157 942 4228 βασιλέως
989 4159 1359 4231 Δαμασκηνῶν
1385 4177 1396 4189 ·
1441 4161 1534 4214 καὶ
1577 4161 1669 4214 τοῦ
1729 4162 1857 4214 Ἰου-

293 4246 455 4300 δαίων
477 4249 534 4302 δὲ
564 4249 799 4321 ἑθνουςή
839 4251 1086 4317 ἄτακτος,
1111 4251 1204 4304 καὶ¹
1231 4252 1290 4304 οὐ
1320 4252 1460 4306 κατὰ
1489 4253 1650 4324 νόμον
1691 4255 1856 4307 είσέτι

293 4342 410 4394 τότε
458 4342 667 4412 διέμενε
718 4341 979 4411 βασιλεία.
1025 4343 1098 4396 Οὐ
1155 4345 1263 4416 γὰρ
1313 4345 1419 4399 ἀπὸ
1463 4345 1649 4413 γένους
1696 4343 1857 4398 Δαυῖδ

1966 1871 2068 1924 bus
2094 1868 2375 1939 prophetia
2411 1867 2498 1919 illa
2531 1865 2673 1920 edita
2706 1873 2810 1927 est,
2869 1879 2960 1917 rex
2995 1862 3166 1933 Syriae
3196 1862 3289 1936 qui
3319 1861 3520 1914 Dama-

1969 1964 2068 2026 sci,
2098 1970 2151 2016 ct
2181 1979 2271 2016 rex
2316 1959 2482 2015 lsrael
2534 1974 2642 2014 non
2690 1960 2735 2013 is
2771 1958 2861 2028 qui
2895 1959 2947 2011 in
2977 1956 3301 2021 Jerusalem,
3339 1955 3430 2009 sed
3474 1957 3520 2010 is

1965 2055 2056 2125 qui
2109 2051 2368 2107 Samaria),
2394 2051 2674 2120 regnabat,
2735 2060 2787 2105 et
2813 2049 3147 2103 multitudini
3185 2045 3516 2106 Iudaeorum.

1970 2145 2062 2216 qui
2088 2158 2118 2196 a
2145 2142 2327 2197 divina
2357 2143 2472 2212 lege
2496 2139 2828 2198 defecerant,
2856 2139 3173 2208 imperabat,
3211 2137 3415 2192 foedere
3437 2135 3521 2188 in-

1966 2247 2044 2290 ter
2076 2249 2134 2288 se
2179 2238 2307 2298 icto,
2339 2247 2432 2286 eos
2481 2231 2678 2300 quibus
2726 2229 2941 2284 Davidis
2970 2243 3316 2284 successores
3350 2227 3520 2297 impe-

1967 2325 2179 2386 rabant,
2235 2323 2486 2377 obsidere
2535 2328 2837 2390 cmperunt.
2893 2319 3068 2375 llosce
3114 2320 3281 2390 igitur
3329 2318 3518 2372 ambos

1965 2430 2088 2468 cum
2125 2412 2408 2483 prophetia
2459 2409 2728 2466 tollendos
2765 2419 2925 2479 atque
2969 2407 3289 2463 evertendos
3331 2415 3512 2468 canat.

1964 2507 2112 2577 ipsos
2143 2504 2372 2578 quideml
2409 2504 2554 2558 illius
2583 2502 2841 2572 temporis
2884 2499 3100 2556 Judzeos
3139 2508 3191 2554 et
3241 2508 3516 2567 externos,

1963 2599 2054 2668 qui
2091 2598 2350 2652 adversus
2385 2596 2640 2666 populum
2681 2593 2772 2649 Dei
2803 2595 2903 2649 sibi
2933 2593 3150 2648 dextras
3173 2592 3312 2645 inter
3335 2607 3392 2645 se
3422 2591 3516 2644 de-

1963 2689 2176 2753 derant,
2222 2703 2253 2743 e
2297 2686 2527 2758 vestigio
2576 2684 2972 2747 dissolvendos,
3025 2692 3078 2738 et
3118 2682 3458 2737 discessurus
3487 2695 3516 2733 a

1965 2781 2106 2836 bello
2138 2780 2419 2852 praedicit;
2452 2796 2672 2852 regnum
2710 2790 2890 2833 tamen
2933 2776 3062 2830 illud
3104 2791 3167 2830 ac
3214 2777 3519 2830 successio-

1959 2887 2080 2925 nem
2105 2887 2290 2926 eorum
2321 2887 2544 2941 prorsus
2579 2871 2906 2925 dissolutum
2936 2870 3380 2937 exstinctumque
3423 2867 3512 2932 iri,

1963 2963 2064 3016 sub
2113 2963 2282 3026 illius,
2338 2963 2404 3018 de
2447 2978 2558 3033 quo
2606 2961 2885 3033 pr0phetia
2941 2961 3198 3032 loquitur,
3232 2959 3516 3014 nobiseum

1969 3053 2081 3117 Dei,
2113 3063 2314 3111 ortum.
2351 3055 2580 3110 Attende
2625 3056 2790 3126 igitur
2819 3054 3105 3124 diligenter
3131 3067 3239 3124 quo
3271 3062 3513 3120 tempore

1966 3145 2420 3201 Damascenorum
2448 3146 2608 3200 simul
2639 3162 2699 3201 ac
2729 3145 3036 3199 Judmorum
3085 3144 3409 3200 dissolutum
3433 3151 3516 3199 est

1962 3253 2209 3308 regnum,
2247 3245 2301 3294 et
2331 3239 2550 3308 quando
2573 3237 2786 3292 tandem
2822 3238 3009 3291 relicta
3037 3245 3119 3292 est
3140 3245 3282 3292 terra
3304 3235 3518 3291 Iudaeo-

1963 3345 2080 3382 rum
2135 3331 2252 3385 sine
2303 3347 2452 3402 rege,
2505 3343 2715 3385 necnon
2767 3331 2881 3398 ipsa
2935 3345 3052 3398 quae
3084 3330 3234 3398 prius
3283 3331 3512 3384 multum

1961 3436 2190 3496 poterat,
2239 3441 2432 3498 magna
2483 3440 2647 3478 manu
2703 3421 2975 3494 quondam
3018 3422 3189 3494 Syriae
3243 3425 3510 3479 universe

1959 3522 2304 3592 imperitans,
2359 3520 2814 3575 Damascenorum
2871 3519 3038 3588 regio.
3109 3517 3348 3587 Namque
3413 3519 3516 3571 sub

1961 3613 2151 3666 horum
2180 3615 2512 3666 eversionem
2544 3619 2705 3682 atque
2749 3613 3046 3678 interitum,
3091 3611 3265 3679 ipsum
3299 3609 3515 3662 Emma-

1961 3704 2086 3758 nuel
2134 3719 2358 3772 prorsus
2392 3704 2659 3756 oriturum
2695 3701 2861 3756 fuisse
2895 3717 2990 3771 par
3018 3711 3121 3764 est,
3167 3709 3221 3754 et
3263 3715 3386 3754 eum
3435 3700 3501 3753 de

1961 3809 2067 3863 quo
2092 3794 2374 3864 prophetia
2404 3793 2644 3862 loquitur
2673 3801 2984 3846 venturum.
3033 3789 3086 3842 Si
3119 3790 3287 3859 igitur
3319 3790 3508 3843 horum

1959 3885 2222 3956 ipsorum,
2247 3885 2314 3939 de
2343 3886 2541 3956 quibus
2563 3884 2766 3938 dictum
2798 3891 2901 3942 est,
2936 3897 3122 3951 regna,
3151 3882 3328 3934 adhuc
3365 3893 3508 3935 stare

1958 3978 2157 4033 intueri
2191 3977 2398 4041 liceret,
2437 3975 2570 4030 nihil
2601 3975 2834 4044 amplius
2873 3987 3113 4042 quarere
3158 3987 3294 4042 opus
3342 3981 3508 4036 esset,

1959 4073 2052 4128 sed
2083 4073 2242 4126 etiam
2277 4085 2422 4123 nunc
2469 4069 2520 4122 in
2570 4067 2810 4122 futurum
2857 4078 3069 4136 tempus
3095 4081 3244 4134 spem
3287 4079 3503 4118 omnem

1959 4164 2257 4218 intendere.
2305 4162 2401 4215 Sin
2443 4167 2622 4214 autem
2666 4161 2848 4230 reipsa
2885 4167 3096 4214 constat
3123 4175 3183 4212 ea
3211 4157 3277 4212 de
3303 4157 3503 4227 quibus

1957 4257 2160 4312 dictum
2189 4264 2293 4319 est,
2330 4271 2517 4311 eversa
2549 4254 2867 4324 sublataque
2905 4270 3045 4318 esse,
3079 4269 3251 4322 usque
3281 4251 3413 4305 adeo
3451 4258 3509 4304 ut

1955 4365 2130 4420 neque
2161 4349 2214 4402 in
2245 4348 2524 4411 Damasco,
2562 4363 2734 4417 neque
2763 4347 2814 4400 in
2838 4343 3043 4409 Judzea,
3072 4345 3276 4399 nostris
3301 4352 3509 4412 tempo-

290 4432 480 4505 ἔφερον
503 4435 600 4506 τὴν
629 4434 725 4504 τῆς
753 4435 921 4506 ἀρχῆς
944 4435 1186 4508 διαδοχὴν
1236 4435 1477 4508 Ἡρώδης
1519 4438 1611 4489 καὶ
1647 4439 1692 4489 oi
1737 4436 1852 4506 μετ’

1961 4442 2110 4495 ribus
2143 4455 2321 4510 regem
2371 4440 2571 4493 intueri
2617 4439 2796 4501 liceal,
2837 4438 2966 4508 quid
3001 4439 3233 4506 amplius
3256 4436 3511 4491 dubitari-

287 4527 452 4578 αὐτὸν
480 4527 571 4579 ἐπὶ
593 4526 687 4580 τοῦ
720 4527 968 4598 Σωτῆρος
989 4527 1142 4598 ἡμῶν
1169 4529 1466 4599 γενόμενοι.
1501 4529 1650 4582 Μετὰ
1676 4528 1731 4580 δὲ
1754 4528 1851 4598 τὴν

284 4620 610 4688 ἐπιφάνειαν
655 4619 852 4684 αὐτοῦ,
907 4621 1000 4672 καὶ
1049 4621 1110 4673 τὸ
1155 4620 1504 4689 εὐαγγελικὸν
1541 4621 1618 4684 εἰς
1649 4619 1852 4682 πάντας

283 4709 605 4780 ἀνθρώπους
645 4709 738 4763 τοῦ
784 4712 848 4762 ἐκ
896 4712 992 4780 τῆς
1032 4711 1304 4782 Παρθένου
1338 4711 1524 4775 παιδὸς
1569 4712 1850 4782 κήρυγμα,

281 4802 703 4857 καταλέλειπται
765 4802 962 4856 αὐτίκα
1027 4804 1059 4872 ἡ
1109 4802 1178 4872 γῆ
1232 4802 1337 4856 ἀπὸ
1403 4801 1690 4873 προσώπου
1741 4807 1851 4856 τοῖν

313 4897 431 4946 νεῖν
457 4893 736 4963 βασιλέων.
795 4893 884 4958 Ἐξ
915 4894 1119 4947 ἐκείνου
1151 4892 1258 4964 γὰρ
1281 4894 1377 4964 τῆς
1433 4895 1716 4964 Ῥωμαίων
1753 4913 1851 4966 μο-

275 4986 510 5056 ναρχίας
535 4985 641 5038 τῶν
676 4984 843 5038 ἐθνῶν
883 4985 1346 5057 ὲπικρατησάσης,
1386 4985 1602 5039 ἐλέλυτο
1631 4987 1728 5057 μὲν
1757 4987 1851 5041 καὶ

276 5076 436 5126 πᾶσα
464 5077 496 5145 ἡ
527 5075 666 5127 κατὰ
697 5075 822 5137 τοὺς
838 5074 1030 5138 τόπους
1055 5075 1311 5147 ἐθναρχία
1337 5093 1394 5130 τε
1416 5077 1508 5146 καὶ
1528 5077 1814 5148 πολιαρχία
1831 5095 1845 5108 ο

274 5164 434 5225 τέλος
474 5164 528 5216 δὲ
586 5163 726 5234 μετὰ
779 5163 885 5215 τῶν
941 5165 1115 5218 ἄλλων
1172 5167 1265 5219 καὶ
1317 5166 1384 5219 τὰ
1427 5167 1525 5236 τῆς
1561 5169 1618 5220 ὲν
1666 5171 1848 5239 χερσὶν

273 5256 551 5323 ἐλάμϐανε
603 5258 956 5328 προφητείας.
1022 5260 1186 5330 Ῥητὰ
1243 5260 1339 5330 μὲν
1384 5257 1476 5314 οῦν
1507 5262 1627 5315 τάδε
1657 5281 1669 5292 θ
1715 5265 1848 5336 πρὸς

269 5348 332 5401 δὲ
384 5347 617 5402 διάνοιαν
661 5351 690 5402 ὁ
759 5349 856 5420 τῆς
915 5352 1248 5422 προφητείας
1302 5353 1454 5422 λόγος
1495 5355 1707 5425 ἀπάσης
1747 5357 1847 5425 ψυ-

269 5440 383 5508 χῆς
407 5439 466 5491 τὸ
495 5439 750 5503 εὐσταθὲς
771 5441 863 5493 καὶ
875 5441 1180 5512 γαληναῖον,
1201 5443 1294 5495 καὶ
1314 5444 1580 5514 εἰρηναῖον
1597 5444 1845 5514 σημαίνει

267 5530 381 5599 τῆς
413 5530 507 5582 τὸν
539 5531 864 5600 γεννηθέντα
893 5532 1023 5584 Θεὸν
1058 5532 1220 5585 αὑτὸν
1258 5533 1322 5603 δὴ
1362 5534 1452 5586 τὸν
1505 5534 1843 5605 Ἑμμανουὴλ

271 5627 750 5701 παραδεξαμένης.
800 5629 944 5691 Ἔνος
972 5629 1078 5699 γὰρ
1111 5629 1344 5701 Χριστοῦ
1379 5630 1471 5683 καὶ
1507 5630 1598 5685 τοῦ
1647 5648 1844 5698 καταγ-

267 5715 560 5782 γελθέντος
613 5717 748 5786 πρὸς
807 5719 969 5772 αὑτοῦ
1032 5719 1186 5789 λόγου
1244 5721 1339 5791 τῆς
1390 5721 1494 5774 τῶν
1546 5721 1840 5793 ἀνθρώπων

1954 4535 2079 4587 dum
2130 4541 2238 4598 est,
2297 4533 2576 4586 oraculum
2615 4547 2770 4585 suum
2820 4530 2977 4584 linem
3037 4531 3329 4600 accepisse.
3365 4529 3508 4599 quod

1955 4626 2066 4679 ait?
2110 4643 2127 4674 ι
2154 4624 2218 4676 Et
2258 4625 2590 4693 relinquetur
2622 4630 2766 4676 terra
2807 4636 2836 4674 a
2879 4622 3013 4675 facie
3041 4621 3272 4675 duorum
3299 4635 3504 4689 regum,

1952 4733 2090 4787 quos
2127 4728 2180 4770 tu
2233 4717 2392 4771 times
2415 4731 2444 4768 a
2475 4715 2610 4769 facie
2640 4716 2881 4782 ipsorum
2907 4731 2920 4778 ;
2947 4731 2964 4763 ›
3004 4714 3203 4783 quibus
3245 4713 3297 4765 in
3327 4711 3505 4764 verbis

1952 4821 2105 4875 reges
2132 4819 2230 4874 pro
2283 4805 2464 4878 regnis
2513 4802 2774 4857 nominati
2821 4809 2966 4857 sunt.
3022 4800 3296 4870 Siquidem
3350 4798 3505 4870 Sym-

1952 4899 2174 4952 machus
2223 4897 2294 4949 ita
2356 4897 2469 4949 ait:
2529 4895 2927 4966 (Relinquetur
2988 4901 3154 4955 terra,
3208 4907 3237 4944 a
3289 4906 3392 4960 qua
3446 4906 3500 4942 ιιι

1949 4991 2091 5044 mala
2155 4988 2386 5059 pateris,
2431 5003 2461 5040 a
2520 4986 2656 5043 facie
2725 4987 2959 5043 duorum
3021 5001 3208 5056 regum
3269 4985 3497 5053 ipsius.»

1948 5079 2142 5150 Aquila
2231 5095 2388 5133 vero:
2502 5078 2895 5148 «Relinquetur
2957 5087 3136 5140 terra,
3203 5090 3364 5146 quam
3443 5085 3498 5127 tu

1949 5171 2164 5227 fastidis
2190 5209 2207 5236 ,
2271 5185 2301 5224 a
2343 5169 2482 5225 facie
2533 5171 2763 5224 duorum
2803 5183 2988 5238 regum
3033 5167 3219 5237 ipsius.
3253 5186 3271 5220 ι
3316 5164 3496 5219 Theo-

1947 5263 2134 5317 dotion
2186 5277 2402 5333 quoque
2461 5262 2650 5318 eodem
2715 5263 3104 5330 interpretatus
3161 5268 3244 5314 est
3300 5259 3489 5311 modo-

1945 5355 2109 5426 319
2136 5375 2154 5406 ι
2183 5354 2560 5428 Relinquetur,
2600 5355 2794 5425 inquit,
2829 5362 2971 5408 terra
3007 5369 3166 5423 quam
3211 5361 3266 5406 tu
3291 5352 3466 5405 abomi

1944 5448 2094 5501 naris
2129 5462 2158 5500 a
2190 5447 2326 5502 facie
2373 5447 2603 5502 duorum
2652 5461 2836 5517 regum
2883 5445 3075 5516 ipsius.
3120 5462 3138 5496 ι
3181 5444 3374 5498 Cernis

1942 5537 2264 5592 vaticinetur
2296 5546 2494 5594 terram
2541 5537 2948 5608 relinquendam
3001 5553 3123 5593 esse
3156 5537 3272 5592 sine
3323 5552 3447 5605 rege

1945 5627 2048 5682 Sed
2076 5643 2236 5697 quam
2271 5631 2485 5683 tandem
2521 5638 2716 5684 terram
2737 5670 2752 5695 ,
2787 5629 2890 5686 nisi
2920 5628 3375 5685 Damascenorum
3413 5637 3496 5680 at-

1942 5735 2046 5790 que
2075 5719 2236 5775 lsrael
2260 5719 2514 5775 “lorum
2559 5721 2703 5776 enim
2755 5722 2866 5777 duo
2895 5737 3046 5792 reges
3074 5726 3250 5785 erant,
3283 5717 3349 5774 de
3373 5717 3498 5787 qui-
