3916 6200
440 271 547 329 503

1085 271 1360 344 EUSEB"
1400 270 1882 331 CIESARIENSIS
1913 272 1985 333 Οῐ

2090 273 2277 333 PARS
2314 275 2382 331 11.
2420 306 2491 318 -
2528 274 3028 334 ΑροιοῦετιεΑ.

3564 275 3673 334 50D}

439 396 542 445 bus
600 387 691 443 hic
744 401 924 443 sermo
965 392 1071 467 est.
1124 388 1368 455 Quorum
1430 399 1632 446 terram
1666 389 1845 445 Acha:
1904 391 1985 446 fa-

2095 393 2273 464 ψυχῆς
2299 392 2672 463 βασιλεύοντος
2689 433 2703 453 ,
2724 395 2774 447 οί
2804 396 2930 465 πρὶν
2964 393 3379 463 ἀποπεφεύγασι
3399 395 3670 467 πολέμιοι.

440 482 693 538 sti‘diebat
752 478 867 533 sive
920 462 1340 535 ahoimlnabatur
1380 481 1667 547 laborans,
1700 481 1815 537 sive
1864 482 2003 536 mala

439 573 652 645 patiens
680 569 751 625 ab
801 583 886 624 ea.
917 568 1151 635 Quando
1180 571 1365 643 igitur,
1394 587 1610 643 quaeso,
1655 572 1760 628 hoc
1800 573 2001 627 factum

435 666 556 724 est?
584 663 678 719 His
706 664 849 719 enim
877 664 1144 721 confectis
1171 706 1188 725 .
1224 681 1450 722 necesse
1469 672 1553 721 est
1607 680 1835 736 prorsus
1878 680 1999 719 eam

435 757 730 829 prophetia:
784 762 1018 827 partem,
1048 757 1116 814 de
1145 772 1252 827 qua
1282 757 1371 813 hic
1408 758 1613 813 dictum
1642 765 1755 820 est,
1792 756 1858 810 ad
1886 760 2002 812 exi.

434 859 546 905 tum
582 848 917 919 pervenisse,
932 850 1038 905 hoc
1053 856 1138 906 est
1166 848 1465 922 Virginem,
1490 850 1774 905 nobiscum
1809 848 1997 913 Deum,

432 941 730 1011 peperisse.
760 938 827 994 Et
848 955 984 997 sane
1011 947 1229 997 constat
1266 940 1408 1011 apud
1435 955 1532 996 eos
1559 941 1654 1011 qui
1678 955 1787 995 non
1816 937 2001 995 indili-

434 1041 621 1101 genter
646 1032 912 1088 historias
958 1032 1385 1103 exploraverim,
1415 1032 1868 1103 quemadmodum
1905 1049 1999 1090 us-

432 1139 538 1194 que
576 1123 642 1178 ad
665 1131 913 1194 tempora
944 1123 1241 1180 Salvatoris
1273 1125 1447 1180 nostri
1478 1123 1608 1179 Jesu
1646 1123 1873 1188 Christi,
1907 1141 1997 1181 re-

429 1220 524 1289 gcs
572 1217 824 1271 Damasci
868 1231 897 1270 a
930 1216 1229 1286 majoribus
1254 1217 1369 1274 suis
1401 1226 1678 1288 acceptum
1709 1217 1993 1289 imperiunm

430 1308 728 1366 tenuerint.
776 1307 910 1363 Nam
967 1317 1191 1366 sanctus
1237 1325 1455 1382 quoque
1501 1308 1795 1379 Apostolus
1820 1310 1995 1368 Aretes

430 1401 890 1456 Damascenorum
914 1402 1056 1472 regis
1078 1401 1344 1465 meminit,
1375 1412 1429 1458 et
1458 1399 1700 1458 Judaicaa
1731 1403 1906 1472 gentis
1926 1404 1993 1459 ad

430 1493 563 1550 illud
590 1506 763 1563 usque
786 1501 1018 1564 tempus,
1051 1494 1302 1564 quamvis
1327 1494 1696 1549 inordinatum
1717 1503 1773 1551 et
1798 1504 1994 1567 praeter

427 1577 598 1659 leges,
632 1598 860 1656 regnum
891 1587 1164 1642 manebat.
1196 1584 1314 1641 Non
1354 1589 1502 1643 enim
1537 1604 1567 1642 a
1598 1604 1797 1659 genere
1822 1588 1991 1643 David

429 1690 524 1734 aut
552 1680 815 1745 Herodes,
844 1688 939 1734 aut
967 1680 1059 1749 qui
1094 1686 1219 1751 post
1248 1678 1538 1744 Herodem,
1568 1680 1870 1737 Salvatoris
1891 1698 1992 1738 no-

427 1771 529 1827 stri
560 1770 895 1843 temporibus
920 1770 1268 1834 exstiterunt,
1296 1771 1449 1841 regni
1500 1785 1877 1828 successorem
1909 1771 1990 1829 fe-

426 1862 640 1918 rebant.
671 1861 743 1916 At
789 1876 920 1918 vero
948 1868 1072 1932 post
1117 1859 1238 1930 ejus
1287 1862 1587 1928 advintum,
1639 1873 1867 1936 postque
1920 1864 1988 1922 de

428 1953 650 2027 Virgine
692 1955 800 2009 nati
836 1950 1203 2024 evangelicam
1247 1952 1302 2008 in
1333 1968 1524 2011 omnes
1569 1954 1820 2012 homines
1848 1971 1984 2027 prte-

425 2047 773 2108 dicationem,
800 2057 944 2103 terra
964 2046 1227 2101 continuo
1273 2060 1304 2100 a
1338 2044 1478 2102 facie
1532 2047 1767 2103 duorum
1796 2065 1984 2121 regum

422 2140 617 2197 relicta
638 2148 741 2195 est.
767 2136 901 2194 Nam
944 2153 1009 2194 ex
1030 2137 1134 2193 ‘illo
1178 2154 1301 2194 cum
1333 2137 1563 2195 Romani
1583 2142 1825 2197 omnium
1855 2159 1986 2214 gen-

420 2232 557 2287 tium
610 2230 896 2301 imperium
925 2229 1331 2293 obtinuissent,
1383 2230 1597 2287 solutus
1628 2231 1846 2303 quidem
1898 2240 1985 2289 est

420 2324 600 2380 omnis
625 2338 720 2395 per
753 2322 965 2394 singula
995 2322 1151 2389 loca,
1177 2331 1289 2376 tam
1319 2323 1560 2394 gentium
1591 2338 1752 2394 quam
1789 2323 1985 2378 civita-

420 2426 534 2472 tum
585 2416 945 2487 principatus,
996 2414 1265 2485 ﬁnemque
1302 2430 1410 2469 una
1441 2429 1567 2471 cum
1595 2412 1784 2471 multis
1835 2416 1980 2482 aliis,

419 2508 584 2563 etiam
612 2523 676 2564 ea
703 2523 825 2577 quae
852 2505 918 2562 ad
952 2514 1271 2578 praesentem
1298 2505 1641 2577 prophetiam
1684 2507 1978 2577 pertinent,

421 2600 615 2657 sortita
658 2607 807 2655 sunt.
838 2599 904 2654 Et
931 2599 1048 2654 haec
1076 2599 1295 2668 quidem
1328 2598 1394 2653 ad
1445 2598 1673 2654 verbum
1707 2599 1981 2671 interpreo

420 2692 662 2746 tantibus
680 2690 826 2746 dicta
847 2691 976 2746 sint.
998 2689 1079 2744 Ad
1110 2705 1329 2746 sensum
1358 2704 1486 2746 vero
1513 2690 1568 2745 in
1589 2690 1735 2746 hunc
1756 2690 1988 2746 modum

421 2784 635 2838 dicatur
660 2796 675 2835 :
696 2781 860 2851 hujus
892 2780 1191 2852 prophetia:
1221 2780 1383 2837 verba
1416 2781 1598 2837 omnis
1623 2783 1821 2837 anima:
1859 2798 1981 2853 quae

417 2875 587 2931 Deum
603 2876 748 2931 hunc
763 2887 971 2940 natum,
994 2871 1762 2944 ipsum,inquam,Emmanuel
1792 2889 1980 2931 susce-

417 2963 1446 3035 perit,stabiles,tranquillos,paciﬁcos
1457 2964 1762 3035 signiﬁcare
1775 2979 1976 3022 mores.

2101 484 2192 541 δύο
2233 486 2425 558 τρόποι
2457 485 2797 549 δυσσεϐείας,
2832 486 2860 539 ὅ
2886 502 2947 538 τε
2980 484 3079 557 τὴν
3110 483 3549 557 εἰδωλολατρεῐαν
3570 505 3667 545 και

2100 578 2197 650 τὴν
2223 579 2280 630 ἐν
2314 577 2670 650 πολυτρόποις
2701 577 2963 649 δόγμασιν
2995 575 3327 649 ἑτεροδοξίαν
3355 577 3669 635 ύποϐἀλλων

2100 668 2425 741 ἀνθρώποις,
2462 670 2557 723 καὶ
2592 671 2622 723 ὁ
2651 669 2748 741 τὴν
2778 672 2836 722 ἐν
2862 668 3019 741 ῆθεσι
3046 667 3378 741 διαστροφὴν
3407 671 3665 741 ἐνεργῶν.

2100 760 2314 814 Τούτων
2338 760 2396 814 δὲ
2423 756 2516 814 οὖν
2539 759 2728 831 ἔφερον
2749 763 2798 814 oi
2828 760 2994 815 παλαι
3020 758 3342 830 δηλούμενοι
3369 763 3671 832 «opu-nasot

2100 849 2337 921 βασιλεῖς
2370 849 2440 904 τὰ
2490 849 2734 921 σύμϐολα
2756 868 2770 882 ’
2817 846 2895 906 ὧν
2940 853 2969 905 ὁ
3017 851 3116 922 μὲν
3158 854 3531 924 Δαμασκηνῶν
3562 853 3673 923 τῆς

2097 944 2204 997 τῶν
2250 943 2421 998 ἐθνῶν
2473 944 2602 1018 περὶ
2641 945 2713 999 τὰ
2754 943 2948 998 εἴδωλα
2987 943 3193 1016 πλάνης
3231 944 3394 999 εἰκὼν
3438 941 3529 1017 ἦν,
3560 948 3591 1001 ό
3618 946 3665 1000 δ’

2096 1036 2281 1107 ἔτερος
2322 1036 2430 1091 τῶν
2471 1037 2820 1091 ἀποστάντων
2868 1036 2968 1106 τῆς
3029 1036 3415 1108 Ἰερουσαλὴμ,
3465 1036 3669 1109 δηλαδὴ

2094 1127 2201 1181 τῶν
2234 1128 2705 1183 ἀποπεπιαοκότων
2741 1127 2841 1198 τῆς
2882 1128 3022 1182 κατὰ
3066 1128 3161 1182 τὸν
3203 1129 3366 1200 νόμον
3396 1128 3491 1183 τοῦ
3530 1128 3669 1182 Θεοῦ

2095 1215 2364 1290 λατρείας.
2418 1221 2539 1273 Ὅτι
2594 1220 2653 1274 δὲ
2697 1218 2870 1273 ταῦτα
2918 1219 3060 1273 κατὰ
3103 1219 3341 1275 διάνοιαν
3388 1219 3669 1292 τροπικῶς

2094 1309 2450 1381 ἀποδέχεσθαι
2491 1312 2791 1384 προσήκει,
2840 1311 2998 1383 μάθοι
3028 1312 3093 1367 ἄν
3138 1329 3222 1376 τις
3260 1313 3354 1366 καὶ
3398 1311 3508 1366 ἀπὸ
3555 1312 3669 1365 τῶν

2093 1401 2220 1474 ἑξῆς
2250 1402 2650 1476 ἐπιλεγομένων
2669 1443 2684 1467 ,
2706 1404 2771 1458 δι’
2801 1397 2879 1458 ὧν
2907 1403 2966 1456 ὲν
2996 1406 3063 1475 τῇ
3096 1403 3283 1476 ἡμέρᾳ
3311 1403 3408 1457 τοῦ
3452 1404 3669 1474 Ἐμμαο

2091 1493 2252 1566 νουὴλ
2303 1494 2462 1568 μυίας
2497 1495 2653 1560 τινας
2698 1495 2794 1550 καὶ
2841 1496 3098 1567 μελίσσας
3140 1493 3533 1549 ἐπελεύσεσθαι
3586 1493 3665 1565 τῷ

2104 1583 2367 1639 Ἰουδαίων
2408 1585 2548 1640 ἔθνει
2588 1588 2684 1641 καὶ
2728 1587 2758 1640 ὁ
2789 1587 2947 1657 λόγος
2985 1586 3256 1651 θεσπίζει,
3291 1586 3393 1650 τὰς
3428 1585 3533 1657 μὲν
3568 1586 3671 1639 ἀπ’

2089 1673 2385 1742 Λίγύπτου,
2418 1674 2518 1739 τὰς
2542 1675 2600 1730 δὲ
2630 1676 2738 1730 ἀπὸ
2764 1675 2872 1730 τῶν
2906 1677 3198 1748 Ἀσσυρίων
3216 1715 3232 1738 ,
3254 1676 3353 1746 τὴν
3395 1673 3666 1747 κεφαλὴν,

2020 1740 2063 1796 Β
2090 1740 2185 1825 καί
2242 1772 2367 1835 τοὺς
2423 1771 2621 1836 πόδας,
2669 1772 2765 1825 καὶ
2815 1770 2908 1825 τὸν
2968 1740 3201 1839 πώγωνα
3248 1740 3617 1841 ἀποξυρησειν
3644 1784 3662 1799 ο

2086 1861 2368 1935 ἄνθρωπον
2395 1862 2451 1917 δὲ
2482 1863 2714 1935 δάμαλιν
2738 1862 2898 1934 βοῶν,
2920 1862 3126 1917 καὶδύο
3160 1861 3400 1935 πρόϐατα
3417 1860 3662 1932 θρέψειν,
3688 1925 3703 1939 .

2086 1954 2177 2007 καὶ
2208 1952 2342 2006 ἄλλα
2368 1952 2489 2007 τινὰ
2516 1952 2635 2007 καθ’
2658 1953 2756 2007 ἕνα
2787 1953 2882 2007 καὶ
2910 1952 3003 2006 τὸν
3030 1952 3192 2006 αὑτὸν
3222 1952 3413 2024 χρόνον
3442 1950 3669 2004 ἔσεσθαι

2084 2043 2329 2115 οὐδαμῶς
2373 2043 2508 2115 πρὸς
2528 2041 2672 2108 λέξιν
2692 2043 2978 2116 νοούμενα,
2995 2041 3140 2097 κατὰ
3161 2042 3327 2113 μόνην
3347 2040 3405 2094 δὲ
3424 2041 3665 2096 διάνοιαν

2083 2135 2447 2208 θεωρούμενα.
2493 2135 2679 2191 Ταῦτα
2736 2136 2836 2208 μὲν
2883 2132 2977 2193 οὖν
3030 2134 3293 2190 τοιαῦταο
3326 2136 3477 2200 ὅπως
3510 2134 3568 2188 δὲ
3624 2134 3663 2205 ἡ

2084 2227 2331 2300 παροῦσα
2392 2228 2577 2300 γραφὴ
2641 2227 2744 2300 τῆς
2800 2227 2896 2282 τοῦ
2962 2216 3209 2300 Σωτῆρος
3258 2226 3421 2298 ἡμῶν
3483 2225 3663 2296 Ἰησοῦ

2080 2320 2316 2391 Χριστοῦ
2348 2321 2614 2390 γενέσεως
2646 2322 3018 2393 προεσήμαινε
3050 2320 3140 2374 τὸν
3177 2318 3377 2389 τρόπον
3397 2359 3414 2383 ,
3444 2335 3658 2391 μαρτυ·

2084 2414 2236 2485 ρήσει
2285 2404 2387 2466 ὧδὲ
2416 2429 2533 2476 πως
2563 2415 2592 2466 ό
2632 2411 3020 2485 εὐαγγελιστης
3062 2411 3331 2483 γράφων⁸
3384 2430 3401 2462 ι
3432 2409 3539 2463 Τοῦ
3586 2409 3658 2463 δὲ

2091 2504 2263 2576 Ἰησοῦ
2295 2503 2529 2575 Χριστοῦ
2562 2506 2597 2575 ἡ
2628 2504 2840 2573 γένεσις
2884 2504 3055 2569 οὕτως
3083 2500 3153 2576 ἦν
3172 2520 3186 2533 ·
3213 2501 3657 2574 Μνηστευθείσης

2078 2596 2186 2667 γὰρ
2230 2596 2330 2667 τῆς
2365 2596 2568 2668 μητρὸς
2609 2596 2771 2651 αὑτοῦ
2811 2596 3029 2669 Μαρίας
3072 2595 3152 2667 τῷ
3195 2596 3424 2667 Ἰωσὴφ,
3446 2595 3580 2666 πρὶν
3618 2592 3659 2665 ἢ

2081 2687 2352 2742 συνελθεῖν
2373 2689 2589 2753 αὐτοὺς,
2614 2688 2811 2762 εὑρέθη
2844 2693 2903 2743 ὲν
2935 2689 3130 2762 γαστρὶ
3157 2687 3355 2761 ἔχουσα
3386 2688 3453 2741 ὲκ
3476 2686 3658 2740 Πνεῦ-

2081 2799 2247 2853 ματος
2278 2782 2452 2852 ἁγίου.
2500 2782 2694 2854 Ἰωσὴφ
2724 2782 2782 2836 δὲ
2811 2783 2840 2836 ὁ
2867 2783 3009 2854 ἀνὴρ
3038 2783 3240 2853 αὐτῆς,
3284 2781 3497 2844 δίκαιος
3542 2778 3659 2846 ὢν,

2076 2873 2172 2928 καὶ
2220 2874 2296 2946 μὴ
2358 2873 2527 2928 θέλων
2578 2875 3072 2947 παραδειγματίσαι
3131 2873 3300 2946 αὐτὴν
3321 2916 3336 2939 ,
3382 2860 3656 2946 ἐϐουλήθη

2075 2965 2245 3039 λάθρα
2264 2966 2527 3022 ἀπολῦσαι
2549 2967 2739 3039 αὑτήν.
2762 2965 2945 3021 Ταῦτα
2968 2966 3023 3021 δὲ
3042 2966 3205 3021 αὐτοῦ
3231 2965 3652 3039 ἐνθυμηθέντος,

418 3056 539 3113 Uno
566 3058 706 3125 enim
723 3056 962 3117 Christo,
989 3065 1043 3113 et
1072 3072 1137 3112 co
1158 3056 1302 3127 quod
1326 3057 1394 3111 ab
1414 3058 1533 3128 ipso
1554 3055 1861 3111 nuntiatum
1892 3064 1977 3113 est

2086 3059 2187 3114 ἰδοὺ
2212 3059 2438 3129 ἄγγελος
2458 3059 2663 3130 Κυρίου
2696 3060 2814 3112 κατ’
2835 3058 2968 3132 ὄναρ
2997 3058 3241 3129 φαίνεται
3276 3058 3426 3129 αὐτῷ
3450 3058 3649 3128 λέγων·

414 3149 603 3213 verbo,
636 3149 884 3204 humanae
914 3148 1108 3203 animae
1129 3148 1413 3218 imperium
1443 3149 1739 3212 obtinente,
1765 3148 1975 3219 priores

2091 3149 2284 3222 Ἰωσὴφ
2341 3150 2457 3213 υίὸς
2510 3149 2708 3213 Δαυῒδ,
2762 3150 2834 3221 μὴ
2879 3150 3120 3223 φοϐηθῇς
3152 3149 3493 3221 παραλαϐεῖν
3524 3152 3653 3206 Μα-

415 3242 535 3312 ejus
549 3243 749 3305 hostes,
768 3241 877 3315 duo
892 3242 1185 3313 impietatis
1197 3241 1341 3297 modi
1361 3241 1530 3312 fugati
1548 3249 1678 3297 sunt
1705 3259 1722 3298 :
1740 3258 1887 3298 unus
1903 3243 1972 3307 is,

413 3337 507 3406 qui
533 3343 586 3390 et
618 3335 1036 3391 simulacrorum
1067 3337 1298 3399 cultum,
1328 3343 1382 3392 et
1413 3335 1469 3390 in
1503 3335 1839 3391 multimodis
1857 3336 1977 3406 opi-

411 3427 672 3483 nionibus
697 3426 1065 3483 diversitatem
1097 3426 1411 3482 hominibus
1436 3427 1765 3498 suggerebat
1791 3446 1805 3483 :
1834 3428 1974 3483 alter

414 3520 484 3584 is,
538 3520 630 3591 qui
653 3520 706 3574 in
739 3520 984 3576 moribus
1012 3519 1418 3590 perversitatem
1446 3522 1799 3591 propagabat.
1833 3518 1968 3574 Nam

412 3612 475 3675 ii.
497 3613 588 3683 qui
614 3611 743 3668 dicti
778 3620 906 3668 sunt
936 3612 1248 3682 corporales
1282 3625 1457 3683 reges.
1488 3610 1681 3666 horum
1710 3622 1868 3668 notas
1917 3620 1973 3666 et

413 3705 566 3777 signa
596 3705 900 3776 gestabant.
924 3720 956 3760 e
982 3704 1179 3775 quibus
1208 3719 1354 3758 unus
1395 3702 1747 3760 Damascenis
1797 3703 1971 3773 impe-

412 3812 562 3857 rans.
606 3797 834 3862 erroris,
873 3812 982 3867 quo
1011 3797 1065 3851 in
1099 3794 1411 3852 simulacris
1469 3794 1713 3851 colendis
1780 3803 1970 3866 gentes

409 3889 755 3951 tenebantur,
782 3896 897 3945 erat
928 3887 1103 3959 imago
1132 3905 1146 3942 :
1178 3886 1318 3942 alter
1337 3901 1465 3942 vero
1503 3900 1713 3949 eorum,
1761 3886 1855 3956 qui
1898 3886 1967 3941 ab

2081 3242 2215 3315 ριὰμ
2246 3241 2343 3313 τὴν
2373 3242 2609 3311 γυναῖκά
2646 3259 2761 3296 σου.
2792 3242 2866 3295 Τὸ
2896 3241 3004 3314 γὰρ
3035 3244 3093 3296 ὲν
3119 3242 3255 3314 αὐτῇ
3288 3242 3548 3314 γεννηθὲν
3584 3245 3654 3297 ὲκ

2079 3332 2391 3406 Πνεύματός
2419 3334 2567 3387 ἐστιν
2592 3334 2771 3403 ἁγίου.
2799 3332 3023 3398 Τέξεται
3042 3332 3098 3388 δὲ
3124 3333 3256 3398 υἱὸν,
3282 3334 3377 3387 καὶ
3395 3334 3649 3398 καλέσεις

2076 3425 2136 3480 τὺ
2161 3425 2332 3496 ὄνομα
2361 3425 2525 3479 αὐτοῦ
2565 3424 2791 3497 Ἰησοῦν.
2831 3425 3003 3489 Αὐτὸς
3036 3422 3146 3497 γὰρ
3189 3424 3351 3478 σώσει
3392 3424 3485 3479 τὸν
3516 3424 3655 3479 λαὲν

2076 3516 2240 3570 αὐτοῦ
2278 3516 2385 3571 ἀπὸ
2428 3515 2535 3570 τῶν
2583 3515 2863 3591 ἁμαρτιῶν
2904 3514 3102 3583 αὐτῶν.
3145 3535 3165 3568 ι
3209 3515 3377 3570 Τοῦτο
3425 3517 3486 3570 δὲ
3523 3518 3649 3571 ὅλον

2075 3609 2324 3677 γέγονεν,
2359 3610 2448 3663 ἴνα
2470 3608 2728 3681 πληρωθῇ
2764 3607 2825 3661 τὺ
2854 3607 3020 3680 ῥηθὲν
3053 3604 3157 3661 ὑπὸ
3178 3606 3275 3661 τοῦ
3308 3607 3517 3680 Κυρίου
3552 3608 3651 3662 διὰ

2073 3700 2170 3754 τοῦ
2192 3702 2466 3773 προφήτου
2489 3700 2738 3769 λέγοντος
2774 3717 2787 3730 ·
2827 3700 2955 3754 Ἰδοὺ
3004 3702 3038 3772 ἠ
3062 3698 3333 3772 Παρθένος
3362 3701 3419 3753 ὲν
3443 3700 3644 3772 γαστρὶ

2074 3792 2319 3865 λήψεται,
2353 3794 2447 3847 καὶ
2478 3793 2689 3858 τέξεται
2715 3793 2850 3857 υἱὸν,
2872 3792 2967 3847 καὶ
2989 3791 3236 3856 καλέσεις
3263 3792 3325 3846 τὸ
3349 3792 3520 3864 ϐνομα
3542 3793 3645 3847 a6-

2073 3885 2166 3940 νοῦ
2183 3884 2544 3957 Ἐμμανουὴλ,
2562 3887 2590 3939 ὃ
2605 3887 2719 3938 ἐστι
2741 3880 3300 3956 μεθερμηνευόμενον,
3316 3883 3445 3953 μεθ’
3470 3882 3646 3953 ἡμῶν

408 3977 706 4035 Jerusalem
739 3978 1071 4043 defecerant,
1113 3978 1206 4048 qui
1250 3977 1501 4033 videlicet
1531 3992 1563 4032 a
1606 3975 1701 4032 Dei
1730 3977 1971 4048 legitima

2086 3981 2110 4032 ὁ
2137 3979 2298 4045 Θεός.
2314 3997 2331 4028 ι
2346 3976 2499 4031 Οὕτω
2521 3978 2584 4049 δὴ
2606 3976 2888 4048 καθ’ήμᾶς
2901 3975 2969 4029 τὰ
2987 3975 3087 4047 τῆς
3114 3975 3263 4040 θείας
3284 3975 3644 4048 προγνώσεως

411 4072 730 4129 adoratione
775 4071 1111 4135 deciderant,
1169 4070 1397 4143 ﬁgurate
1438 4086 1728 4142 personam
1783 4087 1971 4143 gerere

2086 4069 2185 4123 ἀπὸ
2217 4070 2315 4141 τῆς
2344 4069 2451 4122 τῶν
2475 4069 2815 4141 πραγμάτων
2843 4067 3122 4132 ἐκϐάσεως
3134 4068 3438 4133 πιστοῦται,
3468 4066 3644 4132 ἄλλως

407 4163 709 4218 videbatur.
730 4163 893 4234 320
923 4162 1077 4230 Quod
1110 4178 1240 4220 vero
1285 4162 1399 4219 haec
1444 4163 1511 4218 ad
1539 4178 1761 4219 sensum
1791 4179 1858 4219 ex
1914 4163 1975 4217 ﬁ-

2086 4163 2179 4216 ούκ
2219 4161 2285 4216 ἂν
2310 4161 2411 4232 τῆς
2451 4159 2785 4232 προφητείας
2828 4160 3061 4233 ἀληθοῦς
3090 4158 3640 4233 ἀποφανθησομὲνης.

405 4271 539 4326 gura
570 4254 817 4324 accipi-re
857 4262 1121 4324 oporteat,
1159 4255 1356 4325 poterit
1387 4254 1658 4325 quispiam
1685 4255 1848 4311 etiam
1873 4271 1940 4311 ex
1979 4254 2046 4309 iis
2068 4269 2190 4325 quae
2220 4262 2524 4324 sequuntur
2549 4254 2855 4318 addiscere,
2892 4254 2985 4309 ubi
3012 4252 3069 4308 in
3096 4252 3290 4309 diebus
3316 4250 3640 4310 Emmanuel

405 4362 627 4405 muscas
643 4349 905 4419 quasdam
927 4358 1089 4420 atque
1111 4366 1261 4422 apes,
1290 4348 1570 4405 Iudaicam
1599 4359 1812 4421 gentem
1846 4351 2134 4406 invasuras
2175 4350 2460 4405 oraculum
2496 4349 2665 4414 canit,
2701 4349 2837 4405 alias
2867 4348 3083 4420 quidem
3120 4350 3191 4404 ab
3220 4347 3479 4422 Egypto,
3504 4351 3645 4408 alias

405 4449 587 4496 autem
612 4441 680 4495 ab
704 4438 965 4512 Assyriis,
983 4451 1145 4513 caput
1174 4458 1237 4498 ac
1266 4441 1429 4515 pedes
1453 4452 1507 4499 et
1528 4442 1751 4498 barbam
1769 4442 2059 4499 Dominum
2093 4443 2440 4506 abrasurum,
2471 4443 2744 4499 hominem
2775 4458 2904 4498 vero
2933 4443 3223 4511 juvencam
3248 4444 3409 4498 boum
3432 4452 3489 4499 et
3503 4444 3642 4500 duas

418 4534 919 4602 ovcsnutriturum,
937 4544 990 4592 et
1018 4537 1121 4591 alia
1145 4539 1389 4608 quaedam
1415 4538 1518 4594 sub
1547 4554 1714 4593 unum
1747 4550 1909 4610 atque
1936 4541 2075 4595 idem
2110 4549 2325 4611 tempus
2354 4538 2555 4603 futura,
2577 4554 2699 4610 quae
2720 4539 2872 4592 nullo
2904 4537 3064 4593 modo
3085 4538 3151 4593 ad
3170 4539 3394 4594 verbum
3412 4539 3642 4612 intelligi

402 4635 654 4700 possunt.
673 4626 768 4683 sed
791 4627 858 4683 ad
874 4644 1093 4685 sensum
1115 4629 1379 4685 duntaxat
1412 4631 1727 4702 accipienda
1751 4640 1968 4701 sunt;et
1984 4633 2098 4688 haec
2129 4633 2346 4704 quidem
2376 4633 2430 4688 in
2448 4633 2595 4687 hunc
2615 4630 2834 4686 modum
2857 4646 2915 4686 se
2939 4631 3159 4687 habent.
3187 4630 3342 4698 Quod
3365 4641 3549 4689 autem
3577 4650 3639 4689 ea

403 4736 524 4792 qua:
544 4722 624 4778 sic
640 4721 841 4791 scripta
860 4721 1315 4787 sunt,Salvatoris
1341 4727 1514 4781 nostri
1539 4723 1667 4781 Jesu
1710 4724 1913 4780 Christi
1949 4725 2167 4782 modum
2200 4726 2460 4781 nascendi
2499 4723 2949 4796 signiﬁcaverim,
2996 4723 3112 4794 ipse
3159 4724 3499 4796 evangelista
3536 4726 3639 4782 hoc

398 4825 561 4885 pacto
598 4815 919 4870 testihcatur
948 4816 1230 4873 scribens:
1269 4837 1287 4869 ι
1319 4817 1444 4874 Jesu
1470 4818 1673 4874 Christi
1703 4828 1882 4875 autem
1921 4820 2199 4892 generatio
2220 4820 2301 4875 sic
2332 4826 2452 4875 erat
2479 4818 2648 4874 :Cum
2664 4827 2810 4873 esset
2832 4817 3161 4888 desponsata
3179 4827 3352 4873 mater
3375 4802 3500 4890 ejus
3528 4819 3640 4874 bla-

400 4908 481 4960 ria
531 4904 761 4976 Joscph,
814 4914 1102 4979 antequam
1159 4911 1532 4977 convenirent,
1562 4913 1783 4967 iuventa
1821 4920 1907 4968 est
1949 4913 2004 4966 in
2045 4920 2203 4968 utero
2244 4912 2453 4967 habens
2501 4911 2570 4967 de
2604 4909 2810 4980 Spiritu
2854 4918 3062 4964 sancto.
3104 4906 3303 4979 Joscph
3340 4920 3524 4966 autem
3558 4911 3640 4964 vir

396 5005 541 5071 ejus,
580 5018 704 5059 cum
755 5011 901 5060 esset
924 5003 1132 5075 justus,
1180 5013 1235 5062 et
1262 5006 1431 5062 nollet
1453 5022 1573 5063 eam
1609 4991 1915 5070 traducere.
1956 5008 2128 5062 voluit
2155 5008 2369 5065 occulte
2400 5005 2677 5062 dimittere
2705 5020 2846 5060 eam.
2884 5002 3009 5059 Haec
3037 5012 3216 5059 autem
3245 5018 3312 5060 eo
3339 5006 3639 5077 cogitante,

394 5111 526 5152 ecce
552 5097 793 5170 Angelus
827 5098 1038 5155 Domini
1081 5101 1137 5156 in
1178 5102 1386 5157 somnis
1423 5111 1648 5173 apparet
1675 5103 1727 5159 ei
1754 5103 1978 5160 dicens:
2008 5101 2207 5175 Ioseph
2236 5103 2310 5158 liii
2354 5101 2548 5167 David,
2579 5101 2689 5157 noli
2722 5100 2915 5155 timere
2945 5100 3191 5170 accipere
3228 5098 3457 5156 Mariam
3504 5117 3638 5158 eon-

389 5188 574 5258 jugem
603 5196 774 5244 tua-u.
804 5188 959 5258 Quod
989 5192 1134 5247 enim
1158 5192 1213 5247 in
1233 5209 1296 5250 ea
1319 5194 1560 5264 genitum
1573 5205 1677 5260 est,
1717 5195 1784 5252 de
1832 5193 2038 5267 Spiritu
2068 5204 2260 5251 sancto
2286 5203 2389 5252 est.
2428 5192 2611 5249 Pariet
2639 5201 2823 5248 autem
2860 5192 3028 5247 lilium
3048 5231 3063 5256 ,
3090 5200 3145 5248 et
3179 5193 3402 5251 vocabis
3439 5212 3638 5252 nomen

391 5278 515 5349 ejus
540 5276 749 5336 Iesum.
798 5278 919 5352 Ipse
946 5283 1091 5338 enim
1125 5284 1333 5340 salvum
1358 5283 1520 5341 l'aciet
1554 5287 1812 5357 populum
1840 5303 2001 5344 suum
2029 5301 2059 5341 a
2089 5287 2328 5357 peccatis
2372 5286 2634 5357 ipsorum.
2674 5281 2790 5339 Hoc
2821 5291 3002 5339 autem
3036 5290 3209 5339 totum
3266 5283 3473 5341 factum
3530 5284 3631 5352 est,

394 5380 455 5425 ut
479 5370 797 5442 impleretur
824 5376 968 5447 quod
1016 5377 1222 5433 dictum
1273 5386 1358 5435 est
1402 5394 1435 5433 a
1473 5379 1703 5453 Domino
1747 5397 1844 5453 per
1888 5383 2207 5453 prophetam
2256 5382 2526 5438 dicentem
2561 5398 2575 5436 :
2617 5378 2757 5435 Ecce
2803 5378 2955 5449 virgo
2996 5379 3052 5434 in
3105 5387 3263 5435 utero
3306 5379 3553 5443 habebit.
3579 5392 3634 5438 ct

393 5462 570 5535 pariet
614 5466 805 5533 tilium,
857 5481 909 5526 et
954 5472 1177 5530 vocabis
1208 5488 1407 5529 nomen
1433 5452 1554 5545 ejus
1582 5474 1934 5540 Emmanuel.
1964 5477 2109 5547 quod
2138 5487 2223 5534 est
2265 5477 2703 5547 interpretatum,
2732 5474 3004 5530 nobiscum
3043 5473 3183 5531 Deus
3214 5475 3281 5531 “.
3322 5494 3342 5528 ι
3377 5474 3472 5532 Sic
3502 5493 3634 5533 sane

393 5558 695 5615 Iccundum
721 5576 824 5618 nos
848 5579 933 5631 ea,
959 5582 1084 5637 qua
1108 5566 1177 5622 ad
1198 5568 1441 5645 divinam
1471 5571 1875 5642 praedictionem
1909 5574 2204 5645 pertinent,
2228 5589 2295 5630 ex
2332 5574 2452 5644 ipso
2484 5587 2668 5627 rerum
2696 5582 2891 5627 eventu
2931 5572 3383 5644 comprobantur:
3409 5574 3627 5647 quippe,

396 5652 668 5707 cumlia
724 5656 969 5722 ratione,
1029 5678 1302 5735 nunquam
1342 5682 1451 5737 prae
1482 5682 1541 5723 se
1576 5668 1859 5725 veritatem
1894 5669 2176 5740 prophetia
2231 5671 2405 5725 latura
2450 5682 2574 5725 csse
2613 5667 2876 5724 videatur.

455 5792 499 5825 ⁵³
525 5791 716 5849 Matth.
754 5815 792 5867 ι,
833 5794 1019 5854 18-33.
