3916 6200
237 215 324 274 sos
1099 203 1745 279 DEMONSTRATIONiS
1783 223 2236 282 suaesuae
2269 226 2396 285 LIB.
2435 227 2551 283 vn.

3330 229 3434 289 566

299 334 444 405 Ἑξῆς
474 335 531 388 δὲ
577 333 780 388 τούτων
812 335 932 388 τίνα
974 335 1066 390 καὶ
1104 337 1276 391 ὁπόσα
1309 338 1523 407 λέγεται
1561 337 1774 391 ἔσεσθαι

1950 340 2205 398 Posthazc
2229 348 2431 404 autem,
2461 357 2709 411 quaenam
2739 348 2792 398 et
2819 351 2954 413 quot
2989 342 3171 398 futura
3202 361 3326 402 esse
3357 347 3438 401 di-

228 445 276 483 εν
303 430 360 498 τῇ
395 427 578 499 ἡμέρᾳ
605 427 787 499 ἐκείνῃ
815 467 830 492 ,
875 428 1029 499 δῆλον
1057 429 1132 494 δὲ,
1165 431 1247 483 ὅτι
1279 431 1337 482 ὲν
1365 429 1442 500 τῷ
1470 430 1644 503 χρόνῳ
1673 433 1772 501 τῆς

228 519 522 590 ἐπιφανείας
559 517 651 571 τοῦ
706 519 1044 590 Ἐμμανουὴλ
1067 561 1081 585 ,
1125 521 1288 594 φέρε,
1331 524 1767 593 κατανοήσωμεν·

233 631 248 662 ι
279 610 906 682 Συριεῖ,›φησ“ι,‹Κύριος
936 611 1140 682 μυίαις,
1159 613 1214 667 αἲ
1236 613 1543 686 κυριεύουσι
1575 614 1773 686 μέρους

223 699 446 770 ποταμοῦ
498 700 808 768 Αἰγύπτου,
856 703 951 756 καὶ
983 706 1050 775 τῇ
1100 705 1363 779 μελίσσῃ,
1427 706 1460 777 ἦ
1509 708 1652 758 ἐστιν
1715 708 1772 758 ὲν

219 790 354 862 χώρα
393 791 714 863 Ἀσσυρίων,
747 793 840 846 καὶ
869 794 1205 860 ἐλεύσονται,
1242 799 1336 850 καὶ
1373 797 1771 852 ἀναπαύσονται

218 884 268 934 ὲν
290 886 403 946 ταῖς
424 884 660 954 φάραγξι
687 885 784 954 τῆς
817 885 996 958 χώρας
1011 928 1025 952 ,
1045 889 1138 942 καὶ
1160 889 1215 942 ἐν
1230 892 1347 953 ταῖς
1371 889 1636 960 τρώγλαις
1666 888 1772 942 τῶν

220 972 436 1044 πετρῶν,
471 974 563 1026 καὶ
591 977 670 1038 είς
705 976 770 1029 τὰ
801 977 1058 1042 σπήλαια,
1099 979 1190 1032 καὶ
1214 981 1294 1043 εἰς
1325 982 1502 1034 πᾶσαν
1539 981 1768 1052 ῥαγάδα,

221 1065 302 1116 καὶ
332 1066 389 1116 ὲν
418 1067 579 1118 παντὶ
614 1065 773 1136 ξύλῳ.
815 1069 903 1121 Ἐν
923 1069 1186 1141 τῇὴμέρα
1208 1071 1390 1144 ἐκείνῃ
1419 1072 1639 1143 ξυρήσει
1662 1072 1772 1126 Κύ-

224 1175 321 1227 ριος
363 1160 418 1211 ἐν
455 1159 534 1230 τῷ
581 1159 725 1231 ξυρῷ
763 1161 840 1232 τῷ
867 1163 1105 1236 μεγάλῳ,
1139 1165 1217 1236 τῷ
1243 1166 1636 1238 μεμισθωμένῳ
1672 1167 1770 1220 πέ-

221 1271 307 1325 ραν
328 1253 417 1307 τοῦ
456 1255 699 1326 ποταμοῦ
724 1255 984 1325 βασιλέως
1029 1257 1350 1331 Ἀσσυρίων,
1383 1260 1478 1331 τὴν
1511 1261 1768 1332 κεφαλὴν,

217 1348 302 1400 καὶ
330 1347 426 1410 τὰς
467 1347 656 1419 τρίχας
709 1348 815 1400 τῶν
867 1350 1060 1414 ποδῶν,
1111 1351 1204 1404 καὶ
1240 1351 1328 1404 τὸν
1377 1351 1612 1420 πώγωνα
1643 1355 1772 1422 ἀφε-

215 1440 613 1493 λεί.Κα“ιὲσται
667 1441 726 1492 ἐν
773 1444 836 1512 τῇ
867 1444 1047 1514 ἡμέρᾳ
1092 1443 1294 1515 ἐκείνῃ,
1337 1443 1528 1515 θρέψει
1566 1445 1772 1517 ἄνθρωο

216 1550 309 1595 πος
330 1532 555 1602 δάμαλιν
589 1531 726 1602 βοῶν
751 1574 764 1594 ,
809 1535 902 1587 καὶ
932 1534 1024 1588 δύο
1052 1535 1326 1607 πρόϐατα,
1363 1537 1455 1589 καὶ
1481 1536 1631 1590 ἔσται
1665 1536 1773 1590 άπὸ

211 1624 299 1677 τοῦ
342 1625 588 1677 πλεῖστον
640 1629 812 1678 ποιεῖν
852 1625 1026 1693 γάλαο
1068 1627 1298 1694 φάγεται
1349 1626 1634 1699 βούτυρον,
1690 1629 1770 1681 ὅτι

1879 440 2094 495 cantur,
2118 434 2198 487 vel
2227 433 2392 494 bona,
2425 433 2508 486 vel
2535 434 2671 487 mala
2696 433 2865 488 indie
2891 435 3002 496 illa.
3035 436 3136 490 hoc
3170 447 3273 501 est,
3325 460 3436 512 quo

1880 531 2121 594 tempore
2171 523 2421 578 adveniet
2455 523 2790 587 Emmanuel,
2824 524 2952 580 hinc
2979 527 3089 596 jam
3123 532 3437 589 considere—

1879 631 2002 670 mus
2037 633 2048 668 :
2087 634 2107 664 ‹
2149 614 2430 676 Sibilabit,
2490 615 2698 684 inquit,
2747 615 3004 673 Dominus
3041 621 3278 684 muscis,
3316 640 3437 693 quae

1879 707 2228 762 dominantur
2259 709 2310 761 in
2361 715 2514 778 parte
2544 706 2782 761 ﬂuminis
2832 706 3074 781 Egypli,
3105 719 3159 766 et
3196 715 3280 784 api
3318 733 3438 787 qua:

1877 806 1962 852 est
1986 797 2038 851 in
2068 805 2211 852 terra
2238 799 2607 869 Assyriorum,
2637 808 2690 853 et
2719 800 2954 862 venient,
2990 811 3042 856 et
3071 805 3352 873 quiescent
3381 809 3438 863 in

1878 891 2218 945 convallibus
2247 891 2482 960 regionis
2509 933 2522 953 ,
2551 899 2604 945 et
2641 892 2694 944 in
2723 889 3082 950 foraminibus
3125 906 3398 966 petrarum
3418 939 3434 965 ,

1877 983 2003 1038 etin
2032 983 2326 1052 speluncis,
2362 990 2415 1036 et
2449 983 2500 1036 in
2533 984 2682 1037 omni
2711 986 2974 1051 scissura,
3023 995 3076 1042 et
3103 989 3158 1043 in
3191 992 3338 1045 omni
3375 993 3438 1047 li-

1878 1090 2006 1145 gno.
2031 1073 2086 1128 ln
2111 1075 2199 1130 die
2227 1075 2316 1127 illa
2353 1075 2505 1130 radet
2532 1073 2792 1130 Dominus
2832 1075 2885 1130 in
2923 1081 3184 1133 novacula
3219 1097 3436 1152 magna,

1877 1179 1998 1234 quae
2025 1165 2268 1219 mercede
2302 1165 2572 1218 conducta
2600 1172 2702 1227 est,
2729 1165 2868 1219 ultra
2897 1164 3120 1221 ﬂuvium
3158 1170 3298 1239 regis
3331 1169 3436 1226 As—

1879 1257 2172 1327 syriorum,
2199 1255 2355 1326 321
2399 1265 2562 1325 caput
2591 1266 2644 1311 et
2677 1257 2816 1326 pilos
2852 1259 3070 1326 pedum,
3121 1268 3174 1314 et
3216 1261 3438 1317 barbam

1878 1347 2108 1412 auferet,
2140 1355 2194 1403 et
2223 1349 2328 1403 erit
2376 1348 2429 1402 in
2461 1349 2549 1404 die
2580 1349 2692 1411 illa,
2729 1349 2931 1403 nutriet
2957 1348 3122 1404 homo
3147 1350 3439 1420 juvencam

1878 1441 2039 1495 boum
2070 1448 2124 1496 et
2151 1441 2288 1495 duas
2319 1455 2470 1505 oves,
2515 1449 2569 1496 et
2596 1442 2700 1495 erit
2737 1457 2802 1494 ex
2849 1456 2913 1496 eo
2941 1441 3086 1510 quod
3147 1443 3439 1512 plurimum

1881 1530 2040 1585 l'aciet
2088 1531 2192 1592 lac,
2225 1531 2472 1586 comedet
2501 1532 2783 1602 butyrum:
2815 1533 3070 1601 quoniam
3101 1533 3351 1604 butyrum
3388 1542 3444 1595 ct

1877 1623 1980 1676 mel
2009 1623 2254 1676 comedet
2325 1622 2504 1677 omnis
2561 1623 2654 1692 qui
2701 1622 2924 1676 relictus
2957 1621 3119 1677 fuerit
3166 1624 3220 1676 in
3271 1632 3438 1686 terra,

213 1716 462 1787 βούτυρον
496 1717 590 1769 καὶ
639 1717 759 1785 μέλι
804 1719 1033 1786 φάγεται
1066 1721 1174 1783 πᾶς
1203 1722 1231 1773 ό
1265 1719 1642 1790 καταλειφθεὶς
1678 1724 1771 1776 ἐπὶ

1878 1722 1923 1767 et
1951 1716 2057 1768 erit
2099 1714 2154 1768 in
2199 1713 2287 1769 die
2315 1715 2428 1780 illa,
2459 1716 2640 1769 omnis
2681 1715 2834 1770 locus
2889 1714 3200 1784 ubicunque
3241 1715 3442 1770 fuerim.

209 1811 302 1878 τῆς
327 1809 450 1878 γῆς.
491 1811 600 1863 Καὶ
636 1810 783 1864 ἔσται
816 1811 874 1864 έν
897 1813 962 1882 τῇ
991 1812 1173 1884 ἡμέρα
1199 1813 1381 1886 ἐκείνῃ
1401 1854 1415 1878 ,
1443 1816 1549 1878 πᾶς
1575 1816 1736 1880 τόπος
1753 1857 1768 1880 ,

207 1893 266 1952 οὗ
289 1899 352 1952 ἂν
378 1895 481 1953 ὦσι
515 1899 681 1970 χίλιαι
709 1902 938 1972 ἄμπελοι
967 1903 1152 1973 χιλίων
1196 1905 1392 1958 σίκλων
1411 1944 1426 1970 ,
1467 1908 1548 1971 είς
1580 1907 1770 1979 χέρσον

207 1993 415 2046 ἔσονται
440 1994 533 2047 καὶ
557 1996 637 2057 εἰς
658 1994 914 2055 ἄκανθαν,
947 1997 1081 2066 μετὰ
1110 1996 1295 2067 βέλους
1323 1998 1416 2050 καὶ
1444 1997 1771 2068 τοξεύματος

205 2082 592 2136 εἰσελεύσονται
619 2087 846 2142 ὲκεῖ.ὅτι
871 2086 1064 2157 χέρσος
1084 2089 1177 2140 καὶ
1205 2087 1414 2141 ἄκανθα
1440 2089 1592 2144 ἔσται
1623 2093 1772 2146 πᾶσα

203 2173 238 2243 ἡ
272 2173 342 2242 ζῆ
368 2214 382 2236 ,
427 2174 521 2224 καὶ
555 2175 664 2226 πᾶν
695 2175 818 2246 ὅρος
858 2175 1263 2248 ἁροτριώμενον
1291 2180 1767 2253 ἁροτριαθήσεται.

205 2267 276 2320 υύ
315 2265 389 2336 μὴ
417 2265 616 2338 ἐπέλθῃ
642 2269 758 2319 ἐκεῖ
787 2267 947 2336 φόϐος
971 2285 986 2298 ’
1019 2269 1168 2322 ἔσται
1194 2270 1299 2342 γάρ
1324 2272 1430 2324 άπὸ
1446 2272 1546 2342 τῆς
1577 2272 1770 2344 χέρσου

208 2376 299 2412 σου
338 2360 430 2412 καὶ
459 2359 699 2430 ἀκάνθης
734 2363 812 2424 είς
857 2360 1108 2432 βόσκημα
1142 2362 1442 2433 προϐάτου,
1477 2364 1571 2417 καὶ
1603 2381 1771 2418 καταο

208 2452 432 2522 πάτημα
470 2451 606 2521 βοός.
638 2473 655 2503 ›
688 2454 934 2506 Τοσαῦτα
967 2453 1181 2508 ἔσεσθαι
1232 2457 1287 2508 ὲν
1323 2458 1389 2527 τῇ
1451 2457 1632 2529 ἡμέρᾳ
1676 2456 1770 2510 τοῦ

221 2543 623 2616 Ἐμμανουὴλὴ
659 2544 907 2617 παροῦσα
955 2548 1256 2618 προφητεία
1305 2549 1580 2621 περιέχει·
1629 2549 1772 2622 ἅπερ

204 2637 394 2700 ὁποίας
425 2637 602 2708 ἔχεται
642 2637 880 2709 θεωρίας
923 2637 1040 2710 ὥρα
1088 2639 1344 2704 διελθεῖν,
1395 2641 1494 2712 τὴν
1537 2640 1773 2695 διάνοιαν

206 2727 679 2798 ὲπιτεμνομένους.
714 2748 731 2779 ι
762 2729 961 2799 Συριεῖ,
993 2748 1010 2779 ι
1037 2731 1197 2800 φησὶ,
1226 2749 1244 2780 ι
1277 2729 1480 2802 Κύριος
1507 2733 1692 2802 μυίαις
1717 2734 1772 2784 έν

203 2821 270 2889 τῇ
306 2819 489 2891 ἡμέρα
520 2820 721 2891 ἐκείνῃ,
751 2821 805 2872 αἳ
836 2819 1145 2892 κυριεύουσι
1175 2821 1371 2893 μέρους
1401 2821 1648 2894 ποταμοῦ
1679 2824 1774 2875 Αί-

205 2910 436 2978 γύπτου,
455 2912 546 2964 καὶ
564 2914 629 2982 τῇ
658 2911 958 2982 μελίσσῃ,ἧ
990 2913 1132 2965 ἐστιν
1155 2915 1210 2966 έν
1237 2912 1390 2984 χώρᾳ
1419 2913 1768 2984 ’Λσσυρίων·›

202 3005 327 3066 cui;
369 3002 468 3073 μὲν
514 3003 800 3074 προτέραις
831 3002 1226 3074 εἰδωλολατρῶν
1276 3004 1481 3075 ἀνδρῶν
1507 3006 1706 3075 ψυχαῖς
1737 3005 1770 3077 ἢ

1875 1806 2020 1860 mille
2044 1806 2182 1861 vites
2200 1822 2299 1876 pro
2319 1808 2464 1862 mille
2487 1809 2659 1870 siclis,
2681 1809 2734 1862 in
2763 1817 2966 1864 terram
2987 1810 3244 1864 incultam
3258 1819 3440 1872 erunt.

1873 1906 1927 1952 et
1959 1897 2014 1951 in
2047 1898 2278 1968 spinam,
2312 1914 2434 1952 cum
2454 1901 2646 1969 sagitta
2667 1911 2721 1956 et
2742 1916 2870 1955 arcu
2896 1901 3269 1973 ingredienlur
3289 1902 3440 1964 illuc,

1872 1991 2132 2060 quoniam
2171 1990 2532 2046 terraineulta
2551 2001 2605 2048 et
2631 1994 2788 2063 spina
2836 1995 2940 2048 erit
2980 1994 3160 2049 omnis
3187 2001 3354 2060 terra,
3388 2000 3446 2048 et

1873 2083 2050 2138 omnis
2083 2097 2240 2138 mons
2266 2083 2360 2153 qui
2393 2093 2603 2146 aratur,
2637 2083 2900 2140 arabitur.
2932 2084 3050 2139 Non
3086 2085 3444 2170 accedetilluc

1874 2183 2070 2239 terror,
2103 2175 2204 2228 erit
2231 2175 2374 2228 enim
2409 2189 2437 2226 a
2465 2186 2612 2229 terra
2651 2175 2856 2229 inculta
2883 2184 2936 2230 et
2968 2175 3123 2244 spina
3153 2175 3208 2228 in
3243 2187 3446 2243 pascua

1873 2266 2012 2332 ovis,
2046 2275 2100 2322 et
2150 2267 2205 2320 in
2239 2265 2711 2320 conculcationem
2772 2267 2928 2321 bovis
2973 2266 3041 2323 ⁸⁵.
3086 2285 3104 2318 ι
3146 2263 3269 2321 Hac
3331 2273 3440 2318 tam

1872 2361 2043 2414 multa
2093 2359 2275 2414 futura
2309 2360 2360 2413 in
2395 2359 2484 2414 die
2519 2357 2860 2421 Emmanuel,
2897 2375 3134 2428 prmsens
3163 2359 3443 2429 prophetia

1873 2449 2153 2519 complexa
2180 2457 2287 2512 est,
2318 2463 2438 2518 quae
2463 2447 2615 2518 quali
2647 2448 3106 2518 contemplatione
3147 2447 3443 2503 scrutanda

1874 2542 2006 2605 sint,
2038 2541 2150 2610 jam
2183 2541 2417 2611 experiri
2451 2547 2667 2609 tempus
2713 2550 2816 2602 est,
2850 2540 3023 2609 ipsam
3072 2539 3286 2593 interim
3317 2555 3443 2594 sen-

1875 2634 2096 2688 tentiam
2130 2631 2479 2688 dividentes:
2550 2651 2568 2683 ι
2609 2631 2880 2692 Sibilahit,
2935 2631 3129 2703 inquit,
3181 2631 3443 2685 Dominus

1874 2725 2077 2780 muscis
2103 2725 2156 2778 in
2193 2725 2281 2780 die
2310 2725 2422 2787 illa,
2473 2740 2594 2794 qua:
2623 2723 2980 2778 dominantur
3009 2723 3062 2776 in
3094 2731 3244 2792 parte
3268 2723 3446 2777 ﬂumi-

1875 2819 1960 2874 nis
1993 2817 2234 2890 Egypti,
2269 2827 2322 2872 et
2357 2818 2444 2888 api
2469 2831 2590 2886 qua:
2611 2825 2695 2871 est
2731 2817 2783 2870 in
2825 2824 2966 2870 terra
3002 2815 3372 2887 Assyriorum,
3419 2835 3438 2867 ι

1879 2910 1967 2964 ubi
2001 2911 2243 2965 virorum
2280 2910 2432 2979 prius
2467 2910 2759 2964 simulacra
2815 2908 3155 2962 adorantium
3209 2907 3440 2970 animas,

1876 3000 2150 3054 autetiam
2181 3001 2443 3068 quasdam
2479 3008 2532 3053 et
2563 2997 2868 3053 immundas
2903 3007 2956 3052 et
3005 2997 3234 3052 infestas
3294 3007 3446 3067 pote-

207 3065 318 3146 xal.
351 3065 640 3164 δυνάμεσιν
664 3065 690 3156 ,1
723 3065 798 3156 ὡς
838 3089 1026 3163 οἶμαι,
1075 3065 1400 3162 ἀκαθάρτοις
1447 3065 1540 3149 καί
1587 3065 1774 3167 dno—3'6;

1878 3100 2067 3156 states,
2096 3107 2314 3148 muscas
2339 3093 2573 3146 arbitror
2605 3091 2894 3154 nominari,
2929 3098 2981 3144 et
3013 3105 3232 3145 muscas
3277 3089 3446 3160 [Egy-

209 3182 395 3253 μυίαις
419 3181 874 3252 ὀνομαζομέναις,
909 3181 1000 3234 καὶ
1031 3182 1214 3252 μυίαις
1236 3184 1650 3252 Αίγυπτιακαίς,
1685 3185 1776 3238 θυ-

206 3275 352 3337 σίαις
396 3276 489 3327 καί
532 3274 756 3344 αἴμασιν
809 3273 1039 3328 εἰδώλων
1085 3275 1434 3347 χαιρούσαις·
1473 3280 1536 3348 τῇ
1573 3279 1629 3331 δὲ
1683 3297 1777 3350 με-

205 3367 363 3437 λίσσῃ
397 3366 520 3436 ζώῳ
560 3367 780 3438 κέντρον
811 3367 1188 3438 ἐπιφερομένῳ
1211 3409 1223 3429 ,
1257 3367 1564 3438 βασιλεύειν
1592 3388 1649 3422 τε
1683 3373 1776 3424 καὶ

207 3457 623 3528 βασιλεύεσθαι,
671 3459 765 3511 καὶ
795 3458 1048 3529 πολεμεῖν
1081 3461 1446 3532 ἐπισταμένῳ,
1479 3461 1776 3532 ἀμύνεσθαί

202 3551 262 3600 τε
288 3550 385 3600 καὶ
413 3547 728 3619 τιτρώσκειν
760 3548 922 3601 εἰδότι
946 3550 1069 3613 τοὺς
1095 3549 1532 3620 ἀνθισταμένους.
1566 3551 1777 3615 Ταύτας

203 3636 299 3692 οὖν
325 3638 463 3709 ὁμοῦ
501 3639 851 3702 συνελθούσας
875 3679 888 3701 ,
917 3640 1015 3703 τὰς
1051 3642 1146 3710 μὲν
1179 3643 1244 3694 ὲκ
1297 3643 1396 3712 τῆς
1426 3643 1532 3696 τῶν
1564 3644 1776 3697 εἰδωλο-

204 3729 424 3801 λατρῶν
470 3730 678 3801 χώρας,
719 3731 820 3794 τὰς
863 3731 917 3784 δὲ
953 3733 1059 3785 ἀπὸ
1085 3733 1183 3803 τῆς
1210 3733 1318 3786 τῶν
1348 3735 1777 3789 κατευθυνόντων

203 3821 313 3890 γῆς
355 3820 856 3890 (κατευθύνοντες
908 3821 1014 3893 γὰρ
1043 3825 1090 3875 οί
1129 3824 1400 3896 Ἀσσύριοι
1447 3827 1777 3897 ἑρμηνεύον-

201 3913 342 3982 ται),
402 3911 644 3964 κελεύσει
698 3911 885 3982 ὥσπερ
918 3913 1156 3984 σύρισμά
1203 3933 1256 3967 τι
1289 3916 1383 3969 τοῦ
1432 3918 1657 3989 Κυρίου,
1688 3921 1778 3972 καὶ

201 4000 345 4054 Θεοῦ
383 4001 494 4055 τῶν
526 4001 662 4054 ὅλων
704 4003 799 4072 τῆς
848 4004 1106 4067 Ἰουδαίας
1138 4005 1356 4076 ἁπάσης
1394 4009 1778 4080 ἐπικρατήσειν

200 4091 300 4145 διὰ
338 4091 440 4162 τὴν
481 4092 561 4154 είς
593 4091 825 4163 Χριστὸν
873 4095 1129 4146 ἀπιστίαν
1161 4095 1339 4149 αὐτῶν
1362 4136 1377 4161 ,
1413 4097 1470 4149 ἐν
1499 4101 1564 4168 τῇ
1600 4099 1780 4170 ἡμέρᾳ

199 4183 301 4238 τοῦ
341 4184 708 4256 Ἑμμανουὴλ,
734 4186 885 4254 φησί.
926 4186 1186 4256 Σημαίνει
1211 4188 1268 4240 δὲ
1312 4188 1399 4242 διὰ
1424 4189 1626 4242 τούτων
1651 4191 1779 4262 ἔθνη

201 4275 484 4343 ἀλλὰρυλα
511 4276 604 4329 καὶ
637 4277 1001 4346 στρατιωτικὰ
1024 4279 1266 4349 οἰκήσειν
1292 4279 1389 4350 τὴν
1424 4281 1778 4354 Ἰερουσαλὴμ

1877 3186 2107 3255 ptiacas,
2139 3200 2259 3254 qua:
2310 3185 2596 3239 sacriﬁciis
2662 3194 2717 3238 et
2772 3182 3060 3237 cruoribus
3115 3182 3438 3236 simulacro-

1879 3294 1996 3332 rum
2027 3276 2284 3348 gaudent.
2317 3276 2448 3346 Apis
2480 3292 2610 3331 vero
2665 3284 2747 3330 est
2777 3275 2974 3328 animal
3031 3275 3221 3328 aculeo
3260 3289 3441 3327 arma-

1879 3377 2013 3432 tum,
2049 3375 2102 3422 et
2137 3367 2281 3438 quod
2323 3368 2616 3438 regnandi,
2661 3383 2725 3421 ac
2758 3367 2861 3422 sub
2889 3383 3014 3437 rege
3045 3365 3296 3436 (legendi,
3331 3365 3444 3420 bel-

1879 3461 2130 3530 landique
2179 3460 2460 3515 scientiam
2494 3459 2670 3524 habet,
2712 3466 2765 3514 et
2809 3459 2993 3513 ulcisci
3049 3474 3112 3511 ac
3161 3458 3448 3513 vulnerare

1877 3552 2229 3607 adversantes
2290 3552 2546 3606 idoneum
2606 3559 2711 3606 est.
2759 3549 2934 3604 Hasce
2984 3551 3148 3619 igitur
3177 3551 3230 3603 in
3266 3551 3441 3603 locum

1880 3660 2045 3698 unum
2093 3644 2515 3700 convenientes.
2550 3643 2686 3697 alias
2723 3643 2940 3713 quidem
2985 3643 3052 3697 de
3102 3643 3324 3712 regione
3353 3658 3446 3697 eo-

1880 3750 1998 3788 rum
2033 3736 2122 3804 qui
2150 3734 2443 3788 simulacra
2469 3732 2715 3796 adorant,
2761 3731 2895 3784 alias
2921 3745 3051 3784 vero
3083 3729 3150 3784 de
3173 3737 3317 3782 terra
3348 3744 3447 3797 gu-

1881 3827 2220 3882 bernantium
2248 3825 2478 3896 (Assyrii
2512 3825 2653 3878 enim
2692 3840 2757 3878 ex
2787 3821 3233 3892 interpretatione
3269 3821 3445 3875 nomi-

1879 3919 1966 3972 nis
2001 3917 2345 3985 guberuantes
2374 3914 2963 3986 intelliguntur),jussu
2989 3923 3042 3968 et
3069 3913 3225 3983 quasi
3257 3911 3446 3967 sibila-

1881 4011 2028 4065 tione
2054 4009 2265 4063 Domini
2294 4017 2348 4063 et
2379 4009 2472 4063 Dei
2504 4024 2684 4062 rerum
2713 4009 2978 4073 omnium,
3010 4005 3209 4062 Judzeaa
3234 4007 3444 4060 univer-

1881 4117 1954 4156 sa:
1979 4103 2362 4171 imperaturas,
2395 4108 2614 4170 propter
2643 4100 2816 4170 ipsius
2846 4100 2902 4154 in
2931 4101 3210 4153 Christum
3265 4101 3448 4152 incre-

1880 4193 2160 4248 dulitatem
2197 4193 2292 4256 ait,
2325 4192 2380 4246 in
2407 4191 2494 4246 die
2524 4191 2864 4246 Emmanuel.
2912 4190 3007 4246 His
3037 4199 3216 4246 autem
3263 4190 3450 4247 verbis

1881 4286 2148 4356 signiﬁcat
2171 4292 2358 4355 gentes
2406 4293 2660 4339 externas
2689 4291 2742 4339 et
2786 4284 3074 4347 militares,
3105 4283 3449 4340 habitaturas

201 4367 302 4419 καὶ
328 4365 431 4436 τὴν
467 4365 724 4418 Ἰουδαίαν
751 4367 852 4436 γῆν
875 4383 889 4397 ⁶
919 4369 1053 4440 ὅπερ
1078 4369 1172 4421 καὶ
1201 4369 1230 4420 ό
1259 4368 1444 4441 Σωτὴρ
1475 4372 1506 4441 ἡ
1516 4370 1630 4441 μῶν
1660 4372 1774 4425 λευ-

1881 4378 2179 4434 Jerusalem
2231 4387 2284 4432 et
2307 4375 2548 4431 Iudaeam
2577 4384 2804 4431 terram.
2834 4375 2990 4442 Quod
3022 4375 3240 4445 quidem
3271 4375 3446 4444 ipsum

203 4459 459 4529 κοτέροις
494 4459 750 4529 ὀνόμασιν
783 4458 1063 4524 ὲθέσπιζεν
1083 4500 1099 4524 ,
1143 4460 1312 4513 εἰπὼν
1335 4502 1350 4526 ,
1386 4479 1405 4513 ι
1435 4463 1546 4516 Καὶ
1582 4463 1774 4535 Ἰερου-

1880 4470 2306 4525 evidentioribus
2337 4469 2518 4524 verbis
2573 4468 2822 4523 Salvator
2867 4476 3054 4523 noster
3103 4467 3323 4528 cecinit,
3355 4467 3449 4520 ubi

205 4551 399 4620 σαλὴμ
435 4549 584 4602 ἔσται
625 4549 931 4622 πατουμένη
967 4551 1070 4603 ὑπὸ
1107 4550 1306 4604 ἐθνῶν·
1342 4571 1362 4602 ι
1407 4553 1436 4605 ὃ
1473 4554 1569 4607 καὶ
1597 4555 1782 4619 τέλους

201 4643 370 4712 ἔτυχε
393 4681 407 4704 ,
436 4643 551 4711 μετ’
582 4641 642 4694 ού
679 4641 843 4694 πολὺν
878 4643 1064 4713 χρόνον
1094 4643 1202 4695 τῶν
1230 4643 1328 4697 τοῦ
1353 4645 1600 4716 Σωτῆρος
1626 4648 1782 4718 ἡμῶν

200 4729 432 4800 φωνῶν,
471 4730 750 4801 Ῥωμαίων
781 4731 875 4804 τὴν
902 4731 1052 4785 πόλιν
1082 4731 1307 4787 ἑλόντων
1327 4775 1340 4800 ,
1363 4735 1692 4806 ἀλλοφύλους
1723 4755 1783 4791 τε

199 4823 416 4893 ἄνδρας
481 4822 656 4876 αὐτόθι
706 4825 1124 4878 κατοικισὰντων
1171 4826 1266 4879 καὶ
1313 4827 1406 4880 ἐπὶ
1470 4827 1566 4880 τοῦ
1617 4829 1782 4882 τόπου

199 4916 684 4987 καταστησάντων.
705 4915 869 4969 Πάλιν
895 4916 950 4969 δὲ
971 4919 1000 4970 ὁ
1020 4917 1178 4980 αὐτὸς
1200 4917 1400 4988 Κύριος
1420 4917 1674 4990 ξυρήσειν
1701 4920 1787 4974 λέ-

195 5027 373 5077 γεται
407 5008 466 5061 ὲν
495 5007 571 5079 τῷ
601 5008 692 5062 τοῦ
730 5007 991 5078 βασιλέως
1025 5009 1322 5079 Ἀσσυρίων
1355 5009 1534 5082 ξυρῷ,
1565 5012 1683 5082 ἦτοι
1714 5017 1780 5086 τῇ

197 5099 506 5169 κολαστικῇ
530 5099 752 5170 δυνάμει
781 5097 875 5152 τοῦ
908 5097 1160 5168 ἄρχοντος
1197 5098 1290 5151 τοῦ
1335 5100 1529 5164 αἰῶνος
1559 5101 1746 5156 τούτου
1767 5144 1782 5166 ,

193 5192 307 5263 τὴν
336 5191 578 5262 κεφαλὴν
595 5229 610 5254 ,
637 5191 730 5244 καὶ
759 5192 885 5254 τοὺς
908 5191 1073 5254 πόδας
1098 5217 1123 5255 ,·
1146 5193 1238 5244 καὶ
1267 5192 1357 5246 τὸν
1385 5193 1622 5262 πώγωνα
1641 5235 1657 5260 ,
1683 5197 1783 5250 οὐκ

187 5285 376 5340 ἄλλου
413 5286 556 5348 τινὺς
580 5286 611 5357 ἢ
643 5282 800 5350 αὖθις
825 5286 918 5339 τοῦ
955 5287 1218 5341 Ἰουδαίων
1249 5287 1464 5353 ἔθνους,
1491 5289 1639 5343 τοῦτ’
1664 5290 1780 5344 ἔστι

189 5378 296 5430 τὸν
347 5377 550 5448 κόσμον
593 5377 772 5431 αὐτῶν
803 5379 892 5431 καὶ
936 5377 1034 5449 τὴν
1063 5379 1220 5446 δόξαν
1262 5380 1526 5450 περιελεῖν
1561 5381 1648 5436 διά
1680 5383 1780 5454 τῆς

191 5469 315 5522 τῶν
353 5469 577 5524 καθόλου
606 5469 1040 5541 ἐπικρατούντων
1068 5473 1261 5544 ἀρχῆς.
1293 5474 1596 5546 Ῥωμαίους
1621 5475 1676 5529 δὲ
1705 5471 1781 5530 εἷ·

191 5579 294 5615 ναι
333 5560 551 5624 τούτους
579 5562 892 5620 αἰνίττεται.
929 5564 1024 5618 Διὰ
1056 5565 1163 5634 γὰρ
1213 5565 1304 5620 τοῦ
1337 5566 1443 5620 τῶν
1483 5567 1777 5639 Ἀσσυρίων

279 5719 336 5750 δ’
367 5717 475 5774 lsa.
509 5734 608 5787 vu,
642 5717 852 5774 18-25.

1883 4561 1958 4614 ait
1987 4578 2001 4614 :
2037 4577 2055 4610 ι
2091 4557 2154 4612 Et.
2171 4557 2472 4614 Jerusalem
2497 4557 2906 4612 conculcabitur
2923 4570 2952 4608 a
2972 4555 3278 4626 gentibus,»
3298 4551 3444 4620 quod

1883 4649 2162 4706 oraculum
2205 4649 2348 4702 haud
2381 4649 2455 4702 ita
2514 4648 2684 4701 multo
2713 4654 2836 4716 post
2862 4647 2984 4700 illas
3025 4643 3319 4698 Salvatoris
3349 4658 3446 4696 no-

1885 4743 1985 4797 stri
2009 4756 2170 4797 voces
2199 4741 2405 4796 exitum
2467 4739 2693 4802 invenit,
2723 4737 2985 4792 Romanis
3044 4737 3215 4805 ipsam
3256 4733 3446 4786 urbem

1885 4834 2346 4904 expugnantibus,
2388 4832 2606 4900 illicquc
2635 4829 2832 4884 diversi
2869 4829 3084 4900 generis
3107 4827 3253 4880 viros
3277 4824 3448 4878 collo-

1885 4925 2135 4980 cantibus
2174 4932 2226 4978 ct
2259 4924 2313 4978 in
2343 4923 2461 4976 loco
2484 4922 2870 4977 statuentibus.
2907 4915 3116 4974 Rursus
3159 4916 3298 4971 idem
3339 4914 3445 4969 Do-

1885 5019 2067 5072 minus
2115 5017 2414 5071 abrasurus
2443 5014 2643 5070 dicitur
2691 5014 2745 5068 in
2790 5015 2931 5084 regis
2970 5011 3318 5082 Assyriorum
3347 5023 3449 5062 no-

1883 5111 2099 5172 vacula,
2119 5111 2220 5164 hoc
2248 5117 2354 5173 est,
2379 5107 2728 5178 castigatoria
2759 5106 2808 5160 vi
2837 5104 3102 5175 principis
3137 5099 3319 5155 sarculi
3344 5099 3448 5152 hu-

1879 5203 1994 5272 jus,
2017 5210 2182 5272 caput
2209 5210 2262 5257 et
2291 5201 2456 5272 pedes
2483 5209 2537 5256 et
2572 5199 2820 5262 barbam,
2852 5213 2961 5250 non
3012 5192 3238 5248 alterius
3260 5190 3448 5258 cujus-

1885 5295 2028 5362 piam
2055 5308 2218 5363 quam
2267 5307 2462 5347 rursus
2513 5289 2754 5346 Judaicaa
2780 5287 2980 5360 gentis,
3009 5285 3114 5339 hoc
3149 5290 3254 5347 est,
3286 5280 3451 5351 323

1885 5377 2264 5440 ornamentum
2287 5392 2342 5440 et
2375 5383 2604 5456 gloriam
2637 5381 2923 5438 ablaturus
2971 5393 3068 5449 per
3115 5390 3327 5440 eorum,
3352 5372 3446 5442 qui

1888 5477 2145 5534 universo
2191 5477 2456 5547 imperant
2485 5516 2500 5541 ,
2535 5475 2930 5548 principatum.
2967 5470 3078 5524 llos
3106 5477 3284 5522 autem
3336 5480 3450 5518 non

1887 5571 2024 5625 alios
2057 5586 2218 5640 quam
2250 5569 2526 5627 Romanos
2553 5585 2676 5626 esse
2706 5569 2918 5634 innuit.
2945 5559 3323 5618 Nomineenim
3349 5556 3451 5612 Ae-
