3916 6200
464 263 571 322 807

1126 254 1396 315 EUSEBII
1434 251 1918 314 CESABIENSIS
1953 251 2103 310 OPP.
2142 251 2323 309 PARS
2354 252 2420 308 Il.
2455 282 2527 295 -——
2562 249 3053 309 APOLOGETICA.

460 385 763 458 syriorum,
797 380 1159 454 quodcunque
1188 395 1284 450 per
1328 377 1543 450 singula
1574 384 1820 447 tempora
1865 375 2012 447 genti

2133 373 2395 446 ὀνόματος
2436 370 2676 445 ἠγοῦμαι
2705 370 2802 443 τὴν
2833 369 2953 425 καθ’
2992 369 3221 425 ἕκαστον
3250 369 3436 441 χρόνον
3463 372 3696 446 ἐπικρα-

459 476 564 531 bus
611 474 930 544 impositum
980 479 1065 526 est
1113 484 1367 541 regnum,
1423 468 1721 540 signiﬁcari
1772 467 2029 531 arbitror,

460 573 753 637 propterea
783 563 930 633 quod
947 578 1013 617 ex
1041 560 1308 617 Hebraica
1334 561 1517 632 lingua
1546 558 2032 630 interpretantibus

457 656 664 728 Assyrii
702 656 1050 727 gubernanles
1084 653 1420 725 signiﬁcant.
1442 652 1626 723 Itaque
1652 666 1798 707 nunc
1835 651 2032 722 guber-

458 758 651 805 nantes
694 748 924 804 Romani
972 757 1121 805 sunt.
1173 745 1307 801 Nam
1347 760 1535 802 revera
1573 743 1717 801 lleus
1754 744 2027 807 universi,

456 839 828 898 Romanorum
873 842 1138 897 novacula
1170 879 1185 904 ,
1222 839 1327 894 hoc
1382 848 1466 894 est
1500 876 1517 901 ,
1552 837 1696 892 civili
1740 852 1805 891 ac
1837 836 2030 892 bellica

454 932 504 984 vi
543 946 761 988 omnem
802 931 1042 987 Iudaica:
1067 933 1245 1003 gentis
1266 930 1515 1001 gloriam,
1546 928 1601 983 in
1626 944 1730 998 qua
1760 928 1912 998 prius
1935 944 2031 983 su-

461 1022 764 1093 perbiebat,
816 1037 1144 1092 omnemque
1199 1023 1442 1092 ipsorum
1470 1020 1865 1085 fortitudinem,
1909 1035 2031 1091 quae

461 1130 558 1185 per
604 1114 830 1169 barbam
854 1123 908 1170 et
938 1114 1078 1184 pilos
1115 1114 1312 1186 pedum
1362 1114 1720 1185 signiﬁcatur,
1779 1115 2026 1169 abstulit.

459 1206 651 1278 Neque
679 1207 825 1262 enim
852 1206 958 1260 alio
1006 1221 1243 1277 unquam
1266 1214 1511 1276 tempore
1532 1206 1683 1275 prius
1710 1221 1871 1275 quam
1907 1212 2027 1275 post

462 1298 762 1356 Salvatoris
803 1299 997 1359 nostri.
1034 1299 1139 1354 hoc
1181 1307 1286 1360 est.
1335 1305 1457 1369 post
1507 1299 1683 1368 ipsius
1708 1297 2027 1353 Emmanuel

460 1398 663 1451 crium,
716 1404 877 1443 omne
915 1389 1025 1444 illis
1053 1397 1433 1444 ornamentum
1466 1389 1690 1443 abstulit
1739 1387 1882 1445 Deus
1931 1404 2027 1459 per

460 1485 824 1554 principatum
873 1482 1265 1538 Romanorum.
1300 1481 1407 1538 Sed
1440 1498 1536 1553 pro
1570 1501 1589 1535 ι
1616 1497 1742 1554 rege
1772 1482 2026 1555 Assyrio-

462 1590 583 1629 rum
621 1593 641 1627 ι
675 1573 868 1643 Aquila
906 1571 1165 1643 quidem,
1203 1590 1223 1623 ι
1264 1572 1321 1626 in
1365 1586 1533 1642 regno
1575 1570 1950 1643 Assyriorum,
1999 1589 2019 1623 ι

458 1663 797 1720 Theodotion
821 1670 1027 1726 autem,
1063 1680 1082 1713 ι
1109 1661 1163 1716 in
1195 1677 1320 1732 rege
1355 1661 1707 1731 Assyriorum
1742 1687 1762 1715 ι
1795 1676 2024 1717 conver-

457 1755 544 1821 tit,
574 1753 810 1825 itemque
841 1753 1238 1828 Symmachus;
1260 1755 1351 1824 qui
1379 1754 1597 1825 quidem
1630 1754 1712 1809 sic
1729 1754 2022 1810 ostendunt

456 1847 601 1918 quod
630 1863 739 1903 non
762 1847 1280 1916 regis'Assyriornm
1311 1856 1477 1918 caput
1506 1846 1877 1904 abradendum
1898 1862 2021 1903 esse

455 1939 694 1995 minetur
712 1941 1015 2002 oraculum,
1034 1940 1130 1996 sed
1154 1939 1297 2012 regis
1324 1940 1445 2009 ejus
1475 1940 1759 2007 novacula,
1776 1949 1939 2009 atque
1963 1939 2019 1993 in

454 2043 522 2085 eo
548 2028 667 2098 ipso
691 2042 817 2100 rege
842 2028 1214 2100 Assyriorum,
1250 2030 1318 2086 iis
1340 2044 1462 2100 qua:
1493 2031 1549 2087 in
1586 2029 1689 2085 hac
1737 2030 2019 2101 prophetia

456 2121 806 2207 continentur
820 2120 1156 2181 adiciendam
1185 2137 1308 2178 esse
1333 2119 1618 2177 Iudaicam
1647 2120 2019 2193 gentemJlaec

455 2221 635 2270 autem
666 2214 828 2271 etiam
855 2215 975 2285 ipso
996 2224 1196 2280 eventu
1230 2215 1676 2286 comprobantur.
1709 2213 1815 2270 Per
1844 2216 2015 2271 otium

455 2322 585 2363 vero
633 2310 1010 2379 unusquisque
1052 2309 1156 2363 alia
1187 2310 1471 2380 complura
1493 2349 1508 2373 ,
1540 2308 1586 2365 si
1617 2309 2015 2375 observaverit,

453 2400 596 2472 apud
619 2401 913 2472 prophetas
940 2400 1197 2461 inveniet.
1220 2402 1376 2471 quasi
1402 2400 1469 2457 de
1495 2416 1728 2472 persona
1772 2400 2019 2472 Assyrio-

453 2506 572 2546 ruzn
627 2491 794 2555 dicta,
826 2507 948 2562 qua:
974 2491 1124 2546 nullo
1145 2492 1309 2546 modo
1341 2491 1747 2546 accommodari
1774 2490 2017 2561 Assyriis

452 2588 695 2651 possunt.
733 2581 830 2637 sed
858 2598 1024 2653 regno
1052 2582 1197 2652 quod
1246 2597 1340 2652 per
1382 2580 1595 2652 singula
1628 2588 1872 2650 tempora
1904 2582 2020 2636 uni-

451 2673 625 2729 versis
645 2674 897 2744 gentibus
942 2672 1271 2729 dominetur.
1304 2671 1517 2729 Etenim
1545 2671 1659 2742 jam
1692 2673 1856 2728 etiam
1888 2673 2019 2728 Per-

451 2775 543 2816 sas
576 2761 719 2831 apud
752 2758 1004 2818 Hebraeos
1053 2762 1359 2818 invenimus
1409 2760 1664 2832 Assyrios
1727 2763 2014 2820 nominari.

450 2852 721 2921 Quocirca
746 2868 891 2909 nunc
921 2868 1139 2925 quoque
1158 2854 1481 2923 putavimus
1508 2854 1875 2925 principatum
1914 2855 2017 2913 Ro-

451 2959 736 3000 manorum
762 2944 867 3000 hoc
884 2946 1108 3001 oraculo
1158 2945 1475 3018 signiﬁcari.
1517 2947 1837 3005 Gubernare
1868 2952 2013 3008 enim

450 3036 627 3139 ipsum
661 3037 829 3104 hinc,
858 3045 911 3139 et
934 3038 1182 3139 eumdem
1211 3039 1500 3110 gubernari
1524 3057 1552 3096 a
1575 3044 1705 3139 Deo,
1738 3049 1861 3114 post
1893 3042 2013 3098 Sal—
2033 3071 2087 3139 α

450 3129 655 3184 vatoris
708 3129 882 3185 nostri
938 3129 1229 3184 adventum
1272 3132 1568 3186 cernimus.
1613 3129 1783 3188 Nemo
1835 3141 2013 3188 tamen

450 3219 759 3291 suspicetur
785 3221 967 3275 omnia
1000 3236 1103 3277 nos
1131 3221 1334 3288 dicere,
1359 3239 1697 3294 quacunque
1729 3225 1786 3280 in
1815 3224 2013 3281 divinis

450 3311 609 3366 libris
638 3309 705 3366 de
735 3311 975 3382 Assyriis
1006 3312 1277 3382 leguntur,
1319 3313 1387 3368 ad
1419 3312 1696 3371 Romanos
1731 3331 1853 3373 esse
1882 3317 2014 3373 refe-

448 3403 616 3458 renda
641 3402 870 3475 (fatuum
898 3404 1043 3459 enim
1062 3404 1115 3460 id
1127 3413 1287 3476 atque
1307 3407 1655 3477 impudentiae
1672 3409 2010 3481 obnoxium),

450 3495 546 3552 sed
578 3497 845 3566 quasdam
891 3512 1014 3552 esse
1062 3499 1409 3570 propheticus
1450 3515 1631 3566 voces,
1664 3503 2008 3568 testimoniis,

449 3603 572 3658 qua:
600 3587 668 3643 de
707 3589 925 3645 Christo
949 3588 1221 3656 feruntur,
1257 3593 1573 3663 implicitas,
1606 3611 1746 3665 quas
1777 3595 2011 3652 dicimus

449 3681 516 3737 de
551 3680 809 3738 Ruinanis
865 3698 960 3753 per
1009 3683 1352 3756 Assyriorum
1406 3688 1819 3756 appellationem
1866 3688 2011 3743 acci-

447 3777 675 3846 plenlas
730 3791 797 3832 ex
856 3777 1095 3832 numinis
1154 3782 1622 3850 interpretatione,
1671 3781 1817 3852 quod
1860 3798 2007 3838 sem-

446 3881 544 3938 per
583 3882 806 3936 regnum
870 3866 1024 3929 illud,
1055 3868 1200 3938 quod
1231 3885 1326 3939 per
1353 3870 1563 3940 singula
1596 3878 1837 3941 tempora
1882 3887 2013 3942 gen-

448 3955 595 4011 tihus
650 3957 961 4027 impnsitum
1014 3965 1130 4022 est,
1198 3966 1580 4030 repraesentat,
1661 3960 2011 4030 quemadmo-

445 4045 576 4102 dum
624 4063 725 4103 suo
790 4057 1036 4120 tempore
1093 4048 1611 4107 demonstrabimus.
1675 4053 1850 4122 Atque
1911 4066 2011 4124 ego

444 4135 665 4207 quidem
696 4176 714 4204 ,
769 4136 898 4193 dum
955 4139 1119 4208 huius
1173 4139 1532 4205 expositionis
1586 4141 1849 4196 rationem
1896 4156 2011 4196 me-

447 4242 573 4282 cum
623 4226 859 4298 inquiro,
925 4230 1161 4285 arbitror
1212 4231 1282 4285 ob
1326 4231 1461 4286 nihil
1503 4230 1650 4285 aliud
1690 4230 1851 4302 323
1889 4246 2011 4287 ora-

447 4317 569 4373 cula
643 4318 958 4388 prophetica
1014 4336 1127 4376 non
1186 4336 1613 4378 commemorare
1688 4324 2009 4378 nominatim

2131 466 2329 522 τοῦσαν
2373 467 2482 521 τῶν
2531 464 2700 520 ὲθνῶν
2750 462 3021 535 βασιλείαν
3065 462 3425 535 σημαίνεσθαι
3448 503 3464 522 .
3502 462 3585 518 διὰ
3627 467 3694 520 τὸ

2130 560 2605 624 κατευθύναι-τας
2635 555 2742 611 ἀπὸ
2777 556 2876 626 τῆς
2919 554 3183 627 Ἐὃραίων
3214 556 3397 627 φωνῆς
3430 557 3695 629 ἑρμηνεύο

2129 649 2284 703 εσθαι
2328 648 2453 713 τοὺς
2500 647 2838 721 Ἀσσυρίους·
2870 644 3011 699 ὥστε
3041 642 3181 706 εἶναι
3223 647 3522 717 Ῥωμαίους
3565 649 3691 712 τούς

2128 744 2225 799 νῦν
2253 742 2697 808 κατευθύνοντας.
2736 746 2888 800 Ἐπεὶ
2915 745 3011 800 καὶ
3050 743 3264 815 ἀληθῶς
3295 743 3376 815 τῷ
3409 744 3693 814 Ῥωμαίων

2130 835 2296 910 ξυρῷ,
2315 837 2432 907 ῆτοι
2462 840 2528 909 τῇ
2553 837 2796 909 πολιτικῇ
2829 838 2923 892 καὶ
2951 836 3214 909 πολεμικῇ
3239 836 3487 907 δυνάμει,
3511 838 3691 890 πᾶσαν

2127 930 2224 1000 τὴν
2251 927 2408 994 δόξαν
2431 928 2528 982 τοῦ
2565 929 2828 982 Ἰουδαίων
2858 928 3042 993 ἔθνους
3061 968 3075 992 ,
3105 929 3164 981 ὲν
3194 923 3311 1001 ᾔτὸ
3339 928 3469 1000 πρὶν
3493 926 3693 999 ἐκόμα,

2128 1019 2223 1074 καὶ
2250 1021 2429 1074 πᾶσαν
2463 1020 2641 1076 αὐτῶν
2663 1020 2761 1091 τὴν
2787 1021 3039 1092 ἀνδρείαν
3066 1021 3155 1076 διὰ
3178 1021 3272 1075 τοῦ
3306 1021 3566 1092 πώγωνος
3598 1022 3695 1076 καὶ

2125 1112 2235 1165 τῶν
2266 1111 2468 1184 τριχῶν
2500 1113 2595 1166 καὶ
2621 1112 2730 1165 τῶν
2762 1112 2938 1167 ποδῶν
2971 1114 3391 1186 σημαινομένην,
3423 1114 3695 1186 περιεῖλεν

2124 1203 2154 1256 6
2182 1203 2287 1257 τῶν
2321 1203 2455 1257 ὅλων
2485 1203 2635 1267 Θεός.
2676 1204 2808 1258 Οὐδὲ
2841 1205 3028 1260 ἄλλοτε
3059 1206 3187 1275 γοῦν
3219 1223 3305 1261 πω
3343 1207 3608 1279 πρότερον
3632 1207 3693 1274 ἐξ

2124 1294 2321 1358 αίῶνος
2344 1294 2376 1366 ἢ
2412 1293 2551 1365 μετὰ
2578 1294 2676 1366 τὴν
2703 1293 2798 1348 τοῦ
2830 1295 3081 1367 Σωτῆρος
3109 1295 3288 1368 ἡμῶν,
3308 1295 3473 1350 αὐτοῦ
3496 1296 3565 1368 δὴ
3596 1295 3690 1351 τοῦ

2137 1385 2485 1458 Ἐμμανουὴλ
2514 1385 2725 1455 γένεσιν
2744 1425 2758 1448 .
2789 1387 3055 1459 περιεῖλεν
3097 1386 3272 1441 αὐτῶν
3298 1389 3328 1441 6
3350 1387 3481 1451 Θεὸς
3514 1388 3692 1443 πάντα

2122 1477 2213 1531 τὸν
2239 1478 2461 1550 κόσμον,
2490 1478 2578 1533 διὰ
2609 1479 2708 1550 τῆς
2737 1478 2845 1531 τῶν
2884 1479 3165 1549 Ῥωμαίων
3192 1478 3391 1550 ἀρχῆς
3427 1480 3575 1532 Ἀντ¹ι
3604 1479 3688 1542 δὲ,

2123 1569 2217 1624 τοῦ
2245 1552 2506 1641 βασιλέως
2549 1571 2866 1643 Ἀσσυρίων,
2900 1571 2929 1624 6
2960 1571 3057 1642 μὲν
3095 1569 3354 1635 Ἀκύλας,
3391 1591 3411 1622 ι
3446 1572 3505 1626 ἐν
3536 1571 3694 1643 βασι-ο

2123 1661 2243 1736 λείᾳ
2284 1664 2611 1735 Ἀσσυρίων,
2644 1682 2663 1714 ι
2711 1664 2741 1716 6
2773 1662 2831 1717 δὲ
2876 1662 3195 1727 Θεοδοτίων,
3230 1681 3250 1714 ι
3278 1666 3336 1716 ὲν
3361 1661 3443 1733 τῷ
3480 1662 3695 1733 βασιλεῖ

2124 1753 2231 1807 τῶν
2269 1754 2589 1826 Ἀσσυρίων,
2624 1773 2643 1806 ι
2677 1754 2970 1807 ἐκδέδωκεν
2990 1771 3003 1785 ’
3036 1754 3233 1826 ὁμοίως
3261 1754 3318 1808 δὲ
3346 1756 3441 1808 καὶ
3464 1754 3691 1825 Σύμμαο

2124 1862 2215 1917 χος
2238 1862 2251 1876 ⁵
2281 1845 2450 1914 σαφὲς
2478 1844 2788 1910 ποιοῦντες,
2827 1846 2908 1900 ὅτι
2954 1846 3028 1918 μὴ
3062 1845 3155 1900 τοῦ
3195 1845 3459 1917 βασιλέως
3497 1849 3693 1902 Ἀσσυ-

2127 1936 2255 2009 ρίων
2284 1935 2380 2008 τὴν
2408 1935 2649 2007 κεφαλὴν
2682 1936 2933 2010 ξυρήσειν
2963 1939 2993 1991 6
3032 1937 3186 2006 λόγος
3212 1937 3456 2002 ἀπειλεῖ,
3483 1938 3593 1992 ἀλλ’
3628 1941 3688 1993 ἐν

2122 2025 2200 2097 τῷ
2231 2025 2392 2079 αὐτοῦ
2425 2024 2599 2098 ξυρῷ,
2628 2026 2722 2080 καὶ
2747 2028 2805 2080 ἐν
2834 2027 2981 2098 αὐτῷ
3002 2044 3062 2080 τε
3088 2026 3167 2098 τῷ
3194 2027 3403 2099 βασιλεῖ
3423 2028 3532 2082 τῶν
3568 2029 3691 2083 Ἀσ-

2127 2116 2323 2190 συρίων
2368 2116 2436 2170 τὰ
2489 2117 2934 2191 προφητευόμενα
2978 2118 3254 2190 διαθήσειν
3307 2118 3370 2173 τὸ
3420 2120 3691 2175 Ἰουδαίων

2122 2211 2292 2277 ἔθνος.
2321 2211 2540 2278 Τούτοις
2570 2208 2665 2267 οὖν
2689 2213 2784 2267 καὶ
2830 2214 2864 2285 ὴ
2899 2212 3121 2277 ἔκϐασις
3167 2215 3537 2288 ἐπιμαρτυρεῖ
3575 2214 3689 2269 τῶν

2121 2304 2310 2375 λόγων.
2348 2305 2469 2359 Ἐπὶ
2502 2305 2694 2377 σχολῆς
2720 2305 2777 2360 δέ
2804 2322 2887 2370 τις
2915 2307 3005 2360 καὶ
3024 2307 3250 2363 πλεῖστα
3281 2307 3460 2381 ἕτερα,
3493 2310 3689 2383 ὥσπερ

2121 2398 2200 2462 είς
2239 2397 2537 2469 Ἀσσυρίων
2567 2397 2855 2469 πρόσωπον
2888 2400 2945 2451 ἐν
2975 2401 3097 2463 ταῖς
3139 2399 3487 2471 προφητείαις
3526 2402 3688 2472 είρη-

2125 2488 2263 2560 μένα
2291 2488 2441 2561 εὖροι
2471 2488 2538 2543 ἂν
2573 2490 2929 2562 ἐπιτηρήσας,
2952 2489 3200 2561 οὐδαμῶς
3227 2488 3328 2560 μὲν
3350 2492 3455 2555 τοῖς
3486 2491 3689 2544 Ἀσσυ-

2124 2577 2257 2649 ρίοις
2282 2578 2587 2651 ἐφαρμόσαι
2611 2579 2905 2651 δυνάμενα,
2928 2582 2992 2650 τῇ
3021 2579 3080 2633 δὲ
3127 2579 3492 2653 ὲπικρατούση
3522 2580 3691 2634 καθό-

2119 2668 2209 2723 λου
2241 2669 2348 2723 τῶν
2381 2671 2521 2725 κατὰ
2544 2672 2767 2744 χρόνους
2785 2670 2955 2725 ἐθνῶν
2988 2671 3249 2744 βασιλείᾳ.
3279 2672 3417 2745 Ἤδη
3442 2671 3572 2740 ¹γοῦν
3590 2676 3690 2729 καὶ

2121 2763 2334 2837 Πέρσας
2384 2763 2614 2836 εὕρομεν
2662 2763 2814 2837 παρὰ
2867 2764 3138 2835 Ἑϐραίοις
3189 2764 3505 2837 Ἀσσυρίους
3555 2765 3690 2820 ὠνο-

2121 2854 2448 2927 μασμένους.
2501 2857 2591 2909 Διὸ
2628 2856 2723 2909 καὶ
2771 2854 2866 2909 νῦν
2922 2855 3294 2928 ὑπειλήφαμεν
3348 2856 3687 2912 αίνίττεσθαι

2117 2947 2209 3003 τὸν
2241 2948 2394 3018 λόγον
2420 2948 2518 3020 τὴν
2546 2949 2828 3020 Ῥωμαίων
2876 2950 3050 3022 ἀρχήν
3069 2966 3082 2979 ·
3120 2949 3553 3005 κατευθύνουσαν
3578 2951 3689 3023 γὰρ

2119 3039 2213 3093 καὶ
2237 3038 2707 3110 κατευθυνομένην
2738 3038 2844 3093 ὑπὸ
2870 3039 2962 3093 τοῦ
2983 3038 3119 3093 Θεοῦ
3154 3038 3290 3110 μετὰ
3316 3039 3415 3111 τὴν
3432 3040 3688 3113 Σωτῆρος

2114 3129 2270 3202 ἡμῶν
2312 3130 2611 3201 παρουσίαν
2661 3130 2892 3202 ὁρῶμεν.
2928 3131 3132 3202 Μηδεὶς
3161 3130 3217 3184 δὲ
3260 3131 3688 3203 ὑπολαμϐανέτω

2115 3223 2293 3276 πάντα
2350 3223 2497 3293 ἡμᾶς
2541 3221 2720 3291 λέγειν
2763 3205 2831 3276 τὰ
2904 3224 3032 3296 περὶ
3080 3223 3377 3296 Ἀσσυρίων
3438 3226 3501 3277 ὲν
3566 3228 3685 3290 ταῖς

2113 3314 2284 3378 θείαις
2334 3314 2608 3386 φερόμενα
2635 3314 2876 3386 Γραφαῖς
2916 3316 3009 3369 ἐπὶ
3044 3314 3346 3385 Ῥωμαίους
3383 3315 3684 3384 ἀνάγεσθαι

2114 3404 2335 3477 (ἠλίθιον
2373 3406 2482 3480 γὰρ
2513 3407 2606 3461 καὶ
2645 3408 2856 3473 ἀναιδὲς
2898 3407 3128 3480 τοῦτο),
3168 3407 3302 3463 ἀλλά
3345 3425 3498 3474 τινας
3540 3405 3682 3463 εἶναι

2112 3498 2454 3570 πῳφητικὰς
2500 3498 2681 3570 φωνὰς
2718 3502 2836 3564 ταῖς
2889 3501 3017 3572 περὶ
3058 3498 3153 3553 τοῦ
3193 3499 3427 3571 Χριστοῦ
3479 3517 3684 3572 μαρτυ-

2112 3588 2257 3660 ρίαις
2326 3588 2973 3660 συμπεριπεπλεγμένας,
3023 3590 3088 3654 ἃς
3144 3607 3323 3662 φαμεν
3370 3592 3502 3663 περὶ
3549 3594 3687 3647 Ῥω-

2115 3680 2286 3753 μαίων
2323 3680 2651 3735 αίνίττεσθαι
2680 3681 2766 3735 διὰ
2797 3681 2900 3752 τῆς
2932 3681 3038 3735 τῶν
3070 3682 3369 3755 Ἀσσυρίων
3409 3700 3683 3755 προσηγο-

2116 3773 2234 3847 ρίας
2258 3813 2273 3839 ,
2309 3775 2374 3827 ὲκ
2405 3773 2503 3845 τῆς
2540 3772 2634 3827 τοῦ
2673 3773 2933 3843 ὀνόματος
2961 3774 3251 3845 ἑρμηνείας
3280 3774 3390 3827 alet
3426 3792 3681 3830 συνιστα-

2114 3863 2282 3937 μένης
2324 3866 2423 3936 τῆς
2469 3865 2611 3919 κατὰ
2642 3864 2866 3937 χρόνους
2913 3864 3313 3939 ἐπικρατούσης
3357 3866 3466 3919 τῶν
3508 3867 3681 3921 ἐθνῶν

2112 3955 2405 4026 βασιλείας,
2435 3957 2511 4022 ὡς
2536 3957 2628 4011 ἐπὶ
2663 3956 2855 4030 καιροῦ
2886 3955 2980 4011 τοῦ
3007 3958 3372 4030 προσήκοντος
3400 3961 3684 4031 παραστή-

2112 4032 2294 4118 σομέν.
2314 4049 2424 4102 Καὶ
2455 4048 2629 4118 ἔγωγε
2657 4050 2748 4104 τὸν
2779 4049 3035 4120 λογισμὸν
3057 4049 3158 4120 τῆς
3185 4050 3357 4122 αὐτῆς
3374 4052 3685 4118 ἀποδόσεως

2112 4140 2250 4212 πρὸς
2277 4142 2509 4212 ἐμαυτὸν
2548 4141 2970 4214 διερευνώμενος
2989 4181 3005 4207 ,
3042 4139 3192 4214 οἶμαι
3223 4143 3290 4196 δι’
3317 4144 3472 4197 οὐδὲν
3497 4144 3686 4217 ἕτερον

2112 4231 2186 4303 μὴ
2209 4232 2469 4303 ὀνομαστὶ
2498 4233 2605 4287 τῶν
2643 4233 2924 4304 Ῥωμαίων
2959 4232 3324 4305 μνημονεῦσαι
3364 4235 3434 4289 τὰ
3471 4252 3687 4309 προφηρ

2108 4321 2237 4375 τικὰ
2268 4322 2421 4392 λόγια
2450 4322 2594 4395 ἢδιὰ
2623 4323 2683 4376 τὸ
2715 4322 2924 4394 μέλλειν
2955 4324 3045 4377 ἐπὶ
3070 4324 3169 4394 τῆς
3207 4324 3494 4394 Ῥωμαίων
3524 4326 3685 4397 βασι-

444 4404 745 4472 Rmnanos,
774 4425 937 4480 quam
970 4413 1113 4482 quod
1148 4413 1407 4469 Romanis
1450 4414 1824 4483 regnantibus,
1886 4413 2007 4469 Sal-

2119 4414 2253 4479 λείας
2290 4417 2387 4486 τὴν
2431 4414 2524 4468 τοῦ
2577 4413 2826 4485 Σωτῆρος
2868 4414 3024 4485 ἡμῶν
3063 4415 3235 4485 Ἰησοῦ
3287 4418 3524 4488 Χριστοῦ
3570 4420 3687 4473 δια-

446 4500 653 4556 vatoris
710 4502 884 4557 nostri
947 4502 1193 4560 doctrina
1228 4506 1281 4560 in
1314 4520 1505 4562 omnes
1536 4505 1783 4562 homines
1848 4521 2007 4562 suum

445 4590 627 4646 lumen
680 4599 797 4647 erat
846 4594 1101 4660 missura,
1146 4604 1201 4652 et
1246 4594 1542 4669 Scriptum
1586 4598 1913 4669 prophetica:
1953 4598 2007 4652 in

446 4680 563 4754 ipsa
600 4681 964 4740 Romanorum
1006 4689 1138 4743 urbe
1158 4696 1213 4744 et
1250 4689 1303 4743 in
1343 4690 1598 4744 omnibus
1620 4690 1872 4755 gentibus
1895 4689 2007 4744 Ro-

447 4788 610 4830 mano
652 4775 879 4846 imperio
913 4777 1176 4847 subjectis
1216 4779 1575 4849 publicanda.
1612 4778 1689 4835 Ne
1736 4781 1903 4850 igitur
1941 4780 2008 4836 iis

443 4864 540 4934 qui
584 4864 870 4935 imperium
906 4865 1225 4921 obtinebant
1268 4868 1373 4921 ulla
1407 4867 1645 4922 oriretur
1677 4865 1925 4927 oﬁ‘ensio.
1959 4867 2006 4922 si

446 4953 515 5010 de
536 4955 669 5026 ipsis
702 4954 1045 5026 apertissime
1074 4960 1338 5029 scriptum
1362 4967 1528 5022 esset,
1559 4959 1831 5015 sermonis
1857 4959 2008 5013 adhi-

446 5047 558 5102 bita
588 5058 671 5105 est
706 5051 760 5104 in
792 5051 1031 5107 oraculis
1053 5051 1379 5114 obscuritas,
1405 5067 1528 5106 cum
1560 5051 1776 5120 quidem
1802 5052 1856 5106 in
1885 5050 2010 5108 aliis

448 5142 714 5212 pluribus.
737 5150 848 5195 tum
881 5158 1009 5197 vero
1035 5143 1087 5197 in
1116 5141 1354 5198 Danielis
1383 5142 1686 5197 visionibus
1714 5141 2010 5212 :quemad-

447 5234 665 5287 modum
703 5234 756 5288 in
791 5234 893 5290 hac
928 5251 1163 5306 quoque,
1201 5249 1321 5304 qua:
1346 5251 1489 5290 nunc
1537 5235 1592 5289 in
1618 5236 1871 5291 manibus
1898 5242 2004 5296 est.

444 5324 750 5395 prophetia,
780 5342 901 5396 qum
927 5343 1051 5382 cum
1088 5326 1341 5399 Assyrios
1363 5327 1612 5397 appellet,
1643 5326 2008 5396 gubernantcs

448 5414 721 5489 intelligit.
745 5416 946 5475 Horum
975 5436 1105 5492 ergo
1126 5421 1409 5486 novacula,
1433 5420 1742 5475 universum
1770 5419 2009 5475 Judaica:

448 5510 628 5575 gentis
656 5521 1055 5577 ornamentum,
1090 5522 1212 5582 post
1258 5514 1429 5583 ipsius
1463 5510 1777 5568 Emmanuel
1827 5521 2006 5567 ortum

448 5595 838 5664 abradcndum,
884 5599 986 5655 hoc
1028 5611 1111 5657 est
1140 5601 1485 5666 abolendum,
1535 5603 1699 5657 canit.
1746 5600 2008 5658 Praeterea

445 5688 501 5741 in
528 5702 588 5743 ea
614 5686 699 5740 die
726 5690 791 5750 de
816 5706 927 5759 qua
944 5691 1147 5748 dictum
1171 5700 1272 5759 est,
1297 5693 1488 5764 ipsius,
1529 5694 1770 5764 inquam,
1795 5694 2007 5748 Emma-

2113 4505 2344 4577 λάμπειν
2376 4507 2455 4571 είς
2487 4506 2692 4570 πάντας
2719 4504 3033 4578 ἀνθρώπους
3064 4507 3431 4571 διδασκαλίαν,
3466 4512 3565 4564 καὶ
3586 4511 3685 4576 τὰς

2113 4596 2454 4670 προφητικὰς
2479 4596 2701 4669 Γραφὰς
2722 4599 2807 4650 ἐπ’
2834 4599 3005 4670 αὐτῆς
3038 4616 3096 4653 τε
3134 4599 3231 4670 τῆς
3270 4600 3559 4671 Ῥωμαίων
3590 4602 3687 4656 πό-

2112 4687 2267 4752 λεως,
2297 4689 2389 4743 καὶ
2430 4690 2486 4741 ὲν
2517 4690 2650 4742 πᾶσι
2681 4691 2791 4751 τοῖς
2834 4687 2937 4741 ὑπὸ
2967 4690 3268 4759 Ῥωμαίους
3298 4688 3477 4744 ἔθνεσι
3513 4690 3687 4764 δημο-

2116 4780 2405 4834 σιεύεσθαι.
2435 4781 2529 4834 "Iv’
2561 4776 2653 4835 οῦν
2679 4783 2792 4844 τοῖς
2828 4779 2928 4850 τῆς
2961 4781 3133 4853 ἀρχῆς
3162 4781 3426 4855 κρατοῦσι
3456 4783 3689 4856 δυσαρέο

2116 4888 2301 4943 στησις
2347 4870 2582 4944 μηδεμία
2623 4871 2842 4942 γένηται
2877 4871 2942 4924 ὲκ
2971 4872 3071 4943 τῆς
3116 4871 3380 4945 προδήλου
3416 4872 3550 4944 περὶ
3586 4874 3686 4928 αὐ-

2113 4962 2221 5015 τῶν
2250 4963 2587 5035 ἀναγραφῆς,
2619 4961 2685 5016 δι’
2710 4962 3045 5034 αἰνιγμάτων
3068 4965 3098 5016 6
3126 4962 3280 5032 λόγος
3311 4963 3682 5036 ἐπεκρύψατο,

2115 5052 2172 5106 έν
2204 5069 2261 5106 τε
2291 5053 2493 5123 ἑτέροις
2524 5051 2781 5119 πλείοσιν,
2813 5051 2874 5105 οὐ
2910 5050 3015 5123 μὴν
3046 5051 3180 5105 ἀλλὰ
3221 5053 3314 5107 καὶ
3342 5053 3400 5106 εν
3433 5055 3558 5117 ταῖς
3588 5052 3683 5107 τοῦ

2113 5143 2308 5215 Δανιὴλ
2343 5143 2614 5216 θεωρίαις,
2647 5142 2927 5216 ὡσπεροῦν
2970 5143 3065 5197 καὶ
3108 5143 3167 5197 ὲν
3203 5145 3269 5215 τῇ
3318 5143 3457 5214 μετά
3493 5146 3682 5216 χεῖρας

2114 5236 2448 5308 προφητείᾳ,
2507 5237 2566 5288 ὲν
2700 5234 3122 5298 κατευθύνοντας
3171 5235 3366 5301 αὐτοὺς
3424 5236 3681 5307 ὀνομάζει

2115 5324 2426 5400 προσειπὼν
2464 5324 2797 5398 Ἀσσυρίους.
2844 5324 2935 5396 Τῷ
2981 5325 3184 5379 τούτων
3214 5323 3504 5397 τοιγαροῦν
3535 5322 3683 5397 ξυρῷ

2115 5420 2202 5472 τὸν
2233 5418 2518 5490 σύμπαντα
2547 5416 2866 5490 κόσμονστοῦ
2905 5416 3169 5471 Ἰουδαίων
3200 5416 3385 5480 ἔθνους
3415 5415 3559 5487 μετὰ
3586 5415 3685 5488 τὴν

2114 5511 2206 5566 τοῦ
2264 5511 2606 5583 Ἑμμανουὴλ
2652 5510 2860 5580 γένεσιν
2906 5506 3361 5579 ἀφανισθήσεσθαι
3413 5505 3683 5572 θεσπίζει.

2120 5604 2239 5657 Ἔτι
2266 5602 2344 5665 δὲ,
2378 5604 2434 5657 ὲν
2484 5605 2551 5673 τῇ
2588 5600 2886 5675 δηλουμένη
2925 5600 3126 5673 ἡμέρᾳ,
3163 5599 3340 5671 (δῆλον
3386 5599 3447 5655 δὲ
3488 5601 3574 5656 ὅτι
3614 5599 3683 5668 τῇ

2118 5694 2209 5748 τοῦ
2252 5693 2612 5767 Ἐμμανουηλ,
2658 5693 2798 5748 τοῦτ’
2843 5692 2956 5748 ἔστι
3008 5692 3105 5763 τῆς
3151 5691 3243 5746 τοῦ
3278 5688 3530 5767 ⁵Χριστοῦ
3561 5690 3682 5743 επι-
