3868 6196
10 5568 45 5585 λ,

223 279 315 337 509

1075 240 2215 346 neuoxsrnmoms.nuncnum
2255 288 2386 351 me.
2422 289 2534 348 vn.

3355 303 3457 359 MO

213 394 475 465 ςανείας,)
511 413 531 446 ι
582 395 805 467 Θρέςιει,
838 413 854 446 ι
907 396 1087 467 φησὶν,
1140 416 1158 447 ι
1211 398 1491 470 ἄνθρωπος
1546 400 1756 472 δάμαλιε

1844 446 1851 462 ,
1880 402 2025 469 nuel,
2058 420 2177 474 quae
2195 414 2280 460 est
2303 407 2420 462 dies
2446 407 2712 463 adventus
2737 407 2963 474 Christi,
2994 427 3013 461 ι
3043 409 3277 478 Nutriet,
3317 434 3335 467 ι
3371 416 3453 468 in-

209 486 361 558 βοιῖιν,
395 489 491 541 καὶ
521 485 613 539 δύο
638 488 911 558 πρόϐατα·
940 488 1031 540 καὶ
1064 488 1236 553 ἔσται,
1270 489 1376 543 ἀπὸ
1413 490 1506 543 τοῦ
1534 491 1781 547 πλεῖστον

212 582 374 630 ποιεῖν
407 578 569 646 γάλα.
603 577 858 649 βούτυρον
890 580 981 632 καὶ¹
1016 580 1135 649 μέλι
1166 581 1397 649 φάγεται
1422 583 1527 645 πᾶς
1554 584 1581 635 ὁ
1614 600 1780 635 κατα-

199 666 436 734 λειφθεὶς
458 668 553 718 ἐπὶ
580 667 677 737 τῆς
700 668 822 738 γῆς.
864 687 882 718 ι
914 670 989 720 Δι’
1016 662 1090 721 ὧν
1114 670 1243 741 φαίη
1275 671 1338 723 ἂν
1368 689 1449 734 τις
1475 673 1592 742 ήτοι
1624 673 1778 743 λιμὸν

203 758 552 822 αἰνίττεσθαι,
604 760 698 811 καὶ
745 761 1014 830 πτωχείαν
1072 762 1511 834 ὑπερϐάλλουσαν
1571 764 1663 817 τοῦ
1715 767 1777 819 ἐκ

203 851 502 921 περιτομῆς
533 850 682 913 λαοῦ,
718 852 790 923 μὴ
826 853 1177 924 εὐποροῦντος
1214 855 1311 925 μὲν
1345 855 1443 924 τῆς
1491 856 1597 909 ἀπὸ
1629 857 1774 910 σίτου

197 943 333 995 κατά
386 943 552 1011 φύσιν
597 946 821 1015 τροφῆς,
857 944 987 1016 μηδὲ
1025 946 1130 1015 γῆν
1166 946 1440 1013 ἀροῦντος,
1485 948 1577 1000 καὶ
1620 950 1774 1001 σπεί-

195 1050 420 1103 ροντος,
472 1037 569 1089 καὶ
615 1036 944 1108 θερίζοντος,
1002 1039 1135 1108 μηδὲ
1189 1040 1420 1111 ποίμνας
1469 1042 1770 1113 προϐάτων,

193 1129 327 1200 μηδὲ
364 1129 508 1200 βοῶν
531 1129 727 1198 ἀγέλας
757 1131 1112 1200 κεκτημένου,
1144 1133 1400 1202 ἐχομένου
1427 1133 1483 1186 δὲ
1517 1133 1609 1186 δύο
1641 1152 1772 1204 προ-

187 1221 371 1274 ϐάτων
409 1221 505 1275 καὶ
533 1221 814 1291 δαμάλεως
849 1224 996 1291 μιᾶς,
1040 1222 1097 1275 τὸ
1139 1223 1340 1277 τούτων
1378 1224 1516 1293 γάλα
1552 1227 1769 1297 ποριζο-

188 1313 376 1382 μένου.
414 1314 487 1366 ’Ὴ
517 1314 687 1377 ἄλλως
714 1315 1071 1385 τροπολογῶν,
1102 1316 1191 1368 τὸν
1224 1318 1321 1386 μὲν
1347 1317 1769 1387 καταλειφθέντα

186 1404 278 1455 ἐπὶ
309 1403 416 1472 τῆς
447 1404 553 1472 γῆς
578 1403 905 1458 αἰνίττεσθαι
934 1407 1061 1475 φαίη
1101 1405 1165 1459 ἂν
1206 1407 1294 1460 τὸν
1320 1408 1428 1462 τῶν
1454 1410 1516 1462 ἐκ
1552 1427 1765 1480 περιτο-

183 1495 297 1563 μῆς
319 1496 404 1558 είς
426 1496 518 1547 τὸν
541 1497 770 1567 Σωτῆρα
796 1499 887 1551 καὶ
916 1500 1116 1571 Κύριον
1144 1501 1301 1571 ἡμῶν
1333 1503 1766 1555 πεπιστευκότων

176 1586 504 1639 οποστὸλων
534 1604 595 1639 τε
644 1589 735 1641 καὶ
762 1589 1154 1657 εύαγγελιστῶν
1186 1592 1369 1662 χορόν·
1400 1585 1474 1645 ὧν
1516 1592 1763 1657 ἕκαστος,

172 1679 401 1751 λεῖμμα
428 1681 548 1733 κατ’
576 1681 806 1752 ἐκλογὴν
833 1682 1051 1753 χάριτος
1075 1682 1331 1751 γεγονὼς,
1368 1685 1460 1737 καὶ
1491 1683 1579 1737 διὰ
1606 1684 1763 1737 τοῦτο

172 1781 197 1829 ί.
245 1770 640 1840 καταλειφθεὶς
685 1773 775 1825 ἐπὶ
813 1774 910 1843 τῆς
956 1775 1056 1844 γῆς
1092 1773 1494 1845 ὠνομασμένος,
1542 1774 1761 1847 θρέψειν

178 1866 392 1932 ἰέγεται
440 1864 678 1934 δάμαλιν
723 1865 877 1934 βοῶν,
912 1868 1004 1920 καὶ
1046 1868 1137 1921 δύο
1171 1868 1436 1938 πρόϐατα,
1477 1870 1602 1940 τρία
1642 1871 1761 1925 καθ’

178 1959 415 2027 ἐκάην
432 1956 764 2028 Ἐκκλησίαν
794 1960 1064 2027 τάγματα,
1098 1960 1155 2011 ἓν
1188 1961 1288 2030 μὲν
1312 1961 1371 2014 τὸ
1396 1960 1502 2013 τῶν
1526 1963 1761 2033 ἡγουμέ-

172 2068 294 2111 νων,
317 2050 418 2103 δύο
450 2050 510 2102 δὲ
544 2050 613 2102 τὰ
651 2051 757 2103 τῶν
803 2052 1233 2122 ὑποϐεϐηκότων,
1270 2053 1361 2106 τοῦ
1388 2054 1487 2123 τῆς
1526 2054 1755 2125 Ἐκκληο

170 2142 288 2204 σίας
317 2143 419 2194 τοῦ
452 2139 695 2213 Χριστοῦ
729 2140 857 2194 λαοῦ
892 2143 969 2205 εἱς
1003 2142 1095 2195 δύο
1128 2143 1378 2213 τάγματα
1406 2144 1752 2215 διῃρημένου,

169 2234 248 2297 τίς
278 2251 339 2286 τε
366 2233 432 2287 τὸ
459 2234 571 2286 τῶν
603 2232 824 2291 πιστῶν.
856 2234 948 2285 καὶ
978 2233 1083 2285 τῶν
1142 2233 1361 2305 μηδέπω
1392 2236 1489 2306 τῆς
1517 2235 1605 2289 διὰ
1638 2237 1757 2289 λου-

181 2323 298 2393 τροῦ
328 2322 759 2392 παλιγγενεσίας
780 2323 1111 2394 ἡξιωμένων,
1135 2320 1214 2387 οἷς
1242 2326 1330 2378 καί
1366 2343 1527 2396 φησιν
1555 2328 1583 2379 ὁ
1615 2326 1755 2390 θεῖος

185 2412 539 2477 ’Δπὸστολος·
576 2416 750 2470 «Γάλα
786 2416 926 2486 ὑμᾶς
953 2417 1196 2479 ἐπότισα,
1225 2416 1284 2468 οὐ
1317 2415 1528 2488 βρῶμα.
1565 2437 1582 2468 ι
1618 2418 1754 2481 Τοὺς

174 2507 226 2560 δὲ
256 2510 312 2559 ὲν
336 2507 440 2578 ἤδη
477 2506 787 2579 τελειοτέρᾳ
823 2507 1163 2571 καθεστῶτας
1189 2506 1318 2571 ἕξει,
1360 2508 1588 2579 δάμαλιν
1618 2509 1752 2580 βοῶν

177 2599 394 2663 είκλίτως
462 2600 769 2657 ἀποκαλεῖ,
829 2604 1136 2669 γεννήματα
1199 2600 1546 2672 τελειοτέρων
1613 2600 1750 2671 βοῶν

177 2692 562 2762 τυγχάνοντας,
592 2687 705 2754 οἶος
733 2691 891 2755 αὐτὸς
934 2688 1001 2762 ἦν
1032 2693 1059 2744 ὁ
1094 2691 1429 2755 Ἀπόστολος,
1467 2693 1592 2763 περὶ
1623 2695 1749 2746 ἑαυ-

173 2784 261 2838 τοῦ
289 2787 384 2838 καὶ
421 2785 534 2837 τῶν
579 2784 971 2855 παραπλησίως
1017 2782 1163 2854 αύτῷ
1196 2785 1507 2854 καμνόντων
1541 2785 1709 2853 λέγων
1730 2804 1742 2817 ·

179 2896 197 2928 ι
232 2878 319 2948 Μὴ
347 2877 454 2930 τῶν
484 2875 624 2947 βοῶν
657 2876 808 2946 μέλει
838 2876 913 2947 τῷ
934 2876 1089 2947 Θεῷ;
1124 2896 1141 2927 ι
1180 2879 1211 2949 ἢ
1248 2877 1315 2930 δι’
1352 2880 1498 2948 ἡμᾶς
1534 2879 1747 2943 πάντως

172 2971 339 3040 λέγεις
387 2972 490 3041 Είη
524 2970 580 3022 δὲ
625 2969 692 3023 ἂν
716 2969 808 3022 καὶ
838 2956 943 3022 πᾶν
970 2971 1030 3022 τὺ
1053 2970 1235 3040 τάγμα
1250 2970 1357 3023 τῶν
1386 2971 1483 3041 τῆς
1521 2970 1747 3043 Ἐκκλη-

174 3064 285 3127 σίας
317 3061 700 3134 προεστώτων,
746 3061 908 3133 ἀροῦν
944 3080 1002 3115 τε
1051 3063 1144 3116 καὶ
1196 3067 1457 3137 γεωργεῖν
1498 3064 1597 3129 τὰς
1635 3066 1743 3118 τῶν

173 3156 464 3229 ἀνθρώπων
496 3154 673 3226 ψυχάς
716 3153 1221 3226 ἐγκεχειρισμένων,
1255 3155 1483 3226 δάμαλις
1522 3157 1737 3228 ὠνομα-

171 3251 333 3318 σμένη
364 3248 527 3318 βοῶν,
554 3246 864 3316 γεννήματα
887 3247 1222 3315 τυγχάνουσα
1245 3246 1347 3299 τῶν
1371 3247 1738 3301 ἀποπολικὼν

168 3340 375 3408 epotum
396 3354 456 3389 τε
486 3337 582 3390 καὶ
610 3334 961 3405 μαθημάτων,
978 3336 1026 3388 οἳ
1052 3336 1142 3388 καὶ
1172 3337 1251 3400 είς
1276 3336 1521 3390 τοσοῦτον
1541 3339 1738 3408 ἀρετῆς

168 3431 386 3483 ita-.8433:
396 3448 443 3482 ιν
461 3430 729 3497 λέγονται,
742 3427 816 3490 ὡς
830 3429 893 3480 ὲκ
911 3428 1224 3494 πολυγονίας
1242 3431 1489 3483 τοσοῦτον
1511 3430 1737 3501 προϐάλο

166 3520 343 3575 λεσθαι
366 3523 590 3590 γόνιμον
614 3521 703 3572 καὶ
723 3519 933 3587 λογικὸν
953 3523 1071 3583 ταῖς
1092 3522 1473 3590 είσαγωγικαῖς
1492 3522 1736 3577 διδασκα-

170 3612 297 3677 λίαις
312 3615 472 3682 γάλα,
489 3612 563 3675 ὡς
582 3614 671 3665 καὶ
687 3612 899 3682 ἐτέρους
919 3611 1136 3683 μυρίους
1153 3612 1310 3684 τρέφε
1320 3613 1436 3666 σθαι
1458 3612 1515 3678 ἐξ
1532 3615 1727 3667 αὐτῶν.

172 3705 373 3758 Τούτων
393 3705 453 3757 δὲ
479 3704 607 3775 περὶ
639 3704 746 3755 τῶν
778 3703 1238 3772 καταλειφθέντων
1272 3706 1363 3757 ἐπὶ
1389 3705 1486 3775 τῆς
1513 3705 1616 3777 γῆς
1638 3724 1731 3775 γε-

174 3797 490 3866 νησομένων,
519 3794 702 3865 ἕτερόν
730 3813 779 3848 τι
807 3794 1175 3865 συμϐήσεσθαι
1205 3796 1262 3848 ἐν
1288 3799 1350 3866 τῇ
1382 3797 1560 3868 ἡμέρα
1590 3798 1731 3850 ἐκεί-

175 3903 249 3957 νς,
280 3888 457 3957 (δῆλον
505 3886 563 3939 δὲ
592 3888 671 3940 ὃτι
720 3888 777 3938 ὲν
806 3884 881 3955 τῷ
914 3886 1087 3956 χρόνῳ
1123 3888 1220 3957 τῆς
1259 3887 1350 3939 τοῦ
1390 3888 1728 3959 Ἐμμανουήλ

180 3977 506 4048 amusing.)
532 3978 927 4047 προαναφωνεῖ.
949 3977 1012 4027 Τί
1036 3976 1091 4028 δὲ
1114 3976 1264 4030 τοῦτο
1288 3996 1300 4041 ;
1320 3998 1337 4028 ‹
1364 3980 1476 4042 Πᾶς
1496 3980 1677 4043 τόπος,
1701 3999 1720 4032 ι

176 4069 311 4136 φησὶ,
343 4086 362 4119 t
400 4065 496 4119 τοῦ
543 4070 605 4119 ἐκ
657 4068 957 4138 περιτομῆς
1000 4066 1149 4133 λαοῦ,
1173 4069 1255 4137 ἐφ’
1280 4066 1339 4121 οῦ
1378 4065 1516 4140 ἦσαν
1562 4070 1723 4141 χίλιαι

176 4160 390 4229 ἄμπελοι
437 4158 622 4229 χιλίων
670 4156 887 4223 σίκλων,
916 4161 993 4223 είς
1045 4159 1233 4231 χέρσον
1268 4160 1476 4215 ἔσονται
1523 4165 1615 4215 καὶ
1644 4164 1722 4228 εἰς

172 4252 411 4304 ἄκανθαν.
448 4250 601 4303 Μετά
633 4249 740 4320 γάρ
775 4250 955 4320 βέλους
1003 4252 1095 4304 καὶ
1132 4252 1456 4322 τοξεύματος
1484 4254 1719 4307 εἰσελεύ-

170 4360 337 4395 σονται
370 4345 486 4395 ἐκεῖ
508 4340 684 4411 (δῆλον
708 4342 751 4394 δ’
779 4343 858 4394 δτι
894 4343 941 4394 οἱ
968 4342 1250 4413 πολέμιοι),
1288 4345 1366 4397 ὅτι
1402 4344 1592 4417 χέρσος
1627 4348 1719 4399 καὶ

1793 1749 1835 1803 Β

1880 496 2019 565 quit,
2056 514 2074 547 ι
2106 497 2267 552 homo
2295 499 2584 567 iuvencam
2614 500 2797 565 boum,
2830 511 2885 556 et
2923 502 3061 557 duas
3092 512 3303 570 oves,et
3325 506 3450 567 erit,

1879 603 1945 642 ex
1986 604 2050 642 eo
2086 589 2232 657 quod
2276 591 2569 659 plurimum
2605 591 2766 646 faciet
2808 593 2910 657 lac,
2945 594 3200 665 butyrum
3247 607 3301 652 et
3353 599 3457 652 mel

1879 681 2144 746 comedet,
2195 684 2374 738 omnis
2423 685 2515 753 qui
2553 685 2774 739 relictus
2824 687 2986 741 fuerit
3030 688 3084 740 in
3137 698 3300 743 terra.
3336 709 3354 742 ι
3400 688 3456 742 in

1876 772 2074 840 quibus
2120 774 2302 829 verbis
2344 790 2474 829 sane
2524 775 2724 829 dixerit
2755 779 2971 848 aliquis,
3004 777 3217 834 Judaiei
3262 781 3453 851 populi

1866 862 2074 927 Iamem
2150 874 2636 938 paupertatemque
2707 870 3028 927 immenSam
3098 874 3395 942 signiﬁcari
3436 914 3450 938 ,

1874 954 2072 1023 quippe
2094 956 2187 1025 qui
2216 973 2388 1026 neque
2420 958 2633 1012 triticeo
2657 961 3000 1030 naturalique
3029 963 3151 1017 cibo
3173 964 3242 1017 sit
3265 964 3441 1020 abun-

1874 1043 2121 1107 daturus,
2154 1062 2217 1100 ex
2260 1063 2324 1102 eo
2369 1050 2513 1118 quod
2557 1066 2732 1120 neque
2779 1060 2978 1106 terram
3032 1056 3226 1119 arabit,
3265 1073 3441 1127 neque

1873 1135 2182 1201 seminabit,
2213 1153 2385 1208 neque
2410 1147 2593 1205 metet,
2615 1157 2789 1211 neque
2819 1159 3008 1214 greges
3033 1147 3234 1207 ovium.
3263 1164 3439 1218 neque

1870 1224 2033 1279 boum
2085 1236 2327 1282 armenta
2383 1245 2760 1300 possessurus,
2817 1234 2911 1287 sed
2969 1235 3255 1291 habiturus
3297 1238 3438 1294 duas

1870 1334 2000 1372 oves
2030 1325 2083 1372 et
2107 1318 2397 1387 juvencam
2434 1338 2619 1387 unam,
2649 1325 2848 1393 quibus
2881 1327 2964 1381 lac
2998 1330 3207 1398 sibiipsi
3238 1347 3435 1401 suppe-

1868 1411 2001 1465 ditet
2030 1428 2041 1461 :
2067 1420 2160 1466 aut
2192 1414 2367 1476 aliter,
2404 1417 2626 1485 figurate
2656 1420 2903 1488 loquens,
2933 1437 3054 1476 eum
3086 1423 3178 1493 qui
3213 1424 3434 1479 interra

1868 1504 2088 1559 relictus
2121 1506 2213 1571 sit,
2249 1507 2555 1576 signiﬁcare
2587 1509 2785 1565 dixerit
2809 1528 2874 1567 ex
2894 1512 3094 1569 Judmis
3118 1517 3210 1583 qui
3235 1516 3287 1569 in
3321 1515 3434 1570 Sal-

1865 1604 2102 1651 vatorem
2140 1614 2202 1652 ac
2238 1598 2523 1655 Dominum
2551 1611 2797 1658 nostrum
2828 1605 3174 1672 Crediderint,
3209 1617 3430 1677 aposto-

1864 1688 2041 1744 lorum
2104 1703 2268 1761 atque
2320 1697 2779 1766 evangelistarum
2847 1700 3106 1765 chorum,
3157 1716 3187 1756 e
3231 1704 3431 1772 quibus

1866 1781 2260 1852 unusquisque,
2288 1800 2410 1837 cum
2442 1786 2738 1839 secundum
2769 1788 3088 1843 electionem
3118 1792 3305 1860 gratiae
3340 1808 3426 1847 re-

1864 1870 2024 1925 lictus
2051 1874 2141 1931 sit,
2173 1881 2227 1927 et
2258 1874 2328 1927 ob
2361 1874 2435 1935 id,
2475 1876 2697 1930 relictus
2727 1876 2778 1929 in
2809 1888 2950 1931 terra
2977 1880 3309 1947 nominatus,
3337 1881 3429 1950 ju~‘

1862 1975 2081 2013 vencam
2110 1962 2271 2015 boum
2306 1974 2359 2017 et
2386 1962 2523 2018 duas
2561 1979 2690 2019 oves
2720 1965 2920 2019 dicitur
2950 1968 3281 2031 nutriturus,
3318 1978 3429 2025 ter-

1858 2065 1957 2104 nos
1982 2052 2229 2107 videlicet
2256 2069 2349 2123 per
2378 2054 2619 2121 singulas
2664 2054 2935 2111 Ecclesias
2980 2057 3223 2121 ordines,
3257 2075 3424 2115 unum

1856 2142 2071 2210 quidem
2097 2158 2285 2197 eorum
2311 2145 2402 2213 qui
2440 2146 2684 2214 praesint,
2720 2146 2859 2200 duos
2894 2155 3072 2201 autem
3107 2163 3295 2203 eorum
3330 2151 3424 2219 qui

1856 2231 2082 2299 subjecti
2115 2233 2245 2300 sint,
2274 2249 2396 2287 cum
2428 2234 2681 2290 Ecclesia:
2700 2236 2900 2291 Christi
2934 2239 3165 2307 populus
3197 2240 3249 2295 in
3281 2241 3423 2297 duos

1853 2324 2073 2377 ordines
2093 2325 2161 2379 sit
2190 2325 2419 2391 divisus,
2457 2327 2509 2379 in
2533 2342 2720 2381 eorum
2752 2331 2843 2397 qui
2873 2330 3121 2392 credunt,
3150 2341 3202 2384 et
3231 2346 3419 2386 eorum

1852 2416 1943 2485 qui
1992 2417 2228 2471 nondum
2278 2419 2342 2471 ad
2388 2418 2588 2472 lavacri
2642 2422 3105 2491 regenerationem
3151 2422 3419 2492 assumpti

1852 2509 1981 2572 sint,
2020 2512 2085 2565 ad
2135 2529 2271 2582 quos
2317 2515 2481 2568 etiam
2513 2514 2731 2568 divinus
2776 2513 3068 2584 Apostolus
3102 2515 3220 2569 ait:
3256 2534 3273 2565 ι
3310 2514 3419 2569 Lac

1849 2599 2004 2654 vobis
2030 2608 2215 2670 potum
2256 2602 2401 2666 dedi,
2435 2619 2540 2656 non
2573 2618 2753 2657 escam
2779 2604 2842 2657 “.
2864 2623 2881 2655 ι
2913 2603 3016 2659 Eos
3048 2621 3174 2659 vero
3192 2607 3281 2675 qui
3302 2606 3417 2675 jam

1849 2697 1962 2744 tum
2004 2692 2057 2745 in
2103 2692 2288 2746 habitu
2338 2693 2661 2763 perfectiore
2702 2695 3079 2757 constiterint,
3123 2696 3416 2765 juvencam

1847 2783 2007 2838 boum
2026 2785 2218 2840 merito
2241 2787 2493 2857 appellat,
2518 2789 2716 2858 quippe
2740 2788 2832 2856 qui
2853 2787 3231 2857 perfectiorum
3253 2789 3417 2845 boum

1846 2873 1986 2930 fetus
2020 2878 2151 2942 sint,
2185 2879 2494 2947 eujusmodi
2542 2880 2658 2950 ipse
2712 2878 2813 2933 fuit
2857 2880 3171 2950 Apostolus,
3213 2881 3304 2952 qui
3348 2881 3417 2937 de

1846 2966 2027 3037 seipso
2061 2978 2223 3038 atque
2274 2970 2340 3023 iis
2369 2970 2461 3038 qui
2507 2969 2670 3025 simili
2716 2970 2877 3024 modo
2905 2980 2964 3024 ut
2998 2972 3111 3041 ipse
3143 2972 3410 3036 laborant,

1848 3056 1919 3108 ita
1957 3057 2031 3109 ait
2062 3076 2073 3111 :
2121 3076 2139 3109 ι
2182 3057 2436 3128 Nunquid
2473 3059 2539 3113 de
2587 3059 2757 3114 bobus
2791 3075 2922 3114 cura
2950 3069 3031 3115 est
3079 3060 3219 3116 Deo?
3250 3061 3414 3136 324

1842 3163 1908 3200 an
1944 3156 2161 3219 propter
2192 3166 2291 3204 nos
2315 3152 2538 3205 omnino
2569 3143 2806 3205 dicit”?
2841 3172 2856 3203 ι
2893 3153 2996 3206 erit
3022 3165 3199 3209 autem
3233 3158 3411 3213 omnis

1840 3255 2056 3308 quoque
2086 3241 2221 3295 ordo
2254 3257 2440 3295 eorum
2475 3244 2566 3313 qui
2598 3243 2857 3298 Ecclesia:
2887 3254 3148 3315 praesunt,
3182 3248 3410 3317 quibus-

1838 3348 1943 3402 que
1973 3333 2160 3387 arandi
2197 3343 2248 3387 et
2288 3335 2499 3388 colendi
2542 3338 2752 3390 animas
2786 3337 3063 3391 hominum
3093 3354 3220 3392 cura
3252 3354 3406 3392 man-

1837 3422 1959 3475 data
1984 3422 2349 3490 est,juvene;e
2378 3426 2537 3478 boum
2572 3428 2788 3482 nomine
2819 3430 3176 3499 significatus,
3206 3431 3407 3502 quippe

1836 3514 1925 3582 qui
1970 3515 2393 3584 apostolicorum
2450 3519 2651 3571 rituum
2706 3536 2769 3573 ac
2827 3531 3220 3592 praeceptorum
3265 3523 3407 3578 fetus

1834 3606 2079 3671 exsistat,
2120 3607 2324 3676 quique
2352 3608 2514 3661 etiam
2547 3610 2599 3662 in
2628 3613 2825 3666 virtute
2854 3629 3025 3682 usque
3056 3616 3190 3669 adeo
3225 3614 3405 3670 inere-

1833 3705 2072 3751 mentum
2113 3708 2444 3769 accepturus
2485 3701 2707 3764 dicitur,
2743 3712 2800 3755 ut
2829 3720 2893 3757 ex
2926 3705 3064 3761 fetus
3097 3707 3405 3777 multiplici-

1830 3793 1960 3850 tate,
1987 3797 2195 3842 tantum
2231 3792 2482 3860 genitalis
2519 3793 2913 3864 rationalisque
2965 3796 3119 3849 lactis
3152 3796 3400 3852 introdu-

1829 3880 2018 3933 ctoriis
2048 3883 2316 3936 doctrinis
2352 3885 2421 3937 sit
2470 3883 2819 3948 suﬂ'ecturus,
2848 3897 2907 3940 ut
2952 3903 3016 3941 ex
3052 3903 3117 3942 eo
3148 3888 3397 3947 innume-

1828 3968 2027 4024 rabiles
2052 3969 2147 4023 alii
2176 3972 2449 4026 nutriendi
2482 3973 2608 4027 sint.
2641 3973 2809 4027 Porro
2839 3989 2961 4027 cum
2985 3974 3100 4029 haec
3131 3976 3198 4031 iis
3224 3980 3315 4047 qui
3339 3980 3395 4035 in

1828 4068 1969 4114 terra
2001 4062 2172 4119 relicti
2199 4063 2422 4127 fuerint,
2461 4064 2640 4120 futura
2681 4079 2795 4121 tum
2825 4077 3029 4132 essent,
3062 4070 3207 4125 aliud
3238 4073 3395 4143 quid-

1823 4153 1945 4206 dam
1979 4154 2033 4207 in
2064 4154 2151 4208 die
2172 4155 2283 4221 illa,
2319 4164 2561 4226 tempore
2598 4157 2848 4213 videlicet
2878 4160 3144 4216 adventus
3176 4160 3393 4216 Ennna-

1822 4244 1968 4307 nuel,
1993 4253 2311 4299 eventurum
2340 4249 2602 4317 prmdicit.
2636 4248 2790 4315 Quod
2830 4258 3013 4306 autem
3048 4253 3185 4307 hoc?
3216 4272 3233 4305 ι
3264 4251 3395 4308 Om-

1820 4338 1925 4399 nis,
1966 4355 1984 4386 ι
2021 4336 2217 4406 inquit.
2256 4356 2274 4387 ι
2313 4339 2465 4395 locus
2498 4338 2709 4394 Judaici
2753 4343 2959 4411 populi,
2994 4344 3047 4396 in
3081 4359 3192 4413 quo
3230 4351 3391 4399 erant

166 4435 365 4489 ἄκανθα
408 4436 560 4488 ἔσται
610 4436 757 4488 πᾶσα
794 4436 827 4505 ἡ
867 4435 957 4504 γῆ.
1002 4453 1020 4486 ι
1058 4436 1165 4488 Καὶ
1210 4435 1304 4488 θέα
1348 4454 1409 4504 γε
1441 4437 1539 4491 ὅσα
1571 4440 1627 4490 έν
1652 4441 1716 4508 τῇ
1751 4446 1756 4499 ]

1844 4429 1968 4484 nille
1992 4430 2131 4485 vites
2170 4447 2268 4501 pro
2300 4432 2445 4487 mille
2471 4434 2641 4495 sielis,
2672 4435 2722 4487 in
2758 4443 2957 4488 terram
2981 4436 3240 4491 incultam
3263 4439 3388 4502 erit,

160 4528 339 4598 ἡμέρα
363 4527 453 4580 τοῦ
489 4527 850 4597 Ἑμμανουὴλ,
903 4525 1044 4594 λέγω
1110 4527 1163 4580 δὲ
1213 4528 1269 4579 έν
1321 4528 1398 4599 τῷ
1439 4530 1536 4599 τῆς
1571 4531 1703 4583 ἀνα-

157 4618 314 4686 τολῆς
344 4618 514 4689 καιρῷ
570 4617 783 4686 λογικοῦ
827 4618 1020 4686 φωτὸς,
1066 4616 1156 4670 τοῦ
1199 4617 1284 4671 διὰ
1330 4619 1421 4672 τοῦ
1471 4621 1717 4692 Σωτῆρος

155 4710 309 4779 ἡμῶν
338 4714 414 4774 εἰς
444 4712 651 4772 πάντας
679 4708 993 4781 ἀνθρώπους
1044 4709 1463 4780 ἐπιλάμψαντος,
1501 4715 1627 4784 περὶ
1658 4713 1717 4766 τὸ

168 4802 424 4855 Ἰουδαίων
450 4803 597 4865 ἔθνος
627 4801 840 4854 ἔσεσθαι
883 4803 910 4853 ὀ
959 4800 1113 4870 λόγος
1156 4802 1416 4868 θεσπίζει,
1464 4804 1715 4877 δυνάμεις

152 4911 212 4946 τε
250 4895 611 4966 ἀκαθάρτους,
663 4896 755 4948 καὶ
802 4894 1097 4964 πολεμικὰς
1143 4895 1241 4959 τὰς
1289 4897 1453 4950 πάλαι
1504 4898 1560 4950 ὲν
1606 4900 1715 4961 τοῖς

154 4988 355 5040 ἔθνεσιν
388 4987 711 5059 ἐνεργούσας
744 4986 797 5040 ἕν
832 5004 889 5040 τε
923 4987 1178 5059 Αἰγύπτῳ
1210 4989 1303 5042 καὶ
1329 4992 1394 5060 τῇ
1426 4989 1575 5062 χώρα
1606 4990 1714 5043 τῶν

166 5081 480 5152 ’Δσσυρίωψ
516 5080 580 5143 ἃς
606 5078 698 5131 τοῦ
745 5080 949 5150 Κυρίου
992 5081 1325 5152 συρίσαντος,
1358 5083 1450 5135 καὶ
1476 5082 1713 5154 ὡσπερεὶ

153 5174 617 5245 παρορμήσαντος,
659 5173 749 5225 καὶ
788 5172 1329 5244 παρακελευσαμένου
1376 5174 1596 5237 αὐταῖς,
1644 5178 1709 5247 τῇ

162 5265 296 5335 χώρα
336 5265 497 5334 φησὶν
549 5265 729 5317 αὐτῶν
776 5263 1178 5327 ἐπελεύσεσθαι,
1221 5266 1308 5320 διά
1350 5265 1411 5319 τὸ
1458 5269 1709 5321 τοιούτων

159 5353 298 5417 ἀξίαν
334 5354 645 5420 γεγονέναιο
692 5354 785 5407 καὶ
840 5354 1243 5409 ἀναπαύσεσθαι
1281 5355 1379 5419 τάς
1419 5357 1709 5427 εἰρημένας

156 5443 393 5514 ἅδνάμεις
416 5444 579 5514 φησὶν
613 5448 668 5498 ἐν
692 5445 948 5518 φάραγξι,
981 5447 1075 5501 καὶ
1105 5448 1160 5500 ὲν
1183 5448 1446 5519 τρώγλαις
1474 5451 1703 5522 πετρῶν,

150 5539 218 5602 εἰς
245 5556 306 5591 τε
343 5540 414 5591 τά
454 5538 715 5609 σπήλαια,
774 5540 864 5592 καὶ
913 5542 989 5603 εἰς
1038 5541 1216 5595 πᾶσαν
1251 5542 1455 5611 ραγάδα
1506 5544 1702 5612 αὐτῶν,

204 5720 247 5748 ⁸⁸
282 5717 458 5773 lCor.
501 5735 580 5783 tu,
612 5718 664 5771 2.
750 5724 791 5751 "
831 5721 1001 5776 lCor.
1040 5738 1112 5783 rx,
1156 5721 1205 5776 9.

1821 4532 1872 4574 et
1898 4521 1950 4575 in
1982 4522 2212 4592 spinam.
2249 4523 2381 4578 Nam
2405 4541 2526 4579 cum
2557 4527 2749 4596 sagitta
2782 4538 2833 4581 et
2865 4543 2994 4581 arcu
3020 4529 3390 4598 ingredientur

1820 4614 1948 4668 illuc
1986 4616 2221 4684 (constat
2262 4633 2389 4672 vero
2420 4618 2520 4672 hoc
2549 4619 2653 4673 dici
2688 4619 2753 4674 de
2787 4620 3079 4692 hostibus),
3130 4624 3386 4692 quoniam

1817 4714 1961 4761 terra
2018 4710 2218 4764 inculta
2267 4720 2321 4766 et
2350 4712 2504 4782 spina
2528 4713 2631 4767 erit
2660 4715 2838 4770 onmis
2882 4722 3050 4769 terra.
3088 4734 3105 4766 ι
3144 4715 3206 4770 Ει
3257 4732 3386 4771 sane

1817 4809 2000 4868 specta
2032 4816 2193 4871 quam
2237 4804 2405 4858 multa
2437 4805 2491 4858 in
2536 4804 2623 4859 die
2667 4804 3005 4872 Emmanuel,
3050 4806 3173 4860 dico
3203 4815 3383 4861 autem

1816 4908 1922 4961 quo
1961 4901 2202 4964 tempore
2246 4897 2510 4954 rationale
2561 4897 2742 4952 lumen
2788 4908 2872 4952 est
2918 4901 3206 4958 oriturum.
3238 4898 3383 4969 quod

1815 4994 1910 5047 per
1944 4978 2278 5037 Salvatoretn
2305 4993 2549 5040 nostrum
2583 4987 2634 5040 in
2673 5003 2861 5042 omnes
2906 4989 3151 5043 homines
3181 4990 3383 5044 emica-

1814 5071 1911 5135 bit,
1956 5070 2197 5129 Judaicae
2228 5078 2374 5146 genti
2416 5087 2675 5133 eventura
2723 5080 3003 5133 oraculum
3054 5088 3235 5134 canat.
3278 5079 3378 5134 ltu-

1813 5164 2044 5217 mundas
2073 5166 2215 5219 enim
2250 5177 2411 5238 atque
2440 5170 2668 5225 hostiles
2710 5178 3026 5239 potestates,
3061 5186 3181 5239 qua:
3204 5187 3379 5240 quon-

1811 5253 1934 5307 dam
1964 5256 2106 5312 inter
2142 5266 2330 5329 gentes
2362 5261 2655 5315 ellicaciam
2691 5262 3201 5316 suam-exercebant
3233 5271 3286 5317 et
3322 5264 3375 5318 in

1812 5346 2070 5419 Egypto.
2106 5358 2160 5405 et
2188 5351 2241 5404 in
2298 5354 2517 5421 regione
2559 5353 2932 5422 Assyriorum,
2978 5352 3206 5409 Domino
3236 5354 3373 5409 sibi-

1810 5440 1953 5495 laute
1979 5448 2032 5496 et
2061 5442 2218 5511 quasi
2244 5443 2554 5515 impellente
2598 5453 2760 5515 atque
2789 5447 3112 5502 adhortante
3138 5463 3254 5511 eas,
3280 5463 3368 5503 re-

1807 5531 2020 5602 gionem
2053 5534 2296 5605 ipsorum
2334 5539 2619 5595 invasuras
2650 5539 2745 5604 ait,
2783 5550 3069 5610 propterea
3101 5541 3248 5613 quod
3283 5548 3368 5595 ta.
