3916 6200
1154 241 1422 298 EUSEBII
1459 239 1941 300 CIESARIENSIS
1976 239 2129 298 OPP.
2169 240 2351 296 PARS
2384 241 2450 296 ll.
2485 272 2559 284 -ο
2593 237 3090 298 APOLOGETICA.

3621 237 3716 294 512

479 364 627 418 libus
661 361 823 432 digna
852 358 1107 420 evaserit,
1141 356 1469 427 easdemque
1503 365 1801 428 potestates
1827 357 2033 428 quietu‘

2153 356 2291 410 κατά
2343 355 2441 428 μὲν
2487 356 2757 420 διάνοιαν,
2793 355 2850 409 ἐν
2893 357 3013 417 ταῖς
3058 351 3257 423 ψυχαῖς
3303 349 3504 414 αὐτῶν,
3534 349 3622 404 καὶ
3660 354 3714 404 ὲν

481 470 570 509 ras
609 455 663 506 in
711 449 1046 505 convallibus
1083 453 1137 501 et
1179 445 1542 502 foraminibus
1575 456 1873 518 petrarum,
1903 455 1954 501 et
1993 448 2050 502 in

479 540 778 612 speluncis,
813 550 866 593 et
886 540 940 592 in
971 537 1120 592 omni
1149 538 1390 593 scissura
1418 539 1658 608 ipsorum
1690 558 1702 592 :
1737 539 1804 592 ad
1829 554 2046 594 sensum

477 634 694 704 quidem
723 632 779 686 in
809 629 1005 686 animis
1037 629 1302 700 ipsarum,
1330 630 1458 685 etin
1485 633 1616 701 ipsis
1644 631 1892 701 corporis
1923 648 2017 687 seu
2036 661 2050 673 -

477 728 652 790 sibus,
684 734 735 778 et
775 722 1215 793 cogitationibus,
1249 730 1304 777 et
1329 721 1579 777 discissis
1610 725 1850 793 ipsorum
1893 739 2047 778 men-

475 817 662 882 tibus;
696 814 763 868 ad
798 815 1021 869 verbum
1055 822 1234 868 autem
1272 813 1436 883 (quod
1465 813 1680 882 quidem
1707 814 1759 866 in
1791 821 2055 898 promptu.

475 903 606 974 est),
656 919 753 973 per
799 910 966 956 totam
1012 905 1254 972 ipsorum
1312 904 1609 972 regionem.
1655 901 1810 968 Quod
1867 903 2044 972 ipsum

475 1012 609 1052 sane
639 997 762 1065 quis
792 1011 899 1048 non
935 995 1254 1059 admiretur,
1285 1010 1408 1048 eum
1441 995 1616 1049 oculis
1649 1005 1838 1049 cernat
1863 995 2045 1048 inimi-

473 1103 571 1144 cos
602 1087 844 1157 ipsorum
891 1101 1107 1140 omnem
1150 1084 1350 1140 Judreaa
1402 1086 1577 1140 locum
1621 1100 1943 1155 occupasse,
1989 1093 2043 1140 et

472 1187 728 1233 externos
745 1178 1270 1247 simulacrorumque
1295 1177 1535 1232 cultores
1559 1176 1807 1230 homines
1835 1177 1890 1229 in
1914 1191 2044 1229 cun-

471 1274 579 1326 ctis
620 1271 864 1341 ipsorum
907 1269 1221 1324 civitatibus
1263 1277 1324 1324 .et
1363 1269 1680 1340 regionibus
1727 1268 2040 1339 quievisse?

471 1360 590 1415 Non
627 1360 792 1430 igitur
820 1359 904 1414 his
943 1360 1076 1414 solis
1107 1375 1202 1415 eos
1229 1374 1353 1414 esse
1389 1359 1703 1414 alliciendos
1737 1359 1813 1412 ait
1847 1374 2040 1412 oracu-

472 1450 606 1514 lum,
663 1449 757 1504 sed
801 1449 963 1504 etiam
1011 1449 1277 1504 novacula
1318 1449 1438 1518 ejus
1483 1449 1829 1520 Assyriorum
1873 1449 2036 1518 regis,

469 1557 630 1614 quem
658 1557 760 1596 nos
787 1540 1162 1611 intelligimus,
1184 1550 1236 1596 et
1263 1547 1424 1610 caput
1453 1555 1666 1603 eorum,
1697 1547 1750 1594 et
1778 1539 1918 1608 pilos
1947 1554 2038 1608 pe-

470 1635 620 1700 dum,
653 1643 707 1691 et
749 1635 1000 1702 barbam,
1030 1651 1245 1691 omnem
1280 1636 1551 1699 videlicet,
1584 1649 1693 1704 quo
1733 1634 1835 1703 ipsi
1861 1649 2027 1704 quon-

2154 449 2272 512 ταῖς
2293 448 2401 512 ,τοῦ
2434 446 2682 518 σώματος
2712 445 3032 516 αἰσθήσεσι,
3076 447 3189 509 τοῖς
3223 460 3285 496 τε
3316 442 3592 511 λογισμοῖς
3626 443 3715 496 καὶ

2153 543 2271 603 ταῖς
2303 541 2681 612 διερρωγυίαις
2709 541 2886 594 αὐτῶν
2909 538 3166 602 διανοίαις
3185 552 3199 566 °
3228 535 3369 590 κατά
3393 535 3450 588 δέ
3477 534 3573 606 τὴν
3593 536 3714 610 πρό-

2153 651 2334 706 χειρον
2364 633 2528 698 λέξιν,
2564 632 2685 686 καθ’
2715 632 2841 702 ὅλης
2869 629 3045 684 αὐτῶν
3075 630 3173 700 τῆς
3201 627 3402 700 χώρας.
3429 628 3492 680 Ὅ
3519 627 3608 679 καὶ
3633 628 3713 691 τίς

2151 727 2249 780 οὐκ
2289 725 2354 780 ἂν
2385 725 2843 797 ἀποθαυμάσειεν,
2887 721 3178 793 ὀφθαλμοῖς
3209 720 3350 792 ὁρῶν
3401 719 3524 782 τοὺς
3563 718 3713 771 πολε-

2154 819 2307 889 μίους
2340 817 2515 873 αὐτῶν
2547 818 2724 870 πάντα
2757 817 2916 870 τόπον
2963 815 3064 884 τῆς
3102 813 3360 876 Ἰουδαίας
3405 811 3716 881 κατειληφό-

2149 926 2266 973 τας,
2303 909 2398 962 καὶ
2429 907 2552 973 τούς
2597 926 2661 978 γε
2701 906 3026 977 ἀλλοφύλους
3073 905 3165 958 καὶ
3209 903 3594 974 εἰδωλολάτραις
3625 903 3716 954 ἀν-

2150 999 2398 1072 θρώπους
2433 1003 2490 1060 ἐν
2519 1002 2718 1064 πάσαις
2741 999 2916 1054 αὐτῶν
2939 999 3124 1052 πόλεσί
3154 1014 3212 1050 τε
3240 998 3333 1050 καὶ
3360 994 3563 1067 χώραις
3593 994 3718 1048 ἀνα·

2149 1091 2562 1163 πεπαυμένους;
2595 1093 2668 1145 Οὐ
2689 1091 2860 1145 ταῦτα
2879 1090 2936 1144 δὲ
2959 1091 3065 1162 ἄρα
3090 1090 3222 1160 μόνα
3255 1087 3527 1159 διαθήσειν
3559 1087 3716 1157 φησιν

2146 1180 2342 1244 αὐτοὺς
2361 1181 2388 1232 6
2416 1180 2591 1249 λόγος,
2618 1180 2752 1234 ἀλλά
2781 1179 2928 1252 ξυρῷ
2949 1183 3041 1236 τοῦ
3065 1179 3382 1250 νενοημένον
3412 1180 3541 1248 ἡμῖν
3570 1177 3714 1248 βασι-

2145 1269 2280 1333 λέως
2312 1269 2605 1342 Ἀσσυρίων
2639 1268 2737 1340 τὴν
2770 1267 3008 1339 κεφαλὴν
3041 1267 3236 1328 αὐτῶν,
3272 1267 3364 1320 καὶ
3394 1266 3492 1329 τὰς
3528 1265 3712 1336 τρίχας

2144 1361 2255 1414 τῶν
2290 1359 2488 1424 ποδῶν,
2519 1360 2611 1414 καὶ
2640 1359 2727 1412 τὸν
2762 1358 3016 1427 πώγωνα,
3058 1359 3232 1412 πάντα
3257 1357 3457 1429 δηλαδὴ
3493 1356 3581 1410 τὸν
3615 1358 3711 1409 πά-

2142 1451 2231 1504 λαι
2263 1450 2638 1522 περικείμενον
2684 1451 2864 1515 αὐτοῖς
2901 1450 3104 1520 κόσμον
3150 1448 3416 1520 ξυρήσειν.
3464 1449 3618 1502 Κατὰ
3657 1450 3710 1504 δὶ

2140 1543 2238 1614 τὴν
2265 1541 2430 1612 αὐτὴν
2457 1542 2685 1613 ἡμέραν,
2715 1544 2809 1596 καὶ
2848 1542 2987 1596 κατά
3018 1543 3111 1594 τὸν
3148 1542 3304 1594 αὑτὸν
3336 1541 3529 1612 χρόνον
3563 1543 3712 1594 ἀπει-

2141 1632 2220 1684 λεῖ
2257 1635 2312 1684 ἐν
2353 1631 2557 1705 ἐσχάτῃ
2591 1631 2749 1703 πενίᾳ.
2782 1631 2874 1686 τοῦ
2931 1631 3073 1685 κατὰ
3112 1631 3241 1685 Θεὸν
3283 1631 3517 1685 πλούτου
3561 1650 3719 1686 κατα-

469 1728 594 1782 dam
631 1724 805 1782 aliecti
843 1734 1024 1793 erant,
1050 1735 1299 1782 ornatum
1331 1726 1722 1782 abradendum.
1748 1725 1860 1780 Sub
1887 1741 2033 1780 eam-

2143 1724 2434 1796 στήσεσθαι
2466 1726 2678 1788 αὐτοὺς,
2715 1725 2791 1789 ὡς
2839 1725 2914 1796 μὴ
2956 1726 3134 1797 ἄρτων
3180 1724 3408 1792 λογικῶν
3444 1725 3707 1796 εὐπορεῖν,

469 1822 590 1875 dem
627 1834 757 1873 vero
781 1818 925 1873 diem
956 1819 1096 1873 hanc
1123 1827 1177 1873 et
1210 1818 1313 1873 sub
1343 1817 1484 1873 idem
1526 1826 1740 1888 tempus
1767 1816 1831 1870 ad
1860 1824 2038 1872 extre-

470 1925 611 1964 mam
658 1910 808 1980 ipsos
837 1908 1152 1962 divitiarum
1182 1907 1274 1963 Dei
1320 1909 1602 1978 penuriam
1635 1909 1875 1962 minatur
1917 1923 2038 1962 esse

469 2002 817 2070 redigendos,
852 2017 1024 2070 usque
1047 2001 1183 2056 adeo
1223 2008 1282 2055 ut
1315 2009 1369 2056 et
1397 2017 1533 2071 pane
1562 2001 1840 2064 rationali,
1873 1999 2034 2071 325

467 2102 523 2149 et
551 2093 726 2148 solido
787 2093 1169 2162 spiritualique
1198 2093 1322 2148 cibo
1362 2093 1472 2149 sint
1504 2093 1752 2155 carituri,
1796 2093 2040 2163 satisque

467 2182 731 2243 habituri,
761 2182 806 2237 si
839 2183 998 2244 laete,
1031 2181 1134 2236 hoc
1166 2189 1249 2236 est
1292 2182 1486 2252 puerili
1532 2181 2038 2250 introductorioque

467 2289 740 2338 sermone,
771 2273 1104 2328 nutriantur.
1135 2271 1215 2326 Ad
1251 2273 1384 2336 haec,
1408 2273 1809 2342 vitesipsorum
1835 2271 1889 2324 in
1929 2280 2040 2326 ter-

467 2380 584 2419 ram
610 2367 867 2422 incultam
901 2367 1035 2424 fore.
1069 2386 1087 2418 ι
1113 2367 1406 2436 Postquam
1439 2366 1608 2429 enim,
1637 2385 1654 2416 ι
1691 2365 1877 2433 utipse
1908 2381 2034 2434 pro-

467 2459 629 2528 pheta
653 2459 748 2521 ait,
782 2477 802 2508 ‹
823 2458 1060 2528 agricola
1087 2458 1226 2512 idem
1258 2465 1310 2512 et
1341 2472 1530 2511 eorum
1555 2453 1816 2510 Dominus
1843 2471 2037 2524 exspe-

466 2550 654 2612 ctavit,
687 2551 817 2603 dum
841 2551 995 2604 vinea
1025 2564 1183 2603 uvam
1216 2547 1401 2610 ferret,
1429 2567 1447 2598 »
1471 2563 1644 2614 eaque
1670 2545 1896 2616 protulit
1927 2545 2039 2614 spi—

467 2655 588 2702 nas,
621 2630 673 2693 et
704 2640 1142 2695 vociferationem
1173 2638 1486 2710 quamdam,
1516 2653 1624 2691 non
1665 2646 1845 2692 autem
1875 2637 2040 2706 justi.

465 2732 599 2784 tiam
663 2731 941 2800 (quocirca
1001 2732 1163 2784 etiam
1215 2745 1399 2799 sepem
1460 2727 1583 2797 ejus
1643 2727 1930 2790 auferens,
1982 2733 2038 2782 et

468 2822 727 2891 parietem
763 2829 1032 2887 evertens,
1064 2821 1128 2875 ad
1164 2829 1363 2874 terram
1396 2819 1654 2873 incultam
1704 2819 1917 2873 vineam
1949 2835 2037 2874 re-

466 2914 754 2968 dacturum
797 2928 856 2968 se
884 2913 1134 2976 allirmat,
1163 2919 1215 2966 et
1245 2927 1363 2974 eam
1398 2911 1637 2966 inimicis
1681 2909 2032 2973 traditurum,

465 3021 605 3074 quos
637 3020 760 3058 cum
794 3006 989 3074 sagitta
1023 3011 1078 3060 et
1117 3018 1246 3056 arcu
1277 3003 1404 3056 illuc
1441 3001 1517 3055 ait
1550 3003 1912 3072 ingressuros,
1944 3003 2034 3058 ubi

2143 1818 2278 1888 μήτε
2320 1819 2544 1888 στερεᾶς
2589 1818 2682 1871 καί⁸
2727 1817 3098 1888 πνευματικῆς
3137 1816 3363 1888 τροφῆς,
3394 1818 3612 1887 ἀγαπᾷν
3655 1817 3712 1871 δὲ

2137 1909 2366 1977 γάλακτι
2415 1909 2729 1980 τρέφεσθαι,
2790 1909 2866 1979 τῷ
2918 1907 3175 1979 νηπιὼδει
3233 1909 3326 1962 καὶ
3369 1907 3710 1979 εἰσαγωγικῷ

2137 1999 2296 2070 λόγῳ.
2332 2001 2453 2053 Ἔτι
2491 2000 2626 2072 πρὸς
2657 1999 2863 2064 τούτοις
2886 2001 2980 2054 καὶ
3008 1999 3105 2062 τὰς
3130 2000 3404 2071 ἀμπέλους
3425 2001 3605 2054 αὐτῶν
3636 2003 3711 2065 είς

2137 2090 2328 2161 χέρσον
2361 2089 2595 2144 ἔσεσθαι.
2626 2111 2644 2141 ι
2687 2090 2904 2160 Ἐπειδὴ
2931 2089 3059 2162 γάρ.
3104 2110 3122 2140 ι
3155 2090 3229 2154 ὡς
3259 2093 3287 2144 6
3314 2091 3473 2153 αὐτὸς
3506 2092 3712 2162 προφή-

2135 2197 2234 2252 της
2275 2181 2456 2252 φησὶν,
2492 2200 2510 2232 ι
2551 2184 2763 2252 ἔμεινεν
2807 2183 2834 2234 6
2881 2181 3123 2252 γεωργὸς
3159 2182 3272 2253 ἅμα
3315 2184 3407 2236 καὶ
3450 2183 3709 2254 δεσπότης

2136 2273 2322 2340 αὑτοῦ,
2346 2273 2438 2328 τοῦ
2468 2274 2690 2345 ποιῆσαι
2723 2273 2996 2344 σταφυλὴν
3036 2273 3126 2328 τὸν
3172 2275 3499 2346 ἀμπελῶνα⁸
3542 2296 3561 2325 ι
3597 2279 3626 2330 6
3656 2277 3711 2330 δέ

2137 2367 2386 2438 ἐποίησεν
2407 2367 2666 2432 ἀκάνθας,
2687 2367 2780 2421 καὶ
2801 2367 2860 2420 οὐ
2889 2367 3257 2438 δικαιοσύνην,
3281 2368 3414 2422 ἀλλά
3440 2371 3706 2440 κραυγήνο

2137 2455 2234 2525 (διὸ
2265 2458 2359 2510 καί
2382 2455 2626 2528 ἀφαιρῶν
2655 2456 2745 2509 τὸν
2783 2455 3032 2526 φραγμὸν
3067 2455 3252 2518 αὑτοῦ,
3299 2456 3392 2509 καὶ
3432 2455 3709 2525 καθαιρῶν

2134 2552 2224 2605 τὸν
2258 2552 2431 2620 τοῖχον
2477 2550 2556 2612 εἰς
2609 2548 2826 2621 χέρσον,
2873 2549 3232 2618 καταστήσειν
3278 2547 3368 2600 τὸν
3415 2546 3710 2616 ἀμπελῶνα

2137 2644 2491 2716 μαρτύρεται,
2513 2641 2606 2694 καὶ
2641 2642 2752 2704 τοῖς
2789 2639 3001 2710 ἐχθροῖς
3027 2636 3370 2710 παραδώσειν
3406 2636 3587 2702 αὑτὸν,
3617 2637 3711 2701 οὓς

2138 2735 2274 2808 μετά
2326 2733 2512 2804 βέλους
2560 2733 2655 2786 καὶ
2703 2729 3032 2800 τοξεύματος
3083 2729 3482 2783 εἰσελεύσεσθαί
3546 2746 3710 2800 φησιν

2133 2829 2250 2883 ἐκεῖ
2275 2826 2396 2890 τοὺς
2429 2825 2525 2897 τὴν
2557 2823 2801 2889 ἐξουσίαν
2836 2823 3123 2894 εἰληφότας
3157 2823 3260 2875 ὑπὸ
3303 2821 3394 2874 τοῦ
3422 2821 3582 2886 Θεοῦ,
3616 2822 3706 2876 τού

2135 2918 2464 2989 παραδόντος
2515 2917 2696 2979 αὐτοῖς
2741 2915 2839 2968 οὑκ
2887 2913 3142 2984 ἀκρίτως,
3197 2913 3308 2966 ἀλλ’
3356 2909 3414 2966 εὖ
3465 2913 3610 2984 μάλα
3653 2916 3710 2966 ἐν

2133 3011 2277 3084 δίκῃ,
2308 3011 2388 3064 ὅτι
2418 3009 2482 3081 δὴ
2509 3008 2700 3079 χέρσος
2727 3009 2821 3060 καὶ
2841 3005 3048 3060 ἄκανθα
3071 3004 3245 3057 αὐτῶν
3272 3004 3458 3074 γέγονε
3497 3006 3650 3059 πᾶσα
3671 3006 3706 3075 ἡ

465 3113 496 3152 a
532 3097 659 3161 Deo,
701 3099 792 3168 qui
823 3114 916 3152 eos
960 3113 1067 3151 non
1103 3097 1322 3165 injuria,
1353 3093 1446 3151 sed
1471 3095 1594 3163 jure
1631 3096 1836 3166 optimo
1863 3096 2032 3149 tradi-

2284 3103 2369 3155 δια
2405 3101 2562 3155 τοῦτο
2591 3099 2718 3169 γοῦν
2757 3099 2984 3169 ἐπείπερ
3009 3099 3088 3161 εἰς
3118 3096 3306 3168 χέρσον
3341 3098 3432 3149 καὶ
3464 3096 3708 3151 ἄκανθαν

464 3191 622 3249 derit.
655 3191 963 3261 acceperint
996 3199 1336 3260 potestatem,
1367 3204 1432 3244 eo
1463 3188 1606 3261 quod
1639 3197 1784 3243 terra
1820 3189 2022 3244 inculta

463 3291 519 3338 et
541 3284 695 3354 spina
733 3283 910 3337 omnis
959 3285 1198 3352 ipsorum
1240 3288 1389 3336 terra
1429 3279 1571 3334 facta
1606 3279 1698 3342 sit,
1725 3288 2028 3350 propterea,

463 3385 708 3446 inquam,
729 3376 873 3445 quod
893 3375 960 3428 ad
990 3385 1187 3430 terram
1207 3373 1465 3427 incultam
1483 3381 1537 3428 et
1559 3372 1768 3441 spinam
1797 3373 1898 3442 ipsi
1949 3389 2029 3428 sc-

2129 3194 2278 3247 αύτοὶ
2306 3191 2526 3253 ἑαυτοὺς
2559 3189 2914 3260 κατέστησαν,
2952 3205 2970 3237 ι
3011 3185 3433 3250 Εἰσελεύσονται,
3472 3205 3490 3236 ι
3520 3187 3706 3256 φησὶν,

2142 3305 2160 3338 ι
2203 3286 2317 3338 ἐκεῖ
2349 3282 2483 3355 μετά
2514 3281 2697 3353 βέλους
2731 3282 2823 3335 καὶ
2846 3281 3192 3352 τοξεύματος,
3222 3283 3270 3335 οἰ
3309 3281 3405 3352 τὴν
3449 3297 3554 3334 κατ
3580 3276 3706 3333 ἀύο

2134 3377 2241 3429 τῶν
2271 3374 2513 3440 ἐξουσίαν
2547 3372 2843 3444 εἰληφότες.
2888 3393 2906 3424 ι

467 3467 615 3537 ipsos
639 3467 1002 3536 redegerunt),
1026 3484 1043 3514 ι
1069 3463 1462 3534 lngredientur,
1478 3484 1495 3514 ι
1518 3463 1740 3534 inquit,¢
1772 3463 1898 3518 illuc
1912 3478 2033 3517 cum

2137 3467 2252 3538 gitta
2269 3473 2321 3522 ct
2335 3481 2486 3530 arcu,
2513 3465 2970 3542 quicontraipsos
2994 3470 3312 3534 potestatem
3337 3465 3704 3533 acceperinta

536 3561 803 3615 Cmterum
852 3559 984 3622 noli,
1021 3572 1227 3627 quzeso,
1284 3555 1494 3618 mirari,
1549 3555 1596 3610 si
1648 3553 1762 3608 haec
1817 3568 2031 3624 quoque

466 3651 786 3709 adumbrate
830 3660 883 3704 et
933 3667 1026 3720 per
1077 3650 1276 3718 ‘iguras
1333 3647 1750 3702 obscurissimas
1820 3645 2030 3699 reddita

465 3752 614 3798 sunt.
669 3740 788 3795 Jam
841 3741 984 3796 enim
1037 3741 1190 3810 prius
1244 3737 1667 3808 dispensationis
1721 3733 2032 3804 hujusmodi

463 3852 630 3892 causa
657 3836 799 3890 dicta
831 3841 936 3897 est,
964 3833 1109 3904 quod
1139 3832 1326 3902 utique
1361 3829 1642 3884 oraculum
1674 3827 1907 3883 voluerit
1935 3843 2022 3881 ex-

462 3937 696 3983 tremum
722 3925 961 3980 Judaicze
980 3925 1155 3995 gentis
1175 3924 1449 3978 occultare
1473 3921 1770 3985 interitum,
1804 3928 1861 3974 ut
1883 3919 2026 3990 apud

462 4037 581 4076 eam
616 4018 894 4085 Scriptura
929 4017 996 4072 ad
1024 4025 1269 4072 nostrum
1313 4016 1550 4086 ipsarum
1579 4015 1819 4085 gentium
1851 4015 2028 4083 profe-

462 4119 612 4166 ctum
639 4110 1034 4178 utilitatemque
1057 4111 1385 4162 servaretur.
1417 4103 1550 4158 Nam
1576 4103 1624 4159 si
1650 4104 1785 4174 ipsis
1807 4103 2024 4173 quidem

2203 3558 2291 3628 Μὴ
2331 3555 2572 3626 θαύμαζε
2598 3553 2641 3607 δ’
2685 3555 2734 3606 εἰ
2775 3555 2868 3608 καὶ
2905 3554 3076 3608 ταῦτα
3112 3553 3586 3622 συνεσκιασμένως
3615 3553 3709 3608 καὶ

2133 3649 2198 3702 δι’
2229 3647 2560 3717 αἰνιγμάτων
2587 3646 2915 3700 ἀποδέδοται.
2944 3645 3201 3699 Λέλεκται
3227 3643 3356 3712 γοῦν
3387 3644 3486 3715 ἤδη
3510 3647 3712 3716 πρότει-

2135 3760 2226 3814 ρον
2259 3743 2291 3812 ἡ
2320 3741 2466 3794 αἰτία
2491 3741 2590 3810 τῆς
2619 3738 2870 3809 τοιαύτης
2901 3737 3208 3808 οἰκονομίας
3237 3736 3329 3788 τοῦ
3364 3735 3545 3804 λόγου,
3579 3738 3707 3807 βου-

2135 3831 2386 3902 ληθέντος
2439 3828 2841 3902 ἐπικρύψασθαι
2887 3827 2978 3880 τὸν
3024 3827 3248 3897 ἔσχατον
3291 3826 3379 3879 τοῦ
3436 3828 3710 3882 Ἰουδαίων

2135 3922 2316 3986 ἔθνους
2360 3922 2598 3993 ὀλεθρον,
2656 3921 2730 3985 ὠς
2781 3920 2847 3974 ἂν
2905 3918 3217 3988 φυλάττοιτο
3264 3922 3390 3990 παρ’
3431 3921 3622 3984 αὐτοῖς
3671 3922 3708 3990 ἡ

2127 4014 2317 4087 Γραφὴ
2350 4015 2428 4078 εἰς
2460 4013 2619 4084 ἡμῶν
2650 4012 2756 4066 τῶν
2795 4011 2958 4065 ἐθνῶν
3007 4010 3278 4082 βελτίωσίν
3318 4029 3376 4064 τε
3419 4013 3513 4064 καὶ
3553 4012 3709 4081 ὠφέ-

2125 4108 2290 4161 λειαν.
2329 4109 2389 4160 Εἰ
2430 4105 2558 4174 γοῦν
2595 4104 2892 4174 ἀναφανδὸν
2935 4106 3117 4168 αὐτοῖς
3159 4105 3256 4175 μὲν
3297 4105 3548 4176 δλεθρον,
3591 4109 3710 4171 τοῖς

461 4202 640 4273 palam
686 4198 988 4262 interitum,
1025 4197 1279 4270 gentibus
1329 4205 1510 4251 autem
1554 4196 1694 4250 bona
1733 4195 2026 4266 prophetia:

2137 4200 2179 4253 Ξέ
2207 4199 2412 4253 ἔθνεσιν
2439 4197 2614 4268 ἀγαθά
2645 4198 3046 4268 προεκήρυττον
3075 4197 3130 4250 αἱ
3160 4200 3505 4268 προφητεῖαι,
3529 4197 3710 4261 094651;

463 4293 717 4364 pollicitae
748 4299 950 4354 essent,
991 4306 1055 4344 ac
1105 4288 1500 4360 praedixissent,
1545 4303 1706 4342 nemo
1743 4286 1883 4358 apud
1929 4285 2025 4340 Ju-

2137 4293 2189 4347 ὶν
2233 4292 2361 4363 περὶ
2404 4291 2570 4354 αὑτάς
2614 4289 2908 4344 ἐσπούδασε
2950 4289 3058 4343 τῶν
3098 4292 3161 4342 ἐκ
3202 4291 3526 4362 περιτομῆς,
3569 4292 3710 4344 ἀλλὰ

461 4382 610 4435 dzeos
632 4395 814 4434 earum
838 4379 1116 4434 studiosus
1143 4379 1352 4443 fuisset,
1379 4378 1470 4432 sed
1497 4393 1589 4432 eas
1618 4384 1870 4446 tanquam
1894 4377 2026 4447 ipsis

2137 4387 2203 4450 ὡς
2227 4387 2408 4448 αὑτοῖς
2435 4382 2678 4447 ἐναντίας
2714 4382 2876 4447 ούσας
2909 4383 3002 4436 καὶ
3044 4382 3246 4454 ἐχθρὰς
3286 4383 3604 4455 διέφθειραν
3639 4387 3710 4439 ἂν

468 4469 778 4524 contrarias
827 4479 989 4542 atque
1035 4471 1286 4525 inimicas
1335 4469 1697 4533 dclcvissent,
1737 4478 1898 4538 atque
1953 4470 2026 4521 ita

463 4564 645 4625 nobis,
691 4562 781 4634 qui
823 4563 890 4616 de
927 4563 1178 4634 gentibus
1211 4561 1438 4633 profecti
1469 4577 1679 4626 sumus,
1712 4562 2024 4632 neutiquam

462 4657 707 4712 licuisset
737 4655 1118 4725 prophetarum
1148 4655 1214 4710 de
1242 4654 1521 4710 Salvatore
1547 4664 1736 4711 nostro
1755 4664 1809 4712 et
1839 4656 1907 4712 de
1933 4673 2031 4712 no-

461 4746 548 4802 bis
578 4746 712 4817 ipsis
741 4747 1067 4802 testimoniis
1114 4747 1214 4803 uti.
1242 4746 1507 4801 Caeterum
1545 4761 1667 4800 cum
1709 4754 1818 4800 tam
1858 4748 2026 4802 multa

460 4839 626 4894 indie
660 4838 973 4893 Emmanuel
999 4836 1238 4892 Iudaica:
1266 4838 1433 4908 genti,
1465 4843 1762 4894 secundum
1799 4837 2024 4892 alteram

461 4933 981 5003 interpretationem,
1024 4939 1281 4986 eventura
1332 4938 1534 4990 essent,
1573 4947 1760 4986 eorum
1819 4932 1910 5001 qui
1958 4948 2022 4986 ex

465 5025 601 5096 ipsis
635 5024 978 5094 relinquendi
1005 5025 1113 5078 sint
1135 5023 1381 5092 paucitas
1412 5021 1656 5092 quaedam
1685 5021 1862 5076 futura
1889 5023 2024 5076 diei-

461 5127 576 5182 tur,
625 5116 691 5173 de
724 5132 829 5186 qua
871 5118 946 5171 ait
983 5115 1280 5186 Apostolus
1314 5131 1326 5166 :
1375 5133 1392 5166 ι
1424 5113 1683 5185 Reliquiae
1724 5115 2022 5170 secundum

461 5211 784 5266 electionem
816 5211 1004 5281 gratia:
1053 5207 1208 5262 facta:
1254 5216 1383 5262 sunt
1405 5207 1494 5260 "2
1540 5227 1557 5258 ι
1592 5207 1670 5260 Ex
1694 5207 1798 5262 hac
1839 5217 2021 5262 autem

463 5303 740 5370 paucitate
789 5299 884 5370 qui
938 5299 1122 5361 fuerit,
1160 5315 1178 5348 ι
1221 5297 1464 5360 nutriet,
1506 5297 1701 5366 inquit,
1733 5297 2021 5366 juveneam

463 5391 647 5454 boum,
681 5399 734 5446 et
755 5389 892 5445 duas
919 5405 1069 5455 oves,
1104 5410 1122 5442 ι
1151 5397 1205 5445 et
1231 5405 1298 5445 cx
1321 5403 1387 5443 eo
1406 5388 1547 5458 quod
1571 5388 1863 5459 plurimum
1893 5407 1910 5441 ι
1943 5389 2022 5443 fa-

464 5483 570 5537 ciet
603 5484 708 5546 lae,
742 5481 996 5554 butyrum
1029 5490 1084 5537 et
1131 5482 1234 5538 mel
1279 5479 1550 5536 comedet.
1598 5498 1616 5532 ι
1661 5477 1810 5536 Talis
1843 5488 2020 5536 autem

560 5659 606 5692 ⁵⁸
637 5656 792 5714 Rom.
839 5675 916 5724 χι,
955 5659 1006 5714 5.

2125 4476 2312 4540 αὑτὰς,
2339 4476 2432 4529 καὶ
2457 4473 2638 4528 οὐκέθ’
2669 4475 2797 4544 ἡμῖν
2825 4477 2936 4539 τοῖς
2962 4473 3020 4541 ἐξ
3054 4474 3220 4528 ἐθνῶν
3243 4475 3420 4546 παρῆν
3443 4480 3571 4540 ταῖς
3601 4478 3710 4530 τῶν

2127 4567 2416 4640 προφητῶν
2451 4567 2580 4639 περί
2621 4566 2713 4620 τοῦ
2750 4567 3000 4637 Σωτῆρος
3033 4566 3207 4636 ἡμῶν,
3233 4567 3325 4620 καί.
3372 4570 3501 4636 περὶ
3547 4569 3708 4639 ἡμῶν

2125 4658 2298 4713 αὐτῶν
2335 4659 2655 4731 μαρτυρίαις
2700 4657 3024 4730 χρήσασθαι.
3079 4657 3238 4710 Ἀλλά
3277 4659 3383 4728 γὰρ
3431 4661 3710 4713 τοσούτων

2125 4753 2182 4804 ἐν
2204 4754 2269 4823 τῇ
2296 4749 2388 4804 τοῦ
2427 4750 2769 4822 Ἐμμανουὴλ
2793 4750 2977 4821 ἡμέρᾳ
3001 4749 3126 4822 περί
3151 4750 3210 4802 τὸ
3249 4750 3518 4804 Ἰουδαίων
3555 4753 3710 4815 ἔθνος

2125 4841 2517 4914 γενησομένων,
2563 4842 2701 4896 κατά
2745 4843 2842 4913 τὴν
2885 4841 3075 4913 ἐτέραν
3121 4841 3436 4912 ἑρμηνείαν,
3474 4844 3710 4908 σπάνιῶ

2123 4953 2208 4999 τις
2241 4931 2453 4987 ἔσεσθαι
2491 4934 2705 5002 λέγεται
2745 4934 2774 4986 ὁ
2817 4931 3195 5001 καταλειφθεὶς
3237 4931 3294 4999 ἐξ
3333 4934 3536 4992 αὐτῶν.
3578 4937 3710 5006 περὶ

2124 5022 2183 5082 οὗ
2218 5043 2378 5098 φησιν
2414 5027 2443 5078 ὁ
2483 5024 2828 5088 Ἀπόστολος’
2867 5044 2886 5075 ‹
2927 5026 3146 5094 Λεῖμμα
3180 5026 3298 5078 κατ’
3334 5026 3570 5098 ἐκλογὴν
3603 5031 3707 5099 χά-

2127 5137 2272 5191 ριτος
2302 5117 2553 5188 γέγονεν·
2577 5117 2634 5181 ὃς
2667 5118 2730 5188 δὴ
2769 5116 2955 5189 θρέψει
2993 5117 3221 5188 δάμαλιν
3263 5117 3422 5188 βοῶν,
3471 5123 3571 5174 καὶ
3612 5122 3707 5174 δύο

2126 5210 2388 5281 πρόϐατα,
2426 5209 2518 5262 καὶ
2549 5208 2656 5262 ἀπὸ
2684 5207 2775 5261 τοῦ
2822 5207 3068 5262 πλεῖστον
3110 5211 3277 5261 ποιεῖν
3309 5210 3472 5277 γάλα,
3511 5209 3706 5280 βούτυ-

2125 5321 2217 5374 ρον
2247 5302 2340 5356 καί
2371 5300 2490 5373 μέλι
2522 5301 2770 5370 φάγεται.
2814 5319 2833 5352 ι
2867 5299 3129 5364 Τοιοῦτος.
3144 5300 3200 5353 δὲ
3231 5302 3360 5371 ἡμῖν
3401 5301 3702 5372 ἀπεδείχθη

2124 5394 2262 5447 κατά
2287 5394 2382 5464 τὴν
2407 5393 2660 5464 δευτέραν
2685 5391 2934 5446 ἀπόδοσιν
2980 5393 3097 5456 πᾶσι
3134 5394 3163 5445 6
3203 5393 3560 5458 ἀποστολικὸς
3589 5392 3704 5445 τῶν

2129 5485 2380 5558 μαθητῶν
2412 5485 2568 5557 χορὸς
2607 5484 2697 5538 τοῦ
2744 5484 2990 5555 Σωτῆρος
3020 5482 3176 5555 ἡμῶν
3220 5483 3394 5555 Ἰησοῦ
3434 5484 3700 5558 Χριστοῦ.
