3868 6196
202 322 295 378 «⁸513
1105 322 1754 382 ΒΕΜΟΝΞΤΙΗΉΟΝΙΞ

1877 288 2236 384 uomica:
2279 330 2406 386 LIB.
2454 331 2567 388 vu.

3321 331 3446 396 ,ειι

202 441 392 509 Ὥσπερ
448 438 505 492 δὲ
556 442 585 494 ό
629 441 1012 512 καταλειφθεὶς
1060 435 1216 509 οὗτος
1265 446 1505 511 τοιοῦτος
1553 447 1774 501 ἔσεσθαι

1878 463 1906 500 a
1945 449 2102 505 nobis
2147 453 2201 505 in
2255 451 2493 506 secunda
2534 453 2874 524 expositione
2907 454 3086 508 omnis
3116 457 3447 526 apostolicus

197 530 610 600 προφητεύεται,
635 532 784 586 οὕτω
814 535 905 588 καὶ
931 535 1029 606 τῆς
1063 533 1243 606 χώρας
1271 537 1490 608 ἀπάσης
1514 537 1604 592 τοῦ
1645 540 1778 592 Ἰου-

191 623 346 676 δαξων
383 625 588 689 ἔθνους,
622 626 719 678 τοῦ
769 644 827 680 τε
870 628 1189 698 ἀμπελῶνος
1235 630 1414 684 αὐτῶν
1453 633 1534 695 είς
1584 631 1786 704 χέρσον·

196 714 280 766 καὶ
332 713 574 768 ἄκανθαν
625 719 1124 789 μεταϐεϐλημένου,
1178 722 1274 775 καὶ
1310 721 1398 776 διὰ
1446 721 1622 800 ταῦτα
1665 726 1777 787 τοῖς

197 805 467 877 πολεμίοις
510 809 964 881 παραδεδομένου,
1005 810 1240 882 ἔμπαλιν
1289 814 1354 868 ἐκ
1403 814 1629 886 θατέρου
1682 817 1778 887 μέ-

198 915 314 968 ρους
362 900 473 951 πᾶν
505 899 628 970 ὅρος
674 900 1074 972 ἀροτριώμενον
1117 904 1604 976 ἀροτριαθήσεσθαι
1646 924 1778 977 προ-

195 990 505 1056 φητεύεται.
535 991 806 1063 Ἠγοῦμαι
828 993 882 1046 δὲ
902 995 997 1066 τὴν
1023 994 1116 1047 τοῦ
1144 996 1391 1068 Σωτῆρος
1416 997 1570 1068 ἡμῶν
1601 997 1774 1069 Ἰησοῦ

191 1079 426 1150 Χριστοῦ
470 1083 797 1153 Ἐκκλησίαν
833 1084 1003 1149 οὕτως
1033 1086 1384 1153 αἰνίττεσθαι,
1417 1089 1545 1160 περὶ
1578 1085 1646 1160 ἦς
1683 1089 1777 1142 καὶ

190 1173 348 1235 αὑτός
386 1191 586 1244 φησιν·
625 1192 644 1224 r
681 1175 753 1228 Οὐ
810 1175 1052 1236 δύναται,
1081 1177 1236 1241 πόλις
1281 1179 1546 1250 κρυϐῆναι
1593 1179 1776 1233 ἐπάνω

187 1263 344 1334 ὅρους
393 1264 641 1334 κειμένη.
685 1285 704 1315 ι
749 1265 823 1318 Τὸ
865 1266 972 1338 γὰρ
1027 1268 1334 1339 ἐπηρμένον
1393 1268 1664 1342 μετέωρόν
1716 1287 1775 1322 τε

189 1355 280 1407 καὶ
308 1354 574 1423 ὑψιπετὲς
605 1353 701 1406 τοῦ
734 1357 832 1426 τῆς
867 1356 1190 1429 Ἐκκλησίας
1236 1358 1622 1429 πολιτεύματος
1652 1359 1776 1430 ὅρος

184 1449 430 1521 ἠγοῦμαι
483 1449 569 1502 διὰ
616 1449 1288 1522 τούτων’ἀνηγορεῦσθαι.
1347 1450 1516 1504 Τοῦτο
1566 1451 1610 1503 δ’
1662 1447 1773 1514 οὖν,

185 1544 345 1612 φησι,
375 1543 436 1595 τὸ
466 1543 590 1613 ὅρος
625 1542 1024 1614 ἀροτριὼμενον
1071 1545 1555 1615 ἀροτριαθήσεται’
1593 1544 1667 1607 ὼς
1702 1545 1774 1614 μὴ

183 1635 437 1689 ἐπελθεῖν
463 1638 580 1688 ἐκεῖ
603 1635 788 1704 φόϐον,
811 1635 943 1688 ἀλλὰ
971 1636 1063 1689 καὶ
1092 1638 1170 1698 εἰς
1194 1635 1442 1689 τοσοῦτον
1468 1637 1598 1690 αὐτὸ
1621 1653 1777 1708 μετα-

179 1727 471 1780 ϐαλεῖσθαι
506 1727 614 1780 ἀπὸ
641 1728 740 1798 τῆς
763 1728 1030 1800 προτέρας
1059 1728 1312 1800 ἐρημίας,
1341 1730 1432 1782 καὶ
1462 1729 1656 1800 χέρσου
1683 1731 1776 1782 καὶ

186 1818 464 1889 ἀκάνθης,
516 1819 593 1882 ὡς
646 1819 944 1889 ἐπιτήδειον
1000 1819 1332 1890 καταστῆναι
1387 1821 1466 1884 είς
1523 1819 1770 1891 βόσκημα
1806 1795 1850 1855 Β

191 1912 486 1981 προϐάτου,
522 1911 618 1963 καὶ
661 1909 1030 1981 καταπάτημα
1079 1909 1217 1978 βοός.
1269 1910 1377 1962 Καὶ
1434 1910 1663 1980 πάρεστί
1707 1927 1769 1978 γε

193 2002 632 2072 ἐπιλογίσασθαι,
663 2003 808 2064 ὅπως
849 2005 882 2073 ἡ
922 2001 1014 2054 τοῦ
1057 2000 1292 2074 Χριστοῦ
1335 2002 1645 2072 Ἐκκλησία,
1671 2003 1771 2056 πά-

186 2099 266 2151 λαι
318 2093 465 2150 οὖσα
522 2096 718 2166 χέρσος
754 2093 845 2146 καὶ
885 2092 1116 2160 ἄκανθα,
1148 2095 1236 2146 διὰ
1279 2093 1378 2163 τῆς
1411 2077 1572 2148 αὑτοῦ
1614 2096 1770 2167 χάρι-

185 2207 267 2253 τος
319 2193 403 2252 εἰς
457 2188 716 2241 τοσοῦτον
758 2188 924 2258 ἤλασε
974 2187 1290 2259 μεταϐολῆς,
1323 2189 1460 2242 ὥστε
1500 2190 1632 2242 πόαν
1678 2192 1770 2244 καὶ

191 2283 414 2353 βοτάνην
481 2280 701 2334 εὔθετον
741 2279 840 2350 τῆς
886 2279 1110 2351 λογικῆς
1143 2282 1515 2352 καρποφορίας
1557 2283 1645 2334 ἐπὶ
1683 2300 1772 2335 το-

193 2374 370 2427 σοῦτον
409 2371 749 2444 βλαστῆσαι,
814 2370 888 2434 ὡς
936 2372 1030 2424 καλ⁵
1083 2372 1208 2434 τοὺς
1263 2372 1626 2443 προϐατώδεις
1679 2374 1772 2426 καὶ

197 2467 594 2532 ἁπλουστέρους
639 2462 927 2517 ἀπολαύειν
957 2465 1125 2535 αὐτῆς
1153 2463 1429 2528 δύνασθαι,
1464 2463 1587 2528 τούς
1628 2479 1684 2517 τε
1715 2466 1771 2517 ἐν

198 2559 292 2623 ἐξει
331 2557 652 2628 τελειοτέρα
690 2554 1096 2627 προϐεϐηκότας
1151 2556 1315 2625 ἀροῦν
1369 2557 1462 2610 καὶ
1508 2560 1771 2626 γεωργεῖν

203 2652 371 2722 αὐτὴν,
399 2651 534 2720 βόας
579 2649 1166 2720 προσαγορευομένους,
1192 2648 1476 2721 ὠσπεροῦν
1508 2649 1600 2702 τὸν
1633 2649 1772 2702 θεῖον

216 2743 525 2796 ’Δπόστολον
557 2740 881 2794 παιδεύοντα
928 2743 1351 2813 παρεστήσαμεν
1380 2744 1437 2794 ἐν
1465 2743 1541 2814 τῷ
1574 2745 1767 2812 φάναι·

209 2856 224 2886 ι
257 2837 341 2908 Μὴ
379 2835 496 2888 τῶν
526 2832 666 2903 βοῶν
707 2833 854 2903 μέλει
898 2831 976 2902 τῷ
1005 2831 1161 2902 Θεῷ;
1199 2833 1230 2902 ἢ
1270 2832 1337 2885 δι’
1382 2833 1525 2904 ὑμᾶς
1555 2833 1772 2898 πάντως

202 2927 371 2996 livet;
399 2926 469 2980 δι’
507 2925 654 2996 ὑμᾶς
679 2923 787 2996 γὰρ
822 2924 1057 2994 ἐγράφη,
1095 2925 1174 2976 ὃτι
1211 2923 1414 2991 ὀφείλει
1445 2925 1473 2975 ό
1505 2923 1772 2995 ἀροτριῶν

206 3024 281 3072 ἐπ’
308 3019 482 3072 ἐλπίδι
509 3019 791 3091 ἀροτριᾷν,
816 3017 909 3071 καὶ
937 3018 965 3069 ό
994 3015 1162 3070 ἀλοῶν
1185 3017 1270 3070 ἐπ’
1299 3017 1469 3070 ἐλπίδι
1499 3017 1592 3070 τοῦ
1649 3033 1774 3088 μετ-

210 3112 357 3183 έχειν.
395 3131 414 3162 ι
450 3111 642 3172 Οὕτως
681 3111 714 3180 ὴ
759 3108 923 3162 πάλαι
945 3108 1148 3180 ἕρημος
1191 3108 1285 3162 καὶ
1325 3108 1516 3180 χέρσος
1544 3108 1772 3179 μεταϐέ-

207 3203 358 3272 ϐληκε
391 3202 537 3255 κατὰ
562 3199 660 3270 τὴν
684 3200 776 3253 τοῦ
804 3199 1040 3272 Χριστοῦ
1071 3200 1393 3271 παρουσίαν,
1433 3199 1509 3262 ὡς
1541 3199 1634 3252 καὶ
1661 3201 1774 3262 τοῖς

207 3293 337 3348 οὕτω
376 3289 721 3362 νενοημένοις
780 3291 960 3363 βουσὶν
993 3291 1069 3354 εἰς
1105 3291 1202 3360 τὴν
1241 3289 1572 3360 κατάλληλον
1597 3307 1774 3361 γεωρ-

206 3387 319 3453 γίαν
367 3387 690 3459 ἐπιτηδείως
739 3385 900 3456 ἔχειν.
939 3383 1261 3452 Ἑπίστησον
1302 3381 1357 3434 δὲ
1409 3382 1529 3434 τίνα
1579 3382 1775 3452 τρόπον

209 3478 303 3532 ὐπὸ
332 3480 460 3550 μίαν
495 3480 593 3532 καὶ
623 3477 720 3550 τὴν
752 3477 923 3548 αὐτὴν
963 3475 1199 3529 διάνοιαν
1231 3473 1440 3543 γένεσις
1471 3473 1534 3525 ἐκ
1565 3471 1774 3544 Παρθέ-

206 3588 290 3626 νου
323 3571 742 3644 προφητεύεται,
775 3570 868 3623 καὶ⁸
904 3568 1044 3623 κατά
1083 3567 1144 3620 τὸ
1181 3566 1307 3619 αὐτό
1353 3582 1516 3636 φησιν
1558 3567 1586 3618 ὁ
1621 3565 1777 3633 λόγος

207 3660 296 3729 τὴν
338 3661 433 3730 μὲν
478 3660 643 3714 πάλαι
689 3657 1032 3730 καρποφόρον
1063 3656 1188 3727 γῆν,
1229 3655 1290 3708 τὸ
1323 3656 1450 3726 πρὶν
1483 3651 1645 3709 οὖσαν
1690 3672 1769 3725 χι-

207 3749 327 3806 λίων
373 3753 597 3816 σίκλων,
633 3754 711 3815 είς
749 3752 940 3822 χέρσον
987 3749 1203 3803 ἔσεσθαι
1259 3748 1354 3802 καὶ
1405 3751 1482 3812 είς
1514 3747 1773 3812 ἄκανθαν,

210 3847 381 3901 πᾶσαν
411 3864 475 3899 τε
509 3846 606 3918 τὴν
635 3847 736 3918 γῆν
775 3843 971 3907 αὐτῶν,
1005 3844 1092 3898 διὰ
1128 3841 1190 3896 τὸ
1223 3841 1475 3911 γενέσθαι
1507 3844 1586 3905 είς
1613 3841 1779 3894 ἄκαν-

209 3937 298 3991 θαν
321 3940 417 3993 καὶ
442 3939 525 4000 είς
547 3937 756 4009 χέρσον,
784 3934 1250 4007 παραδοθήσεσθαι
1277 3936 1388 3996 τοῖς
1422 3932 1558 4004 μετὰ
1593 3932 1778 4002 βέλους

210 4031 294 4081 καὶ
332 4027 665 4098 τοξεύματος
707 4026 1183 4097 είσελευσομένοις.
1225 4025 1541 4078 Τούναντίον
1572 4024 1628 4076 δὲ
1662 4023 1777 4076 πεί-

214 4121 391 4173 σεσθαι
421 4123 530 4174 πᾶν
569 4120 720 4192 ὅρος·
753 4119 860 4173 ἀπὸ
891 4117 1018 4188 γοῦν
1045 4117 1144 4188 τῆς
1171 4117 1441 4189 προτέρας
1466 4116 1656 4187 χέρσου
1683 4115 1778 4168 καὶ⁸

211 4211 442 4281 ἀκάνθης
488 4209 905 4282 μεταϐαλεῖσθαι
951 4211 1030 4272 είς
1073 4208 1322 4278 βόσκημα
1362 4207 1650 4279 προϐάτου,
1682 4207 1778 4260 καὶ

205 4305 490 4374 καταπατη
499 4320 578 4373 μα
605 4301 741 4372 βοὸς,
779 4300 918 4354 ὥστε
945 4301 1076 4354 αὐτὸ
1103 4300 1501 4372 ἁροτριὼμενον
1529 4301 1778 4371 ἀροτρια-

205 4391 485 4463 θήσεσθαι,
534 4395 628 4448 καὶ
677 4393 750 4465 μὴ
789 4392 1172 4446 ἐπελεύσεσθαι
1221 4395 1334 4444 ἐκεῖ
1379 4392 1558 4461 φόϐον.
1595 4393 1670 4444 Δι’
1703 4386 1778 4445 ὧν

1795 3156 1845 3219 ο

1877 538 2268 609 discipulorum
2313 539 2610 597 Salvatoris
2642 547 2813 598 nostri
2845 543 2975 599 Jesu
3012 543 3216 598 Christi
3240 545 3447 600 chorus

1879 631 2287 686 demonstratus
2328 640 2412 684 est
2443 649 2454 684 :
2489 633 2583 686 sed
2619 633 3075 702 quemadmodum
3107 633 3196 688 hic
3238 635 3330 704 qui
3363 651 3450 690 re-

1880 721 2042 777 lictus
2087 723 2178 788 sit,
2217 723 2344 777 talis
2395 723 2612 778 futurus
2662 741 2726 780 ex
2783 727 3068 798 prophetia
3115 726 3448 792 declaratur,

1879 810 1952 864 ita
2007 821 2296 883 postquam
2345 815 2599 868 universa
2649 813 2891 870 Iudaica:
2941 817 3118 887 gentis
3172 816 3343 887 regio,
3395 825 3450 872 et

1877 905 2030 958 vinea
2055 905 2320 974 ejusdem,
2350 906 2404 960 in
2443 913 2644 960 terram
2682 907 2940 961 incultam
2971 918 3023 962 et
3056 908 3266 978 spinam
3299 923 3451 962 com-

1879 1007 2089 1052 mutata
2123 999 2305 1063 fuerit,
2338 1007 2392 1052 et
2417 1009 2702 1068 propterea
2728 999 2976 1055 hostibus
3005 1000 3224 1066 tradita,
3253 1015 3448 1056 rursus

1877 1105 1942 1142 ex
1988 1091 2156 1144 altera
2203 1099 2356 1161 parte
2392 1091 2569 1146 omnis
2611 1107 2767 1146 mons
2820 1093 2912 1162 qui
2957 1101 3162 1154 aratur,
3211 1092 3448 1146 arandus

1876 1197 1998 1237 esse
2028 1185 2098 1236 ah
2123 1184 2309 1237 eadem
2341 1185 2620 1254 prophetia
2648 1183 2981 1254 prmdicitur.
3011 1183 3174 1254 326
3198 1181 3449 1238 Arbitror

1877 1282 2058 1328 autem
2091 1273 2388 1330 Salvatoris
2421 1276 2592 1330 nostri
2635 1273 2764 1330 Jesu
2789 1274 2992 1329 Christi
3051 1273 3348 1330 Ecclesium
3379 1291 3445 1330 eo

1879 1367 2042 1421 modo
2075 1368 2394 1438 significari,
2421 1370 2488 1424 de
2527 1382 2632 1438 qua
2665 1369 2779 1438 ipse
2815 1369 2889 1420 ait
2924 1387 2936 1422 :
2978 1386 2996 1418 ι
3029 1367 3144 1421 Non
3172 1375 3350 1438 potest
3369 1370 3449 1424 ci-

1877 1460 2016 1514 vitas
2039 1461 2298 1516 abscondi
2332 1477 2494 1532 supra
2522 1469 2758 1514 montem
2785 1460 2958 1531 posita
2982 1461 3024 1492 ⁵⁸
3047 1478 3060 1528 ;
3095 1479 3112 1512 ι
3138 1460 3282 1530 quod
3305 1461 3448 1515 enim

1878 1552 1932 1606 in
1960 1551 2200 1608 Ecclesia
2234 1554 2464 1623 publicis
2490 1553 2795 1607 actionibus
2819 1553 3017 1606 elatum
3048 1560 3102 1607 et
3139 1553 3370 1608 Sublime
3393 1559 3448 1606 et

1879 1645 1945 1704 ad
1973 1661 2208 1716 superna
2236 1647 2465 1701 tendens
2499 1647 2588 1713 sit,
2624 1656 2859 1701 montem
2886 1646 3122 1699 arbitror
3154 1646 3240 1701 his
3273 1644 3450 1700 verbis

1879 1735 2140 1806 appellari
2172 1755 2184 1790 :
2213 1735 2359 1791 hunc
2396 1737 2558 1807 igitur
2581 1744 2838 1804 montem,
2867 1735 2956 1806 qui
2983 1743 3190 1800 aratur,
3232 1743 3446 1788 aratum

1878 1828 1942 1882 iri
1982 1831 2078 1893 ait,
2124 1829 2198 1882 ita
2234 1830 2450 1900 quidem
2495 1838 2552 1884 ut
2583 1830 2710 1884 illuc
2752 1838 2932 1883 terror
2969 1843 3294 1883 accessurus
3338 1841 3448 1882 non

1877 1922 1968 1983 sit,
1997 1922 2341 1992 quiupotius
2371 1938 2544 1992 usque
2576 1921 2712 1976 adeo
2751 1935 2780 1974 a
2816 1921 2997 1991 priore
3041 1917 3355 1982 solitudine,
3393 1929 3450 1974 et

1878 2018 2020 2062 terra
2051 2011 2254 2064 inculta
2279 2022 2329 2066 et
2355 2011 2511 2080 spina
2536 2010 3006 2073 commutandam,
3032 2017 3089 2063 ut
3115 2009 3346 2064 idoneus
3376 2007 3462 2063 fu-

1877 2111 2032 2156 turus
2063 2102 2133 2157 sit
2169 2105 2260 2172 qui
2287 2101 2479 2156 evadat
2521 2102 2574 2154 in
2608 2117 2810 2171 pascua
2843 2102 2960 2158 ovis
2997 2109 3052 2156 et
3079 2101 3448 2156 conculcatio-

1878 2211 2000 2248 nem
2055 2195 2229 2250 bovis.
2279 2194 2344 2248 Et
2397 2210 2528 2250 sane
2578 2193 2789 2248 ratione
2842 2193 3098 2263 colligere
3152 2207 3446 2264 possumus

1877 2283 2330 2352 quemadmodum
2353 2282 2556 2338 Christi
2579 2281 2842 2346 Ecclesia,
2870 2296 2990 2352 qua:
3007 2281 3137 2334 olim
3159 2291 3276 2336 erat
3303 2288 3448 2334 terra

1876 2375 2080 2429 inculta
2115 2384 2168 2430 et
2215 2375 2394 2444 spina,
2442 2375 2508 2428 ad
2565 2383 2768 2428 tantam
2816 2373 3295 2427 commutationem
3352 2386 3449 2443 per

1877 2466 2050 2536 ipsius
2105 2468 2332 2536 gratiam
2379 2468 2718 2537 pervenerit,
2777 2474 2834 2520 ut
2891 2465 3114 2520 herbam
3165 2464 3448 2519 rationalis

1879 2557 2176 2613 fertilitatis
2207 2565 2260 2612 et
2287 2556 2543 2627 pabulum
2576 2567 2938 2631 opportunum
2960 2571 3132 2626 usque
3165 2555 3299 2612 adeo
3322 2571 3449 2626 pro-

1879 2649 2088 2714 tulerit,
2127 2659 2186 2705 ut
2220 2657 2274 2705 et
2307 2650 2501 2704 ovibus
2532 2649 2739 2704 similes
2761 2656 2814 2703 et
2855 2647 3217 2716 simpliciores
3245 2662 3307 2703 ea
3339 2645 3447 2702 frui

1877 2742 2111 2814 possint,
2157 2752 2211 2796 et
2239 2743 2332 2814 qui
2375 2741 2442 2797 ad
2476 2742 2720 2797 habitum
2770 2740 3150 2811 perfectiorcm
3190 2755 3449 2811 pervene-

1878 2833 2008 2899 rint,
2046 2833 2141 2904 qui
2190 2834 2355 2888 boves
2390 2829 2748 2904 appellantur,
2792 2830 3036 2886 eamdem
3081 2846 3237 2885 arare
3269 2839 3323 2884 et
3359 2845 3449 2884 co-

1877 2926 2008 2992 lere,
2044 2942 2109 2982 eo
2159 2942 2290 2982 sane
2334 2926 2496 2981 modo
2546 2942 2653 2996 quo
2691 2925 2933 2980 divinum
2984 2924 3297 2993 Apostolum
3351 2923 3448 2978 do-

1869 3027 2090 3074 centem
2137 3019 2498 3082 ostendimus,
2541 3019 2632 3072 ubi
2671 3018 2784 3071 ait:
2821 3034 2840 3068 ι
2874 3015 3128 3087 Nunquid
3172 3017 3238 3071 de
3274 3017 3448 3072 bobus

1880 3125 2010 3164 cura
2028 3117 2111 3166 est
2135 3107 2278 3164 Deo?
2299 3109 2379 3163 An
2413 3117 2635 3180 propter
2673 3125 2768 3164 vos
2795 3109 3018 3163 omnino
3048 3108 3196 3172 dicit,
3228 3117 3449 3180 propter

1877 3217 1973 3256 vos
2005 3201 2149 3257 enim
2187 3201 2391 3271 scripta
2425 3208 2572 3264 sunt,
2609 3201 2865 3269 quoniam
2899 3200 3058 3254 debet
3089 3199 3180 3270 qui
3215 3207 3353 3261 arat,
3392 3199 3444 3252 in

1877 3309 1970 3364 spe
2017 3307 2192 3356 arare,
2227 3300 2280 3346 et
2324 3292 2415 3362 qui
2451 3292 2690 3355 triturat,
2734 3293 2788 3344 in
2831 3306 2926 3360 spe
2971 3292 3295 3360 participare
3313 3290 3377 3342 “.
3422 3309 3441 3342 ι

1881 3385 1956 3438 ita
2005 3399 2124 3455 quae
2155 3384 2283 3438 olim
2314 3383 2531 3438 deserta
2587 3382 2902 3453 incultaque
2947 3389 3064 3436 erat
3109 3389 3276 3444 terra,
3325 3391 3448 3450 post

1876 3481 2086 3536 Christi
2122 3479 2413 3532 adventum
2445 3483 2779 3530 commutata
2810 3485 2912 3538 est,
2942 3483 3000 3529 ut
3032 3489 3170 3546 quos
3198 3489 3263 3529 eo
3289 3474 3448 3528 modo

1879 3573 2046 3628 boves
2094 3571 2476 3630 intelleximus,
2511 3567 2580 3623 iis
2627 3567 3003 3622 convenientis
3035 3577 3279 3637 aptacque
3303 3565 3448 3634 agri-

1877 3661 2166 3718 colationis
2223 3675 2384 3715 usum
2432 3657 2686 3714 idoneum
2735 3655 2991 3726 praebeat.
3044 3654 3274 3710 Attende
3319 3671 3448 3710 vero

1877 3769 2113 3824 quonam
2147 3752 2306 3806 modo
2339 3750 2442 3807 sub
2487 3763 2598 3804 uno
2632 3747 2932 3817 eodemque
2972 3761 3138 3801 sensu
3179 3757 3332 3801 ortus
3379 3746 3448 3802 de

1877 3847 2099 3919 Virgine
2137 3846 2352 3902 canitur
2387 3865 2400 3900 :
2437 3852 2490 3900 et
2523 3843 2745 3914 pariter,
2772 3841 2966 3911 inquit.
2999 3840 3301 3902 oraculum,
3326 3855 3446 3909 quae

1876 3939 2004 3996 olim
2039 3938 2232 3993 fertilis
2254 3945 2398 3998 terra
2427 3943 2481 3991 et
2513 3950 2632 4006 qua:
2663 3933 2816 4002 prius
2842 3933 2988 3986 mille
3016 3931 3272 3986 siclorum
3303 3939 3442 3994 erat,

1878 4031 1931 4086 in
1983 4040 2183 4085 terram
2239 4030 2496 4084 incultam
2544 4028 2667 4091 erit,
2699 4037 2752 4081 et
2801 4025 2852 4078 in
2888 4025 3122 4094 spinam,
3161 4023 3445 4093 omnisque

1877 4137 2063 4176 eorum
2097 4131 2261 4183 terra,
2305 4126 2591 4189 prOpterea
2642 4115 2787 4187 quod
2820 4115 2998 4169 futura
3029 4119 3097 4168 sit
3144 4114 3198 4168 in
3231 4114 3443 4184 spinam

1877 4217 1930 4264 et
1959 4217 2155 4264 terram
2184 4209 2464 4272 incultam,
2503 4206 2748 4260 tradetur
2791 4205 2858 4260 iis
2889 4203 2978 4274 qui
3009 4219 3132 4258 cum
3165 4207 3357 4274 sagitta
3391 4211 3446 4258 et

1879 4313 2009 4352 arcu
2067 4299 2349 4353 accedent.
2400 4298 2748 4352 Contrarium
2798 4312 2925 4352 vero
2979 4297 3216 4366 patietur
3265 4298 3444 4352 omnis

1878 4407 2037 4446 mons
2068 4409 2080 4444 :
2117 4405 2240 4444 nam
2273 4405 2300 4442 a
2340 4391 2523 4461 priore
2564 4390 2768 4444 inculta
2799 4398 2943 4444 terra
2972 4402 3024 4442 et
3061 4390 3219 4458 spina
3268 4397 3444 4442 muta-

201 4483 390 4550 σαφῶς
420 4480 664 4553 ἠγοῦμαι
691 4481 1044 4552 σημαίνεσθαι
1071 4481 1169 4550 τὴν
1209 4478 1299 4532 τοῦ
1346 4479 1594 4550 Σωτῆρος
1621 4477 1775 4548 ἡμῶν

1883 4483 2028 4537 hitur
2057 4483 2112 4537 in
2161 4497 2362 4553 pascua
2394 4483 2512 4537 ovis
2538 4491 2590 4536 et
2623 4481 3090 4536 conculcationem
3123 4481 3307 4547 bovis;
3340 4480 3444 4533 ita-

197 4573 263 4628 ἐκ
289 4573 573 4646 Παρθένου
605 4573 840 4642 γένεσιν,
869 4575 962 4626 καὶ
997 4572 1063 4626 τὰ
1111 4571 1244 4642 μετὰ
1281 4570 1483 4640 ταύτην
1514 4568 1650 4640 ὁμοῦ
1683 4570 1777 4622 καὶ

198 4665 412 4738 ἀθρόως
447 4665 718 4728 Ἰουδαίοις
739 4682 797 4717 τε
820 4664 914 4717 καὶ
941 4667 1051 4728 τοῖς
1075 4663 1278 4726 λοιποῖς
1299 4662 1475 4715 ἔθνεσι
1501 4679 1563 4713 συ
1572 4659 1777 4732 μϐεϐη-

198 4757 369 4813 κότα.-
397 4758 497 4829 τὴν
527 4757 661 4826 γοῦν
691 4755 961 4828 ἑκατέρων
998 4756 1106 4808 τῶν
1138 4755 1428 4826 ταγμάτων
1450 4754 1530 4816 είς
1559 4752 1776 4805 τούναν-

195 4851 314 4904 vim
337 4851 656 4922 μεταϐολὴν,
672 4849 778 4904 τῶν
801 4850 896 4919 μὲν
917 4849 1016 4920 τὴν
1036 4848 1142 4902 ἀπὸ
1156 4846 1262 4900 τῶν
1276 4847 1597 4917 κρειττόνων
1613 4845 1704 4898 ἐπὶ
1717 4842 1779 4896 τὸ

198 4943 406 5012 χεῖρον,
428 4941 526 5011 τῆς
545 4939 602 4992 δὲ
622 4938 683 5004 ὲξ
705 4937 871 4992 ἐθνῶν
905 4937 1228 5008 Ἐκκλησίας
1247 4935 1344 5006 τὴν
1365 4935 1472 4989 ἀπὸ
1493 4934 1592 5004 τῆς
1611 4932 1778 4986 πάλαι

202 5033 440 5105 ἐρημίας
476 5033 570 5086 ἐπὶ
603 5031 702 5104 τὴν
727 5031 868 5085 κατὰ
893 5029 1024 5084 Θεὸν
1057 5028 1447 5102 καρποφορίαν,
1471 5027 1632 5097 ἆπερ,
1654 5025 1776 5080 καθ’

201 5126 304 5178 ἶνα
323 5127 418 5178 καὶ
441 5125 534 5178 τὸν
559 5124 724 5177 αὐτὸν
747 5121 936 5196 καιρὸν
957 5121 1060 5192 τῆς
1082 5121 1176 5175 τοῦ
1218 5121 1272 5174 Ἐ
1280 5118 1558 5192 μμανουὴλ
1581 5119 1780 5186 ἐπιφα-

205 5215 359 5278 νείας
376 5213 883 5286 ἐπιτελεσθήσεσθαι
912 5210 1375 5284 προφητευθέντα,
1393 5212 1512 5272 ταῖς
1535 5208 1779 5280 προρρή-

206 5325 362 5362 σεσιν
389 5307 694 5370 ἀκολούθως
715 5308 816 5360 οὐκ
837 5305 1046 5368 ἄλλοτε,
1069 5305 1102 5376 ἢ
1133 5303 1267 5376 μετά
1284 5305 1383 5374 τὴν
1406 5303 1500 5356 τοῦ
1527 5302 1777 5374 Σωτῆρος

207 5407 240 5472 1';-
249 5403 370 5470 μῶν
398 5401 694 5473 παρουσίαν
715 5397 868 5462 τέλος
895 5396 1151 5468 εἰληφότα
1168 5396 1456 5460 δείκνυται,
1483 5394 1571 5448 διά
1583 5411 1642 5448 τε
1669 5395 1776 5449 τῶν

208 5493 470 5564 ἐμφανῶς
501 5491 805 5564 εἰρημένων
833 5489 973 5542 κατὰ
1004 5487 1283 5552 Ἰουδαίους
1311 5488 1666 5560 πραγμάτων,
1685 5488 1777 5542 καὶ

209 5585 300 5638 διὰ
315 5588 412 5658 τῆς
427 5587 485 5652 ἐξ
499 5584 668 5638 ἐθνῶν
692 5583 1031 5647 Ἐκκλησλις.
1048 5584 1123 5646 Ει
1137 5582 1232 5657 μὲν
1242 5581 1502 5654 γᾴρκσςτά
1519 5580 1611 5657 πῂῖ
1633 5599 1778 5654 “9‘
1813 5665 1832 5673 ._

313 5773 356 5809 δ’
390 5769 579 5823 Matth.
613 5785 665 5831 v,
693 5766 778 5822 M.
850 5769 894 5800 ⁸⁸
919 5765 937 5819 1
961 5766 1068 5822 Cor
1125 5782 1196 5831 Ix,
1227 5765 1280 5830 9,
1311 5765 1394 5822 ιο.

1878 4592 1983 4647 que
2012 4576 2128 4645 ipse
2151 4575 2244 4645 qui
2279 4582 2466 4628 aratur
2493 4573 2755 4637 arabitur,
2792 4588 2967 4642 neque
2991 4563 3315 4626 illuc‘terror
3347 4571 3442 4650 ad-

1878 4666 2078 4721 veniet.
2100 4664 2307 4732 Quibus
2331 4665 2510 4720 verbis
2536 4665 2696 4735 plane
2723 4663 2958 4718 arbitror
2989 4662 3293 4733 signiﬁcare
3322 4662 3442 4715 Sal-

1878 4759 2084 4814 vatoris
2118 4759 2290 4814 nostri
2318 4765 2498 4811 ortum
2533 4756 2602 4811 de
2625 4754 2865 4824 Virgine,
2897 4763 3093 4824 etquae
3126 4762 3248 4823 post
3289 4753 3440 4806 illum

1880 4852 2042 4907 simul
2071 4860 2231 4921 atque
2261 4849 2575 4915 acervatim,
2605 4857 2658 4903 et
2679 4847 2878 4902 Judzcis
2907 4856 2960 4902 et
2998 4846 3221 4917 reliquis
3267 4846 3441 4916 genti-

1877 4943 1981 4999 bus
2039 4950 2296 4999 eventura
2359 4948 2516 4996 erant
2563 4959 2576 4994 :
2627 4940 2894 5010 siquidem
2958 4941 3242 5010 utriusque
3291 4939 3442 4994 ordi-

1879 5037 1964 5091 nis
2007 5037 2355 5089 mutationem
2406 5034 2461 5088 in
2507 5034 2836 5088 contrarium
2896 5033 3175 5104 prophetia
3218 5032 3442 5086 demon-

1879 5135 2038 5192 strat,
2084 5124 2325 5180 Jndaicaa
2359 5125 2576 5196 quidem
2623 5125 2798 5195 gentis
2833 5137 2861 5176 a
2892 5125 3114 5179 meliore
3158 5124 3212 5179 in
3251 5123 3440 5194 pejus,

1879 5220 2117 5275 collectae
2165 5227 2343 5273 autem
2405 5217 2473 5272 de
2523 5217 2774 5288 gentibus
2829 5216 3122 5279 Ecclesiae,
3177 5230 3208 5270 a
3261 5215 3446 5286 priore

1879 5313 2165 5370 sterilitate
2218 5327 2284 5367 ac
2343 5311 2676 5376 solitudine,
2737 5311 2789 5364 in
2851 5309 3185 5382 fertilitatem
3238 5323 3440 5362 secun-

1877 5405 2006 5460 dum
2062 5403 2264 5471 Deum;
2305 5416 2425 5473 quae
2475 5400 2692 5472 quidem
2726 5398 2854 5454 dum
2909 5399 3012 5454 sub
3057 5413 3226 5471 unum
3278 5396 3438 5468 327

1876 5504 1931 5553 et
1992 5495 2133 5551 idem
2171 5503 2387 5565 tempus
2428 5508 2536 5564 quo
2588 5491 2903 5546 Emmanuel
2956 5489 3205 5544 adveniet
3255 5491 3438 5543 absol-

1877 5590 2054 5648 venda
2099 5599 2392 5654 cauuntur,
2429 5586 2636 5643 oraculi
2685 5585 2964 5640 veritatem
3015 5590 3243 5640 eventus
3288 5597 3438 5639 com-
