3868 6196
479 277 587 335 815

1147 262 1414 325 EUSEBll
1445 258 1921 320 CIESARIENSIS
1954 256 2107 314 OPP.
2149 251 2407 311 PARS".
2442 277 2511 291 -—
2539 243 3034 304 APOLOGETICA.

3542 244 3629 301 5l6

477 390 744 467 probavit.
781 387 897 442 Non
921 384 1067 440 enim
1096 382 1233 438 alias
1259 394 1423 451 quam
1452 385 1577 450 post
1606 373 1908 431 Salvatoris
1935 387 2008 427 no

2164 371 2327 423 malav
2370 365 2466 422 τοῦ
2494 365 2742 436 Σωτῆρος
2757 360 2935 434 ἡμῶν,
2962 357 3123 412 αὑτοῦ
3150 358 3213 430 δὴ
3243 358 3404 427 ’1ησοῦ
3426 356 3506 413 τοῖς
3527 361 3637 433 xm.

477 486 578 541 stri
609 483 922 542 adventum,
954 474 1113 531 (luem
1140 473 1419 544 accepisse
1446 471 1911 533 demonstrantur,
1927 474 2043 519 tum

477 592 542 631 es
577 574 647 629 iis
674 570 837 626 rebus
862 581 985 636 qua
1009 566 1171 638 plane
1207 565 1275 621 de
1306 562 1509 619 Judaeis
1561 561 1721 616 dicta:
1748 566 1899 620 sunt,
1929 564 2044 611 tum

477 682 547 724 ex
576 667 691 736 ipsa
723 675 844 731 qua:
873 658 943 713 de
970 657 1221 729 gentibus
1246 656 1473 712 collecta
1506 658 1591 711 est
1628 652 1887 709 Ecclesia.
1911 649 2044 704 Nam

480 757 526 812 si
552 762 670 826 post
690 751 981 806 adventum
1009 747 1312 804 Salvatoris
1348 746 1547 811 nostri,
1574 745 1769 815 ipsius,
1799 743 2044 812 inquam,

479 845 609 900 Jesu
631 830 854 904 Christi,
887 854 1114 909 regnum
1164 853 1227 891 ac
1261 836 1600 907 principatus
1645 834 1786 905 apud
1832 831 2047 887 Judmos

481 945 535 992 et
561 933 703 1007 apud
728 931 1094 989 Damascenos
1113 944 1236 985 esse
1257 944 1366 982 non
1396 927 1684 994 desiisset;
1707 934 1761 981 et
1785 924 1894 981 nisi
1923 933 2050 981 ante

483 1027 674 1083 oculos
688 1032 929 1086 nostros.
960 1023 1121 1078 nobis
1166 1022 1300 1092 ipsis
1349 1020 1547 1075 intueri
1581 1020 1768 1074 liceret
1805 1018 2048 1073 relictam

487 1118 555 1173 ab
573 1118 680 1173 illis
696 1125 922 1181 terram,
954 1124 1009 1171 et
1036 1114 1104 1169 ab
1136 1114 1376 1170 externis
1405 1128 1470 1168 ac
1491 1112 1909 1169 simulacrorum
1934 1110 2051 1166 cul-

487 1209 717 1265 trioibus
747 1208 1062 1264 nationibus
1091 1205 1387 1261 habitatam
1412 1222 1428 1273 ;
1470 1214 1750 1276 praeterea,
1786 1198 1837 1259 si
1858 1219 1966 1258 non
1997 1202 2051 1256 in

487 1309 687 1357 terram
722 1301 980 1356 incultam
1003 1309 1058 1354 et
1086 1300 1320 1368 spinam,
1353 1312 1515 1353 omne
1535 1297 1901 1368 quodcunque
1922 1294 2053 1350 olim

490 1393 1017 1451 venerabilissimum
1051 1390 1193 1460 sacri
1221 1390 1362 1461 apud
1404 1389 1528 1445 illos
1566 1388 1863 1445 sanctuarii
1886 1388 2054 1442 decus

492 1486 817 1548 habebatur,
850 1488 1242 1540 commutatum
1277 1488 1443 1543 esset,
1483 1487 1538 1535 et
1577 1478 1683 1536 nisi
1712 1479 1950 1533 cultores
1979 1476 2057 1531 si-

494 1578 856 1634 mulacrorum
891 1615 907 1641 ,
960 1574 1314 1644 impurissimi
1385 1573 1635 1628 homines
1667 1614 1683 1639 ,
1732 1572 2055 1640 illorumque

492 1670 679 1727 hostes
707 1683 830 1724 cum
863 1667 1061 1739 sagitta
1112 1673 1167 1721 et
1221 1679 1351 1721 arcu
1388 1663 1726 1728 invadentes,
1758 1671 1813 1719 et
1844 1664 1912 1718 ab
1937 1662 2056 1732 ipso

497 1762 722 1817 Domino
773 1760 988 1831 impulsi
1013 1759 1082 1814 ab
1107 1756 1347 1814 externis
1389 1756 1702 1827 regionibus
1758 1754 2052 1820 venissent,

494 1864 547 1910 et
580 1855 634 1908 in
665 1854 906 1925 ipsorum
937 1853 1100 1906 terris
1130 1849 1485 1920 quievissent,
1529 1861 1855 1917 omnemque
1876 1847 2055 1901 locum

495 1959 818 2015 omnemque
843 1943 1115 2013 civitatem
1159 1941 1401 2013 ipsorum
1433 1947 1792 2009 occupassent
1818 1957 1831 1992 :
1855 1946 1909 1993 et
1934 1952 2058 1991 rur-

497 2054 614 2103 sus,
648 2037 752 2093 nisi
786 2045 983 2091 aterra
1039 2034 1244 2089 inculta
1289 2041 1343 2088 et
1385 2031 1564 2103 spina,
1619 2038 1673 2084 et
1727 2030 1796 2084 ab
1846 2044 1910 2085 ea
1938 2044 2059 2099 quae

500 2128 652 2200 prius
680 2132 799 2181 erat
821 2121 1033 2180 colendi
1060 2121 1409 2194 negligentia,
1449 2134 1543 2191 per
1565 2116 1864 2173 Salvatoris
1886 2115 2058 2172 nostri

496 2218 800 2275 doctrinam
819 2221 1161 2269 commutatae
1192 2226 1382 2268 omnes
1405 2250 1420 2274 ,
1445 2224 1781 2282 quaecunque
1804 2208 1860 2263 in
1883 2206 2059 2278 ipsum

499 2308 868 2371 crediderunt,
901 2312 1110 2377 gentes,
1136 2304 1444 2375 religiosam
1490 2310 1544 2357 et
1568 2299 1867 2357 secundum
1891 2297 2060 2353 Deum

501 2399 818 2456 rationalem
853 2396 1184 2453 fertilitatem
1229 2395 1548 2463 cultumque
1596 2388 2060 2461 accepissent;ad

500 2491 638 2555 haec,
662 2488 769 2545 nisi
795 2487 971 2543 oculis
998 2484 1276 2541 Christum
1312 2481 1650 2550 intuiti,non
1676 2479 2059 2542 credidissent,

503 2591 558 2638 et
586 2584 691 2638 nisi
722 2580 1005 2637 docentem
1028 2576 1398 2641 audivissent,‘
1427 2575 1784 2643 auditumque
1824 2571 2063 2640 respuis.

505 2672 838 2741 sent,etnisi
872 2671 1074 2739 reliqua
1106 2684 1228 2738 qua:
1270 2668 1323 2721 in
1349 2665 1536 2721 eadem
1589 2662 1868 2734 prophetia
1889 2661 2064 2717 ccuti-

506 2776 723 2828 neutur,
758 2771 874 2834 post
908 2771 1150 2829 tempora
1181 2756 1309 2814 Jesu
1330 2756 1626 2812 Salvatoris
1656 2754 1830 2810 nostri
1857 2753 2062 2809 exitum

507 2857 699 2912 sortita
726 2869 848 2909 esse
880 2849 1320 2915 ostenderentur,
1354 2862 1486 2903 sane
1515 2862 1621 2901 non
1642 2845 1761 2916 ipse
1791 2852 1936 2901 esset
1971 2843 2068 2898 ha-

507 2945 750 3009 bendus,
790 2958 950 3015 quem
981 2941 1257 3012 propheta:
1303 2937 1628 3009 intelligunt.
1666 2934 1770 2993 Sed
1799 2936 1843 2992 si
1868 2936 2063 3001 cuivis.

510 3040 594 3097 vel
621 3054 784 3102 caeco,
830 3045 889 3092 ut
933 3037 1108 3097 aiunt,
1148 3035 1435 3104 perspicua
1491 3032 1834 3088 oraculorum
1876 3038 2067 3085 eventa

509 3130 804 3192 exsistunt,
835 3142 955 3197 qua:
1003 3125 1219 3195 quidem
1250 3138 1357 3178 non
1400 3122 1536 3178 alias
1582 3138 1743 3193 quam
1789 3127 1910 3192 post
1933 3127 2071 3174 tem-

512 3237 642 3293 pora
673 3221 937 3277 adventus
995 3220 1142 3274 illius
1176 3217 1442 3287 completa
1497 3224 1644 3277 sunt,
1680 3214 1808 3286 quid
1840 3213 2072 3284 amplius

509 3332 649 3388 opus
670 3326 754 3372 est
777 3315 844 3371 de
886 3314 1032 3369 illius
1065 3319 1190 3367 ortu
1219 3326 1285 3364 ex
1314 3307 1537 3379 Virgine
1563 3307 1833 3371 dubitare,
1861 3321 1925 3360 ac
1964 3320 2071 3360 non

512 3410 693 3482 potius
740 3408 975 3477 benigna
1022 3403 1256 3476 quadam
1286 3400 1706 3456 ratiocinatione
1745 3399 1910 3454 exiis
1952 3413 2073 3468 quas

514 3499 691 3554 adhuc
718 3505 1041 3559 cernuntur,
1084 3508 1265 3550 rerum
1309 3505 1525 3562 quoque
1555 3490 1796 3560 ipsarum
1825 3489 1981 3543 initio
2010 3487 2073 3541 tl-

513 3592 634 3647 dem
672 3587 885 3643 facere?
908 3585 1032 3640 llaec
1058 3599 1188 3640 vero
1216 3585 1331 3653 ipsa
1387 3597 1508 3651 quae
1543 3580 1720 3635 adhuc
1749 3586 2070 3643 cernuntur,

515 3697 636 3752 quae
661 3679 877 3735 tandem
902 3687 1060 3740 sunt,
1094 3675 1199 3730 nisi
1226 3671 1536 3727 Iudaeorum
1566 3672 1619 3725 in
1650 3669 1798 3724 illum
1817 3666 2076 3722 heredu-

516 3775 642 3828 litas
675 3770 816 3843 (qua:
845 3768 1163 3841 planissime
1212 3763 1512 3820 secundum
1564 3762 1740 3830 ipsum
1793 3759 2074 3814 oraculum

516 3864 843 3936 completur,
877 3860 1021 3933 quod
1073 3859 1184 3914 ait:
1225 3877 1242 3909 ι
1272 3855 1469 3910 Auditu
1515 3853 1745 3909 audietis
1771 3860 1826 3907 et
1853 3868 1960 3905 non
1988 3852 2074 3907 in-

519 3956 793 4029 telligetis,
817 3963 869 4010 et
898 3954 1171 4009 intuentes
1189 3942 1552 4008 intuehi'mini.
1576 3956 1628 4003 et
1662 3961 1773 4001 non
1790 3945 2073 4001 videbitis:

517 4062 767 4106 crassum
821 4046 966 4102 enim
1018 4043 1216 4098 factum
1265 4051 1349 4096 est
1378 4055 1472 4095 cor
1522 4038 1704 4110 populi
1740 4037 1901 4108 hujus
1921 4037 1989 4104 ι),
2023 4043 2079 4091 et

521 4142 693 4215 ipsius
742 4137 1040 4195 Jerusalem
1071 4132 1306 4196 obsidio,
1337 4140 1392 4186 et
1417 4130 1585 4202 prisci
1605 4129 1753 4184 illius
1781 4125 2077 4183 sanctuarii

519 4243 761 4290 extrema
794 4229 1055 4295 solitudo,
1086 4235 1140 4283 et
1161 4232 1503 4282 externarum
1527 4222 1788 4292 gentium,
1824 4234 1945 4291 qua:
1975 4217 2077 4273 sti-

523 4325 709 4388 mulis,
742 4323 847 4376 boc
896 4328 983 4377 est
1008 4317 1380 4390 asperioribus
1406 4313 1667 4385 imperiis,
1704 4312 1854 4383 ipsos
1878 4311 1932 4364 in
1963 4325 2078 4365 ser-

2147 459 2294 526 στοῦ,
2325 460 2400 532 μὴ
2421 458 2692 512 πέπαυται
2721 451 3109 526 βασιλευομένη
3139 452 3174 522 ἡ
3203 448 3304 504 τῶν
3326 452 3639 524 Δαμασκηνῶν

2145 552 2285 626 ἀρχὴ
2304 552 2400 605 καὶ
2419 550 2526 605 τῶν
2541 548 2823 611 Ἰουδαίων,
2844 547 2936 600 καὶ
2951 547 2999 599 εί
3017 544 3091 617 μὴ
3114 546 3172 598 ἐν
3181 543 3356 616 ὕψεσιν
3373 546 3486 616 ἡμῖν
3496 545 3640 611 αὐτοῖς

2132 635 2241 700 ’νῦν
2287 644 2570 715 θεωρεῖται
2600 639 3068 710 καταλελειμμένη
3094 637 3183 690 ὑπ’
3223 636 3443 709 αύτῶνή
3475 638 3644 709 ﬁnal

2146 738 2235 791 ὐπ’
2255 735 2422 790 ἐθνῶν
2440 733 2749 804 ἀλλοφύλων
2770 733 2863 786 καὶ
2881 729 3270 802 είδωλολατρῶν
3289 732 3641 804 κατοικουμένη

2148 828 2242 882 καὶ
2265 826 2399 898 πρὸς
2426 825 2637 887 τούτοις
2662 825 2712 877 εί
2749 820 2823 895 μὴ
2845 823 3065 891 γέγονεν
3100 823 3178 885 είς
3205 822 3385 893 χέρσον
3411 824 3492 877 καὶ
3516 825 3647 878 62m-

2150 918 2248 974 θαν
2278 919 2425 972 πᾶσα
2464 919 2499 989 ἡ
2552 914 3071 986 πάλαισεμνοτάτη,
3110 900 3269 967 αὑτοῦ
3309 914 3369 985 δὴ
3403 913 3487 968 τοῦ
3531 915 3647 986 ἱεροῦ

2149 1008 2326 1064 αὐτῶν
2345 1008 2679 1079 ἀγιάσματος
2700 1005 2836 1078 ὥρα,
2859 1006 2952 1058 καὶ
2979 1007 3028 1057 εἰ
3059 1005 3131 1077 μὴ
3156 1004 3522 1077 εἰδωλολάτραι,
3544 1007 3651 1060 ἀκά-

2152 1116 2337 1187 θαρτοι
2369 1114 2577 1186 ἄνδρες,
2607 1113 2661 1166 οἵ
2679 1129 2737 1166 τε
2771 1111 3017 1183 πολέμιοι
3044 1111 3219 1165 αὐτῶν
3246 1112 3379 1166 κατά
3400 1110 3561 1182 βέλους
3580 1114 3651 1167 καὶ

2149 1207 2479 1280 τοξεύματος
2505 1205 2838 1270 ἐπελθόντες,
2859 1204 2950 1257 ὑπ’
2979 1203 3142 1258 αὐτοῦ
3162 1221 3222 1273 γε
3243 1203 3330 1258 τοῦ
3353 1204 3533 1278 Κυρίου
3552 1222 3653 1276 παρ-

2151 1298 2480 1372 ορμηθέντες
2515 1299 2579 1352 ἐκ
2630 1298 2728 1370 τῆς
2772 1296 3075 1368 ἀλλοδαπῆς
3113 1295 3437 1369 ἐληλύθασιν,
3465 1298 3633 1351 ἀνεπαύ

2155 1392 2317 1446 σαντό
2331 1408 2387 1446 τε
2413 1393 2469 1445 ἐν
2483 1392 2602 1453 ταῖς
2623 1388 2825 1461 χώραις
2846 1388 3021 1444 αὐτῶν
3048 1388 3222 1442 πάντα
3235 1389 3388 1442 τόπον
3406 1391 3491 1443 καὶ
3516 1390 3655 1454 πάσας

2151 1483 2250 1548 τάς
2296 1482 2474 1546 πόλεις
2512 1480 2689 1536 αὐτῶν
2737 1479 3223 1551 ίδιοποιησάμενοιο
3250 1479 3339 1534 καλ⁸
3370 1478 3594 1550 ἔμπαλιν,
3619 1482 3655 1533 εί

2158 1575 2232 1647 μὴ
2253 1574 2359 1629 ἀπὺ
2388 1574 2583 1647 χέρσου
2609 1574 2702 1627 καὶ
2732 1571 2973 1644 ἀκάνθης
3001 1571 3101 1643 τῆς
3130 1573 3253 1644 πρὶν
3288 1571 3569 1644 ἀγεωργὶας
3594 1571 3659 1625 διὰ

2155 1669 2254 1740 τῆς
2307 1666 2401 1721 τοῦ
2446 1667 2697 1740 Σωτῆρος
2746 1666 2903 1738 ἡμῶν
2951 1664 3290 1729 διδασκαλίας
3344 1663 3658 1735 μεταϐαλόντα

2114 1757 2131 1803 Γ
2160 1762 2333 1816 πάντα
2366 1759 2433 1814 τά
2472 1761 2553 1824 είς
2595 1760 2756 1815 αὐτὸν
2798 1759 3200 1812 πεπιστευκότα
3244 1757 3364 1828 ἔθνη
3390 1757 3480 1829 τὴν
3504 1757 3658 1830 εὐσεϐῆ

2160 1855 2253 1909 καὶ
2288 1852 2429 1908 κατὰ
2467 1851 2599 1907 Θεὸν
2642 1851 2862 1922 λογικὴν
2894 1850 3163 1920 ἀπείληφε
3201 1849 3571 1922 καρποφορίαψ
3592 1849 3660 1902 καὶ

2161 1947 2251 1999 ἐπὶ
2274 1940 2500 2009 τούτοις,
2532 1945 2581 1997 εἰ
2615 1942 2689 2015 μὴ
2718 1941 3012 2013 ὀφθαλμοῖς
3038 1941 3131 1994 τὸν
3157 1941 3381 2015 Χριστὸν
3404 1940 3576 2005 ίδόντες
3588 1939 3661 1994 οὐκ

2162 2039 2507 2102 ἐπίστευσαν,
2531 2038 2624 2091 καὶ
2652 2034 2993 2099 διδάσκοντος
3024 2034 3352 2098 ἀκούσαντες
3373 2035 3418 2087 εί
3461 2032 3525 2105 μὴ
3556 2049 3663 2104 παρ-

2163 2134 2419 2205 ήκουσαν.
2461 2130 2553 2183 καὶ
2595 2130 2643 2182 εί
2686 2128 2760 2200 μὴ
2796 2126 2865 2181 τά
2893 2126 3055 2182 λοιπά
3089 2127 3191 2199 τῆς
3215 2126 3523 2200 προφητείας
3542 2126 3663 2197 ἐναρ-

2164 2220 2398 2291 γέστατα
2424 2218 2606 2282 τέλους
2635 2217 2864 2288 τυχόντα
2900 2217 3007 2270 ἀπὸ
3034 2216 3144 2273 τῶν
3173 2216 3373 2289 χρόνων
3412 2214 3558 2287 Ἰησοῦ
3591 2214 3661 2267 τοῦ

2165 2310 2414 2381 Σωτῆρος
2434 2306 2589 2380 ἡμῶν
2613 2306 2905 2373 δείκνυται,
2935 2309 3034 2362 οὐκ
3062 2306 3131 2362 ἂν
3159 2308 3245 2379 εἴη
3278 2307 3430 2372 αὐτὸς
3454 2309 3479 2361 ό
3498 2321 3660 2379 προφη·

2164 2402 2464 2472 τευόμενος.
2509 2400 2571 2454 Εί
2610 2399 2667 2454 δὲ
2702 2401 2796 2455 καὶ
2831 2400 3036 2472 τυφλῷ,
3070 2400 3148 2466 ῶς
3183 2418 3335 2471 φασι,
3358 2400 3474 2472 δῆλα
3494 2399 3548 2452 τὰ
3575 2396 3661 2449 τῶν

2165 2503 2337 2573 λόγων
2375 2501 2801 2575 ἀποτελέσματα,
2832 2504 2931 2558 οὐκ
2958 2503 3147 2558 ἄλλοτε
3175 2504 3208 2575 ἢ
3245 2503 3353 2559 ἀπὸ
3382 2502 3474 2558 τῶν
3500 2501 3663 2575 χρόνων

2166 2595 2266 2666 τῆς
2305 2596 2622 2664 ἐπιφανείας
2661 2595 2826 2650 αὐτοῦ
2859 2596 3285 2669 πεπληρωμένα,
3313 2597 3365 2650 τί
3393 2596 3486 2668 χρὴ
3519 2594 3665 2648 λοιπὸν

2168 2685 2409 2759 καὶπερὶ
2432 2685 2531 2756 τῆς
2551 2687 2614 2739 έκ
2638 2686 2907 2759 Παρθένου
2929 2686 3200 2757 γενέσεως
3229 2685 3389 2740 αύτοῦ
3413 2679 3667 2757 ἀμφιϐόλως

2170 2775 2332 2849 ἔχειν,
2356 2776 2474 2849 οὐχὶ
2499 2777 2556 2832 δὲ
2581 2777 2879 2849 εὐγνώμονι
2904 2777 3151 2850 λογισμῷ
3175 2777 3284 2833 ἀπὸ
3311 2777 3413 2831 τῶν
3441 2772 3667 2831 είσέτινῦν

2169 2868 2456 2940 δρωμένων
2476 2870 2571 2923 καὶ
2590 2869 2688 2942 τὴν
2720 2868 2996 2941 καταρχὴν
3017 2868 3129 2923 τῶν
3159 2870 3480 2943 πραγμάτων
3504 2863 3670 2922 πιστοῦ-

2174 2959 2331 3026 σθαι;
2380 2959 2629 3034 ὁρώμενα
2675 2960 2734 3015 δὲ
2766 2961 2930 3014 εἰσέτι
2972 2960 3069 3015 νῦν
3111 2962 3235 3017 τίνα
3276 2960 3341 3016 ἂν
3363 2961 3441 3033 είη
3468 2958 3564 3015 ἀλλ’
3591 2956 3669 3026 ﬁt)

2095 3078 2138 3137 ο
2185 3049 2445 3104 Ἰουδαίων
2474 3054 2554 3116 είς
2576 3052 2736 3106 αὑτὸν
2763 3052 3007 3116 ἀπιστία,
3033 3054 3303 3125 (ἐναργῶς
3323 3052 3454 3108 κατὰ
3479 3051 3556 3105 τὸν
3574 3065 3671 3123 197,-

2172 3140 2306 3214 σμδν
2319 3139 2664 3213 πληρουμένη
2684 3141 2774 3194 τὸν
2794 3142 3091 3212 φάσκοντα·
3115 3162 3135 3194 ι
3159 3144 3317 3215 Ἀκοῇ
3341 3141 3588 3202 ἀκούσετε,
3605 3138 3672 3191 καὶ

2168 3234 2230 3287 οὐ
2280 3231 2353 3305 μὴ
2405 3232 2616 3302 συνῆτε,
2650 3234 2744 3286 καὶ
2793 3232 3081 3304 βλέποντες
3134 3233 3375 3306 βλέψετε,
3419 3234 3504 3288 καὶ
3544 3230 3593 3284 οὐ
3620 3228 3673 3300 μὴ

2172 3327 2344 3398 ἴδητε·
2380 3324 2654 3396 ἐπαχύνθη
2701 3326 2810 3399 γὰρ
2836 3329 2869 3397 ή
2904 3328 3101 3399 καρδία
3142 3327 3237 3383 τοῦ
3264 3327 3390 3382 λαοῦ
3431 3322 3673 3392 τούτουη)

2171 3419 2319 3489 καὶὴ
2357 3417 2638 3489 πολιορκία
2667 3418 2766 3489 τῆς
2801 3417 3174 3490 Ἰερουσαλὴμ,
3200 3422 3294 3474 καὶ
3327 3418 3416 3473 τού
3447 3417 3588 3471 πάλαι
3603 3414 3673 3467 οὐ·

2169 3512 2277 3565 τῶν
2305 3509 2636 3581 ἀγιάσματος
2666 3510 2699 3580 ἡ
2734 3508 2998 3581 παντελὴς
3023 3512 3323 3583 ἐρήμωσις,
3354 3510 3456 3564 τῶν
3484 3526 3533 3562 τε
3559 3505 3674 3560 ἀλλο·

2172 3602 2350 3674 φύλων
2387 3601 2552 3657 ἐθνῶν
2577 3603 2668 3655 ἐπὶ
2696 3602 2794 3672 τῆς
2825 3601 3006 3675 χώρας
3029 3603 3212 3657 αὐτῶν
3245 3603 3556 3675 κατοίκησις.
3576 3596 3676 3671 μετὰ

2172 3694 2409 3765 κέντρων
2438 3693 2653 3759 αὐτοὺς,
2675 3692 2818 3746 τοῦτ’
2853 3692 2967 3747 ἔστι
2991 3695 3133 3765 μετά
3161 3694 3407 3767 σκληρῶν
3430 3688 3678 3761 ἐπιταγμά-

2171 3801 2299 3847 των,
2325 3783 2829 3855 καταδουλουμένων
2845 3823 2861 3848 ,
2891 3782 3071 3855 (τοῦτο
3100 3785 3210 3857 γὰρ
3232 3785 3411 3857 ἐδήλου
3429 3783 3526 3837 τῶν
3551 3776 3678 3855 μυιῶν

2172 3873 2264 3928 καὶ
2295 3872 2556 3944 μελιττῶν
2578 3873 2643 3927 τά
2667 3873 3082 3945 παραδείγματα
3102 3874 3139 3945 ο)
3165 3874 3258 3928 καὶ
3282 3875 3371 3929 ἐπὶ
3395 3874 3541 3927 πᾶσιν
3557 3871 3584 3939 ἡ
3601 3866 3678 3919 τῶν

2174 3965 2341 4020 ἐθνῶν
2373 3966 2483 4020 ἀπὸ
2511 3966 2607 4037 τῆς
2634 3966 2903 4038 προτέρας
2934 3966 3171 4038 ἐρημίας
3207 3969 3285 4031 είς
3311 3968 3407 4038 τὴν
3441 3962 3560 4018 κατά
3583 3956 3681 4013 Θεδν

2172 4057 2442 4130 γεωργίαν
2495 4056 2792 4129 μεταϐολή;
2821 4057 3002 4112 Ταῦτα
3033 4057 3097 4130 δὴ
3148 4053 3242 4113 οὖν
3284 4057 3554 4129 ὀφθαλμοῖς
3579 4045 3683 4123 ὁρώ-

2179 4166 2314 4222 μενα
2340 4151 2421 4214 τίς
2435 4152 2534 4204 ούκ
2563 4150 2627 4204 ἂν
2648 4150 2944 4222 ἐκπλαγείη
2976 4148 3262 4221 θαυμάσας
3281 4166 3296 4215 ;
3329 4149 3411 4213 τίς
3428 4148 3479 4202 δὲ
3498 4145 3550 4199 οὐ
3569 4138 3682 4195 θείαν

2175 4242 2251 4305 ὼς
2277 4240 2488 4312 ἀληθῶς
2530 4241 2904 4313 ὁμολογήσειεν
2941 4241 3007 4295 ἂν
3037 4241 3136 4314 τὴν
3181 4243 3492 4316 πρόρρησιν,
3522 4232 3685 4291 ἀκούων

2150 4333 2380 4388 ¹ἀνωθεν
2407 4332 2513 4405 πρὸ
2554 4333 2735 4404 χιλίων
2777 4333 2911 4387 ὅλων
2930 4332 3065 4386 ἐτῶν
3096 4334 3154 4386 ἐν
3186 4332 3385 4404 βίϐλοις
3412 4323 3684 4394 ἀποκείμενα

523 4417 750 4471 vitutem
782 4412 1051 4483 redigunt,
1081 4410 1136 4464 in
1160 4409 1403 4480 ipsorum
1431 4416 1577 4459 terra
1612 4403 1892 4464 habitatio,
1914 4401 2067 4473 328

2179 4436 2350 4490 ταῦτα
2391 4401 2484 4489 καὶ
2538 4401 2909 4506 μελετώμενα,
2959 4435 3020 4488 ού
3071 4401 3196 4506 μὴν.
3227 4433 3411 4489 ἄλλοτε
3463 4430 3533 4491 είς
3571 4421 3685 4483 τέλος

526 4507 653 4578 (hoc
706 4503 850 4559 enim
904 4500 1281 4572 signiﬁcabant
1326 4512 1634 4554 muscarum
1700 4504 1860 4566 atque
1917 4508 2067 4563 aputu

2180 4527 2413 4599 ἀχθέντα
2447 4526 2481 4598 ἦ
2514 4500 2650 4598 μετά
2683 4500 2780 4598 τὴν
2806 4526 2898 4580 τοῦ
3218 4526 3375 4597 ἡμῶν
3403 4515 3683 4590 παρουσίανς

525 4594 812 4668 exempla),
840 4600 894 4649 et
915 4592 1148 4663 denique
1179 4590 1420 4661 ipsarum
1450 4588 1691 4660 gentium
1712 4600 1742 4639 a
1777 4585 1958 4656 priore
1992 4598 2082 4639 so-

527 4687 754 4744 litudine
780 4684 849 4740 ad
879 4685 1146 4739 culturam
1170 4680 1467 4738 secundum
1496 4679 1662 4735 Deum
1697 4676 2084 4732 commutatio?

528 4777 654 4835 Hac
703 4776 866 4849 igitur
893 4788 1015 4847 quae
1052 4772 1227 4829 oculis
1255 4779 1573 4834 cernuntur,
1605 4768 1728 4840 quis
1756 4783 1867 4823 non
1907 4766 2082 4822 admi-

529 4879 678 4926 retur
696 4881 856 4944 atque
870 4864 1239 4933 Obstupescat?
1265 4861 1398 4930 Quis
1449 4876 1610 4934 porro
1636 4876 1743 4915 non
1793 4874 1916 4915 vere
1947 4858 2087 4914 divi-

528 4976 658 5017 num
711 4960 940 5014 fateatur
969 4953 1326 5010 vaticinium?
1380 4967 1503 5008 cum
1535 4951 1717 5006 audiat
1770 4957 1895 5004 ante
1941 4955 2085 5002 totos

530 5052 676 5107 inille
707 5064 881 5104 annos
933 5045 1076 5118 apud
1122 5045 1358 5115 majores
1406 5043 1520 5099 lucc
1542 5043 1597 5097 in
1646 5041 1799 5096 libris
1845 5040 2087 5111 ipsorum

529 5141 797 5198 contineri
833 5149 888 5197 et
913 5137 1141 5204 versari,
1170 5152 1291 5209 quze
1309 5145 1488 5190 tamen
1512 5150 1621 5189 non
1658 5133 1792 5188 alias
1827 5133 1893 5186 ad
1927 5130 2085 5186 linem

532 5234 894 5306 pervenerint,
925 5246 1088 5303 quam
1110 5238 1232 5303 post
1253 5226 1552 5283 Salvatoris
1573 5225 1745 5280 nostri
1763 5222 2090 5279 adventum?

533 5328 685 5395 Quod
713 5327 761 5383 si
795 5325 1131 5382 admirabilis
1173 5330 1257 5380 est
1306 5319 1604 5393 praedictio,
1628 5319 1868 5388 itemque
1917 5316 2090 5372 admi-

533 5419 757 5474 rabilior
818 5426 873 5475 et
926 5431 1091 5490 supra
1140 5428 1356 5472 omnem
1407 5412 1669 5467 rationem
1694 5411 1866 5481 ipsius
1896 5405 2090 5479 praedi-

535 5509 736 5565 ctionis
767 5520 1014 5575 eventus,
1042 5507 1174 5581 quid
1230 5503 1466 5579 amplius
1512 5500 1763 5557 dubitare
1806 5514 1944 5570 Opus
1982 5504 2087 5561 est,

538 5605 716 5654 utrum
762 5601 969 5670 primus
1024 5599 1142 5669 ejus
1192 5598 1260 5654 de
1319 5610 1429 5668 quo
1473 5590 1748 5666 propheta:
1794 5589 2092 5659 loquuntur

538 5703 813 5757 accessus,
865 5690 1237 5746 admirabilem
1289 5697 1343 5745 et
1382 5701 1549 5759 supra
1601 5698 1819 5743 omnem
1849 5679 2088 5736 hominis

2181 4621 2245 4675 El
2275 4619 2339 4692 δὴ
2360 4616 2452 4674 οὖν
2479 4619 2778 4691 θαυμάσιος
2802 4621 2836 4691 ἡ
2867 4620 3190 4692 πρόρρησις,
3217 4619 3310 4673 καί
3340 4610 3687 4684 ἔτι’θαυμασιω’

2181 4712 2335 4784 τέρα,
2369 4713 2462 4765 καὶ
2482 4713 2619 4785 ὑπὲρ
2649 4713 2824 4766 πάντα
2836 4711 2991 4780 λόγον
3014 4712 3047 4782 ἡ
3071 4710 3173 4781 τῆς
3215 4710 3551 4783 προρρήσεως
3566 4696 3686 4756 ἑκϐα-

2186 4821 2288 4870 σις,
2312 4805 2364 4858 τί
2385 4804 2466 4858 δεῖ
2507 4806 2752 4859 ἀπιστεῖν
2788 4804 2836 4857 εί
2869 4804 3016 4874 καὶὴ
3061 4800 3251 4874 πρώτη
3284 4800 3377 4856 τοῦ
3417 4804 3688 4872 προφητευσ-

2187 4895 2346 4966 μένου
2382 4893 2612 4965 πάροδος
2642 4892 2939 4965 παράδοξον
2970 4891 3062 4947 καὶ
3082 4893 3230 4965 ὑπὲρ
3259 4894 3436 4947 πᾶσαν
3460 4881 3688 4956 ἀνθριῖηωυ

2186 4986 2346 5058 φύσιν
2384 4986 2481 5058 τὴν
2518 4985 2615 5057 τῆς
2660 4985 2921 5055 γενέσεως
2967 4984 3273 5057 καταϐολὴν
3312 4984 3530 5055 εἴληχεν,
3569 4972 3689 5030 ὁπότε

2186 5091 2277 5145 καὶ
2308 5091 2342 5161 ἠ
2370 5088 2477 5143 τῶν
2521 5088 2719 5143 λοιπῶν
2751 5087 3043 5160 θαυμάτων
3089 5089 3326 5162 ἐναργὴς
3354 5086 3487 5157 ὄψις,
3511 5081 3594 5150 οὑχ
3621 5074 3685 5147 fl!-

2183 5209 2292 5246 των
2318 5186 2473 5254 οὖσα,
2498 5189 2605 5244 ἀπὺ
2631 5189 2729 5262 τῆς
2762 5190 3025 5259 γενέσεως
3052 5188 3217 5244 αὑτοῦ
3257 5188 3490 5260 βιάζεται
3520 5178 3596 5235 καὶ
3618 5174 3690 5241 τὴν

2185 5293 2294 5346 τῶν
2328 5291 2500 5348 ἀλλων
2520 5291 2627 5346 τῶν
2667 5293 2786 5346 κατ’
2820 5292 2983 5346 αὐτὸν
3010 5289 3359 5364 πραχθέντων
3393 5272 3687 5351 ἀποδέχεσθιιι

2191 5397 2526 5470 μαρτυρίανς
2569 5393 2726 5448 Ἀλλά
2766 5394 2875 5467 γάρ
2898 5394 3104 5458 τούτοις
3133 5393 3262 5463 ἑξῆς
3305 5389 3438 5464 μετὰ
3462 5385 3545 5449 ,τδ,
3580 5398 3597 5430 ι
3621 5375 3690 5434 Ek

2191 5488 2442 5561 βόσκημα
2458 5487 2729 5560 προϐάτου
2752 5489 2848 5541 καὶ
2868 5487 3151 5557 καταπάτη
3161 5500 3238 5556 μα
3259 5482 3395 5554 βοὸς,
3431 5500 3448 5532 ο

2188 5558 2412 5652 δευτέρα
2456 5558 2540 5643 τις
2584 5578 2885 5651 πρόρρησις
2929 5575 3191 5647 συγγενὴς
3238 5576 3303 5645 τῇ
3338 5558 3693 5652 «meum.

2191 5646 2466 5749 ἀρχυιὶένη
2489 5675 2596 5730 ἀπὸ
2829 5671 2932 5728 Καὶ
2961 5668 3075 5726 εἷπε
3102 5667 3303 5740 Κύριος
3326 5662 3457 5734 πρὸς
3479 5658 3555 5732 μέ’
3582 5646 3697 5707 Δάεο
