3868 6196
549 214 654 270 σευ

1232 207 1501 265 EUSEBII
1540 205 2022 265 CESARIENSIS
2059 205 2088 263 C

2195 249 2210 264 .
2250 206 2434 264 PARS
2460 210 2542 266 ll.
2582 240 2649 250 —-
2680 208 3178 270 APOLOCETICA.

3598 231 3677 289 520

550 330 616 385 Et
651 332 718 387 ad
748 332 966 387 verbum
995 328 1212 398 quidem
1245 328 1301 382 in
1327 327 1520 383 diebus
1558 327 1742 383 Acltaz
1770 328 1911 400 regis
1938 326 2088 391 Juda1

2203 326 2483 400 Αῑσθητῶς
2515 329 2613 400 μὲν
2653 326 2744 384 οὖν
2768 332 2828 384 ἐν
2868 333 3051 405 ἡμέρᾳ
3076 333 3241 404 ’Ἄχας
3275 335 3499 406 βασιλέως
3529 344 3676 414 Ἰούδα,

545 431 601 477 et
631 422 801 493 ipsius
833 420 1108 490 prophetae
1136 419 1307 481 Isaiae,
1338 417 1448 475 duo
1484 434 1641 491 reges
1686 434 1752 474 ex
1783 420 2106 492 composito,

545 529 641 569 eos
661 514 753 585 qui
783 510 1231 569 successionibus
1263 509 1432 567 David
1463 512 2105 581 parebant,obsoderunt.

546 607 687 662 sicut
724 605 885 658 etiam
920 603 1073 674 prius
1110 611 1393 659 ostensum
1437 610 1542 671 est,
1599 603 1737 660 alter
1759 603 1979 674 quidem
2008 603 2109 658 Da.

543 696 712 752 masci
769 695 1008 767 gentiqu
1062 695 1355 750 simulacra
1404 693 1746 751 adorantium
1797 710 1914 760 rex,
1968 696 2106 752 alter

540 804 671 845 vero
698 786 937 845 Iudaicae
966 788 1335 844 multitudinis
1376 788 1431 843 in
1455 803 1519 843 ea
1550 787 1857 844 Palestina:
1885 788 2105 845 civitate

539 897 663 952 quae
692 890 825 937 tunc
858 882 1076 952 quidem
1101 882 1396 937 vocabatur
1447 879 1713 941 Samaria,
1738 894 1886 935 nunc
1920 888 2101 935 autem

541 990 572 1028 a
597 975 805 1030 nostris
834 973 1062 1030 Sebaste
1093 975 1409 1029 nominatur
1436 992 1449 1027 :
1480 970 1641 1044 33o
1665 973 1732 1029 de
1747 962 1947 1043 quibus
1961 972 2102 1029 Deus

540 1083 637 1137 per
650 1065 968 1138 prophetam
993 1066 1059 1121 ad
1091 1066 1273 1120 Achaz
1301 1063 1437 1120 dixit
1467 1082 1482 1120 :
1523 1085 1540 1117 ι
1566 1064 1643 1121 Ne
1671 1065 1888 1128 timeas.
1925 1081 2102 1135 neque

539 1159 719 1213 anima
751 1167 841 1212 tua
868 1158 1121 1229 langueat
1150 1173 1179 1212 a
1203 1158 1416 1213 duobus
1454 1157 1634 1227 lignis,
1672 1172 1704 1210 a
1748 1156 1991 1213 torribus
2017 1156 2102 1212 his

538 1243 970 1316 fumigantthus;
1010 1264 1028 1296 ι
1079 1252 1276 1300 etcum
1333 1244 1609 1299 interitum
1657 1245 1899 1301 virorum
1962 1260 2098 1300 con-

536 1314 697 1390 tinuo
737 1351 914 1405 neque
937 1314 1109 1389 multo
1160 1331 1283 1407 poSt
1329 1334 1568 1391 futurum
1605 1336 1874 1402 dixisset,
1942 1337 2097 1393 dein-

536 1444 665 1499 ceps
731 1438 880 1484 canit
939 1429 1392 1500 quemadmodum
1449 1430 1503 1484 in
1568 1431 1852 1486 nobiscum
1922 1431 2094 1486 futuri

536 1517 633 1573 Dei
682 1528 825 1584 ortu,
882 1520 1100 1589 penitus
1164 1520 1446 1575 amborum
1492 1521 1865 1592 exstinguctur
1907 1530 1962 1576 et
1983 1523 2097 1577 dis-

536 1611 774 1666 solvetur
814 1626 1061 1681 regnum.
1118 1609 1467 1669 Ostendimus
1524 1623 1703 1669 autem
1757 1615 1826 1669 ab
1870 1615 2095 1671 historia

534 1704 987 1776 quemadmodum
1010 1720 1184 1775 usque
1218 1704 1286 1760 ad
1342 1716 1581 1777 tempora
1605 1706 1873 1763 adventus
1906 1708 2095 1763 Salva-
2128 1685 2167 1741 Β

533 1797 671 1854 toris
697 1799 869 1855 nostri
927 1797 1057 1855 Jesu
1082 1797 1308 1862 Christi,
1350 1807 1641 1871 utrumque
1677 1806 1732 1856 et
1783 1798 2091 1856 Judaeorum

533 1897 587 1943 et
616 1887 1072 1947 Damascenorum
1108 1877 1481 1961 permanserit
1507 1907 1753 1961 regnum.
1797 1890 2091 1964 Postquam

535 1996 663 2037 vero
686 1982 776 2038 ille
791 1983 857 2037 ad
886 1999 1077 2040 omnes
1106 1983 1354 2038 homines
1377 1983 1615 2048 advenit,
1639 1984 1780 2038 sicut
1809 1985 2090 2039 oraculum

534 2073 711 2145 ipsum
735 2075 1082 2146 pmdixerat,
1107 2076 1440 2139 defecerunt.
1475 2090 1585 2148 quo
1630 2084 1873 2149 tempore
1920 2078 2090 2149 impe-

532 2166 674 2221 rium
699 2164 1066 2223 Romanorum
1086 2184 1194 2223 una
1215 2184 1338 2224 cum
1379 2169 1678 2226 Salvatoris
1719 2170 1894 2224 nostri
1916 2169 2092 2240 publi-

530 2259 746 2315 catione
778 2259 1004 2316 invaluit
1027 2275 1041 2313 :
1064 2268 1118 2316 et
1148 2260 1261 2316 [nec
1292 2259 1359 2314 ad
1386 2262 1608 2318 verbum
1647 2277 1769 2316 cum
1801 2261 2092 2327 cecinisset

531 2350 833 2415 oraculum,
877 2350 1124 2407 transivit
1147 2350 1214 2406 ad
1243 2368 1462 2409 sensum
1503 2365 1556 2410 et
1582 2354 2009 2424 intelligentiam,
2037 2360 2091 2409 et

531 2443 600 2498 ad
659 2443 1015 2500 universalem
1064 2446 1289 2515 majoris
1320 2447 1544 2518 spiritus
1590 2448 1645 2501 in
1673 2445 2089 2518 contemplanda

529 2533 922 2603 expositionem
950 2573 965 2599 ,
999 2543 1051 2589 et
1081 2548 1204 2588 eum
1234 2534 1372 2590 duos
1417 2533 1635 2590 ordines
1665 2536 1900 2592 hostium
1928 2544 2091 2606 atque

531 2623 874 2679 inimicorum
909 2610 1285 2689 invisibili‘um,
1335 2624 1438 2680 hoc
1479 2635 1565 2682 est
1593 2627 1857 2683 malorum
1888 2626 2089 2684 daemo-

530 2732 685 2781 num,
718 2715 1066 2780 instituisset,
1097 2716 1190 2786 qui
1211 2731 1371 2773 omne
1417 2717 1692 2773 hominum
1723 2735 1894 2790 genus
1925 2721 2089 2779 variis

529 2806 707 2864 modis
729 2814 1061 2879 oppugnant,
1091 2822 1255 2861 unum
1302 2807 1519 2878 quidem
1550 2825 1736 2865 eorum
1778 2811 1869 2882 qui
1906 2819 1960 2867 et
1990 2829 2089 2866 un-

528 2900 693 2970 dique
722 2908 777 2955 et
798 2914 1009 2969 semper
1040 2898 1181 2953 inter
1200 2899 1445 2954 homines
1473 2900 1651 2956 cultus
1676 2901 2087 2958 simulacrorum

527 2989 660 3044 etin
686 2988 1033 3060 opinionibus
1086 2988 1251 3045 falsas
1305 2991 1600 3046 sententias
1626 2998 1887 3062 generant
1925 3000 2087 3065 atque

525 3082 780 3151 cilicium,
810 3082 1040 3137 alterum
1072 3098 1201 3138 vero
1252 3098 1441 3138 eorum
1471 3083 1562 3154 qui
1612 3084 1666 3138 in
1699 3085 1940 3142 moribus
1966 3087 2084 3140 ani-

526 3190 739 3232 marum
794 3173 1149 3245 perditionem
1216 3182 1378 3245 atque
1435 3174 1711 3230 interitum
1764 3177 2083 3241 moliuntur,

527 3283 762 3341 cumque
793 3270 997 3325 erroris
1042 3268 1098 3322 in
1161 3268 1469 3323 simulacris
1523 3268 1766 3325 colendis
1796 3269 2083 3341 imaginem

527 3361 670 3417 ferre
700 3360 1027 3417 ostendisset
1052 3376 1175 3417 eum
1205 3360 1299 3430 qui
1347 3359 1594 3415 Damasci
1623 3360 1935 3431 imperaret,
1968 3361 2088 3432 ejus

525 3465 658 3506 vero
691 3466 785 3522 per
810 3467 969 3522 quem
993 3451 1239 3507 homines
1266 3464 1297 3503 a
1326 3450 1647 3521 temperanti
1677 3466 1920 3522 sanoque
1940 3451 2084 3506 victu

526 3543 890 3608 deducuntur,
946 3542 1169 3614 ﬁguram
1199 3557 1342 3607 esse,
1373 3557 1495 3598 eum
1526 3541 1618 3615 qui
1655 3541 1947 3599 Samariae:
1978 3559 2083 3598 non

524 3638 678 3708 prius
722 3637 796 3694 ait
844 3644 1044 3693 terram
1090 3636 1158 3692 ab
1209 3636 1361 3694 hisce
1418 3634 1747 3693 liberandam
1778 3635 1880 3706 (sic
1901 3638 2086 3708 utique

524 3745 728 3786 vocans
750 3730 995 3787 homines
1024 3729 1080 3785 in
1119 3736 1265 3785 terra
1303 3727 1627 3799 habitantes)
1659 3743 1821 3798 quam
1859 3728 1913 3784 in
1941 3738 2085 3785 terra

523 3820 898 3891 conspiciatur
954 3818 1270 3877 Emmanuel
1325 3819 1468 3875 Deus
1497 3836 1511 3872 :
1540 3820 1632 3875 ubi
1684 3829 1863 3875 autem
1905 3819 1994 3876 hic
2021 3821 2085 3876 il-

522 3913 743 3977 luxerit,
774 3923 830 3969 et
859 3913 915 3967 in
965 3911 1202 3969 hominis
1232 3912 1414 3967 anima
1446 3913 1777 3985 regnaverit,
1813 3913 2082 3969 neminem

523 3998 751 4076 posthac
771 4003 1177 4076 superfuturum
1202 4019 1391 4059 eorum
1408 4005 1500 4077 qui
1519 4013 1677 4059 antea
1705 4005 1880 4076 ipsum
1908 4004 2084 4075 possi-

521 4097 742 4154 debant.
778 4097 871 4153 Sic
901 4113 1033 4153 sane
1063 4095 1228 4153 etiam
1250 4096 1355 4152 hoc
1380 4095 1434 4151 in
1478 4097 1600 4153 loco
1631 4096 1836 4153 dictum
1867 4112 1989 4154 esse
2019 4097 2084 4151 il-

523 4191 638 4256 lud,
689 4209 708 4243 ι
731 4190 961 4261 accipiet
1000 4198 1320 4262 potestatem
1364 4189 1635 4253 Damasci,
1668 4197 1723 4246 et
1774 4190 1947 4261 spolia
1984 4188 2084 4245 Sa-

523 4284 728 4349 mariae,
756 4303 776 4338 ι
805 4291 991 4354 utpote
1019 4296 1142 4337 cum
1167 4279 1464 4337 Salvatoris
1488 4281 1662 4336 nostri
1711 4279 1842 4337 Jesu
1876 4281 2082 4337 Christi

520 4374 607 4429 vis
659 4373 949 4429 acenatim
994 4384 1251 4427 eversura
1301 4378 1447 4425 esset
1493 4379 1720 4425 cunctos
1776 4368 2076 4425 invisibiles
2110 4376 2152 4432 Ι)

522 4465 681 4521 nobis
729 4465 956 4530 hostes,
985 4463 1079 4534 qui
1131 4460 1455 4532 jampridem
1490 4461 1598 4525 his,
1647 4475 1768 4532 quae
1828 4461 2081 4532 superius

520 4551 680 4608 dictat
705 4559 854 4616 sunt,
877 4565 908 4606 a
938 4549 1047 4605 Deo
1096 4550 1285 4607 alienis
1327 4557 1382 4606 et
1422 4550 1602 4606 noxiis
1649 4550 2078 4623 operationibus.

519 4645 804 4701 universos
829 4643 1075 4699 homines
1135 4643 1475 4699 occidebant.
1503 4641 1613 4699 Nec
1664 4658 1773 4698 non
1804 4658 1997 4698 rursus
2032 4644 2078 4696 si

518 4736 589 4792 ad
621 4736 845 4793 verbum
900 4734 1297 4805 interpreteris,
1345 4733 1533 4791 videas
1580 4733 1835 4806 protinus
1862 4732 1918 4788 in
1956 4742 2081 4788 ortu

518 4842 684 4903 atque
712 4830 946 4886 adventu
998 4827 1296 4883 Salvatoris
1352 4828 1551 4893 nostri,
1599 4825 1854 4883 Damasci
1888 4833 2080 4898 poten-

518 4924 651 4979 tiam
703 4937 947 4978 eversam
971 4962 985 4987 ,
1027 4929 1081 4976 et
1131 4919 1306 4991 spolia
1356 4917 1618 4974 Samaria;
1656 4917 1870 4973 sublata
1897 4955 1914 4983 ,
1975 4916 2080 4972 hoc

515 5025 621 5080 est,
659 5028 848 5071 earum
876 5025 1063 5085 regna,
1086 5026 1208 5083 quae
1237 5025 1411 5081 usque
1456 5009 1524 5065 ad
1575 5019 1820 5082 tempora
1858 5009 1927 5065 de
1953 5010 2079 5080 qui-

515 5108 621 5163 bus
649 5106 854 5162 dictum
875 5113 979 5167 est,
1013 5102 1354 5166 duraverint,
1403 5116 1471 5157 ex
1501 5101 1594 5158 illo
1622 5101 1689 5157 ad
1713 5102 1861 5157 hunc
1904 5116 2079 5171 usque

517 5201 663 5256 diem
716 5206 779 5253 ut
806 5197 875 5253 ab
918 5194 1158 5252 oraculis
1190 5195 1508 5266 praedictum
1551 5204 1636 5250 est
1660 5234 1675 5258 ,
1737 5192 2073 5249 defecerunt.

516 5293 676 5366 331
710 5290 942 5359 Quidam
963 5303 1093 5346 vero
1120 5288 1284 5346 etiam
1319 5287 1475 5344 aliter
1528 5286 1740 5350 dicunt,
1763 5284 1949 5358 Magos
1981 5277 2076 5356 qui

517 5387 588 5440 ab
619 5383 839 5441 Oriente
858 5387 1143 5446 venerunt,
1191 5388 1246 5435 et
1281 5379 1579 5444 Christum,
1612 5378 1706 5450 qui
1730 5393 1865 5449 puer
1898 5376 2077 5432 adhuc

516 5489 657 5541 erat,
681 5478 1065 5542 adoraverunt,
1099 5476 1201 5532 hos
1238 5474 1388 5547 ipsos
1412 5488 1535 5531 esse
1552 5513 1568 5540 ,
1590 5480 1913 5544 potestatem
1966 5469 2073 5525 Da-

520 5572 715 5627 masci.
768 5571 932 5629 Potes
985 5573 1148 5628 etiam
1197 5570 1371 5642 magis
1406 5570 1463 5626 in
1520 5568 1835 5624 universum
1868 5566 2071 5630 dicere,

519 5679 710 5723 omnes
750 5663 1061 5736 quicunque
1113 5663 1344 5722 alienam
1401 5677 1433 5718 a
1472 5660 1585 5720 Deo
1631 5657 2074 5731 multitudinique

2112 3037 2156 3095 C

2211 421 2306 473 καὶ
2331 420 2448 474 κατ’
2478 421 2637 475 αὑτὸν
2677 422 2899 476 Ἡσαΐαν
2920 424 3010 478 τὸν
3032 427 3319 498 προφήτην,
3333 428 3414 484 δύο
3430 431 3616 502 βασιλεῖς
3631 441 3680 494 ἐκ

2214 511 2484 583 συνθήκης
2503 513 2627 575 τοὺς
2639 511 2745 565 ὑπὸ
2758 514 2870 575 τοῖς
2878 511 3139 584 διαδόχοις
3156 515 3307 569 Δαυῖδ
3320 516 3678 594 βασιλευομένους

2210 602 2576 676 ἐπολιόρκουν,
2605 603 2683 665 ὡς
2710 603 2811 675 ἤδη
2850 603 3111 676 πρότερον
3142 605 3430 678 δεδήλωται,
3454 612 3479 662 ὁ
3506 612 3586 683 μὲν
3615 616 3684 669 ἐπὶ

2208 694 2306 766 τῆς
2337 692 2627 766 Δαμασκοῦ
2663 693 2770 749 τῶν
2801 694 3194 767 εἰδωλολατρῶν
3229 696 3385 752 ἐθνῶν
3424 700 3684 771 βασιλεὺς,ὀ

2206 784 2265 839 δέ
2292 785 2384 840 τοῦ
2417 784 2654 857 πλήθους
2699 784 2807 840 τῶν
2842 783 3108 841 Ἰουδαίων
3139 789 3196 841 ἐν
3238 792 3301 861 τῇ
3334 790 3591 867 καλουμένη
3607 797 3690 849 Σα.

2212 880 2413 952 μαρείςι⁸
2438 878 2591 933 πόλει
2621 878 2721 948 τῆς
2758 878 3139 951 Παλαιστίνης,
3168 880 3232 952 ἣν
3257 881 3503 955 Σεϐαστὴν
3527 887 3566 938 oi
3594 887 3687 942 καθ’

2206 972 2354 1042 ἡμᾶς
2381 969 2732 1040 ὀνομάζουσι’
2764 973 2889 1041 περὶ
2926 965 3000 1024 ὧν
3032 972 3061 1025 ὁ
3083 971 3213 1035 Θεδς
3250 972 3333 1027 διά
3361 973 3447 1027 τοῦ
3473 979 3693 1048 προφήτου

2204 1060 2281 1132 τῷ
2303 1060 2476 1132 "Axe;
2502 1057 2620 1115 εἶπε
2643 1079 2656 1092 ·
2702 1081 2721 1112 ι
2752 1062 2843 1134 Μὴ
2875 1062 3063 1132 φοϐοῦ,
3103 1065 3233 1136 μηδὲ
3259 1067 3291 1136 ή
3317 1065 3447 1138 ψυχή
3475 1084 3555 1120 σου
3580 1069 3695 1122 ἀσθε-

2203 1154 2363 1207 νείτω
2401 1154 2508 1208 ἀπὸ
2544 1154 2652 1209 τῶν
2683 1154 2776 1208 δύο
2814 1153 3005 1221 ξύλων,
3034 1155 3144 1209 τῶν
3175 1156 3338 1211 δαλῶν
3362 1157 3463 1212 τῶν
3492 1159 3696 1223 καπνιζο-

2206 1246 2381 1317 μένων
2417 1247 2619 1300 τούτων
2643 1265 2655 1277 ο
2706 1267 2726 1299 ι
2764 1248 2857 1311 καὶ
2883 1248 2984 1320 τὴν
3012 1247 3280 1303 ἀπώλειάν
3319 1267 3377 1319 γε
3419 1251 3516 1303 τῶν
3539 1250 3697 1323 ἀνδρῶν

2202 1338 2398 1391 αὐτίκα
2425 1338 2567 1410 μάλα
2587 1340 2681 1393 καὶ
2700 1339 2798 1393 οὐκ
2825 1343 2904 1405 είς
2940 1339 3155 1413 μακρὰν
3184 1339 3389 1394 ἔσεσθαι
3424 1340 3590 1402 είπὼν,
3609 1341 3699 1413 ἑξῆς

2201 1429 2552 1500 προφητεύει,
2582 1430 2657 1494 ὡς
2680 1431 2772 1484 ἐπὶ
2795 1434 2860 1503 τῇ
2891 1431 2984 1485 τοῦ
3023 1431 3139 1502 μεθ’
3168 1431 3319 1503 ἡμῶν
3346 1432 3580 1503 ἐσομένου
3599 1431 3697 1485 Θεοῦ

2200 1524 2410 1593 γενέσει
2444 1525 2675 1597 πάμπαν
2718 1526 3040 1599 ἀμφοτέρων
3083 1524 3424 1597 σϐεσθήσεται
3450 1525 3537 1578 καὶ
3573 1541 3701 1579 uatu-

2199 1614 2486 1689 λυθήσεται
2504 1621 2537 1689 ἡ
2562 1617 2826 1689 βασιλεία.
2853 1619 3148 1689 Δείκνυμεν
3177 1617 3232 1671 δὲ
3251 1617 3354 1670 ἀπὸ
3371 1616 3467 1687 τῆς
3493 1616 3701 1687 ἱστορίας,

2197 1708 2273 1771 ὡς
2301 1709 2459 1781 μέχρι
2488 1710 2596 1765 τῶν
2620 1711 2825 1783 χρόνων
2849 1712 2945 1783 τῆς
2969 1709 3064 1763 τοῦ
3104 1709 3348 1780 Σωτῆρος
3388 1708 3534 1780 ἡμῶν
3569 1705 3701 1779 Ἰησοῦ

2196 1799 2291 1853 τοῦ
2315 1801 2548 1873 Χριστοῦ
2585 1800 2905 1873 παρουσίας,
2929 1800 3325 1873 διαμεμένηκεν
3347 1801 3380 1872 ἧ
3409 1816 3467 1852 τε
3492 1798 3587 1852 τῶν
3611 1798 3707 1852 Ἰου-

2197 1891 2358 1947 δαίων
2389 1895 2481 1947 καὶ
2527 1892 2899 1966 Δαμασκηνῶν
2941 1892 3207 1964 βασιλεία.
3252 1892 3401 1947 Μετά
3428 1891 3482 1945 δέ
3529 1890 3615 1962 τὴν
3649 1891 3705 1951 είς

2199 1986 2402 2050 πάντας
2434 1985 2750 2058 ἀνθρώπους
2790 1986 3105 2055 ἐπιφάνειαν
3134 1984 3329 2051 αὑτοῦ,
3365 1983 3639 2046 ἀκολούθως
3659 1984 3707 2051 τῇ

2197 2078 2495 2148 προρρήσει
2552 2076 2939 2144 διαλελοίπασι,
2974 2074 3075 2146 τῆς
3124 2074 3415 2147 Ῥωμαίων
3472 2072 3709 2145 μοναρχίας

2195 2168 2639 2241 ἐπικμτησάσης
2660 2168 2754 2221 σὺν
2774 2167 2852 2239 τῷ
2865 2168 2958 2222 τοῦ
2980 2167 3238 2240 Σωτῆρος
3261 2168 3295 2238 ἡ
3303 2166 3415 2238 μῶν
3434 2185 3497 2238 κη
3506 2166 3710 2236 ρύγματι.

2196 2258 2307 2315 Καὶ
2332 2257 2502 2313 ταῦτά
2523 2275 2586 2328 γε
2608 2260 2745 2332 πρὸς
2763 2258 2906 2323 λέξιν
2927 2259 3196 2323 θεσπίσας
3216 2260 3246 2312 ὀ
3260 2258 3432 2327 λόγος,
3456 2255 3710 2329 μετέϐαινεν

2195 2354 2288 2410 ἐπὶ
2315 2353 2413 2426 τὴν
2441 2353 2692 2417 διάνοιαν,
2727 2355 2820 2407 καὶ⁸
2858 2354 2958 2426 τὴν
2982 2352 3220 2408 καθόλου
3255 2351 3715 2425 πνευματικωτὲραν

2194 2449 2253 2501 ἐν
2280 2446 2532 2519 θεωρίαις
2568 2445 2847 2499 ἀπόδοσιν·
2893 2445 3351 2518 ὑποστησάμενος
3385 2459 3441 2497 τε
3470 2443 3549 2496 δύο
3578 2442 3717 2510 στίφη

2194 2538 2439 2610 ἀοράτων
2487 2536 2692 2608 ἐχθρῶν
2737 2536 2831 2590 καὶ
2878 2536 3155 2608 πολεμίων
3194 2537 3462 2608 δαιμόνων
3493 2532 3718 2605 πονηρῶν.

2191 2630 2252 2684 τδ
2278 2630 2492 2684 πάντων
2530 2627 2830 2701 ἀνθρώπων
2862 2629 3016 2698 γένος
3055 2629 3343 2703 διαφόρως
3379 2625 3716 2698 πολεμούντων,

2193 2719 2251 2774 ἓν
2294 2722 2393 2792 μὲν
2436 2719 2544 2774 τῶν
2563 2719 2661 2785 τὰς
2686 2722 2745 2775 ἐν
2786 2718 3091 2791 ἀνθρώποις
3140 2721 3510 2794 ἐνεργούντων
3552 2719 3625 2773 ἀεὶ
3651 2716 3723 2770 καὶ

2193 2811 2421 2866 πάντοτε
2444 2809 2900 2882 εἰδωλολατρείας,
2931 2811 3025 2864 καὶ
3048 2810 3155 2876 τὰς
3182 2813 3243 2866 ἐν
3269 2812 3498 2882 δόγμασι
3519 2806 3720 2879 ψευδοδο-

2195 2901 2330 2969 ξίας,
2355 2902 2579 2972 θάτερον
2604 2902 2663 2957 δέ
2693 2904 2800 2959 τῶν
2834 2905 2893 2957 ἐν
2914 2902 3066 2975 ἤθεσι
3089 2902 3293 2975 ψυχῶν
3317 2900 3598 2974 διαφθορὰν
3622 2915 3726 2952 κατ-

2191 2993 2585 3066 εργαζομένων
2620 2994 2714 3047 καὶ
2747 2993 2809 3047 τὸ
2845 2994 2942 3065 μὲν
2980 2994 3078 3063 τῆς
3132 2992 3528 3065 είδωλολάτρου
3562 2988 3725 3055 πλάνης

2188 3084 2371 3139 εἰκόνα
2403 3085 2587 3157 φέρειν
2612 3082 2915 3149 ἀποδείξας,
2938 3083 3028 3137 τὸν
3064 3085 3317 3156 ἄρχοντα
3342 3083 3446 3155 τῆς
3465 3077 3727 3154 Δαμασκοῦ.

2184 3177 2248 3230 τὸ
2269 3176 2323 3230 δὲ
2351 3174 2460 3230 τῶν
2487 3178 2544 3230 ἐν
2562 3174 2875 3230 ἀποπτὼσει
2899 3175 2991 3229 τοῦ
3022 3173 3315 3248 σώφρονος
3338 3177 3435 3231 καὶ
3454 3172 3623 3245 ὑγιοῦς
3640 3170 3726 3241 βίου

2183 3267 2354 3321 τύπον
2387 3263 2545 3331 εἶναι,
2580 3267 2672 3321 τὸν
2716 3267 2815 3339 τῆς
2849 3266 3192 3339 Σαμαρείας,
3223 3269 3289 3322 οὐ
3339 3265 3597 3339 πρότερον
3633 3278 3731 3332 φησι

2184 3360 2387 3414 τούτων
2429 3359 2900 3432 ἀπαλλαγήσεσθαι
2941 3359 3039 3432 τὴν
3066 3360 3204 3433 γῆν,
3236 3358 3411 3433 (οὕτω
3451 3358 3619 3413 καλῶν
3638 3356 3733 3415 τώς

2186 3455 2277 3507 ἐπὶ
2300 3454 2402 3524 γῆς
2428 3453 2813 3517 κατοικοῦντας
2831 3452 3206 3529 ἀνθρώπους,)
3233 3454 3271 3526 ἢ
3303 3454 3539 3526 φανῆναι
3560 3448 3641 3504 ἐπὶ
3658 3444 3735 3514 τῆς

2183 3542 2275 3596 τὸν
2313 3542 2657 3614 Ἐμμανουήλ
2692 3542 2852 3597 Θεόνο
2885 3542 3074 3596 τούτου
3109 3543 3173 3599 δὲ
3216 3543 3637 3616 ἐπιλάμψαποςν
3667 3532 3737 3588 κπὶ

2187 3631 2558 3702 βασιλεύοντος
2588 3631 2875 3707 ἀνθρώπου
2898 3632 3098 3705 ψυχῆς,
3135 3634 3361 3707 μηδένα
3404 3635 3485 3689 ἔτι
3502 3625 3739 3686 λείπεσθαι

2184 3725 2290 3778 τῶν
2311 3724 2475 3778 πάλαι
2517 3724 2994 3798 κατακρατούντων
3029 3726 3235 3798 αὐτῆς.
3281 3727 3446 3782 Οὕτω
3478 3726 3540 3796 δὴ
3569 3718 3648 3776 οὖν
3668 3734 3741 3773 και

2184 3816 2366 3871 ἐνθάδε
2398 3814 2524 3888 περὶ
2546 3814 2655 3869 τῶν
2680 3814 2858 3869 αὐτῶν
2888 3814 3143 3886 εἰρῆσθαι
3183 3817 3414 3888 νοήσεις
3452 3815 3534 3876 τὸ,
3560 3833 3579 3864 ι
3604 3807 3741 3880 Mak-

2181 3923 2270 3961 ται
2305 3905 2530 3977 δύναμιν
2568 3904 2881 3977 Δαμασκοῦ,
2911 3897 3005 3960 καὶ
3053 3904 3127 3960 τὰ
3168 3905 3361 3962 σκῦλα
3404 3903 3739 3979 Σαμαρείαςνυ

2181 4000 2279 4069 τῆς
2310 3997 2402 4052 τοῦ
2437 3999 2687 4070 Σωτῆρος
2706 3999 2738 4068 ἡ
2749 3995 2863 4068 μῶν
2900 3995 3069 4068 Ἰησοῦ
3099 3997 3365 4069 Χριστοῦ
3394 3997 3657 4068 δυνάμεως
3676 4007 3746 4045 τισι

2183 4089 2473 4162 θαιρούσης
2511 4089 2719 4161 ἀθρόως
2758 4086 2967 4151 πάντας
2998 4087 3128 4152 τοὺς
3171 4090 3462 4162 ἀοράτους
3504 4086 3646 4160 ἡμῶν
3680 4087 3748 4152 ἐχ-

2183 4181 2363 4254 θροὺς,
2383 4182 2433 4234 οἳ
2456 4180 2520 4254 δὴ
2541 4180 2706 4235 πάλαι
2726 4177 2987 4252 πρότερον
2999 4182 3122 4243 ταῖς
3145 4182 3592 4255 προειρημέναις
3604 4175 3750 4235 ἀθέοις

2178 4273 2275 4328 καὶ
2308 4272 2656 4327 ἐπιδλαϐέσιν
2697 4271 2997 4343 ἐνεργείαις
3023 4270 3255 4337 πάντας
3303 4273 3627 4347 ἀνθρώπους
3654 4272 3754 4321 ἐτο-

2178 4366 2443 4439 λιόρκουν.
2472 4366 2580 4418 Καὶ
2624 4363 2759 4435 πρὸς
2798 4361 2940 4430 λέξιν
2961 4362 3233 4417 δὲ’πάλιν
3282 4365 3427 4431 ἴδοις
3454 4366 3522 4422 ἂν
3557 4358 3755 4436 ὁμοίιτῇ

2181 4458 2388 4528 γενέσει
2413 4458 2507 4511 καὶ
2539 4454 2828 4527 ἐπιφανείᾳ
2851 4454 2946 4509 τοῦ
2985 4456 3264 4529 Σωτῆρος
3295 4458 3466 4529 ἡμῶν
3505 4458 3602 4528 τὴν
3626 4452 3758 4507 δύναο

2184 4571 2274 4623 μιν
2294 4548 2583 4622 Δαμασκοῦ
2605 4548 3011 4621 καθῃρημένην,
3039 4549 3142 4602 καὶ
3158 4549 3238 4604 τά
3268 4550 3458 4604 σκῦλα
3481 4543 3757 4621 Σαμαρείας

2180 4643 2411 4717 ὴρμένα,
2438 4641 2583 4696 τοῦτ’
2608 4641 2722 4695 ἔστι
2759 4639 2863 4719 τᾲς
2908 4638 3196 4710 βασιλείας
3242 4644 3468 4707 αὐτῶν,
3515 4642 3594 4703 αἱ.
3630 4637 3760 4710 μέχρι

2178 4738 2284 4791 τῶν
2307 4735 2644 4809 δηλουμένων
2688 4733 2892 4805 χρόνων
2919 4733 3329 4806 διαρκέσασαι,
3353 4735 3419 4804 ἐξ
3456 4734 3657 4791 ἐκείνου
3685 4729 3761 4784 καὶ

2177 4833 2257 4895 είς
2284 4828 2443 4902 δεῦρο
2470 4827 2853 4891 διαλελοὶπασι,
2886 4825 3026 4879 κατά
3061 4825 3174 4890 τὰς
3228 4827 3399 4895 Θείας
3442 4831 3761 4902 προρρήσεις.

2177 4923 2312 4976 Φασὶ
2337 4920 2395 4976 δέ
2427 4938 2569 4985 τινες
2608 4920 2701 4974 καὶ
2743 4918 2919 4983 ἄλλως
2941 4958 2956 4982 ,
2983 4917 3116 4983 τοὺς
3158 4921 3271 4974 ἀπ’
3323 4922 3621 4994 Ἀνατολῆς
3663 4916 3766 4986 ἐλη-

2176 5014 2401 5079 λυθότας
2462 5013 2686 5082 Μάγους
2711 5050 2726 5076 ,
2806 5011 2902 5065 καὶ
2966 5009 3043 5081 τῷ
3098 5011 3361 5087 Χριστῷ
3426 5016 3622 5085 παιδίῳ
3675 5004 3768 5064 ὄντι

2177 5104 2686 5181 προσκεκυνηκότας
2706 5144 2722 5170 ,
2782 5102 3004 5167 τούτους
3051 5096 3213 5159 εἶναι
3278 5107 3394 5180 τὴν
3436 5107 3658 5179 δύναμιν
3685 5106 3769 5155 Δα-

2178 5198 2411 5272 μασκοῦ.
2498 5197 2685 5260 Είποις
2743 5195 2791 5250 δ’
2850 5192 2919 5248 ἂν
2987 5192 3473 5274 καθολικώτερον
3502 5240 3520 5265 ,
3594 5197 3773 5254 πάντας

2173 5291 2300 5356 τοὺς
2352 5290 2454 5362 τὴν
2505 5288 2602 5362 μὲν
2638 5285 2794 5343 ἄθεον
2843 5288 2939 5343 καὶ
2995 5285 3288 5346 πολύθεον
3342 5285 3773 5360 είδωλολατρείαν

2173 5381 2614 5455 ἀποστραφέντας
2641 5419 2657 5444 ,
2713 5378 2792 5451 τῷ
2848 5379 2907 5434 δέ
2958 5377 3053 5433 τοῦ
3109 5379 3391 5454 Χριστοῦ
3440 5385 3590 5457 λόγῳ
3630 5394 3779 5435 κατα·

2171 5473 2531 5536 δουλωθέντας
2553 5510 2570 5537 ,
2648 5470 2883 5543 μάλιστα
2940 5472 2990 5525 εί
3046 5468 3298 5528 δυνατοί
3357 5492 3523 5541 τινες
3575 5469 3678 5529 εἷεν
3727 5470 3778 5521 ἐν

2171 5565 2314 5637 λόγῳ
2368 5564 2462 5619 καὶ
2519 5562 2682 5635 σοφίᾳ
2722 5561 2816 5616 τοῦ
2847 5562 3041 5626 αἰῶνος
3082 5561 3313 5620 τούτου
3334 5607 3354 5631 ,
3407 5570 3618 5632 αὐτοὺς
3659 5560 3782 5620 εἶναι

2172 5656 2298 5722 τοὺς
2320 5650 2745 5729 ὀνομαζομένους
2770 5650 2996 5728 δύναμιν
3018 5654 3379 5725 Δαμασκοῦ.
3438 5658 3607 5717 Κατὰ
3631 5655 3785 5712 ταῦτα
