3868 6196
222 250 316 305 3921
1129 238 1778 299 DEMONSTRATIONIS
1816 237 2278 298 EVANGELlCE
2311 237 2445 298 LIB.
2485 236 2607 299 Vll.

3327 241 3435 299 523

205 374 259 430 δὲ
286 370 370 424 καὶ
398 370 467 424 τὰ
502 368 672 422 σκῦλα
700 366 1016 439 Σαμαρείας
1042 364 1256 438 νοήσεις
1276 406 1291 430 ,
1349 366 1475 428 τοὺς
1521 364 1630 419 ἀπὸ
1674 363 1767 417 τοῦ

1871 364 2096 419 deorum
2128 363 2399 419 addictam
2433 362 2845 419 simulacrorum
2876 362 3144 418 culturam
3171 371 3446 436 aspernati

212 459 474 515 Ἰουδαίων
534 459 725 524 ἔθνους
776 457 867 511 τοῦ
902 458 1149 527 Σωτῆρος
1196 456 1353 527 ἡμῶν
1403 456 1650 527 μαθητὰς
1676 458 1771 509 καὶ

194 554 523 617 ἀποστόλους
546 594 560 616 ,
606 551 705 615 οὓς
748 552 936 623 ὥσπερ
964 554 1027 605 ἐκ
1061 552 1331 622 πολεμίων
1371 551 1483 604 τῶν
1511 552 1574 604 ἐκ
1618 568 1773 623 περι-

191 649 363 719 τομῆς
413 647 539 700 κατ’
581 644 744 699 αὐτοῦ
799 644 1280 717 στρατευσαμένων
1330 642 1500 697 σκῦλα
1547 644 1636 713 ὑφ’
1670 644 1771 696 αὑ-

190 741 281 794 τὸν
333 737 523 793 λαϐὼν
570 740 627 806 ἐξ
688 738 934 802 ἐναντίας
987 737 1297 791 καθώπλισε
1351 737 1453 791 τοῦ·
1503 738 1611 791 τῶν
1657 740 1772 791 Ἀσ-

187 832 392 904 συρίων
459 832 758 903 βασιλέως,
814 829 955 884 οὕτω
1018 829 1179 884 πάλιν
1244 830 1518 901 τροπικῶς
1578 831 1770 901 δηλου-

186 925 353 995 μένου
406 924 504 977 τοῦ
551 925 812 994 ἄρχοντος
857 921 950 976 τοῦ
996 922 1190 985 αἰῶνος
1238 928 1447 978 τούτου.
1534 923 1686 977 Ἐπεὶ
1714 925 1771 978 δὲ

178 1017 239 1071 τὸ
290 1036 309 1066 α
349 1018 599 1071 ἐναντίον
655 1017 918 1087 βασιλέως
955 1018 1271 1090 Ἀσσυρίων,
1313 1037 1331 1070 ι
1362 1018 1695 1090 σαφέστερον
1742 1020 1771 1071 6

191 1108 433 1173 ’Δκύλας
489 1109 788 1174 ἐξέδωκεν,
820 1108 1013 1172 εἰπὼν,
1054 1127 1073 1160 ι
1129 1111 1207 1172 είς
1258 1109 1551 1180 πρόσωπον
1609 1108 1767 1179 βαστ-

177 1202 318 1267 λὲως
390 1204 713 1275 Ἀσσυρίων,
751 1223 779 1254 »-
804 1203 1095 1274 ἐπίστησον
1139 1205 1347 1273 μήποτε
1398 1203 1507 1273 ἄρα
1564 1202 1657 1255 καὶ
1711 1202 1769 1254 ὲν

174 1292 395 1357 τούτοις
434 1295 536 1366 τὴν
570 1293 859 1365 Ῥωμαίων
900 1294 1077 1364 ἀρχὴν
1119 1293 1304 1362 δηλοῖ»,
1364 1291 1419 1346 εί
1459 1302 1523 1362 γε
1575 1308 1769 1346 κατευ-

174 1381 469 1447 θύνοντες,
524 1378 555 1455 ἢ
618 1384 1072 1455 κατευθυνόμενοι
1146 1384 1419 1455 Ἀσσύριοι
1490 1382 1767 1455 μεθερμη-

172 1476 471 1540 νεύονται,
548 1476 692 1530 κατὰ
738 1477 811 1531 τὰ
840 1476 1042 1547 ,μικρῴ
1100 1475 1335 1548 πρόσθεν
1379 1474 1764 1546 ἀποδεδομένα.

185 1568 351 1623 Ἐπεὶ
412 1569 592 1622 τοίνυν
640 1573 706 1641 τῇ
759 1572 888 1643 περὶ
940 1571 1033 1624 τοῦ
1089 1570 1337 1640 Σωτῆρος
1391 1569 1546 1640 ἡμῶν
1594 1570 1768 1641 προρ-

175 1662 343 1730 ρήσει
418 1661 512 1715 καὶ
581 1661 676 1714 νῦν
731 1662 763 1714 6
817 1664 925 1715 τῶν
995 1661 1293 1732 Ἀσσυρίων
1354 1660 1769 1731 συμπέπλεκται

1876 467 2024 519 sunt,
2050 468 2101 512 et
2134 457 2343 515 Christi
2384 457 2555 512 verbo
2580 460 2792 526 seipsos
2833 456 3172 526 addixerunt,
3213 474 3445 532 praeser-

1875 549 1969 602 tim
1996 548 2119 603 siin
2155 549 2324 604 verbo
2369 558 2423 603 et
2459 550 2725 620 sapientia
2758 552 2941 606 saeculi
2993 551 3157 621 hujus
3195 561 3444 622 potentes

1873 641 2025 703 sint,
2091 656 2186 696 eos
2238 642 2386 712 ipsos
2433 657 2557 697 esse
2602 643 2693 712 qui
2751 642 2997 699 Damasci
3052 645 3290 714 potentia
3344 660 3443 699 no-

1874 733 2166 787 minentur.
2198 732 2398 788 Eodem
2436 749 2599 790 sensu
2650 735 2815 788 etiam
2848 736 3019 805 spolia
3059 735 3321 791 Samariae
3346 752 3442 792 ac-

1872 824 2065 893 cipies.
2098 826 2166 880 de
2203 824 2428 880 Iudaica
2481 835 2639 897 gente
2673 838 2982 897 assumptus
3018 826 3315 885 Salvatoris
3338 845 3440 886 no-

1872 917 1972 970 stri
2003 917 2303 987 discipulos
2337 926 2390 973 et
2424 920 2721 989 apostolos.
2748 936 2886 989 quos
2916 922 3071 991 quasi
3097 922 3162 977 de
3192 922 3441 980 hostibus

1871 1008 1938 1061 ad
1960 1010 2433 1065 circumcisionem
2468 1013 2863 1080 spectantibus,
2910 1013 3004 1083 qui
3045 1014 3330 1071 adversum
3378 1031 3440 1072 se

1871 1101 2245 1163 militaverint,
2310 1102 2503 1172 praeda:
2568 1104 2742 1159 instar
2793 1106 2896 1159 sibi
2957 1106 3065 1177 ipsi
3118 1108 3437 1176 subiiciens,

1871 1201 2064 1247 contra
2088 1194 2436 1263 Assyriorum
2480 1210 2667 1266 regem
2714 1197 2965 1261 armavit,
3004 1200 3438 1269 quandoquidem

1870 1286 1952 1340 sic
1986 1300 2178 1342 rursus
2232 1302 2328 1357 per
2359 1286 2589 1357 ﬁguram
2637 1290 2820 1345 saacuii
2856 1290 3019 1359 hujus
3059 1292 3307 1360 princeps
3363 1291 3441 1347 si-

1868 1376 2175 1447 gniﬁcatur.
2245 1380 2314 1432 At
2369 1394 2499 1433 vero
2549 1381 2803 1449 quoniam
2870 1382 3005 1434 illud
3039 1390 3203 1436 «ante
3255 1397 3436 1451 regem

1866 1468 2237 1539 Assyriorum,
2264 1490 2283 1521 ι
2321 1471 2663 1527 manifestius
2694 1472 2889 1544 Aquila
2925 1474 3180 1538 reddidit,
3233 1475 3325 1528 ubi
3355 1473 3437 1528 sic

1869 1562 1965 1625 ait,
2003 1581 2021 1613 ι
2053 1563 2107 1617 in
2141 1563 2337 1620 facient
2361 1567 2504 1638 regis
2535 1564 2902 1637 Assyriorum,
2930 1586 2947 1618 ι
2981 1569 3102 1621 vide
3127 1584 3192 1623 ne
3216 1568 3353 1625 forte
3382 1567 3439 1623 in

1870 1652 1955 1708 his
1990 1655 2170 1709 verbis
2196 1654 2564 1712 Romanorum
2599 1659 2885 1729 imperium
2941 1659 3439 1729 signiﬁcet,‘siqui-

176 1748 479 1817 βασιλεπ,
556 1751 779 1815 εἰκότως
834 1753 963 1823 ήῷν
1019 1749 1296 1805 κάνταῦθα
1363 1752 1395 1823 ή
1476 1751 1763 1821 Ῥωμαίων

1869 1741 1986 1796 dem
2019 1759 2083 1797 ex
2122 1745 2189 1800 iis
2237 1762 2357 1816 quae
2390 1748 2550 1817 paulo
2581 1752 2703 1801 ante
2731 1764 2761 1801 a
2794 1749 2949 1802 nobis
2989 1751 3235 1818 exposita
3284 1758 3434 1811 sunt,

885 1843 972 1898 διὰ
1036 1843 1096 1897 τὸ
1158 1843 1295 1915 πρὸς
1348 1842 1439 1896 τοῦ
1496 1840 1630 1896 Θεοῦ
1688 1844 1766 1905 είς

1658 1935 1769 2005 Λήι-

179 2024 376 2091 ψεσθαι
474 2026 765 2097 τοιγαροῦν
836 2027 896 2079 τὸ
968 2026 1283 2097 τικτόμενον
1370 2025 1581 2079 παιδίον
1667 2025 1768 2096 τὴν

176 2111 407 2184 dirupi»;
472 2115 810 2184 Δαμασκοῦ,
890 2117 984 2169 καὶ
1043 2115 1111 2168 τὰ
1193 2114 1364 2169 σκῦλα
1429 2116 1764 2186 Σαμαρείας,

176 2206 261 2258 καὶ
321 2205 676 2275 παραδώσειν
714 2209 793 2269 εἰς
828 2208 1115 2278 πρόσωπον
1161 2207 1497 2278 Ἀσσυρίων,
1556 2208 1650 2261 καὶ
1709 2208 1767 2260 ὲν

176 2295 478 2365 ὀφθαλμοῖς
558 2296 666 2349 τῶν
739 2297 843 2351 ὑπὸ
918 2296 1010 2350 τοῦ
1091 2296 1224 2351 Θεοῦ
1290 2298 1767 2369 κατευθυνομένων

179 2385 521 2452 θεσπίζεταιε
555 2390 649 2441 καὶ
695 2390 866 2443 ταῦτα
918 2390 1163 2460 ποιήσειν
1195 2388 1312 2459 ἅμα
1359 2392 1424 2461 τῇ
1472 2391 1636 2444 αὐτοῦ
1677 2408 1768 2460 γε-

178 2480 369 2545 νέσει,
432 2481 662 2552 ἀρρήτῳ
719 2482 814 2535 καὶ
872 2481 1039 2553 ὲνθέῳ
1093 2482 1364 2551 δυνάμει,
1429 2481 1508 2535 ἔτι
1572 2485 1768 2553 νηπιά-

179 2570 320 2635 ζοντι
386 2570 607 2641 σώματι
644 2568 909 2626 ’τοσαῦτα
977 2574 1034 2627 ἐν
1088 2572 1393 2644 ἀνθρώποις
1455 2575 1768 2644 οἰκονομοῦο

181 2679 360 2731 μενος.
435 2664 625 2716 Πάντα
649 2663 706 2716 δὲ
750 2665 919 2718 ταῦτα
952 2664 983 2719 6
1012 2668 1299 2738 προφήτης
1333 2668 1390 2718 ὲν
1416 2666 1565 2738 τόμῳ
1597 2667 1767 2739 καινῷ

178 2755 265 2809 καὶ
321 2755 554 2826 μεγάλῳ
625 2758 810 2827 γραφῇ
870 2757 1203 2829 παραδοῦναι
1262 2746 1549 2830 ἀνθρώπου
1608 2777 1769 2831 προσ-

177 2843 463 2909 τάσσεται,
517 2845 705 2899 τοῦτον
744 2848 837 2899 καὶ
883 2847 981 2916 τῆς
1026 2848 1218 2918 καινῆς
1273 2851 1545 2921 Διαθήκης
1585 2850 1770 2922 δηλου-

179 2935 351 3008 μὲνης
426 2938 522 2991 τὸν
598 2938 816 3010 τρόπον.
918 2940 1485 3011 Προσπαραλαμϐἁνει
1545 2941 1601 2996 δὲ
1660 2943 1766 2997 τῶν

179 3030 495 3100 εἰρημένων
566 3030 848 3102 μάρτυρας
922 3032 1070 3104 ἱερέα
1125 3033 1221 3085 καὶ
1290 3036 1569 3105 προφήτην
1596 3075 1611 3099 ,
1670 3035 1765 3089 τοῦ

176 3118 340 3191 λόγου
384 3124 756 3190 παιδεύοντος,
814 3120 889 3188 ὦς
926 3126 1007 3193 ὅτι
1055 3124 1235 3197 δεήσει
1274 3128 1330 3179 ὲν
1391 3130 1511 3193 ταῖς
1555 3126 1766 3182 ἀποδεί-

183 3214 298 3278 ξεσι
356 3219 480 3280 ταῖς
523 3216 649 3289 περ)⁵
700 3215 794 3270 τοῦ
854 3206 1099 3289 Χριστοῦ
1124 3218 1223 3282 τὰς
1274 3217 1382 3273 ἀπὸ
1425 3219 1524 3291 τῆς
1584 3221 1642 3273 ὲν
1676 3220 1766 3273 νό-

181 3324 266 3378 μῳ
350 3306 664 3381 ἱερουργίας
740 3307 835 3361 καὶ
901 3308 1009 3362 τῶν
1070 3309 1208 3379 μετὰ
1255 3310 1424 3367 ταῦτα
1473 3312 1765 3385 προφητῶν

181 3399 501 3471 μαρτυρίας
556 3397 1021 3472 παραλαμϐάνειν.
1118 3402 1347 3466 Πιστοῦς
1407 3403 1464 3460 δὲ
1520 3403 1765 3475 βούλεται

177 3492 272 3544 καὶ
319 3491 503 3555 ἄλλως
559 3490 839 3565 μάρτυρας
882 3488 1019 3547 εἶναι
1073 3497 1195 3559 τοὺς
1249 3496 1348 3568 τὴν
1401 3496 1615 3565 γένεσιν
1671 3492 1765 3550 τοῦ

178 3582 513 3654 δηλουμένου
558 3583 768 3637 παιδίου
816 3584 1103 3655 μέλλοντας
1160 3587 1477 3641 ἐποπτεύειν
1500 3628 1514 3653 ,
1569 3588 1648 3652 είς
1706 3589 1767 3643 τὸ

184 3676 427 3728 συνιέναι
506 3672 766 3727 δύνασθαι
842 3675 909 3728 τὰ
991 3678 1463 3749 προφητευόμενα.
1530 3698 1547 3727 ι
1642 3678 1766 3732 Ἐὰν

185 3764 293 3836 γὰρ
368 3766 444 3836 μὴ
510 3766 875 3836 πιστεύσητε,
944 3768 1062 3821 οὐδὲ
1116 3770 1189 3841 μὴ
1249 3770 1461 3840 συνῆτε,
1506 3788 1523 3821 ι
1554 3768 1768 3837 ἐλέγετο

189 3859 451 3928 ἀνωτέρω
476 3875 489 3888 ·
550 3858 642 3910 καὶ
691 3857 782 3910 τὸν
845 3859 941 3927 μὲν
1018 3858 1159 3929 ἔχειν
1193 3860 1308 3928 φῶς
1360 3860 1492 3914 Θεοῦ
1518 3878 1531 3890 ·
1572 3860 1762 3933 (τοῦτο

196 3950 301 4018 γὰρ
362 3949 391 3999 6
467 3947 667 4019 Οὐρίας
728 3948 1149 4020 ἑρμηνεύεται),
1203 3949 1294 4003 τὸν
1352 3950 1407 4004 δὲ
1466 3951 1578 4005 υἱὸν
1639 3949 1767 4006 ὄντα

191 4040 443 4109 εὐλογίας
474 4078 488 4103 ,
572 4040 667 4111 τὴν
746 4042 968 4113 μνήμην
1044 4041 1139 4095 τοῦ
1222 4041 1354 4095 Θεοῦ
1450 4045 1508 4096 ὲν
1592 4043 1767 4114 ἐαυτῷ

191 4132 414 4201 φέρειν·
499 4131 656 4184 τοῦτο
716 4132 824 4204 γὰρ
888 4132 981 4186 καὶ
1034 4134 1062 4185 6
1116 4133 1207 4186 τοῦ
1264 4134 1534 4206 Βαραχίου
1591 4138 1768 4205 Ζαχα-

195 4224 312 4295 ρίας
362 4224 530 4293 δηλοῖ.
613 4223 796 4278 Ταῦτα
854 4226 955 4297 μὲν
989 4222 1081 4281 οὖν
1110 4228 1189 4290 είς
1230 4229 1354 4290 τοὺς
1382 4228 1575 4291 τόπους
1609 4230 1766 4299 ήμεῖς

196 4313 649 4386 ὲπιεεὸλήκαμεν.
758 4317 819 4369 Εἰ
895 4317 951 4369 δέ
1026 4336 1109 4381 τις
1165 4319 1273 4371 τῶν
1346 4321 1407 4371 ὲκ
1470 4321 1766 4391 περιτομῆς

180 1845 317 1914 ἀρχὴ
390 1844 763 1915 παρείληπται
790 1883 805 1907 ,

182 1937 274 2005 τὴν
355 1936 475 1989 τῶν
544 1935 711 1988 ὲθνῶν
794 1936 1068 2008 ὑποταγὴν
1125 1934 1568 1989 κατευθύνεσθαι.

1868 1834 2075 1906 Assyrii
2108 1852 2359 1894 sermone
2387 1849 2597 1905 nostro,
2646 1850 2700 1896 et
2739 1843 2831 1911 qui
2858 1842 3120 1911 dirigunt,
3156 1850 3208 1897 et
3233 1842 3323 1912 qui
3355 1840 3439 1895 di-

1871 1927 2120 1997 riguntur
2173 1930 2399 2002 intelligi
2438 1933 2634 1986 solent.
2664 1933 2932 1998 Quoniam
2990 1934 3156 2004 igitur
3214 1936 3437 1989 oraculo

1868 2017 2011 2086 quod
2042 2034 2187 2072 nunc
2221 2020 2288 2074 de
2316 2020 2597 2077 Salvatore
2629 2036 2817 2079 nostro
2848 2024 3113 2088 redditur,
3149 2026 3310 2080 etiam
3342 2041 3436 2080 rex

1867 2109 2214 2180 Assyriorum
2265 2113 2561 2183 implicitus
2601 2123 2685 2170 est
2714 2157 2728 2180 ,
2788 2118 2982 2173 merito
3019 2119 3105 2172 hic
3162 2133 3379 2188 quoque
3406 2132 3436 2169 a

1868 2200 2028 2253 nobis
2060 2199 2430 2257 Romanorum
2464 2205 2748 2272 imperium
2780 2214 3060 2275 acceptum
3094 2215 3199 2269 est,
3235 2207 3438 2277 quippe

1868 2290 2013 2359 quod
2045 2292 2109 2344 ad
2140 2291 2511 2367 subjiciendas
2538 2304 2724 2365 gentes
2741 2296 2808 2350 ab
2833 2296 2951 2365 ipso
3000 2296 3109 2351 Deo
3145 2297 3433 2367 dirigatur.

1869 2381 2011 2453 Ergo
2048 2383 2139 2453 qui
2166 2386 2411 2440 nascitur
2436 2392 2588 2457 puer,
2624 2395 2948 2458 accepturus
3004 2390 3299 2459 potentiam
3333 2390 3436 2443 Da-

1869 2478 2061 2539 masci,
2095 2484 2148 2532 et
2181 2480 2352 2547 spolia
2391 2476 2668 2544 Samarite,
2702 2492 2754 2536 et
2780 2483 3081 2539 traditurus
3130 2484 3183 2538 in
3241 2482 3433 2539 faciem

1868 2568 2217 2640 Assyriorum
2242 2578 2295 2625 et
2325 2572 2379 2625 in
2413 2574 2585 2627 oculis
2618 2588 2807 2629 eorum
2850 2577 2942 2646 qui
2977 2592 3007 2631 a
3049 2576 3155 2632 Deo
3188 2578 3433 2648 dirigun-

1870 2667 1980 2724 tur,
2012 2663 2227 2717 canitur
2255 2679 2268 2714 :
2298 2673 2459 2733 atque
2499 2666 2611 2720 haec
2663 2668 2778 2737 ipsa
2813 2668 2867 2722 in
2900 2677 3023 2723 ortu
3059 2685 3158 2725 suo
3191 2669 3436 2729 facturus

1871 2754 1920 2806 vi
1954 2754 2187 2824 quadam
2211 2754 2393 2809 divina
2424 2764 2586 2827 atque
2615 2757 2892 2825 ineffabili,
2944 2762 3036 2831 qui
3089 2762 3305 2832 quidem
3340 2764 3437 2818 ad-

1870 2845 1977 2899 huc
2010 2847 2064 2901 in
2093 2849 2286 2917 puerili
2319 2863 2551 2918 corpore
2600 2854 2931 2908 constitutus
2963 2861 3112 2909 tanta
3171 2856 3313 2911 inter
3337 2857 3438 2910 ho-

1868 2938 2046 2990 mines
2107 2937 2513 3007 dispcnsatione
2564 2940 2836 3011 fungetur.
2891 2942 3083 2999 Omnia
3133 2962 3263 3002 vero
3322 2947 3437 3005 haec

1871 3031 2133 3099 propheta
2166 3032 2217 3084 in
2255 3046 2396 3088 novo
2424 3041 2476 3088 et
2504 3036 2693 3103 grandi
2737 3037 2876 3093 libro
2909 3040 3050 3109 Stylo
3076 3050 3127 3094 et
3153 3041 3436 3111 scripturae

1870 3120 2104 3175 hominis
2132 3124 2348 3179 tradere
2394 3123 2617 3192 jubetur
2650 3145 2662 3179 :
2696 3129 2798 3181 hoc
2848 3129 2991 3183 enim
3048 3144 3298 3187 sermone
3330 3131 3438 3187 No-

1867 3226 1993 3266 vum
2055 3213 2393 3284 significatur
2450 3215 2876 3275 Testamentum.
2940 3220 3186 3278 Assumit
3254 3233 3435 3280 autem

1867 3314 2055 3360 eorum
2086 3321 2209 3376 quae
2240 3307 2385 3362 dicta
2424 3312 2552 3365 sunt
2593 3320 2763 3367 testes
2818 3315 3165 3371 sacerdotem
3214 3324 3267 3371 et
3309 3332 3436 3387 pro-

1869 3398 2105 3467 phetam,
2131 3402 2353 3456 oraculo
2394 3403 2621 3458 docente
2642 3446 2657 3468 ,
2685 3403 2799 3459 fore
2825 3422 2962 3476 opus
2994 3409 3044 3462 in
3089 3410 3433 3465 demonstra-

1867 3490 2106 3545 tionibus
2138 3492 2205 3545 de
2233 3492 2452 3548 Christo
2484 3503 2594 3549 tum
2632 3511 2664 3550 a
2685 3498 2991 3553 sacerdotio
3020 3501 3171 3570 qttod‘
3220 3502 3275 3556 in
3320 3503 3436 3574 lege

1869 3583 2196 3645 continetur,
2252 3592 2363 3637 tum
2402 3600 2431 3637 a
2475 3587 2754 3657 prophetis
2810 3589 2904 3660 qui
2949 3603 3139 3660 pestea
3192 3592 3430 3662 fuerunt,

1868 3675 2116 3744 accipere
2154 3675 2502 3745 testimonia;
2554 3688 2606 3733 et
2658 3680 2859 3751 alioqui
2910 3681 3099 3740 ﬁdeles
3149 3687 3262 3740 vult
3310 3704 3432 3743 esse

1870 3774 2056 3833 testes,
2089 3783 2183 3823 eos
2205 3770 2294 3838 qui
2328 3771 2479 3838 pueri
2507 3768 2573 3825 de
2599 3786 2707 3838 quo
2755 3773 2956 3842 agitur,
2990 3773 3287 3845 inspecturi
3322 3780 3431 3833 sint

1866 3869 2067 3922 ortum,
2099 3867 2157 3914 ut
2199 3875 2261 3915 ea
2320 3877 2441 3931 qua:
2481 3862 2535 3915 in
2586 3863 2698 3933 ipsa
2734 3866 3015 3934 prophetia
3062 3869 3431 3936 continentur,

1869 3950 2164 4022 intelligere
2188 3954 2418 4022 possint.
2448 3952 2621 4024 Supra
2650 3956 2794 4011 enim
2834 3957 3138 4026 dicebatur,
3199 3978 3221 4012 ‹
3243 3960 3299 4014 Si
3322 3979 3433 4019 non

1867 4042 2226 4106 credideritis,
2285 4060 2391 4100 non
2416 4046 2756 4116 intelligetis,
2790 4067 2808 4099 ι
2845 4057 2897 4102 et
2927 4050 3156 4104 alterum
3214 4051 3432 4122 quidem

1868 4134 2047 4188 lumen
2083 4133 2172 4189 Dci
2196 4134 2395 4190 habere
2428 4151 2441 4187 :
2475 4137 2641 4207 332
2671 4138 2723 4191 id
2758 4138 2900 4193 enim
2937 4137 3094 4196 Urias
3143 4156 3207 4197 ex
3266 4144 3437 4198 inter-

1869 4228 2170 4296 pretatione
2202 4228 2470 4299 signiﬁcat
2503 4247 2518 4283 :
2550 4232 2779 4285 alterum
2813 4249 2964 4298 vero,
2988 4236 3080 4305 qui
3101 4236 3433 4293 benedictio-

1866 4319 1955 4372 nis
1982 4320 2053 4374 sit
2086 4320 2247 4385 ﬁlius,
2276 4321 2364 4377 Dei
2391 4324 2443 4377 in
2479 4325 2660 4394 seipso
2691 4329 3002 4382 memoriam
3031 4328 3190 4387 ferre.
3217 4329 3273 4386 Id
3289 4334 3434 4388 enim

194 4406 254 4457 οὔ
298 4408 468 4459 ταῦτα
518 4406 691 4471 οὕτως
741 4407 883 4478 ἔχειν
935 4407 1217 4477 βούλεται,
1275 4409 1392 4481 ὥρα
1436 4411 1565 4481 ἡμῖν
1606 4412 1766 4464 αὐτὸν

1872 4412 1973 4465 sibi
2004 4413 2113 4466 vult
2145 4412 2418 4469 Barachiaa
2467 4414 2810 4473 Zacharias:
2874 4419 2986 4474 hmc
3030 4421 3194 4491 igitur
3252 4439 3353 4479 nos
3379 4425 3435 4479 in

196 4494 572 4551 ἀποδεικνύναι
595 4539 609 4562 ,
697 4499 784 4562 τίς
859 4497 1076 4552 πώποτε

202 4589 434 4659 μανουὴλ
512 4590 741 4658 γέγονε,
826 4591 920 4644 καὶ
981 4592 1097 4655 πῶς
1150 4595 1183 4645 ὅ
1239 4596 1521 4666 προφήτης
1600 4613 1767 4667 προσ-

200 4676 321 4748 ῆλθε
404 4681 541 4750 πρὸς
613 4678 711 4750 τὴν
783 4682 1090 4753 προφῆτιν,
1169 4683 1265 4736 καὶ
1341 4684 1463 4737 τίνα
1541 4686 1765 4757 ταύτην,

202 4774 288 4825 καὶ
348 4774 468 4837 πῶς
549 4776 885 4847 παραχρῆμα
944 4776 1201 4831 συνέλαϐε
1228 4816 1242 4840 ,

203 4866 292 4936 τῆς
348 4867 676 4939 πφφήτιδος
731 4867 1048 4939 ἁποτεχθεὶς
1102 4869 1250 4932 υίὸς,

1151 4502 1281 4571 παρ’
1363 4502 1541 4565 αὐτοῖς
1640 4504 1768 4573 Ἐμ-

206 5049 281 5113 τῐς
351 5052 384 5121 ἡ
446 5050 594 5105 αίτία
665 5051 761 5120 τῆς
825 5052 1037 5104 τοιᾶσδε
1096 5052 1188 5105 τοῦ
1258 5052 1536 5123 τεχθέντος
1599 5073 1767 5126 προσ-

209 5142 442 5214 ηγορίας.
514 5143 885 5196 Δεικνύτωσαν
930 5143 985 5196 δὲ
1018 5144 1110 5197 καὶ
1166 5146 1261 5209 τὸ,
1298 5162 1317 5196 ι
1355 5147 1490 5217 Πρὶν
1543 5148 1577 5216 ἦ
1624 5148 1765 5217 γνῶ-

209 5251 290 5288 ναι
337 5236 397 5288 τὸ
434 5236 644 5290 παιδίον
697 5236 879 5289 καλεῖν
930 5237 1141 5309 πατέρα
1169 5238 1262 5290 καί¹
1312 5239 1558 5310 μητέρα,
1596 5260 1614 5291 ι
1669 5242 1767 5311 τὴν

211 5325 423 5397 δόναμιν
476 5327 734 5398 είληψότα
786 5328 1074 5399 Δαμασκοῦ
1100 5368 1114 5392 ,
1175 5330 1268 5382 καὶ
1326 5329 1392 5383 τὰ
1444 5330 1616 5385 σκῦλα
1666 5332 1767 5385 Σα-

218 5418 429 5488 μαρείας
454 5461 469 5482 ,
510 5420 685 5472 ἔναντι
720 5419 982 5489 βασιλέως
1027 5421 1342 5492 Ἀσσυρίων.
1437 5423 1626 5494 Ἡμεῖς
1658 5424 1766 5495 γὰρ

215 5506 405 5573 ταῦτα,
468 5510 565 5563 ,καὶ
625 5513 758 5581 πρὸς
816 5510 995 5576 λέξιν,
1085 5512 1179 5565 καὶ
1236 5514 1511 5585 τροπικῶς
1562 5515 1767 5588 ἐξειλη-

217 5599 393 5666 φότες,
454 5603 843 5675 πεπληρῶσθαι
893 5605 1033 5659 αὐτὰ
1062 5605 1345 5677 δείκνυμεν
1398 5607 1490 5661 ἐπὶ
1536 5609 1638 5678 τῆς
1668 5609 1763 5663 τοῦ

219 5686 445 5763 Σωτῆρος
495 5693 651 5763 ήμῶν
704 5697 1002 5764 γενέσεως,
1076 5698 1447 5768 παριστῶντες
1496 5701 1614 5754 τοτὲ
1666 5701 1763 5772 μὲν

520 5785 785 5849 Parnm.
834 5790 950 5851 Gtt.
990 5789 1189 5854 XXII.

1323 4779 1416 4831 καὶ
1472 4779 1555 4842 τίς
1618 4781 1645 4833 ὁ
1705 4780 1769 4833 ὲκ

1309 4864 1354 4938 ᾧ
1404 4871 1566 4934 αὐτὸς
1594 4873 1622 4924 6
1654 4872 1769 4923 Κύ-

210 4972 311 5027 ριος
345 4959 672 5013 ἐπιτέθειται
706 4959 895 5029 ὄνομα,
944 4979 961 5010 ι
995 4961 1223 5031 Ταχέως
1258 4961 1574 5027 σκύλευσον,
1614 4982 1632 5013 ι
1672 4965 1768 5018 καὶ

1873 4502 2071 4572 ﬁguras
2097 4504 2451 4573 conjecimus.
2520 4505 2578 4561 Si
2620 4509 2743 4578 quis
2782 4519 2960 4565 autem
2991 4526 3056 4565 ex
3106 4511 3306 4569 Iudaeis
3336 4516 3438 4571 hoc

1873 4595 2007 4647 nolit
2040 4597 2117 4649 sic
2146 4612 2204 4651 se
2240 4598 2458 4661 habere,
2488 4598 2554 4660 is,
2584 4615 2785 4670 quaeso,
2813 4602 2972 4658 nobis
3006 4606 3275 4669 ostendat,
3315 4610 3439 4677 quis

1872 4701 2110 4755 unquam
2143 4688 2285 4759 apud
2314 4689 2461 4759 ipsos
2495 4689 2812 4747 Emmanuel
2844 4693 3027 4760 fuerit,
3064 4704 3117 4750 et
3165 4702 3437 4766 quomodo

1871 4778 2133 4848 prapheta
2162 4779 2226 4832 ad
2265 4782 2663 4851 prophetissam
2721 4789 3037 4852 accesserit,
3074 4798 3262 4859 etquae
3314 4799 3437 4844 tan-

1870 4873 1992 4925 dem
2021 4888 2082 4926 ea
2119 4873 2210 4935 sit,
2250 4883 2303 4928 et
2342 4875 2617 4944 quomodo
2668 4888 2698 4928 e
2751 4881 2978 4951 vestigio
3025 4882 3356 4951 conceperit,
3382 4893 3436 4938 et

1869 4964 2121 5033 quisnam
2150 4966 2254 5020 iste
2278 4982 2339 5021 ex
2370 4969 2712 5037 prophetissa
2735 4982 2894 5027 natus
2924 4974 3085 5037 ﬁlius,
3121 4976 3206 5027 cui
3239 4990 3437 5030 nomen

1871 5057 1986 5127 ipse
2009 5058 2269 5114 Dominus
2293 5060 2633 5131 imposuerit,
2662 5081 2681 5113 ι
2700 5062 2961 5117 Celeriter
2988 5063 3210 5119 detrahe
3242 5068 3434 5135 spolia,

1869 5146 1991 5201 Cito
2020 5149 2281 5218 prtedare,
2318 5168 2341 5201 ι
2372 5161 2425 5205 et
2459 5167 2703 5221 quaenam
2740 5154 2811 5207 sit
2839 5169 3003 5207 causa
3025 5155 3274 5225 hujusce,
3315 5157 3436 5226 ejus

1869 5240 1961 5308 qui
1994 5248 2167 5296 natus
2218 5242 2311 5310 sit,
2366 5246 2764 5313 appellationis.
2820 5245 3120 5301 Ostendant
3180 5258 3436 5317 praetcrea

1869 5333 2009 5386 illud‘
2030 5334 2159 5404 quid
2190 5336 2282 5399 sit,
2327 5355 2349 5388 ι
2371 5340 2521 5407 prius
2571 5354 2730 5408 quam
2766 5340 2899 5393 sciat
2930 5355 3060 5408 puer
3092 5355 3287 5394 vocare
3337 5355 3432 5410 pa—

1870 5434 2001 5479 trem
2033 5434 2087 5480 et
2141 5436 2388 5491 matrem,
2421 5447 2439 5479 ›
2474 5437 2793 5499 potestatem
2849 5429 3126 5499 accepisse
3156 5428 3427 5494 Damasci,

1866 5526 1919 5571 et
1970 5518 2141 5589 Spolia
2192 5516 2449 5573 Samaria:
2502 5534 2685 5573 coram
2736 5535 2860 5589 rege
2896 5519 3267 5592 Assyriorum.
3316 5517 3430 5578 Nos

1865 5608 2163 5674 enimista,
2213 5618 2267 5665 et
2287 5609 2353 5663 ad
2387 5610 2634 5672 verbum,
2691 5618 2745 5664 et
2795 5613 3022 5682 ﬁgurate
3074 5613 3427 5683 accipientes,

1861 5702 1975 5774 jam
2007 5717 2153 5759 nunc
2199 5704 2477 5775 completa
2524 5718 2649 5763 esse
2702 5706 3145 5764 demoustramus
3193 5708 3250 5762 in
3309 5715 3433 5763 ortu

3049 5806 3125 5863 17
