3868 6196
573 203 697 258 Ἐῖὂ
1243 204 1524 259 ἙΙΙΞΕΒΙΙ
1564 205 2039 262 (ΖΑΞΞΛΜΕΝΕΙΞ
2078 209 2137 265 01

2263 211 2438 266 PARS
2475 215 2539 267 ll.
2581 213 3050 270 APOLOGETICA
3063 258 3076 271 .
3639 229 3712 286 53a

592 317 892 375 Salvatoris
940 319 1132 381 nostri,
1186 321 1383 388 quippe
1423 320 1516 388 qui
1563 321 1696 376 illud
1736 322 1862 376 item
1894 323 2137 378 ostende-

2251 326 2425 397 ῥητῶς
2496 327 2636 380 κατὰ
2689 327 2785 398 τὴν
2863 328 3147 400 πρόχειρον
3206 328 3457 396 διάνοιαν,
3524 339 3618 393 τοτὲ
3671 345 3714 398 δὲ

590 417 763 469 rimus
812 413 945 466 alias
976 410 1190 480 quidem
1238 409 1304 462 ad
1331 411 1575 477 verbum,
1604 420 1658 466 et
1687 401 1990 468 secundum
2031 431 2137 470 ean‘

2251 418 2524 489 τροπικῶς
2576 419 2684 473 δετν
2740 418 3044 472 ἐπιϐάλλειν
3096 421 3210 482 ταῖς
3259 423 3580 493 προφητείαις.
3631 433 3716 486 Ag-

589 506 912 560 sententiam
937 503 1140 574 quaain
1189 511 1438 572 promptu
1468 505 1558 568 sit,
1593 504 1728 561 alias
1758 521 1887 560 vero
1929 506 2137 578 ﬁgurate

2249 521 2376 573 τίκα
2431 520 2557 593 ἑξῆς
2609 523 2731 584 ταῖς
2787 521 3202 593 προειρημέναις
3270 526 3453 591 φωναῖς
3510 527 3562 580 δι’
3604 517 3742 586 αίνι-’

587 604 838 667 oportere
867 594 921 648 in
950 594 1097 663 ipsas
1141 594 1455 664 pmphetias
1508 595 1849 665 incumbere;
1893 601 2137 654 continuc

2249 612 2471 683 γμάτων
2525 607 2679 676 αὖθις
2721 613 3026 681 ἐπιλέγεται
3053 630 3067 644 ο
3107 633 3123 664 ι
3150 614 3255 666 Καὶ
3285 617 3541 686 προσέθετο
3561 623 3716 696 Κύριος

586 701 822 756 namque
863 693 986 754 post
1027 700 1122 740 eas
1169 701 1288 755 quae
1317 693 1474 740 antea
1505 685 1665 741 dictae
1687 697 1815 744 sunt
1840 705 2019 756 voces,
2054 706 2137 760 pel

2248 705 2474 775 λαλῆσαί
2527 723 2615 776 μοι
2665 706 2744 759 ἐτι
2768 747 2783 771 ,
2844 705 2932 759 διὰ
2963 706 3022 759 τὸ
3084 707 3156 777 μὴ
3208 685 3467 776 βούλεσθαι
3506 712 3578 766 τὸν

587 775 930 831 obscuriores
973 779 1238 847 quasdam
1288 776 1488 848 ﬁguras
1519 778 1869 850 adjungitur:
1906 800 1924 832 ‹
1962 780 2026 833 Et
2054 783 2137 836 ad-

2244 795 2430 849 τοδτον
2471 775 2536 849 τδ
2565 796 2705 868 ὕδωρ
2738 794 2831 849 τοῦ
2863 775 3164 867 Σιλωὰμ-τὸ
3203 799 3528 870 πορευόμενον
3561 806 3716 877 ἡσυχῆ,

579 867 712 935 jccit
739 865 1001 922 Dominus
1058 868 1204 938 loqui
1244 868 1313 922 ad
1357 885 1442 923 Ille
1471 869 1647 926 adhuc
1678 914 1692 938 ,
1733 888 1797 927 eo
1837 874 1979 942 quod
2014 876 2137 929 nolit

2246 888 2380 942 ἀλλὰ
2438 865 2716 959 βούλεσθαι
2773 889 2915 960 ἔχειν
2965 865 3054 941 τὸν
3099 865 3322 961 Ῥαασίμ
3344 931 3358 956 ,
3395 865 3492 946 ’καὶ
3529 865 3601 948 τὸν

582 959 818 1028 populus
876 960 979 1015 iste
1035 976 1231 1031 aquam
1283 958 1508 1027 Siloam,
1555 979 1675 1034 quae
1712 965 1858 1020 vadit
1914 982 2037 1022 cum
2072 968 2137 1024 si-

2256 958 2551 1051 Ῥομελίου.
2603 982 2702 1035 Διὰ
2759 958 2911 1034 τοῦτο
2945 982 3051 1036 ἰδοὺ
3079 958 3474 1054 Κύρικίάνάγει
3499 985 3568 1054 ἐφ’
3613 988 3718 1058 ὑμᾶς

582 1050 768 1115 lentio,
799 1050 892 1106 sed
908 1052 1036 1106 velit
1068 1052 1269 1107 habere
1297 1051 1575 1122 Bhaasim,
1616 1066 1670 1110 et
1706 1057 1873 1110 ﬁlium
1943 1058 2137 1115 Rome-

2242 1072 2304 1126 τὸ
2334 1050 2476 1145 ῦδωρ
2505 1071 2600 1126 τοῦ
2634 1074 2876 1145 ποταμοῦ
2906 1073 2965 1127 τὸ
2997 1050 3212 1146 ίσχυρδν
3237 1076 3324 1127 καὶ
3364 1050 3420 1128 τδ
3598 1116 3610 1140 ,

579 1141 684 1196 lia‘.
719 1141 926 1198 Idcirco
949 1158 1076 1200 ecce
1097 1142 1356 1200 Dominus
1387 1145 1617 1202 adducet
1643 1165 1912 1219 supervos
1949 1166 2137 1222 aquam

2243 1141 2467 1242 βασιλέα
2507 1171 2614 1224 τῶν
2663 1141 2956 1242 Ἀσσυρίων
2981 1211 2995 1235 ,
3030 1141 3136 1226 θέα).⁷
3159 1172 3253 1243 τὴν
3278 1172 3420 1238 δόξαν
3447 1177 3586 1229 αὑτοῦ
3605 1194 3618 1208 ο
3653 1179 3717 1232 καὶ

579 1234 821 1292 ﬂuminis
859 1237 1054 1292 fortem
1092 1247 1145 1295 et
1172 1241 1401 1296 multam
1427 1281 1441 1307 ,
1477 1257 1655 1313 regem
1688 1243 2060 1313 Assyriorum,
2090 1252 2137 1299 el

2239 1234 2572 1334 άναϐήσεται
2621 1264 2715 1316 ἐπὶ
2766 1234 2945 1318 πάσαν
2995 1234 3250 1335 φάραγγα
3281 1234 3454 1336 ὑμῶν,
3486 1270 3567 1322 καὶ
3603 1285 3714 1340 περι-

581 1328 808 1397 gloriam
865 1329 984 1400 ejus
1022 1349 1034 1384 :
1075 1339 1126 1385 et
1159 1333 1413 1388 ascendet
1469 1350 1632 1404 super
1672 1349 1886 1389 omnem
1919 1337 2137 1391 conval-

2241 1328 2474 1434 πατήσει
2533 1363 2626 1416 ἐπὶ
2679 1367 2786 1418 πᾶν
2840 1328 3018 1435 τεῖχος
3239 1405 3253 1429 ,
3316 1328 3618 1437 ⁷καίάφελεῖ
3641 1328 3715 1423 άπὸ

581 1419 685 1473 lem
708 1426 965 1486 vestram,
1022 1429 1077 1477 et
1113 1425 1411 1479 ambulabit
1463 1441 1628 1496 super
1655 1441 1868 1481 omnem
1924 1443 2141 1481 murum

581 1519 843 1576 vestrum,
865 1520 918 1568 et
946 1513 1152 1569 auferet
1184 1515 1252 1571 de
1280 1515 1462 1571 Judzea
1508 1518 1803 1581 hominem,
1853 1518 1946 1589 qui
1969 1519 2141 1588 possit

578 1611 742 1673 caput
773 1604 962 1659 tollere
1000 1621 1012 1656 :
1045 1615 1137 1660 aut
1165 1607 1256 1677 qui
1287 1607 1517 1663 idoneus
1543 1610 1612 1664 sit
1637 1624 2017 1664 consummare
2035 1611 2138 1663 ali-

577 1693 726 1764 quid,
771 1702 825 1750 et
876 1704 1037 1751 erunt
1070 1705 1252 1753 castra
1280 1699 1424 1771 ejus,
1459 1700 1535 1754 ita
1568 1708 1626 1755 ut
1658 1700 1917 1770 impleant
1957 1701 2140 1756 latitu-

574 1785 755 1840 dinem
799 1787 1037 1858 regionis
1087 1797 1210 1855 tuaz,
1259 1791 1542 1846 nobiscum
1602 1787 1764 1849 Deus.
1817 1791 2139 1866 Cognoscitc

563 1887 762 1947 gentes
795 1886 847 1932 et
876 1879 1182 1945 vincimini,
1239 1883 1492 1938 exaudite
1528 1899 1700 1954 usque
1741 1885 1805 1939 ad
1837 1893 2136 1940 extremum

573 1977 734 2024 terra:
763 1968 827 2022 ⁸⁸.
858 1987 877 2020 ι
913 1967 1236 2027 Planissime
1266 1974 1411 2027 enim
1440 1974 1554 2028 haec
1584 1975 1736 2029 nulla
1763 1977 1869 2031 alia
1899 1976 2133 2042 ratione,

572 2076 735 2130 quam
774 2075 839 2116 ex
875 2061 1066 2132 ﬁgura,
1120 2072 1174 2119 et
1210 2064 1607 2133 immutatione,
1671 2068 2136 2140 conversioneque

569 2153 859 2217 sermonis,
879 2155 1198 2210 sententiam
1215 2167 1432 2212 servant
1453 2159 1782 2231 :signiﬁcant
1801 2176 2029 2232 namque
2041 2176 2136 2230 per

571 2259 768 2315 aquam
796 2243 996 2301 Siloam
1019 2263 1140 2316 quae
1176 2250 1320 2304 vadit
1346 2264 1470 2304 cum
1499 2253 1735 2316 silentio,
1763 2253 2129 2323 evangelicam
2233 2243 2388 2289 Αωαμ
2427 2243 2533 2322 ,του
2574 2243 2755 2323 {mm
2801 2243 3160 2323 furvo???“
3191 2243 3290 2323 TT“:
3318 2243 3485 2322 ευαΠῘ

570 2335 829 2390 salutaris
858 2337 1006 2391 verbi
1054 2338 1356 2402 doctrinam
1387 2359 1400 2395 :
1430 2356 1553 2396 nam
1578 2357 1643 2398 ex
1664 2342 2128 2411 interpretatione,

2234 2309 2500 2382 σωτηρίου
2574 2307 2730 2377 λόγου
2805 2307 3186 2362 διδασκαλίανο
3273 2308 3584 2380 ἑρμηνεύεται
3631 2308 3711 2378 γὰρ

569 2424 773 2483 Siloam
801 2429 1001 2484 dicitur
1026 2432 1238 2486 missus.
1273 2431 1444 2488 Porro
1477 2433 1566 2488 hic
1595 2407 1844 2504 quisnam
1874 2435 2013 2492 alius
2036 2407 2129 2502 sit,

2231 2407 2449 2478 Σιλωὰμ
2479 2407 2948 2477 ἀπεσταλμένος.
3047 2407 3218 2472 Οὗτος
3249 2409 3292 2462 δ’
3319 2409 3383 2463 ἂν
3418 2409 3490 2479 εἴη
3515 2411 3536 2460 ὁ
3563 2411 3613 2460 ὲκ
3637 2407 3708 2459 τοῦ

571 2518 676 2574 nisi
722 2520 815 2590 qui
847 2535 877 2572 a
915 2517 1075 2575 Patre
1109 2521 1174 2574 ad
1209 2535 1308 2576 nos
1344 2522 1547 2578 missus
1587 2497 1731 2578 Deus
1758 2521 1996 2577 Verbum
2018 2525 2041 2577 ?
2063 2523 2130 2578 de

2229 2502 2439 2573 Πατρδς
2487 2505 2616 2573 ἡμῖν
2668 2503 3072 2574 ἀπεσταλμένος
3120 2504 3257 2568 Θεὸς
3299 2503 3486 2572 Λόγοςο
3526 2501 3624 2572 περὶ
3662 2497 3710 2553 οὗ

566 2624 677 2679 quo
717 2610 879 2666 etiam
929 2609 1108 2666 Moses
1135 2611 1209 2665 ait
1243 2631 1256 2665 :
1304 2631 1322 2663 ι
1352 2611 1470 2668 Non
1502 2613 1716 2669 deﬁciet
1762 2614 2015 2685 princeps
2061 2615 2129 2671 de

2228 2603 2320 2658 καὶ
2359 2604 2561 2675 Μωσῆς
2593 2622 2754 2676 φησιν
2777 2621 2790 2635 ’
2832 2625 2848 2656 ι
2878 2605 2990 2658 Οὐκ
3039 2604 3278 2674 ἐκλείψει
3305 2605 3471 2675 ἄρχων
3491 2601 3540 2666 ἐξ
3565 2601 3708 2662 Ἰούδα,

561 2699 724 2764 Juda,
754 2715 929 2770 neque
959 2700 1069 2755 dux
1119 2702 1188 2757 de
1237 2703 1536 2759 femoribus
1568 2705 1710 2774 ejus,
1743 2706 1916 2762 donec
1949 2707 2127 2763 veniat

2228 2695 2344 2750 οὐδὲ
2372 2695 2666 2768 ἡγούμενος
2696 2699 2760 2751 ἐκ
2790 2697 2897 2750 τῶν
2942 2697 3130 2782 μηρῶν
3179 2697 3338 2752 αὑτοῦ
3359 2739 3372 2762 ,
3417 2698 3507 2760 ἕως
3541 2696 3592 2749 ἂν
3615 2694 3709 2766 ἔλθῃ

565 2794 654 2846 cui
683 2793 977 2864 repositum
991 2801 1094 2863 est,
1107 2804 1160 2850 et
1180 2794 1295 2868 ipse
1309 2797 1411 2851 erit
1425 2797 1755 2868 exspectatio
1767 2799 2005 2870 gentium
2022 2800 2086 2856 ".
2100 2819 2119 2852 ι

2228 2783 2267 2856 ᾧ
2317 2789 2635 2853 ἀπόκειται,
2696 2791 2788 2844 καὶ
2835 2789 2994 2855 αὐτὸς
3042 2789 3194 2844 ἔσται
3243 2790 3510 2863 προσδοκία
3540 2785 3705 2840 ἐθνῶν.»

562 2885 723 2957 333
758 2885 863 2940 Pro
895 2887 988 2940 illo
1019 2887 1163 2943 enim
1185 2929 1198 2952 ,
1232 2907 1249 2939 ι
1279 2889 1366 2942 cui
1403 2890 1699 2959 repositum
1731 2900 1846 2955 est,
1885 2911 1904 2944 ι
1933 2892 1988 2946 in
2018 2891 2123 2947 He-

2237 2879 2378 2933 ’Λντὶ
2399 2879 2492 2933 τοῦ
2519 2881 2625 2952 γὰρ
2662 2876 2736 2951 ιῷ
2750 2883 3051 2948 ἀπόκειται,
3065 2902 3082 2934 ι
3104 2884 3167 2936 τὸ
3193 2883 3460 2952 Ἐὅραῖκὺν
3481 2900 3497 2932 ι
3515 2878 3703 2946 Σιλωᾶμο

564 2976 753 3035 braico
777 2977 1008 3032 habetur
1029 2998 1046 3029 ι
1071 2977 1275 3034 Siloam
1292 3020 1307 3044 ,
1326 2999 1343 3032 ι
1363 2996 1486 3034 eum
1518 2981 1769 3038 videlicet
1794 2983 1888 3054 qui
1910 2984 1998 3040 hic
2027 2985 2120 3040 ha-

2228 2972 2485 3044 περιέχει,
2516 2974 2606 3026 τὸν
2657 2974 2889 3028 ἐνταῦθα
2930 2975 3170 3046 Σιλωὰμ,
3203 2976 3343 3029 τοῦτ’
3387 2975 3508 3037 ἐστι,
3535 2971 3607 3024 τὸν
3634 2971 3708 3072 ἁτ-

561 3070 723 3125 betur
752 3068 953 3125 Siloam
973 3110 987 3135 ,
1022 3070 1126 3125 hoc
1158 3080 1272 3136 est,
1309 3074 1534 3128 missum
1560 3115 1575 3140 ,
1607 3075 1771 3131 etiam
1804 3077 1915 3132 illic
1953 3079 2123 3150 signi-

2228 3064 2545 3136 εσταλμένον
2569 3064 2727 3117 κάκεῖ
2757 3063 3038 3135 δηλοῦντος
3060 3065 3153 3118 τοῦ
3191 3064 3364 3133 λόγου.
3381 3064 3433 3116 Ὁ
3450 3062 3500 3115 δὲ
3531 3061 3706 3162 ’ξααοιμ

547 3164 760 3220 .ficanto
804 3165 1046 3218 oraculo.
1099 3161 1270 3218 Porro
1323 3164 1581 3221 Rhaasim
1635 3183 1731 3224 rex
1786 3169 1888 3224 fuit
1934 3148 2121 3225 earum

2228 3151 2472 3222 βασιλεὺς
2507 3148 2574 3223 ἦν
2604 3153 2768 3207 πάλιν
2825 3153 2932 3206 τῶν
2975 3155 3030 3206 ἐν
3076 3153 3354 3226 Δαμασκῷ
3390 3148 3706 3218 είδωλολατρῶν

563 3253 805 3323 gentium
849 3269 970 3324 qua:
1013 3254 1306 3310 simulacra
1349 3255 1600 3312 Damasci
1639 3258 1926 3324 colebant,
1979 3262 2124 3316 sicut

2228 3252 2407 3317 ἐθνῶν,
2455 3254 2530 3318 ὡς
2577 3255 2670 3307 καὶ
2714 3255 2742 3306 ὁ
2789 3255 2900 3318 υίὸς
2936 3254 3219 3326 Ῥομελίου
3271 3255 3376 3307 τῶν
3403 3255 3455 3306 ἐν
3496 3251 3707 3320 Σαμαρείᾳ

566 3344 820 3400 llomelia:
853 3345 996 3401 ﬁlius
1027 3348 1145 3416 ejus
1171 3346 1410 3402 Judaicae
1437 3349 1642 3418 gentis,
1679 3365 1799 3419 qua:
1831 3351 1885 3404 in
1931 3351 2121 3406 Sama-

2228 3343 2312 3397 τοῦ
2351 3344 2615 3398 Ἰουδαίων
2656 3344 2839 3410 ἔθνους
2872 3347 3224 3400 ἀποστάντων
3245 3347 3340 3416 τῆς
3381 3342 3582 3413 πατρίου
3611 3339 3706 3407 θρῒ

563 3436 644 3490 ria
685 3437 914 3508 patriam
965 3438 1280 3508 religionem
1325 3439 1658 3496 deseruerat.
1706 3440 1942 3496 Minatur
1991 3458 2119 3514 ergo

2228 3434 2425 3498 σκείας.
2492 3435 2726 3488 Ἀπειλεῖ
2753 3437 3036 3509 τοιγαροῦν
3057 3439 3084 3491 ὁ
3125 3437 3260 3501 Θεὸς
3300 3438 3406 3499 τοῖς
3451 3433 3517 3504 μὴ
3544 3431 3616 3483 τὸν
3646 3427 3707 3479 Σι·

561 3527 704 3582 Deus
734 3528 802 3584 iis
831 3529 925 3599 qui
959 3527 1159 3584 Siloam
1182 3571 1197 3594 ,
1227 3532 1330 3584 hoc
1360 3539 1479 3600 est,
1515 3532 1743 3586 missum
1777 3533 2114 3600 Emmanuel,

2228 3526 2394 3595 λωὰμ,
2419 3525 2559 3578 τοῦτ’
2591 3525 2703 3578 ἐστι
2734 3527 2822 3578 τὸν
2847 3527 3252 3598 ἀπεσταλμένον
3297 3519 3622 3596 Ἐμμανουὴλο
3643 3515 3707 3568 ni

561 3626 616 3672 ct
639 3633 764 3672 eum
792 3619 885 3689 qui
908 3635 974 3674 ex
1001 3621 1225 3676 muliere
1250 3622 1567 3692 prophetica
1593 3630 1758 3678 natus
1787 3625 1889 3689 sit,
1923 3625 2112 3691 ﬁlium,

2228 3623 2303 3674 τὸν
2337 3623 2400 3674 ἐκ
2425 3622 2522 3691 τῆς
2554 3621 2878 3692 προφήτιδος
2911 3623 3275 3694 γεγενημένον
3309 3622 3436 3685 υίὸν,
3464 3617 3542 3670 τόν
3563 3631 3610 3667 τε
3637 3609 3705 3663 πό-

545 3711 901 3783 ,ιιοιοιιὶιθιιιιε
933 3728 998 3766 ac
1028 3714 1318 3768 fecundum
1351 3715 1470 3784 ejus
1505 3714 1741 3771 Verbum
1778 3733 1886 3772 non
1928 3734 2116 3775 susce-

2228 3729 2368 3783 ξιμον
2397 3715 2488 3767 καὶ
2509 3715 2727 3785 γόνιμον
2753 3713 2915 3768 αὑτοῦ
2945 3716 3115 3784 Λόγον
3132 3713 3590 3786 παραδεξαμένοις,
3609 3703 3703 3759 ἀ)λά

561 3804 774 3873 perint,
809 3806 902 3860 sed
939 3806 1070 3860 illud
1103 3807 1354 3876 quamvis
1388 3816 1670 3863 mansuete
1702 3816 1756 3863 et
1788 3824 1910 3864 cum
1945 3812 2113 3866 silen-

2228 3805 2397 3857 τοῦτον
2454 3807 2568 3875 μὲν,
2627 3806 2802 3859 καίτοι
2858 3807 3046 3877 πράως
3102 3807 3198 3859 καὶ
3249 3806 3420 3877 ἡσυχῆ
3447 3801 3700 3875 φερόμενον’

556 3896 632 3950 tio
684 3895 915 3965 feratur,
970 3900 1374 3963 recusaverint,
1429 3907 1482 3954 et
1529 3909 1719 3954 contra
1766 3902 1974 3973 seipsos
2021 3914 2114 3957 aut

2228 3896 2724 3967 παραιτησαμένοις,
2766 3897 2884 3950 καθ’
2910 3898 3112 3952 ἑαυτῶν
3157 3898 3214 3951 δὲ
3239 3900 3354 3968 ἦτοι
3379 3897 3464 3949 τὸν
3484 3893 3574 3947 τῶν
3594 3893 3704 3942 είδω·

557 3988 799 4056 gentium
831 3989 1123 4045 simulacra
1153 3991 1483 4054 colentium,
1525 3999 1618 4045 aut
1663 3993 1845 4062 populi
1885 3993 1976 4048 Dei
2021 3995 2114 4049 de-

2228 3985 2484 4056 ι.ολατρῶν
2512 3985 2681 4041 ἐθνῶν
2725 3989 2978 4058 ἄρχοντα,
3013 3989 3044 4059 ἢ
3077 3988 3169 4042 τὸν
3201 3990 3300 4060 τῆς
3321 3984 3617 4045 ἀποστασίας
3636 3984 3703 4031 τω

547 4079 808 4138 lectionis
867 4081 1166 4152 principem
1232 4082 1584 4152 Optaverim,
1647 4098 1706 4138 se
1759 4083 2110 4138 inducturum

2228 4075 2338 4128 ιαοῦ
2361 4076 2453 4129 τοῦ
2483 4077 2616 4130 Θεοῦ
2665 4078 2939 4148 ἑλομένοις
2974 4079 3196 4144 ἐπάξειν
3229 4080 3290 4132 τὸ
3312 4079 3449 4150 ὕδωρ
3475 4074 3554 4128 τοῦ
3580 4087 3705 4125 ποκ’

551 4187 747 4241 aquam
804 4176 1045 4234 numinis
1117 4174 1312 4229 fortem
1387 4183 1439 4229 et
1480 4175 1737 4236 multam,
1769 4191 1930 4244 quam
1979 4191 2110 4230 sane

2228 4168 2317 4234 m3
2339 4169 2398 4222 τὸ
2427 4169 2641 4241 ἰσχυρὸν
2685 4171 2777 4222 καί¹
2813 4171 2873 4223 τὸ
2909 4171 3064 4233 πολὺ,
3097 4172 3238 4244 ὅπερ
3271 4171 3412 4243 ὓδωρ
3434 4168 3574 4230 αὐτὸς
3598 4167 3704 4229 ὁτῆς

540 4278 748 4332 .aquam
776 4302 794 4329 ,
848 4264 1025 4334 ipsum
1066 4267 1358 4336 prophetia:
1395 4266 1676 4320 oraculum
1725 4266 2112 4335 interpretatur

2228 4262 2544 4332 προφητείας
2568 4261 2722 4329 λόγος
2772 4263 3079 4334 ἑρμηνεύει,
3108 4263 3283 4331 λέγων
3329 4262 3481 4316 αὐτὸν
3509 4255 3620 4311 εἶναι
3642 4253 3705 4354 τον

551 4355 776 4416 dicens.
814 4355 993 4425 ipsum
1030 4371 1153 4411 esse
1196 4371 1374 4425 regem
1411 4357 1781 4427 Assyriorum.
1833 4355 1921 4412 Sic
1964 4360 2108 4412 enim

2228 4353 2436 4407 Βασιλέα
2471 4353 2578 4405 τῶν
2625 4355 2921 4425 ’Λσσυρίων
2944 4373 2955 4383 ’
2991 4355 3131 4408 οὕτω
3156 4355 3319 4409 πάλιν
3352 4356 3462 4426 ἢτοι
3486 4349 3603 4405 κατὰ
3624 4346 3706 4397 διά-

551 4459 744 4500 rursus
778 4445 1077 4500 secundum
1112 4448 1471 4512 sententiam,
1508 4459 1600 4502 aut
1644 4449 1913 4518 significat
1954 4451 2107 4518 prin-

2228 4463 2355 4497 mtav
2408 4446 2684 4515 σημαίνων
2728 4445 2818 4497 τὸν
2867 4447 3098 4517 ἄρχοντα
3132 4446 3228 4498 τοῦ
3278 4446 3464 4507 αἰῶνος
3485 4441 3704 4501 τούτουνῆ

547 4536 722 4606 eipem
751 4539 937 4593 saeculi
964 4539 1145 4606 hujus,
1176 4549 1267 4592 aut
1289 4579 1304 4604 ,
1328 4541 1472 4610 quod
1503 4559 1648 4596 nunc
1676 4559 1853 4597 rerum
1883 4545 2106 4611 potitur,

2228 4536 2303 4606 τὴν
2335 4536 2428 4589 νῦν
2447 4537 2843 4609 ἐπικρατοῦσαν
2871 4537 3153 4607 Ῥωμαίων
3184 4537 3358 4609 ἀρχὴν
3381 4578 3396 4602 ,
3493 4534 3574 4587 καὶ
3605 4541 3705 4596 παρ-

547 4629 917 4683 Bomanorum
948 4630 1269 4700 imperium,
1308 4619 1674 4702 cui'imperio
1718 4635 1902 4687 traditi
1949 4645 2104 4702 sunt,

2228 4629 2465 4700 ,δόθησαν
2521 4633 2569 4684 οί
2615 4631 2674 4684 τὸ
2737 4631 2834 4702 μὲν
2885 4631 3120 4703 δηλωθὲν
3154 4631 3250 4684 τοῦ
3286 4629 3494 4699 Σιλωὰμ
3527 4625 3645 4726 ὕδωρ
3662 4619 3704 4669 τὸ

547 4719 641 4790 qui
676 4735 792 4774 eam
818 4760 833 4785 ,
872 4721 939 4777 de
965 4737 1074 4789 qua
1103 4722 1307 4776 dictum
1338 4731 1456 4788 est,
1489 4739 1683 4794 aquam
1714 4723 1952 4792 Siloam,
1989 4743 2108 4796 qua:

2228 4723 2566 4794 πορευόμενον
2589 4724 2760 4795 ἡσυχῆ
2791 4724 3281 4794 παραιτησάμενοι,
3308 4722 3480 4786 τοίς-δὲ
3501 4719 3703 4772 ἐναντίοις

549 4826 677 4867 cum
713 4811 930 4867 silentio
971 4813 1152 4879 vadit,
1189 4826 1573 4870 recusaverunt
1596 4859 1609 4883 ,
1641 4816 1970 4874 adversariis
2009 4835 2106 4874 au-

2228 4819 2297 4869 ιαὶ
2331 4815 2605 4886 πολεμίοις
2622 4815 2713 4868 τοῦ
2735 4815 2894 4886 ὀρθοῦ
2918 4815 3073 4884 λόγου
3093 4815 3357 4886 δόγμασιν
3376 4813 3585 4870 ἑαυτοὺς
3605 4806 3702 4857 ὑπο·

541 4919 651 4967 tem
687 4919 850 4982 atque
885 4913 1129 4967 hostibus
1163 4921 1323 4967 rectae
1352 4913 1580 4969 rationis
1611 4913 1900 4969 sententiis
1941 4922 2104 4984 atque

2228 4908 2546 4978 ῑεϐληκότες.
2565 4905 2767 4960 Αὐτίκα
2778 4907 2905 4975 γοῦν
2930 4907 3023 4960 καὶ
3037 4907 3136 4960 οὐκ
3155 4908 3236 4970 εἰς
3267 4906 3476 4978 μακρὰν
3492 4902 3558 4975 μὴ
3571 4911 3704 5006 πςρα·

540 5003 920 5073 opinionibus.
948 4999 1156 5072 seipsos
1185 5004 1536 5073 subjecerunt
1563 5025 1574 5060 :
1610 5023 1640 5062 e
1666 5008 1895 5077 vestigio
1921 5007 2067 5061 enim
2085 5047 2099 5071 ,

2228 5007 2252 5052 is
2264 5000 2510 5070 ξαμένοις
2527 5000 2706 5060 αὐτοῖς
2736 4999 2794 5052 τὸ
2829 4999 2920 5052 τοῦ
2947 5000 3197 5072 Σωτῆρος
3227 5002 3260 5071 ἠ
3270 4999 3384 5071 μῶν
3413 4998 3700 5063 Εὖαγγέλιον,

540 5109 721 5164 neque
754 5094 830 5150 ita
862 5103 989 5166 post
1021 5097 1251 5151 multum
1291 5106 1504 5167 tempus
1525 5138 1539 5162 ,
1573 5099 1628 5152 in
1661 5115 1756 5154 eos
1787 5099 1882 5170 qui
1913 5099 2104 5154 Salva-

2228 5092 2697 5162 ταραιτησαμένοις
2726 5091 2782 5144 δὲ
2811 5090 2873 5159 τὸ
2897 5090 2989 5144 τοῦ
3015 5092 3236 5162 Σιλωάμ
3266 5090 3423 5145 ποτὸν
3449 5090 3701 5176 τὸὶπορευῢ·

539 5187 679 5241 toris
705 5188 880 5242 nostri
918 5187 1266 5259 Evangelium
1302 5205 1412 5244 non
1450 5198 1840 5260 susceperant,
1877 5191 1972 5246 sed
2005 5206 2102 5261 po-

2228 5194 2360 5230 ιενον
2385 5178 2583 5250 ἡσυχῆ,
2612 5177 2850 5231 ἐπελθὼν
2883 5179 2987 5231 ὑπὸ
3022 5179 3114 5232 τοῦ
3143 5177 3276 5232 Θεοῦ
3303 5174 3700 5242 κατευθυνόμενος

540 5285 656 5330 tum
689 5277 891 5332 Siloam
914 5319 929 5344 ,
964 5280 1057 5350 qui
1105 5281 1306 5335 labitur
1344 5296 1470 5335 cum
1506 5281 1752 5344 silentio,
1802 5297 2098 5350 recusave-

2228 5270 2492 5341 Ρωμαίων
2527 5271 2772 5342 στρατὸς,
2805 5271 3122 5343 ἀνελήλυθεν
3162 5274 3255 5326 ἐπὶ
3301 5274 3473 5326 πᾶσαν
3495 5270 3698 5338 φάραγγα

2246 5364 2258 5372 ,
2312 5363 2336 5372 ..
2495 5365 2505 5372 .
2758 5366 2766 5372 .
2972 5367 2983 5372 -
3037 5368 3046 5372 -
3140 5368 3162 5372 ..
3293 5368 3316 5372 _
3470 5365 3481 5372 .
3529 5360 3550 5372 ε,
3649 5351 3695 5372 αλ

537 5376 697 5430 rant,
734 5369 1101 5427 Romanorum
1133 5374 1201 5428 ab
1232 5373 1351 5444 ipso
1385 5372 1494 5430 Deo
1527 5373 1770 5431 directus
1801 5378 2096 5441 exercitus,

2228 5363 2397 5428 ιὺτῶν,
2424 5365 2518 5418 καὶ
2543 5366 2940 5436 περιεπάτησεν
2968 5367 3058 5419 ἐπὶ
3090 5368 3196 5419 πᾶν
3231 5368 3407 5435 τεῖχος
3429 5360 3602 5420 αὐτῶν,
3631 5351 3700 5408 καὶ

541 5455 687 5513 facto
723 5459 922 5529 impetu
944 5500 961 5525 ,
998 5465 1303 5532 penetravit
1337 5464 1392 5517 in
1428 5480 1646 5521 omnem
1681 5467 1983 5523 convallem
2017 5468 2100 5538 ip-

2228 5467 2412 5538 ιφεῖλεν
2455 5467 2560 5520 ἀπὺ
2608 5467 2706 5537 τῆς
2743 5467 3000 5532 Ἰουδαίας
3033 5468 3347 5539 ἄνθρωπον,
3381 5467 3438 5528 ὃς
3467 5460 3699 5558 δυνήσεταξ

539 5562 762 5617 eorum,
809 5559 862 5604 et
909 5554 1205 5610 ambulavit
1251 5572 1414 5627 super
1457 5573 1672 5612 omnem
1704 5575 1920 5615 murum
1951 5560 2098 5632 ipso:

2228 5559 2433 5631 μεφαλὴν
2474 5556 2625 5632 ἆραι,
2661 5561 2751 5615 καὶ
2804 5561 3023 5615 δυνατὸν
3074 5557 3482 5614 συντελέσασθαί
3517 5571 3584 5607 τι’
3628 5554 3699 5599 καὶ

501 5659 506 5668 “
603 5665 648 5699 ⁸³
682 5663 788 5726 isa.
819 5680 939 5736 vin,
978 5667 1098 5726 5.8.
1248 5671 1384 5732 Gen.
1417 5689 1562 5744 mx,
1596 5673 1682 5732 10.

2238 1469 2336 1539 τῆς
2400 1469 2656 1531 Ἰουδαίας
2718 1467 2998 1538 ἄνθρωπον
3023 1506 3038 1530 ,
3114 1468 3174 1532 ὃς
3231 1469 3493 1540 δυνήσεται
3536 1472 3714 1542 κεφαλὴν

2239 1559 2408 1634 ἆραι,
2459 1563 2492 1634 ἢ
2545 1563 2764 1616 δυνατὸν
2817 1562 3230 1616 συντελέσασθαι
3281 1576 3359 1616 τι·
3406 1567 3493 1619 καί
3533 1567 3712 1638 ἔσταιὴ

2168 1673 2210 1728 Β
2241 1657 2556 1730 παρεμϐολὴ
2621 1656 2782 1710 αὑτοῦ
2812 1697 2826 1721 ,
2910 1657 3050 1710 ὥστε
3127 1657 3394 1729 πληρῶσαι
3450 1659 3506 1712 τὸ
3567 1662 3713 1725 πλάτος

2239 1760 2339 1830 τῆς
2391 1757 2570 1828 χώρας
2630 1773 2724 1810 σου
2753 1774 2765 1786 ·
2811 1756 2930 1827 μεθ’
2965 1756 3120 1828 ἡμῶν
3156 1757 3188 1808 ὁ
3221 1758 3360 1822 Θεός.
3405 1760 3594 1825 Γνῶτε,
3624 1762 3711 1834 ἔθνη

2235 1849 2331 1901 καὶ
2383 1846 2614 1917 ἡττᾶσθε
2642 1885 2656 1910 ,
2712 1846 3047 1899 ἐπακούσατε
3094 1846 3203 1910 ἓως
3246 1847 3459 1918 ἐσχάτου
3484 1849 3568 1919 τῆς
3595 1852 3706 1922 γῆς.»

2235 1937 2428 2008 Σαφῶς
2474 1938 2582 2009 γὰρ
2633 1937 2803 1991 ταῦτα
2834 1937 2954 1990 οὐδὲ
3004 1937 3179 2001 ἄλλως
3210 1938 3242 2008 ἦ
3278 1939 3406 2010 μετὰ
3430 1939 3623 2012 θεωρίας
3643 1943 3713 2010 τῆς

2234 2030 2374 2084 κατὰ
2427 2030 2598 2101 μόνην
2632 2029 2983 2101 τροπολογίαν
3016 2029 3111 2100 τὴν
3162 2030 3394 2084 διάνοιαν
3437 2032 3603 2096 σώζει”
3646 2035 3704 2103 ὁη-

2233 2119 2315 2172 λοί
2365 2118 2494 2187 γοῦν
2551 2119 2644 2172 καὶ
2689 2119 2828 2172 αὐτὰ
2867 2119 2954 2172 διὰ
2995 2119 3092 2190 μὲν
3146 2119 3242 2173 τοῦ
3290 2120 3465 2184 ὓδατος
3522 2121 3598 2174 τοῦ
3650 2123 3710 2174 2:-

2233 2217 2388 2289 λωὰμ
2439 2217 2533 2270 τοῦ
2582 2218 2755 2287 ἡσυχῆ
2801 2217 3160 2288 πορευομένου
3191 2216 3288 2288 τὴν
3318 2218 3625 2288 εὐαγγελικὴν
3643 2217 3709 2270 τοῦ
