3916 6200
219 187 310 248 59.5

1117 183 1771 241 DEMONSTRATZONIS
1801 178 2258 238 EVANGELICE
2283 179 2411 235 LIB.
2446 178 2558 234 ΥΠ.

3350 183 3457 240 528

210 305 417 376 γέγονεν
447 304 480 376 ἠ
507 302 826 374 παρεμϐολὴ
861 302 953 356 τοῦ
979 303 1306 375 δηλωθέντος
1330 303 1590 374 τοσαύτη,
1634 301 1768 376 ὥστε

1881 316 2032 363 rum,
2063 308 2115 354 et
2147 297 2373 352 abstulit
2413 298 2481 353 de
2527 297 2714 353 Judaia
2762 297 3081 362 hominem,
3130 298 3225 369 qui
3273 310 3460 370 posset

209 397 484 470 πληρῶσαι
539 396 599 449 τὸ
643 396 844 459 πλάτος
897 395 998 465 τῆς
1062 395 1319 458 Ἰουδαίας
1371 397 1608 467 ἁπάσης.
1663 397 1773 449 Καὶ

206 491 351 544 τοῦτό
377 507 440 558 γε
474 489 610 560 πρὸς
639 486 782 552 λέξιν
809 487 981 551 οὕτως
1019 489 1098 551 εἰς
1139 487 1379 551 ἐκείνους
1413 488 1774 558 ἐκπεπλήρω-

204 601 304 636 ται.
358 579 456 634 Διὰ
509 582 667 634 ποίαν
716 579 914 642 αἰτίαν,
943 580 988 632 εί
1013 579 1075 633 δὴ
1105 579 1294 650 μαθεῖν
1330 579 1553 642 ἐθέλεις,
1582 580 1768 634 ἄκουε.

207 676 316 728 Ὅτι
350 673 469 744 μεθ’
497 672 694 743 ήμῶνό
714 672 847 735 Θεὸς
884 672 1251 742 Ἑμμανουὴλ,
1285 674 1313 724 ὁ
1338 674 1401 724 ἐκ
1430 671 1530 740 τῆς
1563 672 1772 742 Παρθέ-

205 782 287 819 νου
312 763 724 834 γεγεννημένος,
745 763 860 816 ἀλλ’
903 763 961 816 οὐ
1013 763 1102 816 καὶ
1139 765 1253 833 μετ’
1282 762 1459 816 αὐτῶν
1487 759 1553 833 ἦν
1573 780 1584 792 ο
1615 763 1690 824 ὡς
1725 763 1776 814 εἴ

204 872 264 924 γε
293 851 434 926 εἶχον
466 854 646 917 αὑτὸν,
685 855 782 906 οὐκ
833 853 897 908 ἂν
924 853 1094 907 ταῦτα
1149 853 1526 908 πεπόνθεισαν.
1572 855 1662 908 Διὸ
1706 854 1769 925 δὴ

204 948 325 1019 ἑξῆς
349 950 378 1000 ὁ
403 947 557 1016 λόγος
588 949 696 1010 τοῖς
722 946 930 999 ἔθνεσιν
959 946 1242 1000 ἐπιϐοᾶται
1276 949 1364 1000 τὸν
1402 946 1768 1018 Ἐμμανουὴλ,

202 1037 396 1106 λέγων·
436 1058 452 1088 ι
491 1036 626 1091 Μεθ’
665 1036 821 1107 ἡμῶν
863 1049 892 1088 ο
934 1035 1064 1099 Θεός
1090 1053 1104 1066 ·
1137 1035 1333 1104 γνῶτε,
1371 1035 1519 1106 ἔθνη,
1545 1037 1638 1089 καὶ
1675 1037 1768 1105 ἡτ-

201 1129 385 1182 τᾶσθε.
414 1153 430 1179 ι
459 1129 566 1181 Καὶ
590 1127 759 1180 ταῦτα
791 1128 836 1180 δ’
865 1129 995 1198 ἡμῖν
1021 1127 1417 1199 ἑρμηνεύεται,
1448 1130 1528 1189 είς
1569 1127 1630 1179 τὸ
1659 1145 1765 1180 πα-

205 1217 488 1286 ραστῆσαι,
523 1217 598 1278 ὡς
627 1215 755 1268 ποτέ
785 1216 883 1286 μὲν
915 1216 1056 1269 κατὰ
1085 1215 1247 1280 λέξιν,
1275 1217 1404 1270 ποτὲ
1450 1217 1506 1269 δὲ
1533 1217 1599 1269 δι’
1627 1219 1766 1270 αἰνι-

199 1307 354 1378 γμῶν
375 1309 443 1361 τὰ
478 1308 702 1361 πλεῖστα
738 1307 845 1360 τῶν
894 1307 1241 1379 προφητειῶν
1275 1307 1632 1378 ἐκλαμϐάνειν
1656 1309 1764 1361 δεῖ·

198 1399 349 1453 ἐνθεν
395 1400 450 1452 δὲ
497 1400 849 1470 ὁρμωμένους
878 1402 1144 1472 προσήκει
1179 1401 1271 1453 καὶ
1296 1400 1364 1452 τὰ
1385 1400 1545 1454 λοιπὰ
1579 1402 1673 1472 τῆς
1713 1403 1769 1453 ἐν

197 1495 357 1565 χερσὶ
389 1495 717 1565 προφητείας
742 1494 944 1564 ὁμοίως
978 1495 1318 1567 ἐπιθεωρεῖν.

1881 396 2046 460 caput
2096 389 2323 453 tollere,
2361 396 2455 444 aut
2485 388 2579 459 qui
2615 389 2844 444 idoneus
2876 397 3024 444 esset
3071 403 3458 445 consummare

1881 478 2091 552 aliquid
2119 497 2133 533 :
2169 487 2222 533 et
2257 478 2400 533 facta
2435 487 2564 535 sunt
2595 480 2715 548 ejus
2748 487 2930 534 castra
2965 479 3102 534 adeo
3136 495 3364 552 magna,
3397 491 3458 537 ut

1880 574 2152 628 universae
2200 570 2400 627 Judzeae
2447 571 2790 626 latitudinem
2840 572 3206 642 impleverint.
3253 573 3320 627 Et
3354 574 3458 629 hoc

1879 666 2097 738 quidem
2120 680 2217 718 cur
2235 665 2306 718 ita
2327 663 2394 718 ad
2415 664 2638 732 verbum
2671 671 2861 719 contra
2880 664 3004 719 illos
3017 665 3344 735 completum
3364 667 3458 732 sit,

1877 759 1925 814 si
1957 759 2038 813 vis
2070 757 2316 820 discere,
2349 757 2476 812 audi
2505 757 2640 826 jam.
2675 755 2879 827 Nempe
2904 757 3161 826 quoniam
3193 757 3284 812 ille
3318 759 3459 814 Deus

1881 847 2241 913 Emmanuel,
2290 849 2383 919 qui
2432 849 2499 904 de
2531 849 2757 919 Virgine
2797 857 2960 904 natus
3003 858 3120 913 est,
3168 851 3459 906 nobiseum

1880 939 2013 1007 fuit,
2043 957 2152 994 non
2179 955 2305 994 cum
2337 940 2446 994 illis
2473 958 2487 1006 ;
2514 956 2638 994 nam
2672 941 2717 994 si
2750 940 2899 994 illum
2927 940 3250 996 habuissent
3277 982 3292 1007 ,
3320 959 3459 996 nun-

1875 1050 2036 1105 quam
2073 1036 2202 1088 talia
2239 1037 2384 1104 passi
2422 1043 2625 1089 essent.
2663 1034 3011 1104 Quapropter
3037 1035 3152 1105 jam
3187 1036 3450 1107 deinceps

1874 1128 2157 1182 oraculum
2207 1127 2273 1181 ad
2320 1136 2511 1198 gentes
2564 1127 2823 1180 inclamat
2874 1128 3054 1198 ipsum
3099 1126 3454 1196 Emmanuel,

1878 1220 2067 1274 dicens
2104 1239 2116 1274 :
2151 1240 2167 1270 ι
2205 1218 2504 1274 Nobiscum
2558 1217 2737 1283 Deus,
2795 1219 3130 1288 cognoscite,
3156 1229 3365 1290 gentes,
3400 1229 3458 1276 et

1878 1313 2182 1368 vincimini.
2220 1334 2236 1362 ι
2271 1313 2334 1366 Ει
2382 1313 2497 1367 11ωο
2539 1313 2761 1382 quidem
2805 1327 2905 1366 nos
2941 1313 3044 1366 hoc
3088 1312 3251 1366 modo
3285 1312 3458 1368 inter-

1879 1409 2070 1475 pretati
2123 1421 2314 1460 sumus
2339 1449 2353 1471 ,
2387 1416 2445 1460 ut
2486 1407 2938 1468 ostenderemus,
2988 1406 3454 1476 quemadmodum
3527 1393 3532 1396 ’

1880 1514 2026 1553 nunc
2075 1498 2294 1569 quidem
2331 1499 2397 1552 ad
2431 1499 2656 1553 verbum
2678 1539 2692 1564 ,
2731 1513 2879 1552 nunc
2912 1509 3091 1552 autem
3126 1513 3222 1568 per
3255 1499 3457 1554 obscu-

199 1591 378 1644 riores
411 1588 609 1658 ﬁguras
641 1589 934 1644 maximam
983 1589 1392 1660 prophetiarum
1429 1598 1641 1659 partem
1689 1591 1992 1662 intelligere
2017 1600 2267 1662 oportet;
2315 1601 2570 1647 caeterum
2629 1593 2741 1661 jam
2800 1593 2927 1649 inde
2974 1594 3260 1658 abeuntes,
3326 1610 3458 1651 con-

197 1683 346 1737 venit
377 1683 538 1736 etiam
568 1683 622 1736 id
651 1683 794 1753 quod
830 1683 896 1738 de
929 1684 1118 1738 eadem
1155 1685 1442 1754 prophetia
1476 1695 1766 1756 superest,
1808 1689 1975 1742 simili
2030 1689 2244 1744 ratione
2299 1690 2675 1758 contemplari.

265 1778 328 1830 ΕΞ
345 1777 401 1830 δὲ
416 1777 493 1830 ἔτι
515 1779 608 1832 καὶ
626 1777 720 1831 νῦν
741 1781 818 1842 εἰς
837 1776 1095 1849 μέλλοντά
1107 1797 1232 1831 ποτε
1251 1780 1439 1850 χρόνον
1453 1781 1768 1852 γενήσεσθαι

1950 1783 2113 1855 334
2142 1783 2296 1850 Quod
2332 1785 2376 1839 si
2412 1785 2574 1838 etiam
2615 1800 2760 1838 nunc
2790 1784 2962 1840 Judaei
2983 1829 2996 1849 ,
3039 1787 3154 1842 haec
3185 1787 3292 1843 alio
3320 1804 3457 1860 quo-

196 1868 366 1924 ταῦτα
390 1872 437 1922 οί
473 1872 538 1923 ἐκ
560 1871 858 1942 περιτομῆς
885 1871 1067 1939 φασὶν,
1085 1871 1176 1922 ἐπὶ
1203 1871 1294 1924 τοῦ
1321 1871 1764 1944 προσδοκωμένου

195 1962 380 2026 αὐτοῖς
409 1963 664 2034 Χριστοῦ,
703 1963 883 2034 ῥητῶς
915 1965 1071 2035 μόνον
1099 1966 1192 2018 καὶ
1222 1966 1358 2036 πρὸς
1385 1965 1528 2032 λέξιν
1547 1967 1765 2022 ἔσεσθαι

195 2054 336 2108 αδτά
387 2055 824 2126 προσδεκόμενοιν
851 2056 1152 2127 ἐρωτητέον
1187 2058 1402 2120 αὐτοὺς,
1433 2058 1546 2121 πῶς
1585 2061 1612 2111 ὁ
1643 2061 1766 2128 μέλ-

194 2145 302 2200 λων
331 2145 481 2215 ἥξειν
516 2147 631 2201 κατ’
665 2148 858 2211 αὐτοὺς
892 2148 1118 2218 λήψεται
1165 2147 1393 2218 δύναμιν
1450 2151 1763 2219 Δαμασκοῦ,

197 2242 290 2294 καὶ
315 2241 383 2295 τὰ
416 2241 585 2294 σκῦλα
608 2241 920 2314 Σαμαρείας
938 2242 1114 2295 ἔναντι
1147 2242 1406 2312 βασιλέως
1447 2244 1763 2314 Ἀσσυρίων,

196 2333 586 2406 καθῃρημένης
621 2334 719 2405 μὲν
752 2334 852 2405 ἠδη
899 2337 997 2406 τῆς
1032 2335 1340 2406 Σαμαρείας
1367 2335 1509 2388 κατὰ
1541 2335 1633 2389 τὸν
1660 2353 1764 2388 πα-

199 2426 360 2498 ρόντα
405 2427 613 2497 καιρὸν,
667 2427 761 2480 καὶ
802 2426 996 2498 μηκέτι
1025 2427 1210 2498 οὔσης,
1248 2427 1383 2481 ἀλλὰ
1421 2429 1631 2498 καὶτῆς
1654 2430 1767 2481 ὀνο-

201 2521 512 2593 μαζομένης
559 2521 839 2592 δυνάμεως
883 2521 1174 2592 Δαμασκοῦ
1209 2523 1471 2593 μηδαμῶς
1493 2523 1768 2594 ὑπαρχού-

196 2632 320 2686 σης,
353 2613 486 2684 μηδέ
515 2613 612 2683 τῆς
644 2613 751 2666 τῶν
793 2615 1089 2686 Ἀσσυρίων
1111 2615 1448 2679 δυναστείας,
1489 2617 1554 2687 ἣν
1593 2617 1765 2686 Μῆδοι

199 2707 292 2760 καὶ
343 2705 549 2777 Πέρσαι
609 2707 925 2771 καθελόντες
962 2707 1128 2761 πάλαι
1162 2707 1290 2761 ποτέ
1323 2707 1622 2772 διεδέξαντο
1647 2725 1662 2773 ;
1691 2701 1766 2760 ὧν

198 2797 332 2869 ὁμοῦ
381 2799 597 2851 πάντων
649 2799 788 2852 κατὰ
820 2800 910 2852 τὸν
957 2789 1230 2854 ἐνεστῶτα
1280 2799 1466 2868 καιρὸν
1491 2798 1627 2869 μηδὲ
1669 2799 1765 2870 τὴν

198 2890 370 2961 ἀρχὴν
403 2889 744 2960 ὑφεστώτων,
773 2890 886 2954 πῶς
913 2891 1135 2943 δυνατὸν
1179 2892 1256 2954 είς
1289 2889 1548 2960 μέλλοντα
1579 2891 1766 2959 χρόνον

198 2983 298 3052 τὴν
331 2981 648 3052 καθαίρεσιν
671 2982 848 3036 αὐτῶν
885 2982 1220 3054 προσδοκᾷν;
1264 2981 1400 3034 Ἀλλ’
1429 2980 1549 3034 οὔτε
1579 2982 1765 3036 ἄλλοτε

201 3071 417 3127 πώποτε
457 3073 621 3126 πάλαι
677 3075 935 3145 πρότερον
982 3074 1300 3144 γεγενῆσθαι
1337 3075 1404 3127 τὰ
1433 3075 1767 3144 προφητευό-

1874 1877 1996 1929 dam
2045 1885 2287 1946 tempore
2330 1875 2510 1930 futura
2554 1893 2676 1933 esse
2716 1878 2930 1942 dicant,
2988 1885 3173 1948 utpote
3223 1895 3347 1934 cum
3391 1895 3455 1934 ea

1875 1986 1940 2024 ex
1987 1968 2193 2037 scripto
2237 1967 2535 2030 duntaxat,
2592 1978 2754 2039 atque
2803 1972 2868 2024 ad
2921 1971 3186 2035 verbum,
3234 1971 3301 2027 de
3351 1989 3450 2036 eo,

1874 2061 1965 2129 qui
2011 2059 2079 2114 ab
2125 2059 2259 2128 ipsis
2301 2058 2478 2113 adhuc
2523 2068 2890 2128 exspectatur,
2948 2062 3166 2118 Christo
3208 2064 3458 2132 accipere

1877 2153 2120 2215 soleant,
2167 2152 3002 2224 interrugandisuntprotinus,
3038 2155 3312 2224 quomodo
3359 2157 3453 2225 qui

1876 2254 2139 2301 venturus
2185 2256 2302 2308 est,
2336 2254 2393 2298 ut
2425 2245 2526 2314 ipsi
2562 2246 2744 2310 aiunt,
2793 2256 3113 2315 potestatem
3163 2247 3452 2314 Damasci,

1873 2343 1926 2390 et
1977 2336 2150 2406 spolia
2201 2335 2462 2389 Samaria:
2510 2337 2741 2406 accipiet
2785 2352 2972 2391 coram
3024 2353 3149 2408 rege
3202 2339 3456 2410 Assyrio-

1875 2445 2015 2494 rum,
2047 2444 2169 2484 cum
2211 2429 2265 2482 in
2292 2430 2540 2498 praesenti
2566 2437 2810 2498 tempore
2841 2427 3086 2484 Samaria
3111 2431 3322 2486 sublata
3349 2430 3450 2494 sit,

1875 2533 2049 2588 neque
2095 2519 2328 2588 amplius
2375 2517 2632 2580 exsistat,
2677 2527 2732 2572 et
2789 2534 2848 2573 ea
2903 2533 3024 2588 qua:
3080 2528 3320 2588 potestas
3347 2519 3454 2573 Da-

1875 2609 2044 2665 masci
2086 2610 2421 2674 nominatur,
2472 2626 2740 2680 nusquam
2781 2617 3071 2680 appareat,
3118 2627 3295 2682 neque
3324 2612 3452 2668 item

1874 2703 2112 2772 potentia
2162 2703 2539 2772 Assyriorum,
2575 2719 2736 2772 quam
2784 2703 3001 2772 quidem
3049 2719 3172 2757 eum
3211 2703 3349 2758 Medi
3390 2719 3454 2758 ac

1875 2794 2053 2850 Persae
2099 2793 2455 2856 evertissent,
2505 2795 2558 2847 in
2592 2795 2712 2860 ejus
2746 2795 2927 2849 locum
2958 2795 3286 2865 jampridem
3325 2811 3454 2850 sue-

1875 2888 2203 2943 cesserunt?
2237 2901 2358 2956 qua:
2410 2887 2572 2940 simul
2627 2887 2808 2940 omnia
2859 2902 2981 2940 cum
3037 2887 3120 2940 sui
3170 2887 3450 2955 ipsorum,

1875 2981 1977 3034 hoc
2026 2980 2144 3049 ipso
2202 2988 2444 3050 tempore
2499 2981 2586 3033 vix
2642 2981 2899 3048 exiguum
2959 2980 3228 3048 quoddam
3283 2981 3451 3035 vesti-

1875 3073 2022 3142 gium
2074 3071 2478 3134 demonstrent,
2530 3087 2638 3140 quo
2689 3072 2964 3140 possimus
3017 3089 3079 3126 ea
3130 3071 3300 3128 fuisse
3351 3075 3452 3128 ali-

201 3171 337 3240 μενά
375 3172 522 3222 ἐστιν
557 3169 750 3222 εἰπεῖν.
799 3167 984 3230 Οὐδεὶς
1030 3166 1156 3234 γοῦν
1180 3168 1307 3237 παρ’
1357 3166 1622 3236 Ἑϐραίοις
1659 3166 1768 3218 πώ-

1879 3163 2096 3234 quando
2140 3164 2450 3232 conjicere,
2499 3163 2591 3232 qui
2636 3167 2851 3218 tandem
2908 3165 3020 3218 ﬁeri
3077 3173 3253 3232 potest
3304 3167 3451 3220 utin

201 3279 332 3314 ποτε
377 3263 440 3313 ἐκ
472 3261 796 3332 προφήτιδος
845 3260 1067 3330 μητρὸς,
1097 3260 1189 3312 καὶ
1237 3259 1456 3311 Ἡσαΐου
1491 3257 1583 3310 τοῦ
1635 3276 1768 3328 προ-

199 3356 372 3425 φήτου
411 3352 709 3422 γεννηθεὶς,
757 3351 928 3404 σκῦλα
963 3352 1271 3423 Σαμαρείας
1301 3352 1391 3403 καὶ
1413 3351 1636 3421 δύναμιν
1666 3354 1768 3404 Δα-

199 3445 414 3516 μασκοῦ
436 3444 575 3497 κατὰ
624 3443 716 3497 τοῦ
753 3444 1013 3513 βασιλέως
1057 3442 1352 3514 Ἀσσυρίων
1404 3441 1766 3514 στρατεύσας,

193 3538 272 3599 ὡς
305 3536 442 3608 πρὸς
477 3535 643 3606 ῥητὴν
696 3534 932 3587 διάνοιαν
981 3532 1158 3585 λαϐὼν
1194 3533 1507 3604 ἱστόρηται·
1545 3532 1682 3585 ὥστε
1712 3531 1769 3598 ἐξ

196 3631 442 3689 ἅπαντος
491 3625 786 3697 ὁμολογεῖν,
823 3624 963 3678 αὐτὰ
987 3623 1126 3678 κατὰ
1152 3623 1247 3694 τὴν
1282 3624 1631 3678 ἀποδοθεῖσαν
1658 3625 1772 3677 διὰ-

195 3739 342 3775 νοιαν
377 3721 552 3791 μόνως
586 3717 994 3790 πεπληρῶσθαι,
1031 3717 1129 3770 οὐκ
1151 3716 1334 3770 ἄλλοτε
1363 3713 1608 3788 δηλαδὴῆ
1633 3715 1771 3768 κατὰ

192 3813 293 3884 τὴν
314 3811 616 3882 γενομένην
641 3808 937 3882 παρουσίαν
985 3807 1158 3880 Ἰησοῦ
1179 3808 1271 3861 τοῦ
1313 3807 1562 3880 Σωτῆρος
1592 3807 1766 3877 ἡμῶν,

194 3903 316 3958 καθ’
348 3904 410 3956 ὃν
445 3901 800 3973 ἀπεδείξαμεν
840 3901 993 3964 τέλος
1025 3900 1302 3970 εἰληφέναι
1335 3899 1401 3952 τὰ
1435 3917 1771 3970 προηγορευ-

194 3997 360 4067 μένα.
424 3996 665 4066 Ἐγράφη
692 3994 734 4046 δ’
766 3990 858 4047 οὖν
910 3992 1047 4046 κατὰ
1095 3993 1192 4060 τὴν
1245 3991 1577 4064 προφητείαν
1621 3993 1711 4043 καὶ
1743 3993 1770 4042 ὁ

193 4088 387 4148 καινὸς
421 4085 584 4155 τόμος
615 4084 706 4135 ἐπὶ
731 4084 830 4152 τῆς
865 4083 1025 4136 αὑτοῦ
1060 4081 1377 4153 παρουσίας,
1400 4083 1428 4133 ὁ
1453 4082 1549 4152 τῆς
1576 4081 1770 4150 καινῆς

189 4179 474 4248 Διαθήκης
513 4176 666 4244 λόγος
716 4176 812 4246 τὴν
842 4175 1050 4242 γένεσιν
1085 4173 1352 4244 περιέχων
1383 4171 1476 4224 τοῦ
1505 4171 1602 4241 τῆς
1640 4189 1772 4241 προ-

191 4265 422 4335 φήτιδος
463 4264 600 4325 υἱοῦ,
631 4264 689 4326 ὃς
743 4265 835 4317 καὶ
873 4263 1006 4334 πρὸς
1034 4262 1176 4329 λέξιν
1212 4264 1304 4316 καὶ
1332 4262 1644 4332 Δαμασκοῦ,
1677 4263 1772 4314 καὶ

189 4353 402 4424 Συρίας
434 4353 649 4424 ἁπάσης
683 4353 781 4422 τὴν
810 4352 1092 4423 βασιλικὴν
1137 4353 1387 4424 δύναμιν,
1421 4354 1490 4407 τά
1512 4372 1571 4406 τε
1601 4356 1772 4426 ἑρμη-

187 4441 454 4492 νευθέντα
507 4442 638 4510 ἡμῖν
669 4440 837 4494 σκῦλα
881 4442 1190 4512 Σαμαρείας
1221 4444 1440 4514 arum-n9
1470 4445 1562 4498 καὶ
1604 4444 1772 4514 ἐνθέῳ

1876 3257 2120 3309 futurum
2156 3267 2374 3325 tempus
2405 3271 2596 3309 eorum
2631 3263 2982 3326 exspectetur
3015 3257 3270 3311 eversio?
3298 3259 3447 3327 atqui

1873 3364 1941 3403 ne
1982 3357 2140 3402 antea
2187 3346 2408 3417 quidem
2455 3350 2566 3403 ullo
2604 3364 2841 3418 unquam
2876 3356 3119 3418 tempore
3150 3348 3294 3403 facta
3327 3365 3451 3406 esse

1874 3458 1936 3496 ea
1965 3457 2086 3511 qua:
2111 3441 2162 3494 in
2196 3441 2514 3510 bujusmodi
2545 3441 2828 3511 prophetia
2857 3441 3232 3506 continentur,
3262 3441 3446 3498 dicere

1875 3536 1986 3589 ullo
2012 3537 2176 3589 modo
2204 3542 2456 3603 possunt.
2485 3533 2678 3589 Nullus
2715 3541 2864 3590 certe
2898 3550 3136 3604 unquam
3170 3536 3314 3604 apud
3344 3533 3450 3589 He-

1875 3629 2049 3683 brzeos
2076 3645 2139 3682 ex
2173 3625 2489 3698 prophetica
2524 3633 2698 3681 matre
2725 3634 2777 3679 et
2805 3623 2940 3679 Isaia
2968 3626 3233 3695 propheta
3263 3635 3446 3688 natus,

1873 3719 2048 3788 spolia
2098 3718 2362 3772 Samaria:
2403 3724 2455 3770 et
2500 3725 2820 3785 potestatein
2869 3717 3154 3779 Damasci,
3198 3718 3444 3772 exercitu

1873 3820 2061 3865 contra
2100 3826 2280 3879 regem
2307 3809 2660 3879 Assyriorum
2692 3815 3010 3877 comparato
3037 3809 3134 3875 (ut
3163 3822 3282 3862 eam
3316 3823 3446 3863 sen-

1873 3906 2097 3958 tentiam
2135 3918 2430 3972 sequamur
2461 3917 2582 3971 qua:
2613 3917 2641 3954 a
2675 3901 2858 3955 verbis
2893 3915 3001 3954 non
3034 3899 3319 3968 recedit),
3354 3915 3449 3957 ac-

1872 3997 2082 4066 cepisse
2117 4004 2471 4048 memoratur.
2510 3993 2667 4048 Omni
2702 3993 2883 4062 itaque
2918 3993 3130 4048 ratione
3162 3992 3319 4048 fateri
3352 4009 3447 4048 co-

1871 4089 2050 4159 gimur
2069 4104 2131 4142 ea
2158 4087 2535 4142 tantummodo
2561 4087 2864 4140 secundum
2893 4085 3146 4156 superius
3175 4086 3446 4142 redditam

1874 4196 1903 4232 a
1936 4179 2093 4233 nobis
2128 4179 2458 4232 sententiam
2495 4178 2769 4246 completa
2803 4185 2926 4232 esse
2951 4218 2965 4242 ,
3013 4177 3117 4231 hoc
3147 4185 3233 4233 est
3254 4219 3270 4242 ,
3309 4194 3445 4234 nus-

1872 4288 2034 4342 quam
2078 4273 2212 4326 alias
2259 4287 2420 4341 quam
2468 4283 2589 4341 post
2633 4271 2922 4326 adventum
2967 4269 3096 4324 Jesu
3146 4270 3448 4326 Saivatoris

1872 4365 2084 4431 nostri,
2117 4379 2226 4434 quo
2260 4371 2504 4432 tempore
2531 4362 3061 4425 demonstravimus,
3093 4377 3158 4416 ea
3189 4378 3312 4432 quae
3344 4363 3450 4420 hoc

1874 4454 2037 4509 modo
2066 4453 2325 4524 praedicta
2359 4461 2522 4519 sunt,
2560 4453 2716 4508 ﬁnem
2751 4453 3052 4520 accepisse.
3083 4451 3227 4525 Ergo
3257 4455 3314 4508 in
3348 4455 3451 4509 bu-

187 4533 428 4602 δυνὰμει
450 4533 528 4594 είς
558 4536 739 4604 χεῖρας
772 4533 868 4602 τῆς
908 4533 1191 4603 Ῥωμαίων
1225 4533 1497 4604 βασιλείας
1522 4536 1766 4608 παρέδω-

1875 4546 1962 4615 jus
2009 4546 2282 4610 adventu,
2330 4547 2473 4601 sicut
2523 4546 2577 4600 in
2628 4546 2744 4616 ipsa
2787 4545 3069 4614 prophetia
3111 4546 3448 4612 continetur,

189 4643 291 4677 κεν
313 4643 326 4653 ·
385 4625 448 4677 οὗ
485 4627 588 4695 μὴν
639 4625 774 4678 ἀλλὰ
813 4626 908 4678 καὶ
939 4626 1076 4678 κατὰ
1113 4627 1348 4681 διάνοιαν
1379 4629 1504 4690 τοὺς
1544 4628 1600 4694 ἐξ
1639 4629 1770 4681 Ἰου-

184 4720 364 4770 δαίων
386 4718 545 4771 αὐτοῦ
578 4718 842 4790 μαθητὰς,
867 4719 1052 4793 ὥσπερ
1073 4722 1192 4775 τινὰ
1215 4720 1384 4774 σκῦλα
1415 4739 1772 4793 περιπεποιη-

191 4811 386 4880 μένος,
437 4814 642 4879 νοητοῖς
670 4813 761 4864 καὶ
800 4811 1032 4880 λογικοῖς
1076 4814 1259 4877 ὅπλοις
1307 4813 1668 4886 περιφράξας,
1691 4817 1771 4878 είς

191 4903 494 4972 πῴσωπον
523 4903 612 4956 τοῦ
653 4903 982 4975 δηλωθέντος
1015 4903 1272 4974 βασιλέως
1317 4905 1614 4976 Ἀσσυρίων
1641 4923 1772 4959 κατ-

189 4997 490 5066 εστήσατο,
537 4998 629 5049 καὶ
659 4996 879 5059 τούτους
915 4999 1010 5067 μὲ»
1049 4997 1124 5060 ὡς
1155 4998 1387 5060 οἰκείους
1437 4999 1771 5070 στρατιώτας

185 5089 426 5153 ὁπλίτας
455 5089 859 5159 παρεσκεύασεν
879 5107 890 5120 ·
917 5091 1039 5154 τοῦς
1051 5108 1114 5159 γε
1136 5091 1240 5163 μὴν
1265 5093 1772 5163 παραιτησαμένους

185 5181 256 5232 τὸ
291 5179 516 5249 γόνιμον
547 5183 639 5234 καὶ
669 5180 896 5246 ζωτικὸν
935 5183 1076 5255 ὓδωρ
1117 5184 1214 5255 τῆς
1237 5184 1399 5238 αὐτοῦ
1430 5185 1775 5248 διδασκαλίας

187 5271 254 5322 τὸ
279 5269 645 5341 σωρευόμενον
671 5275 867 5344 ἡσυχῆ,
904 5274 1185 5345 ἑλομένους
1212 5275 1266 5328 δέ
1283 5275 1352 5329 τὰ
1381 5275 1654 5346 πολεμικὰ
1685 5277 1776 5329 καὶ

183 5361 374 5433 ἐχθρὰ
399 5361 475 5430 τῷ
503 5361 640 5433 Θεῷ,
680 5363 756 5435 τῷ
786 5365 890 5418 τῶν
940 5366 1235 5438 Ἀσσυρίων
1266 5366 1496 5433 ἐξέδωκε
1545 5365 1769 5435 βασιλεῖ,

181 5449 231 5521 ᾧ
260 5455 367 5508 κσίι
401 5455 564 5508 εἰσέτι
618 5456 712 5509 νῦν
752 5459 1073 5528 τυγχάνουσι
1127 5459 1526 5530 δεδουλωμένοι.
1579 5459 1771 5530 Ἀνέϐη

180 5548 329 5616 γοῦν
363 5541 516 5612 οὗτος
551 5548 644 5602 ἐπὶ
677 5550 852 5603 πᾶσαν
909 5551 1168 5623 φάραγγα
1203 5551 1402 5614 αὐτῶν,
1435 5558 1524 5605 καὶ
1555 5551 1644 5604 ἐπὶ
1667 5553 1772 5604 πᾶν

181 5643 378 5714 τεῖχος
406 5641 604 5708 αὐτῶν,
629 5643 736 5716 ,καὶ
783 5643 999 5714 ἀφεῖλεν
1038 5644 1147 5699 ἀπὸ
1167 5645 1265 5716 τῆς
1304 5645 1560 5710 Ἰουδαίας
1593 5645 1768 5703 πάντα

1877 4636 2116 4706 scriptus
2159 4643 2241 4691 est
2293 4652 2466 4692 novus
2516 4637 2673 4696 liber,
2709 4635 2842 4690 Novi
2884 4636 3075 4706 utique
3105 4635 3446 4693 Testamenti

1874 4727 2042 4782 verba
2071 4728 2440 4798 complectens
2461 4768 2474 4792 ,
2507 4736 2560 4783 et
2589 4730 2642 4782 in
2677 4729 2761 4784 bis
2789 4737 2943 4784 ortus
2973 4730 3306 4799 prophetica:
3334 4744 3450 4783 mu-

1876 4819 2029 4875 lieris
2064 4819 2155 4873 ﬁlii
2179 4858 2194 4883 ,
2230 4820 2321 4889 qui
2358 4820 2660 4876 secundum
2697 4822 2860 4875 verba
2895 4820 3220 4890 prophetize,
3258 4830 3310 4875 et
3346 4821 3448 4874 Da-

1876 4911 2046 4966 masci
2093 4918 2146 4966 et
2199 4909 2371 4981 Syria:
2418 4912 2686 4965 universae
2733 4911 2967 4979 regalem
3019 4911 3354 4978 potentiam,
3393 4921 3448 4964 et

1874 5018 1994 5072 quae
2023 5017 2123 5058 nos
2149 5004 2492 5072 interpretati
2523 5019 2744 5065 sumus,
2778 5003 2952 5072 spolia
2985 4999 3246 5056 Samaria:
3270 5045 3284 5068 ,
3318 5003 3452 5056 inef-

1874 5096 2027 5151 fabili
2061 5096 2294 5166 quadam
2338 5095 2632 5163 divinaque
2678 5094 2878 5147 virtute
2922 5093 2976 5146 in
3021 5108 3216 5148 manus
3256 5109 3445 5162 regum

1872 5187 2244 5242 Romanorum
2276 5186 2532 5250 tradidit;
2564 5193 2939 5240 verumtamen
2967 5184 3291 5239 sententiam
3317 5201 3449 5256 quo-

1873 5295 1981 5349 que
2014 5279 2366 5350 sequentibus
2388 5317 2402 5341 ,
2439 5294 2568 5334 suos
2602 5278 2741 5330 idem
2776 5276 2844 5331 de
2869 5275 3073 5333 Judaais
3101 5277 3406 5346 discipulos
3431 5321 3458 5344 ,l

1876 5371 2035 5440 quasi
2087 5370 2259 5440 spolia
2298 5369 2544 5438 quredam
2583 5367 2843 5438 adeptus,
2875 5364 3321 5435 intelligibilibus
3351 5369 3458 5420 ιλιι-ἶ

1877 5461 2282 5530 tionalibusque
2329 5461 2499 5515 armis
2547 5461 2820 5522 munitos,
2865 5458 2920 5513 in
2966 5459 3158 5514 faeiem
3213 5458 3335 5529 ejus
3381 5461 3450 5515 de

1875 5569 1986 5622 quo
2030 5553 2234 5606 dictum
2279 5561 2364 5606 est
2408 5552 2550 5622 regis
2579 5551 2930 5622 Assyriorum
2958 5590 2972 5614 ,
3011 5549 3330 5617 constituit‘,
3364 5560 3451 5606 at-

1876 5657 1982 5712 que
2028 5642 2128 5700 hos
2173 5648 2456 5713 tanquam
2482 5654 2614 5699 suos
2650 5644 2911 5716 proprios
2954 5648 3202 5699 scutatos
3243 5643 3452 5701 milites
