3916 6200
232 274 336 330 εεο

1104 278 1759 337 DEMONSTBATIONIS
1796 276 2255 334 EVANGELIC£
2290 277 2423 332 LIB.
2467 278 2589 333 Vll-

3364 280 3465 335 530

232 395 410 445 πᾶσαν
447 392 636 464 στολήν
672 388 1108 469 ἑπισυνηγμένην
1134 398 1289 469 δόλῳ,
1310 400 1405 452 καὶ
1420 398 1637 469 ἱμάτιον
1661 395 1781 468 μετέ

1867 445 1871 455 .
1902 396 2051 450 niam
2084 412 2300 452 omnem
2338 405 2543 452 vestem
2575 403 2957 468 congregatam
3004 396 3161 461 dolo,
3209 405 3261 454 et
3308 400 3463 452 i-ndu-

228 483 573 555 καταλλαγῆς
594 485 962 549 ἀποτίσουσιν,
990 489 1085 541 καὶ
1114 489 1429 561 θελήσωσιν
1460 492 1513 544 εἰ
1542 489 1797 561 ἐγενήθη-

228 592 330 629 σαν
392 575 788 647 πυρίκαυστοι·
824 579 905 632 δτι
958 580 1169 633 παιδίον
1210 578 1468 654 ἐγεννήθη
1499 584 1651 653 ἡμῖν,
1705 581 1797 634 καὶ

1897 496 2137 542 mentum
2162 528 2174 549 .
2221 503 2345 541 cum
2390 486 2767 541 eonsiliatione
2813 489 3044 542 soluturi
3085 496 3246 553 sunt,
3278 499 3332 544 et
3367 508 3459 544 vo-

1892 579 2008 634 lent
2052 579 2098 634 si
2143 578 2343 633 fuerint
2384 578 2504 648 igne
2548 578 2858 633 combusti:
2904 580 3162 649 quoniam
3204 583 3461 649 puerulus

224 667 344 729 υἰος
364 665 520 737 ἐδόθη
550 668 701 738 ήμῖν,
725 662 788 721 οὗ
815 671 849 739 ἡ
886 670 1027 742 ἁρχὴ
1060 672 1152 724 ἐπὶ
1181 671 1273 724 τοῦ
1304 670 1454 742 ὤμου
1478 672 1641 726 αὑτοῦ
1665 690 1676 702 ·
1705 673 1781 725 κα¹

1896 678 2059 725 natus
2082 678 2164 724 est
2193 669 2379 733 nobis,
2409 678 2461 722 et
2490 668 2632 722 ﬁlius
2664 669 2823 724 datus
2851 678 2932 725 est
2962 669 3118 723 nobis
3138 712 3152 735 ,
3184 670 3341 738 cujus
3369 673 3461 724 im-

225 759 470 813 καλεῖται
520 761 581 814 τὸ
630 761 799 832 ὄνομα
846 763 1012 817 αὑτοῦ
1045 764 1285 835 μεγάλης
1324 764 1516 835 βουλῆς
1546 765 1792 834 ἄγγελος,

222 850 536 921 θαυμαστὸς
586 852 904 924 σύμϐουλος,
955 856 1085 919 Θεὸς
1133 856 1380 927 ἰσχυρὸς,
1425 856 1792 927 ὲξουσιαστὴς,

222 941 407 1011 ἄρχων
436 943 679 1013 εἰρήνης,
723 943 903 1014 πατὴρ
935 948 1027 996 τοῦ
1080 946 1362 1015 μέλλοντος
1392 946 1603 1010 αἰῶνος.
1650 947 1793 1011 Ἀξω

218 1032 331 1104 γὰρ
370 1035 590 1104 εἰρήνην
652 1035 742 1086 ἐπὶ
778 1036 903 1097 τοὺς
960 1035 1244 1105 ἄρχοντας,
1277 1038 1365 1089 καὶ
1404 1037 1587 1106 ὑγείαν
1621 1037 1788 1107 αὐτῷ.

220 1124 448 1193 Μεγάλη
493 1125 525 1194 ή
561 1123 702 1196 ἀρχὴ
727 1125 913 1189 αὑτοῦ,
951 1127 1045 1178 καὶ
1094 1127 1193 1197 τῆς
1238 1129 1455 1199 εἰρήνης
1485 1129 1650 1182 αὐτοῦ
1692 1131 1790 1182 οὐκ

216 1214 365 1267 ἔστιν
392 1216 558 1286 δριον,
594 1216 685 1268 ἐπὶ
718 1215 804 1268 τὸν
836 1215 1021 1288 θρόνον
1052 1218 1235 1281 Δαόιδ,
1267 1220 1360 1272 καὶ
1392 1221 1487 1291 τὴν
1517 1221 1787 1291 βασιλείαν

212 1307 402 1373 αὑτοῦ,
459 1307 802 1379 κατορθῶσαι
833 1309 1022 1379 αὐτὴν,
1054 1310 1146 1362 καὶ
1185 1311 1564 1366 ἀντιλαϐέσθαι
1594 1314 1651 1365 ὲν
1671 1314 1787 1385 κρί-

217 1417 350 1467 ματι
376 1402 467 1453 καὶ
514 1400 822 1473 δικαιοσύνη
854 1401 960 1455 ἀπὸ
985 1402 1075 1455 τοῦ
1100 1401 1194 1456 νῦν
1239 1404 1333 1456 καὶ
1359 1406 1437 1468 εἰς
1471 1406 1559 1458 τὸν
1592 1406 1780 1460 αἰῶνα.

225 1490 285 1543 Ὀ
321 1491 477 1560 ζῆλος
536 1493 738 1562 Κυρίου
784 1492 1009 1546 Σαϐαὼθ
1055 1495 1266 1565 ποιήσει
1325 1495 1515 1549 ταῦτα.
1556 1517 1572 1547 ι
1618 1497 1785 1551 Τοῦτο

210 1582 398 1651 τρίτον
426 1582 522 1653 ήδη
555 1582 614 1636 τὸ
641 1582 851 1635 παιδίον
878 1584 1296 1653 προφητεύεται,
1335 1585 1427 1640 τοῦ
1475 1587 1637 1640 αὑτοῦ
1668 1605 1784 1639 ποια

1896 762 2105 831 perium
2144 776 2307 829 super
2347 759 2632 812 humerum
2676 761 2849 828 ipsius
2871 802 2884 823 ,
2920 768 2974 813 et
3006 768 3232 813 vocatur
3260 774 3457 813 nomen

1894 852 2012 921 ejus
2045 853 2226 921 magni
2263 853 2475 906 consilii
2522 854 2783 921 angelus,
2820 852 3157 907 admirabilis
3202 852 3459 906 consilia-

1892 944 2008 999 rius
2029 984 2043 1007 ,
2078 943 2219 999 Deus
2251 943 2437 1010 fortis,
2472 944 2771 1015 potentiam
2806 941 3015 997 habens
3036 983 3049 1005 ,
3081 944 3335 1013 princeps
3364 957 3459 1012 pa-

1891 1036 2000 1100 cis,
2035 1044 2187 1106 pater
2218 1035 2385 1090 futuri
2418 1037 2620 1091 smeuli.
2659 1036 2939 1090 Adducam
2970 1036 3112 1090 enim
3146 1050 3329 1105 pacem
3362 1050 3457 1088 su-

1891 1142 1986 1196 per
2018 1127 2294 1197 principes
2317 1168 2330 1191 ,
2364 1139 2415 1181 et
2450 1128 2737 1182 sanitatem
2768 1128 2848 1192 ei,
2880 1140 3132 1196 magnum
3171 1128 3453 1197 imperium

1884 1218 2010 1286 ejus
2031 1261 2045 1282 ,
2074 1227 2125 1273 et
2161 1220 2310 1288 pacis
2338 1218 2457 1286 ejus
2489 1233 2597 1271 non
2631 1226 2714 1271 est
2745 1218 2900 1281 ﬁnis,
2934 1232 3097 1288 super
3126 1218 3318 1272 solium
3348 1218 3455 1271 Da-

1886 1309 1973 1362 vid
2006 1318 2059 1362 et
2092 1324 2317 1377 regnum
2350 1309 2469 1377 ejus
2500 1316 2558 1364 ιιι
2589 1309 2786 1379 dirigat
2818 1309 2949 1361 illud
2972 1350 2984 1372 ,
3018 1318 3072 1364 et
3103 1310 3365 1379 suscipiat
3397 1314 3450 1366 in

1878 1398 2084 1468 judicio
2117 1408 2170 1453 et
2207 1400 2419 1469 justitia
2460 1417 2527 1455 ex
2574 1401 2675 1455 hoc
2705 1410 2949 1470 tempore
2976 1411 3029 1456 et
3057 1418 3231 1470 usque
3263 1404 3315 1455 in
3348 1419 3450 1457 sa:-

1885 1492 2107 1546 culum:
2145 1492 2295 1546 zelus
2330 1491 2543 1546 Domini
2580 1490 2817 1546 Sabaoth
2852 1492 3012 1548 faciet
3042 1493 3155 1547 han:
3187 1494 3251 1548 “.
3288 1492 3449 1548 11am

1882 1598 2028 1637 nunc
2061 1584 2222 1638 tertio
2254 1599 2478 1653 puerum
2523 1584 2671 1638 hunc
2714 1583 2996 1653 prophetia
3028 1594 3445 1648 commemorat,

210 1676 382 1739 κίλως
422 1677 834 1746 σημαινομένου.
885 1678 1102 1747 Ἐπειδὴ
1129 1679 1307 1731 τοίνυν
1348 1681 1629 1752 πρόκειται
1685 1682 1779 1735 νῦν

1882 1690 2002 1743 φιτ
2032 1676 2273 1729 eamdem
2307 1691 2417 1729 rem
2450 1676 2620 1731 variis
2646 1676 2821 1731 modis
2856 1678 3147 1747 signiﬁcat.
3181 1676 3447 1742 Quoniam

211 1769 344 1836 ἡμῖν
373 1767 461 1820 τὸν
493 1768 691 1838 τρόπον
722 1769 822 1838 τῆς
841 1771 920 1832 εἰς
944 1769 1262 1841 ἀνθρώπους
1285 1772 1376 1824 τοῦ
1406 1772 1536 1825 Θεοῦ
1574 1792 1776 1844 παρου-

1885 1766 2048 1836 igitur
2098 1782 2244 1821 nunc
2298 1769 2635 1837 propositum
2689 1769 2847 1823 nobis
2895 1779 3007 1833 est,
3047 1769 3312 1825 adventus
3354 1768 3447 1827 Dei

212 1858 332 1921 σίας
356 1858 635 1923 ἐπιδεῖξαι,
672 1859 768 1912 θέα
788 1860 853 1912 δι’
888 1860 1027 1913 ὅσων
1059 1856 1210 1925 οὗτος
1231 1863 1323 1914 καὶ
1344 1864 1489 1926 ὅπως
1518 1864 1783 1934 παρίστα-

206 1966 317 2002 ται.
373 1951 699 2004 Ἐδεικνύετο
732 1952 946 2023 πρῶτον
985 1955 1012 2005 ό
1049 1954 1359 2026 ἐπικληθεὶς
1415 1956 1775 2028 Ἐμμανουήλ,

204 2040 340 2103 Θεὸς
387 2044 450 2095 ὲκ
503 2043 773 2114 παρθένου
796 2043 1160 2114 γεννώμενος·
1212 2045 1461 2117 δεύτερον
1497 2048 1555 2099 τὸ
1591 2048 1654 2101 ἐκ
1679 2048 1778 2117 τῆς

204 2132 532 2202 προφήτιδος
581 2134 673 2186 καὶ
712 2133 806 2186 τοῦ
861 2135 1015 2202 ἁγίου
1066 2133 1378 2203 Πνευματος
1410 2135 1637 2199 παιδίον,
1679 2138 1777 2190 οὐκ

203 2220 333 2275 ἄλλο
387 2224 651 2292 τυγχάνον
682 2223 774 2276 τοῦ
807 2226 1283 2296 προηγορευμένω
1303 2242 1316 2254 ·
1363 2226 1541 2296 τρίτον
1584 2229 1612 2279 ό
1639 2226 1776 2297 μετὰ

202 2318 412 2385 χεῖρας,
470 2311 549 2379 εἰς
590 2316 665 2370 ὣν
710 2320 803 2371 καὶ
834 2321 862 2372 ὁ
895 2319 1058 2379 αὐτὸς
1111 2322 1222 2382 τοῖς
1268 2320 1568 2391 προτέροις.
1610 2340 1626 2372 ι
1668 2322 1774 2373 Καὶ

202 2407 374 2477 τούτῳ
435 2408 562 2475 γοῦν
617 2407 786 2478 ὄνομα
832 2406 970 2463 εἶναι
1014 2410 1251 2479 λέγεται,
1309 2411 1447 2464 κατὰ
1496 2411 1595 2479 μὲν
1646 2412 1773 2475 τοὺς

211 2500 609 2570 Ἐὗδομήκοντα
629 2519 648 2551 ί
682 2502 923 2572 μεγάλης
947 2502 1139 2573 βουλῆς
1155 2503 1403 2571 ἅγγελος,
1429 2524 1443 2552 ι
1464 2505 1554 2557 καὶ
1566 2504 1639 2567 ὦς
1651 2522 1769 2559 τινα

198 2590 306 2643 τῶν
362 2592 708 2664 ἀντιγράφων
758 2595 902 2664 ἔχει,
989 2614 1009 2646 ι
1074 2594 1384 2666 θαυμαστὸς
1436 2596 1765 2665 σύμὸουλος,

197 2681 328 2746 θεὸς
377 2685 613 2754 ἰσχυρὸς,
650 2685 1018 2757 ὲξουσιαστὴς,
1065 2686 1247 2758 ἄρχων
1292 2689 1534 2759 εἰρήνης,
1589 2688 1768 2760 πατὴρ

196 2774 289 2827 τοῦ
320 2776 603 2844 μέλλοντος
634 2777 826 2841 αἰῶνος
846 2796 858 2807 ·
894 2797 912 2829 ι
946 2778 1086 2832 κατὰ
1119 2779 1176 2832 δὲ
1204 2779 1264 2832 τὸ
1297 2780 1603 2852 Ἐϐραῖκδν,
1636 2781 1711 2844 ὡς
1738 2783 1767 2834 ό

199 2867 296 2934 μὲν
342 2867 571 2933 Ἀκύλας
616 2871 811 2940 φησίν·
852 2872 1005 2925 (Ὅτι
1052 2872 1260 2927 παιδίον
1309 2873 1565 2945 ἐγεννήθη
1608 2877 1761 2945 ἡμῖν,

194 2959 309 3021 υίὸς
343 2960 497 3033 ἐδόθη
524 2964 672 3033 ἡμῖν,
702 2963 792 3016 καὶ
816 2964 1028 3031 ἐγένετο
1064 2965 1260 3036 μέτρον
1289 2967 1373 3018 ἐπ’
1396 2965 1545 3037 ὤμου
1577 2968 1760 3021 αὐτοῦ.

1881 1856 1945 1911 ad
1989 1857 2237 1912 homines
2282 1860 2500 1912 modum
2548 1861 2867 1923 ostendere,
2914 1863 3069 1924 vide,
3111 1863 3445 1930 qumso,'hic

1878 1962 2037 2017 quan“.
2058 1948 2243 2003 multis
2271 1949 2447 2002 modis
2474 1950 2894 2005 demonstretur.
2927 1949 3107 2007 Primo
3125 1953 3340 2022 quidem
3370 1954 3447 2008 di-

1877 2047 1997 2092 ctus
2026 2046 2111 2093 est
2156 2037 2515 2102 Emmanuel,
2551 2039 2693 2094 Deus
2740 2042 2829 2110 qui
2884 2041 2950 2096 de
2990 2042 3211 2113 Virgine
3254 2060 3444 2098 nasce-

1878 2136 2044 2183 retur.
2105 2129 2393 2194 Secundo,
2457 2146 2519 2183 ex
2577 2132 2892 2201 prephetica
2941 2134 3168 2189 muliere
3218 2147 3273 2190 ct
3318 2133 3443 2206 Spi-

1874 2217 1979 2271 ritu
2017 2229 2210 2274 sancto
2251 2221 2541 2289 puerulus,
2589 2224 2680 2290 qui
2726 2238 2832 2277 non
2878 2224 3018 2280 alius
3064 2233 3145 2279 est
3190 2242 3350 2297 quam
3390 2228 3441 2284 is

1873 2309 1940 2363 de
1979 2326 2089 2379 quo
2130 2313 2241 2380 jam
2278 2311 2537 2367 diximus.
2575 2312 2760 2368 Tertio
2792 2315 2839 2370 is
2864 2357 2878 2379 ,
2912 2316 2979 2372 de
3009 2334 3117 2388 quo
3149 2336 3293 2375 nunc
3327 2321 3443 2393 agi-

1873 2415 2025 2463 mus,
2084 2400 2175 2469 qui
2229 2415 2350 2454 cum
2404 2401 2677 2471 prioribus
2729 2421 2870 2461 unus
2923 2416 3005 2461 est
3058 2417 3218 2479 atque
3272 2410 3434 2466 idem.

1873 2488 2008 2546 Huic
2057 2491 2221 2561 igitur
2268 2508 2391 2548 esse
2435 2510 2627 2548 nomen
2688 2496 2907 2561 dicitur,
2959 2508 3017 2552 ιιι
3060 2502 3253 2571 legitur
3295 2505 3435 2572 apud

1872 2578 2255 2651 Septuaginta,
2282 2602 2298 2635 ι
2325 2585 2507 2655 magni
2534 2588 2751 2640 consilii
2787 2591 3011 2658 angelus
3042 2611 3096 2645 τι
3115 2602 3200 2655 et,
3238 2602 3293 2645 ut
3324 2595 3438 2662 qui-

1868 2673 1991 2728 dam
2014 2675 2229 2730 codices
2255 2675 2478 2741 habent,
2504 2696 2522 2729 ι
2549 2678 2883 2735 admirabilis
2905 2683 3272 2748 consiliarius,
3296 2685 3437 2741 Deus

1868 2764 2059 2833 fortis,
2113 2768 2412 2839 potentiam
2464 2768 2703 2836 habens,
2748 2771 3005 2844 princeps
3052 2775 3239 2843 pacis.
3284 2787 3428 2843 pater

1865 2857 2021 2929 337
2050 2858 2215 2914 futuri
2245 2861 2452 2918 saeculi.
2494 2881 2512 2914 ι
2551 2861 2619 2916 Ut
2650 2879 2775 2919 vero
2794 2874 2871 2919 est
2898 2866 2952 2919 in
2981 2864 3269 2929 llebraico,
3295 2868 3433 2924 sicut

1865 2950 2059 3021 Aquila
2108 2952 2439 3008 testiﬁcatur
2470 2972 2482 3008 :
2523 2972 2540 3006 ι
2573 2953 2839 3021 Quoniam
2878 2958 3137 3028 puerulus
3162 2967 3320 3013 natus
3351 2967 3434 3013 est

187 3050 304 3102 Καὶ
332 3052 531 3123 ἐκλήθη
577 3052 636 3105 τὸ
684 3053 852 3125 ὗνομα
882 3055 1046 3109 αὑτοῦ
1079 3057 1398 3128 Θαυμαστὸς
1438 3057 1758 3128 σύμϐουλος,

1867 3042 2045 3109 nobis,
2081 3043 2224 3099 ﬁlius
2255 3045 2417 3101 datus
2451 3054 2532 3100 est
2562 3047 2740 3111 nobis,
2773 3057 2826 3103 et
2860 3047 2998 3103 facta
3050 3057 3135 3105 est
3178 3065 3429 3107 mensura

188 3142 437 3213 ἰσχυρὸς,
482 3144 725 3208 δυνατὸς,
779 3146 979 3218 πατὴρ,
1033 3147 1113 3200 ἔτι
1152 3150 1330 3218 ἄρχων
1373 3151 1611 3223 εἰρήνης,
1668 3151 1762 3204 καὶ

183 3235 289 3304 τῆς
320 3237 545 3307 εἰρήνης
571 3236 735 3289 αὑτοῦ
764 3238 862 3290 οὐκ
894 3238 1007 3290 ἔστι
1044 3240 1246 3311 πέρας·
1288 3260 1304 3291 ι
1338 3241 1411 3304 ὡς
1442 3241 1497 3294 δὲ
1546 3243 1574 3294 ὁ
1618 3243 1762 3313 Σύμ-

188 3343 367 3396 μαχος
388 3344 399 3356 ·
441 3347 458 3377 ι
489 3329 721 3392 Νεανίας
748 3328 856 3400 γὰρ
895 3330 1047 3402 ἐδόθη
1095 3334 1242 3402 ἡμῖν,
1283 3335 1395 3396 υίὸς
1421 3334 1571 3406 ἐδόθη
1606 3338 1756 3406 ήμῖν.

184 3419 298 3470 Καὶ
339 3418 491 3471 ἔσται
536 3422 567 3489 ή
612 3420 824 3473 παιδεία
850 3422 1013 3474 αὑτοῦ
1044 3423 1132 3476 ἐπὶ
1164 3423 1256 3476 τοῦ
1282 3423 1429 3493 ὤμου
1458 3425 1641 3487 αὑτοῦ,
1668 3427 1761 3479 καὶ

181 3508 517 3579 κληθήσεται
541 3511 601 3563 τὸ
632 3511 800 3581 δνομα
829 3512 992 3565 αὖ.τοῦ
1021 3515 1460 3586 Παραδοξασμὺς,
1491 3515 1759 3585 βουλευτι-

179 3600 301 3664 κὸς,
346 3603 584 3674 ἰσχυρὸς,
628 3604 870 3669 δυνατὸς,
915 3605 1095 3677 πατὴρ
1134 3607 1347 3671 αἰῶνος,
1385 3608 1566 3679 ἄρχων
1608 3609 1758 3680 εἰρή-

182 3710 302 3764 νης,
336 3694 430 3746 καὶ
452 3695 550 3759 τῆς
571 3698 792 3768 εἰρήνης
822 3697 988 3751 αὑτοῦ
1014 3699 1113 3751 οὐκ
1139 3698 1248 3751 ἔστι
1274 3701 1464 3771 πέρας.
1498 3720 1515 3750 ι
1550 3699 1756 3753 Οὐκοῦν

178 3785 280 3854 οὐχ
310 3785 498 3849 ἁπλῶς
543 3788 770 3855 ἄγγελος
803 3790 945 3843 κατὰ
986 3793 1110 3854 τοὺς
1150 3792 1568 3863 Ἐϐδομήκοντα,
1615 3793 1751 3847 ἀλλὰ

184 3897 204 3927 ι
230 3879 330 3948 τῆς
364 3879 600 3951 μεγάλης
623 3879 816 3951 βουλῆς
833 3882 1080 3952 ἅγγελος,
1098 3885 1191 3937 καὶ
1204 3885 1513 3954 θαυμαστὸς
1530 3886 1590 3938 σύ
1600 3886 1756 3957 μεθυ-

176 3970 290 4032 λος,
320 3972 415 4022 καὶ
459 3971 589 4034 Θεὸς
635 3974 871 4044 ἰσχυρὸς,
902 3976 993 4028 καὶ
1038 3976 1403 4047 ὲξουσιαστὴς,
1433 3978 1525 4030 καὶ
1572 3978 1754 4049 ἄρχων

174 4063 423 4133 εἰρήνης,
463 4064 553 4116 καὶ
594 4067 774 4137 πατὴρ
799 4068 891 4120 τοῦ
921 4068 1199 4137 μέλλοντος
1226 4068 1415 4132 αἰῶνος
1445 4088 1461 4117 ι
1492 4068 1752 4140 γεννηθή-

178 4151 394 4217 σεσθαι,
432 4155 526 4207 καὶ
573 4156 780 4209 παιδίον
809 4158 1024 4211 ἔσεσθαι
1068 4158 1152 4211 διὰ
1190 4157 1394 4211 τούτων
1418 4158 1746 4224 ἐθεσπίζετο.

175 4243 370 4313 Ἔχεις
393 4245 447 4298 δὲ
487 4248 544 4297 ἐν
582 4252 694 4311 τοῖς
730 4249 1014 4319 προτέροις
1037 4250 1129 4302 τὸν
1152 4249 1245 4302 τοῦ
1273 4250 1406 4302 Θεοῦ
1434 4251 1623 4319 Λόγον,
1658 4252 1751 4304 καὶ

168 4333 334 4393 Θεὸν,
364 4334 455 4385 καὶ
480 4333 677 4405 Κύριον
713 4337 980 4407 διαφόρως
1023 4338 1472 4409 ἀνηγορευμένον,
1518 4339 1649 4409 ὁμοῦ
1693 4341 1748 4392 δὲ

1865 3151 2029 3206 super
2052 3138 2337 3192 humerum
2374 3139 2514 3208 ejus,
2550 3147 2602 3193 et
2631 3150 2880 3194 vocatum
2925 3150 3010 3197 est
3047 3158 3242 3198 nomen
3288 3145 3426 3214 ejus,

1862 3232 2213 3288 Admirabilis
2239 3234 2605 3295 consiliarius,
2635 3233 2812 3297 fortis,
2836 3245 3048 3305 potens,
3073 3247 3245 3307 pater,
3266 3239 3427 3292 etiam

1864 3323 2118 3393 princeps
2145 3325 2315 3394 pacis,
2341 3334 2393 3381 et
2425 3326 2575 3395 pacis
2603 3326 2721 3395 ejus
2763 3342 2871 3381 non
2907 3336 2990 3382 est
3031 3328 3169 3384 linis.
3215 3349 3233 3382 ι
3270 3330 3425 3386 Sicut

1857 3422 2041 3469 autem
2075 3412 2436 3485 Symmachus
2475 3437 2486 3471 :
2523 3434 2540 3467 ‹
2580 3416 3035 3476 Adolescentulus
3087 3420 3231 3475 enim
3267 3423 3427 3478 datus

1858 3517 1946 3565 est
1988 3510 2166 3570 nobis.
2206 3511 2347 3565 ﬁlius
2391 3511 2551 3567 datus
2591 3521 2674 3566 est
2705 3512 2883 3578 nobis,
2921 3523 2974 3568 et
3003 3515 3109 3570 erit
3139 3518 3423 3588 disciplina

1858 3602 1977 3671 ejus
2017 3617 2181 3673 super
2208 3603 2492 3658 humerum
2524 3604 2663 3674 ejus,
2699 3612 2751 3659 et
2774 3606 3055 3660 vocabitur
3076 3626 3272 3665 nomen
3306 3611 3426 3683 ejus

1859 3690 2283 3756 Admirabilitas,
2328 3693 2696 3757 consiliarius,
2758 3695 2937 3760 fortis,
2993 3706 3209 3765 potens,
3272 3710 3424 3771 pater

1858 3784 2063 3847 smculi,
2100 3784 2352 3853 princeps
2388 3786 2558 3854 pacis,
2588 3792 2639 3839 et
2664 3786 2813 3854 pacis
2834 3786 2952 3855 ejus
2981 3801 3086 3841 non
3111 3796 3192 3843 est
3215 3789 3352 3845 ﬁnis.
3396 3810 3415 3842 ι

1857 3873 1997 3945 Ergo
2060 3891 2169 3930 non
2239 3876 2557 3945 simpliciter
2610 3878 2836 3948 angelus
2914 3878 3213 3932 secundum
3273 3882 3421 3950 ipsos

1854 3961 2017 4027 LXX,
2052 3965 2147 4018 sed
2180 3983 2197 4015 ι
2238 3965 2417 4034 magni
2465 3967 2679 4020 consilii
2721 3968 2966 4036 angelus,
2998 3975 3053 4022 et
3082 3969 3419 4027 admirabilis

1854 4054 2224 4118 consiliarius,
2258 4065 2310 4109 et
2335 4055 2476 4109 Deus
2506 4056 2687 4122 fortis,
2717 4066 2771 4109 et.
2796 4060 3093 4127 potentiam
3126 4061 3419 4123 habens,et

1855 4146 2109 4215 princeps
2135 4146 2307 4215 pacis,
2327 4153 2380 4199 et
2409 4154 2564 4216 pater
2587 4148 2754 4201 futuri
2789 4151 2971 4203 saeculi
3002 4169 3020 4200 ι
3056 4152 3299 4208 oriturus
3325 4154 3420 4207 alio

1852 4238 2092 4306 quando,
2129 4248 2182 4292 et
2233 4239 2495 4307 puerulus
2552 4239 2790 4302 futurus,
2838 4241 2904 4294 iis
2951 4242 3132 4298 verbis
3183 4245 3418 4298 caneba-

1853 4336 1962 4379 tur.
2035 4326 2213 4382 [labes
2250 4328 2410 4381 etiam
2447 4328 2501 4381 in
2538 4330 2605 4385 iis
2636 4346 2756 4399 quae
2787 4332 2940 4401 prius
2972 4333 3117 4386 dicta
3148 4343 3296 4399 sunt,
3320 4335 3415 4391 Dei

169 4422 270 4476 τὸν
294 4425 456 4477 αὐτὸν
481 4426 707 4495 ἄγγελον
733 4428 1117 4499 ὠνομασμένον
1143 4430 1235 4481 τοῦ
1266 4431 1496 4501 Πατρδς,
1524 4431 1616 4483 καί
1652 4432 1750 4501 ἁρ-

1867 4418 2113 4481 Verbum,
2137 4428 2190 4473 et
2218 4418 2409 4482 Deum,
2435 4428 2490 4475 et
2520 4419 2809 4476 Dominum
2844 4424 3077 4480 diversis
3110 4426 3287 4483 modis
3319 4444 3415 4499 ap-

170 4514 540 4586 χτστράτηγον
569 4517 849 4589 δυνάμεως
876 4522 1099 4591 Κυρίου.
1138 4522 1232 4584 Τίς
1257 4522 1301 4575 δ’
1327 4523 1392 4576 ἂν
1428 4519 1519 4575 οὖν
1545 4523 1751 4590 γένοιτο

1867 4510 2128 4571 rellatum,
2158 4518 2215 4565 et
2249 4512 2450 4580 pariter
2478 4513 2726 4568 eumdem
2765 4516 3013 4586 angelum
3048 4519 3216 4587 patris
3238 4520 3415 4574 nomi-

168 4607 319 4659 κατὰ
347 4609 440 4677 μὲν
466 4609 554 4661 τὸν
593 4610 816 4664 Ἀκύλαν
851 4614 944 4666 καὶ
974 4615 1074 4677 τὰς
1100 4615 1264 4667 εἰσέτι
1309 4614 1403 4666 νῦν
1448 4615 1750 4685 φερομένας

1867 4613 2059 4668 ratum,
2085 4613 2138 4660 et
2169 4608 2403 4677 primum
2450 4609 2834 4678 imperatorem
2860 4613 3139 4681 copiarum
3175 4613 3410 4670 Domini.

169 4700 307 4769 παρ’
337 4701 601 4772 Ἑϐραίοις
631 4706 951 4776 μαρτυρίας,
982 4707 1037 4758 ὲν
1063 4706 1367 4777 ἀνθρώποις
1391 4705 1746 4776 γεννώμενος,

1848 4694 1952 4750 Sed
1984 4697 2107 4767 quis
2140 4699 2357 4752 tandem
2391 4700 2478 4753 hic
2520 4702 2636 4756 sit?
2672 4701 2980 4757 Secundum
3013 4704 3262 4774 Aquilam
3290 4709 3409 4776 qui-

170 4792 268 4844 καί
301 4811 319 4841 ι
346 4793 552 4846 παιδίον
579 4814 595 4844 ι
622 4796 919 4866 γινόμενος,
942 4816 961 4847 ι
993 4796 1302 4868 θαυμαστὸς
1321 4797 1635 4868 σύμϐουλος,
1653 4800 1746 4851 καὶ

1867 4787 1965 4842 lem
1990 4787 2366 4844 ct'secundum
2391 4808 2450 4845 ea
2476 4806 2596 4861 qua!
2616 4796 2777 4848 etiam
2813 4810 2957 4851 nunc
2982 4798 3123 4866 apud
3154 4797 3411 4855 Hebreos

172 4878 416 4947 ἰσχυρὸς,
444 4879 684 4947 δυνατὸς,
703 4885 795 4936 καὶ
822 4885 1019 4956 πατὴρ,
1040 4885 1118 4939 ἔτι
1137 4887 1228 4939 καὶ
1253 4887 1432 4957 ἅρχων
1462 4889 1698 4959 εἰρήνης,
1717 4908 1733 4939 ι

166 4966 231 5019 οὔ
262 4970 394 5022 ποτέ
412 4970 485 5033 (1)
510 4989 669 5042 φησιν
686 4971 901 5026 ἔσεσθαι
922 4976 1090 5038 τέλος·
1111 4976 1252 5027 κατὰ
1266 4976 1320 5028 δὲ
1338 4977 1427 5029 τὸν
1446 4976 1737 5048 Σύμμαχον

175 5076 194 5107 ι
225 5059 667 5132 Παραδοξασμὸς,
699 5063 1057 5133 βουλευτικὸς,
1092 5067 1326 5136 ἰσχυρὸς,
1352 5066 1597 5129 δυνατὸς,
1629 5086 1734 5120 πα-

165 5150 274 5223 τὴρ
307 5154 515 5217 αἰῶνος,
544 5156 727 5227 ἄρχων
754 5158 995 5227 εἰρήνης,
1024 5160 1116 5210 καὶ
1153 5159 1352 5228 ταύτης
1392 5160 1615 5230 ἀπείρου
1644 5163 1735 5213 καί

165 5244 557 5315 ἀτελευτήτου·
595 5268 611 5295 ι
645 5249 737 5301 καὶ
780 5250 920 5301 κατὰ
962 5249 1306 5311 θεοδοτίωνα,
1362 5270 1377 5299 ι
1412 5248 1738 5321 θαυμαστῶς

168 5333 456 5402 βουλεύων,
489 5339 720 5411 ἰσχυρὸς,
748 5339 1030 5411 δυνάστης,
1061 5342 1262 5412 πατὴρ,
1294 5342 1474 5412 ἅρχων
1496 5344 1732 5414 εἰρήνης.

164 5426 243 5493 τῷ
279 5426 568 5498 πληθύνειν
610 5431 708 5501 τὴν
754 5431 1015 5497 παιδείαν,
1042 5427 1102 5485 οὗ
1130 5434 1227 5503 τῆς
1253 5435 1471 5505 εἰρήνης
1493 5434 1592 5486 οὐκ
1621 5434 1732 5489 ἔστι

167 5514 358 5584 πέρας.
394 5536 413 5567 ι
450 5519 554 5571 Καὶ
580 5518 725 5590 αὐτῷ
764 5537 843 5575 σοι
874 5522 942 5574 τὰ
968 5521 1093 5592 ἑξῆς
1135 5522 1443 5576 καταλείπω
1490 5527 1730 5587 σκοπεῖν,

238 5603 282 5633 ⁸⁸
316 5602 425 5657 lsa.
465 5622 540 5665 ix.
563 5606 679 5661 57.

1849 4876 2100 4931 feruntur
2133 4880 2464 4943 testimonia,
2489 4883 2581 4951 qui
2621 4883 2763 4938 inter
2792 4884 3039 4939 homines
3061 4895 3337 4950 nascetur,
3357 4895 3412 4941 et

1850 4982 1872 5018 ι
1912 4969 2173 5039 puerulus
2212 4989 2231 5022 ι
2289 4971 2536 5037 exsistet,
2594 4991 2611 5023 ι
2657 4975 3098 5045 admirabilisque
3152 4978 3409 5032 consilia-

1842 5060 1980 5123 rius,
2012 5069 2067 5115 et
2098 5060 2274 5125 fortis,
2300 5072 2353 5117 et
2382 5075 2595 5133 potens,
2626 5074 2678 5121 et
2709 5077 2859 5147 pater
2885 5068 3046 5120 etiam
3075 5075 3126 5120 et
3157 5069 3409 5139 princeps

1848 5153 2018 5221 pacis,
2061 5173 2079 5204 ι
2124 5154 2284 5223 cujus
2332 5156 2482 5224 pacis
2526 5171 2799 5225 nunquam
2849 5157 2925 5208 ait
2951 5155 3191 5210 futurum
3224 5157 3406 5214 ﬁnem.

1848 5244 2161 5299 Secundum
2216 5244 2601 5316 Symmachum
2662 5254 2840 5300 autem
2908 5265 2929 5298 ι
2975 5247 3404 5316 Admirabilitas,

1838 5336 2212 5399 consiliarius,
2246 5335 2426 5399 fortis,
2475 5346 2685 5406 potens.
2716 5348 2866 5406 pater
2912 5339 3119 5403 saeculi,
3153 5340 3407 5409 princeps

1844 5427 2016 5497 pacis,
2047 5436 2101 5482 et
2158 5429 2309 5497 pacis
2352 5428 2574 5483 inﬁnitae
2623 5439 2784 5497 atque
2832 5429 3209 5486 interminatae.
3252 5452 3270 5483 ι
3313 5432 3403 5497 Αι,

1843 5520 1988 5574 sicut
2026 5518 2362 5575 Theodotion
2394 5523 2581 5585 voluit,
2615 5539 2633 5573 ι
2670 5521 3059 5579 admirabiliter
3089 5527 3402 5591 consulens,

243 5693 318 5760 (l)
343 5696 423 5747 Οὔ
446 5711 606 5749 ποτε.
628 5696 767 5767 Lege
796 5694 854 5753 οὗ
871 5716 964 5768 pro
987 5700 1067 5764 οὐ,
1093 5706 1147 5757 et
1171 5701 1360 5771 accipe
1384 5700 1511 5754 ποτέ
1543 5718 1707 5757 sensu
1725 5702 1781 5756 οὔ

1867 5720 1938 5767 τε,
1956 5703 2037 5757 vel
2054 5709 2180 5773 puta
2202 5703 2468 5761 excidisse
2497 5704 2749 5763 voculam
2770 5700 2836 5781 ἧς
2865 5713 2987 5757 ante
3010 5705 3225 5759 οὔποτε.
3248 5704 3409 5764 Eun.
