3868 6196
563 274 669 334 53K

1206 268 1481 328 EUSEBII
1518 267 2000 328 CESARIENSIS
2038 268 2100 324 01

2228 267 2429 325 PARS.
2470 269 2512 326 ll
2540 302 2612 313 —
2637 270 3130 330 APOLOGETICA.

566 389 750 456 tortis,
785 393 1001 460 potens,
1034 390 1222 457 pater,
1263 384 1522 458 princeps
1570 386 1743 458 pacis,
1769 385 1839 441 ad
1883 383 2095 456 multipl

2202 402 2219 443 ι
2243 382 2496 441 τοσοῦτον
2539 387 3037 461 ἐπισημηνάμενος.
3058 385 3135 450 ὡς
3155 384 3257 458 ἄρα
3277 384 3420 453 αὐτὸς
3438 378 3559 454 οὗτος
3584 393 3607 447 ὁ
3630 394 3704 453 λι.

563 484 794 538 caudam
842 476 1212 549 disciplinam,
1244 480 1406 548 cujus
1450 478 1604 550 pacis
1649 493 1761 536 non
1807 484 1893 535 est
1934 476 2082 534 linis.
2116 497 2135 531 ι

561 574 856 636 Caeterum,
888 586 1010 642 qua:
1065 577 1374 642 sequuntur
1412 570 1515 627 tibi
1562 570 1666 642 ipsi
1720 571 2140 643 contemplanda

560 664 836 735 relinquo,
873 663 978 719 hoc
1007 678 1177 718 unum
1196 662 1464 719 duntaxat
1494 662 1788 719 adnotasse
1819 671 2136 730 contentus,

558 755 708 829 quod
738 757 855 829 ipse
878 755 987 823 hic,
1017 757 1112 828 qui
1143 752 1346 812 dicitur
1370 774 1389 809 ι
1419 765 1576 827 pater
1604 757 1883 822 saeculi,et
1912 757 2139 814 inﬁnita:

550 849 711 920 pacis
744 850 1000 921 princeps
1024 890 1039 914 ,
1071 850 1362 922 magnique
1395 846 1611 906 consilii
1645 851 1892 923 angelus,
1916 870 1935 903 ι
1956 852 2135 906 oritu-

458 951 468 963 '
553 953 654 996 rus
687 940 982 1012 aliquando
1006 950 1064 997 et
1090 941 1355 1012 puerulus
1391 941 1608 997 futurus
1636 942 1925 1014 prophetia
1951 943 2136 1000 decla-

555 1036 734 1095 ratur,
763 1038 819 1086 et
848 1029 904 1085 in
943 1039 1067 1086 ortu
1090 1046 1192 1087 suo
1219 1031 1363 1086 inter
1393 1030 1645 1087 homines
1676 1033 1820 1088 volet
1846 1033 1978 1089 olim
2009 1049 2134 1091 esse

556 1121 682 1192 igne
714 1123 1032 1178 combustos
1062 1138 1160 1179 eos
1193 1124 1287 1193 qui
1313 1123 1368 1178 in
1388 1138 1450 1179 ea
1477 1124 1653 1180 salute
1673 1126 1936 1195 gentium,
1972 1127 2132 1197 cujus

554 1214 676 1284 ipse
721 1225 913 1270 auctor
945 1215 1072 1281 erit,
1106 1214 1281 1271 odiosi
1337 1214 1508 1270 futuri
1564 1223 1713 1283 sunt,
1743 1217 1858 1272 sive
1906 1217 1943 1271 ii
2000 1219 2129 1272 mali

550 1304 776 1375 quidam
806 1305 1107 1367 daemones,
1143 1306 1258 1361 sive
1288 1305 1452 1361 etiam
1505 1308 1659 1379 impii
1689 1308 1941 1365 homines
1969 1309 2131 1365 intel-

549 1395 812 1466 ligantur,
847 1398 917 1454 de
964 1399 1168 1470 quibus
1210 1399 1289 1453 ait
1324 1415 1339 1454 :
1393 1416 1413 1451 ι
1458 1399 1615 1468 Quod
1668 1416 1883 1457 onmem
1923 1409 2126 1458 vestem

549 1491 842 1547 collectam
874 1491 1025 1557 dolo,
1057 1502 1111 1549 et
1134 1493 1545 1559 vestimentum,
1578 1508 1704 1549 cum
1743 1495 2128 1552 conciliatione

548 1583 782 1641 solvent.
816 1604 836 1636 ι
867 1583 977 1641 Sed
997 1585 1090 1657 qui
1114 1585 1333 1641 tandem
1366 1586 1421 1641 hi
1448 1585 1671 1654 fuerint,
1699 1588 1804 1644 nisi
1826 1588 1894 1645 de
1924 1589 2124 1660 quibus

547 1677 675 1733 alibi
715 1694 781 1733 ex
827 1678 1002 1750 ipsius
1048 1677 1351 1735 Salvatoris
1401 1681 1576 1737 nostri
1626 1697 1861 1753 persona
1914 1683 2120 1759 dictum

544 1774 631 1824 est
663 1786 677 1823 :
718 1786 736 1819 ι
773 1767 969 1825 Partiti
1013 1776 1142 1825 sunt
1172 1769 1499 1826 vestimenta
1548 1786 1664 1828 mea
1714 1772 1843 1837 sibi,
1876 1780 1930 1828 et
1957 1788 2123 1844 super

543 1865 752 1914 vestem
782 1873 958 1915 meam
990 1861 1260 1916 miserunt
1306 1867 1510 1916 sortem
1544 1861 1611 1927 ⁸³,
1661 1881 1680 1913 ›
1723 1872 1778 1918 et
1806 1863 2120 1934 quicunque

542 1951 792 2020 ejusdem
821 1952 1118 2023 impietatis
1165 1969 1230 2007 ae
1268 1955 1496 2010 sceleris
1522 1955 1817 2026 participes
1864 1955 2121 2013 fuerunt?

539 2042 707 2115 338
743 2043 849 2110 Qui
883 2045 1103 2116 quidem
1133 2045 1262 2101 dum
1290 2046 1503 2117 seipsos
1551 2047 1617 2102 ad
1648 2056 1951 2103 extremum
1992 2064 2118 2103 con-

539 2132 831 2191 demnatos
859 2135 1140 2200 videbunt,
1179 2137 1449 2207 optabunt
1487 2152 1547 2194 se
1577 2148 1704 2193 ante
1738 2139 1900 2194 talem
1933 2138 2120 2210 impie-

537 2230 707 2280 tatem
763 2226 890 2299 igne
942 2226 1113 2285 fuisse
1152 2230 1490 2295 combustos,
1522 2230 1707 2301 patius
1727 2246 1890 2301 quam
1935 2218 2116 2303 magni

536 2319 757 2375 consilii
787 2321 1041 2392 angelum
1072 2338 1103 2376 a
1137 2324 1336 2396 seipsis
1366 2326 1630 2379 violatum
1657 2323 1848 2380 fuisse.
1870 2322 1949 2378 Tu
1982 2339 2112 2380 vero

534 2418 716 2466 tecum
750 2411 869 2482 ipse
897 2414 1187 2471 considera
1216 2432 1345 2471 num
1377 2432 1596 2473 omnem
1628 2416 1920 2471 humanam
1947 2425 2111 2472 natu-

533 2516 652 2556 rant
681 2505 975 2567 transiliat.
1010 2507 1153 2576 quod
1184 2508 1330 2564 illius
1375 2524 1480 2580 pax
1526 2510 1738 2564 nullum
1768 2508 1926 2565 linem
1957 2510 2114 2566 babi-

531 2600 659 2649 tura
687 2611 811 2652 esse
839 2598 1076 2659 dicatur.
1104 2609 1157 2655 et
1178 2600 1322 2672 quod
1352 2612 1505 2671 pater
1536 2603 1723 2657 saeculi
1762 2603 2107 2670 nominetur;

527 2695 791 2759 praeterea
822 2691 968 2760 quod
1000 2708 1110 2747 non
1141 2693 1464 2763 simpliciter
1494 2696 1722 2767 angelus
1748 2703 1993 2764 vocetur,
2012 2699 2107 2754 sed

533 2797 554 2831 ι
597 2781 782 2850 magni
813 2784 1029 2837 consilii
1061 2786 1307 2855 angelus,
1334 2795 1388 2841 et
1412 2785 1559 2843 Dens
1596 2786 1778 2855 fortis,
1822 2808 1841 2840 ι
1874 2797 1931 2845 et
1960 2805 2109 2860 quae-

526 2886 746 2942 cunque
773 2888 882 2928 una
914 2889 1038 2928 cum
1064 2873 1149 2932 his
1182 2874 1541 2932 adnumerata
1574 2886 1722 2933 sunt.
1749 2876 1882 2934 Item
1906 2880 1981 2935 ait
2008 2897 2106 2952 per

524 2962 679 3017 illum
724 2978 950 3033 regnum
995 2963 1158 3022 David
1187 2982 1311 3023 esse
1357 2968 1889 3042 dirigendum,quod
1921 2972 2102 3044 ipsum

524 3066 659 3107 sane
689 3052 792 3108 hoc
820 3053 1091 3125 intelliges
1129 3056 1312 3112 modo.
1354 3057 1590 3115 Plurima
1624 3062 1842 3131 quidem
1866 3079 1929 3119 ea
1973 3070 2100 3121 sunt

522 3159 649 3214 quae
674 3144 781 3216 ipsi
804 3144 971 3202 David
1002 3148 1250 3218 promisit
1271 3147 1432 3216 Deus,
1451 3152 1509 3207 in
1538 3154 1737 3223 quibus
1763 3157 1926 3211 etiam
1965 3157 2053 3211 illa
2079 3175 2093 3213 :

525 3254 546 3290 ι
583 3234 649 3291 Et
678 3252 878 3308 ponam
912 3239 967 3293 in
1018 3240 1158 3295 mari
1206 3256 1425 3297 manum
1450 3243 1592 3314 ejus,
1614 3253 1669 3301 et
1698 3246 1753 3300 in
1776 3244 2094 3304 ﬂuminibus

517 3328 801 3386 dexteram
845 3331 985 3402 ejus,
1016 3331 1135 3403 ipse
1183 3333 1463 3391 invocabit
1512 3353 1620 3402 me,
1654 3346 1811 3409 pater
1844 3356 2001 3398 meus
2030 3358 2093 3400 es

519 3430 602 3489 tu,
630 3422 778 3480 Deus
811 3439 988 3491 meus,
1025 3434 1081 3481 et
1127 3435 1416 3500 susceptor
1462 3431 1659 3488 salutis
1704 3418 1862 3498 ineat,
1906 3442 1961 3489 et
1992 3452 2093 3509 ego

517 3516 939 3588 primogenitum
971 3532 1169 3589 ponam
1200 3519 1376 3584 illum,
1404 3523 1681 3579 excelsum
1730 3539 1842 3595 prae
1870 3526 2091 3596 regibus

514 3621 712 3679 terrae,
762 3615 820 3670 in
896 3624 1162 3672 meritum
1210 3619 1446 3675 servabo
1526 3619 1607 3674 illi
1656 3621 2086 3678 misericordiam

430 3705 436 3711 ’
513 3719 716 3767 meam,
750 3712 805 3761 et
835 3715 1224 3763 testamentum
1249 3723 1428 3765 meum
1458 3707 1615 3765 fidele
1643 3710 1770 3781 ipsi,
1801 3718 1856 3767 et
1889 3727 2085 3782 ponam

510 3801 568 3856 in
622 3802 885 3859 saeculum
937 3805 1122 3860 saeculi
1176 3820 1363 3861 semen
1411 3806 1552 3877 ejus,
1589 3815 1643 3861 et
1679 3808 1935 3864 thronum
1966 3811 2087 3881 ejus

509 3891 656 3948 sicut
686 3892 807 3949 dies
834 3895 963 3950 catli
990 3895 1053 3949 “.
1093 3915 1112 3948 ι
1152 3894 1218 3950 Et
1257 3913 1451 3953 rursus
1482 3916 1495 3952 :
1530 3917 1551 3949 ι
1594 3896 1772 3956 Semel
1802 3901 1981 3970 juravi
2027 3903 2083 3958 in

509 3992 706 4041 sancto
738 4001 882 4053 meo,
908 3987 957 4044 si
992 3986 1163 4043 David
1194 3989 1450 4054 mentiar,
1474 4005 1661 4046 semen
1687 3990 1811 4062 ejus
1841 3993 1898 4048 in
1924 4000 2084 4050 aeter-

506 4090 641 4131 num
675 4078 939 4141 manebit,
973 4087 1029 4135 et
1075 4079 1309 4135 thronus
1355 4079 1477 4151 ejus
1525 4081 1667 4137 sicut
1724 4083 1808 4139 sol
1859 4084 1917 4138 in
1950 4099 2084 4140 con-

505 4178 699 4237 spectu
726 4183 871 4234 meo,
903 4176 959 4226 et
992 4170 1132 4226 sicut
1159 4171 1286 4227 luna
1330 4171 1571 4244 perfecta
1602 4173 1659 4230 in
1691 4182 1953 4231 aeternum
1976 4178 2076 4235 ⁸⁸.»

505 4260 643 4315 Cum
670 4262 726 4316 in
762 4260 996 4320 Psalmis
1031 4263 1173 4320 Deus
1203 4264 1306 4336 ipsi
1333 4265 1502 4323 David
1523 4276 1633 4323 tant
1669 4268 1841 4324 multa
1869 4272 2078 4340 promi-

505 4350 662 4415 serit,
686 4355 964 4409 contraria
988 4362 1168 4412 tamen
1195 4357 1264 4413 iis
1295 4373 1417 4429 qua:
1448 4360 1720 4430 promissa
1759 4371 1909 4428 sunt,
1931 4364 2079 4421 illius

2243 475 2472 548 γόμενος
2501 495 2522 530 ι
2551 478 2732 552 πατὴρ
2760 479 2973 555 αἰῶνος,
2998 479 3092 533 καὶ
3112 477 3324 551 ἀπείρου
3343 480 3528 553 εἰρήνης
3545 483 3699 555 ἄρχων,

2245 569 2485 644 μεγάλης
2508 588 2567 625 τε
2602 571 2794 644 βουλῆς
2810 552 3038 642 ἅγγελος
3056 590 3074 624 ι
3095 569 3498 642 γεννηθήσεσθαι,
3519 552 3707 629 vitam.

2238 661 2348 716 δίον
2373 662 2592 718 ἔσεσθαι
2625 664 3046 737 προφητεύεται,
3081 661 3172 716 ὲπί
3195 678 3251 716 τε
3272 665 3335 734 τῇ
3364 662 3436 726 εἰς
3460 661 3704 736 ἀνθρώπους

2238 753 2402 808 αὑτοῦ
2426 755 2638 824 γενέσει
2672 755 3073 828 πυρικαύστους
3112 753 3367 826 ἐθελήσειν
3403 752 3578 807 ἔσεσθαι
3611 757 3706 818 τοὺς

2236 845 2329 899 ἐπὶ
2371 848 2439 918 τῇ
2473 846 2541 899 δι’
2563 846 2727 900 αὐτοῦ
2749 847 3017 918 γενομένῃ
3060 845 3295 918 σωτηρίᾳ
3329 844 3426 899 τῶν
3457 845 3592 901 ἐθνῶν
3621 848 3705 902 δια-

2235 936 2649 1010 φθονουμένους,
2685 940 2794 993 εἴτε
2816 939 3075 1011 δαίμονας
3100 940 3372 1011 πονηρους,
3402 939 3497 993 εἴτε
3523 941 3599 993 καὶ
3614 942 3710 995 ἀσε-

2235 1026 2349 1092 ϐεῖς
2375 1028 2591 1100 ἄνδρας,
2617 1030 2745 1101 περὶ
2773 1023 2848 1084 ὧν
2882 1045 3065 1100 φησιν’
3096 1028 3247 1080 «Ὅτι
3271 1029 3436 1082 πᾶσαν
3461 1027 3616 1100 στολήν
3626 1031 3712 1083 ἐπι-

2237 1122 2582 1192 συνηγμένην
2604 1121 2761 1192 δόλῳ,
2790 1122 2882 1175 καὶ
2903 1122 3115 1193 ἱμάτιον
3149 1119 3281 1192 μετὰ
3299 1119 3599 1191 καταλλαγῆς
3614 1122 3712 1175 ἀπο-

2230 1214 2458 1267 τίσουσι.
2488 1233 2511 1266 ι
2554 1214 2707 1278 Τίνες
2732 1213 2789 1267 δὲ
2816 1214 2923 1285 ἄρα
2947 1209 3088 1286 ἦσαν
3127 1205 3287 1277 οὗτοι,
3313 1212 3345 1284 ἢ
3375 1214 3490 1284 περὶ
3510 1206 3573 1266 ὧν
3594 1213 3711 1267 ἀλλα·

2230 1304 2324 1376 χοῦ
2363 1303 2423 1371 ἐξ
2450 1304 2614 1358 αὐτοῦ
2650 1304 2943 1377 προσώπου
2969 1303 3064 1357 τοῦ
3092 1304 3333 1376 Σωτῆρος
3358 1303 3498 1375 ἡμῶν
3524 1304 3712 1376 εἰρητοις

2236 1414 2254 1446 ι
2280 1396 2666 1467 Διεμερίσαντο
2708 1395 2778 1449 τὰ
2823 1396 3016 1467 ἱμάτιά
3045 1413 3148 1468 μου
3190 1397 3408 1461 ἑαυτοῖς,
3432 1398 3518 1451 καὶ
3549 1397 3624 1450 ἐπὶ
3651 1397 3714 1449 τὸν

2231 1490 2524 1562 ἱματισμόν
2550 1506 2652 1561 μου
2678 1488 2866 1544 ἔϐαλον
2898 1490 3119 1562 κλῆρον,
3150 1510 3169 1541 ι
3199 1490 3321 1543 οἵτε
3341 1490 3436 1561 τῆς
3453 1489 3625 1543 τούτων
3647 1490 3714 1560 μέ-

2225 1599 2372 1653 τοχοι
2397 1581 2733 1645 δυσσεὸείας,
2760 1581 2809 1635 οἳ
2855 1583 2949 1635 καὶ
2992 1582 3292 1654 θελήσουσι,
3316 1581 3409 1654 τὴν
3435 1581 3568 1651 σφῶν
3588 1581 3718 1635 αὐτῶν

2226 1672 2405 1744 κρίσιν
2430 1669 2656 1741 ὕστερόν
2682 1686 2814 1725 ποτε
2854 1671 3133 1742 ὀψόμενοι,
3170 1676 3217 1726 εἰ
3259 1672 3358 1744 πρὸ
3394 1672 3488 1742 τῆς
3526 1671 3718 1733 ἀσεϐείας

2155 1743 2196 1798 Β
2225 1743 2403 1818 αὐτῶν
2428 1760 2769 1832 ἐγεγόνεισαν
2793 1764 3173 1834 πυρίκαυστοι,
3198 1764 3319 1835 πρὶν
3341 1762 3373 1834 ἢ
3396 1763 3482 1817 τὸν
3497 1764 3583 1835 τῆς
3605 1762 3723 1833 payi-

2222 1855 2321 1927 λης
2350 1854 2543 1926 βουλῆς
2568 1854 2796 1926 ἄγγελον
2834 1854 2969 1928 πρὸς
2994 1855 3179 1909 αὐτῶν
3209 1854 3537 1927 άσεΰηθῆναι.
3570 1856 3656 1908 Καὶ
3674 1857 3718 1908 οὺ

2219 1947 2275 2001 δὲ
2304 1945 2456 2019 παρὰ
2477 1947 2658 2018 σαυτῷ
2687 1946 2882 2017 σκέψαι
2909 1949 2960 2001 εἰ
2987 1946 3062 2018 μὴ
3093 1945 3409 2018 ὑπερϐαίνει
3426 1947 3585 2000 πᾶσαν
3606 1946 3724 2016 φύσιν

2218 2035 2520 2109 ἀνθρώπων
2547 2037 2609 2090 τὸ
2636 2037 2710 2109 μὴ
2736 2036 2888 2101 τέλος
2912 2036 3056 2108 ἔχειν
3079 2036 3182 2108 τὴν
3209 2038 3424 2109 εἰρήνην
3445 2036 3587 2091 αὐτοῦ
3607 2035 3721 2104 λέγε-

2220 2127 2364 2192 σθαι,
2391 2129 2484 2183 καὶ
2506 2128 2569 2181 τὸ
2592 2129 2803 2201 πατέρα
2825 2128 3189 2201 ὀνομάζεσθαι
3218 2129 3432 2193 αἰῶνοςο
3459 2130 3542 2183 καὶ
3566 2126 3725 2181 αὑτὸδὲ

2214 2219 2275 2272 τὸ
2308 2220 2593 2274 καλεῖσθαι
2643 2222 2806 2275 αὐτὸν
2852 2222 2953 2292 οὐχ
2998 2220 3190 2285 ἁπλῶς
3214 2221 3457 2290 ἄγγελον,
3481 2219 3595 2273 ἀλλὰ
3616 2239 3632 2269 ι
3652 2219 3725 2287 τῆς

2219 2312 2461 2385 μεγάλης
2489 2311 2684 2384 βουλῆς
2704 2313 2955 2384 ἄγγελον,
2977 2314 3071 2367 καί
3096 2314 3238 2368 Θεὸν
3267 2314 3493 2386 ἰσχυρὸν,
3516 2332 3531 2364 ι
3556 2312 3630 2365 καὶ
3653 2311 3728 2363 ὅσα

2211 2400 2423 2466 τούτοις
2453 2402 3097 2472 συγκαταλέλεκται.Ἔτι
3121 2403 3183 2459 δέ
3222 2423 3355 2477 φησι
3385 2404 3447 2458 δι’
3468 2401 3598 2457 αὐτοῦ
3620 2417 3726 2453 κατ-

2211 2491 2619 2564 ορθωθήσεσθαι
2655 2494 2754 2567 τὴν
2788 2494 2883 2549 τοῦ
2934 2495 3097 2550 Δαόὶδ
3144 2495 3447 2567 βασιλείαν,
3475 2496 3501 2548 ὃ
3525 2494 3601 2548 καὶ
3628 2492 3731 2545 uini)

2208 2581 2397 2636 τοῦτον
2443 2583 2655 2654 νοήσεις
2693 2582 2786 2637 τὸν
2827 2583 3048 2654 τρόπον.
3090 2583 3350 2638 Πλεῖσται
3388 2584 3500 2637 ὅσαι
3522 2581 3586 2650 τῷ
3605 2576 3730 2631 Δαειδ

2207 2673 2496 2741 γεγόνασιν
2522 2674 2864 2744 ἐπαγγελίαι.
2891 2677 2952 2728 ὲν
2982 2670 3071 2739 αἷς
3090 2674 3312 2748 εἴρηται
3331 2693 3345 2706 ·
3378 2694 3396 2727 ι
3425 2674 3527 2728 Καὶ
3548 2671 3732 2742 θήσομαι

2206 2766 2265 2817 ἐν
2291 2764 2535 2840 θαλάσσῃ
2577 2770 2736 2839 χεῖρα
2774 2767 2958 2833 αὐτοῦ,
2987 2768 3079 2822 καὶ
3104 2770 3169 2822 ὲν
3200 2770 3461 2839 ποταμοῖς
3485 2764 3637 2832 δεξιὰν
3659 2763 3730 2815 αὑ-

2203 2857 2320 2911 τοῦ.
2356 2858 2528 2922 Αὐτὸς
2556 2859 2938 2914 ὲπικαλέσεταί
2966 2878 3065 2933 με·
3096 2861 3302 2934 Πατήρ
3337 2879 3436 2933 μου
3467 2855 3512 2913 εἰ
3542 2854 3732 2921 ἐκθεὶς

2210 2966 2312 3020 μου
2359 2950 2452 3005 καὶ
2480 2950 2826 3024 άντιλήπτωρ
2850 2952 2952 3023 τῆς
2986 2954 3270 3026 σωτηρίας
3296 2972 3416 3026 μου.
3447 2950 3601 3020 Κάγὼ
3620 2964 3731 3020 πρω-

2205 3042 2426 3097 τότοκον
2471 3043 2707 3116 θήσομαι
2749 3046 2933 3110 αὑτὸν,
2963 3046 3173 3119 ὑψηλὸν
3203 3046 3357 3120 παρὰ
3381 3048 3490 3110 τοῖς
3511 3040 3730 3116 βασιλεῦσι

2127 3099 2171 3157 c
2195 3133 2303 3204 ιτῆς
2341 3133 2465 3205 γῆς.
2496 3099 2588 3199 Ei;
2610 3099 2726 3189 "rev
2765 3099 2938 3190 αἰῶνα
3398 3099 3611 3197 τδυέλεός
3639 3148 3730 3203 μου.

2202 3226 2296 3278 καὶ
2322 3226 2354 3297 ή
2380 3226 2609 3300 διαθήκη
2652 3245 2753 3300 μου
2786 3228 2951 3301 πιστὴ
2989 3230 3165 3302 αὐτῷ.
3204 3232 3320 3286 Καὶ
3341 3231 3566 3305 θήσομαι
3586 3229 3650 3291 εἰς
3667 3225 3734 3279 τὸν

2201 3315 2373 3370 αἰῶνα
2417 3316 2512 3372 τοῦ
2545 3318 2739 3384 αἰῶνος
2765 3319 2828 3373 τὸ
2861 3321 3080 3392 σπέρμα
3107 3323 3307 3390 αὑτοῦ,
3335 3324 3431 3379 καὶ
3466 3324 3551 3377 τὸν
3591 3319 3735 3392 θρόνον

2200 3406 2384 3473 αὑτοῦ,
2411 3408 2487 3475 ὡς
2528 3408 2626 3474 τάς
2665 3410 2878 3482 ἡμέρας
2931 3411 3027 3467 τοῦ
3076 3415 3344 3480 οὐρανοῦ.
3376 3436 3394 3467 ι
3448 3414 3554 3469 Καὶ
3589 3407 3732 3472 αὖθις·

2204 3518 2222 3552 ι
2238 3500 2419 3566 Ἀπαξ
2441 3501 2631 3574 ὤμοσα
2646 3504 2704 3556 ὲν
2715 3502 2794 3574 τῷ
2820 3503 2962 3576 ἁγίῳ
2991 3522 3114 3576 μου,
3134 3509 3189 3560 εἰ
3204 3507 3288 3580 τῷ
3310 3506 3474 3562 Δασίδ
3495 3505 3737 3577 ψεύσομαι.

2195 3591 2256 3645 τὸ
2283 3593 2504 3665 σπέρμα
2525 3594 2689 3649 αὐτοῦ
2720 3596 2801 3659 εἰς
2838 3595 2930 3650 τὸν
2980 3598 3156 3652 αἰῶνα
3210 3604 3387 3671 μενεῖ,
3419 3601 3512 3653 καί
3538 3599 3566 3652 ὁ
3591 3594 3740 3669 θρόνος

2195 3683 2360 3738 αὐτοῦ
2390 3685 2667 3758 (incipite;
2700 3688 2942 3743 ἐναντίον
2970 3707 3094 3762 μου,
3128 3692 3233 3747 καὶ
3260 3694 3341 3758 ὡς
3372 3696 3406 3765 ή
3435 3692 3613 3761 σελήνη
3637 3702 3739 3741 κατ-

2194 3777 2492 3849 ηρτισμένη
2516 3780 2597 3842 εἰς
2617 3779 2709 3834 τὸν
2731 3780 2924 3836 αἰῶνα.
2963 3802 2981 3833 ι
3022 3783 3285 3839 Τοσαῦτα
3317 3787 3377 3839 ὲν
3409 3786 3517 3849 τοῖς
3538 3779 3737 3850 Ψαλμῡῖς

2191 3867 2286 3922 τοῦ
2330 3868 2464 3924 Θεοῦ
2505 3871 2585 3944 τῷ
2615 3873 2779 3928 Δασὶδ
2811 3876 3253 3948 ἐπηγγελμένον,
3291 3878 3549 3932 τάναντία
3584 3870 3739 3937 συνέϐη

2189 3965 2310 4028 ταῖς
2340 3964 2692 4034 ἐπαγγελίαις
2724 3968 2970 4022 ἐπελθεῖν
3014 3969 3101 4024 διὰ
3136 3971 3245 4037 τὰς
3268 3973 3383 4026 τῶν
3408 3970 3644 4042 διαδόχων
3669 3963 3741 4019 at“

2188 4054 2284 4109 τοῦ
2330 4056 2749 4123 δυσσεϐείας.Ἡ
2791 4059 2922 4131 γοῦν
2955 4062 3021 4116 ὲκ
3060 4063 3398 4136 σπέρματος
3442 4061 3597 4117 Δασίδ
3624 4059 3745 4130 βασι-

2188 4147 2327 4213 λεία,
2357 4149 2688 4222 διαρκὲσασα
2726 4152 2918 4224 μέχρις
2947 4154 3200 4225 Ἰεχονίου
3230 4158 3334 4211 καὶ
3355 4156 3459 4227 τῆς
3480 4154 3578 4209 ὐπὺ
3600 4148 3742 4205 Βαϐυ-

2187 4239 2396 4306 λωνίοις
2441 4241 2533 4295 τοῦ
2579 4242 2726 4316 ἱεροῦ
2766 4243 3097 4317 πολιορκίας,
3132 4248 3354 4315 λέλυτο,
3387 4250 3465 4313 ὡς
3495 4247 3550 4314 ἐξ
3574 4242 3745 4298 ἐκείνου

2189 4333 2385 4406 μηκέτι
2411 4335 2501 4388 τὸν
2526 4334 2712 4408 Θρόνον
2738 4336 2920 4401 Δαϐὶδ,
2942 4338 3077 4410 μηδὲ
3100 4341 3238 4405 τοὺς
3266 4343 3336 4394 ἐκ
3363 4340 3659 4414 σπέρματος
3669 4330 3746 4385 (ιδ’

504 4446 927 4502 successoribus
981 4448 1231 4505 evenisse
1287 4458 1503 4507 constat
1552 4461 1776 4525 propter
1833 4455 2077 4526 ipsorum

2202 4423 2278 4478 τοῦ
2307 4424 2620 4496 βασιλεῦσαι
2664 4426 2759 4481 τοῦ
2797 4427 3062 4482 Ἰουδαίων
3097 4428 3325 4497 ἔθνους.
3354 4434 3467 4487 Καὶ
3496 4430 3679 4500 ταύτην
3699 4439 3749 4491 τε

504 4535 835 4609 impietates.
882 4536 1094 4595 Etenim
1146 4557 1272 4597 cum
1316 4558 1384 4600 ex
1432 4546 1641 4603 semine
1690 4546 1860 4603 David
1924 4566 2079 4622 reges

501 4646 679 4702 usque
724 4632 793 4688 ad
849 4633 1165 4690 Jechoniam
1221 4643 1274 4691 et
1328 4653 1502 4709 usque
1563 4639 1633 4696 ad
1690 4639 2075 4713 Babylonicam

496 4722 684 4792 templi
710 4724 1051 4783 obsidionem
1081 4732 1502 4799 permanserint,
1529 4733 1619 4789 ubi
1639 4734 1742 4790 hoc
1770 4734 1949 4805 ipsum
1982 4752 2076 4792 ac-

495 4815 651 4881 cidit,
677 4823 793 4871 tum
817 4833 945 4874 vero
985 4818 1316 4877 dissolutum
1365 4832 1451 4881 cst
1480 4824 1751 4896 'regnum,
1777 4826 1915 4883 adeo
1946 4830 2073 4900 qni-

492 4907 640 4973 dem,
672 4916 733 4963 ut
762 4925 828 4965 ex
858 4911 952 4967 illo
984 4919 1227 4984 tempore
1252 4930 1365 4969 non
1396 4917 1630 4988 amplius
1673 4917 1832 4974 sedes
1877 4918 2067 4987 David,

490 5015 670 5072 neque
716 5003 785 5058 de
829 5004 1037 5060 semine
1064 5006 1198 5087 .ejus
1241 5008 1531 5079 quisquam
1588 5012 1731 5082 apud
1782 5011 2066 5070 Iudaicam

491 5100 707 5162 gentem
752 5097 1082 5165 regnaverit,
1113 5104 1170 5151 et
1200 5096 1343 5154 hanc
1370 5099 1589 5170 quidem
1624 5117 1812 5157 earum
1856 5119 2064 5171 rerum,

486 5198 628 5252 quae,
667 5191 728 5238 ut
770 5186 1018 5255 proxime
1056 5187 1233 5259 posita
1276 5190 1472 5258 psalmi
1521 5192 1789 5261 particula
1841 5194 2068 5250 demon-

484 5292 648 5354 strat,
681 5288 787 5360 ipsi
818 5288 989 5347 David
1011 5294 1299 5365 promissa:
1328 5303 1477 5360 sunt,
1500 5295 1796 5366 jacturam,
1826 5295 2062 5369 Spiritus

484 5389 705 5451 divinus
737 5396 795 5451 in
826 5397 972 5455 hunc
997 5399 1221 5456 modum
1255 5401 1401 5457 canit
1439 5420 1454 5458 :
1495 5421 1516 5455 ι
1550 5403 1631 5458 Τιι
1658 5418 1787 5461 vero
1812 5407 2058 5477 repulisti

485 5501 541 5548 ct
579 5495 901 5568 despexisti',
951 5504 1218 5563 distulisti
1269 5507 1551 5566 Christum
1602 5518 1781 5575 tuum,
1815 5515 2060 5570 evcrtisti

480 5607 869 5662 testamentum
901 5611 1045 5666 servi
1076 5613 1173 5677 tui,
1201 5614 1506 5685 profanasti
1535 5617 1590 5673 in
1619 5625 1762 5676 terra
1798 5629 2056 5676 sanctua-

2185 4519 2287 4591 τὴν
2331 4521 2630 4593 γενομένην
2660 4520 2956 4576 διάπτωσιν
2987 4521 3086 4593 τῆς
3112 4524 3265 4594 πρὸς
3297 4526 3395 4580 τὸν
3425 4524 3584 4581 Δασὶδ
3606 4526 3747 4585 hmo

2184 4611 2371 4681 γελίας
2396 4612 2539 4667 κατὰ
2559 4614 2659 4686 τὴν
2678 4614 3077 4688 προειρημένην
3101 4618 3207 4672 τοῦ
3231 4618 3465 4693 ψαλμοῦ
3492 4615 3749 4691 παράθεσιν

2181 4704 2244 4758 τὸ
2276 4704 2416 4759 θεῖον
2445 4698 2548 4759 ὧδέ
2597 4725 2713 4772 πως
2742 4706 2970 4779 Πνεῦμα
2996 4708 3254 4777 θεσπίζει
3279 4731 3294 4744 ’
3340 4733 3361 4766 ι
3393 4715 3468 4769 Σὺ
3492 4713 3549 4768 δὲ
3576 4706 3748 4764 ἀπώσω

2180 4797 2275 4852 καὶ
2306 4796 2687 4865 ὲξουδένωσας,
2728 4799 2988 4855 άνεόάλου
3038 4802 3130 4857 τὸν
3174 4806 3434 4877 Χριστόν
3480 4823 3603 4862 σοιν
3642 4818 3750 4856 κατ’

2179 4888 2450 4963 έστρεψας
2478 4891 2579 4963 τὴν
2615 4891 2884 4964 διαθήκην
2913 4895 3008 4949 τοῦ
3035 4895 3234 4951 δούλου
3284 4916 3412 4964 σου,
3440 4897 3749 4971 εοεοήλωσας

2177 4982 2255 5045 εἰς
2287 4979 2385 5052 τὴν
2409 4980 2511 5053 γῆν
2537 4980 2598 5034 τὸ
2634 4982 2877 5054 άγίασμα
2897 4985 3063 5039 αὐτοῦ
3084 5003 3098 5016 ·
3130 4987 3411 5056 καθεῖλες
3436 4992 3635 5051 πάντας
3648 4986 3752 5046 τοὺς

2176 5073 2466 5144 φραγμοὺς
2496 5074 2661 5128 αὑτοῦ
2679 5092 2692 5106 ·
2738 5095 2757 5126 ι
2787 5077 2880 5130 καί
2915 5081 3033 5149 μετ’
3063 5079 3228 5150 ὀλίγα
3250 5100 3265 5113 ο
3305 5101 3326 5134 ι
3356 5084 3467 5137 Τὸν
3488 5082 3661 5155 θρόνον
3682 5078 3752 5131 at}-

2172 5163 2267 5217 τοῦ
2301 5167 2381 5228 εἰς
2408 5164 2506 5237 τὴν
2546 5166 2650 5237 γῆν
2684 5168 3044 5241 κατέρραξας.
3080 5174 3444 5247 ἐσμίκρυνας
3505 5175 3603 5239 τὰς
3639 5170 3751 5244 ἡδέ’

2175 5271 2273 5326 ρας
2328 5254 2424 5310 τοῦ
2485 5257 2677 5330 χρόνου
2742 5260 2936 5326 αὐτοῦ,
3006 5262 3292 5333 κατέχεας
3359 5266 3533 5321 αὐτοῦ
3592 5260 3749 5333 alario

2169 5363 2286 5419 νην.
2318 5351 2419 5404 »Ἃ
2464 5351 2558 5404 καὶ
2584 5352 2846 5426 ⁸ὲναργῶς
2893 5353 3181 5427 ἀρξάμενα
3232 5361 3620 5416 συντελεῖσθαι
3664 5354 3754 5411 ἀπὸ

2164 5438 2264 5512 τῆς
2316 5444 2395 5507 εἰς
2439 5442 2733 5499 Βαϐυλῶνα
2769 5447 3143 5518 αἰχμαλωσίας
3168 5451 3277 5505 τοῦ
3309 5453 3453 5508 λαοῦ
3485 5454 3641 5526 μέχρι
3669 5447 3755 5517 τῆς

2177 5533 2465 5605 Ῥωμαίων
2500 5536 2596 5591 καὶ
2629 5537 2880 5610 Τιϐερίου
2916 5541 3279 5619 παρεξετάθη
3333 5548 3639 5621 βασιλείας.
3662 5543 3757 5598 οἶδ’

2164 5621 2275 5688 δεὶς
2299 5623 2430 5695 γοῦν
2462 5627 2527 5681 ὲκ
2568 5627 2669 5698 τῆς
2707 5627 2801 5682 τοῦ
2842 5631 3006 5687 Δαόὶδ
3045 5633 3317 5709 διαδοχῆς
3339 5640 3405 5696 ἐν
3427 5644 3545 5705 τοῖς
3573 5633 3761 5713 μεταξῦ

551 5693 599 5725 ⁸⁸
617 5692 768 5753 Psal.
796 5713 913 5770 xxI,
946 5700 1009 5759 i8
1038 5723 1052 5775 ;
1090 5705 1282 5767 Matth.
1321 5726 1492 5782 xxvu,
1530 5710 1621 5772 55.
1702 5715 1748 5748 “
1774 5712 1922 5775 Psal.
1955 5732 2225 5784 Lxxxvm.
2252 5692 2444 5781 26-50.
2522 5722 2583 5792 “ﬂ
2607 5692 2743 5782 ibid.
2777 5723 2959 5785 36-38.

1646 5802 1709 5819 κστ
