3916 6200
211 247 319 304 555

1115 244 1762 307 DEMONSTRATIONIS
1801 247 2254 307 EVANGELICIE
2294 249 2421 308 LIB.
2465 249 2580 308 Ἦῐ.

3334 255 3466 315 εει

207 363 422 436 χρόνοις
484 362 729 433 φαίνεται
775 365 868 418 ἐπὶ
920 365 1008 420 τὸν
1062 366 1338 437 βασιλικὸν
1385 367 1478 422 τοῦ
1516 369 1745 441 Ἐϐραίω

1846 369 2022 441 _rium
2062 369 2200 438 ejus,
2238 367 2554 425 destruxisti
2608 383 2798 426 omnes
2857 384 3012 444 sepes
3059 369 3178 441 ejus
3216 372 3282 427 “.
3323 391 3342 424 ι
3375 370 3442 427 Ει

205 456 389 521 ἔθνους
453 456 736 523 καθεσθεὶς
790 457 976 529 θρόνον
1030 460 1188 534 μέχρι
1247 463 1345 534 τῆς
1393 463 1488 516 τοῦ
1537 465 1772 536 Χριστοῦ

202 548 519 622 παρουσίας.
554 549 660 604 Τοῦ
709 551 767 604 δὲ
813 553 876 604 ἐκ
920 552 1229 624 σπέρματος
1274 555 1437 608 Δαϐὶδ
1481 558 1771 628 γενομένου

203 642 409 712 Κυρίου
441 645 534 696 καὶ
575 642 828 715 Σωτῆρος
851 645 1004 716 ἡμῶν
1046 646 1220 716 Ἰησοῦ
1246 649 1484 721 Χριστοῦ
1512 649 1773 722 βασιλέως

200 735 293 788 ἐπὶ
339 737 520 790 πᾶσαν
558 733 665 805 τὴν
695 738 1013 810 οἰκουμένην
1065 742 1552 814 ἀνακηρυχθέντος,
1584 742 1771 814 ῶσπερ

196 827 306 880 ἀπὸ
350 827 457 898 γῆς
499 829 589 882 καὶ
623 828 911 902 πτώματος
951 833 1271 899 άνανεωθεὶς
1311 834 1470 900 αὐτὸς
1515 837 1718 898 ἐκεῖνος
1741 837 1770 890 6

193 920 386 991 θρόνος
415 921 578 974 Δαϐὶδ
608 921 696 976 διὰ
731 923 830 994 τῆς
862 923 956 978 τοῦ
987 926 1236 998 Σωτῆρος
1277 927 1430 998 ἡμῶν
1458 927 1637 982 ἐνθέου
1674 925 1769 997 βα-

193 1012 404 1077 σιλείας
446 1012 781 1084 ἀνώρθωται,
817 1017 909 1070 καὶ
951 1017 1190 1089 διαμενεῖ
1218 1021 1298 1083 είς
1337 1020 1426 1072 τὸν
1459 1020 1648 1083 αίῶνα,
1677 1020 1769 1072 καὶ

189 1105 363 1159 εἰσέτι
395 1123 481 1176 γε,
522 1107 597 1170 ῶς
628 1109 656 1161 6
687 1109 836 1178 ἦλιος
875 1110 1112 1164 ἐναντίον
1145 1110 1237 1164 τοῦ
1265 1111 1420 1177 Θεοῦ,
1452 1113 1551 1183 τὴν
1591 1115 1767 1166 πᾶσαν

185 1198 568 1270 καταλάμπων
597 1201 916 1273 οἰκουμένην
939 1205 1057 1268 ταῖς
1089 1204 1268 1257 ἀκτῖσι
1315 1204 1408 1257 τοῦ
1452 1206 1625 1274 φωτὸς
1667 1205 1766 1276 τῆς

182 1288 536 1356 διδασκαλίας
567 1292 753 1359 αὐτοῦ,
787 1294 1091 1358 ἀκολούθως
1125 1299 1189 1368 τῇ
1217 1313 1275 1350 τε
1309 1297 1416 1351 ἀπὸ
1434 1297 1526 1350 τοῦ
1548 1297 1764 1370 ψαλμοῦ

187 1384 488 1456 μαρτυρίᾳ,
524 1387 618 1439 καὶ
652 1385 746 1440 τοῦ
779 1388 917 1460 μετά
961 1392 1148 1461 χεῖρας
1177 1393 1474 1462 προφήτου,
1511 1392 1638 1463 περὶ
1669 1391 1762 1446 τοῦ

181 1475 652 1552 γεννηθησομένου
680 1480 893 1534 παιδίου
920 1481 1182 1550 λέγοντος,
1211 1483 1301 1536 ἐπὶ
1328 1483 1419 1536 τὸν
1451 1483 1636 1556 θρόνον
1657 1487 1762 1540 Δα-

179 1564 294 1630 σὶδ,
333 1567 527 1638 δηλαδὴ
547 1571 638 1622 τὸν
671 1570 887 1626 αἰώνιον
913 1575 1006 1626 και⁹
1032 1574 1246 1648 διαρκῆ,
1270 1575 1359 1628 τὸν
1385 1576 1448 1647 δὴ
1473 1577 1566 1630 καὶ
1591 1580 1762 1648 ἐπηγ-

181 1657 448 1728 γελμένον
477 1659 555 1730 τῷ
583 1662 748 1714 Δαϐὶδ
771 1663 1198 1735 καθεσθήσεσθαι
1231 1647 1392 1718 αὑτὸν
1423 1667 1515 1720 ἐπὶ
1547 1666 1644 1738 τὴν
1668 1647 1762 1737 βα-

1874 467 1998 532 post
2026 475 2199 530 pauca
2232 479 2244 514 :
2284 479 2303 512 ι
2347 458 2541 515 Sedem
2570 460 2690 530 ejus
2717 462 2773 515 in
2805 461 3006 516 terram
3035 463 3306 529 collisisti,
3335 463 3438 520 mi-

1876 553 2041 608 nuisti
2067 553 2182 608 dies
2205 552 2465 623 temporis
2491 551 2630 622 ejus,
2674 551 2963 624 perfudisti
3006 568 3128 608 eum
3158 552 3438 610 confusio-

1874 660 1940 698 ne
1969 645 2036 697 ⁸⁷.
2077 665 2096 697 ι
2126 644 2256 712 Qua:
2287 645 2472 699 omnia
2530 659 2653 699 cum
2700 643 2813 714 jam
2865 644 3051 716 perﬁci
3113 645 3438 717 inceperint,

1872 737 1942 791 ab
1960 752 2024 792 eo
2055 745 2298 808 tempore
2329 752 2436 808 quo
2469 737 2701 807 populus
2734 737 2790 790 in
2834 735 3162 808 Babylonem
3191 739 3441 809 captivus

1871 828 2067 886 ductus
2099 839 2199 896 est,
2231 846 2402 901 usrlue
2435 829 2503 884 ad
2549 829 2913 885 Romanorum
2936 838 2990 884 et
3021 829 3224 887 Tiberii
3268 833 3442 900 impe-

1870 920 2009 974 rium
2036 923 2248 992 prolata
2295 931 2656 992 provectaque
2706 928 2848 978 sunt.
2881 922 3044 992 339
3069 921 3261 979 Nullus
3291 924 3437 978 enim

1867 1025 1932 1064 ex
1976 1027 2173 1082 genere
2225 1011 2392 1067 David
2449 1012 2552 1067 hoc
2580 1019 2693 1068 toto
2731 1011 3056 1067 intermedio
3102 1020 3346 1084 tempore
3379 1012 3436 1066 in

1868 1101 2146 1159 Hebraicae
2177 1105 2352 1174 gemis
2395 1107 2544 1177 regia
2599 1105 2728 1162 sede
2755 1104 2971 1160 videtur
3007 1105 3234 1170 sedisse,
3261 1123 3436 1177 usque

1867 1194 1934 1249 ad
1957 1196 2160 1251 Christi
2182 1197 2494 1252 adventum.
2519 1196 2624 1252 Ubi
2655 1213 2784 1253 vero
2816 1199 3076 1253 Dominus
3103 1208 3156 1254 et
3190 1198 3436 1253 Salvator

1865 1295 2053 1344 noster
2081 1286 2242 1345 Iesus
2289 1288 2562 1354 Christus,
2597 1289 2689 1359 qui
2717 1289 2785 1344 de
2839 1290 3045 1345 semine
3080 1289 3248 1344 David
3281 1296 3434 1344 ortus

1864 1385 1969 1444 est,
2012 1378 2069 1433 in
2106 1386 2282 1434 totum
2307 1381 2493 1435 orbem
2525 1394 2622 1435 rex
2657 1380 3012 1437 denuntiatus
3040 1389 3144 1446 est,
3171 1387 3433 1451 tanquam

1862 1485 1927 1525 ea
1955 1486 2076 1542 quae
2119 1470 2188 1528 de
2218 1480 2365 1528 terra
2393 1481 2449 1528 et
2482 1471 2642 1526 ruina
2691 1473 2994 1529 instaurata
3053 1474 3144 1540 sit,
3173 1474 3291 1544 ipsa
3341 1474 3436 1530 illa

1863 1566 2018 1622 sedes
2047 1565 2216 1621 David
2251 1583 2347 1636 per
2375 1567 2619 1624 divinum
2654 1567 2954 1626 Salvatoris
3001 1567 3174 1622 nostri
3205 1582 3432 1638 regnum

1861 1665 2042 1714 erecta
2065 1668 2168 1723 est,
2196 1666 2252 1713 et
2276 1661 2616 1730 permanebit
2642 1660 2696 1715 iu
2738 1668 3026 1726 aeternum,
3064 1659 3230 1716 veluti
3265 1659 3347 1715 sol
3373 1659 3431 1714 in

186 1749 393 1803 σιλείαν
434 1752 620 1815 αὐτοῦ,
649 1755 990 1826 κατορθῶσαι
1037 1756 1204 1828 αὐτὴν
1254 1759 1347 1810 καὶ
1379 1759 1745 1812 ἀντιλαϐέσθαι

1859 1757 2157 1820 conSpectu
2193 1748 2308 1814 Dei,
2359 1751 2506 1808 illius
2539 1752 2700 1808 .lucis
2750 1752 2939 1816 radiis,
2967 1766 3128 1824 quam
3181 1750 3429 1806 doctrina

177 1842 242 1893 ἐν
275 1841 502 1912 κρίματι
549 1842 644 1896 καὶ
691 1843 1000 1917 δικαιοσύνῃ
1041 1847 1148 1900 ἀπὸ
1179 1847 1273 1900 τοῦ
1309 1848 1402 1901 νῦν
1434 1849 1526 1902 καὶ
1555 1850 1635 1912 είς
1665 1850 1756 1902 τὸν

177 1931 374 1987 αἰῶνα.
384 1934 572 1997 Ὅπως
601 1934 657 1986 δὲ
681 1934 851 1989 ταῦτα
884 1937 1204 2008 ἐπληροῦτο,
1229 1939 1542 2005 διδάσκαλος
1564 1941 1757 2009 γένοιτ’

174 2025 246 2080 ἂν
297 2026 594 2099 ἀξιόχρεως
647 2028 882 2102 Γαϐριὴλ
929 2031 957 2084 6
1003 2030 1234 2100 ἅγγελος
1275 2033 1334 2087 ἐν
1380 2033 1458 2104 τῷ
1490 2035 1626 2106 πρὸς
1658 2035 1756 2108 τὴν

175 2119 456 2192 Παρθένον
506 2123 869 2194 χρηματισμῷ
921 2125 1171 2195 φάσκων·
1233 2145 1252 2176 ι
1281 2125 1372 2197 Μὴ
1418 2126 1603 2196 φοϐοῦ,
1637 2129 1756 2181 Μα-

180 2213 349 2282 ριὰμ·
379 2207 538 2285 εὗρες
571 2213 678 2286 γάρ
711 2216 866 2288 χάριν
901 2208 1051 2288 παρά
1083 2215 1160 2288 τῷ
1193 2217 1461 2299 Θεῷ-,καὶ
1489 2218 1596 2272 ίδοὺ
1633 2219 1756 2272 συλ-

173 2303 324 2378 λήιζιῃ
354 2307 412 2358 ἐν
437 2307 652 2378 γαστρὶ,
673 2308 764 2360 καὶ
788 2308 916 2382 τέξῃ
943 2311 1074 2374 υἱὸν,
1110 2311 1202 2364 καὶ
1226 2311 1472 2376 καλέσεις
1503 2313 1562 2364 τὸ
1586 2313 1754 2382 όνομα

174 2396 341 2449 αὐτοῦ
375 2399 603 2471 Ἰησοῦν.
637 2397 802 2464 Οὗτος
836 2402 985 2456 ἐσται
1016 2403 1208 2473 μέγας,
1232 2404 1323 2457 καὶ
1354 2405 1468 2467 υἱὸς
1498 2405 1749 2474 Ὑψίστου

171 2487 527 2561 κληθήσεται,
569 2494 661 2546 καὶ
693 2493 853 2547 δώσει
883 2493 1031 2564 αὐτῷ
1059 2495 1263 2568 Κύριος
1290 2498 1318 2550 6
1349 2497 1481 2561 θεὸς
1505 2499 1596 2550 τὸν
1625 2498 1750 2570 θρό-

169 2597 263 2635 νον
297 2581 462 2636 Δαϐὶδ
499 2584 590 2636 τοῦ
621 2587 826 2657 πατρὸς
859 2588 1044 2651 αὑτοῦ,
1071 2589 1164 2642 καὶ
1199 2589 1504 2659 βασιλεύσει
1536 2592 1627 2644 ἐπὶ
1659 2592 1750 2644 τὸν

167 2667 320 2726 οἷκον
363 2674 558 2728 Ἰακὼϐ
591 2679 670 2741 είς
695 2678 785 2731 τὸν
819 2679 1010 2745 αἰῶνα,
1035 2683 1128 2735 καὶ
1153 2682 1253 2752 τῆς
1282 2682 1555 2753 βασιλείας
1584 2681 1747 2735 αὐτοῦ

167 2768 270 2819 οὐκ
301 2767 454 2821 ἔσται
479 2769 648 2833 τέλος.
685 2792 701 2820 ι
738 2772 951 2842 Ταύτην
991 2777 1046 2827 ἐν
1078 2773 1156 2844 τῷ
1200 2775 1581 2846 προειρημένῳ
1611 2775 1747 2845 ψαλ-

170 2859 257 2930 μῷ
286 2861 383 2914 καὶ
415 2863 442 2914 ό
478 2863 758 2934 προφήτης
792 2865 1100 2934 προσδοκῶν
1137 2867 1234 2938 τὴν
1264 2865 1357 2919 τοῦ
1385 2866 1617 2939 Χριστοῦ
1653 2867 1746 2935 γέ·-

165 2967 334 3016 νεσιν,
367 2954 466 3023 τήν
502 2970 558 3005 τε
597 2955 886 3026 ὑπέρθεσιν
913 2957 1102 3027 αὐτῆς,
1137 2959 1228 3010 καὶ
1269 2958 1530 3030 ἀναϐολὴν
1559 2958 1747 3032 ὥσπερ

165 3042 349 3095 αἰτίαν
400 3045 638 3116 συνορῶν
681 3048 778 3117 τῆς
818 3047 912 3100 τοῦ
941 3049 1129 3120 θρόνου
1163 3049 1324 3102 Δαϐὶδ
1355 3049 1741 3114 ἀποπτώσεως,

164 3135 537 3189 ἀποδυσπετεῖ
561 3137 732 3206 λέγων
753 3157 764 3169 ·
797 3159 813 3190 ‹
842 3141 912 3192 Σὺ
933 3141 989 3193 δὲ
1014 3140 1217 3194 ἀπώσω
1242 3141 1335 3195 καὶ
1363 3141 1741 3206 ἐξουδένωσας,

161 3227 431 3282 ἁνεϐάλου
461 3229 551 3281 τὸν
582 3231 812 3301 Χριστόν
847 3249 961 3286 σου.
997 3251 1014 3284 ι
1054 3233 1287 3304 Εῦχεται
1318 3235 1374 3287 δέ
1405 3235 1591 3306 ὥσπερ
1624 3235 1748 3287 δυσ-

158 3317 333 3372 ωπῶν
380 3319 441 3370 τὸ
484 3319 654 3383 Θείον,
755 3321 919 3390 τάχος
953 3321 1304 3395 πληρωθῆναι
1343 3324 1411 3377 τὰ
1447 3323 1548 3393 τῆς
1575 3327 1746 3392 ἐπαγ-

158 3408 375 3478 γελίας,
407 3409 629 3479 φάσκων
656 3429 668 3441 ·
704 3431 720 3462 ι
753 3412 862 3465 Ποῦ
905 3415 1020 3466 ἐστι
1051 3415 1116 3468 τὰ
1146 3416 1268 3486 ἐλέη
1303 3433 1392 3468 σου
1424 3416 1490 3469 τὰ
1523 3418 1741 3488 ἀρχαῖα,

153 3500 364 3572 Κύριε,
401 3500 436 3553 ἃ
468 3501 684 3572 ῶμοσας
717 3503 795 3574 τῷ
822 3505 984 3556 Δαϐὶδ
1028 3507 1085 3559 ἐν
1133 3509 1198 3576 τῇ
1231 3506 1458 3578 ἀληθείᾳ
1488 3523 1614 3572 anu;
1650 3527 1668 3558 ι
1707 3507 1743 3560 δι

149 3591 218 3666 δὴ
283 3593 595 3660 σαφέστατα
647 3594 741 3647 καλ⁵
792 3595 930 3648 αὺτά
979 3596 1042 3667 δὴ
1095 3597 1263 3650 ταῦτα
1291 3598 1740 3670 πληρωθήσεσθαι

148 3684 251 3736 ἐπὶ
281 3687 348 3755 τῇ
381 3685 590 3752 γενέσει
618 3685 708 3738 τοῦ
745 3687 844 3757 τῆς
880 3687 1119 3759 μεγάλης
1151 3689 1344 3759 βουλῆς
1379 3691 1608 3759 ἀγγέλου
1654 3692 1741 3744 θε-

151 3776 347 3840 σπίζει
368 3794 382 3806 ·
425 3777 540 3846 Ἐφ’
567 3771 610 3845 ᾧ
654 3777 961 3850 θελήσουσι,
991 3782 1174 3852 φησὶν,
1203 3783 1252 3834 οἱ
1281 3784 1740 3853 προαποδοθέντες

148 3875 199 3924 εἰ
243 3871 588 3942 ἐγενηθησαν
654 3873 1032 3944 πυρίκαυστοι⁸
1067 3893 1086 3926 ι
1134 3875 1263 3929 διότι
1325 3876 1531 3930 παιδίον
1585 3880 1736 3947 ἐγεν-

144 3965 293 4035 νήθη
329 3967 486 4035 ἡμῖν,
523 3966 615 4018 καὶ
653 3965 763 4029 υίὸς
792 3965 942 4036 ἐδόθη
978 3969 1106 4039 ἡμῖν
1137 3969 1165 4020 6
1192 3967 1288 4038 τῆς
1332 3969 1574 4040 μεγάλης
1613 3983 1736 4040 ρου-

145 4056 250 4124 λῆς
285 4055 538 4123 ἅγγελος.
582 4075 601 4108 ι
639 4057 837 4112 Τίσιδέ
869 4061 1000 4130 ἡμῖν
1045 4060 1077 4131 ἢ
1129 4063 1243 4124 τοῖς
1275 4063 1354 4124 εἰς
1379 4061 1537 4114 αὑτὸν
1572 4080 1734 4115 πεπι-

146 4149 414 4199 στευκόσι
442 4151 556 4212 τοῖς
586 4151 646 4201 ἐν
687 4152 752 4220 τῇ
801 4149 1058 4222 Γαλιλαίᾳ
1086 4151 1194 4204 τῶν
1221 4151 1417 4216 ἐθνῶν,
1452 4149 1532 4216 οἷς
1566 4154 1736 4217 αἴτιος

141 4240 450 4309 γεγένηται
482 4240 657 4309 φωτὸς
691 4243 781 4294 καὶ
808 4242 1160 4315 εὐφροσύνης,
1193 4244 1378 4298 καινοῦ
1413 4262 1470 4298 τε
1497 4248 1588 4298 καὶ
1613 4246 1731 4298 νέου

141 4332 344 4397 ποτοῦ,
381 4333 481 4402 τῆς
525 4335 714 4404 καινῆς
761 4333 1036 4406 Διαθὴκης
1081 4339 1396 4408 μυστηρίου,
1449 4338 1586 4391 κατὰ
1634 4340 1730 4410 τὴν

142 4432 408 4500 φήσασαν
461 4427 820 4498 προφητείαν,
880 4447 896 4479 ι
925 4428 1094 4480 Τοῦτο
1144 4430 1377 4501 πρῶτον,
1428 4431 1537 4493 πίε,

141 4519 319 4583 ποίει,
353 4517 507 4588 χώρα
557 4517 856 4580 Ζαϐουλὼν,
896 4519 988 4570 καὶ
1037 4519 1108 4590 γῆ
1162 4521 1499 4591 Νεφθαλεὶμ,
1539 4523 1631 4575 καὶ
1679 4523 1727 4574 οἱ

137 4611 330 4666 λοιποὶ
371 4612 417 4662 οἱ
460 4609 556 4680 τὴν
597 4609 867 4681 παραλίαν
899 4611 1170 4675 οἰκοῦντες
1195 4612 1366 4684 πέραν
1393 4613 1487 4666 τοῦ
1529 4614 1727 4685 Ἰορδά-

136 4719 265 4764 νου,
305 4698 562 4754 Γαλιλαία
586 4698 693 4752 τῶν
722 4699 904 4752 ἐθνῶν·
934 4703 962 4754 6
981 4701 1107 4766 λαὸς
1127 4705 1153 4755 6
1181 4703 1485 4775 καθήμενος
1517 4705 1574 4756 ὲν
1605 4705 1728 4757 σκό-

135 4809 252 4856 τει,
274 4790 396 4860 φῶς
442 4791 575 4844 ἴδετε
605 4791 783 4868 μέγα·
820 4795 912 4846 καὶ
943 4796 1052 4856 τοῖς
1091 4793 1414 4865 καθημένοις
1449 4797 1506 4848 ἐν
1551 4797 1728 4850 σκότει

133 4885 244 4940 καὶ
269 4887 402 4955 σκιᾷ
428 4885 676 4951 θανάτου,
711 4885 825 4957 φῶς
849 4887 1115 4940 ἀνέτειλεν
1141 4889 1353 4954 αὐτοῖς
1392 4908 1408 4938 ι
1442 4885 1563 4940 Εἶεν
1588 4888 1630 4940 δ’
1663 4887 1726 4941 ἂν

129 4977 200 5029 ἐν
237 4974 452 5038 τούτοις
479 4974 792 5047 δηλούμενοι
826 4978 953 5030 οἵτε
987 4978 1044 5041 ἐξ
1074 4978 1242 5030 ἐθνῶν
1273 4981 1349 5044 εἰς
1375 4981 1464 5032 τὸν
1493 4984 1725 5054 Χριστὸν

123 5065 236 5120 τοῦ
274 5065 411 5119 Θεοῦ
439 5067 880 5136 πεπιστευκότες,
911 5067 1004 5120 καὶ
1054 5068 1102 5120 οἱ
1145 5069 1237 5120 τοῦ
1287 5069 1536 5141 Σωτῆρος
1565 5071 1723 5143 ἡμῶν

131 5157 390 5228 μαθηταὶ
441 5160 533 5212 καὶ
577 5159 880 5224 ἀπόστολοι,
913 5159 1004 5225 οὒς
1033 5161 1138 5213 ἀπὸ
1171 5161 1273 5232 γῆς
1314 5160 1596 5215 Ζαϐουλὼν
1630 5163 1724 5215 καί⁸

125 5250 464 5323 Νεᾷθαλεὶμ
505 5253 996 5323 ἀνακαλεσάμενος,
1033 5251 1311 5318 ἐξελέξατο
1344 5254 1590 5324 κήρυκας
1625 5253 1718 5308 τοῦ

125 5341 496 5410 Εὑαγγελίου.
535 5344 753 5407 Τούτοις
782 5345 878 5411 μὲν
928 5340 1019 5398 οὖν
1060 5347 1088 5397 6
1126 5345 1225 5415 τῆς
1255 5345 1493 5417 μεγάλης
1521 5345 1718 5419 βουλῆς

123 5437 371 5505 ἇγγελπ
406 5437 520 5500 υἱὸς
553 5437 726 5508 ἐδόθη,
766 5439 1036 5510 σωτηρίας
1068 5441 1256 5503 αἴτιος·
1277 5443 1387 5504 τοῖς
1415 5441 1472 5494 δὲ
1505 5444 1583 5505 εἰς
1615 5443 1715 5495 αὐ-

119 5527 229 5581 τὸν
259 5529 616 5599 ἠπιστηκόσι,
636 5529 802 5600 πυρὸς
841 5529 1038 5601 δηλαδὴ
1073 5530 1167 5584 καὶ
1194 5531 1632 5604 καύσεως.”ολης
1659 5533 1715 5585 δὲ

1590 4431 1726 4499 ταχὺ
1761 4465 1803 4518 D

1862 1840 2008 1896 illius
2033 1855 2144 1912 pra:
2165 1856 2224 1896 se
2246 1839 2371 1907 fert,
2413 1849 2584 1898 totum
2610 1843 2798 1898 orbem
2827 1849 3097 1898 terrarum
3122 1842 3427 1908 illustrans;

1858 1931 2004 2002 quod
2029 1931 2247 2004 quidem
2278 1941 2332 1989 et
2361 1935 2554 2004 psalmi
2582 1935 2830 2005 proximo
2860 1934 3175 1990 testimonio
3197 1948 3429 1989 consen-

1858 2033 2075 2080 taneum
2103 2035 2205 2091 est,
2231 2035 2284 2082 et
2312 2026 2439 2082 huic
2455 2029 2754 2098 prophetre,
2792 2027 2860 2082 de
2883 2042 2990 2096 quo
3013 2041 3160 2082 nunc
3189 2026 3424 2097 agimus,

1855 2117 1949 2189 qui
2011 2117 2080 2173 de
2124 2133 2298 2190 puero
2330 2119 2542 2174 orituro
2583 2119 2679 2182 ait,
2713 2120 2892 2189 ipsum
2949 2118 3007 2172 in
3051 2116 3180 2174 sede
3231 2117 3424 2181 David,

1854 2216 2058 2264 aeterna
2079 2199 2330 2266 videlicet
2353 2224 2416 2264 ac
2447 2217 2819 2280 permanente,
2851 2223 2971 2279 qua:
2993 2209 3155 2264 etiam
3187 2209 3291 2280 ipsi
3319 2209 3425 2264 Da-

1853 2303 1942 2357 vid
1968 2303 2236 2373 promissa
2269 2311 2374 2368 est,
2394 2319 2674 2360 sessurum
2704 2305 2758 2359 in
2789 2304 3178 2377 regno\ipsius,
3209 2313 3267 2359 ut
3295 2304 3423 2358 diri-

1853 2401 1943 2464 gat
1971 2393 2103 2449 illud
2137 2401 2192 2450 et
2225 2394 2494 2466 suscipiat
2547 2395 2604 2449 in
2639 2394 2850 2464 judicio
2873 2404 2928 2448 et
2967 2393 3182 2462 justitia
3224 2393 3294 2448 ab
3316 2393 3421 2448 hoc

1852 2486 1972 2555 ipso
2003 2496 2243 2557 tempore
2281 2502 2457 2556 usque
2481 2487 2536 2540 in
2567 2486 2848 2542 saeculum.
2872 2484 3042 2541 Porro
3075 2493 3254 2541 autem
3286 2500 3420 2556 quo-

1852 2579 2012 2633 modo
2045 2579 2159 2633 haec
2188 2579 2305 2649 ipsa
2332 2579 2600 2648 completa
2631 2577 2762 2641 sint,
2815 2578 2950 2634 satis
3009 2576 3224 2632 abunde
3256 2577 3422 2632 doceo

1851 2687 1909 2726 re
1931 2686 2030 2725 nos
2053 2677 2232 2740 potest
2253 2671 2478 2742 angelus
2507 2668 2747 2733 Gabriel,
2773 2671 2830 2725 in
2857 2684 2920 2724 ea
2957 2669 3282 2726 allocutione
3311 2686 3419 2742 qua

1849 2763 1914 2818 ad
1947 2762 2220 2834 Virginem
2257 2777 2392 2818 usus
2440 2770 2525 2818 est
2578 2762 2658 2817 sic
2708 2761 2895 2817 dicens
2942 2776 2957 2812 :
2999 2779 3017 2810 ι
3072 2759 3150 2816 Νε
3199 2761 3415 2826 timeas,

1850 2853 2038 2919 Maria,
2080 2853 2336 2909 invenisti
2391 2854 2534 2908 enim
2587 2852 2828 2924 gratiam,
2870 2851 3012 2922 apud
3045 2849 3253 2920 Deum;
3288 2866 3416 2908 ecce

1848 2945 2124 3016 concipies
2159 2946 2214 3000 in
2257 2953 2412 3000 utero
2445 2952 2500 2999 et
2547 2945 2727 3016 paries
2767 2942 2956 3008 ﬁlium,
2983 2952 3037 2999 et
3063 2944 3288 3001 vocabis
3315 2960 3420 3000 no-

1849 3056 1969 3094 men
1994 3039 2114 3108 ejus
2142 3038 2352 3103 Jesum,
2383 3039 2470 3093 hic
2495 3038 2599 3093 erit
2643 3052 2892 3109 magnus,
2924 3047 2978 3094 et
3025 3037 3167 3094 ﬁlius
3196 3038 3418 3094 Altissi-

1848 3131 1918 3185 mi
1952 3132 2254 3193 vocabitur,
2287 3139 2342 3186 et
2369 3131 2520 3186 dabit
2547 3132 2596 3186 ei
2632 3129 2894 3186 Dominus
2913 3130 3056 3186 Deus
3095 3130 3277 3187 sedem
3309 3131 3418 3185 Da-

1847 3221 1934 3273 vid
1964 3221 2132 3289 patris
2167 3221 2308 3288 ejus,
2335 3228 2388 3274 et
2422 3220 2669 3291 regnabit
2705 3221 2756 3274 in
2784 3220 2946 3274 domo
2969 3217 3140 3273 Jacob
3173 3220 3226 3273 in
3250 3229 3411 3274 mter-

1844 3329 1994 3373 nnm.
2032 3321 2084 3367 et
2108 3313 2258 3382 regni
2297 3312 2418 3381 ejus
2464 3329 2570 3366 non
2604 3313 2709 3366 erit
2756 3313 2879 3367 ﬁnis
2905 3313 2972 3375 ⁸⁸,
3018 3333 3035 3365 ι
3063 3312 3239 3383 ipsum
3267 3311 3415 3367 hunc

1844 3407 1898 3460 in
1959 3408 2166 3478 psalmo
2219 3406 2502 3476 superiore
2549 3407 2711 3459 etiam
2770 3407 3033 3478 propheta
3085 3414 3412 3477 exspectans

1801 3511 1804 3520 '
1843 3501 2042 3554 Christi
2079 3509 2278 3562 ortum,
2307 3508 2360 3554 et
2390 3513 2596 3552 moram
2621 3499 2761 3566 ejus,
2793 3501 3224 3570 dilationemque
3255 3502 3411 3572 quasi

1843 3593 2014 3645 ruinae
2039 3592 2185 3647 sedis
2219 3591 2384 3645 David
2415 3606 2635 3645 causam
2674 3591 2990 3660 inspiciens,
3021 3593 3181 3649 taedio
3204 3594 3411 3664 ingenti

1840 3684 2091 3750 alﬁcitur,
2118 3694 2170 3738 ct
2213 3683 2289 3738 ait
2329 3703 2342 3739 :
2386 3703 2403 3734 ‹
2442 3682 2522 3737 Tu
2555 3699 2683 3736 vero
2715 3683 2962 3752 repulisti
2995 3692 3049 3766 et
3089 3685 3407 3755 despexisti,

1840 3775 2099 3831 distulisti
2160 3775 2441 3831 Christum
2500 3783 2672 3829 tuum.
2711 3796 2730 3828 υ
2773 3775 2976 3832 Deinde
3023 3777 3180 3848 quasi
3211 3778 3410 3834 timens

1839 3884 1902 3922 ac
1927 3867 2234 3938 suspicans,
2268 3867 2436 3922 Deum
2461 3868 2638 3938 ipsum
2666 3879 2805 3932 orat,
2839 3877 2899 3922 ut
2929 3884 3094 3940 quam
3124 3871 3410 3927 celerrime

1838 3979 1898 4017 ea
1931 3980 2050 4032 qua:
2074 3963 2342 4033 promissa
2386 3973 2514 4016 sunt
2551 3961 2932 4028 exhibeantur,
2965 3961 3156 4019 dicens
3196 3983 3209 4018 :
3248 3982 3268 4014 ι
3301 3961 3407 4019 Ubi

1838 4065 1965 4110 sunt
1997 4054 2387 4111 misericordia:
2420 4065 2525 4110 tuae
2561 4055 2830 4124 antiquae,
2865 4054 3114 4118 Domine.
3145 4071 3284 4127 quas
3311 4056 3403 4126 ju-

1835 4150 1969 4202 rasti
2007 4149 2170 4203 David
2199 4149 2252 4202 in
2285 4148 2515 4202 veritate
2557 4154 2650 4202 tua
2681 4149 2765 4201 ‘9?
2803 4169 2821 4200 ι
2861 4164 2982 4219 qua:
3009 4147 3232 4218 quidem
3261 4149 3404 4220 ipsa,

1836 4241 1974 4309 ipsa,
2006 4241 2248 4312 inquam,
2288 4240 2402 4295 haec
2432 4239 2752 4311 planissime
2811 4240 3134 4311 complenda
3183 4256 3306 4298 esse
3347 4243 3404 4299 in

1834 4340 1958 4387 ortu
1989 4333 2167 4403 magni
2203 4332 2421 4389 consilii
2463 4333 2640 4403 angeli
2673 4331 3005 4388 vaticinatur
3037 4351 3050 4388 :
3084 4332 3142 4387 in
3176 4350 3284 4405 quo
3307 4353 3406 4390 vo-

1836 4431 1966 4494 lent,
1992 4430 2188 4500 inquit,
2216 4430 2253 4483 ii
2287 4429 2356 4485 de
2385 4430 2584 4501 quibus
2610 4437 2772 4485 antea
2801 4429 3010 4486 dictum
3040 4439 3148 4498 εει,
3183 4433 3231 4487 si
3269 4432 3405 4496 fuis-

1833 4529 1952 4577 sent
2000 4521 2124 4592 igne
2152 4522 2448 4578 combusti.
2487 4521 2760 4588 Quoniam
2797 4523 3063 4593 puerulus
3110 4533 3274 4582 natus
3320 4535 3405 4582 est

1829 4614 2007 4676 nobis,
2033 4622 2086 4670 et
2126 4614 2269 4670 ﬁlius
2300 4614 2461 4670 datus
2491 4622 2576 4670 est
2621 4615 2802 4681 nobis,
2840 4617 3024 4688 magni
3062 4618 3279 4672 consilii
3313 4633 3405 4672 an-

1827 4707 2000 4777 gelus.
2034 4707 2243 4773 Quibus
2295 4713 2475 4762 autem
2508 4707 2689 4773 nobis,
2716 4708 2819 4764 nisi
2877 4708 2948 4765 iis
2973 4709 3070 4781 qui
3115 4710 3170 4764 in
3221 4711 3400 4780 ipsum

1828 4795 2182 4863 credidimus,
2209 4797 2301 4868 qui
2332 4798 2386 4850 in
2419 4793 2639 4852 Galilaaa
2673 4799 2915 4871 gentium
2956 4816 3172 4868 sumus,
3202 4801 3400 4870 quibus

1827 4901 2018 4945 auctor
2042 4890 2220 4947 factus
2253 4897 2336 4946 est
2367 4890 2589 4946 luminis
2619 4899 2672 4946 et
2711 4894 2934 4960 lmtitim,
2967 4902 3022 4950 et
3043 4896 3280 4950 recentis
3301 4909 3402 4948 no-

1827 4982 1992 5052 vique
2051 4992 2235 5053 potus,
2271 4982 2407 5039 Novi
2464 4983 2800 5041 Testamenti
2857 4986 3127 5055 mysterii,
3164 4994 3222 5039 ut
3280 4988 3401 5056 ipsa

1827 5089 2044 5144 quoque
2083 5075 2367 5146 prophetia
2425 5077 2499 5130 ait
2529 5121 2543 5143 ,
2578 5078 2742 5150 340
2776 5097 2794 5130 ‹
2838 5077 3082 5134 Primum
3109 5078 3254 5142 bibe,
3288 5077 3398 5132 cito

1825 5166 1932 5234 fac,
1958 5166 2105 5237 regio
2144 5165 2410 5234 Zabulon,
2445 5177 2498 5224 et
2529 5180 2668 5226 terra
2700 5169 3071 5238 Nephthalim,
3122 5179 3176 5225 et
3199 5169 3402 5240 reliqui

1825 5259 2156 5314 maritimam
2221 5259 2521 5318 incolentes
2580 5263 2721 5315 ultra
2782 5259 3114 5326 Iordanem,
3175 5261 3402 5318 Galilaaa

1823 5351 2065 5422 gentium
2091 5369 2105 5406 :
2142 5353 2374 5424 populus
2400 5354 2596 5410 sedens
2622 5355 2678 5407 in
2711 5353 2978 5419 tenebris,
3004 5354 3187 5410 videte
3217 5355 3393 5410 lucem

1825 5458 2096 5514 magnam,
2122 5451 2176 5500 et
2198 5446 2514 5501 sedentibus
2536 5447 2586 5500 in
2616 5445 2864 5507 tenebris
2890 5452 2946 5500 et
2959 5447 3155 5500 umbra
3182 5449 3398 5513 mortis,

1824 5535 1914 5589 lux
1949 5544 2065 5588 orta
2097 5546 2179 5591 est
2201 5539 2282 5594 eis
2309 5539 2355 5570 ⁷⁰
2400 5559 2416 5589 i
2444 5539 2467 5591 ?
2499 5537 2638 5592 Sunt
2665 5555 2802 5600 vero
2828 5548 2872 5607 ῃ
2895 5537 2989 5612 qui
3025 5539 3080 5590 in
3104 5537 3192 5591 his
3223 5538 3402 5595 verbis

239 5690 284 5718 “
306 5687 453 5746 Psal.
489 5706 748 5757 cxxxvm,
786 5691 968 5746 59-“.
1050 5692 1088 5723 ⁸⁷
1139 5691 1270 5745 ibid.
1306 5694 1393 5762 45,
1427 5695 1492 5748 46
1591 5697 1634 5728 ⁵³
1661 5694 1737 5751 Lu

1846 5714 1876 5765 l,
1919 5696 2098 5755 50-33.
2179 5700 2219 5732 "
2242 5697 2384 5755 Psal.
2414 5716 2678 5766 ωωινιιι,
2726 5703 2821 5770 ὃς)
2841 5769 2865 5785 ‘
2942 5699 2990 5731 “
3016 5691 3124 5746 λεδ.
3149 5708 3226 5756 ιι,
3255 5693 3310 5754 ὶν
3333 5692 3400 5744 ‘1’.
