3916 6200
268 187 374 245 557

1183 200 1836 261 DEMONSTRA‘HOMS
1872 202 2332 266 EVANGELICE
2370 207 2501 265 LIB.
2541 206 2653 266 ΥΠ.

3405 214 3510 271 538

273 302 477 360 οὐκοῦν
521 302 765 363 λείπεται
800 310 891 365 ἐπὶ
943 311 1032 367 τὸν
1080 313 1217 384 μετὰ
1260 314 1432 375 ταῦτα
1474 319 1538 375 ἐκ
1594 315 1842 388 Βηθλεὲμ

1947 326 2073 375 ante
2104 320 2207 375 hoc
2234 322 2516 377 oraculum
2553 322 2714 378 armis
2742 328 2991 378 mortuus
3020 328 3136 388 est;
3166 326 3424 393 μητίετα
3444 340 3513 380 ne

267 397 558 469 γενόμενον
588 399 677 455 τὸν
718 400 930 471 ἀληθῶς
980 404 1321 478 Ἐμμανουὴλ
1340 447 1355 470 ,
1386 407 1476 461 τὸν
1508 407 1615 478 πρὸ
1661 408 1841 478 πάσης

267 488 500 553 κτίσεως
526 492 760 561 προόντα
787 493 916 549 Θεὸν
947 496 1117 565 Λόγον
1146 498 1239 551 καὶ
1268 498 1384 569 μεθ’
1410 499 1564 571 ἡμῶν
1590 499 1725 553 Θεὸν
1753 499 1841 552 λε-

268 578 519 650 γόμενον,
558 583 1004 655 συμπληροῦσθαι
1059 588 1126 642 τὰ
1156 590 1547 662 γεγραμμένα·
1576 592 1699 646 ἐπεὶ
1750 593 1842 645 καὶ

269 672 301 741 ἡ
327 673 384 723 ἐν
407 672 651 744 Βηθλεέμ
679 674 887 743 γένεσις
911 679 1072 735 αὐτοῦ
1100 681 1354 753 ἄντικρυς
1381 683 1515 737 Θεοῦ
1540 685 1842 755 παρουσίαν

266 763 458 833 ἐδήλου
490 766 576 819 διὰ
605 768 710 821 τῶν
734 771 851 823 κατ’
890 774 1060 844 αὐτὴν
1110 774 1446 847 παραδόξων.
1477 777 1680 848 Γράφει
1712 776 1842 846 γοῦν

265 856 297 909 ὁ
325 859 538 921 Λουκᾶς
574 860 760 915 τοῦτον
806 863 1030 935 ἱστορῶν
1067 865 1156 918 τὸν
1194 867 1390 938 τρόπον
1411 885 1422 897 ·
1454 887 1471 919 ι
1508 869 1752 937 Ἐγένετο
1780 870 1841 922 δὲ

266 948 328 1002 ὲν
362 954 479 1014 ταῖς
518 953 743 1023 ἡμέραις
786 956 1051 1020 ἐκείναις,
1096 958 1287 1029 ἐξῆλθε
1315 960 1487 1031 δόγμα
1528 961 1677 1033 παρά
1707 962 1843 1014 Καί-

267 1058 436 1111 σαρος
497 1043 807 1111 Αὐγούστου
870 1047 964 1100 τοῦ
1029 1050 1449 1122 ἀπογράψασθαι
1507 1054 1687 1106 πᾶσαν
1743 1054 1842 1124 τὴν

264 1135 591 1205 οἰκουμένην
612 1154 624 1166 ·
663 1138 799 1209 αὐτη
836 1141 1131 1214 ἀπογραφὴ
1163 1144 1352 1216 πρώτη
1382 1146 1597 1214 ἐγένετο
1636 1150 1841 1218 ἠγεμο-

264 1227 512 1292 νεύοντος
538 1230 637 1299 τῆς
661 1231 860 1301 Συρίας
887 1234 1177 1307 Κυρηνίου.
1208 1238 1317 1291 Καὶ
1349 1238 1672 1311 ἐπορεύοντο
1704 1242 1840 1293 πάν-

263 1336 358 1383 τες
389 1322 815 1391 ἀπογράφεσθαι,
855 1324 1079 1390 ἕκαστος
1139 1329 1225 1391 είς
1269 1329 1370 1402 τὴν
1421 1330 1614 1384 ἐαυτοῦ
1666 1332 1837 1386 πόλιν.

268 1411 468 1487 ¹Ἀνέϐη
495 1412 550 1464 δὲ
584 1414 677 1466 ml
718 1414 915 1486 Ἰωσὴφ
940 1417 1045 1471 ἀπὸ
1073 1420 1172 1490 τῆς
1202 1420 1514 1489 Γαλιλαίας,
1538 1425 1602 1476 ἐκ
1637 1423 1843 1488 πόλεως

264 1502 519 1574 Ναζαρὲθ
551 1508 630 1569 εἰς
673 1508 771 1579 τὴν
823 1509 1115 1575 Ἰουδαίαν,
1145 1513 1226 1577 είς
1280 1514 1433 1567 πόλιν
1483 1516 1673 1581 Δαεῖὶδ,
1720 1517 1842 1586 ἣτις

1942 425 1977 467 a
2006 412 2201 469 diebus
2248 414 2470 483 quidem
2520 414 2705 471 saeculi
2754 414 2936 470 exitus
2990 429 3120 469 suos
3158 414 3289 470 fecit
3321 414 3509 472 David.

1945 500 2209 573 Superest
2235 504 2401 575 igitur
2432 512 2491 558 ut
2520 505 2576 558 in
2605 520 2692 568 eo,
2722 505 2815 575 qui
2842 504 3077 574 posthac
3108 503 3177 559 de
3198 503 3510 561 Bethlehem

1942 592 2328 661 proﬁciscitur,
2383 608 2441 648 re
2482 608 2610 650 vera
2660 593 3018 657 Emmanuel,
3077 594 3277 665 quippe
3322 597 3511 648 omnia

1943 699 2064 754 quae
2090 696 2273 740 creata
2305 695 2433 741 sunt
2458 686 2751 748 antecedit,
2781 695 2834 742 et
2861 686 3002 742 Deus
3028 686 3292 751 Verbum,
3324 697 3378 742 et
3408 704 3511 741 no-

1945 777 2154 833 biscum
2183 777 2326 832 Deus
2351 779 2678 849 appellatur,
2713 794 2834 848 qua:
2863 779 2951 833 hic
2982 780 3188 849 scripta
3212 788 3340 835 sunt
3362 794 3504 833 eom-

1943 870 2192 941 pleantur
2226 889 2240 926 :
2271 873 2528 941 quoniam
2552 872 2669 942 ipse
2698 888 2914 941 quoque
2946 873 3091 927 illius
3110 873 3168 927 in
3196 871 3509 928 Bethlehem

1942 973 2115 1022 ortus.
2144 964 2461 1033 planissime
2498 963 2592 1020 Dei
2629 964 2921 1019 adventum
2959 964 3308 1034 signiﬁcavit,
3344 982 3410 1022 ex
3443 966 3514 1023 iis

1943 1052 2354 1110 adinirabilibus
2394 1055 2580 1115 rebus.
2604 1072 2726 1124 quae
2766 1055 2909 1125 apud
2964 1055 3133 1125 ipsam
3172 1057 3319 1111 illam
3350 1057 3512 1114 Beth-

1942 1146 2115 1201 lebem
2148 1159 2467 1204 evenerunt.
2504 1150 2784 1220 Siquidem
2820 1150 2996 1207 Lucas
3030 1153 3083 1206 in
3107 1153 3253 1208 hunc
3284 1155 3510 1209 mod-nm

1939 1256 2206 1295 enarrans
2227 1240 2493 1296 describit
2525 1262 2538 1298 :
2586 1262 2605 1293 ι
2645 1242 2872 1298 Factum
2917 1254 3001 1299 est
3031 1256 3208 1300 autem
3240 1247 3293 1299 in
3318 1246 3509 1303 diebus

1941 1330 2070 1386 illis.
2100 1329 2244 1385 Exiit
2268 1331 2506 1387 edictum
2531 1347 2562 1386 a
2598 1333 2812 1390 Caesare
2841 1334 3109 1406 Augusto,
3148 1345 3205 1389 ut
3234 1336 3512 1391 describe-

1941 1428 2093 1477 retur
2120 1423 2413 1479 universus
2443 1424 2594 1479 orbis
2635 1444 2648 1479 :
2686 1426 2801 1480 haec
2840 1425 3135 1495 descriptio
3161 1426 3337 1495 prima
3370 1425 3512 1481 facta

1940 1518 2025 1564 est
2054 1511 2284 1579 praeside
2319 1509 2489 1583 Syriae
2517 1512 2772 1583 Cyrenio.
2794 1513 2857 1568 Et
2900 1515 3056 1569 ibant
3094 1530 3286 1569 omnes
3312 1522 3370 1568 ut
3392 1530 3514 1585 pro-

264 1594 510 1648 καλεῖται
550 1597 795 1669 Βηθλεέμ
818 1640 833 1663 ,
880 1599 965 1654 διὰ
996 1601 1057 1655 τὸ
1089 1599 1225 1655 εἶναι
1256 1605 1417 1658 αὐτὸν
1461 1606 1521 1670 ἐξ
1563 1606 1713 1660 οἴκου
1748 1607 1841 1660 καὶ

1943 1603 2226 1657 literentur
2254 1604 2453 1675 singuli
2488 1604 2540 1659 in
2572 1620 2727 1659 suam
2759 1607 3059 1660 civitatem.
3112 1606 3378 1662 Ascendit
3410 1621 3511 1661 au-

264 1688 501 1757 πατριᾶς
531 1689 721 1753 Δαῢὶδ,
770 1690 1190 1764 ἀπογράψασθαι
1227 1697 1321 1749 σὺν
1366 1698 1599 1769 Μαριὰμ
1638 1702 1703 1769 τῇ
1745 1716 1841 1769 με·

1944 1702 2050 1749 tem
2082 1702 2135 1750 et
2165 1672 2367 1765 Ioseph
2400 1713 2429 1750 a
2461 1696 2679 1752 Galilaea
2733 1698 2801 1751 de
2851 1698 3071 1751 civitate
3113 1697 3404 1761 Nazaretb,
3455 1698 3514 1755 in

266 1780 644 1853 μνηστευμένῃ
678 1782 823 1853 αὐτῷ
850 1785 1068 1851 γυναικὶ
1099 1785 1234 1860 οὔσῃ
1256 1788 1454 1861 ἐγκύῳ.
1501 1791 1747 1859 Ἐγένετο
1782 1793 1840 1846 δὲ

262 1872 323 1922 ἐν
358 1871 435 1941 τῷ
462 1873 659 1938 αὐτοὺς
694 1870 829 1929 εἶναι
871 1878 1018 1943 ἐκεῖ,
1047 1878 1391 1952 ἐπλήσθησαν
1427 1884 1480 1935 αἱ
1515 1883 1716 1954 ἡμέραι
1746 1883 1838 1938 τοῦ

262 1967 441 2016 τεκεῖν
482 1967 669 2038 αὐτήν.
704 1969 812 2023 Kal
848 1970 1003 2037 ἔτεκε
1047 1972 1140 2027 τὸν
1187 1974 1300 2027 υἱὸν
1340 1975 1510 2047 αὐτῆς
1554 1976 1645 2029 τὸν
1684 1994 1840 2048 πρω-

259 2058 479 2112 τότοκον
508 2101 523 2123 ,
579 2062 672 2115 ml
724 2064 1143 2133 ἐσπαργάνωσεν
1187 2068 1382 2133 αὐτὸν,
1429 2070 1522 2123 ml
1564 2070 1839 2124 ἀνέκλινεν

260 2150 425 2203 αὐτὸν
452 2152 508 2205 ἐν
540 2156 604 2224 τῇ
638 2155 833 2227 φάτνῃ,
875 2156 1006 2210 διότι
1037 2158 1136 2210 οὐκ
1162 2155 1228 2230 ἦν
1263 2161 1446 2224 αὐτοῖς
1470 2161 1632 2224 τόπος
1665 2164 1721 2214 ἐν
1760 2161 1839 2233 τῷ

260 2240 620 2311 καταλύματι.
650 2244 759 2297 Kal
792 2248 1045 2317 ποιμένες
1074 2244 1211 2319 ἦσαν
1238 2251 1296 2302 ἐν
1320 2254 1385 2321 τῇ
1417 2250 1568 2323 χώρα
1599 2255 1664 2323 τῇ
1701 2254 1835 2324 αὐτῇ

260 2333 685 2402 ἀγραυλοῦντες,
714 2339 806 2390 ml
836 2338 1200 2409 φυλάσσοντες
1234 2341 1477 2411 φυλακὰς
1518 2344 1616 2414 τῆς
1647 2344 1839 2408 νυκτὸς

258 2424 350 2474 ἐπὶ
372 2425 471 2496 τὴν
508 2428 741 2498 ποίμνην
778 2431 955 2484 αὐτῶν
976 2447 988 2462 ·
1015 2433 1110 2486 xal
1138 2433 1364 2502 ἄγγελος
1392 2436 1595 2505 Κυρίου
1633 2437 1836 2508 ἐπέστη

260 2514 463 2577 αὐτοῖς.
501 2518 593 2569 ml
622 2518 746 2584 δόξα
770 2519 905 2573 Θεοῦ
938 2523 1307 2594 περιέλαμψεν
1343 2525 1559 2590 αὐτοὺς,
1582 2528 1675 2579 ml
1715 2530 1839 2596 ἐφο-

262 2606 511 2679 εῆθησαν
549 2611 709 2679 φόϐον
741 2614 931 2683 μέγαν.
970 2617 1079 2669 Kal
1110 2615 1261 2670 εἶπεν
1305 2618 1486 2683 αὐτοῖς
1508 2620 1535 2671 ὁ
1569 2620 1795 2689 ἄγγελος
1819 2638 1831 2651 ·

272 2697 362 2765 Μὴ
401 2696 681 2765 φοϐεῖσθε·
736 2703 844 2756 ἰδοὺ
887 2704 994 2776 γὰρ
1025 2706 1445 2778 εὐαγγελίζομαι
1491 2711 1618 2780 ὑμῖν
1663 2711 1836 2783 χαρὰν

259 2789 527 2861 μεγάλην,
559 2793 679 2862 ἥτις
708 2794 858 2849 ἔσται
893 2799 1055 2850 παντὶ
1079 2799 1157 2870 τῷ
1186 2800 1295 2871 λαῷ
1314 2818 1326 2830 ⁸
1366 2802 1450 2854 ὅτι
1491 2803 1683 2874 ἐτέχθη
1710 2806 1837 2875 ὑμῖν

262 2884 503 2953 αήμερον
547 2887 770 2957 Σωτὴρ,
800 2890 858 2952 ὃς
903 2892 1014 2944 ἐστι
1064 2894 1297 2963 Χριστὸς
1338 2880 1561 2965 Κύριος,
1600 2898 1656 2949 ἐν
1688 2898 1835 2950 πόλει

1938 1782 2199 1850 Judaaam,
2250 1785 2306 1839 in
2349 1786 2627 1841 civitatein
2661 1786 2854 1851 David,
2886 1804 3008 1858 qua:
3039 1797 3268 1843 vocatur
3296 1789 3512 1844 Bethle-

1942 1874 2084 1940 hem,
2120 1891 2186 1930 eo
2213 1876 2358 1945 quod
2385 1884 2532 1932 esset
2574 1877 2642 1932 de
2681 1877 2843 1932 dumo
2888 1884 2943 1933 et
2988 1878 3193 1931 familia
3237 1878 3425 1940 David,
3453 1885 3514 1933 ut

1941 1966 2283 2035 profiteretur
2304 1981 2427 2020 cum
2462 1966 2630 2021 Maria
2657 1967 2990 2038 desponsata
3021 1970 3122 2024 sibi
3155 1968 3317 2041 342
3341 1986 3512 2026 uxore

1940 2065 2270 2127 priugnante.
2306 2055 2532 2113 Factum
2557 2066 2641 2113 est
2676 2067 2878 2124 autem,
2902 2075 3029 2114 cum
3065 2071 3252 2116 essent
3280 2062 3375 2122 ibi.
3410 2062 3513 2115 im-

1940 2150 2066 2219 pleti
2115 2158 2243 2204 sunt
2281 2148 2400 2204 dies
2430 2157 2490 2202 ut
2540 2160 2780 2219 pareret,
2813 2159 2864 2206 et
2903 2152 3110 2221 peperit
3144 2152 3315 2205 tilium
3349 2169 3511 2207 suum

1939 2241 2382 2311 primogenitum,
2405 2247 2458 2295 et
2486 2243 2683 2312 pannis
2713 2258 2837 2297 eum
2864 2241 3115 2323 involvit,
3138 2250 3193 2298 et
3224 2244 3513 2299 reclinavit

1937 2348 2059 2386 eum
2093 2332 2147 2386 in
2187 2333 2472 2403 praesepio,
2505 2335 2635 2403 quia
2658 2348 2765 2387 non
2792 2342 2909 2388 erat
2942 2334 3022 2388 eis
3062 2334 3218 2390 locus
3252 2334 3306 2388 in
3332 2334 3513 2389 diver-

1938 2425 2104 2481 sorio.
2147 2425 2210 2479 Et
2243 2436 2492 2496 pastores
2520 2435 2676 2481 erant
2710 2428 2764 2480 in
2796 2428 3019 2495 regione
3057 2428 3246 2483 eadem
3280 2428 3512 2497 vigilan-

1937 2526 2040 2582 tes,
2070 2527 2123 2572 et
2157 2520 2534 2575 custodientes
2585 2520 2800 2588 vigilias
2848 2521 3026 2575 noctis
3076 2536 3242 2590 super
3291 2536 3510 2592 gregem

1937 2627 2096 2667 suum
2123 2630 2136 2666 :
2168 2619 2221 2666 et
2245 2613 2473 2682 angelus
2503 2610 2718 2667 Domini
2751 2612 2901 2667 stetit
2927 2628 3093 2682 super
3114 2628 3230 2677 eos,
3254 2622 3308 2667 et
3338 2614 3513 2684 gloria

1939 2703 2029 2758 Dei
2062 2704 2427 2759 circumfulsit
2458 2705 2602 2768 illos,
2629 2711 2683 2760 et
2725 2706 3033 2759 timuerunt
3065 2705 3260 2760 timore
3291 2720 3509 2776 magno.

1937 2795 2003 2849 Et
2034 2796 2173 2850 dixit
2220 2796 2331 2853 illis
2382 2795 2611 2866 angelus
2665 2793 2890 2850 :Nolite
2938 2796 3150 2856 timere,
3188 2809 3316 2849 ecce
3365 2795 3510 2850 enim

1936 2886 2248 2956 evangelizo
2281 2886 2435 2942 vobis
2460 2885 2716 2956 gaudium
2750 2900 3029 2954 magnum,
3053 2885 3197 2953 quod
3228 2886 3334 2938 erit
3360 2883 3511 2938 omni

256 2973 441 3028 Δαὸίδ.
480 2977 587 3030 Kal
624 2980 779 3032 τοῦτο
808 2983 935 3052 ὑμῖν
966 2983 1024 3036 τὸ
1050 2989 1307 3054 σημεῖον·
1340 2988 1600 3058 εὑρήσετε
1638 2988 1836 3060 βρέφος

1940 2979 2159 3048 populo,
2212 2978 2470 3048 quoniam
2518 2986 2682 3032 natus
2731 2984 2817 3031 est
2848 2976 3002 3031 vobis
3047 2976 3207 3031 hodie
3239 2974 3511 3040 Salvator,

257 3068 749 3140 ἐσπαργανωμένον
774 3074 831 3125 ἐν
858 3075 1049 3147 φάτνῃ.
1078 3078 1188 3133 Καὶ
1214 3076 1472 3149 ἐξαίφνης
1495 3079 1708 3147 ἐγένετο
1736 3081 1831 3134 σὺν

254 3156 334 3227 τῷ
363 3159 579 3232 ἀγγέλῳ
619 3162 820 3233 πλῆθος
846 3170 1104 3237 στρατιᾶς
1139 3169 1395 3240 οὐρανίου
1428 3170 1716 3225 αἰνούντων
1741 3172 1833 3225 τὸν

254 3245 410 3311 Θεὸν,
442 3250 534 3303 καὶ
568 3250 858 3319 λεγόντων·
893 3256 1028 3323 Δόξα
1057 3258 1116 3311 ἐν
1149 3258 1393 3327 ὑψίστοις
1437 3259 1576 3328 Θεῷ,
1610 3260 1706 3314 καὶ
1740 3261 1833 3314 ἐπὶ

256 3340 360 3409 γῆς
394 3343 602 3413 είρήνη,
639 3346 696 3397 ἐν
723 3345 1029 3416 ἀνθρώποις
1067 3350 1299 3405 εὐδοκία.
1345 3351 1455 3405 Kal
1494 3352 1729 3419 ἐγένετο,
1757 3353 1833 3416 ὡς

255 3432 499 3503 ἀπῆλθον
541 3437 636 3489 ἀπ’
677 3439 855 3492 αὐτῶν
897 3443 976 3504 είς
1016 3442 1104 3495 τὸν
1144 3444 1371 3515 οὐρανὸν
1411 3446 1460 3497 οἱ
1498 3444 1749 3514 ἄγγελοι,
1783 3445 1832 3498 οἱ

257 3526 515 3595 ποιμένες
565 3526 715 3583 εἷπον
760 3532 896 3603 πρὸς
950 3535 1247 3606 ἀλλήλους·
1276 3538 1578 3607 Διέλθωμεν
1633 3537 1696 3610 δὴ
1729 3538 1833 3600 ἕως

259 3617 523 3690 Βηθλεὲμ,
565 3622 658 3673 καὶ
696 3622 891 3694 ἴδωμεν
921 3625 980 3679 τὸ
1008 3627 1161 3697 ῥῆμα
1193 3626 1349 3680 τοῦτο
1376 3629 1437 3682 τὸ
1466 3629 1775 3699 γενόμενον,
1803 3628 1832 3680 ὃ

255 3706 284 3758 ὁ
315 3708 517 3781 Κύριος
543 3712 833 3785 ἐγνώρισεν
863 3717 1011 3786 ἡμῖν.
1041 3718 1149 3773 Kal
1171 3715 1331 3789 ἦλθον
1362 3721 1713 3786 σπεύσαντες,
1738 3722 1831 3775 ml

254 3795 416 3871 εὗρον
450 3804 546 3879 τὴν
600 3807 832 3877 Μαριάμ
874 3808 967 3861 ml
1006 3810 1095 3861 τὸν
1146 3811 1375 3881 Ἰωσὴφ,
1414 3813 1584 3865 καὶτὸ
1636 3812 1832 3885 βρέφος

255 3890 510 3960 κείμενον
552 3895 609 3947 ἐν
646 3898 711 3964 τῇ
753 3898 947 3969 φάτνῃ.
995 3898 1213 3961 ’ἰδόντες
1258 3899 1315 3952 δὲ
1366 3900 1663 3971 ἐγνώρισαν
1704 3904 1831 3972 περὶ

252 3982 351 4035 τοῦ
387 3986 631 4055 ῥήματος
656 3986 749 4038 τοῦ
777 3987 1097 4059 λαληθέντος
1122 3991 1305 4054 αὐτοῖς
1336 3993 1463 4063 περὶ
1495 3992 1586 4045 τοῦ
1621 3993 1829 4046 παιδίου

254 4071 479 4125 τούτου·
538 4075 631 4128 ml
680 4077 877 4143 stagna;
900 4080 947 4132 οί
995 4078 1324 4144 ἀκούσαντες
1358 4080 1671 4152 ἐθαύμασαν
1706 4084 1831 4153 περὶ

252 4165 367 4217 τῶν
392 4165 731 4237 λαληθέντων
768 4170 872 4222 ὐπὸ
913 4170 1021 4224 τῶν
1055 4173 1323 4243 ποιμένων
1366 4173 1502 4246 πρὸς
1554 4173 1767 4236 αὐτούς.
1806 4194 1825 4225 ι

254 4257 446 4311 Ταῦτα
489 4262 585 4328 μὲν
635 4264 663 4314 ὁ
708 4263 939 4327 Λουκᾶς.
993 4264 1101 4317 Kal
1133 4266 1160 4317 ό
1197 4265 1475 4331 Ματθαίος
1507 4265 1563 4320 δὲ
1605 4266 1674 4320 τὰ
1704 4267 1831 4338 περὶ

1938 3071 2030 3139 qui
2061 3078 2147 3125 est
2176 3071 2430 3127 Christus
2456 3070 2716 3128 Dominus
2740 3074 2792 3126 in
2824 3073 3044 3127 civitate
3073 3071 3243 3125 David
3279 3090 3291 3124 :
3324 3081 3379 3126 et
3408 3072 3514 3125 hoc

1938 3163 2093 3217 vobis
2126 3163 2363 3232 signum.
2396 3162 2689 3219 Invenietis
2737 3163 2998 3217 infantem
3058 3161 3256 3233 pannis
3299 3162 3512 3215 involu-

1940 3261 2074 3313 tum,
2115 3261 2168 3307 et
2202 3254 2435 3323 positum
2488 3254 2543 3308 in
2588 3254 2872 3323 prmsepio.
2923 3251 2989 3305 Et
3026 3252 3209 3307 subito
3252 3250 3393 3304 facta
3422 3258 3513 3304 est

1938 3360 2061 3398 cum
2092 3347 2285 3413 angelo
2315 3345 2609 3399 multitudo
2644 3346 2852 3399 militiae
2896 3346 3137 3400 ccclestis
3170 3344 3510 3398 laudantium

1942 3434 2109 3489 Deum
2158 3444 2213 3490 et
2258 3435 2555 3491 dicentium
2611 3456 2622 3490 :
2655 3435 2842 3490 Gloria
2886 3438 2940 3491 in
2975 3436 3261 3492 altissimis
3293 3436 3423 3500 Deo,
3457 3443 3513 3491 et

1940 3526 1992 3581 in
2018 3537 2158 3583 terra
2190 3543 2313 3597 pax,
2338 3528 2392 3582 in
2412 3528 2722 3582 hominibus
2744 3529 2884 3582 bona
2911 3530 3186 3584 voluntas.
3214 3528 3282 3583 Et
3309 3528 3511 3583 factum

1937 3627 2041 3681 est,
2078 3627 2137 3673 ut
2170 3619 2544 3675 discesserunt
2575 3620 2645 3673 ab
2684 3620 2752 3674 iis
2777 3620 2829 3673 in
2858 3620 3057 3674 cmlum
3085 3621 3287 3690 angeli,
3319 3629 3512 3689 pasto-

1938 3725 2025 3765 res
2047 3710 2301 3765 dixerunt
2323 3711 2389 3765 ad
2413 3728 2472 3766 se
2499 3712 2751 3774 invicem,
2780 3720 3125 3767 transeamus
3158 3729 3330 3780 usque
3350 3712 3515 3765 Beth-

1938 3800 2137 3865 lehem,
2181 3809 2235 3855 et
2266 3801 2549 3859 videamus
2578 3802 2683 3855 hoc
2709 3802 2935 3856 verbum
2964 3802 3113 3870 quod
3169 3802 3372 3863 factum
3403 3810 3508 3865 est,

1938 3892 2083 3961 quod
2120 3892 2382 3948 Dominus
2419 3894 2663 3949 ostendit
2717 3895 2876 3949 nobis
2912 3913 2924 3949 :
2962 3901 3015 3947 et
3056 3902 3321 3948 venerunt
3368 3893 3516 3948 festi-

1937 3994 2151 4051 nantes,
2182 3995 2235 4040 et
2272 3986 2597 4040 invenerunt
2626 3986 2850 4041 Mariam
2880 3996 2934 4041 et
2966 3986 3190 4057 Ioseph,
3237 3996 3289 4042 et
3330 3986 3513 4039 infau-

1938 4085 2043 4132 tem
2078 4078 2311 4147 positum
2349 4080 2402 4135 in
2434 4081 2719 4150 praesepio.
2769 4079 3029 4135 Videntes
3071 4088 3251 4133 autem
3308 4093 3513 4149 cogno-

1937 4176 2133 4238 verunt
2168 4169 2236 4225 de
2271 4170 2454 4235 verbo,
2501 4171 2648 4240 quod
2704 4171 2910 4226 dictum
2944 4180 3062 4226 erat
3102 4172 3209 4225 illis
3242 4171 3310 4225 de
3343 4186 3512 4241 puero

1939 4262 2041 4316 hoc
2076 4282 2093 4317 :
2126 4271 2181 4317 et
2207 4278 2396 4320 omnes
2418 4264 2821 4333 quiaudierunt
2845 4266 3023 4318 mirati
3046 4273 3175 4320 sunt
3204 4264 3270 4319 de
3302 4264 3368 4320 iis
3390 4279 3512 4334 qua:

250 4353 357 4423 τὴν
387 4352 597 4419 γένεσιν
625 4354 715 4407 τοῦ
740 4356 990 4427 Σωτῆρος
1019 4356 1172 4427 ἡμῶν
1216 4358 1459 4430 ἱστορῶν,
1486 4358 1672 4413 τοῦτον
1698 4360 1832 4429 γρά-

1938 4353 2083 4408 dicta
2115 4362 2272 4410 erant
2303 4370 2332 4409 a
2361 4357 2673 4425 pastoribus
2713 4356 2779 4410 ad
2814 4356 2964 4426 ipsos
2986 4357 3054 4411 ".
3084 4378 3104 4410 ι
3139 4356 3263 4411 Haec
3288 4356 3509 4427 quidem

253 4462 350 4513 φει
382 4444 473 4497 τὸν
496 4447 711 4517 τρόπον·
752 4468 768 4498 ι
805 4447 909 4500 Τοῦ
942 4448 996 4501 δὲ
1041 4448 1212 4519 Ἰησοῦ
1239 4449 1586 4519 γεννηθέντος
1616 4452 1673 4503 ἐν
1696 4450 1835 4521 Βηθ-

252 4538 393 4608 λεὲμ
416 4539 515 4608 τῆς
553 4539 804 4603 Ἰουδαίας
828 4543 883 4592 ἐν
902 4541 1136 4612 ἡμέραις
1166 4541 1404 4610 Ἡρώδου
1426 4542 1519 4597 τοῦ
1547 4543 1829 4614 βασιλέως,

254 4632 370 4685 ἰδοὺ
396 4632 577 4700 Μάγοι
608 4634 965 4704 παρεγένοντο
991 4634 1097 4687 ἀπὶ
1142 4634 1415 4689 ἀνατολῶν
1446 4638 1525 4699 είς
1562 4638 1827 4708 Ἰερουσαο

248 4723 405 4793 λὴμ,
441 4723 714 4790 λέγοντες·
747 4724 856 4779 Ποῦ
903 4727 1048 4778 ἐστιν
1093 4726 1121 4779 ὀ
1166 4726 1376 4796 τεχθεὶς
1423 4727 1675 4797 βασιλεὺς
1724 4728 1833 4783 τῶν

262 4815 557 4870 Ἰουδαίων·
600 4818 807 4888 εἴδομεν
829 4818 937 4891 γὰρ
965 4817 1141 4872 αὐτοῦ’
1162 4818 1252 4871 τὸν
1303 4820 1508 4891 ἀστέρα
1537 4822 1595 4873 ἐν
1615 4824 1679 4892 τῇ
1707 4823 1835 4876 ἀνα-

247 4908 408 4979 τολῇ,
456 4910 548 4962 ml
577 4911 807 4980 ἤλθομεν
837 4913 1209 4983 προσκυνῆσαι
1242 4911 1411 4982 αὐτῷ.
1464 4913 1724 4978 ’Δκούσας
1778 4916 1834 4969 δὲ

248 5000 284 5053 ὁ
317 4996 568 5066 βασιλεὺς
607 4998 849 5070 Ἡρώδης
886 5000 1180 5072 ἐταράχθη,
1219 5002 1314 5054 καὶ
1353 5003 1566 5074 πᾶσαή
1608 5003 1835 5075 Ἰεροσό-

250 5090 403 5157 λυμα
431 5093 545 5160 μετ’
568 5092 752 5145 αὐτοῦ.
776 5093 884 5146 Kal
915 5092 1230 5162 συναγαγὼν
1258 5094 1469 5158 πάντας
1496 5097 1622 5159 τοὺς
1652 5097 1836 5168 ἀρχιε-

253 5186 372 5256 ρεῖς
408 5184 500 5238 καὶ
532 5188 875 5255 γραμματεῖς
901 5185 995 5238 τοῦ
1020 5185 1172 5251 λαοῦ,
1205 5186 1539 5240 ἐπυνθάνετο
1575 5190 1704 5259 παρ’
1740 5190 1836 5242 αὐ-

247 5275 386 5339 τῶν,
424 5278 525 5329 που
550 5279 577 5330 ὁ
610 5278 837 5347 Χριστὸς
869 5280 1144 5346 γεννᾶται.
1171 5279 1234 5331 Ol
1261 5279 1317 5332 δέ
1347 5275 1502 5332 εἷπον
1528 5280 1677 5350 αὐτῷ
1696 5298 1709 5311 ·
1747 5282 1835 5335 Ἐν

253 5367 507 5439 Βηθλεὲμ
528 5369 628 5437 τῆς
659 5370 934 5435 Ἰουδαίας.
959 5370 1113 5425 υύτω
1149 5372 1257 5443 γὰρ
1286 5373 1597 5444 γέγραπται
1622 5374 1708 5431 διὰ
1740 5374 1833 5428 τοῦ

250 5459 561 5530 προφήτου·
596 5459 703 5510 Kal
727 5459 811 5522 σὺ,
847 5460 1111 5531 Βηθλεέμ,
1141 5456 1291 5524 οἶκος
1321 5461 1414 5515 τοῦ
1450 5464 1714 5536 Ἑφραθὰ,
1745 5465 1835 5517 ού-

250 5548 445 5618 δαμῶς
480 5550 733 5620 ἐλαχίστη
763 5545 811 5602 εἷ
844 5552 899 5603 ἐν
925 5554 1037 5614 τοῖς
1074 5552 1334 5624 ἡγεμόσιν
1376 5555 1561 5610 Ἰούδα.
1601 5556 1693 5610 Ἐκ
1739 5556 1831 5609 σοῦ

330 5640 374 5670 ’⁸
415 5638 547 5695 Luc.
577 5656 636 5704 ιι,
676 5640 812 5695 H8.

1938 4444 2135 4501 Lucas.
2164 4446 2449 4504 Matthaaus
2478 4456 2659 4503 autem
2685 4449 2777 4503 ubi
2813 4466 2876 4505 ea
2904 4466 3026 4520 qua:
3056 4451 3122 4504 ad
3152 4457 3331 4505 ortum
3384 4448 3509 4504 Sai-

1933 4537 2139 4593 vatoris
2183 4540 2356 4593 nostri
2401 4540 2645 4608 exponit,
2684 4540 2880 4594 scribit
2928 4543 2981 4594 in
3032 4540 3178 4594 hunc
3219 4540 3438 4594 modum
3492 4558 3508 4594 :

1939 4648 1958 4681 ι
1994 4628 2129 4689 Cum
2152 4638 2331 4687 autem
2356 4641 2516 4686 natus
2537 4642 2682 4686 esset
2700 4631 2861 4687 Jcsus
2888 4633 2941 4685 in
2974 4632 3283 4687 Bethlehem
3310 4631 3510 4685 Iudaea:

1932 4723 1989 4777 in
2019 4722 2214 4778 diebus
2247 4721 2476 4777 Herodis
2518 4725 2684 4794 regis,
2720 4738 2851 4779 ecce
2890 4722 3027 4793 Magi
3061 4725 3129 4777 ab
3166 4724 3378 4777 oriente
3411 4736 3503 4775 ve-

1934 4821 2133 4868 nerunt
2167 4812 2221 4868 in
2251 4811 2580 4878 Jerusalem,
2616 4813 2862 4870 dicentes
2904 4832 2917 4868 :
2972 4814 3072 4868 Ubi
3107 4821 3188 4867 est
3218 4812 3311 4883 qui
3347 4820 3508 4868 natus

1931 4919 2015 4966 est
2041 4927 2132 4965 rex
2163 4910 2514 4966 Judzeorum?
2565 4911 2804 4966 vidimus
2833 4911 2978 4965 enim
3035 4911 3245 4965 stellam
3281 4909 3403 4975 ejus
3449 4909 3506 4963 in

1934 5004 2167 5067 oriente,
2198 5011 2253 5057 et
2284 5004 2532 5059 venimus
2568 5011 2627 5058 ut
2661 5004 2951 5059 adoremus
2972 5002 3377 5058 eum.Audiens
3411 5016 3507 5057 au-

1937 5103 2043 5151 tem
2061 5094 2304 5150 Herodes
2332 5111 2427 5150 rex
2445 5098 2700 5153 turbatus
2723 5104 2827 5161 est,
2860 5105 2915 5151 et
2935 5096 3115 5151 omnis
3133 5094 3509 5163 Hierosolyma

1933 5200 2059 5239 cum
2088 5186 2183 5241 illo
2216 5205 2229 5241 :
2264 5194 2318 5241 et
2351 5202 2691 5258 congregans
2727 5202 2920 5241 omnes
2947 5185 3223 5256 principes
3252 5185 3509 5239 sacerdo-

1934 5283 2048 5328 tum
2098 5284 2151 5333 et
2204 5278 2417 5333 scribas
2472 5278 2681 5348 populi,
2725 5277 3118 5332 sciscitabatur
3170 5277 3239 5331 ab
3284 5277 3367 5331 eis
3417 5275 3509 5330 ubi

1933 5369 2184 5425 Christus
2213 5386 2551 5426 nasceretur.
2593 5373 2663 5425 At
2704 5373 2787 5427 illi
2821 5372 3077 5427 dixerunt
3103 5370 3175 5433 ei,
3206 5369 3261 5422 in
3294 5366 3512 5424 Bethle-

1933 5462 2056 5515 hem
2109 5460 2327 5517 Judaam.
2368 5460 2460 5516 Sic
2504 5462 2651 5518 enim
2704 5467 2982 5539 scriptum
3015 5467 3098 5515 est
3135 5474 3232 5529 per
3277 5462 3515 5529 prephe-

1934 5566 2041 5611 tam
2074 5576 2086 5613 :
2109 5557 2174 5612 Et
2192 5566 2272 5623 tu,
2303 5556 2617 5615 Bethlehem
2642 5554 2860 5624 domus
2879 5552 3518 5623 Ephratha,nequaquam
