3916 6200
533 221 640 283 5'5)

1218 215 1482 272 EUSEBII
1521 212 1996 271 CESARIENSIS
2032 209 2182 266 OPP.
2225 209 2404 267 PARS
2439 211 2504 265 ll.
2531 242 2601 256 —-
2638 207 3128 268 APOLOGETICA.
3585 227 3663 282 διο

535 337 765 394 minima
799 350 860 391 es
887 333 944 386 in
991 329 1330 402 principibus
1358 328 1520 384 Juda.
1556 327 1635 382 Ex
1663 337 1717 384 te
1753 329 1898 385 enim
1929 326 2100 383 exibit

2213 324 2308 397 γὰρ
2336 324 2676 391 ἐξελεύσεται
2719 325 3034 396 ἡγούμενος,
3065 327 3205 389 ὅστις
3236 331 3459 398 ποιμανεῖ
3477 333 3547 387 τὸν
3565 337 3666 392 λαόν

538 430 670 493 dux,
706 427 799 498 qui
831 432 1016 490 pascet
1047 423 1304 494 populum
1342 437 1522 478 meum
1566 421 1752 477 lsrael.
1803 421 1956 475 Tunc
1987 418 2094 474 lle—

541 520 703 576 rodes
729 517 872 572 clam
905 514 1114 570 vocatis
1148 512 1339 584 Magis,
1370 514 1656 584 diligenter
1683 514 1875 568 didicit
1911 512 1980 567 ab
2017 512 2100 566 eis

539 622 752 680 tempus
796 608 967 663 stella:
993 621 1112 676 quae
1141 605 1394 676 apparuit
1431 605 1533 671 eis,
1563 612 1618 660 et
1659 605 1882 660 mittens
1918 618 2012 657 eos
2045 603 2101 657 in

542 701 874 763 Bethlehem,
908 695 1068 768 343
1103 695 1238 749 dixit
1269 713 1282 750 :
1310 695 1388 749 lte
1414 707 1470 750 et
1497 696 1826 764 interrogate
1872 693 2101 763 diligen-

539 809 623 854 ter
657 795 724 851 de
773 807 966 864 puero,
1011 801 1212 844 etcum
1247 788 1584 853 inveneritis,
1616 787 1921 841 renuntiate
1945 787 2101 852 mihi,

539 897 601 945 ut
630 894 685 942 et
709 900 811 956 ego
834 882 1061 939 veniens
1091 880 1310 935 adorem
1338 895 1483 934 eum.
1509 877 1612 944 Qui
1642 893 1766 932 cum
1803 879 2105 933 audiissent

543 996 744 1053 regem,
794 978 1064 1037 abierunt,
1113 982 1167 1029 et
1197 988 1326 1028 ecce
1369 972 1545 1035 stella,
1577 985 1740 1041 quam
1772 972 2019 1026 viderant
2049 972 2104 1025 in

544 1073 776 1135 oriente,
800 1067 1155 1124 antecedebat
1187 1081 1303 1128 eos,
1335 1065 1508 1119 donec
1543 1065 1766 1118 veniens
1800 1073 1970 1118 staret
2013 1079 2108 1118 su-

546 1177 640 1234 pra
674 1161 762 1215 ubi
792 1167 908 1215 erat
954 1175 1107 1229 puer.
1151 1157 1408 1211 Videntes
1455 1163 1634 1210 autem
1683 1156 1892 1210 stellam
1935 1153 2108 1224 gavisi

545 1266 677 1310 sunt
701 1252 899 1324 gaudio
928 1265 1127 1321 magno
1157 1250 1334 1312 valde,
1369 1256 1424 1303 et
1473 1249 1740 1302 intrantes
1771 1248 1990 1302 domum
2025 1247 2110 1300 vi-

545 1346 743 1400 derunt
769 1357 995 1414 puerum
1029 1356 1152 1394 cum
1184 1340 1350 1394 Maria
1377 1348 1547 1393 matre
1567 1340 1708 1407 ejus,
1743 1346 1797 1393 et
1827 1337 2109 1408 prociden-

547 1443 630 1488 tes
658 1433 1023 1487 adoraverunt
1049 1445 1194 1493 eum,
1223 1437 1276 1484 et
1305 1433 1510 1498 apertis
1545 1429 1818 1484 thesauris
1849 1428 1985 1493 suis,
2012 1428 2110 1482 ob-

545 1526 789 1581 tulerunt
825 1525 874 1579 ei
899 1538 1146 1585 munera,
1181 1536 1374 1576 aurum
1405 1530 1460 1576 et
1481 1523 1606 1578 thus
1635 1532 1688 1576 et
1719 1522 2031 1593 myrrham;
2055 1528 2111 1576 et

548 1632 814 1688 responso
854 1623 1080 1684 accepto
1111 1614 1166 1666 in
1199 1616 1406 1669 somnis
1439 1630 1505 1668 ne
1549 1615 1789 1669 redirent
1839 1614 1906 1668 ad
1943 1612 2110 1668 Hero-

546 1710 693 1774 dem,
765 1724 862 1779 per
909 1708 1070 1762 aliam
1118 1708 1258 1760 viam
1310 1706 1512 1761 reversi
1548 1712 1677 1762 sunt
1729 1707 1785 1761 in
1831 1707 2109 1777 regionem

547 1817 705 1860 suam
731 1804 798 1855 ⁷⁸.
842 1821 861 1853 ›
897 1799 1022 1854 Haec
1048 1806 1227 1855 autem
1255 1801 1508 1854 universa
1531 1800 1781 1868 exposui,
1809 1807 1868 1853 ut
1890 1801 2114 1853 demon-

546 1905 777 1949 strarem
815 1906 878 1946 ea
906 1905 1027 1962 quae
1053 1891 1108 1943 in
1137 1897 1260 1942 ortu
1291 1887 1590 1943 Salvatoris
1621 1889 1791 1944 nostri
1823 1890 1876 1942 in
1901 1887 2113 1943 Bethle-

549 1985 672 2039 bem
706 1994 855 2055 gesta
890 1992 1037 2046 sunt,
1068 1981 1375 2036 certissima
1407 1981 1648 2050 praabere
1677 1990 2018 2051 argumenta,
2045 1980 2113 2032 il-

549 2078 663 2133 lum
691 2092 812 2132 esse
843 2076 910 2131 de
939 2090 1049 2145 quo
1102 2075 1344 2144 loquitur
1394 2073 1695 2144 prephetia.
1749 2074 1923 2144 Atqu‘e
1957 2073 2115 2128 hodie

549 2183 788 2240 quoque,
824 2167 917 2237 qui
950 2169 1129 2221 locum
1162 2167 1313 2221 illum
1347 2167 1613 2230 incolunt,
1656 2176 1910 2236 tanquam
1961 2181 1990 2219 a
2027 2180 2116 2234 pa-

549 2260 726 2314 tribus
772 2259 1015 2328 ipsorum
1054 2267 1274 2327 accepta
1311 2259 1594 2320 memoria,
1645 2258 1734 2320 iis,
1769 2257 1860 2327 qui
1906 2257 2113 2310 visendi

551 2353 657 2408 loci
703 2352 874 2422 gratia
926 2350 1239 2406 Bethlehem
1274 2359 1455 2420 petere
1504 2361 1926 2413 consueverunt,
1960 2351 2112 2405 testi-

549 2444 793 2499 monium
844 2459 1004 2498 suum
1052 2443 1306 2506 allen-unt,
1357 2445 1570 2496 veritati
1622 2443 1776 2496 [idem
1832 2443 2110 2502 facientes,

550 2551 850 2608 agrumque
897 2535 1356 2594 demonstrantes.
1394 2537 1486 2590 ubi
1533 2535 1697 2604 Virgo
1741 2536 1896 2588 enixa
1931 2535 2112 2588 infan-

551 2636 660 2682 tem
699 2629 949 2697 deposuit
985 2646 998 2681 :
1032 2643 1136 2696 qua
1188 2625 1252 2681 de
1301 2642 1360 2682 re
1398 2629 1514 2697 ipsa
1545 2625 1822 2697 prophetia
1880 2626 1957 2678 sic
1991 2627 2064 2679 ait
2096 2648 2110 2680 ε

556 2740 576 2773 ‹
616 2717 826 2773 Idcirco
870 2719 1026 2772 dabis
1085 2734 1178 2772 eos
1233 2735 1404 2788 usque
1441 2720 1504 2772 ad
1541 2727 1752 2786 tempus
1789 2721 2048 2787 parientis
2097 2738 2110 2772 :

553 2810 750 2880 pariet.
793 2819 845 2863 et
881 2808 1071 2876 reliqui
1112 2807 1339 2862 fratrum
1377 2809 1618 2877 ipsorum
1647 2815 2047 2862 convertentur.
2091 2829 2109 2860 ι

552 2900 931 2955 Consentanee
961 2910 1140 2954 autem
1193 2901 1283 2954 hic
1339 2917 1554 2970 quoque
1589 2901 1886 2970 parientem
1918 2901 2116 2954 intelli-

2204 436 2304 489 μου
2331 419 2420 472 τὸν
2458 416 2690 488 Ἰσραήλ.
2716 417 2850 470 Τότε
2883 416 3139 488 Ἡρώδης,
3171 417 3330 491 λάθρα
3360 421 3548 490 καλέσας
3569 431 3666 493 τώς

2207 511 2433 580 μάγους,
2453 508 2735 580 ἡκρίὸωσε
2773 511 2901 580 παρ’
2930 509 3103 563 αὐτῶν
3129 509 3216 562 τὸν
3239 511 3408 581 χρόνον
3431 515 3506 567 τοῦ
3532 535 3669 585 φαινο-

2207 604 2364 673 μένου
2387 603 2614 674 ἀστέρος
2631 620 2645 632 ’
2673 602 2766 654 καὶ
2786 600 3004 672 πέμψας
3021 602 3212 665 αὐτοὺς
3235 605 3309 665 είς
3323 603 3542 676 Βηθλεέμ,
3561 605 3667 663 εἴπεο

2203 695 2564 768 Πορευθέντες
2599 693 2888 760 ἐξετάσατε
2926 694 3162 766 ἀκριὸῶς
3219 695 3338 767 περὶ
3368 697 3449 749 τοῦ
3493 700 3673 759 παιδίου.

2217 789 2384 842 Ἐπάν
2406 789 2463 842 δὲ
2497 787 2715 859 εὕρητε,
2740 787 3090 856 ἀναγγείλατέ
3121 804 3226 858 μοι,
3248 788 3382 852 ὅπως
3407 790 3535 857 κάγὼ
3550 792 3676 846 ἐλθὼν

2205 881 2566 954 προσκυνήσω
2607 880 2773 951 αὐτῷ.
2821 881 2883 934 Ol
2912 880 2968 934 δὲ
3010 880 3325 945 ἀκούσαντες
3363 880 3446 934 τοῦ
3481 881 3680 952 βασιλέως

2206 973 2599 1046 ἐπορεύθησαν.
2627 972 2738 1026 Καὶ
2767 972 2873 1025 ίδοὺ
2908 974 2936 1024 ὁ
2986 973 3179 1044 ἀστὴρ,
3204 972 3259 1024 ὃν
3286 968 3408 1025 εἶδον
3433 975 3482 1026 ἐν
3506 977 3561 1044 τῇ
3590 977 3683 1028 ἀναο

2205 1067 2354 1137 τολῇ,
2379 1065 2615 1137 προῆγεν
2641 1065 2853 1127 αὐτοὺς,
2887 1064 2992 1127 ἓως
3029 1063 3194 1117 ἐλθὼν
3227 1063 3349 1134 έστη
3378 1064 3538 1117 ἐπάνω
3573 1057 3620 1117 οὗ
3639 1062 3684 1136 ἦν

2205 1161 2265 1212 τὸ
2306 1159 2533 1212 παιδίον.
2580 1159 2797 1218 Ἰδόντες
2820 1157 2877 1210 δὲ
2913 1157 3004 1209 τὸν
3052 1156 3249 1227 ἀστέρα
3275 1157 3520 1228 ἐχάρησαν
3560 1160 3686 1227 χαρὰν

2211 1253 2452 1324 μεγάλην
2480 1252 2680 1322 σφόδρα
2704 1269 2718 1280 ·
2747 1250 2842 1302 καλ⁸
2877 1248 3117 1312 ἐλθόντες
3155 1251 3230 1312 είς
3263 1249 3354 1320 τὴν
3394 1249 3549 1302 οίκίαν
3591 1247 3687 1302 εἶδον

2207 1342 2268 1396 τὸ
2329 1341 2538 1395 παιδίον
2585 1339 2722 1411 μετά
2762 1340 2980 1410 Μαρίας
3020 1341 3120 1409 τῆς
3178 1340 3368 1411 μητρὸς
3419 1338 3592 1402 αὑτοῦ,
3626 1341 3690 1391 καί

2209 1435 2466 1497 πεσόντες
2505 1434 2914 1505 προσεκύνησαν
2949 1433 3127 1503 αὐτῷ·
3175 1434 3263 1485 καὶ
3300 1429 3576 1496 ἀνοίξαντες
3605 1433 3691 1494 to);

2211 1526 2514 1596 θησαυροὺς
2545 1523 2744 1588 αὐτῶν,
2786 1523 3161 1594 προσήνεγκαν
3187 1520 3322 1591 αὑτῷ
3345 1521 3500 1591 δῶρα,
3526 1522 3692 1591 χρυσὸν,

2212 1621 2305 1673 καὶ
2343 1619 2575 1682 λίϐανον,
2602 1618 2696 1671 καὶ
2723 1617 2988 1690 σμύρναν.
3019 1619 3130 1671 Καὶ
3171 1617 3588 1689 χρηματισθέντες
3612 1619 3693 1669 κατ’

2141 1670 2184 1725 Β
2477 1670 2484 1672 ὴ
2501 1670 2817 1781 ἀνακάμψαι
2837 1670 2984 1782 ’τέρδξ
3343 1709 3404 1761 δι’
3430 1670 3585 1779 ἄλλης,
3609 1708 3694 1760 ὁδοῦ

2215 1801 2566 1874 ἀνεχώρησαν
2595 1804 2674 1866 είς
2707 1802 2804 1874 τὴν
2848 1801 3030 1874 χώραν
3059 1801 3256 1855 αὐτῶν.
3286 1820 3304 1853 ι
3332 1801 3458 1855 Ὅλα
3494 1801 3542 1853 δὲ
3574 1800 3698 1853 ταῦτα

2214 1895 2476 1963 ἐξεθέμην
2526 1897 2604 1958 είς
2647 1895 2984 1965 παράστασιν
3013 1895 3124 1948 τῶν
3163 1893 3533 1966 πεπραγμένων
3560 1892 3697 1960 ἐπὶτῇ

2214 1986 2271 2039 ἐν
2324 1985 2568 2056 Βηθλεὲμ
2624 1985 2832 2054 γενέσει
2885 1986 2975 2040 τοῦ
3034 1988 3283 2059 Σωτῆρος
3328 1985 3499 2057 ἡμῶν,
3547 1983 3700 2055 ἐναργῆ

2213 2079 2485 2148 τεκμήρια
2519 2077 2824 2149 παρέχοντα
2866 2079 3026 2132 αὐτὸν
3067 2074 3204 2132 εἶναι
3231 2077 3318 2131 τὸν
3363 2076 3457 2130 ὑπὸ
3483 2076 3566 2146 τῆς
3607 2092 3702 2146 τρι»

2215 2169 2440 2239 φητείας
2465 2171 2809 2241 δηλούμενον.
2852 2173 2961 2224 Καὶ
3002 2172 3082 2234 είς
3107 2171 3267 2242 δεῦρο
3308 2170 3361 2223 δὲ
3406 2169 3450 2222 οί
3488 2169 3563 2220 τὸν
3582 2168 3702 2220 τόπον

2213 2259 2504 2324 οἰκοῦντες,
2542 2261 2616 2324 ὡς
2658 2263 2721 2314 ἐκ
2765 2262 3013 2332 πατέρων
3055 2263 3137 2324 είς
3187 2262 3377 2323 αὐτοὺς
3413 2259 3704 2327 κατελθοὺσης

2220 2350 2586 2421 παραδόσεως,
2611 2354 2721 2414 τοῖς
2765 2351 2874 2404 τῶν
2905 2353 3084 2406 τόπων
3119 2354 3358 2424 ἱστορίας
3389 2353 3526 2422 χάριν
3550 2353 3608 2412 εἰς
3627 2350 3703 2420 τὴν

2217 2441 2458 2512 Βηθλεὲμ
2490 2442 2902 2512 ἀφικνουμένοις
2940 2443 3298 2515 μαρτυροῦσι,
3333 2443 3432 2497 τῶν
3470 2443 3607 2509 λόγων
3638 2456 3706 2490 πι-

2217 2532 2498 2601 στούμενοι
2530 2532 2628 2604 τὴν
2657 2533 2908 2604 ἀλήθειαν
2949 2534 3036 2587 διὰ
3073 2535 3175 2605 τῆς
3204 2535 3296 2588 τοῦ
3332 2533 3488 2606 ἀγροῦ
3523 2531 3706 2597 δείξεως.

2215 2623 2272 2675 ἐν
2299 2617 2342 2692 ᾧ
2371 2623 2602 2678 τεκοῦσα
2649 2625 2681 2696 ἡ
2729 2623 3003 2696 Παρθένος
3046 2625 3418 2680 κατατέθειται
3447 2624 3500 2677 τὸ
3532 2622 3704 2693 βρέφος·

2217 2717 2298 2784 ἐφ’
2327 2710 2406 2778 οἷς
2431 2719 2462 2787 ἡ
2495 2716 2796 2788 προφητεία
2819 2717 2949 2786 φησί
2972 2733 2984 2746 ⁸
3023 2735 3043 2768 t
3075 2716 3180 2769 Διά
3206 2716 3359 2770 τοῦτο
3389 2713 3531 2767 δώσει
3565 2711 3712 2769 αὐτοὺς

2217 2807 2319 2868 έως
2353 2807 2544 2878 καιροῦ
2573 2807 2877 2878 τικτούσης.
2904 2807 3148 2874 Τέξεται,
3175 2810 3274 2862 καὶ
3310 2810 3358 2860 οἱ
3385 2806 3617 2859 ἐπίλοιποι
3634 2800 3714 2853 τῶν

2218 2891 2458 2961 ἀδελφῶν
2482 2895 2660 2948 αὐτῶν
2693 2896 3124 2966 ἐπιστρέφουσιν.
3148 2916 3166 2949 ι
3217 2896 3527 2959 Ἀκολούθως
3551 2893 3596 2947 δὲ
3617 2892 3713 2943 κάν-

553 2992 632 3063 git
660 3006 798 3052 eam,
828 3005 949 3060 qum
978 2991 1033 3043 in
1066 2991 1439 3060 superioribus
1467 2991 1703 3044 oraculis
1747 2989 1912 3059 Virgo
1940 2990 2112 3043 nomi-

2218 2985 2389 3038 ταῦθα
2420 2986 2705 3040 τίκτουσαν
2728 2987 2877 3058 δηλοῖ
2898 2987 2996 3058 τὴν
3031 2989 3089 3040 ἐν
3133 2991 3258 3052 ταῖς
3304 2987 3518 3059 πρόσθεν
3558 3000 3716 3055 προφη-

553 3095 681 3140 nata
719 3090 822 3147 est,
855 3091 908 3138 et
937 3083 1252 3154 prophetica
1288 3083 1504 3145 mulier,
1537 3097 1657 3150 qua:
1692 3081 1868 3151 ipsum
1901 3080 2116 3134 Emma-

555 3175 684 3230 nuel
710 3183 763 3229 et
794 3175 972 3245 magni
1008 3173 1224 3228 consilii
1259 3173 1510 3242 angelum
1543 3172 1648 3226 erit
1679 3171 1946 3242 paritura.
1981 3169 2114 3224 Nam

555 3281 729 3336 usque
759 3266 825 3321 ad
857 3266 1082 3334 hujusce
1115 3271 1378 3332 tempora,
1407 3263 1635 3332 ejusque
1652 3263 1744 3332 qui
1765 3262 1832 3316 de
1859 3262 1978 3330 ipsa
2000 3267 2117 3315 erat

553 3356 819 3418 oriturus,
853 3370 972 3424 quae
1001 3352 1067 3406 ad
1101 3353 1334 3422 priorem
1371 3353 1628 3422 populum
1678 3353 1971 3422 pertinent,
2002 3360 2115 3407 ste-

557 3456 760 3510 terunt,
791 3448 988 3516 quippe
1021 3460 1146 3499 cum
1186 3444 1266 3499 eis
1301 3445 1640 3513 praescriptio
1683 3445 1942 3515 temporis
1993 3445 2116 3500 data

555 3548 703 3594 esset
735 3553 908 3607 usque
941 3536 1009 3592 ad
1055 3547 1265 3606 tempus
1319 3536 1604 3606 parientis,
1656 3537 1760 3592 hoc
1805 3543 1908 3602 est,
1946 3554 2117 3608 usque

559 3631 624 3684 ad
657 3630 960 3684 mirabilem
992 3638 1171 3683 ortum
1205 3628 1347 3696 ejus,
1379 3629 1473 3698 qui
1503 3628 1570 3684 de
1611 3628 1835 3700 Virgine
1865 3645 2117 3686 nascere-

557 3734 647 3777 tur
673 3739 686 3775 :
721 3727 844 3790 post
874 3735 1054 3791 quem,
1087 3719 1359 3774 sublatum
1400 3719 1619 3788 quidem
1649 3729 1733 3774 est
1762 3721 2003 3789 ipsorum
2031 3736 2117 3776 re-

555 3828 746 3883 gnum;
776 3813 866 3882 qui
895 3829 1022 3867 vero
1057 3810 1249 3881 reliqui
1284 3809 1511 3864 fratrum
1555 3811 1796 3881 ipsorum
1839 3810 2115 3876 dicuntur,

556 3904 594 3959 ii
621 3918 749 3959 sunt
774 3903 1097 3973 accipiendi,
1123 3906 1216 3972 qui
1244 3903 1298 3956 in
1325 3901 1601 3958 Christum
1621 3902 1714 3958 Dei
1746 3903 2114 3968 crediderunt,

555 3997 788 4068 apostoli
821 4005 873 4052 et
898 3997 1152 4065 discipuli
1193 4003 1247 4051 et
1296 3996 1642 4067 evangelista
1690 3993 1990 4051 Salvatoris
2018 4011 2118 4050 no-

554 4090 654 4146 stri
698 4109 710 4143 :
751 4105 886 4159 quos
918 4104 1216 4144 conversos
1265 4091 1381 4160 ipse
1429 4088 1691 4145 Dominus
1731 4103 1958 4158 pascere
1984 4089 2120 4144 dici-

554 4188 663 4247 tur,
699 4197 808 4234 non
842 4180 984 4234 sicut
1031 4181 1182 4248 prius
1210 4196 1307 4249 per
1349 4180 1592 4249 angelos,
1627 4187 1720 4233 aut
1760 4195 1858 4250 per
1888 4181 2121 4235 admini-

554 4281 698 4325 stros
736 4272 1003 4332 homines,
1039 4271 1132 4324 sed
1171 4272 1284 4340 ipse
1314 4287 1408 4341 per
1437 4271 1702 4340 seipsum,
1761 4288 1936 4342 usque
1984 4273 2119 4327 adeo

556 4372 614 4417 ut
641 4374 861 4432 propter
892 4363 992 4416 hoc
1022 4365 1356 4434 magniﬁcari
1389 4381 1484 4420 eos
1525 4367 1814 4435 contigerit
1845 4383 2017 4437 usque
2047 4367 2114 4420 ad
2147 4403 2191 4458 ο

553 4465 854 4508 extremum
891 4461 1067 4507 terrm.
1103 4453 1427 4524 Magniﬁcati
1458 4457 1602 4510 enim
1644 4465 1793 4520 sunt,
1842 4473 1950 4528 quo
1990 4466 2118 4511 tem-

552 4561 684 4616 pore
713 4545 768 4597 in
806 4559 1020 4598 omnem
1070 4551 1270 4598 terram
1305 4547 1471 4602 exivit
1517 4562 1685 4602 sonus
1729 4563 1940 4613 eorum,
1977 4555 2031 4603 et
2061 4551 2116 4602 in

553 4638 688 4693 lines
715 4636 866 4691 orbis
892 4642 1050 4690 terra:
1086 4637 1246 4690 verba
1288 4654 1499 4693 eorum.
1540 4638 1767 4694 Constat
1795 4655 1925 4695 vero
1953 4642 2117 4695 etiam

552 4728 709 4793 illud,
735 4743 896 4798 quam
922 4742 1150 4797 magnus
1173 4745 1310 4798 grex
1351 4745 1446 4798 per
1486 4730 1792 4786 universam
1824 4739 2025 4785 terram
2058 4742 2119 4785 ut

552 4822 910 4878 rationalibus
944 4819 1304 4890 humanisque
1336 4822 1528 4879 ovibus
1562 4824 1663 4892 ipsi
1694 4823 1858 4896 344
1889 4823 2117 4879 Domino

553 4931 648 4988 per
676 4917 954 4986 apostolos
977 4931 1105 4972 suos
1131 4915 1394 4969 collectus
1414 4915 1502 4969 sit.
1528 4914 1698 4980 Quem
1735 4915 1866 4971 sane
1899 4933 2115 4987 gregem

551 5009 666 5077 ipse
701 5007 962 5063 Dominus
993 5024 1086 5079 per
1118 5007 1380 5076 seipsum,
1426 5008 1520 5076 qui
1554 5008 1676 5075 ejus
1723 5017 1910 5078 pastor
1951 5008 2116 5063 simul

551 5108 606 5154 et
631 5099 886 5155 Dominus
911 5107 1014 5163 est,
1032 5101 1251 5157 visurus
1274 5109 1639 5170 pasturusque
1669 5102 1721 5155 in
1755 5102 1950 5157 robore
1979 5103 2117 5157 dici-

550 5199 660 5254 tur,
684 5190 819 5245 adeo
840 5192 1077 5262 quidem,
1103 5201 1159 5246 ut
1180 5193 1232 5246 in
1259 5209 1417 5246 manu
1441 5192 1564 5247 forti
1585 5201 1638 5248 et
1659 5194 1883 5248 brachio
1898 5196 2116 5250 excelso

553 5296 583 5334 a
613 5281 842 5337 Domino
870 5291 923 5338 et
967 5293 1184 5352 pastore
1235 5293 1571 5340 conservata:
1618 5302 1747 5341 oves
1797 5288 1934 5341 nihil
1987 5290 2111 5342 mali

553 5374 829 5440 patiantur
862 5375 928 5428 ah
965 5373 1354 5432 insidiantibus
1385 5377 1592 5448 asperis
1622 5387 1674 5432 et
1702 5378 2005 5434 immitibus
2037 5379 2115 5436 fe-

550 5461 648 5516 ris.
679 5459 745 5513 Et
766 5478 828 5517 ea
856 5463 1070 5532 quidem
1095 5481 1216 5535 qua:
1242 5467 1306 5522 ad
1333 5478 1507 5524 ortum
1533 5469 1586 5523 in
1609 5467 1940 5534 Bethlehem,
1964 5488 2113 5541 qum-

618 5645 667 5677 "
705 5642 898 5702 Matth.
936 5661 992 5712 ιι,
1032 5648 1167 5701 l-i‘l.

2219 3077 2387 3141 τείαις
2421 3078 2694 3150 Παρθένον
2737 3079 3127 3150 ὠνομασμένην
3170 3081 3271 3134 καὶ
3317 3077 3609 3150 προφήτιδα,
3645 3074 3715 3140 τὴν

2217 3169 2307 3224 τὸν
2340 3170 2682 3242 Ἑμμανυυὴλ
2740 3171 2833 3224 καὶ
2873 3170 2965 3224 τὸν
2997 3171 3095 3241 τῆς
3129 3172 3371 3242 μεγάλης
3399 3168 3570 3240 βουλῆς
3598 3167 3718 3233 ἄγγε-

2217 3262 2306 3315 λον
2334 3262 2752 3336 ἀποτεξομένην.
2783 3266 2926 3329 Ἕως
2954 3264 3062 3334 γὰρ
3083 3263 3190 3316 τῶν
3230 3264 3426 3335 ταύτης
3448 3260 3626 3332 καιρῶν
3652 3257 3721 3309 καὶ

2217 3355 2308 3408 τοῦ
2343 3355 2402 3419 ἐξ
2451 3357 2622 3426 αὐτῆς
2662 3357 3051 3427 ἀποτεχθέντος
3106 3356 3200 3410 καὶ
3256 3357 3324 3410 τὰ
3371 3355 3461 3410 τοῦ
3510 3350 3719 3423 προτέρου

2218 3448 2344 3502 λαοῦ
2385 3452 2758 3520 συνειστήκει,
2785 3449 3033 3521 δοθείσης
3080 3450 3269 3514 αὐτοῖς
3315 3447 3618 3521 προθεσμίας
3646 3444 3722 3502 ἓως

2219 3539 2411 3611 καιροῦ
2445 3539 2762 3611 τικτούσης,
2807 3541 2953 3594 τοῦτ’
2990 3542 3133 3594 ἔστιν
3185 3542 3297 3606 ἕως
3341 3543 3433 3614 τῆς
3477 3535 3722 3610 παραδόξου

2217 3632 2482 3699 γενέσεως
2521 3630 2614 3684 τοῦ
2659 3634 2719 3684 ἐκ
2770 3631 2871 3701 τῆς
2905 3633 3180 3703 Παρθένου
3224 3634 3515 3704 τεχθέντος,
3557 3629 3652 3699 μεθ’
3679 3625 3720 3676 ὂν

2217 3725 2359 3796 ἤρθη
2403 3725 2499 3796 μὲν
2543 3725 2722 3778 αὐτῶν
2775 3725 2808 3795 ἡ
2851 3724 3113 3794 βασιλεία.
3145 3726 3208 3778 Οί
3266 3725 3321 3778 δὲ
3367 3723 3607 3777 ἐπίλοιποι
3645 3716 3726 3769 τῶν

2217 3815 2460 3885 ἀδελφῶν
2490 3815 2684 3880 αὐτῶν,
2719 3809 2864 3873 οὗτοι
2891 3815 2956 3870 ἂν
2981 3811 3089 3868 εἶεν
3114 3815 3164 3867 οί
3196 3816 3281 3880 είς
3315 3815 3404 3870 τὸν
3429 3811 3632 3885 Χριστὸν
3657 3804 3728 3859 τοῦ

2218 3907 2354 3961 Θεοῦ
2400 3909 2820 3971 πεπιστευκότες
2856 3909 3141 3962 ἀπόστολοι
3167 3949 3182 3974 ,
3225 3909 3322 3962 καὶ
3371 3905 3617 3979 μαθηταὶ,
3659 3897 3729 3951 καὶ

2219 4001 2598 4070 εύαγγελισταὶ
2628 3999 2722 4054 τοῦ
2744 4001 2995 4073 Σωτῆρος
3022 4004 3053 4072 ἡ
3064 3984 3200 4072 μῶν,
3231 4000 3328 4064 οὓς
3358 3995 3730 4068 ἐπιστρέψαντας

2220 4094 2379 4156 αὐτὸς
2405 4097 2432 4147 ὁ
2455 4093 2656 4166 Κύριος
2682 4096 2963 4164 ποιμανεῖν
2986 4093 3222 4160 λέγεται,
3248 4096 3309 4147 σὺ
3351 4090 3524 4154 καθὼς
3550 4089 3603 4140 τὸ
3635 4083 3731 4154 πρὶν

2217 4185 2282 4237 δι’
2311 4186 2553 4252 ἀγγέλων
2585 4185 2726 4255 ἤδιά
2758 4186 3098 4256 θεραπόντων
3125 4183 3446 4254 ἀνθρώπων,
3477 4179 3579 4235 ἀλλ’
3611 4174 3735 4234 αὐτὸς

2217 4275 2283 4327 δι’
2310 4276 2524 4340 ἑαυτοῦ,
2545 4277 2683 4330 ὥστε
2711 4277 2797 4330 διὰ
2835 4277 2992 4330 τοῦτο
3023 4275 3424 4347 μεγαλυνθῆναι
3458 4273 3631 4332 αὐτοὺς
3655 4268 3734 4325 ἕως

2219 4365 2388 4438 ἄκρου
2416 4367 2515 4437 τῆς
2544 4368 2664 4438 γῆς.
2714 4367 3184 4439 Ἐμεγαλύνθησαν
3218 4367 3330 4439 γὰρ
3374 4369 3458 4421 ὅτε
3503 4366 3574 4426 είς
3596 4361 3734 4412 πᾶσαν

2218 4455 2316 4528 τὴν
2345 4455 2447 4526 γῆν
2473 4455 2692 4527 ἐξῆλθεν
2714 4459 2742 4510 ὁ
2766 4456 2998 4526 φθόγγος
3023 4457 3219 4518 αὐτῶν,
3257 4457 3351 4511 καὶ
3375 4458 3454 4519 είς
3474 4453 3537 4507 τὰ
3569 4449 3735 4518 πέρατα

2218 4549 2316 4618 τῆς
2341 4547 2663 4618 οἰκουμένης
2691 4546 2759 4600 τά
2808 4549 3008 4620 ῥήματ’
3048 4547 3246 4602 αὐτῶν.
3289 4546 3551 4619 Πρόδηλον
3579 4542 3626 4594 δὲ
3665 4536 3738 4590 καὶ

2218 4639 2396 4690 ὁποῖον
2417 4637 2556 4708 μέγα
2573 4638 2820 4708 ποίμνιον
2841 4637 2960 4691 καθ’
2979 4637 3104 4707 ὅλης
3118 4637 3219 4706 τῆς
3239 4638 3345 4708 γῆς
3360 4640 3425 4690 ἐκ
3448 4631 3654 4704 λογικῶν
3668 4621 3739 4680 καὶ

2218 4728 2569 4799 ἀνθρωπείων
2591 4729 2873 4799 προϐάτων
2892 4729 2969 4799 τῷ
2999 4729 3187 4801 Κυρίῳ
3213 4729 3301 4782 διά
3341 4729 3447 4782 τῶν
3475 4721 3737 4780 ἀποστόλων

2219 4822 2381 4874 αὑτοῦ
2403 4823 2644 4892 συνέστη·
2662 4823 2689 4875 ὃ
2706 4823 2797 4875 καὶ
2813 4823 2974 4885 αὐτὸς
2993 4823 3020 4874 ὁ
3037 4822 3239 4894 Κύριος
3253 4823 3319 4876 δι’
3345 4819 3552 4884 ἐαυτοῦ,
3576 4813 3738 4882 ποιμὴν

2215 4913 2350 4985 ὁμοῦ
2375 4915 2466 4968 καὶ
2483 4915 2682 4985 Κύριος
2695 4913 2768 4966 ὢν
2779 4914 2876 4985 τῆς
2893 4914 3145 4985 ποίμνης,
3161 4914 3453 4983 ἐπόψεσθαι
3470 4912 3556 4964 καὶ
3585 4915 3740 4972 miti-4‘

2215 5010 2325 5061 νεῖν
2338 5009 2394 5060 ἐν
2418 5008 2558 5078 ἰσχύϊ
2573 5008 2804 5075 λέγεται,
2822 5007 2960 5060 ὥστε
2979 5009 3035 5059 ἐν
3050 5008 3191 5078 χειρὶ
3207 5007 3442 5077 κραταιᾷ
3462 5003 3550 5056 καὶ
3569 5004 3619 5052 ὲν
3642 4996 3744 5065 βρα·

2216 5105 2349 5175 χίονι
2363 5102 2550 5174 ὑψηλῷ
2564 5102 2696 5172 πρὸς
2709 5101 2800 5152 τοῦ
2815 5101 3071 5154 δεσπότου
3088 5099 3180 5152 καὶ
3198 5099 3448 5167 ποιμένος
3461 5089 3739 5168 φυλαττόμῑ·

2214 5212 2280 5248 να
2324 5195 2394 5248 τὰ
2419 5193 2659 5263 πρόϐατα
2685 5190 2848 5261 μηδέν
2869 5208 2921 5242 τι
2952 5190 3142 5244 παθεῖν
3165 5191 3332 5244 δεινὸν
3362 5190 3495 5260 πρὸς
3519 5185 3615 5240 τῶν
3642 5183 3742 5248 E95-

2215 5286 2510 5356 δρευόντων
2538 5285 2716 5347 αὐτοῖς
2733 5282 2936 5354 ἀγρίων
2963 5283 3056 5334 καὶ
3082 5282 3303 5352 ἀπηνῶν
3335 5281 3398 5351 θη
3410 5281 3551 5351 ρίων.
3579 5275 3674 5329 Καὶ
3688 5266 3742 5324 τὰ

2219 5377 2316 5447 μὲν
2349 5378 2476 5446 περὶ
2500 5378 2598 5446 τῆς
2618 5377 2674 5428 ἐν
2713 5376 2974 5446 Βηθλεὲμ,
2997 5375 3089 5428 καὶ
3104 5375 3316 5446 τῆςάπὺ
3339 5373 3534 5442 ταύτης
3551 5364 3740 5440 προόδου

2215 5469 2306 5522 τοῦ
2335 5467 2836 5540 προκηρύττομένου
2853 5467 3006 5530 Θεοῦ,
3026 5467 3208 5521 τοῦτον
3225 5468 3436 5538 ἔχειτὸν
3450 5465 3651 5535 τρόπον’
3663 5455 3744 5528 τὴν
