  <div class='ocr_page' id='page_1' title='image "/cluster/home/n/w/nwhite01/storage/ocr_20150623/22/hvd.32044073501132/276.png"; bbox 0 0 3916 6200; ppageno 0'>
   <div class='ocr_carea' id='block_1_1' title="bbox 293 223 392 279">
    <p class='ocr_par' dir='ltr' id='par_1_1' title="bbox 293 223 392 279">
     <span class='ocr_line' id='line_1_1' title="bbox 293 223 392 279; baseline -0.02 0"><span class='ocrx_word' id='word_1_1' title='bbox 293 223 392 279; x_wconf 73' lang='lat'><strong>5“</strong></span> 
     </span>
    </p>
   </div>
   <div class='ocr_carea' id='block_1_2' title="bbox 1210 217 3118 288">
    <p class='ocr_par' dir='ltr' id='par_1_2' title="bbox 1210 217 3118 288">
     <span class='ocr_line' id='line_1_2' title="bbox 1210 217 3118 288; baseline 0.001 -14"><span class='ocrx_word' id='word_1_2' title='bbox 1210 218 1858 276; x_wconf 59' lang='lat' dir='ltr'><strong>DEMO‘NSTRATIONIS</strong></span> <span class='ocrx_word' id='word_1_3' title='bbox 1883 217 2336 274; x_wconf 57' lang='lat' dir='ltr'><strong>ISVANGELICA‘Z</strong></span> <span class='ocrx_word' id='word_1_4' title='bbox 2368 219 2499 272; x_wconf 88' lang='lat' dir='ltr'><strong>I.IB.</strong></span> <span class='ocrx_word' id='word_1_5' title='bbox 2536 219 2644 276; x_wconf 81' lang='lat' dir='ltr'><strong>VII.</strong></span> <span class='ocrx_word' id='word_1_6' title='bbox 3107 261 3118 288; x_wconf 88' lang='lat'><strong>,</strong></span> 
     </span>
    </p>
   </div>
   <div class='ocr_carea' id='block_1_3' title="bbox 3415 221 3518 275">
    <p class='ocr_par' dir='ltr' id='par_1_3' title="bbox 3415 221 3518 275">
     <span class='ocr_line' id='line_1_3' title="bbox 3415 221 3518 275; baseline 0.01 -1"><span class='ocrx_word' id='word_1_7' title='bbox 3415 221 3518 275; x_wconf 66' lang='grc'><strong>542</strong></span> 
     </span>
    </p>
   </div>
   <div class='ocr_carea' id='block_1_4' title="bbox 283 330 1830 408">
    <p class='ocr_par' dir='ltr' id='par_1_4' title="bbox 283 335 1830 408">
     <span class='ocr_line' id='line_1_4' title="bbox 283 335 1830 408; baseline -0.004 -16"><span class='ocrx_word' id='word_1_8' title='bbox 283 338 342 393; x_wconf 80' lang='grc' dir='ltr'>δὲ</span> <span class='ocrx_word' id='word_1_9' title='bbox 375 337 434 401; x_wconf 79' lang='grc' dir='ltr'>ἐξ</span> <span class='ocrx_word' id='word_1_10' title='bbox 466 336 712 408; x_wconf 76' lang='grc' dir='ltr'><strong>οὐρανῶν</strong></span> <span class='ocrx_word' id='word_1_11' title='bbox 742 339 819 400; x_wconf 89' lang='grc' dir='ltr'><strong>εἰς</strong></span> <span class='ocrx_word' id='word_1_12' title='bbox 866 336 1181 408; x_wconf 82' lang='grc' dir='ltr'><strong>ἀνθρώπους</strong></span> <span class='ocrx_word' id='word_1_13' title='bbox 1229 336 1520 408; x_wconf 78' lang='grc' dir='ltr'><strong>ἐπιδημίαν</strong></span> <span class='ocrx_word' id='word_1_14' title='bbox 1553 335 1716 388; x_wconf 81' lang='grc' dir='ltr'>αὐτοῦ</span> <span class='ocrx_word' id='word_1_15' title='bbox 1763 352 1830 387; x_wconf 84' lang='grc' dir='ltr'><strong>το·</strong></span> 
     </span>
    </p>
   </div>
   <div class='ocr_carea' id='block_1_5' title="bbox 1935 330 3517 408">
    <p class='ocr_par' dir='ltr' id='par_1_5' title="bbox 1961 330 3517 404">
     <span class='ocr_line' id='line_1_5' title="bbox 1961 330 3517 404; baseline -0.001 -18"><span class='ocrx_word' id='word_1_16' title='bbox 1961 350 2067 403; x_wconf 88' lang='lat' dir='ltr'><strong>que</strong></span> <span class='ocrx_word' id='word_1_17' title='bbox 2101 333 2167 387; x_wconf 91' lang='lat' dir='ltr'><strong>ad</strong></span> <span class='ocrx_word' id='word_1_18' title='bbox 2195 349 2546 404; x_wconf 88' lang='lat' dir='ltr'><strong>progressum</strong></span> <span class='ocrx_word' id='word_1_19' title='bbox 2571 350 2634 388; x_wconf 81' lang='lat' dir='ltr'><strong>ex</strong></span> <span class='ocrx_word' id='word_1_20' title='bbox 2657 347 2724 387; x_wconf 92' lang='lat' dir='ltr'><strong>eo</strong></span> <span class='ocrx_word' id='word_1_21' title='bbox 2755 332 3047 404; x_wconf 82' lang='lat' dir='ltr'><strong>pertinent,</strong></span> <span class='ocrx_word' id='word_1_22' title='bbox 3079 331 3199 400; x_wconf 87' lang='lat' dir='ltr'><strong>ejus</strong></span> <span class='ocrx_word' id='word_1_23' title='bbox 3235 330 3328 386; x_wconf 88' lang='lat' dir='ltr'><strong>Dei</strong></span> <span class='ocrx_word' id='word_1_24' title='bbox 3357 347 3517 401; x_wconf 84' lang='lat' dir='ltr'><strong>quem</strong></span> 
     </span>
    </p>
   </div>
   <div class='ocr_carea' id='block_1_6' title="bbox 280 425 1846 501">
    <p class='ocr_par' dir='ltr' id='par_1_6' title="bbox 280 425 1846 501">
     <span class='ocr_line' id='line_1_6' title="bbox 280 425 1846 501; baseline -0.004 -17"><span class='ocrx_word' id='word_1_25' title='bbox 280 430 489 501; x_wconf 79' lang='grc' dir='ltr'><strong>Κυρίου</strong></span> <span class='ocrx_word' id='word_1_26' title='bbox 526 431 617 482; x_wconf 81' lang='grc' dir='ltr'><strong>καὶ</strong></span> <span class='ocrx_word' id='word_1_27' title='bbox 658 429 909 498; x_wconf 78' lang='grc' dir='ltr'><strong>ποιμένος</strong></span> <span class='ocrx_word' id='word_1_28' title='bbox 938 429 1036 499; x_wconf 80' lang='grc' dir='ltr'><strong>ήδη</strong></span> <span class='ocrx_word' id='word_1_29' title='bbox 1063 429 1156 482; x_wconf 69' lang='grc' dir='ltr'>καὶ</span> <span class='ocrx_word' id='word_1_30' title='bbox 1189 429 1448 500; x_wconf 82' lang='grc' dir='ltr'>πρότερον</span> <span class='ocrx_word' id='word_1_31' title='bbox 1479 427 1538 492; x_wconf 81' lang='grc' dir='ltr'>ἐξ</span> <span class='ocrx_word' id='word_1_32' title='bbox 1567 427 1727 480; x_wconf 74' lang='grc' dir='ltr'>αὐτοῦ</span> <span class='ocrx_word' id='word_1_33' title='bbox 1754 425 1846 478; x_wconf 85' lang='grc' dir='ltr'><strong>τοῦ</strong></span> 
     </span>
    </p>
   </div>
   <div class='ocr_carea' id='block_1_7' title="bbox 279 513 1843 592">
    <p class='ocr_par' dir='ltr' id='par_1_7' title="bbox 279 513 1843 592">
     <span class='ocr_line' id='line_1_7' title="bbox 279 513 1843 592; baseline -0.004 -17"><span class='ocrx_word' id='word_1_34' title='bbox 279 523 422 591; x_wconf 83' lang='grc' dir='ltr'>μετὰ</span> <span class='ocrx_word' id='word_1_35' title='bbox 450 526 633 592; x_wconf 87' lang='grc' dir='ltr'>χεῖρας</span> <span class='ocrx_word' id='word_1_36' title='bbox 663 524 937 592; x_wconf 67' lang='grc' dir='ltr'>προφήτου</span> <span class='ocrx_word' id='word_1_37' title='bbox 966 521 1364 592; x_wconf 77' lang='grc' dir='ltr'><strong>παρατέθειμαι</strong></span> <span class='ocrx_word' id='word_1_38' title='bbox 1393 560 1407 582; x_wconf 93' lang='grc'><strong>,</strong></span> <span class='ocrx_word' id='word_1_39' title='bbox 1439 520 1501 572; x_wconf 82' lang='grc' dir='ltr'><strong>δι’</strong></span> <span class='ocrx_word' id='word_1_40' title='bbox 1531 513 1605 572; x_wconf 80' lang='grc' dir='ltr'>ὧν</span> <span class='ocrx_word' id='word_1_41' title='bbox 1631 519 1810 586; x_wconf 73' lang='grc' dir='ltr'>ἔλεγεν</span> <span class='ocrx_word' id='word_1_42' title='bbox 1830 535 1843 548; x_wconf 98' lang='grc'><strong>·</strong></span> 
     </span>
    </p>
   </div>
   <div class='ocr_carea' id='block_1_8' title="bbox 281 613 1847 684">
    <p class='ocr_par' dir='ltr' id='par_1_8' title="bbox 281 613 1847 684">
     <span class='ocr_line' id='line_1_8' title="bbox 281 613 1847 684; baseline 0.008 -20"><span class='ocrx_word' id='word_1_43' title='bbox 281 636 297 664; x_wconf 72' lang='grc' dir='ltr'>ι</span> <span class='ocrx_word' id='word_1_44' title='bbox 346 615 658 676; x_wconf 78' lang='grc' dir='ltr'>Ἀκούσατε,</span> <span class='ocrx_word' id='word_1_45' title='bbox 696 614 812 667; x_wconf 87' lang='grc' dir='ltr'><strong>λαοί</strong></span> <span class='ocrx_word' id='word_1_46' title='bbox 849 613 1066 677; x_wconf 76' lang='grc' dir='ltr'>πάντες,</span> <span class='ocrx_word' id='word_1_47' title='bbox 1093 615 1185 667; x_wconf 76' lang='grc' dir='ltr'>καὶ</span> <span class='ocrx_word' id='word_1_48' title='bbox 1221 613 1532 684; x_wconf 78' lang='grc' dir='ltr'><strong>προσεχέτω</strong></span> <span class='ocrx_word' id='word_1_49' title='bbox 1569 613 1719 683; x_wconf 70' lang='grc' dir='ltr'><strong>ήγῆ,</strong></span> <span class='ocrx_word' id='word_1_50' title='bbox 1756 614 1847 666; x_wconf 67' lang='grc' dir='ltr'><strong>καὶ</strong></span> 
     </span>
    </p>
   </div>
   <div class='ocr_carea' id='block_1_9' title="bbox 274 705 1849 775">
    <p class='ocr_par' dir='ltr' id='par_1_9' title="bbox 274 705 1849 775">
     <span class='ocr_line' id='line_1_9' title="bbox 274 705 1849 775; baseline 0 -18"><span class='ocrx_word' id='word_1_51' title='bbox 274 707 479 768; x_wconf 75' lang='grc' dir='ltr'>πάντες</span> <span class='ocrx_word' id='word_1_52' title='bbox 512 707 562 758; x_wconf 90' lang='grc' dir='ltr'><strong>οί</strong></span> <span class='ocrx_word' id='word_1_53' title='bbox 589 707 644 757; x_wconf 79' lang='grc' dir='ltr'><strong>ἐν</strong></span> <span class='ocrx_word' id='word_1_54' title='bbox 677 706 834 775; x_wconf 80' lang='grc' dir='ltr'>αὐτῇ,</span> <span class='ocrx_word' id='word_1_55' title='bbox 873 706 962 758; x_wconf 79' lang='grc' dir='ltr'><strong>καὶ</strong></span> <span class='ocrx_word' id='word_1_56' title='bbox 998 705 1148 758; x_wconf 80' lang='grc' dir='ltr'>ἔσται</span> <span class='ocrx_word' id='word_1_57' title='bbox 1189 706 1388 774; x_wconf 85' lang='grc' dir='ltr'>Κύριος</span> <span class='ocrx_word' id='word_1_58' title='bbox 1423 705 1550 774; x_wconf 85' lang='grc' dir='ltr'>ὑμῖν</span> <span class='ocrx_word' id='word_1_59' title='bbox 1592 707 1669 766; x_wconf 88' lang='grc' dir='ltr'><strong>είς</strong></span> <span class='ocrx_word' id='word_1_60' title='bbox 1709 722 1849 775; x_wconf 90' lang='grc' dir='ltr'>μαρ-</span> 
     </span>
    </p>
   </div>
   <div class='ocr_carea' id='block_1_10' title="bbox 266 795 1844 868">
    <p class='ocr_par' dir='ltr' id='par_1_10' title="bbox 266 795 1844 868">
     <span class='ocr_line' id='line_1_10' title="bbox 266 795 1844 868; baseline -0.001 -18"><span class='ocrx_word' id='word_1_61' title='bbox 266 798 494 868; x_wconf 82' lang='grc' dir='ltr'>τύριον,</span> <span class='ocrx_word' id='word_1_62' title='bbox 546 797 747 867; x_wconf 88' lang='grc' dir='ltr'>Κύριος</span> <span class='ocrx_word' id='word_1_63' title='bbox 793 797 849 862; x_wconf 81' lang='grc' dir='ltr'>ἐξ</span> <span class='ocrx_word' id='word_1_64' title='bbox 895 795 1040 849; x_wconf 81' lang='grc' dir='ltr'>οἴκου</span> <span class='ocrx_word' id='word_1_65' title='bbox 1095 797 1249 864; x_wconf 73' lang='grc' dir='ltr'>ἁγίου</span> <span class='ocrx_word' id='word_1_66' title='bbox 1304 797 1498 849; x_wconf 78' lang='grc' dir='ltr'>αὑτοῦ·</span> <span class='ocrx_word' id='word_1_67' title='bbox 1555 797 1685 848; x_wconf 81' lang='grc' dir='ltr'>διότι</span> <span class='ocrx_word' id='word_1_68' title='bbox 1737 797 1844 849; x_wconf 77' lang='grc' dir='ltr'>ἰδοῦ</span> 
     </span>
    </p>
   </div>
   <div class='ocr_carea' id='block_1_11' title="bbox 268 887 1843 960">
    <p class='ocr_par' dir='ltr' id='par_1_11' title="bbox 268 887 1843 960">
     <span class='ocr_line' id='line_1_11' title="bbox 268 887 1843 960; baseline 0.001 -19"><span class='ocrx_word' id='word_1_69' title='bbox 268 889 481 960; x_wconf 85' lang='grc' dir='ltr'>Κύριος</span> <span class='ocrx_word' id='word_1_70' title='bbox 536 889 736 959; x_wconf 86' lang='grc' dir='ltr'>Κύριος</span> <span class='ocrx_word' id='word_1_71' title='bbox 784 887 1136 959; x_wconf 80' lang='grc' dir='ltr'><strong>ἐκπορεύεται</strong></span> <span class='ocrx_word' id='word_1_72' title='bbox 1180 890 1244 941; x_wconf 84' lang='grc' dir='ltr'><strong>ἐκ</strong></span> <span class='ocrx_word' id='word_1_73' title='bbox 1297 888 1386 940; x_wconf 89' lang='grc' dir='ltr'><strong>τοῦ</strong></span> <span class='ocrx_word' id='word_1_74' title='bbox 1442 889 1607 941; x_wconf 88' lang='grc' dir='ltr'>τόπου</span> <span class='ocrx_word' id='word_1_75' title='bbox 1655 889 1843 951; x_wconf 76' lang='grc' dir='ltr'>αὑτοῦ,</span> 
     </span>
    </p>
   </div>
   <div class='ocr_carea' id='block_1_12' title="bbox 266 974 1841 1050">
    <p class='ocr_par' dir='ltr' id='par_1_12' title="bbox 266 974 1841 1050">
     <span class='ocr_line' id='line_1_12' title="bbox 266 974 1841 1050; baseline 0.001 -17"><span class='ocrx_word' id='word_1_76' title='bbox 266 982 366 1033; x_wconf 76' lang='grc' dir='ltr'>καὶ</span> <span class='ocrx_word' id='word_1_77' title='bbox 392 981 778 1050; x_wconf 74' lang='grc' dir='ltr'>καταϐήσεται,</span> <span class='ocrx_word' id='word_1_78' title='bbox 806 1001 823 1030; x_wconf 80' lang='grc' dir='ltr'>ι</span> <span class='ocrx_word' id='word_1_79' title='bbox 849 981 942 1032; x_wconf 80' lang='grc' dir='ltr'>καὶ</span> <span class='ocrx_word' id='word_1_80' title='bbox 961 979 1029 1031; x_wconf 78' lang='grc' dir='ltr'>τὰ</span> <span class='ocrx_word' id='word_1_81' title='bbox 1058 978 1200 1048; x_wconf 78' lang='grc' dir='ltr'>ἑξῆς·</span> <span class='ocrx_word' id='word_1_82' title='bbox 1222 974 1302 1042; x_wconf 75' lang='grc' dir='ltr'>οἷς</span> <span class='ocrx_word' id='word_1_83' title='bbox 1325 979 1586 1046; x_wconf 80' lang='grc' dir='ltr'><strong>ἐπιλέγων</strong></span> <span class='ocrx_word' id='word_1_84' title='bbox 1612 980 1841 1050; x_wconf 80' lang='grc' dir='ltr'>ἔφασκε·</span> 
     </span>
    </p>
   </div>
   <div class='ocr_carea' id='block_1_13' title="bbox 265 1067 1845 1142">
    <p class='ocr_par' dir='ltr' id='par_1_13' title="bbox 265 1067 1845 1142">
     <span class='ocr_line' id='line_1_13' title="bbox 265 1067 1845 1142; baseline 0 -20"><span class='ocrx_word' id='word_1_85' title='bbox 265 1089 283 1116; x_wconf 71' lang='grc' dir='ltr'><strong>ε</strong></span> <span class='ocrx_word' id='word_1_86' title='bbox 321 1070 675 1122; x_wconf 75' lang='grc' dir='ltr'>Δι’ἀσέῆειαν</span> <span class='ocrx_word' id='word_1_87' title='bbox 711 1067 902 1122; x_wconf 76' lang='grc' dir='ltr'>Ἰακὼϐ</span> <span class='ocrx_word' id='word_1_88' title='bbox 935 1068 1109 1120; x_wconf 77' lang='grc' dir='ltr'>πάντα</span> <span class='ocrx_word' id='word_1_89' title='bbox 1143 1068 1331 1128; x_wconf 86' lang='grc' dir='ltr'>ταῦτα,</span> <span class='ocrx_word' id='word_1_90' title='bbox 1368 1071 1460 1120; x_wconf 73' lang='grc' dir='ltr'>καὶ</span> <span class='ocrx_word' id='word_1_91' title='bbox 1486 1069 1550 1120; x_wconf 87' lang='grc' dir='ltr'>δι’</span> <span class='ocrx_word' id='word_1_92' title='bbox 1575 1070 1845 1142; x_wconf 80' lang='grc' dir='ltr'>ἁμαρτίαν</span> 
     </span>
    </p>
   </div>
   <div class='ocr_carea' id='block_1_14' title="bbox 267 1161 1842 1233">
    <p class='ocr_par' dir='ltr' id='par_1_14' title="bbox 267 1161 1842 1233">
     <span class='ocr_line' id='line_1_14' title="bbox 267 1161 1842 1233; baseline 0 -17"><span class='ocrx_word' id='word_1_93' title='bbox 267 1165 425 1217; x_wconf 83' lang='grc' dir='ltr'>οἴκου</span> <span class='ocrx_word' id='word_1_94' title='bbox 468 1162 704 1233; x_wconf 86' lang='grc' dir='ltr'>Ἰσραήλ·</span> <span class='ocrx_word' id='word_1_95' title='bbox 749 1183 765 1212; x_wconf 70' lang='grc' dir='ltr'>ι</span> <span class='ocrx_word' id='word_1_96' title='bbox 819 1163 994 1230; x_wconf 76' lang='grc' dir='ltr'>Σαφές</span> <span class='ocrx_word' id='word_1_97' title='bbox 1041 1161 1096 1214; x_wconf 82' lang='grc' dir='ltr'>δὲ</span> <span class='ocrx_word' id='word_1_98' title='bbox 1145 1162 1242 1214; x_wconf 74' lang='grc' dir='ltr'>καὶ</span> <span class='ocrx_word' id='word_1_99' title='bbox 1283 1161 1388 1213; x_wconf 73' lang='grc' dir='ltr'><strong>ἀπὸ</strong></span> <span class='ocrx_word' id='word_1_100' title='bbox 1421 1163 1526 1214; x_wconf 91' lang='grc' dir='ltr'><strong>τῶν</strong></span> <span class='ocrx_word' id='word_1_101' title='bbox 1581 1163 1706 1233; x_wconf 77' lang='grc' dir='ltr'>ἐξῆς</span> <span class='ocrx_word' id='word_1_102' title='bbox 1749 1163 1842 1216; x_wconf 89' lang='grc' dir='ltr'><strong>τοῦ</strong></span> 
     </span>
    </p>
   </div>
   <div class='ocr_carea' id='block_1_15' title="bbox 270 1254 1842 1324">
    <p class='ocr_par' dir='ltr' id='par_1_15' title="bbox 270 1254 1842 1324">
     <span class='ocr_line' id='line_1_15' title="bbox 270 1254 1842 1324; baseline 0.001 -15"><span class='ocrx_word' id='word_1_103' title='bbox 270 1254 437 1309; x_wconf 85' lang='grc' dir='ltr'>αὐτοῦ</span> <span class='ocrx_word' id='word_1_104' title='bbox 466 1256 766 1324; x_wconf 80' lang='grc' dir='ltr'>προφήτου,</span> <span class='ocrx_word' id='word_1_105' title='bbox 808 1256 888 1307; x_wconf 80' lang='grc' dir='ltr'><strong>ὅτι</strong></span> <span class='ocrx_word' id='word_1_106' title='bbox 913 1255 985 1324; x_wconf 80' lang='grc' dir='ltr'>μὴ</span> <span class='ocrx_word' id='word_1_107' title='bbox 1020 1254 1175 1324; x_wconf 87' lang='grc' dir='ltr'>μόνον</span> <span class='ocrx_word' id='word_1_108' title='bbox 1217 1255 1305 1308; x_wconf 73' lang='grc' dir='ltr'><strong>διὰ</strong></span> <span class='ocrx_word' id='word_1_109' title='bbox 1337 1254 1432 1317; x_wconf 78' lang='grc' dir='ltr'>τὰς</span> <span class='ocrx_word' id='word_1_110' title='bbox 1469 1256 1718 1320; x_wconf 75' lang='grc' dir='ltr'>ἀσεϐείας</span> <span class='ocrx_word' id='word_1_111' title='bbox 1751 1258 1842 1310; x_wconf 88' lang='grc' dir='ltr'><strong>τοῦ</strong></span> 
     </span>
    </p>
   </div>
   <div class='ocr_carea' id='block_1_16' title="bbox 281 1341 1844 1414">
    <p class='ocr_par' dir='ltr' id='par_1_16' title="bbox 281 1341 1844 1414">
     <span class='ocr_line' id='line_1_16' title="bbox 281 1341 1844 1414; baseline 0 -17"><span class='ocrx_word' id='word_1_112' title='bbox 281 1344 551 1398; x_wconf 81' lang='grc' dir='ltr'><strong>Ἰουδαίων</strong></span> <span class='ocrx_word' id='word_1_113' title='bbox 575 1343 757 1405; x_wconf 80' lang='grc' dir='ltr'>ἔθνους</span> <span class='ocrx_word' id='word_1_114' title='bbox 781 1343 877 1412; x_wconf 84' lang='grc' dir='ltr'><strong>τὴν</strong></span> <span class='ocrx_word' id='word_1_115' title='bbox 918 1341 975 1408; x_wconf 85' lang='grc' dir='ltr'>ἐξ</span> <span class='ocrx_word' id='word_1_116' title='bbox 1008 1343 1249 1414; x_wconf 80' lang='grc' dir='ltr'>οὐρανῶν</span> <span class='ocrx_word' id='word_1_117' title='bbox 1292 1345 1320 1394; x_wconf 84' lang='grc' dir='ltr'>ὁ</span> <span class='ocrx_word' id='word_1_118' title='bbox 1355 1343 1553 1414; x_wconf 90' lang='grc' dir='ltr'>Κύριος</span> <span class='ocrx_word' id='word_1_119' title='bbox 1583 1343 1844 1413; x_wconf 79' lang='grc' dir='ltr'>πεποίητο</span> 
     </span>
    </p>
   </div>
   <div class='ocr_carea' id='block_1_17' title="bbox 269 1433 1842 1505">
    <p class='ocr_par' dir='ltr' id='par_1_17' title="bbox 269 1433 1842 1505">
     <span class='ocr_line' id='line_1_17' title="bbox 269 1433 1842 1505; baseline -0.001 -16"><span class='ocrx_word' id='word_1_120' title='bbox 269 1435 518 1499; x_wconf 71' lang='grc' dir='ltr'>κάθοδον,</span> <span class='ocrx_word' id='word_1_121' title='bbox 547 1434 680 1487; x_wconf 85' lang='grc' dir='ltr'><strong>ἀλλά</strong></span> <span class='ocrx_word' id='word_1_122' title='bbox 702 1437 794 1487; x_wconf 73' lang='grc' dir='ltr'>καὶ</span> <span class='ocrx_word' id='word_1_123' title='bbox 817 1433 903 1487; x_wconf 77' lang='grc' dir='ltr'>διὰ</span> <span class='ocrx_word' id='word_1_124' title='bbox 937 1435 1037 1505; x_wconf 82' lang='grc' dir='ltr'>τὴν</span> <span class='ocrx_word' id='word_1_125' title='bbox 1073 1434 1342 1503; x_wconf 75' lang='grc' dir='ltr'>σωτηρίαν</span> <span class='ocrx_word' id='word_1_126' title='bbox 1381 1436 1472 1486; x_wconf 80' lang='grc' dir='ltr'><strong>καὶ</strong></span> <span class='ocrx_word' id='word_1_127' title='bbox 1512 1434 1703 1504; x_wconf 72' lang='grc' dir='ltr'>κλῆσιν</span> <span class='ocrx_word' id='word_1_128' title='bbox 1736 1435 1842 1488; x_wconf 91' lang='grc' dir='ltr'><strong>τῶν</strong></span> 
     </span>
    </p>
   </div>
   <div class='ocr_carea' id='block_1_18' title="bbox 269 1520 1840 1594">
    <p class='ocr_par' dir='ltr' id='par_1_18' title="bbox 269 1520 1840 1594">
     <span class='ocr_line' id='line_1_18' title="bbox 269 1520 1840 1594; baseline -0.003 -12"><span class='ocrx_word' id='word_1_129' title='bbox 269 1527 446 1582; x_wconf 76' lang='grc' dir='ltr'>ἐθνῶν</span> <span class='ocrx_word' id='word_1_130' title='bbox 490 1528 757 1581; x_wconf 84' lang='grc' dir='ltr'>ἁπάντων.</span> <span class='ocrx_word' id='word_1_131' title='bbox 795 1525 1061 1593; x_wconf 79' lang='grc' dir='ltr'>Ἐπιλέγει</span> <span class='ocrx_word' id='word_1_132' title='bbox 1090 1524 1134 1576; x_wconf 87' lang='grc' dir='ltr'>δ’</span> <span class='ocrx_word' id='word_1_133' title='bbox 1164 1520 1254 1578; x_wconf 84' lang='grc' dir='ltr'><strong>οῦν</strong></span> <span class='ocrx_word' id='word_1_134' title='bbox 1302 1525 1428 1594; x_wconf 77' lang='grc' dir='ltr'>ἐξῆς</span> <span class='ocrx_word' id='word_1_135' title='bbox 1448 1543 1461 1556; x_wconf 90' lang='grc'><strong>·</strong></span> <span class='ocrx_word' id='word_1_136' title='bbox 1511 1544 1528 1575; x_wconf 81' lang='grc' dir='ltr'><strong>ι</strong></span> <span class='ocrx_word' id='word_1_137' title='bbox 1556 1527 1664 1578; x_wconf 79' lang='grc' dir='ltr'>Καὶ</span> <span class='ocrx_word' id='word_1_138' title='bbox 1692 1525 1840 1579; x_wconf 76' lang='grc' dir='ltr'>ἔσται</span> 
     </span>
    </p>
   </div>
   <div class='ocr_carea' id='block_1_19' title="bbox 270 1616 1838 1689">
    <p class='ocr_par' dir='ltr' id='par_1_19' title="bbox 270 1616 1838 1689">
     <span class='ocr_line' id='line_1_19' title="bbox 270 1616 1838 1689; baseline -0.003 -17"><span class='ocrx_word' id='word_1_139' title='bbox 270 1622 361 1672; x_wconf 80' lang='grc' dir='ltr'>ἐπ’</span> <span class='ocrx_word' id='word_1_140' title='bbox 397 1620 634 1688; x_wconf 82' lang='grc' dir='ltr'>ἐσχάτων</span> <span class='ocrx_word' id='word_1_141' title='bbox 665 1619 771 1670; x_wconf 65' lang='grc' dir='ltr'><strong>τῶν</strong></span> <span class='ocrx_word' id='word_1_142' title='bbox 806 1617 1026 1687; x_wconf 87' lang='grc' dir='ltr'>ἡμερῶν</span> <span class='ocrx_word' id='word_1_143' title='bbox 1061 1617 1300 1684; x_wconf 80' lang='grc' dir='ltr'>ἐμφανὲς</span> <span class='ocrx_word' id='word_1_144' title='bbox 1339 1616 1400 1669; x_wconf 82' lang='grc' dir='ltr'>τὸ</span> <span class='ocrx_word' id='word_1_145' title='bbox 1440 1616 1564 1687; x_wconf 75' lang='grc' dir='ltr'>ὅρος</span> <span class='ocrx_word' id='word_1_146' title='bbox 1613 1617 1838 1689; x_wconf 81' lang='grc' dir='ltr'>Κυρίου,</span> 
     </span>
    </p>
   </div>
   <div class='ocr_carea' id='block_1_20' title="bbox 271 1707 1844 1778">
    <p class='ocr_par' dir='ltr' id='par_1_20' title="bbox 271 1707 1844 1778">
     <span class='ocr_line' id='line_1_20' title="bbox 271 1707 1844 1778; baseline -0.003 -14"><span class='ocrx_word' id='word_1_147' title='bbox 271 1713 367 1766; x_wconf 80' lang='grc' dir='ltr'>καὶ</span> <span class='ocrx_word' id='word_1_148' title='bbox 393 1710 710 1762; x_wconf 84' lang='grc' dir='ltr'>σπεύσουσιν</span> <span class='ocrx_word' id='word_1_149' title='bbox 733 1707 816 1761; x_wconf 81' lang='grc' dir='ltr'><strong>ἐπ’</strong></span> <span class='ocrx_word' id='word_1_150' title='bbox 845 1709 975 1760; x_wconf 72' lang='grc' dir='ltr'>αὐτὸ</span> <span class='ocrx_word' id='word_1_151' title='bbox 1006 1707 1123 1760; x_wconf 76' lang='grc' dir='ltr'>λαοὶ</span> <span class='ocrx_word' id='word_1_152' title='bbox 1149 1707 1350 1770; x_wconf 76' lang='grc' dir='ltr'>πολλοὶ,</span> <span class='ocrx_word' id='word_1_153' title='bbox 1374 1709 1466 1760; x_wconf 74' lang='grc' dir='ltr'><strong>καὶ</strong></span> <span class='ocrx_word' id='word_1_154' title='bbox 1491 1707 1844 1778; x_wconf 75' lang='grc' dir='ltr'>πορεύσονται</span> 
     </span>
    </p>
   </div>
   <div class='ocr_carea' id='block_1_21' title="bbox 270 1799 1844 1874">
    <p class='ocr_par' dir='ltr' id='par_1_21' title="bbox 270 1799 1844 1874">
     <span class='ocr_line' id='line_1_21' title="bbox 270 1799 1844 1874; baseline -0.003 -18"><span class='ocrx_word' id='word_1_155' title='bbox 270 1804 395 1874; x_wconf 78' lang='grc' dir='ltr'>ἔθνη</span> <span class='ocrx_word' id='word_1_156' title='bbox 433 1801 638 1863; x_wconf 80' lang='grc' dir='ltr'>πολλὰ,</span> <span class='ocrx_word' id='word_1_157' title='bbox 674 1802 767 1854; x_wconf 76' lang='grc' dir='ltr'>καὶ</span> <span class='ocrx_word' id='word_1_158' title='bbox 818 1801 1035 1872; x_wconf 86' lang='grc' dir='ltr'>ἐροῦσι·</span> <span class='ocrx_word' id='word_1_159' title='bbox 1093 1800 1274 1862; x_wconf 85' lang='grc' dir='ltr'>Δεῦτε,</span> <span class='ocrx_word' id='word_1_160' title='bbox 1325 1799 1608 1869; x_wconf 72' lang='grc' dir='ltr'>ἀναδῶμεν</span> <span class='ocrx_word' id='word_1_161' title='bbox 1659 1802 1737 1862; x_wconf 87' lang='grc' dir='ltr'><strong>είς</strong></span> <span class='ocrx_word' id='word_1_162' title='bbox 1784 1800 1844 1852; x_wconf 81' lang='grc' dir='ltr'>τὸ</span> 
     </span>
    </p>
   </div>
   <div class='ocr_carea' id='block_1_22' title="bbox 267 1889 1843 1965">
    <p class='ocr_par' dir='ltr' id='par_1_22' title="bbox 267 1889 1843 1965">
     <span class='ocr_line' id='line_1_22' title="bbox 267 1889 1843 1965; baseline -0.004 -17"><span class='ocrx_word' id='word_1_163' title='bbox 267 1897 393 1965; x_wconf 73' lang='grc' dir='ltr'>ὅρος</span> <span class='ocrx_word' id='word_1_164' title='bbox 422 1893 646 1964; x_wconf 89' lang='grc' dir='ltr'>Κυρίου.</span> <span class='ocrx_word' id='word_1_165' title='bbox 684 1912 700 1943; x_wconf 74' lang='grc' dir='ltr'>ι</span> <span class='ocrx_word' id='word_1_166' title='bbox 737 1893 825 1944; x_wconf 76' lang='grc' dir='ltr'><strong>Διὸ</strong></span> <span class='ocrx_word' id='word_1_167' title='bbox 859 1895 951 1944; x_wconf 78' lang='grc' dir='ltr'>καὶ</span> <span class='ocrx_word' id='word_1_168' title='bbox 983 1891 1117 1962; x_wconf 84' lang='grc' dir='ltr'><strong>μετά</strong></span> <span class='ocrx_word' id='word_1_169' title='bbox 1158 1891 1329 1944; x_wconf 86' lang='grc' dir='ltr'>ταῦτα</span> <span class='ocrx_word' id='word_1_170' title='bbox 1361 1892 1451 1944; x_wconf 84' lang='grc' dir='ltr'><strong>τὸν</strong></span> <span class='ocrx_word' id='word_1_171' title='bbox 1501 1891 1605 1960; x_wconf 74' lang='grc' dir='ltr'>πρὸ</span> <span class='ocrx_word' id='word_1_172' title='bbox 1637 1889 1843 1943; x_wconf 85' lang='grc' dir='ltr'>αἰώνων</span> 
     </span>
    </p>
   </div>
   <div class='ocr_carea' id='block_1_23' title="bbox 269 1983 1842 2056">
    <p class='ocr_par' dir='ltr' id='par_1_23' title="bbox 269 1983 1842 2056">
     <span class='ocr_line' id='line_1_23' title="bbox 269 1983 1842 2056; baseline -0.004 -16"><span class='ocrx_word' id='word_1_173' title='bbox 269 1987 375 2040; x_wconf 75' lang='grc' dir='ltr'>ἀπὸ</span> <span class='ocrx_word' id='word_1_174' title='bbox 411 1987 509 2056; x_wconf 83' lang='grc' dir='ltr'>τῆς</span> <span class='ocrx_word' id='word_1_175' title='bbox 545 1985 790 2055; x_wconf 84' lang='grc' dir='ltr'>Βηθλεέμ</span> <span class='ocrx_word' id='word_1_176' title='bbox 819 1983 1192 2050; x_wconf 81' lang='grc' dir='ltr'>ἐξελεύσεσθαι</span> <span class='ocrx_word' id='word_1_177' title='bbox 1225 1983 1574 2054; x_wconf 80' lang='grc' dir='ltr'>ἀνακηρύξας</span> <span class='ocrx_word' id='word_1_178' title='bbox 1598 2023 1609 2044; x_wconf 89' lang='grc'><strong>,</strong></span> <span class='ocrx_word' id='word_1_179' title='bbox 1661 1983 1842 2035; x_wconf 80' lang='grc' dir='ltr'>οὐκέτι</span> 
     </span>
    </p>
   </div>
   <div class='ocr_carea' id='block_1_24' title="bbox 265 2071 1842 2145">
    <p class='ocr_par' dir='ltr' id='par_1_24' title="bbox 265 2071 1842 2145">
     <span class='ocr_line' id='line_1_24' title="bbox 265 2071 1842 2145; baseline -0.001 -19"><span class='ocrx_word' id='word_1_180' title='bbox 265 2074 360 2126; x_wconf 85' lang='grc' dir='ltr'><strong>τοῦ</strong></span> <span class='ocrx_word' id='word_1_181' title='bbox 397 2073 612 2145; x_wconf 80' lang='grc' dir='ltr'>Ἰσραὴλ</span> <span class='ocrx_word' id='word_1_182' title='bbox 647 2074 826 2143; x_wconf 81' lang='grc' dir='ltr'>μόνου,</span> <span class='ocrx_word' id='word_1_183' title='bbox 864 2073 996 2125; x_wconf 83' lang='grc' dir='ltr'><strong>ἀλλά</strong></span> <span class='ocrx_word' id='word_1_184' title='bbox 1035 2073 1246 2143; x_wconf 86' lang='grc' dir='ltr'>ἀθρόως</span> <span class='ocrx_word' id='word_1_185' title='bbox 1293 2073 1508 2125; x_wconf 83' lang='grc' dir='ltr'>πάντων</span> <span class='ocrx_word' id='word_1_186' title='bbox 1543 2071 1842 2142; x_wconf 78' lang='grc' dir='ltr'>ἀνθρώπων</span> 
     </span>
    </p>
   </div>
   <div class='ocr_carea' id='block_1_25' title="bbox 264 2160 1839 2232">
    <p class='ocr_par' dir='ltr' id='par_1_25' title="bbox 264 2160 1839 2232">
     <span class='ocr_line' id='line_1_25' title="bbox 264 2160 1839 2232; baseline 0.002 -21"><span class='ocrx_word' id='word_1_187' title='bbox 264 2162 369 2224; x_wconf 79' lang='grc' dir='ltr'>ἓως</span> <span class='ocrx_word' id='word_1_188' title='bbox 395 2160 616 2214; x_wconf 74' lang='grc' dir='ltr'>καὶτῶν</span> <span class='ocrx_word' id='word_1_189' title='bbox 646 2161 826 2232; x_wconf 85' lang='grc' dir='ltr'>ἄκρων</span> <span class='ocrx_word' id='word_1_190' title='bbox 854 2162 951 2231; x_wconf 82' lang='grc' dir='ltr'>τῆς</span> <span class='ocrx_word' id='word_1_191' title='bbox 979 2162 1082 2230; x_wconf 81' lang='grc' dir='ltr'><strong>γῆς</strong></span> <span class='ocrx_word' id='word_1_192' title='bbox 1111 2161 1293 2232; x_wconf 80' lang='grc' dir='ltr'>ἄρξειν</span> <span class='ocrx_word' id='word_1_193' title='bbox 1315 2163 1475 2215; x_wconf 79' lang='grc' dir='ltr'>αὐτόν</span> <span class='ocrx_word' id='word_1_194' title='bbox 1501 2178 1630 2231; x_wconf 85' lang='grc' dir='ltr'>φησι</span> <span class='ocrx_word' id='word_1_195' title='bbox 1654 2179 1668 2191; x_wconf 94' lang='grc'><strong>·</strong></span> <span class='ocrx_word' id='word_1_196' title='bbox 1694 2161 1839 2229; x_wconf 81' lang='grc' dir='ltr'>λέγει</span> 
     </span>
    </p>
   </div>
   <div class='ocr_carea' id='block_1_26' title="bbox 263 2246 1842 2322">
    <p class='ocr_par' dir='ltr' id='par_1_26' title="bbox 263 2246 1842 2322">
     <span class='ocr_line' id='line_1_26' title="bbox 263 2246 1842 2322; baseline 0.001 -20"><span class='ocrx_word' id='word_1_197' title='bbox 263 2249 308 2302; x_wconf 80' lang='grc' dir='ltr'>δ’</span> <span class='ocrx_word' id='word_1_198' title='bbox 340 2246 433 2302; x_wconf 81' lang='grc' dir='ltr'><strong>οὖν</strong></span> <span class='ocrx_word' id='word_1_199' title='bbox 457 2268 468 2280; x_wconf 94' lang='grc'><strong>·</strong></span> <span class='ocrx_word' id='word_1_200' title='bbox 509 2270 526 2300; x_wconf 74' lang='grc' dir='ltr'><strong>ι</strong></span> <span class='ocrx_word' id='word_1_201' title='bbox 560 2253 665 2304; x_wconf 69' lang='grc' dir='ltr'>Καὶ</span> <span class='ocrx_word' id='word_1_202' title='bbox 695 2255 968 2321; x_wconf 86' lang='grc' dir='ltr'>στήσεται,</span> <span class='ocrx_word' id='word_1_203' title='bbox 1002 2255 1093 2305; x_wconf 80' lang='grc' dir='ltr'>καὶ</span> <span class='ocrx_word' id='word_1_204' title='bbox 1127 2252 1334 2321; x_wconf 66' lang='grc' dir='ltr'>ὄψεται,</span> <span class='ocrx_word' id='word_1_205' title='bbox 1362 2255 1454 2305; x_wconf 75' lang='grc' dir='ltr'>καὶ</span> <span class='ocrx_word' id='word_1_206' title='bbox 1492 2255 1744 2322; x_wconf 83' lang='grc' dir='ltr'>ποιμανεί</span> <span class='ocrx_word' id='word_1_207' title='bbox 1781 2253 1842 2304; x_wconf 86' lang='grc' dir='ltr'>τὸ</span> 
     </span>
    </p>
   </div>
   <div class='ocr_carea' id='block_1_27' title="bbox 265 2337 1838 2416">
    <p class='ocr_par' dir='ltr' id='par_1_27' title="bbox 265 2337 1838 2416">
     <span class='ocr_line' id='line_1_27' title="bbox 265 2337 1838 2416; baseline 0.001 -21"><span class='ocrx_word' id='word_1_208' title='bbox 265 2337 514 2412; x_wconf 68' lang='grc' dir='ltr'>ποίμνών</span> <span class='ocrx_word' id='word_1_209' title='bbox 541 2342 705 2394; x_wconf 80' lang='grc' dir='ltr'>αὑτοῦ</span> <span class='ocrx_word' id='word_1_210' title='bbox 733 2345 788 2394; x_wconf 88' lang='grc' dir='ltr'><strong>ἐν</strong></span> <span class='ocrx_word' id='word_1_211' title='bbox 833 2343 976 2412; x_wconf 81' lang='grc' dir='ltr'>ἰσχύϊ</span> <span class='ocrx_word' id='word_1_212' title='bbox 1018 2343 1239 2414; x_wconf 88' lang='grc' dir='ltr'>Κύριος,</span> <span class='ocrx_word' id='word_1_213' title='bbox 1277 2345 1367 2396; x_wconf 77' lang='grc' dir='ltr'><strong>καὶ</strong></span> <span class='ocrx_word' id='word_1_214' title='bbox 1397 2346 1453 2395; x_wconf 84' lang='grc' dir='ltr'><strong>ἐν</strong></span> <span class='ocrx_word' id='word_1_215' title='bbox 1480 2347 1544 2414; x_wconf 82' lang='grc' dir='ltr'><strong>τῇ</strong></span> <span class='ocrx_word' id='word_1_216' title='bbox 1589 2343 1715 2416; x_wconf 78' lang='grc' dir='ltr'>δόξῃ</span> <span class='ocrx_word' id='word_1_217' title='bbox 1746 2344 1838 2396; x_wconf 85' lang='grc' dir='ltr'><strong>τοῦ</strong></span> 
     </span>
    </p>
   </div>
   <div class='ocr_carea' id='block_1_28' title="bbox 263 2434 1840 2506">
    <p class='ocr_par' dir='ltr' id='par_1_28' title="bbox 263 2434 1840 2506">
     <span class='ocr_line' id='line_1_28' title="bbox 263 2434 1840 2506; baseline 0.002 -21"><span class='ocrx_word' id='word_1_218' title='bbox 263 2434 526 2504; x_wconf 75' lang='grc' dir='ltr'>ὀνόματος</span> <span class='ocrx_word' id='word_1_219' title='bbox 574 2435 776 2504; x_wconf 83' lang='grc' dir='ltr'>Κυρίου</span> <span class='ocrx_word' id='word_1_220' title='bbox 829 2434 963 2486; x_wconf 85' lang='grc' dir='ltr'>Θεοῦ</span> <span class='ocrx_word' id='word_1_221' title='bbox 1016 2435 1192 2486; x_wconf 78' lang='grc' dir='ltr'>αὐτῶν</span> <span class='ocrx_word' id='word_1_222' title='bbox 1222 2435 1550 2506; x_wconf 75' lang='grc' dir='ltr'>ὑπάρξουσι·</span> <span class='ocrx_word' id='word_1_223' title='bbox 1583 2436 1713 2488; x_wconf 85' lang='grc' dir='ltr'>διότι</span> <span class='ocrx_word' id='word_1_224' title='bbox 1746 2435 1840 2488; x_wconf 85' lang='grc' dir='ltr'><strong>νῦν</strong></span> 
     </span>
    </p>
   </div>
   <div class='ocr_carea' id='block_1_29' title="bbox 266 2521 1838 2596">
    <p class='ocr_par' dir='ltr' id='par_1_29' title="bbox 266 2521 1838 2596">
     <span class='ocr_line' id='line_1_29' title="bbox 266 2521 1838 2596; baseline 0.003 -22"><span class='ocrx_word' id='word_1_225' title='bbox 266 2521 759 2593; x_wconf 82' lang='grc' dir='ltr'>μεγαλυνθήσονται</span> <span class='ocrx_word' id='word_1_226' title='bbox 815 2524 919 2585; x_wconf 82' lang='grc' dir='ltr'>ἓως</span> <span class='ocrx_word' id='word_1_227' title='bbox 967 2523 1151 2594; x_wconf 79' lang='grc' dir='ltr'>ἄκρων</span> <span class='ocrx_word' id='word_1_228' title='bbox 1203 2526 1300 2594; x_wconf 81' lang='grc' dir='ltr'><strong>τῆς</strong></span> <span class='ocrx_word' id='word_1_229' title='bbox 1345 2527 1448 2596; x_wconf 71' lang='grc' dir='ltr'><strong>γῆς</strong></span> <span class='ocrx_word' id='word_1_230' title='bbox 1477 2567 1490 2588; x_wconf 99' lang='grc'><strong>,</strong></span> <span class='ocrx_word' id='word_1_231' title='bbox 1554 2529 1646 2579; x_wconf 75' lang='grc' dir='ltr'><strong>γαὶ</strong></span> <span class='ocrx_word' id='word_1_232' title='bbox 1691 2527 1838 2580; x_wconf 72' lang='grc' dir='ltr'>ἔσται</span> 
     </span>
    </p>
   </div>
   <div class='ocr_carea' id='block_1_30' title="bbox 262 2615 1835 2690">
    <p class='ocr_par' dir='ltr' id='par_1_30' title="bbox 262 2615 1835 2690">
     <span class='ocr_line' id='line_1_30' title="bbox 262 2615 1835 2690; baseline 0.002 -22"><span class='ocrx_word' id='word_1_233' title='bbox 262 2615 400 2686; x_wconf 87' lang='grc' dir='ltr'>αῦτη</span> <span class='ocrx_word' id='word_1_234' title='bbox 426 2617 638 2686; x_wconf 73' lang='grc' dir='ltr'>εἰρήνη.</span> <span class='ocrx_word' id='word_1_235' title='bbox 676 2634 692 2665; x_wconf 75' lang='grc' dir='ltr'>ι</span> <span class='ocrx_word' id='word_1_236' title='bbox 727 2615 921 2668; x_wconf 82' lang='grc' dir='ltr'>Τίνιόέ</span> <span class='ocrx_word' id='word_1_237' title='bbox 955 2615 1105 2669; x_wconf 74' lang='grc' dir='ltr'>ἔσται</span> <span class='ocrx_word' id='word_1_238' title='bbox 1151 2617 1287 2688; x_wconf 81' lang='grc' dir='ltr'>αὕτη</span> <span class='ocrx_word' id='word_1_239' title='bbox 1328 2619 1516 2690; x_wconf 77' lang='grc' dir='ltr'>εἰρήνη</span> <span class='ocrx_word' id='word_1_240' title='bbox 1557 2618 1670 2670; x_wconf 84' lang='grc' dir='ltr'>ἀλλ’</span> <span class='ocrx_word' id='word_1_241' title='bbox 1706 2620 1738 2689; x_wconf 81' lang='grc' dir='ltr'><strong>ἢ</strong></span> <span class='ocrx_word' id='word_1_242' title='bbox 1770 2622 1835 2690; x_wconf 82' lang='grc' dir='ltr'><strong>τῇ</strong></span> 
     </span>
    </p>
   </div>
   <div class='ocr_carea' id='block_1_31' title="bbox 262 2701 1838 2780">
    <p class='ocr_par' dir='ltr' id='par_1_31' title="bbox 262 2701 1838 2780">
     <span class='ocr_line' id='line_1_31' title="bbox 262 2701 1838 2780; baseline -0.014 -3"><span class='ocrx_word' id='word_1_243' title='bbox 262 2709 352 2776; x_wconf 57' lang='lat' dir='ltr'><strong>iiii</strong></span> <span class='ocrx_word' id='word_1_244' title='bbox 377 2701 484 2778; x_wconf 73' lang='grc' dir='ltr'>ὲνῇ</span> <span class='ocrx_word' id='word_1_245' title='bbox 508 2706 1000 2776; x_wconf 79' lang='grc' dir='ltr'>μεγαλυνθήσονται</span> <span class='ocrx_word' id='word_1_246' title='bbox 1026 2707 1094 2760; x_wconf 81' lang='grc' dir='ltr'><strong>τά</strong></span> <span class='ocrx_word' id='word_1_247' title='bbox 1116 2710 1338 2779; x_wconf 85' lang='grc' dir='ltr'>ποίμνια</span> <span class='ocrx_word' id='word_1_248' title='bbox 1355 2709 1447 2761; x_wconf 86' lang='grc' dir='ltr'><strong>τοῦ</strong></span> <span class='ocrx_word' id='word_1_249' title='bbox 1469 2709 1670 2780; x_wconf 83' lang='grc' dir='ltr'>Κυρίου</span> <span class='ocrx_word' id='word_1_250' title='bbox 1692 2726 1706 2774; x_wconf 88' lang='grc'><strong>;</strong></span> <span class='ocrx_word' id='word_1_251' title='bbox 1731 2712 1838 2764; x_wconf 73' lang='grc' dir='ltr'>Καὶ</span> 
     </span>
    </p>
   </div>
   <div class='ocr_carea' id='block_1_32' title="bbox 260 2796 1838 2872">
    <p class='ocr_par' dir='ltr' id='par_1_32' title="bbox 260 2796 1838 2872">
     <span class='ocr_line' id='line_1_32' title="bbox 260 2796 1838 2872; baseline 0.003 -24"><span class='ocrx_word' id='word_1_252' title='bbox 260 2796 419 2849; x_wconf 89' lang='grc' dir='ltr'>τοῦτο</span> <span class='ocrx_word' id='word_1_253' title='bbox 445 2798 523 2860; x_wconf 79' lang='grc' dir='ltr'>δὲ,</span> <span class='ocrx_word' id='word_1_254' title='bbox 557 2797 740 2849; x_wconf 82' lang='grc' dir='ltr'>ὁποίου</span> <span class='ocrx_word' id='word_1_255' title='bbox 767 2798 952 2860; x_wconf 78' lang='grc' dir='ltr'>τέλους</span> <span class='ocrx_word' id='word_1_256' title='bbox 981 2798 1133 2869; x_wconf 74' lang='grc' dir='ltr'>ἔτυχε</span> <span class='ocrx_word' id='word_1_257' title='bbox 1166 2804 1308 2868; x_wconf 82' lang='grc' dir='ltr'>μετὰ</span> <span class='ocrx_word' id='word_1_258' title='bbox 1345 2800 1420 2871; x_wconf 83' lang='grc'><strong>(1)</strong></span> <span class='ocrx_word' id='word_1_259' title='bbox 1462 2799 1554 2852; x_wconf 88' lang='grc' dir='ltr'><strong>τοῦ</strong></span> <span class='ocrx_word' id='word_1_260' title='bbox 1590 2801 1838 2872; x_wconf 77' lang='grc' dir='ltr'>Σωτῆρος</span> 
     </span>
    </p>
   </div>
   <div class='ocr_carea' id='block_1_33' title="bbox 260 2889 1832 2964">
    <p class='ocr_par' dir='ltr' id='par_1_33' title="bbox 260 2889 1832 2964">
     <span class='ocr_line' id='line_1_33' title="bbox 260 2889 1832 2964; baseline 0.003 -24"><span class='ocrx_word' id='word_1_261' title='bbox 260 2889 418 2960; x_wconf 85' lang='grc' dir='ltr'>ήμῶν</span> <span class='ocrx_word' id='word_1_262' title='bbox 446 2889 618 2959; x_wconf 81' lang='grc' dir='ltr'>Ἰησοῦ</span> <span class='ocrx_word' id='word_1_263' title='bbox 647 2890 884 2964; x_wconf 85' lang='grc' dir='ltr'>Χριστοῦ</span> <span class='ocrx_word' id='word_1_264' title='bbox 911 2893 1234 2962; x_wconf 79' lang='grc' dir='ltr'>παρουσίαν,</span> <span class='ocrx_word' id='word_1_265' title='bbox 1267 2892 1428 2944; x_wconf 90' lang='grc' dir='ltr'>παντί</span> <span class='ocrx_word' id='word_1_266' title='bbox 1451 2911 1528 2964; x_wconf 82' lang='grc' dir='ltr'><strong>τῳ</strong></span> <span class='ocrx_word' id='word_1_267' title='bbox 1552 2893 1832 2964; x_wconf 88' lang='grc' dir='ltr'>πρόδηλον·</span> 
     </span>
    </p>
   </div>
   <div class='ocr_carea' id='block_1_34' title="bbox 258 2981 1833 3056">
    <p class='ocr_par' dir='ltr' id='par_1_34' title="bbox 258 2981 1833 3056">
     <span class='ocr_line' id='line_1_34' title="bbox 258 2981 1833 3056; baseline 0.004 -24"><span class='ocrx_word' id='word_1_268' title='bbox 258 2981 463 3052; x_wconf 81' lang='grc' dir='ltr'>πολλῆς</span> <span class='ocrx_word' id='word_1_269' title='bbox 497 2981 604 3053; x_wconf 75' lang='grc' dir='ltr'><strong>γὰρ</strong></span> <span class='ocrx_word' id='word_1_270' title='bbox 631 2981 797 3053; x_wconf 74' lang='grc' dir='ltr'>οὔσης</span> <span class='ocrx_word' id='word_1_271' title='bbox 843 2984 948 3054; x_wconf 82' lang='grc' dir='ltr'>πρὸ</span> <span class='ocrx_word' id='word_1_272' title='bbox 975 2983 1164 3036; x_wconf 86' lang='grc' dir='ltr'>τούτου</span> <span class='ocrx_word' id='word_1_273' title='bbox 1213 2985 1560 3056; x_wconf 83' lang='grc' dir='ltr'>πολυαρχίας,</span> <span class='ocrx_word' id='word_1_274' title='bbox 1604 2987 1696 3039; x_wconf 79' lang='grc' dir='ltr'>καὶ</span> <span class='ocrx_word' id='word_1_275' title='bbox 1728 2985 1833 3038; x_wconf 91' lang='grc' dir='ltr'><strong>τῶν</strong></span> 
     </span>
    </p>
   </div>
   <div class='ocr_carea' id='block_1_35' title="bbox 259 3074 1828 3150">
    <p class='ocr_par' dir='ltr' id='par_1_35' title="bbox 259 3074 1828 3150">
     <span class='ocr_line' id='line_1_35' title="bbox 259 3074 1828 3150; baseline 0.003 -24"><span class='ocrx_word' id='word_1_276' title='bbox 259 3074 430 3128; x_wconf 80' lang='grc' dir='ltr'>ἐθνῶν</span> <span class='ocrx_word' id='word_1_277' title='bbox 466 3075 718 3128; x_wconf 81' lang='grc' dir='ltr'>ἁπάντων</span> <span class='ocrx_word' id='word_1_278' title='bbox 740 3077 1183 3148; x_wconf 82' lang='grc' dir='ltr'>τυραννουμένων</span> <span class='ocrx_word' id='word_1_279' title='bbox 1209 3079 1240 3148; x_wconf 79' lang='grc' dir='ltr'>ἢ</span> <span class='ocrx_word' id='word_1_280' title='bbox 1269 3078 1790 3150; x_wconf 83' lang='grc' dir='ltr'>δημοκρατουμένων</span> <span class='ocrx_word' id='word_1_281' title='bbox 1813 3117 1828 3141; x_wconf 96' lang='grc'><strong>,</strong></span> 
     </span>
    </p>
   </div>
   <div class='ocr_carea' id='block_1_36' title="bbox 253 3165 1831 3240">
    <p class='ocr_par' dir='ltr' id='par_1_36' title="bbox 253 3165 1831 3240">
     <span class='ocr_line' id='line_1_36' title="bbox 253 3165 1831 3240; baseline 0.005 -23"><span class='ocrx_word' id='word_1_282' title='bbox 253 3165 332 3229; x_wconf 79' lang='grc' dir='ltr'>ὡς</span> <span class='ocrx_word' id='word_1_283' title='bbox 414 3166 681 3236; x_wconf 88' lang='grc' dir='ltr'>μηδεμίαν</span> <span class='ocrx_word' id='word_1_284' title='bbox 759 3168 898 3238; x_wconf 85' lang='grc' dir='ltr'>πρὸς</span> <span class='ocrx_word' id='word_1_285' title='bbox 979 3167 1239 3238; x_wconf 75' lang='grc' dir='ltr'>ἀλλήλους</span> <span class='ocrx_word' id='word_1_286' title='bbox 1323 3171 1606 3240; x_wconf 77' lang='grc' dir='ltr'>ἐπιμιξίαν</span> <span class='ocrx_word' id='word_1_287' title='bbox 1703 3173 1831 3235; x_wconf 82' lang='grc' dir='ltr'>τοὺς</span> 
     </span>
    </p>
   </div>
   <div class='ocr_carea' id='block_1_37' title="bbox 257 3256 1831 3329">
    <p class='ocr_par' dir='ltr' id='par_1_37' title="bbox 257 3256 1831 3329">
     <span class='ocr_line' id='line_1_37' title="bbox 257 3256 1831 3329; baseline 0.003 -20"><span class='ocrx_word' id='word_1_288' title='bbox 257 3256 581 3325; x_wconf 79' lang='grc' dir='ltr'>ἀνθρώπους</span> <span class='ocrx_word' id='word_1_289' title='bbox 637 3257 818 3326; x_wconf 76' lang='grc' dir='ltr'>ἔχειν,</span> <span class='ocrx_word' id='word_1_290' title='bbox 876 3257 1020 3320; x_wconf 77' lang='grc' dir='ltr'>ἰδίως</span> <span class='ocrx_word' id='word_1_291' title='bbox 1067 3257 1154 3321; x_wconf 86' lang='grc' dir='ltr'><strong>δέ,</strong></span> <span class='ocrx_word' id='word_1_292' title='bbox 1220 3258 1350 3329; x_wconf 84' lang='grc' dir='ltr'>φέρε</span> <span class='ocrx_word' id='word_1_293' title='bbox 1393 3261 1601 3323; x_wconf 76' lang='grc' dir='ltr'>εἰπεῖν,</span> <span class='ocrx_word' id='word_1_294' title='bbox 1667 3261 1831 3328; x_wconf 75' lang='grc' dir='ltr'>Δίγυ-</span> 
     </span>
    </p>
   </div>
   <div class='ocr_carea' id='block_1_38' title="bbox 257 3348 1830 3421">
    <p class='ocr_par' dir='ltr' id='par_1_38' title="bbox 257 3348 1830 3421">
     <span class='ocr_line' id='line_1_38' title="bbox 257 3348 1830 3421; baseline 0.003 -21"><span class='ocrx_word' id='word_1_295' title='bbox 257 3349 431 3402; x_wconf 85' lang='grc' dir='ltr'>πτίων</span> <span class='ocrx_word' id='word_1_296' title='bbox 499 3348 603 3401; x_wconf 83' lang='grc' dir='ltr'>ὑπὸ</span> <span class='ocrx_word' id='word_1_297' title='bbox 674 3349 858 3420; x_wconf 77' lang='grc' dir='ltr'>οἰκείῳ</span> <span class='ocrx_word' id='word_1_298' title='bbox 923 3349 1142 3420; x_wconf 85' lang='grc' dir='ltr'>ἄρχοντι</span> <span class='ocrx_word' id='word_1_299' title='bbox 1202 3351 1665 3421; x_wconf 85' lang='grc' dir='ltr'>βασιλευομένων,</span> <span class='ocrx_word' id='word_1_300' title='bbox 1736 3353 1830 3404; x_wconf 67' lang='grc' dir='ltr'><strong>καὶ¹</strong></span> 
     </span>
    </p>
   </div>
   <div class='ocr_carea' id='block_1_39' title="bbox 269 3437 1826 3511">
    <p class='ocr_par' dir='ltr' id='par_1_39' title="bbox 269 3437 1826 3511">
     <span class='ocr_line' id='line_1_39' title="bbox 269 3437 1826 3511; baseline 0.003 -21"><span class='ocrx_word' id='word_1_301' title='bbox 269 3437 515 3507; x_wconf 74' lang='grc' dir='ltr'><strong>’Ᾱρὰὅων</strong></span> <span class='ocrx_word' id='word_1_302' title='bbox 570 3438 848 3502; x_wconf 80' lang='grc' dir='ltr'>ὡσαύτως,</span> <span class='ocrx_word' id='word_1_303' title='bbox 913 3441 1006 3493; x_wconf 73' lang='grc' dir='ltr'>καὶ</span> <span class='ocrx_word' id='word_1_304' title='bbox 1069 3441 1402 3511; x_wconf 84' lang='grc' dir='ltr'>Ἰδουμαίων,</span> <span class='ocrx_word' id='word_1_305' title='bbox 1460 3442 1718 3494; x_wconf 83' lang='grc' dir='ltr'>Φοινίκων</span> <span class='ocrx_word' id='word_1_306' title='bbox 1769 3460 1826 3495; x_wconf 88' lang='grc' dir='ltr'><strong>τε</strong></span> 
     </span>
    </p>
   </div>
   <div class='ocr_carea' id='block_1_40' title="bbox 256 3528 1824 3602">
    <p class='ocr_par' dir='ltr' id='par_1_40' title="bbox 256 3528 1824 3602">
     <span class='ocr_line' id='line_1_40' title="bbox 256 3528 1824 3602; baseline 0.003 -22"><span class='ocrx_word' id='word_1_307' title='bbox 256 3528 352 3580; x_wconf 80' lang='grc' dir='ltr'>καὶ</span> <span class='ocrx_word' id='word_1_308' title='bbox 384 3529 588 3599; x_wconf 80' lang='grc' dir='ltr'>Σύρων,</span> <span class='ocrx_word' id='word_1_309' title='bbox 625 3530 718 3582; x_wconf 78' lang='grc' dir='ltr'><strong>καὶ</strong></span> <span class='ocrx_word' id='word_1_310' title='bbox 749 3528 855 3582; x_wconf 90' lang='grc' dir='ltr'>τῶν</span> <span class='ocrx_word' id='word_1_311' title='bbox 885 3529 1056 3583; x_wconf 85' lang='grc' dir='ltr'>ἄλλων</span> <span class='ocrx_word' id='word_1_312' title='bbox 1091 3531 1279 3595; x_wconf 81' lang='grc' dir='ltr'>ἐθνῶν,</span> <span class='ocrx_word' id='word_1_313' title='bbox 1305 3533 1744 3602; x_wconf 77' lang='grc' dir='ltr'>ἐπανισταμένων</span> <span class='ocrx_word' id='word_1_314' title='bbox 1767 3551 1824 3585; x_wconf 91' lang='grc' dir='ltr'>τε</span> 
     </span>
    </p>
   </div>
   <div class='ocr_carea' id='block_1_41' title="bbox 255 3620 1825 3694">
    <p class='ocr_par' dir='ltr' id='par_1_41' title="bbox 255 3620 1825 3694">
     <span class='ocr_line' id='line_1_41' title="bbox 255 3620 1825 3694; baseline 0.002 -20"><span class='ocrx_word' id='word_1_315' title='bbox 255 3620 427 3674; x_wconf 79' lang='grc' dir='ltr'>ἐθνῶν</span> <span class='ocrx_word' id='word_1_316' title='bbox 459 3620 657 3682; x_wconf 79' lang='grc' dir='ltr'>ἔθνεσι,</span> <span class='ocrx_word' id='word_1_317' title='bbox 681 3623 774 3674; x_wconf 67' lang='grc' dir='ltr'><strong>κα)⁵</strong></span> <span class='ocrx_word' id='word_1_318' title='bbox 808 3621 1013 3674; x_wconf 89' lang='grc' dir='ltr'>πόλεων</span> <span class='ocrx_word' id='word_1_319' title='bbox 1045 3622 1247 3682; x_wconf 86' lang='grc' dir='ltr'>πόλεσι,</span> <span class='ocrx_word' id='word_1_320' title='bbox 1283 3623 1604 3694; x_wconf 88' lang='grc' dir='ltr'>πολιορκιῶν</span> <span class='ocrx_word' id='word_1_321' title='bbox 1634 3641 1691 3676; x_wconf 92' lang='grc' dir='ltr'>τε</span> <span class='ocrx_word' id='word_1_322' title='bbox 1728 3643 1825 3694; x_wconf 89' lang='grc' dir='ltr'>μυ-</span> 
     </span>
    </p>
   </div>
   <div class='ocr_carea' id='block_1_42' title="bbox 256 3713 1824 3786">
    <p class='ocr_par' dir='ltr' id='par_1_42' title="bbox 256 3713 1824 3786">
     <span class='ocr_line' id='line_1_42' title="bbox 256 3713 1824 3786; baseline 0.001 -20"><span class='ocrx_word' id='word_1_323' title='bbox 256 3713 388 3784; x_wconf 87' lang='grc' dir='ltr'>ρίων</span> <span class='ocrx_word' id='word_1_324' title='bbox 422 3713 515 3765; x_wconf 75' lang='grc' dir='ltr'><strong>καὶ</strong></span> <span class='ocrx_word' id='word_1_325' title='bbox 548 3713 930 3782; x_wconf 82' lang='grc' dir='ltr'>αίχμαλωσιῶν</span> <span class='ocrx_word' id='word_1_326' title='bbox 965 3714 1102 3766; x_wconf 82' lang='grc' dir='ltr'>κατὰ</span> <span class='ocrx_word' id='word_1_327' title='bbox 1132 3716 1306 3768; x_wconf 83' lang='grc' dir='ltr'>πάντα</span> <span class='ocrx_word' id='word_1_328' title='bbox 1339 3716 1500 3768; x_wconf 89' lang='grc' dir='ltr'>τόπον</span> <span class='ocrx_word' id='word_1_329' title='bbox 1523 3733 1581 3768; x_wconf 90' lang='grc' dir='ltr'>τε</span> <span class='ocrx_word' id='word_1_330' title='bbox 1607 3717 1699 3769; x_wconf 70' lang='grc' dir='ltr'><strong>καὶ</strong></span> <span class='ocrx_word' id='word_1_331' title='bbox 1719 3716 1824 3786; x_wconf 81' lang='grc' dir='ltr'><strong>χώ-</strong></span> 
     </span>
    </p>
   </div>
   <div class='ocr_carea' id='block_1_43' title="bbox 254 3804 1821 3880">
    <p class='ocr_par' dir='ltr' id='par_1_43' title="bbox 254 3804 1821 3880">
     <span class='ocr_line' id='line_1_43' title="bbox 254 3804 1821 3880; baseline 0.004 -25"><span class='ocrx_word' id='word_1_332' title='bbox 254 3821 355 3876; x_wconf 85' lang='grc' dir='ltr'><strong>ραν</strong></span> <span class='ocrx_word' id='word_1_333' title='bbox 391 3804 837 3874; x_wconf 83' lang='grc' dir='ltr'>ἐπιτελουμένων,</span> <span class='ocrx_word' id='word_1_334' title='bbox 875 3807 1058 3877; x_wconf 81' lang='grc' dir='ltr'>ἐπειδὴ</span> <span class='ocrx_word' id='word_1_335' title='bbox 1099 3808 1277 3879; x_wconf 84' lang='grc' dir='ltr'>παρῆν</span> <span class='ocrx_word' id='word_1_336' title='bbox 1309 3809 1337 3860; x_wconf 85' lang='grc' dir='ltr'>ὁ</span> <span class='ocrx_word' id='word_1_337' title='bbox 1373 3808 1560 3880; x_wconf 78' lang='grc' dir='ltr'>Σωτὴρ</span> <span class='ocrx_word' id='word_1_338' title='bbox 1589 3811 1680 3862; x_wconf 75' lang='grc' dir='ltr'>καὶ</span> <span class='ocrx_word' id='word_1_339' title='bbox 1710 3809 1821 3862; x_wconf 89' lang='grc' dir='ltr'>Κύ-</span> 
     </span>
    </p>
   </div>
   <div class='ocr_carea' id='block_1_44' title="bbox 255 3895 1819 3971">
    <p class='ocr_par' dir='ltr' id='par_1_44' title="bbox 255 3895 1819 3971">
     <span class='ocr_line' id='line_1_44' title="bbox 255 3895 1819 3971; baseline 0.003 -22"><span class='ocrx_word' id='word_1_340' title='bbox 255 3912 388 3966; x_wconf 84' lang='grc' dir='ltr'>ριος,</span> <span class='ocrx_word' id='word_1_341' title='bbox 426 3895 560 3965; x_wconf 75' lang='grc' dir='ltr'>ὁμοῦ</span> <span class='ocrx_word' id='word_1_342' title='bbox 591 3899 656 3966; x_wconf 78' lang='grc' dir='ltr'>τῇ</span> <span class='ocrx_word' id='word_1_343' title='bbox 693 3899 770 3959; x_wconf 85' lang='grc' dir='ltr'><strong>είς</strong></span> <span class='ocrx_word' id='word_1_344' title='bbox 803 3896 1118 3969; x_wconf 82' lang='grc' dir='ltr'>ἀνθρώπους</span> <span class='ocrx_word' id='word_1_345' title='bbox 1145 3899 1308 3951; x_wconf 84' lang='grc' dir='ltr'>αὑτοῦ</span> <span class='ocrx_word' id='word_1_346' title='bbox 1341 3900 1573 3970; x_wconf 84' lang='grc' dir='ltr'>παρόδῳ,</span> <span class='ocrx_word' id='word_1_347' title='bbox 1607 3899 1819 3971; x_wconf 83' lang='grc' dir='ltr'>πρώτου</span> 
     </span>
    </p>
   </div>
   <div class='ocr_carea' id='block_1_45' title="bbox 247 3987 1815 4061">
    <p class='ocr_par' dir='ltr' id='par_1_45' title="bbox 247 3987 1815 4061">
     <span class='ocr_line' id='line_1_45' title="bbox 247 3987 1815 4061; baseline 0.004 -23"><span class='ocrx_word' id='word_1_348' title='bbox 247 4003 307 4038; x_wconf 79' lang='grc' dir='ltr'><strong>τε</strong></span> <span class='ocrx_word' id='word_1_349' title='bbox 354 3987 635 4057; x_wconf 84' lang='grc' dir='ltr'>Ῥωμαίων</span> <span class='ocrx_word' id='word_1_350' title='bbox 665 3987 974 4054; x_wconf 74' lang='grc' dir='ltr'>Αὐγούστου</span> <span class='ocrx_word' id='word_1_351' title='bbox 1005 3989 1111 4042; x_wconf 90' lang='grc' dir='ltr'><strong>τῶν</strong></span> <span class='ocrx_word' id='word_1_352' title='bbox 1139 3989 1306 4042; x_wconf 82' lang='grc' dir='ltr'>ἐθνῶν</span> <span class='ocrx_word' id='word_1_353' title='bbox 1336 3992 1815 4061; x_wconf 85' lang='grc' dir='ltr'>ἐπικρατήσαντος,</span> 
     </span>
    </p>
   </div>
   <div class='ocr_carea' id='block_1_46' title="bbox 247 4078 1818 4152">
    <p class='ocr_par' dir='ltr' id='par_1_46' title="bbox 247 4078 1818 4152">
     <span class='ocr_line' id='line_1_46' title="bbox 247 4078 1818 4152; baseline 0.003 -22"><span class='ocrx_word' id='word_1_354' title='bbox 247 4078 438 4131; x_wconf 77' lang='grc' dir='ltr'>λέλυτο</span> <span class='ocrx_word' id='word_1_355' title='bbox 471 4080 566 4149; x_wconf 79' lang='grc' dir='ltr'>μὲν</span> <span class='ocrx_word' id='word_1_356' title='bbox 598 4082 631 4149; x_wconf 85' lang='grc' dir='ltr'>ή</span> <span class='ocrx_word' id='word_1_357' title='bbox 665 4081 888 4150; x_wconf 86' lang='grc' dir='ltr'>πλείστη</span> <span class='ocrx_word' id='word_1_358' title='bbox 923 4080 1245 4152; x_wconf 88' lang='grc' dir='ltr'>πολυαρχία,</span> <span class='ocrx_word' id='word_1_359' title='bbox 1283 4083 1468 4152; x_wconf 84' lang='grc' dir='ltr'>εἰρήνη</span> <span class='ocrx_word' id='word_1_360' title='bbox 1510 4082 1565 4134; x_wconf 83' lang='grc' dir='ltr'>δὲ</span> <span class='ocrx_word' id='word_1_361' title='bbox 1598 4083 1818 4152; x_wconf 86' lang='grc' dir='ltr'>διελάμ-</span> 
     </span>
    </p>
   </div>
   <div class='ocr_carea' id='block_1_47' title="bbox 247 4169 1818 4244">
    <p class='ocr_par' dir='ltr' id='par_1_47' title="bbox 247 4169 1818 4244">
     <span class='ocr_line' id='line_1_47' title="bbox 247 4169 1818 4244; baseline 0.004 -24"><span class='ocrx_word' id='word_1_362' title='bbox 247 4169 376 4221; x_wconf 76' lang='grc' dir='ltr'>ϐανε</span> <span class='ocrx_word' id='word_1_363' title='bbox 421 4169 519 4239; x_wconf 82' lang='grc' dir='ltr'>τήν</span> <span class='ocrx_word' id='word_1_364' title='bbox 551 4170 838 4239; x_wconf 79' lang='grc' dir='ltr'>σύμπασαν</span> <span class='ocrx_word' id='word_1_365' title='bbox 869 4173 990 4242; x_wconf 77' lang='grc' dir='ltr'>γῆν,</span> <span class='ocrx_word' id='word_1_366' title='bbox 1028 4176 1090 4243; x_wconf 79' lang='grc' dir='ltr'><strong>τῇ</strong></span> <span class='ocrx_word' id='word_1_367' title='bbox 1131 4173 1265 4243; x_wconf 86' lang='grc' dir='ltr'><strong>μετά</strong></span> <span class='ocrx_word' id='word_1_368' title='bbox 1298 4176 1484 4244; x_wconf 88' lang='grc' dir='ltr'>χεῖρας</span> <span class='ocrx_word' id='word_1_369' title='bbox 1515 4173 1818 4237; x_wconf 75' lang='grc' dir='ltr'>ἀκολούθως</span> 
     </span>
    </p>
   </div>
   <div class='ocr_carea' id='block_1_48' title="bbox 246 4260 1815 4336">
    <p class='ocr_par' dir='ltr' id='par_1_48' title="bbox 246 4260 1815 4336">
     <span class='ocr_line' id='line_1_48' title="bbox 246 4260 1815 4336; baseline 0.004 -24"><span class='ocrx_word' id='word_1_370' title='bbox 246 4262 572 4330; x_wconf 75' lang='grc' dir='ltr'>προρρήσει,</span> <span class='ocrx_word' id='word_1_371' title='bbox 595 4260 888 4333; x_wconf 76' lang='grc' dir='ltr'>διαρρήδην</span> <span class='ocrx_word' id='word_1_372' title='bbox 915 4263 1134 4335; x_wconf 80' lang='grc' dir='ltr'>φησάση</span> <span class='ocrx_word' id='word_1_373' title='bbox 1161 4265 1287 4334; x_wconf 80' lang='grc' dir='ltr'>περὶ</span> <span class='ocrx_word' id='word_1_374' title='bbox 1315 4264 1423 4316; x_wconf 93' lang='grc' dir='ltr'><strong>τῶν</strong></span> <span class='ocrx_word' id='word_1_375' title='bbox 1455 4265 1547 4317; x_wconf 86' lang='grc' dir='ltr'><strong>τοῦ</strong></span> <span class='ocrx_word' id='word_1_376' title='bbox 1579 4265 1815 4336; x_wconf 84' lang='grc' dir='ltr'>Χριστοῦ</span> 
     </span>
    </p>
   </div>
   <div class='ocr_carea' id='block_1_49' title="bbox 249 4349 1893 4446">
    <p class='ocr_par' dir='ltr' id='par_1_49' title="bbox 249 4349 1893 4446">
     <span class='ocr_line' id='line_1_49' title="bbox 249 4349 1893 4446; baseline 0.003 -42"><span class='ocrx_word' id='word_1_377' title='bbox 249 4349 526 4421; x_wconf 85' lang='grc' dir='ltr'>μαθητῶν·</span> <span class='ocrx_word' id='word_1_378' title='bbox 565 4372 581 4402; x_wconf 81' lang='grc' dir='ltr'>ι</span> <span class='ocrx_word' id='word_1_379' title='bbox 611 4353 752 4406; x_wconf 87' lang='grc' dir='ltr'>Διότι</span> <span class='ocrx_word' id='word_1_380' title='bbox 775 4353 867 4405; x_wconf 91' lang='grc' dir='ltr'>νῦν</span> <span class='ocrx_word' id='word_1_381' title='bbox 892 4354 1382 4425; x_wconf 87' lang='grc' dir='ltr'>μεγαλυνθήσονται</span> <span class='ocrx_word' id='word_1_382' title='bbox 1407 4355 1508 4418; x_wconf 80' lang='grc' dir='ltr'>ἓως</span> <span class='ocrx_word' id='word_1_383' title='bbox 1529 4357 1695 4426; x_wconf 83' lang='grc' dir='ltr'>ἄκρου</span> <span class='ocrx_word' id='word_1_384' title='bbox 1719 4357 1815 4426; x_wconf 82' lang='grc' dir='ltr'>τῆς</span> <span class='ocrx_word' id='word_1_385' title='bbox 1849 4393 1893 4446; x_wconf 82' lang='lat' dir='ltr'><strong>D</strong></span> 
     </span>
    </p>
   </div>
   <div class='ocr_carea' id='block_1_50' title="bbox 244 4441 1816 4517">
    <p class='ocr_par' dir='ltr' id='par_1_50' title="bbox 244 4441 1816 4517">
     <span class='ocr_line' id='line_1_50' title="bbox 244 4441 1816 4517; baseline 0.004 -23"><span class='ocrx_word' id='word_1_386' title='bbox 244 4441 371 4511; x_wconf 85' lang='grc' dir='ltr'>γῆς·</span> <span class='ocrx_word' id='word_1_387' title='bbox 411 4443 504 4495; x_wconf 74' lang='grc' dir='ltr'><strong>καὶ</strong></span> <span class='ocrx_word' id='word_1_388' title='bbox 533 4442 682 4497; x_wconf 80' lang='grc' dir='ltr'>ἔσται</span> <span class='ocrx_word' id='word_1_389' title='bbox 707 4444 846 4514; x_wconf 80' lang='grc' dir='ltr'>αὕτη</span> <span class='ocrx_word' id='word_1_390' title='bbox 871 4447 1079 4516; x_wconf 84' lang='grc' dir='ltr'>είρήνη·</span> <span class='ocrx_word' id='word_1_391' title='bbox 1111 4465 1130 4496; x_wconf 69' lang='grc' dir='ltr'>ι</span> <span class='ocrx_word' id='word_1_392' title='bbox 1171 4441 1216 4514; x_wconf 82' lang='grc' dir='ltr'><strong>ᾧ</strong></span> <span class='ocrx_word' id='word_1_393' title='bbox 1250 4447 1457 4517; x_wconf 82' lang='grc' dir='ltr'>συνᾴδει</span> <span class='ocrx_word' id='word_1_394' title='bbox 1486 4447 1546 4500; x_wconf 87' lang='grc' dir='ltr'>τὸ</span> <span class='ocrx_word' id='word_1_395' title='bbox 1578 4450 1634 4500; x_wconf 84' lang='grc' dir='ltr'><strong>ἐν</strong></span> <span class='ocrx_word' id='word_1_396' title='bbox 1665 4448 1816 4501; x_wconf 84' lang='grc' dir='ltr'>Ψαλ-</span> 
     </span>
    </p>
   </div>
   <div class='ocr_carea' id='block_1_51' title="bbox 247 4536 1817 4609">
    <p class='ocr_par' dir='ltr' id='par_1_51' title="bbox 247 4536 1817 4609">
     <span class='ocr_line' id='line_1_51' title="bbox 247 4536 1817 4609; baseline 0.005 -23"><span class='ocrx_word' id='word_1_397' title='bbox 247 4537 368 4605; x_wconf 80' lang='grc' dir='ltr'>μοῖς</span> <span class='ocrx_word' id='word_1_398' title='bbox 391 4536 598 4602; x_wconf 82' lang='grc' dir='ltr'>φάσκον</span> <span class='ocrx_word' id='word_1_399' title='bbox 633 4539 760 4608; x_wconf 79' lang='grc' dir='ltr'>περὶ</span> <span class='ocrx_word' id='word_1_400' title='bbox 789 4537 882 4590; x_wconf 87' lang='grc' dir='ltr'><strong>τοῦ</strong></span> <span class='ocrx_word' id='word_1_401' title='bbox 915 4538 1149 4609; x_wconf 87' lang='grc' dir='ltr'>Χριστοῦ</span> <span class='ocrx_word' id='word_1_402' title='bbox 1173 4538 1367 4606; x_wconf 85' lang='grc' dir='ltr'>λόγιον·</span> <span class='ocrx_word' id='word_1_403' title='bbox 1400 4559 1418 4589; x_wconf 78' lang='grc' dir='ltr'>ι</span> <span class='ocrx_word' id='word_1_404' title='bbox 1467 4540 1728 4593; x_wconf 85' lang='grc' dir='ltr'>Ἀνατελεί</span> <span class='ocrx_word' id='word_1_405' title='bbox 1759 4545 1817 4595; x_wconf 90' lang='grc' dir='ltr'><strong>ἐν</strong></span> 
     </span>
    </p>
   </div>
   <div class='ocr_carea' id='block_1_52' title="bbox 239 4629 1810 4704">
    <p class='ocr_par' dir='ltr' id='par_1_52' title="bbox 239 4629 1810 4704">
     <span class='ocr_line' id='line_1_52' title="bbox 239 4629 1810 4704; baseline 0.002 -24"><span class='ocrx_word' id='word_1_406' title='bbox 239 4631 364 4690; x_wconf 82' lang='grc' dir='ltr'>ταῖς</span> <span class='ocrx_word' id='word_1_407' title='bbox 392 4629 626 4700; x_wconf 80' lang='grc' dir='ltr'>ἡμέραις</span> <span class='ocrx_word' id='word_1_408' title='bbox 646 4629 808 4682; x_wconf 84' lang='grc' dir='ltr'>αὑτοῦ</span> <span class='ocrx_word' id='word_1_409' title='bbox 829 4629 1161 4700; x_wconf 84' lang='grc' dir='ltr'>δικαιοσύνη,</span> <span class='ocrx_word' id='word_1_410' title='bbox 1186 4631 1278 4683; x_wconf 75' lang='grc' dir='ltr'>καὶ</span> <span class='ocrx_word' id='word_1_411' title='bbox 1298 4629 1498 4701; x_wconf 87' lang='grc' dir='ltr'>πλῆθος</span> <span class='ocrx_word' id='word_1_412' title='bbox 1519 4634 1754 4704; x_wconf 76' lang='grc' dir='ltr'>εἰρήνης.</span> <span class='ocrx_word' id='word_1_413' title='bbox 1792 4652 1810 4683; x_wconf 72' lang='grc' dir='ltr'><strong>ι</strong></span> 
     </span>
    </p>
   </div>
   <div class='ocr_carea' id='block_1_53' title="bbox 241 4719 1817 4794">
    <p class='ocr_par' dir='ltr' id='par_1_53' title="bbox 241 4719 1817 4794">
     <span class='ocr_line' id='line_1_53' title="bbox 241 4719 1817 4794; baseline 0.003 -23"><span class='ocrx_word' id='word_1_414' title='bbox 241 4719 336 4772; x_wconf 87' lang='grc' dir='ltr'>Διό</span> <span class='ocrx_word' id='word_1_415' title='bbox 371 4737 458 4790; x_wconf 87' lang='grc' dir='ltr'><strong>μοι</strong></span> <span class='ocrx_word' id='word_1_416' title='bbox 493 4720 638 4773; x_wconf 83' lang='grc' dir='ltr'>δοκεῖ</span> <span class='ocrx_word' id='word_1_417' title='bbox 665 4720 848 4793; x_wconf 79' lang='grc' dir='ltr'>ἄρχων</span> <span class='ocrx_word' id='word_1_418' title='bbox 880 4724 1100 4792; x_wconf 77' lang='grc' dir='ltr'>εἰρήνης</span> <span class='ocrx_word' id='word_1_419' title='bbox 1139 4723 1196 4774; x_wconf 82' lang='grc' dir='ltr'>ἐν</span> <span class='ocrx_word' id='word_1_420' title='bbox 1236 4724 1302 4791; x_wconf 87' lang='grc' dir='ltr'>τῇ</span> <span class='ocrx_word' id='word_1_421' title='bbox 1349 4722 1456 4794; x_wconf 80' lang='grc' dir='ltr'>πρὸ</span> <span class='ocrx_word' id='word_1_422' title='bbox 1485 4721 1684 4794; x_wconf 87' lang='grc' dir='ltr'>ταύτης</span> <span class='ocrx_word' id='word_1_423' title='bbox 1712 4741 1817 4776; x_wconf 84' lang='grc' dir='ltr'>πα-</span> 
     </span>
    </p>
   </div>
   <div class='ocr_carea' id='block_1_54' title="bbox 242 4812 1812 4886">
    <p class='ocr_par' dir='ltr' id='par_1_54' title="bbox 242 4812 1812 4886">
     <span class='ocr_line' id='line_1_54' title="bbox 242 4812 1812 4886; baseline 0.001 -20"><span class='ocrx_word' id='word_1_424' title='bbox 242 4812 530 4884; x_wconf 81' lang='grc' dir='ltr'>ρατεθείση</span> <span class='ocrx_word' id='word_1_425' title='bbox 560 4814 863 4886; x_wconf 81' lang='grc' dir='ltr'>προφητείᾳ</span> <span class='ocrx_word' id='word_1_426' title='bbox 883 4812 1212 4884; x_wconf 82' lang='grc' dir='ltr'>ὠνομάσθαι.</span> <span class='ocrx_word' id='word_1_427' title='bbox 1269 4815 1589 4884; x_wconf 84' lang='grc' dir='ltr'>Ἐπίστησόν</span> <span class='ocrx_word' id='word_1_428' title='bbox 1620 4831 1682 4882; x_wconf 88' lang='grc' dir='ltr'>γε</span> <span class='ocrx_word' id='word_1_429' title='bbox 1709 4815 1812 4885; x_wconf 80' lang='grc' dir='ltr'><strong>μὴν</strong></span> 
     </span>
    </p>
   </div>
   <div class='ocr_carea' id='block_1_55' title="bbox 236 4903 1810 4976">
    <p class='ocr_par' dir='ltr' id='par_1_55' title="bbox 236 4903 1810 4976">
     <span class='ocr_line' id='line_1_55' title="bbox 236 4903 1810 4976; baseline 0.004 -22"><span class='ocrx_word' id='word_1_430' title='bbox 236 4903 363 4955; x_wconf 84' lang='grc' dir='ltr'>τίνα</span> <span class='ocrx_word' id='word_1_431' title='bbox 385 4904 581 4974; x_wconf 87' lang='grc' dir='ltr'>τρόπον</span> <span class='ocrx_word' id='word_1_432' title='bbox 604 4906 631 4955; x_wconf 92' lang='grc' dir='ltr'><strong>ό</strong></span> <span class='ocrx_word' id='word_1_433' title='bbox 660 4904 793 4975; x_wconf 79' lang='grc' dir='ltr'><strong>μετά</strong></span> <span class='ocrx_word' id='word_1_434' title='bbox 815 4907 1000 4974; x_wconf 83' lang='grc' dir='ltr'>χεῖρας</span> <span class='ocrx_word' id='word_1_435' title='bbox 1022 4907 1304 4976; x_wconf 74' lang='grc' dir='ltr'>προφήτης</span> <span class='ocrx_word' id='word_1_436' title='bbox 1327 4905 1419 4958; x_wconf 76' lang='grc' dir='ltr'>καὶ</span> <span class='ocrx_word' id='word_1_437' title='bbox 1440 4903 1810 4969; x_wconf 81' lang='grc' dir='ltr'>ἐξελεύσεσθαι</span> 
     </span>
    </p>
   </div>
   <div class='ocr_carea' id='block_1_56' title="bbox 242 4991 1809 5066">
    <p class='ocr_par' dir='ltr' id='par_1_56' title="bbox 242 4991 1809 5066">
     <span class='ocr_line' id='line_1_56' title="bbox 242 4991 1809 5066; baseline 0.004 -24"><span class='ocrx_word' id='word_1_438' title='bbox 242 4993 343 5061; x_wconf 83' lang='grc' dir='ltr'><strong>μὲν</strong></span> <span class='ocrx_word' id='word_1_439' title='bbox 383 4991 442 5054; x_wconf 82' lang='grc' dir='ltr'>ἐξ</span> <span class='ocrx_word' id='word_1_440' title='bbox 480 4993 720 5063; x_wconf 79' lang='grc' dir='ltr'>οὐρανῶν</span> <span class='ocrx_word' id='word_1_441' title='bbox 753 4994 842 5046; x_wconf 77' lang='grc' dir='ltr'>τὸν</span> <span class='ocrx_word' id='word_1_442' title='bbox 883 4993 1084 5064; x_wconf 89' lang='grc' dir='ltr'>Κύριον</span> <span class='ocrx_word' id='word_1_443' title='bbox 1129 4995 1430 5065; x_wconf 86' lang='grc' dir='ltr'>ἀρχόμενος</span> <span class='ocrx_word' id='word_1_444' title='bbox 1477 4994 1695 5066; x_wconf 76' lang='grc' dir='ltr'>ἔφησεν,</span> <span class='ocrx_word' id='word_1_445' title='bbox 1748 4998 1809 5048; x_wconf 74' lang='grc' dir='ltr'><strong>ου</strong></span> 
     </span>
    </p>
   </div>
   <div class='ocr_carea' id='block_1_57' title="bbox 237 5084 1809 5159">
    <p class='ocr_par' dir='ltr' id='par_1_57' title="bbox 237 5084 1809 5159">
     <span class='ocr_line' id='line_1_57' title="bbox 237 5084 1809 5159; baseline 0.003 -23"><span class='ocrx_word' id='word_1_446' title='bbox 237 5084 504 5155; x_wconf 88' lang='grc' dir='ltr'>πρότερον</span> <span class='ocrx_word' id='word_1_447' title='bbox 536 5085 592 5136; x_wconf 81' lang='grc' dir='ltr'>δὲ</span> <span class='ocrx_word' id='word_1_448' title='bbox 629 5088 910 5156; x_wconf 76' lang='grc' dir='ltr'>ποιμανεῖν</span> <span class='ocrx_word' id='word_1_449' title='bbox 941 5088 1067 5148; x_wconf 76' lang='grc' dir='ltr'>τοὺς</span> <span class='ocrx_word' id='word_1_450' title='bbox 1099 5086 1438 5159; x_wconf 87' lang='grc' dir='ltr'>ἀνθρώπους,</span> <span class='ocrx_word' id='word_1_451' title='bbox 1475 5088 1508 5157; x_wconf 85' lang='grc' dir='ltr'>ἢ</span> <span class='ocrx_word' id='word_1_452' title='bbox 1546 5087 1809 5158; x_wconf 85' lang='grc' dir='ltr'>γεννηθῆ-</span> 
     </span>
    </p>
   </div>
   <div class='ocr_carea' id='block_1_58' title="bbox 235 5176 1811 5249">
    <p class='ocr_par' dir='ltr' id='par_1_58' title="bbox 235 5176 1811 5249">
     <span class='ocr_line' id='line_1_58' title="bbox 235 5176 1811 5249; baseline 0.003 -22"><span class='ocrx_word' id='word_1_453' title='bbox 235 5194 329 5230; x_wconf 79' lang='grc' dir='ltr'>ναι</span> <span class='ocrx_word' id='word_1_454' title='bbox 356 5177 444 5229; x_wconf 75' lang='grc' dir='ltr'>τὸν</span> <span class='ocrx_word' id='word_1_455' title='bbox 474 5176 855 5247; x_wconf 79' lang='grc' dir='ltr'>θεσπιζόμενον</span> <span class='ocrx_word' id='word_1_456' title='bbox 888 5180 946 5230; x_wconf 89' lang='grc' dir='ltr'><strong>ἐν</strong></span> <span class='ocrx_word' id='word_1_457' title='bbox 979 5181 1044 5248; x_wconf 84' lang='grc' dir='ltr'>τῇ</span> <span class='ocrx_word' id='word_1_458' title='bbox 1075 5178 1338 5249; x_wconf 81' lang='grc' dir='ltr'>Βηθλεέμ·</span> <span class='ocrx_word' id='word_1_459' title='bbox 1373 5179 1521 5242; x_wconf 86' lang='grc' dir='ltr'>ὅπως</span> <span class='ocrx_word' id='word_1_460' title='bbox 1553 5179 1610 5232; x_wconf 84' lang='grc' dir='ltr'>δὲ</span> <span class='ocrx_word' id='word_1_461' title='bbox 1638 5178 1811 5232; x_wconf 88' lang='grc' dir='ltr'>ταῦτα</span> 
     </span>
    </p>
   </div>
   <div class='ocr_carea' id='block_1_59' title="bbox 235 5270 1812 5343">
    <p class='ocr_par' dir='ltr' id='par_1_59' title="bbox 235 5270 1812 5343">
     <span class='ocr_line' id='line_1_59' title="bbox 235 5270 1812 5343; baseline -0.001 -20"><span class='ocrx_word' id='word_1_462' title='bbox 235 5270 334 5323; x_wconf 75' lang='grc' dir='ltr'>ἐπὶ</span> <span class='ocrx_word' id='word_1_463' title='bbox 358 5271 448 5322; x_wconf 79' lang='grc' dir='ltr'>τὸν</span> <span class='ocrx_word' id='word_1_464' title='bbox 480 5271 702 5341; x_wconf 79' lang='grc' dir='ltr'>Σωτῆρα</span> <span class='ocrx_word' id='word_1_465' title='bbox 737 5272 829 5324; x_wconf 57' lang='grc' dir='ltr'><strong>καὶ⁵</strong></span> <span class='ocrx_word' id='word_1_466' title='bbox 853 5271 1054 5342; x_wconf 88' lang='grc' dir='ltr'>Κύριον</span> <span class='ocrx_word' id='word_1_467' title='bbox 1091 5275 1123 5341; x_wconf 86' lang='grc' dir='ltr'>ή</span> <span class='ocrx_word' id='word_1_468' title='bbox 1134 5271 1248 5340; x_wconf 89' lang='grc' dir='ltr'><strong>μῶν</strong></span> <span class='ocrx_word' id='word_1_469' title='bbox 1276 5271 1615 5343; x_wconf 82' lang='grc' dir='ltr'>ἐπεραιοῦτο,</span> <span class='ocrx_word' id='word_1_470' title='bbox 1643 5272 1812 5340; x_wconf 77' lang='grc' dir='ltr'>ἐμαρ-</span> 
     </span>
    </p>
   </div>
   <div class='ocr_carea' id='block_1_60' title="bbox 234 5356 1808 5435">
    <p class='ocr_par' dir='ltr' id='par_1_60' title="bbox 234 5356 1808 5435">
     <span class='ocr_line' id='line_1_60' title="bbox 234 5356 1808 5435; baseline 0.003 -24"><span class='ocrx_word' id='word_1_471' title='bbox 234 5358 474 5430; x_wconf 86' lang='grc' dir='ltr'>τύρησεν</span> <span class='ocrx_word' id='word_1_472' title='bbox 501 5363 530 5413; x_wconf 86' lang='grc' dir='ltr'><strong>ὀ</strong></span> <span class='ocrx_word' id='word_1_473' title='bbox 563 5361 982 5432; x_wconf 82' lang='grc' dir='ltr'>Εὐαγγελιστὴς,</span> <span class='ocrx_word' id='word_1_474' title='bbox 1027 5364 1092 5415; x_wconf 86' lang='grc' dir='ltr'><strong>δι’</strong></span> <span class='ocrx_word' id='word_1_475' title='bbox 1122 5356 1195 5416; x_wconf 80' lang='grc' dir='ltr'>ὧν</span> <span class='ocrx_word' id='word_1_476' title='bbox 1237 5363 1601 5435; x_wconf 79' lang='grc' dir='ltr'>προεξεθέμην</span> <span class='ocrx_word' id='word_1_477' title='bbox 1645 5363 1808 5416; x_wconf 85' lang='grc' dir='ltr'>αὐτοῦ</span> 
     </span>
    </p>
   </div>
   <div class='ocr_carea' id='block_1_61' title="bbox 236 5448 1807 5524">
    <p class='ocr_par' dir='ltr' id='par_1_61' title="bbox 236 5448 1807 5524">
     <span class='ocr_line' id='line_1_61' title="bbox 236 5448 1807 5524; baseline 0.004 -24"><span class='ocrx_word' id='word_1_478' title='bbox 236 5448 462 5516; x_wconf 81' lang='grc' dir='ltr'>φωνῶν.</span> <span class='ocrx_word' id='word_1_479' title='bbox 492 5449 697 5522; x_wconf 77' lang='grc' dir='ltr'>Ποιμήν</span> <span class='ocrx_word' id='word_1_480' title='bbox 734 5450 791 5502; x_wconf 84' lang='grc' dir='ltr'>δὲ</span> <span class='ocrx_word' id='word_1_481' title='bbox 827 5454 918 5506; x_wconf 79' lang='grc' dir='ltr'><strong>καὶ</strong></span> <span class='ocrx_word' id='word_1_482' title='bbox 953 5451 1251 5522; x_wconf 76' lang='grc' dir='ltr'>ἡγούμενος</span> <span class='ocrx_word' id='word_1_483' title='bbox 1280 5455 1308 5506; x_wconf 85' lang='grc' dir='ltr'>ὁ</span> <span class='ocrx_word' id='word_1_484' title='bbox 1339 5454 1571 5524; x_wconf 85' lang='grc' dir='ltr'>Χριστὸς</span> <span class='ocrx_word' id='word_1_485' title='bbox 1597 5454 1807 5507; x_wconf 84' lang='grc' dir='ltr'>ἀναδει-</span> 
     </span>
    </p>
   </div>
   <div class='ocr_carea' id='block_1_62' title="bbox 313 5540 1778 5611">
    <p class='ocr_par' dir='ltr' id='par_1_62' title="bbox 313 5540 1778 5611">
     <span class='ocr_line' id='line_1_62' title="bbox 313 5540 1778 5611; baseline 0.006 -20"><span class='ocrx_word' id='word_1_486' title='bbox 313 5542 361 5572; x_wconf 85' lang='grc'>⁷⁶</span> <span class='ocrx_word' id='word_1_487' title='bbox 391 5540 529 5595; x_wconf 79' lang='lat' dir='ltr'><strong>Mich</strong></span> <span class='ocrx_word' id='word_1_488' title='bbox 576 5559 617 5604; x_wconf 85' lang='grc'>1,</span> <span class='ocrx_word' id='word_1_489' title='bbox 649 5542 704 5606; x_wconf 76' lang='grc'>2,</span> <span class='ocrx_word' id='word_1_490' title='bbox 747 5543 800 5598; x_wconf 80' lang='grc'><strong>5.</strong></span> <span class='ocrx_word' id='word_1_491' title='bbox 875 5544 918 5575; x_wconf 83' lang='grc'><strong>⁷⁷</strong></span> <span class='ocrx_word' id='word_1_492' title='bbox 961 5544 1092 5598; x_wconf 85' lang='lat' dir='ltr'><strong>ibid.</strong></span> <span class='ocrx_word' id='word_1_493' title='bbox 1129 5545 1180 5599; x_wconf 86' lang='lat'><strong>5.</strong></span> <span class='ocrx_word' id='word_1_494' title='bbox 1255 5544 1302 5576; x_wconf 77' lang='grc'><strong>⁷⁸</strong></span> <span class='ocrx_word' id='word_1_495' title='bbox 1333 5545 1600 5609; x_wconf 74' lang='grc' dir='ltr'>Μίιείι.-ιν,</span> <span class='ocrx_word' id='word_1_496' title='bbox 1642 5546 1692 5611; x_wconf 81' lang='lat' dir='ltr'><strong>I,</strong></span> <span class='ocrx_word' id='word_1_497' title='bbox 1725 5546 1778 5600; x_wconf 72' lang='grc'><strong>2.</strong></span> 
     </span>
    </p>
   </div>
   <div class='ocr_carea' id='block_1_63' title="bbox 1955 411 3516 496">
    <p class='ocr_par' dir='ltr' id='par_1_63' title="bbox 1955 411 3516 496">
     <span class='ocr_line' id='line_1_63' title="bbox 1955 411 3516 496; baseline -0.001 -18"><span class='ocrx_word' id='word_1_498' title='bbox 1955 426 2228 496; x_wconf 68' lang='lat' dir='ltr'><strong>prophetae</strong></span> <span class='ocrx_word' id='word_1_499' title='bbox 2261 427 2605 488; x_wconf 87' lang='lat' dir='ltr'><strong>nuntiabant,</strong></span> <span class='ocrx_word' id='word_1_500' title='bbox 2645 427 2698 478; x_wconf 91' lang='lat' dir='ltr'><strong>in</strong></span> <span class='ocrx_word' id='word_1_501' title='bbox 2730 424 2874 477; x_wconf 90' lang='lat' dir='ltr'><strong>hunc</strong></span> <span class='ocrx_word' id='word_1_502' title='bbox 2915 411 3132 478; x_wconf 87' lang='lat' dir='ltr'><strong>modum</strong></span> <span class='ocrx_word' id='word_1_503' title='bbox 3187 441 3244 479; x_wconf 82' lang='lat' dir='ltr'><strong>se</strong></span> <span class='ocrx_word' id='word_1_504' title='bbox 3293 425 3516 480; x_wconf 89' lang='lat' dir='ltr'><strong>habent.</strong></span> 
     </span>
    </p>
   </div>
   <div class='ocr_carea' id='block_1_64' title="bbox 1953 515 3516 587">
    <p class='ocr_par' dir='ltr' id='par_1_64' title="bbox 1953 515 3516 587">
     <span class='ocr_line' id='line_1_64' title="bbox 1953 515 3516 587; baseline -0.001 -15"><span class='ocrx_word' id='word_1_505' title='bbox 1953 519 2258 572; x_wconf 83' lang='lat' dir='ltr'><strong>Adventum</strong></span> <span class='ocrx_word' id='word_1_506' title='bbox 2290 525 2468 571; x_wconf 90' lang='lat' dir='ltr'><strong>autem</strong></span> <span class='ocrx_word' id='word_1_507' title='bbox 2503 519 2675 587; x_wconf 89' lang='lat' dir='ltr'><strong>ipsius</strong></span> <span class='ocrx_word' id='word_1_508' title='bbox 2704 515 2914 570; x_wconf 87' lang='lat' dir='ltr'><strong>Domini</strong></span> <span class='ocrx_word' id='word_1_509' title='bbox 2947 526 2998 568; x_wconf 92' lang='lat' dir='ltr'><strong>ct</strong></span> <span class='ocrx_word' id='word_1_510' title='bbox 3028 516 3262 583; x_wconf 88' lang='lat' dir='ltr'><strong>pastoris</strong></span> <span class='ocrx_word' id='word_1_511' title='bbox 3285 515 3352 570; x_wconf 90' lang='lat' dir='ltr'><strong>de</strong></span> <span class='ocrx_word' id='word_1_512' title='bbox 3376 517 3516 570; x_wconf 67' lang='lat' dir='ltr'><strong>coelo</strong></span> 
     </span>
    </p>
   </div>
   <div class='ocr_carea' id='block_1_65' title="bbox 1953 606 3515 680">
    <p class='ocr_par' dir='ltr' id='par_1_65' title="bbox 1953 606 3515 680">
     <span class='ocr_line' id='line_1_65' title="bbox 1953 606 3515 680; baseline -0.003 -14"><span class='ocrx_word' id='word_1_513' title='bbox 1953 613 2022 667; x_wconf 90' lang='lat' dir='ltr'><strong>ad</strong></span> <span class='ocrx_word' id='word_1_514' title='bbox 2071 613 2319 667; x_wconf 89' lang='lat' dir='ltr'><strong>homines</strong></span> <span class='ocrx_word' id='word_1_515' title='bbox 2369 610 2691 680; x_wconf 82' lang='lat' dir='ltr'><strong>jampridem</strong></span> <span class='ocrx_word' id='word_1_516' title='bbox 2740 624 2805 663; x_wconf 79' lang='lat' dir='ltr'><strong>ex</strong></span> <span class='ocrx_word' id='word_1_517' title='bbox 2861 606 3048 662; x_wconf 88' lang='lat' dir='ltr'><strong>eodem</strong></span> <span class='ocrx_word' id='word_1_518' title='bbox 3099 607 3380 676; x_wconf 86' lang='lat' dir='ltr'><strong>propheta,</strong></span> <span class='ocrx_word' id='word_1_519' title='bbox 3423 607 3515 677; x_wconf 90' lang='lat' dir='ltr'><strong>qui</strong></span> 
     </span>
    </p>
   </div>
   <div class='ocr_carea' id='block_1_66' title="bbox 1954 697 3512 768">
    <p class='ocr_par' dir='ltr' id='par_1_66' title="bbox 1954 697 3512 768">
     <span class='ocr_line' id='line_1_66' title="bbox 1954 697 3512 768; baseline -0.003 -11"><span class='ocrx_word' id='word_1_520' title='bbox 1954 719 2100 758; x_wconf 91' lang='lat' dir='ltr'><strong>nunc</strong></span> <span class='ocrx_word' id='word_1_521' title='bbox 2136 704 2188 757; x_wconf 92' lang='lat' dir='ltr'><strong>iu</strong></span> <span class='ocrx_word' id='word_1_522' title='bbox 2245 704 2497 756; x_wconf 78' lang='lat' dir='ltr'><strong>IllallIIlUS</strong></span> <span class='ocrx_word' id='word_1_523' title='bbox 2547 708 2650 761; x_wconf 90' lang='lat' dir='ltr'><strong>est,</strong></span> <span class='ocrx_word' id='word_1_524' title='bbox 2707 700 2988 768; x_wconf 88' lang='lat' dir='ltr'><strong>pr0posui,</strong></span> <span class='ocrx_word' id='word_1_525' title='bbox 3034 698 3123 752; x_wconf 91' lang='lat' dir='ltr'><strong>ubi</strong></span> <span class='ocrx_word' id='word_1_526' title='bbox 3169 699 3250 752; x_wconf 87' lang='lat' dir='ltr'><strong>sic</strong></span> <span class='ocrx_word' id='word_1_527' title='bbox 3287 697 3512 753; x_wconf 86' lang='lat' dir='ltr'><strong>aiebat:</strong></span> 
     </span>
    </p>
   </div>
   <div class='ocr_carea' id='block_1_67' title="bbox 1957 790 3514 865">
    <p class='ocr_par' dir='ltr' id='par_1_67' title="bbox 1957 790 3514 865">
     <span class='ocr_line' id='line_1_67' title="bbox 1957 790 3514 865; baseline 0.001 -21"><span class='ocrx_word' id='word_1_528' title='bbox 1957 815 1976 844; x_wconf 77' lang='grc' dir='ltr'>ι</span> <span class='ocrx_word' id='word_1_529' title='bbox 2017 796 2231 858; x_wconf 75' lang='lat' dir='ltr'><strong>Audite,</strong></span> <span class='ocrx_word' id='word_1_530' title='bbox 2261 795 2445 865; x_wconf 86' lang='lat' dir='ltr'><strong>populi</strong></span> <span class='ocrx_word' id='word_1_531' title='bbox 2475 809 2685 853; x_wconf 69' lang='lat' dir='ltr'><strong>omnes,</strong></span> <span class='ocrx_word' id='word_1_532' title='bbox 2711 800 2764 846; x_wconf 92' lang='lat' dir='ltr'><strong>et</strong></span> <span class='ocrx_word' id='word_1_533' title='bbox 2785 790 3024 845; x_wconf 87' lang='lat' dir='ltr'><strong>attendat</strong></span> <span class='ocrx_word' id='word_1_534' title='bbox 3051 798 3217 852; x_wconf 87' lang='lat' dir='ltr'><strong>terra,</strong></span> <span class='ocrx_word' id='word_1_535' title='bbox 3251 799 3304 844; x_wconf 91' lang='lat' dir='ltr'><strong>et</strong></span> <span class='ocrx_word' id='word_1_536' title='bbox 3327 804 3514 846; x_wconf 77' lang='lat' dir='ltr'><strong>omnes</strong></span> 
     </span>
    </p>
   </div>
   <div class='ocr_carea' id='block_1_68' title="bbox 1953 879 3513 956">
    <p class='ocr_par' dir='ltr' id='par_1_68' title="bbox 1953 879 3513 956">
     <span class='ocr_line' id='line_1_68' title="bbox 1953 879 3513 956; baseline -0.005 -16"><span class='ocrx_word' id='word_1_537' title='bbox 1953 888 2045 956; x_wconf 89' lang='lat' dir='ltr'><strong>qui</strong></span> <span class='ocrx_word' id='word_1_538' title='bbox 2086 894 2213 940; x_wconf 90' lang='lat' dir='ltr'><strong>sunt</strong></span> <span class='ocrx_word' id='word_1_539' title='bbox 2259 887 2312 938; x_wconf 92' lang='lat' dir='ltr'><strong>in</strong></span> <span class='ocrx_word' id='word_1_540' title='bbox 2339 900 2422 946; x_wconf 88' lang='lat' dir='ltr'><strong>ea,</strong></span> <span class='ocrx_word' id='word_1_541' title='bbox 2456 891 2509 937; x_wconf 86' lang='lat' dir='ltr'><strong>et</strong></span> <span class='ocrx_word' id='word_1_542' title='bbox 2548 884 2651 936; x_wconf 89' lang='lat' dir='ltr'><strong>erit</strong></span> <span class='ocrx_word' id='word_1_543' title='bbox 2687 881 2949 935; x_wconf 87' lang='lat' dir='ltr'><strong>Dominus</strong></span> <span class='ocrx_word' id='word_1_544' title='bbox 2983 880 3137 934; x_wconf 90' lang='lat' dir='ltr'><strong>vobis</strong></span> <span class='ocrx_word' id='word_1_545' title='bbox 3184 879 3237 931; x_wconf 92' lang='lat' dir='ltr'><strong>in</strong></span> <span class='ocrx_word' id='word_1_546' title='bbox 3265 881 3513 932; x_wconf 88' lang='lat' dir='ltr'><strong>testimo-</strong></span> 
     </span>
    </p>
   </div>
   <div class='ocr_carea' id='block_1_69' title="bbox 1951 967 3532 1040">
    <p class='ocr_par' dir='ltr' id='par_1_69' title="bbox 1951 967 3532 1040">
     <span class='ocr_line' id='line_1_69' title="bbox 1951 967 3532 1040; baseline -0.004 -9"><span class='ocrx_word' id='word_1_547' title='bbox 1951 979 2100 1032; x_wconf 88' lang='lat' dir='ltr'><strong>nium</strong></span> <span class='ocrx_word' id='word_1_548' title='bbox 2132 996 2143 1030; x_wconf 91' lang='lat'>:</span> <span class='ocrx_word' id='word_1_549' title='bbox 2173 976 2434 1030; x_wconf 87' lang='lat' dir='ltr'><strong>Dominus</strong></span> <span class='ocrx_word' id='word_1_550' title='bbox 2463 992 2526 1030; x_wconf 83' lang='lat' dir='ltr'><strong>ex</strong></span> <span class='ocrx_word' id='word_1_551' title='bbox 2556 976 2720 1029; x_wconf 89' lang='lat' dir='ltr'><strong>domo</strong></span> <span class='ocrx_word' id='word_1_552' title='bbox 2745 981 2933 1028; x_wconf 88' lang='lat' dir='ltr'><strong>sancta</strong></span> <span class='ocrx_word' id='word_1_553' title='bbox 2966 972 3241 1040; x_wconf 85' lang='lat' dir='ltr'><strong>sua,&#39;quia</strong></span> <span class='ocrx_word' id='word_1_554' title='bbox 3271 985 3396 1024; x_wconf 89' lang='lat' dir='ltr'><strong>ecce</strong></span> <span class='ocrx_word' id='word_1_555' title='bbox 3419 967 3532 1024; x_wconf 85' lang='lat' dir='ltr'><strong>Do-</strong></span> 
     </span>
    </p>
   </div>
   <div class='ocr_carea' id='block_1_70' title="bbox 1952 1060 3513 1136">
    <p class='ocr_par' dir='ltr' id='par_1_70' title="bbox 1952 1060 3513 1136">
     <span class='ocr_line' id='line_1_70' title="bbox 1952 1060 3513 1136; baseline -0.007 -13"><span class='ocrx_word' id='word_1_556' title='bbox 1952 1071 2133 1124; x_wconf 89' lang='lat' dir='ltr'><strong>minus</strong></span> <span class='ocrx_word' id='word_1_557' title='bbox 2166 1069 2426 1122; x_wconf 85' lang='lat' dir='ltr'><strong>Dominus</strong></span> <span class='ocrx_word' id='word_1_558' title='bbox 2475 1065 2781 1136; x_wconf 78' lang='lat' dir='ltr'><strong>egredietur</strong></span> <span class='ocrx_word' id='word_1_559' title='bbox 2805 1064 2869 1116; x_wconf 89' lang='lat' dir='ltr'><strong>de</strong></span> <span class='ocrx_word' id='word_1_560' title='bbox 2902 1064 3020 1115; x_wconf 86' lang='lat' dir='ltr'><strong>loco</strong></span> <span class='ocrx_word' id='word_1_561' title='bbox 3047 1077 3168 1124; x_wconf 88' lang='lat' dir='ltr'><strong>suo,</strong></span> <span class='ocrx_word' id='word_1_562' title='bbox 3198 1071 3249 1113; x_wconf 83' lang='lat' dir='ltr'><strong>ct</strong></span> <span class='ocrx_word' id='word_1_563' title='bbox 3280 1060 3513 1114; x_wconf 89' lang='lat' dir='ltr'><strong>descen-</strong></span> 
     </span>
    </p>
   </div>
   <div class='ocr_carea' id='block_1_71' title="bbox 1948 1153 3513 1225">
    <p class='ocr_par' dir='ltr' id='par_1_71' title="bbox 1948 1153 3513 1225">
     <span class='ocr_line' id='line_1_71' title="bbox 1948 1153 3513 1225; baseline -0.006 -11"><span class='ocrx_word' id='word_1_564' title='bbox 1948 1161 2039 1214; x_wconf 87' lang='lat' dir='ltr'><strong>det</strong></span> <span class='ocrx_word' id='word_1_565' title='bbox 2070 1162 2138 1222; x_wconf 80' lang='grc'><strong>⁷⁸,</strong></span> <span class='ocrx_word' id='word_1_566' title='bbox 2185 1180 2201 1210; x_wconf 74' lang='grc' dir='ltr'>ι</span> <span class='ocrx_word' id='word_1_567' title='bbox 2237 1168 2289 1214; x_wconf 91' lang='lat' dir='ltr'><strong>et</strong></span> <span class='ocrx_word' id='word_1_568' title='bbox 2339 1167 2574 1222; x_wconf 57' lang='lat' dir='ltr'><strong>cetera;</strong></span> <span class='ocrx_word' id='word_1_569' title='bbox 2629 1156 2828 1225; x_wconf 87' lang='lat' dir='ltr'><strong>quibus</strong></span> <span class='ocrx_word' id='word_1_570' title='bbox 2868 1153 3115 1222; x_wconf 80' lang='lat' dir='ltr'><strong>adjnngit</strong></span> <span class='ocrx_word' id='word_1_571' title='bbox 3161 1173 3172 1206; x_wconf 90' lang='lat'>:</span> <span class='ocrx_word' id='word_1_572' title='bbox 3230 1171 3246 1202; x_wconf 87' lang='grc' dir='ltr'>ι</span> <span class='ocrx_word' id='word_1_573' title='bbox 3288 1153 3513 1224; x_wconf 81' lang='lat' dir='ltr'><strong>Propter</strong></span> 
     </span>
    </p>
   </div>
   <div class='ocr_carea' id='block_1_72' title="bbox 1949 1247 3511 1318">
    <p class='ocr_par' dir='ltr' id='par_1_72' title="bbox 1949 1247 3511 1318">
     <span class='ocr_line' id='line_1_72' title="bbox 1949 1247 3511 1318; baseline -0.005 -15"><span class='ocrx_word' id='word_1_574' title='bbox 1949 1251 2279 1318; x_wconf 81' lang='lat' dir='ltr'><strong>impietatem</strong></span> <span class='ocrx_word' id='word_1_575' title='bbox 2311 1248 2480 1302; x_wconf 86' lang='lat' dir='ltr'><strong>Jacob</strong></span> <span class='ocrx_word' id='word_1_576' title='bbox 2509 1247 2692 1300; x_wconf 85' lang='lat' dir='ltr'><strong>omnia</strong></span> <span class='ocrx_word' id='word_1_577' title='bbox 2723 1247 2858 1308; x_wconf 67' lang='lat' dir='ltr'><strong>haec,</strong></span> <span class='ocrx_word' id='word_1_578' title='bbox 2896 1255 2949 1298; x_wconf 88' lang='lat' dir='ltr'><strong>et</strong></span> <span class='ocrx_word' id='word_1_579' title='bbox 2981 1252 3199 1314; x_wconf 86' lang='lat' dir='ltr'><strong>propter</strong></span> <span class='ocrx_word' id='word_1_580' title='bbox 3229 1253 3511 1313; x_wconf 85' lang='lat' dir='ltr'><strong>peccatum</strong></span> 
     </span>
    </p>
   </div>
   <div class='ocr_carea' id='block_1_73' title="bbox 1948 1339 3512 1407">
    <p class='ocr_par' dir='ltr' id='par_1_73' title="bbox 1948 1339 3512 1407">
     <span class='ocr_line' id='line_1_73' title="bbox 1948 1339 3512 1407; baseline -0.004 -13"><span class='ocrx_word' id='word_1_581' title='bbox 1948 1342 2142 1395; x_wconf 90' lang='lat' dir='ltr'><strong>domus</strong></span> <span class='ocrx_word' id='word_1_582' title='bbox 2174 1341 2338 1396; x_wconf 91' lang='lat' dir='ltr'><strong>Israel</strong></span> <span class='ocrx_word' id='word_1_583' title='bbox 2369 1341 2433 1393; x_wconf 84' lang='grc'><strong>⁷⁷.</strong></span> <span class='ocrx_word' id='word_1_584' title='bbox 2494 1362 2511 1391; x_wconf 73' lang='grc' dir='ltr'>ι</span> <span class='ocrx_word' id='word_1_585' title='bbox 2560 1339 2640 1392; x_wconf 76' lang='lat' dir='ltr'><strong>Ab</strong></span> <span class='ocrx_word' id='word_1_586' title='bbox 2693 1339 2760 1392; x_wconf 91' lang='lat' dir='ltr'><strong>iis</strong></span> <span class='ocrx_word' id='word_1_587' title='bbox 2814 1347 2994 1392; x_wconf 87' lang='lat' dir='ltr'><strong>autem</strong></span> <span class='ocrx_word' id='word_1_588' title='bbox 3044 1352 3163 1407; x_wconf 74' lang='lat' dir='ltr'><strong>qua:</strong></span> <span class='ocrx_word' id='word_1_589' title='bbox 3208 1344 3512 1404; x_wconf 88' lang='lat' dir='ltr'><strong>sequuntur</strong></span> 
     </span>
    </p>
   </div>
   <div class='ocr_carea' id='block_1_74' title="bbox 1949 1429 3508 1502">
    <p class='ocr_par' dir='ltr' id='par_1_74' title="bbox 1949 1429 3508 1502">
     <span class='ocr_line' id='line_1_74' title="bbox 1949 1429 3508 1502; baseline -0.003 -18"><span class='ocrx_word' id='word_1_590' title='bbox 1949 1433 2091 1502; x_wconf 89' lang='lat' dir='ltr'><strong>apud</strong></span> <span class='ocrx_word' id='word_1_591' title='bbox 2124 1433 2371 1486; x_wconf 82' lang='lat' dir='ltr'><strong>eumdem</strong></span> <span class='ocrx_word' id='word_1_592' title='bbox 2421 1433 2738 1502; x_wconf 73' lang='lat' dir='ltr'><strong>prophetam</strong></span> <span class='ocrx_word' id='word_1_593' title='bbox 2769 1432 2930 1485; x_wconf 89' lang='lat' dir='ltr'><strong>etiam</strong></span> <span class='ocrx_word' id='word_1_594' title='bbox 2982 1430 3111 1483; x_wconf 88' lang='lat' dir='ltr'><strong>illud</strong></span> <span class='ocrx_word' id='word_1_595' title='bbox 3145 1429 3363 1498; x_wconf 89' lang='lat' dir='ltr'><strong>planum</strong></span> <span class='ocrx_word' id='word_1_596' title='bbox 3404 1435 3508 1493; x_wconf 85' lang='lat' dir='ltr'><strong>est,</strong></span> 
     </span>
    </p>
   </div>
   <div class='ocr_carea' id='block_1_75' title="bbox 1946 1521 3511 1594">
    <p class='ocr_par' dir='ltr' id='par_1_75' title="bbox 1946 1521 3511 1594">
     <span class='ocr_line' id='line_1_75' title="bbox 1946 1521 3511 1594; baseline -0.001 -18"><span class='ocrx_word' id='word_1_597' title='bbox 1946 1525 2091 1594; x_wconf 86' lang='lat' dir='ltr'><strong>quod</strong></span> <span class='ocrx_word' id='word_1_598' title='bbox 2125 1541 2232 1578; x_wconf 90' lang='lat' dir='ltr'><strong>non</strong></span> <span class='ocrx_word' id='word_1_599' title='bbox 2263 1527 2437 1578; x_wconf 89' lang='lat' dir='ltr'><strong>solum</strong></span> <span class='ocrx_word' id='word_1_600' title='bbox 2475 1534 2692 1594; x_wconf 85' lang='lat' dir='ltr'><strong>propter</strong></span> <span class='ocrx_word' id='word_1_601' title='bbox 2720 1525 3027 1594; x_wconf 90' lang='lat' dir='ltr'><strong>impietates</strong></span> <span class='ocrx_word' id='word_1_602' title='bbox 3065 1521 3303 1576; x_wconf 73' lang='lat' dir='ltr'><strong>Iudaica:</strong></span> <span class='ocrx_word' id='word_1_603' title='bbox 3331 1521 3511 1590; x_wconf 74' lang='lat' dir='ltr'><strong>gentis</strong></span> 
     </span>
    </p>
   </div>
   <div class='ocr_carea' id='block_1_76' title="bbox 1949 1603 3511 1682">
    <p class='ocr_par' dir='ltr' id='par_1_76' title="bbox 1949 1603 3511 1682">
     <span class='ocr_line' id='line_1_76' title="bbox 1949 1603 3511 1682; baseline -0.001 -17"><span class='ocrx_word' id='word_1_604' title='bbox 1949 1612 2211 1668; x_wconf 89' lang='lat' dir='ltr'><strong>Dominus</strong></span> <span class='ocrx_word' id='word_1_605' title='bbox 2238 1616 2304 1668; x_wconf 91' lang='lat' dir='ltr'><strong>de</strong></span> <span class='ocrx_word' id='word_1_606' title='bbox 2332 1616 2472 1668; x_wconf 66' lang='lat' dir='ltr'><strong>malo</strong></span> <span class='ocrx_word' id='word_1_607' title='bbox 2507 1615 2810 1675; x_wconf 84' lang='lat' dir='ltr'><strong>descendit.</strong></span> <span class='ocrx_word' id='word_1_608' title='bbox 2849 1613 2942 1669; x_wconf 89' lang='lat' dir='ltr'><strong>sed</strong></span> <span class='ocrx_word' id='word_1_609' title='bbox 2971 1615 3132 1668; x_wconf 89' lang='lat' dir='ltr'><strong>etiam</strong></span> <span class='ocrx_word' id='word_1_610' title='bbox 3165 1603 3384 1682; x_wconf 79' lang='lat' dir='ltr'><strong>propler</strong></span> <span class='ocrx_word' id='word_1_611' title='bbox 3421 1625 3511 1666; x_wconf 85' lang='lat' dir='ltr'><strong>sa-</strong></span> 
     </span>
    </p>
   </div>
   <div class='ocr_carea' id='block_1_77' title="bbox 1879 1701 3510 1776">
    <p class='ocr_par' dir='ltr' id='par_1_77' title="bbox 1879 1701 3510 1776">
     <span class='ocr_line' id='line_1_77' title="bbox 1879 1701 3510 1776; baseline 0.004 -24"><span class='ocrx_word' id='word_1_612' title='bbox 1879 1701 1916 1752; x_wconf 79' lang='lat' dir='ltr'><strong>B</strong></span> <span class='ocrx_word' id='word_1_613' title='bbox 1947 1705 2109 1757; x_wconf 75' lang='lat' dir='ltr'><strong>lutem</strong></span> <span class='ocrx_word' id='word_1_614' title='bbox 2143 1716 2192 1758; x_wconf 87' lang='lat' dir='ltr'><strong>et</strong></span> <span class='ocrx_word' id='word_1_615' title='bbox 2218 1707 2558 1760; x_wconf 85' lang='lat' dir='ltr'><strong>vocationem</strong></span> <span class='ocrx_word' id='word_1_616' title='bbox 2589 1706 2830 1776; x_wconf 86' lang='lat' dir='ltr'><strong>gentium</strong></span> <span class='ocrx_word' id='word_1_617' title='bbox 2861 1713 3205 1760; x_wconf 86' lang='lat' dir='ltr'><strong>cunctarum.</strong></span> <span class='ocrx_word' id='word_1_618' title='bbox 3251 1703 3510 1774; x_wconf 83' lang='lat' dir='ltr'><strong>Adjungit</strong></span> 
     </span>
    </p>
   </div>
   <div class='ocr_carea' id='block_1_78' title="bbox 1948 1793 3509 1866">
    <p class='ocr_par' dir='ltr' id='par_1_78' title="bbox 1948 1793 3509 1866">
     <span class='ocr_line' id='line_1_78' title="bbox 1948 1793 3509 1866; baseline 0.001 -20"><span class='ocrx_word' id='word_1_619' title='bbox 1948 1796 2111 1864; x_wconf 77' lang='lat' dir='ltr'><strong>igitur</strong></span> <span class='ocrx_word' id='word_1_620' title='bbox 2138 1795 2396 1866; x_wconf 89' lang='lat' dir='ltr'><strong>deinceps</strong></span> <span class='ocrx_word' id='word_1_621' title='bbox 2432 1815 2444 1849; x_wconf 92' lang='lat'><strong>:</strong></span> <span class='ocrx_word' id='word_1_622' title='bbox 2484 1815 2501 1846; x_wconf 76' lang='grc' dir='ltr'>ι</span> <span class='ocrx_word' id='word_1_623' title='bbox 2537 1797 2601 1849; x_wconf 87' lang='lat' dir='ltr'><strong>Et</strong></span> <span class='ocrx_word' id='word_1_624' title='bbox 2621 1798 2724 1850; x_wconf 91' lang='lat' dir='ltr'><strong>erit</strong></span> <span class='ocrx_word' id='word_1_625' title='bbox 2752 1797 2805 1850; x_wconf 93' lang='lat' dir='ltr'><strong>in</strong></span> <span class='ocrx_word' id='word_1_626' title='bbox 2834 1796 3149 1850; x_wconf 76' lang='lat' dir='ltr'><strong>novissimis</strong></span> <span class='ocrx_word' id='word_1_627' title='bbox 3185 1793 3379 1848; x_wconf 88' lang='lat' dir='ltr'><strong>diebus</strong></span> <span class='ocrx_word' id='word_1_628' title='bbox 3399 1809 3509 1847; x_wconf 80' lang='lat' dir='ltr'><strong>ina-</strong></span> 
     </span>
    </p>
   </div>
   <div class='ocr_carea' id='block_1_79' title="bbox 1947 1887 3506 1955">
    <p class='ocr_par' dir='ltr' id='par_1_79' title="bbox 1947 1887 3506 1955">
     <span class='ocr_line' id='line_1_79' title="bbox 1947 1887 3506 1955; baseline -0.001 -16"><span class='ocrx_word' id='word_1_629' title='bbox 1947 1887 2180 1940; x_wconf 77' lang='lat' dir='ltr'><strong>Infestus</strong></span> <span class='ocrx_word' id='word_1_630' title='bbox 2211 1902 2366 1942; x_wconf 90' lang='lat' dir='ltr'><strong>mons</strong></span> <span class='ocrx_word' id='word_1_631' title='bbox 2394 1887 2627 1950; x_wconf 90' lang='lat' dir='ltr'><strong>Domini,</strong></span> <span class='ocrx_word' id='word_1_632' title='bbox 2653 1897 2708 1942; x_wconf 91' lang='lat' dir='ltr'><strong>et</strong></span> <span class='ocrx_word' id='word_1_633' title='bbox 2739 1888 3072 1942; x_wconf 84' lang='lat' dir='ltr'><strong>Iestinabunt</strong></span> <span class='ocrx_word' id='word_1_634' title='bbox 3103 1887 3168 1941; x_wconf 89' lang='lat' dir='ltr'><strong>ad</strong></span> <span class='ocrx_word' id='word_1_635' title='bbox 3194 1887 3371 1955; x_wconf 91' lang='lat' dir='ltr'><strong>ipsum</strong></span> <span class='ocrx_word' id='word_1_636' title='bbox 3406 1901 3506 1954; x_wconf 83' lang='lat' dir='ltr'><strong>pu-</strong></span> 
     </span>
    </p>
   </div>
   <div class='ocr_carea' id='block_1_80' title="bbox 1945 1976 3508 2049">
    <p class='ocr_par' dir='ltr' id='par_1_80' title="bbox 1945 1976 3508 2049">
     <span class='ocr_line' id='line_1_80' title="bbox 1945 1976 3508 2049; baseline 0.003 -21"><span class='ocrx_word' id='word_1_637' title='bbox 1945 1978 2054 2046; x_wconf 92' lang='lat' dir='ltr'><strong>puli</strong></span> <span class='ocrx_word' id='word_1_638' title='bbox 2088 1978 2264 2037; x_wconf 85' lang='lat' dir='ltr'><strong>multi.</strong></span> <span class='ocrx_word' id='word_1_639' title='bbox 2295 1986 2348 2032; x_wconf 85' lang='lat' dir='ltr'><strong>et</strong></span> <span class='ocrx_word' id='word_1_640' title='bbox 2395 1979 2550 2032; x_wconf 90' lang='lat' dir='ltr'><strong>ibunt</strong></span> <span class='ocrx_word' id='word_1_641' title='bbox 2591 1986 2778 2049; x_wconf 83' lang='lat' dir='ltr'><strong>gentes</strong></span> <span class='ocrx_word' id='word_1_642' title='bbox 2823 1981 3024 2041; x_wconf 74' lang='lat' dir='ltr'><strong>multae,</strong></span> <span class='ocrx_word' id='word_1_643' title='bbox 3057 1990 3108 2032; x_wconf 90' lang='lat' dir='ltr'><strong>et</strong></span> <span class='ocrx_word' id='word_1_644' title='bbox 3139 1979 3322 2033; x_wconf 69' lang='lat' dir='ltr'><strong>«licent</strong></span> <span class='ocrx_word' id='word_1_645' title='bbox 3360 1997 3371 2031; x_wconf 90' lang='lat'>:</span> <span class='ocrx_word' id='word_1_646' title='bbox 3405 1976 3508 2033; x_wconf 76' lang='lat' dir='ltr'><strong>Ve-</strong></span> 
     </span>
    </p>
   </div>
   <div class='ocr_carea' id='block_1_81' title="bbox 1944 2070 3508 2136">
    <p class='ocr_par' dir='ltr' id='par_1_81' title="bbox 1944 2070 3508 2136">
     <span class='ocr_line' id='line_1_81' title="bbox 1944 2070 3508 2136; baseline 0 -14"><span class='ocrx_word' id='word_1_647' title='bbox 1944 2071 2074 2130; x_wconf 89' lang='lat' dir='ltr'><strong>nite,</strong></span> <span class='ocrx_word' id='word_1_648' title='bbox 2127 2071 2490 2125; x_wconf 85' lang='lat' dir='ltr'><strong>ascendamus</strong></span> <span class='ocrx_word' id='word_1_649' title='bbox 2550 2072 2603 2124; x_wconf 90' lang='lat' dir='ltr'><strong>in</strong></span> <span class='ocrx_word' id='word_1_650' title='bbox 2650 2081 2890 2125; x_wconf 85' lang='lat' dir='ltr'><strong>montem</strong></span> <span class='ocrx_word' id='word_1_651' title='bbox 2925 2070 3137 2125; x_wconf 89' lang='lat' dir='ltr'><strong>Domini</strong></span> <span class='ocrx_word' id='word_1_652' title='bbox 3167 2073 3234 2124; x_wconf 80' lang='lat'><strong>&quot;.</strong></span> <span class='ocrx_word' id='word_1_653' title='bbox 3276 2090 3293 2122; x_wconf 73' lang='grc' dir='ltr'>ι</span> <span class='ocrx_word' id='word_1_654' title='bbox 3329 2071 3508 2136; x_wconf 85' lang='lat' dir='ltr'><strong>Quam</strong></span> 
     </span>
    </p>
   </div>
   <div class='ocr_carea' id='block_1_82' title="bbox 1943 2162 3504 2234">
    <p class='ocr_par' dir='ltr' id='par_1_82' title="bbox 1943 2162 3504 2234">
     <span class='ocr_line' id='line_1_82' title="bbox 1943 2162 3504 2234; baseline -0.001 -18"><span class='ocrx_word' id='word_1_655' title='bbox 1943 2163 2168 2234; x_wconf 87' lang='lat' dir='ltr'><strong>posthac</strong></span> <span class='ocrx_word' id='word_1_656' title='bbox 2201 2163 2291 2216; x_wconf 92' lang='lat' dir='ltr'><strong>ubi</strong></span> <span class='ocrx_word' id='word_1_657' title='bbox 2316 2179 2439 2217; x_wconf 85' lang='lat' dir='ltr'><strong>eum</strong></span> <span class='ocrx_word' id='word_1_658' title='bbox 2469 2163 2563 2233; x_wconf 85' lang='lat' dir='ltr'><strong>qui</strong></span> <span class='ocrx_word' id='word_1_659' title='bbox 2605 2170 2689 2216; x_wconf 91' lang='lat' dir='ltr'><strong>est</strong></span> <span class='ocrx_word' id='word_1_660' title='bbox 2712 2172 2836 2216; x_wconf 87' lang='lat' dir='ltr'><strong>ante</strong></span> <span class='ocrx_word' id='word_1_661' title='bbox 2867 2163 3064 2216; x_wconf 69' lang='lat' dir='ltr'><strong>saecula</strong></span> <span class='ocrx_word' id='word_1_662' title='bbox 3098 2163 3164 2216; x_wconf 90' lang='lat' dir='ltr'><strong>de</strong></span> <span class='ocrx_word' id='word_1_663' title='bbox 3196 2162 3504 2216; x_wconf 85' lang='lat' dir='ltr'><strong>Bethlchem</strong></span> 
     </span>
    </p>
   </div>
   <div class='ocr_carea' id='block_1_83' title="bbox 1941 2249 3504 2323">
    <p class='ocr_par' dir='ltr' id='par_1_83' title="bbox 1941 2249 3504 2323">
     <span class='ocr_line' id='line_1_83' title="bbox 1941 2249 3504 2323; baseline -0.004 -16"><span class='ocrx_word' id='word_1_664' title='bbox 1941 2269 2286 2323; x_wconf 83' lang='lat' dir='ltr'><strong>egressurum</strong></span> <span class='ocrx_word' id='word_1_665' title='bbox 2317 2252 2606 2314; x_wconf 83' lang='lat' dir='ltr'><strong>nuntiavit,</strong></span> <span class='ocrx_word' id='word_1_666' title='bbox 2653 2267 2759 2304; x_wconf 92' lang='lat' dir='ltr'><strong>non</strong></span> <span class='ocrx_word' id='word_1_667' title='bbox 2794 2252 2893 2305; x_wconf 93' lang='lat' dir='ltr'><strong>soli</strong></span> <span class='ocrx_word' id='word_1_668' title='bbox 2926 2249 3090 2306; x_wconf 88' lang='lat' dir='ltr'><strong>Israel</strong></span> <span class='ocrx_word' id='word_1_669' title='bbox 3123 2252 3378 2320; x_wconf 86' lang='lat' dir='ltr'><strong>amplius,</strong></span> <span class='ocrx_word' id='word_1_670' title='bbox 3409 2250 3504 2303; x_wconf 85' lang='lat' dir='ltr'><strong>sed</strong></span> 
     </span>
    </p>
   </div>
   <div class='ocr_carea' id='block_1_84' title="bbox 1942 2341 3505 2412">
    <p class='ocr_par' dir='ltr' id='par_1_84' title="bbox 1942 2341 3505 2412">
     <span class='ocr_line' id='line_1_84' title="bbox 1942 2341 3505 2412; baseline -0.004 -14"><span class='ocrx_word' id='word_1_671' title='bbox 1942 2345 2225 2398; x_wconf 79' lang='lat' dir='ltr'><strong>confertim</strong></span> <span class='ocrx_word' id='word_1_672' title='bbox 2258 2345 2509 2397; x_wconf 84' lang='lat' dir='ltr'><strong>omnibus</strong></span> <span class='ocrx_word' id='word_1_673' title='bbox 2555 2343 2808 2412; x_wconf 78' lang='lat' dir='ltr'><strong>gentibus</strong></span> <span class='ocrx_word' id='word_1_674' title='bbox 2839 2358 3008 2408; x_wconf 89' lang='lat' dir='ltr'><strong>usque</strong></span> <span class='ocrx_word' id='word_1_675' title='bbox 3031 2341 3096 2395; x_wconf 89' lang='lat' dir='ltr'><strong>ad</strong></span> <span class='ocrx_word' id='word_1_676' title='bbox 3122 2349 3361 2395; x_wconf 76' lang='lat' dir='ltr'><strong>extrema</strong></span> <span class='ocrx_word' id='word_1_677' title='bbox 3397 2349 3505 2394; x_wconf 82' lang='lat' dir='ltr'><strong>ter-</strong></span> 
     </span>
    </p>
   </div>
   <div class='ocr_carea' id='block_1_85' title="bbox 1941 2429 3504 2503">
    <p class='ocr_par' dir='ltr' id='par_1_85' title="bbox 1941 2429 3504 2503">
     <span class='ocr_line' id='line_1_85' title="bbox 1941 2429 3504 2503; baseline -0.003 -17"><span class='ocrx_word' id='word_1_678' title='bbox 1941 2449 2015 2488; x_wconf 76' lang='lat' dir='ltr'><strong>ra:</strong></span> <span class='ocrx_word' id='word_1_679' title='bbox 2067 2435 2215 2487; x_wconf 91' lang='lat' dir='ltr'><strong>illum</strong></span> <span class='ocrx_word' id='word_1_680' title='bbox 2249 2435 2638 2503; x_wconf 86' lang='lat' dir='ltr'><strong>imperaturum</strong></span> <span class='ocrx_word' id='word_1_681' title='bbox 2672 2432 2920 2485; x_wconf 83' lang='lat' dir='ltr'><strong>aﬂirmat.</strong></span> <span class='ocrx_word' id='word_1_682' title='bbox 2959 2432 3095 2485; x_wconf 90' lang='lat' dir='ltr'><strong>Dicit</strong></span> <span class='ocrx_word' id='word_1_683' title='bbox 3127 2432 3289 2500; x_wconf 85' lang='lat' dir='ltr'><strong>igitur</strong></span> <span class='ocrx_word' id='word_1_684' title='bbox 3328 2449 3339 2483; x_wconf 89' lang='lat'><strong>:</strong></span> <span class='ocrx_word' id='word_1_685' title='bbox 3381 2447 3400 2479; x_wconf 77' lang='grc' dir='ltr'><strong>ι</strong></span> <span class='ocrx_word' id='word_1_686' title='bbox 3441 2429 3504 2481; x_wconf 82' lang='lat' dir='ltr'><strong>Et</strong></span> 
     </span>
    </p>
   </div>
   <div class='ocr_carea' id='block_1_86' title="bbox 1941 2525 3503 2595">
    <p class='ocr_par' dir='ltr' id='par_1_86' title="bbox 1941 2525 3503 2595">
     <span class='ocr_line' id='line_1_86' title="bbox 1941 2525 3503 2595; baseline -0.003 -13"><span class='ocrx_word' id='word_1_687' title='bbox 1941 2528 2126 2584; x_wconf 89' lang='lat' dir='ltr'><strong>stabit.</strong></span> <span class='ocrx_word' id='word_1_688' title='bbox 2162 2536 2215 2582; x_wconf 88' lang='lat' dir='ltr'><strong>et</strong></span> <span class='ocrx_word' id='word_1_689' title='bbox 2245 2527 2468 2589; x_wconf 82' lang='lat' dir='ltr'><strong>videbit,</strong></span> <span class='ocrx_word' id='word_1_690' title='bbox 2491 2535 2544 2580; x_wconf 91' lang='lat' dir='ltr'><strong>et</strong></span> <span class='ocrx_word' id='word_1_691' title='bbox 2568 2533 2754 2595; x_wconf 84' lang='lat' dir='ltr'><strong>pascet</strong></span> <span class='ocrx_word' id='word_1_692' title='bbox 2785 2541 3000 2593; x_wconf 82' lang='lat' dir='ltr'><strong>gregem</strong></span> <span class='ocrx_word' id='word_1_693' title='bbox 3025 2541 3181 2578; x_wconf 91' lang='lat' dir='ltr'><strong>suum</strong></span> <span class='ocrx_word' id='word_1_694' title='bbox 3206 2525 3259 2577; x_wconf 92' lang='lat' dir='ltr'><strong>in</strong></span> <span class='ocrx_word' id='word_1_695' title='bbox 3290 2525 3503 2577; x_wconf 79' lang='lat' dir='ltr'><strong>lortitu-</strong></span> 
     </span>
    </p>
   </div>
   <div class='ocr_carea' id='block_1_87' title="bbox 1940 2615 3503 2688">
    <p class='ocr_par' dir='ltr' id='par_1_87' title="bbox 1940 2615 3503 2688">
     <span class='ocr_line' id='line_1_87' title="bbox 1940 2615 3503 2688; baseline -0.004 -13"><span class='ocrx_word' id='word_1_696' title='bbox 1940 2621 2066 2675; x_wconf 91' lang='lat' dir='ltr'><strong>dine</strong></span> <span class='ocrx_word' id='word_1_697' title='bbox 2105 2619 2386 2685; x_wconf 89' lang='lat' dir='ltr'><strong>Dominus,</strong></span> <span class='ocrx_word' id='word_1_698' title='bbox 2414 2627 2466 2673; x_wconf 90' lang='lat' dir='ltr'><strong>et</strong></span> <span class='ocrx_word' id='word_1_699' title='bbox 2489 2619 2544 2672; x_wconf 89' lang='lat' dir='ltr'><strong>in</strong></span> <span class='ocrx_word' id='word_1_700' title='bbox 2580 2618 2751 2688; x_wconf 81' lang='lat' dir='ltr'><strong>gloria</strong></span> <span class='ocrx_word' id='word_1_701' title='bbox 2775 2616 3014 2671; x_wconf 88' lang='lat' dir='ltr'><strong>nominis</strong></span> <span class='ocrx_word' id='word_1_702' title='bbox 3044 2615 3255 2670; x_wconf 90' lang='lat' dir='ltr'><strong>Domini</strong></span> <span class='ocrx_word' id='word_1_703' title='bbox 3295 2615 3388 2670; x_wconf 87' lang='lat' dir='ltr'><strong>Dei</strong></span> <span class='ocrx_word' id='word_1_704' title='bbox 3422 2617 3503 2686; x_wconf 81' lang='lat' dir='ltr'><strong>ip-</strong></span> 
     </span>
    </p>
   </div>
   <div class='ocr_carea' id='block_1_88' title="bbox 1940 2707 3502 2776">
    <p class='ocr_par' dir='ltr' id='par_1_88' title="bbox 1940 2707 3502 2776">
     <span class='ocr_line' id='line_1_88' title="bbox 1940 2707 3502 2776; baseline -0.004 -8"><span class='ocrx_word' id='word_1_705' title='bbox 1940 2727 2124 2768; x_wconf 92' lang='lat' dir='ltr'><strong>sorum</strong></span> <span class='ocrx_word' id='word_1_706' title='bbox 2169 2712 2452 2766; x_wconf 84' lang='lat' dir='ltr'><strong>exsistent.</strong></span> <span class='ocrx_word' id='word_1_707' title='bbox 2504 2710 2772 2776; x_wconf 83' lang='lat' dir='ltr'><strong>Quoniam</strong></span> <span class='ocrx_word' id='word_1_708' title='bbox 2822 2723 2967 2761; x_wconf 91' lang='lat' dir='ltr'><strong>nunc</strong></span> <span class='ocrx_word' id='word_1_709' title='bbox 3015 2707 3502 2776; x_wconf 80' lang='lat' dir='ltr'><strong>magniﬁcabuntur</strong></span> 
     </span>
    </p>
   </div>
   <div class='ocr_carea' id='block_1_89' title="bbox 1940 2800 3502 2874">
    <p class='ocr_par' dir='ltr' id='par_1_89' title="bbox 1940 2800 3502 2874">
     <span class='ocr_line' id='line_1_89' title="bbox 1940 2800 3502 2874; baseline -0.003 -16"><span class='ocrx_word' id='word_1_710' title='bbox 1940 2820 2113 2874; x_wconf 89' lang='lat' dir='ltr'><strong>usque</strong></span> <span class='ocrx_word' id='word_1_711' title='bbox 2147 2804 2212 2858; x_wconf 90' lang='lat' dir='ltr'><strong>ad</strong></span> <span class='ocrx_word' id='word_1_712' title='bbox 2237 2814 2478 2856; x_wconf 82' lang='lat' dir='ltr'><strong>extrema</strong></span> <span class='ocrx_word' id='word_1_713' title='bbox 2506 2813 2664 2856; x_wconf 83' lang='lat' dir='ltr'><strong>terrae</strong></span> <span class='ocrx_word' id='word_1_714' title='bbox 2700 2821 2713 2855; x_wconf 93' lang='lat'>:</span> <span class='ocrx_word' id='word_1_715' title='bbox 2746 2811 2799 2857; x_wconf 90' lang='lat' dir='ltr'><strong>et</strong></span> <span class='ocrx_word' id='word_1_716' title='bbox 2828 2803 2933 2856; x_wconf 89' lang='lat' dir='ltr'><strong>erit</strong></span> <span class='ocrx_word' id='word_1_717' title='bbox 2958 2801 3073 2854; x_wconf 62' lang='lat' dir='ltr'><strong>hinc</strong></span> <span class='ocrx_word' id='word_1_718' title='bbox 3102 2818 3206 2871; x_wconf 77' lang='lat' dir='ltr'><strong>pax</strong></span> <span class='ocrx_word' id='word_1_719' title='bbox 3233 2801 3298 2855; x_wconf 69' lang='grc' dir='ltr'><strong>τ’.</strong></span> <span class='ocrx_word' id='word_1_720' title='bbox 3345 2819 3364 2852; x_wconf 73' lang='grc' dir='ltr'>ι</span> <span class='ocrx_word' id='word_1_721' title='bbox 3401 2800 3502 2854; x_wconf 78' lang='lat' dir='ltr'><strong>Cui</strong></span> 
     </span>
    </p>
   </div>
   <div class='ocr_carea' id='block_1_90' title="bbox 1937 2891 3502 2966">
    <p class='ocr_par' dir='ltr' id='par_1_90' title="bbox 1937 2891 3502 2966">
     <span class='ocr_line' id='line_1_90' title="bbox 1937 2891 3502 2966; baseline -0.002 -17"><span class='ocrx_word' id='word_1_722' title='bbox 1937 2911 2102 2966; x_wconf 88' lang='lat' dir='ltr'><strong>porro</strong></span> <span class='ocrx_word' id='word_1_723' title='bbox 2135 2896 2240 2949; x_wconf 88' lang='lat' dir='ltr'><strong>erit</strong></span> <span class='ocrx_word' id='word_1_724' title='bbox 2267 2895 2380 2948; x_wconf 62' lang='lat' dir='ltr'><strong>haec</strong></span> <span class='ocrx_word' id='word_1_725' title='bbox 2414 2909 2540 2963; x_wconf 86' lang='lat' dir='ltr'><strong>pax,</strong></span> <span class='ocrx_word' id='word_1_726' title='bbox 2573 2893 2679 2948; x_wconf 89' lang='lat' dir='ltr'><strong>nisi</strong></span> <span class='ocrx_word' id='word_1_727' title='bbox 2709 2901 2866 2948; x_wconf 77' lang='lat' dir='ltr'><strong>terra:</strong></span> <span class='ocrx_word' id='word_1_728' title='bbox 2919 2894 2976 2948; x_wconf 90' lang='lat' dir='ltr'><strong>in</strong></span> <span class='ocrx_word' id='word_1_729' title='bbox 3035 2908 3141 2963; x_wconf 89' lang='lat' dir='ltr'><strong>qua</strong></span> <span class='ocrx_word' id='word_1_730' title='bbox 3187 2891 3502 2963; x_wconf 82' lang='lat' dir='ltr'><strong>magniﬁca--</strong></span> 
     </span>
    </p>
   </div>
   <div class='ocr_carea' id='block_1_91' title="bbox 1937 2983 3496 3056">
    <p class='ocr_par' dir='ltr' id='par_1_91' title="bbox 1937 2983 3496 3056">
     <span class='ocr_line' id='line_1_91' title="bbox 1937 2983 3496 3056; baseline -0.002 -15"><span class='ocrx_word' id='word_1_731' title='bbox 1937 2989 2141 3041; x_wconf 92' lang='lat' dir='ltr'><strong>buntur</strong></span> <span class='ocrx_word' id='word_1_732' title='bbox 2174 3003 2363 3056; x_wconf 80' lang='lat' dir='ltr'><strong>greges</strong></span> <span class='ocrx_word' id='word_1_733' title='bbox 2398 2985 2650 3040; x_wconf 83' lang='lat' dir='ltr'><strong>Domini?</strong></span> <span class='ocrx_word' id='word_1_734' title='bbox 2704 2985 2762 3038; x_wconf 89' lang='lat' dir='ltr'><strong>Id</strong></span> <span class='ocrx_word' id='word_1_735' title='bbox 2812 2985 2987 3054; x_wconf 91' lang='lat' dir='ltr'><strong>ipsum</strong></span> <span class='ocrx_word' id='word_1_736' title='bbox 3021 2991 3221 3046; x_wconf 87' lang='lat' dir='ltr'><strong>autem,</strong></span> <span class='ocrx_word' id='word_1_737' title='bbox 3252 3000 3411 3053; x_wconf 85' lang='lat' dir='ltr'><strong>quem</strong></span> <span class='ocrx_word' id='word_1_738' title='bbox 3439 2983 3496 3038; x_wconf 77' lang='lat' dir='ltr'><strong>li-</strong></span> 
     </span>
    </p>
   </div>
   <div class='ocr_carea' id='block_1_92' title="bbox 1939 3077 3502 3150">
    <p class='ocr_par' dir='ltr' id='par_1_92' title="bbox 1939 3077 3502 3150">
     <span class='ocr_line' id='line_1_92' title="bbox 1939 3077 3502 3150; baseline -0.003 -16"><span class='ocrx_word' id='word_1_739' title='bbox 1939 3097 2058 3134; x_wconf 85' lang='lat' dir='ltr'><strong>nem</strong></span> <span class='ocrx_word' id='word_1_740' title='bbox 2091 3081 2341 3136; x_wconf 90' lang='lat' dir='ltr'><strong>sortitum</strong></span> <span class='ocrx_word' id='word_1_741' title='bbox 2375 3081 2444 3134; x_wconf 91' lang='lat' dir='ltr'><strong>sit</strong></span> <span class='ocrx_word' id='word_1_742' title='bbox 2473 3089 2597 3150; x_wconf 91' lang='lat' dir='ltr'><strong>post</strong></span> <span class='ocrx_word' id='word_1_743' title='bbox 2633 3077 2932 3134; x_wconf 86' lang='lat' dir='ltr'><strong>Salvatoris</strong></span> <span class='ocrx_word' id='word_1_744' title='bbox 2962 3079 3132 3134; x_wconf 89' lang='lat' dir='ltr'><strong>nostri</strong></span> <span class='ocrx_word' id='word_1_745' title='bbox 3164 3077 3291 3134; x_wconf 85' lang='lat' dir='ltr'><strong>.Icsu</strong></span> <span class='ocrx_word' id='word_1_746' title='bbox 3342 3077 3502 3132; x_wconf 82' lang='lat' dir='ltr'><strong>Chri-</strong></span> 
     </span>
    </p>
   </div>
   <div class='ocr_carea' id='block_1_93' title="bbox 1937 3172 3499 3241">
    <p class='ocr_par' dir='ltr' id='par_1_93' title="bbox 1937 3172 3499 3241">
     <span class='ocr_line' id='line_1_93' title="bbox 1937 3172 3499 3241; baseline -0.003 -14"><span class='ocrx_word' id='word_1_747' title='bbox 1937 3173 2005 3228; x_wconf 91' lang='lat' dir='ltr'><strong>sti</strong></span> <span class='ocrx_word' id='word_1_748' title='bbox 2033 3173 2348 3234; x_wconf 77' lang='lat' dir='ltr'><strong>adventura,</strong></span> <span class='ocrx_word' id='word_1_749' title='bbox 2387 3172 2588 3226; x_wconf 90' lang='lat' dir='ltr'><strong>nemini</strong></span> <span class='ocrx_word' id='word_1_750' title='bbox 2639 3172 2934 3226; x_wconf 90' lang='lat' dir='ltr'><strong>obscurum</strong></span> <span class='ocrx_word' id='word_1_751' title='bbox 2962 3187 3082 3227; x_wconf 91' lang='lat' dir='ltr'><strong>esse</strong></span> <span class='ocrx_word' id='word_1_752' title='bbox 3116 3178 3291 3241; x_wconf 87' lang='lat' dir='ltr'><strong>potest</strong></span> <span class='ocrx_word' id='word_1_753' title='bbox 3323 3189 3336 3223; x_wconf 90' lang='lat'><strong>:</strong></span> <span class='ocrx_word' id='word_1_754' title='bbox 3370 3185 3499 3223; x_wconf 88' lang='lat' dir='ltr'><strong>nam</strong></span> 
     </span>
    </p>
   </div>
   <div class='ocr_carea' id='block_1_94' title="bbox 1935 3262 3494 3334">
    <p class='ocr_par' dir='ltr' id='par_1_94' title="bbox 1935 3262 3494 3334">
     <span class='ocr_line' id='line_1_94' title="bbox 1935 3262 3494 3334; baseline -0.003 -15"><span class='ocrx_word' id='word_1_755' title='bbox 1935 3280 2056 3320; x_wconf 89' lang='lat' dir='ltr'><strong>cum</strong></span> <span class='ocrx_word' id='word_1_756' title='bbox 2087 3275 2212 3318; x_wconf 90' lang='lat' dir='ltr'><strong>ante</strong></span> <span class='ocrx_word' id='word_1_757' title='bbox 2240 3264 2384 3318; x_wconf 88' lang='lat' dir='ltr'><strong>hunc</strong></span> <span class='ocrx_word' id='word_1_758' title='bbox 2414 3263 2728 3326; x_wconf 87' lang='lat' dir='ltr'><strong>adventum,</strong></span> <span class='ocrx_word' id='word_1_759' title='bbox 2765 3264 3067 3334; x_wconf 84' lang='lat' dir='ltr'><strong>principum</strong></span> <span class='ocrx_word' id='word_1_760' title='bbox 3113 3271 3258 3318; x_wconf 88' lang='lat' dir='ltr'><strong>esset</strong></span> <span class='ocrx_word' id='word_1_761' title='bbox 3309 3262 3494 3315; x_wconf 86' lang='lat' dir='ltr'><strong>multi—</strong></span> 
     </span>
    </p>
   </div>
   <div class='ocr_carea' id='block_1_95' title="bbox 1932 3353 3496 3425">
    <p class='ocr_par' dir='ltr' id='par_1_95' title="bbox 1932 3353 3496 3425">
     <span class='ocr_line' id='line_1_95' title="bbox 1932 3353 3496 3425; baseline -0.001 -17"><span class='ocrx_word' id='word_1_762' title='bbox 1932 3356 2086 3418; x_wconf 87' lang='lat' dir='ltr'><strong>tudo,</strong></span> <span class='ocrx_word' id='word_1_763' title='bbox 2123 3365 2175 3410; x_wconf 89' lang='lat' dir='ltr'><strong>et</strong></span> <span class='ocrx_word' id='word_1_764' title='bbox 2198 3357 2461 3410; x_wconf 72' lang='lat' dir='ltr'><strong>universa:</strong></span> <span class='ocrx_word' id='word_1_765' title='bbox 2488 3362 2674 3424; x_wconf 85' lang='lat' dir='ltr'><strong>gentes</strong></span> <span class='ocrx_word' id='word_1_766' title='bbox 2749 3364 2842 3408; x_wconf 80' lang='lat' dir='ltr'><strong>aut</strong></span> <span class='ocrx_word' id='word_1_767' title='bbox 2869 3355 2972 3409; x_wconf 85' lang='lat' dir='ltr'><strong>sub</strong></span> <span class='ocrx_word' id='word_1_768' title='bbox 3013 3354 3280 3425; x_wconf 88' lang='lat' dir='ltr'><strong>tyrannis,</strong></span> <span class='ocrx_word' id='word_1_769' title='bbox 3315 3364 3410 3406; x_wconf 90' lang='lat' dir='ltr'><strong>aut</strong></span> <span class='ocrx_word' id='word_1_770' title='bbox 3441 3353 3496 3407; x_wconf 90' lang='lat' dir='ltr'><strong>iu</strong></span> 
     </span>
    </p>
   </div>
   <div class='ocr_carea' id='block_1_96' title="bbox 1933 3443 3500 3516">
    <p class='ocr_par' dir='ltr' id='par_1_96' title="bbox 1933 3443 3500 3516">
     <span class='ocr_line' id='line_1_96' title="bbox 1933 3443 3500 3516; baseline -0.001 -16"><span class='ocrx_word' id='word_1_771' title='bbox 1933 3456 2074 3501; x_wconf 88' lang='lat' dir='ltr'><strong>statu</strong></span> <span class='ocrx_word' id='word_1_772' title='bbox 2107 3446 2351 3516; x_wconf 78' lang='lat' dir='ltr'><strong>populari</strong></span> <span class='ocrx_word' id='word_1_773' title='bbox 2384 3451 2565 3498; x_wconf 83' lang='lat' dir='ltr'><strong>essent</strong></span> <span class='ocrx_word' id='word_1_774' title='bbox 2594 3444 2920 3505; x_wconf 61' lang='lat' dir='ltr'><strong>constituta},</strong></span> <span class='ocrx_word' id='word_1_775' title='bbox 2952 3451 3010 3497; x_wconf 95' lang='lat' dir='ltr'><strong>ut</strong></span> <span class='ocrx_word' id='word_1_776' title='bbox 3042 3443 3246 3497; x_wconf 91' lang='lat' dir='ltr'><strong>nullum</strong></span> <span class='ocrx_word' id='word_1_777' title='bbox 3276 3443 3418 3498; x_wconf 89' lang='lat' dir='ltr'><strong>inter</strong></span> <span class='ocrx_word' id='word_1_778' title='bbox 3439 3457 3500 3498; x_wconf 77' lang='lat' dir='ltr'><strong>so</strong></span> 
     </span>
    </p>
   </div>
   <div class='ocr_carea' id='block_1_97' title="bbox 1931 3535 3480 3604">
    <p class='ocr_par' dir='ltr' id='par_1_97' title="bbox 1931 3535 3480 3604">
     <span class='ocr_line' id='line_1_97' title="bbox 1931 3535 3480 3604; baseline -0.003 -11"><span class='ocrx_word' id='word_1_779' title='bbox 1931 3537 2312 3593; x_wconf 83' lang='lat' dir='ltr'><strong>commercium</strong></span> <span class='ocrx_word' id='word_1_780' title='bbox 2340 3535 2585 3588; x_wconf 87' lang='lat' dir='ltr'><strong>homines</strong></span> <span class='ocrx_word' id='word_1_781' title='bbox 2607 3535 2888 3598; x_wconf 88' lang='lat' dir='ltr'><strong>haberent,</strong></span> <span class='ocrx_word' id='word_1_782' title='bbox 2907 3536 2998 3588; x_wconf 80' lang='lat' dir='ltr'><strong>sed</strong></span> <span class='ocrx_word' id='word_1_783' title='bbox 3019 3535 3302 3604; x_wconf 89' lang='lat' dir='ltr'><strong>privatim:</strong></span> <span class='ocrx_word' id='word_1_784' title='bbox 3320 3551 3480 3590; x_wconf 82' lang='lat' dir='ltr'><strong>exem</strong></span> 
     </span>
    </p>
   </div>
   <div class='ocr_carea' id='block_1_98' title="bbox 1933 3621 3494 3695">
    <p class='ocr_par' dir='ltr' id='par_1_98' title="bbox 1933 3621 3494 3695">
     <span class='ocr_line' id='line_1_98' title="bbox 1933 3621 3494 3695; baseline -0.001 -17"><span class='ocrx_word' id='word_1_785' title='bbox 1933 3625 2004 3695; x_wconf 93' lang='lat' dir='ltr'><strong>pli</strong></span> <span class='ocrx_word' id='word_1_786' title='bbox 2031 3626 2226 3694; x_wconf 89' lang='lat' dir='ltr'><strong>gratia,</strong></span> <span class='ocrx_word' id='word_1_787' title='bbox 2253 3623 2394 3693; x_wconf 87' lang='lat' dir='ltr'><strong>apud</strong></span> <span class='ocrx_word' id='word_1_788' title='bbox 2422 3621 2711 3692; x_wconf 61' lang='lat' dir='ltr'><strong>Aﬁgyptlos</strong></span> <span class='ocrx_word' id='word_1_789' title='bbox 2751 3639 2884 3678; x_wconf 86' lang='lat' dir='ltr'><strong>suus</strong></span> <span class='ocrx_word' id='word_1_790' title='bbox 2926 3625 3177 3693; x_wconf 83' lang='lat' dir='ltr'><strong>princeps</strong></span> <span class='ocrx_word' id='word_1_791' title='bbox 3223 3633 3494 3692; x_wconf 85' lang='lat' dir='ltr'><strong>regnaret,</strong></span> 
     </span>
    </p>
   </div>
   <div class='ocr_carea' id='block_1_99' title="bbox 1930 3715 3493 3787">
    <p class='ocr_par' dir='ltr' id='par_1_99' title="bbox 1930 3715 3493 3787">
     <span class='ocr_line' id='line_1_99' title="bbox 1930 3715 3493 3787; baseline 0.001 -18"><span class='ocrx_word' id='word_1_792' title='bbox 1930 3719 2069 3787; x_wconf 86' lang='lat' dir='ltr'><strong>apud</strong></span> <span class='ocrx_word' id='word_1_793' title='bbox 2101 3718 2307 3771; x_wconf 83' lang='lat' dir='ltr'><strong>Arabas</strong></span> <span class='ocrx_word' id='word_1_794' title='bbox 2337 3719 2463 3772; x_wconf 83' lang='lat' dir='ltr'><strong>item</strong></span> <span class='ocrx_word' id='word_1_795' title='bbox 2494 3734 2650 3781; x_wconf 90' lang='lat' dir='ltr'><strong>suus,</strong></span> <span class='ocrx_word' id='word_1_796' title='bbox 2680 3717 2820 3786; x_wconf 88' lang='lat' dir='ltr'><strong>apud</strong></span> <span class='ocrx_word' id='word_1_797' title='bbox 2853 3715 3138 3779; x_wconf 65' lang='lat' dir='ltr'><strong>Idumaeos,</strong></span> <span class='ocrx_word' id='word_1_798' title='bbox 3183 3715 3493 3778; x_wconf 69' lang='lat' dir='ltr'><strong>Phoenicas,</strong></span> 
     </span>
    </p>
   </div>
   <div class='ocr_carea' id='block_1_100' title="bbox 1927 3807 3495 3880">
    <p class='ocr_par' dir='ltr' id='par_1_100' title="bbox 1927 3807 3495 3880">
     <span class='ocr_line' id='line_1_100' title="bbox 1927 3807 3495 3880; baseline 0 -20"><span class='ocrx_word' id='word_1_799' title='bbox 1927 3807 2086 3880; x_wconf 64' lang='lat'><strong>345</strong></span> <span class='ocrx_word' id='word_1_800' title='bbox 2135 3807 2301 3878; x_wconf 67' lang='lat' dir='ltr'><strong>Syros</strong></span> <span class='ocrx_word' id='word_1_801' title='bbox 2348 3810 2590 3878; x_wconf 90' lang='lat' dir='ltr'><strong>aliasque</strong></span> <span class='ocrx_word' id='word_1_802' title='bbox 2623 3809 2749 3862; x_wconf 87' lang='lat' dir='ltr'><strong>item</strong></span> <span class='ocrx_word' id='word_1_803' title='bbox 2803 3815 3277 3878; x_wconf 86' lang='lat' dir='ltr'><strong>gcntes;cumquc</strong></span> <span class='ocrx_word' id='word_1_804' title='bbox 3305 3818 3495 3877; x_wconf 86' lang='lat' dir='ltr'><strong>gentes</strong></span> 
     </span>
    </p>
   </div>
   <div class='ocr_carea' id='block_1_101' title="bbox 1926 3899 3493 3970">
    <p class='ocr_par' dir='ltr' id='par_1_101' title="bbox 1926 3899 3493 3970">
     <span class='ocr_line' id='line_1_101' title="bbox 1926 3899 3493 3970; baseline -0.003 -15"><span class='ocrx_word' id='word_1_805' title='bbox 1926 3901 2184 3955; x_wconf 85' lang='lat' dir='ltr'><strong>adversus</strong></span> <span class='ocrx_word' id='word_1_806' title='bbox 2200 3909 2461 3970; x_wconf 80' lang='lat' dir='ltr'><strong>gentes,ct</strong></span> <span class='ocrx_word' id='word_1_807' title='bbox 2474 3901 2720 3954; x_wconf 82' lang='lat' dir='ltr'><strong>civitates</strong></span> <span class='ocrx_word' id='word_1_808' title='bbox 2735 3901 2994 3954; x_wconf 85' lang='lat' dir='ltr'><strong>adversus</strong></span> <span class='ocrx_word' id='word_1_809' title='bbox 3011 3899 3254 3953; x_wconf 85' lang='lat' dir='ltr'><strong>civitates</strong></span> <span class='ocrx_word' id='word_1_810' title='bbox 3268 3915 3493 3952; x_wconf 79' lang='lat' dir='ltr'><strong>consur-</strong></span> 
     </span>
    </p>
   </div>
   <div class='ocr_carea' id='block_1_102' title="bbox 1923 3991 3488 4061">
    <p class='ocr_par' dir='ltr' id='par_1_102' title="bbox 1923 3991 3488 4061">
     <span class='ocr_line' id='line_1_102' title="bbox 1923 3991 3488 4061; baseline 0 -16"><span class='ocrx_word' id='word_1_811' title='bbox 1923 3993 2552 4061; x_wconf 82' lang='lat' dir='ltr'><strong>gerent,obsidionesque</strong></span> <span class='ocrx_word' id='word_1_812' title='bbox 2565 3992 2980 4046; x_wconf 85' lang='lat' dir='ltr'><strong>innumerabiles</strong></span> <span class='ocrx_word' id='word_1_813' title='bbox 2993 3999 3044 4045; x_wconf 90' lang='lat' dir='ltr'><strong>et</strong></span> <span class='ocrx_word' id='word_1_814' title='bbox 3061 3991 3488 4059; x_wconf 67' lang='lat' dir='ltr'><strong>captivitatespc:</strong></span> 
     </span>
    </p>
   </div>
   <div class='ocr_carea' id='block_1_103' title="bbox 1923 4079 3492 4152">
    <p class='ocr_par' dir='ltr' id='par_1_103' title="bbox 1923 4079 3492 4152">
     <span class='ocr_line' id='line_1_103' title="bbox 1923 4079 3492 4152; baseline 0.001 -17"><span class='ocrx_word' id='word_1_815' title='bbox 1923 4097 2135 4136; x_wconf 84' lang='lat' dir='ltr'><strong>Omnem</strong></span> <span class='ocrx_word' id='word_1_816' title='bbox 2156 4084 2328 4136; x_wconf 90' lang='lat' dir='ltr'><strong>locum</strong></span> <span class='ocrx_word' id='word_1_817' title='bbox 2351 4098 2411 4136; x_wconf 90' lang='lat' dir='ltr'><strong>ac</strong></span> <span class='ocrx_word' id='word_1_818' title='bbox 2429 4083 2697 4152; x_wconf 85' lang='lat' dir='ltr'><strong>regionem</strong></span> <span class='ocrx_word' id='word_1_819' title='bbox 2721 4083 3044 4143; x_wconf 84' lang='lat' dir='ltr'><strong>ﬁerent.tum</strong></span> <span class='ocrx_word' id='word_1_820' title='bbox 3063 4097 3188 4135; x_wconf 82' lang='lat' dir='ltr'><strong>vero</strong></span> <span class='ocrx_word' id='word_1_821' title='bbox 3206 4080 3294 4136; x_wconf 90' lang='lat' dir='ltr'><strong>ubi</strong></span> <span class='ocrx_word' id='word_1_822' title='bbox 3314 4079 3492 4136; x_wconf 85' lang='lat' dir='ltr'><strong>Salva-</strong></span> 
     </span>
    </p>
   </div>
   <div class='ocr_carea' id='block_1_104' title="bbox 1921 4173 3491 4237">
    <p class='ocr_par' dir='ltr' id='par_1_104' title="bbox 1921 4173 3491 4237">
     <span class='ocr_line' id='line_1_104' title="bbox 1921 4173 3491 4237; baseline 0.001 -11"><span class='ocrx_word' id='word_1_823' title='bbox 1921 4180 2008 4227; x_wconf 91' lang='lat' dir='ltr'><strong>tor</strong></span> <span class='ocrx_word' id='word_1_824' title='bbox 2036 4183 2220 4228; x_wconf 90' lang='lat' dir='ltr'><strong>noster</strong></span> <span class='ocrx_word' id='word_1_825' title='bbox 2239 4189 2302 4228; x_wconf 91' lang='lat' dir='ltr'><strong>ac</strong></span> <span class='ocrx_word' id='word_1_826' title='bbox 2326 4173 2584 4229; x_wconf 92' lang='lat' dir='ltr'><strong>Dominus</strong></span> <span class='ocrx_word' id='word_1_827' title='bbox 2615 4174 2822 4237; x_wconf 83' lang='lat' dir='ltr'><strong>adfuit,-</strong></span> <span class='ocrx_word' id='word_1_828' title='bbox 2843 4189 2947 4227; x_wconf 90' lang='lat' dir='ltr'><strong>una</strong></span> <span class='ocrx_word' id='word_1_829' title='bbox 2969 4190 3091 4227; x_wconf 84' lang='lat' dir='ltr'><strong>cum</strong></span> <span class='ocrx_word' id='word_1_830' title='bbox 3118 4175 3262 4229; x_wconf 90' lang='lat' dir='ltr'><strong>illius</strong></span> <span class='ocrx_word' id='word_1_831' title='bbox 3290 4174 3357 4227; x_wconf 89' lang='lat' dir='ltr'><strong>ad</strong></span> <span class='ocrx_word' id='word_1_832' title='bbox 3391 4173 3491 4227; x_wconf 55' lang='lat' dir='ltr'><strong>Inoa</strong></span> 
     </span>
    </p>
   </div>
   <div class='ocr_carea' id='block_1_105' title="bbox 1922 4264 3492 4335">
    <p class='ocr_par' dir='ltr' id='par_1_105' title="bbox 1922 4264 3492 4335">
     <span class='ocr_line' id='line_1_105' title="bbox 1922 4264 3492 4335; baseline 0.001 -18"><span class='ocrx_word' id='word_1_833' title='bbox 1922 4265 2099 4319; x_wconf 90' lang='lat' dir='ltr'><strong>mines</strong></span> <span class='ocrx_word' id='word_1_834' title='bbox 2131 4265 2390 4328; x_wconf 88' lang='lat' dir='ltr'><strong>adventu,</strong></span> <span class='ocrx_word' id='word_1_835' title='bbox 2422 4265 2535 4334; x_wconf 88' lang='lat' dir='ltr'><strong>jam</strong></span> <span class='ocrx_word' id='word_1_836' title='bbox 2589 4274 2705 4318; x_wconf 90' lang='lat' dir='ltr'><strong>tum</strong></span> <span class='ocrx_word' id='word_1_837' title='bbox 2755 4266 2930 4335; x_wconf 89' lang='lat' dir='ltr'><strong>primo</strong></span> <span class='ocrx_word' id='word_1_838' title='bbox 2971 4264 3335 4318; x_wconf 74' lang='lat' dir='ltr'><strong>Romanorum</strong></span> <span class='ocrx_word' id='word_1_839' title='bbox 3379 4264 3492 4319; x_wconf 83' lang='lat' dir='ltr'><strong>Au-</strong></span> 
     </span>
    </p>
   </div>
   <div class='ocr_carea' id='block_1_106' title="bbox 1923 4356 3491 4426">
    <p class='ocr_par' dir='ltr' id='par_1_106' title="bbox 1923 4356 3491 4426">
     <span class='ocr_line' id='line_1_106' title="bbox 1923 4356 3491 4426; baseline 0.003 -18"><span class='ocrx_word' id='word_1_840' title='bbox 1923 4365 2080 4425; x_wconf 87' lang='lat' dir='ltr'><strong>gusto</strong></span> <span class='ocrx_word' id='word_1_841' title='bbox 2113 4356 2392 4426; x_wconf 88' lang='lat' dir='ltr'><strong>imperium</strong></span> <span class='ocrx_word' id='word_1_842' title='bbox 2439 4357 2492 4410; x_wconf 93' lang='lat' dir='ltr'><strong>in</strong></span> <span class='ocrx_word' id='word_1_843' title='bbox 2526 4357 2677 4410; x_wconf 91' lang='lat' dir='ltr'><strong>orbis</strong></span> <span class='ocrx_word' id='word_1_844' title='bbox 2723 4357 2974 4410; x_wconf 87' lang='lat' dir='ltr'><strong>nationes</strong></span> <span class='ocrx_word' id='word_1_845' title='bbox 3011 4357 3310 4420; x_wconf 83' lang='lat' dir='ltr'><strong>obtinente,</strong></span> <span class='ocrx_word' id='word_1_846' title='bbox 3341 4358 3491 4412; x_wconf 80' lang='lat' dir='ltr'><strong>solu-</strong></span> 
     </span>
    </p>
   </div>
   <div class='ocr_carea' id='block_1_107' title="bbox 1921 4445 3492 4516">
    <p class='ocr_par' dir='ltr' id='par_1_107' title="bbox 1921 4445 3492 4516">
     <span class='ocr_line' id='line_1_107' title="bbox 1921 4445 3492 4516; baseline 0.002 -19"><span class='ocrx_word' id='word_1_847' title='bbox 1921 4452 2009 4498; x_wconf 90' lang='lat' dir='ltr'><strong>tus</strong></span> <span class='ocrx_word' id='word_1_848' title='bbox 2039 4445 2186 4498; x_wconf 91' lang='lat' dir='ltr'><strong>illico</strong></span> <span class='ocrx_word' id='word_1_849' title='bbox 2215 4453 2298 4500; x_wconf 85' lang='lat' dir='ltr'><strong>est</strong></span> <span class='ocrx_word' id='word_1_850' title='bbox 2329 4445 2418 4500; x_wconf 89' lang='lat' dir='ltr'><strong>ille</strong></span> <span class='ocrx_word' id='word_1_851' title='bbox 2465 4446 2741 4514; x_wconf 77' lang='lat' dir='ltr'><strong>multiplex</strong></span> <span class='ocrx_word' id='word_1_852' title='bbox 2770 4447 3124 4515; x_wconf 86' lang='lat' dir='ltr'><strong>principatus.</strong></span> <span class='ocrx_word' id='word_1_853' title='bbox 3156 4456 3208 4500; x_wconf 88' lang='lat' dir='ltr'><strong>et</strong></span> <span class='ocrx_word' id='word_1_854' title='bbox 3235 4463 3337 4516; x_wconf 79' lang='lat' dir='ltr'><strong>pax</strong></span> <span class='ocrx_word' id='word_1_855' title='bbox 3369 4447 3492 4500; x_wconf 87' lang='lat' dir='ltr'><strong>uni-</strong></span> 
     </span>
    </p>
   </div>
   <div class='ocr_carea' id='block_1_108' title="bbox 1920 4538 3489 4609">
    <p class='ocr_par' dir='ltr' id='par_1_108' title="bbox 1920 4538 3489 4609">
     <span class='ocr_line' id='line_1_108' title="bbox 1920 4538 3489 4609; baseline 0.002 -19"><span class='ocrx_word' id='word_1_856' title='bbox 1920 4552 2132 4592; x_wconf 79' lang='lat' dir='ltr'><strong>versam</strong></span> <span class='ocrx_word' id='word_1_857' title='bbox 2185 4545 2383 4590; x_wconf 87' lang='lat' dir='ltr'><strong>terram</strong></span> <span class='ocrx_word' id='word_1_858' title='bbox 2439 4538 2668 4607; x_wconf 84' lang='lat' dir='ltr'><strong>accepit,</strong></span> <span class='ocrx_word' id='word_1_859' title='bbox 2722 4538 2772 4592; x_wconf 92' lang='lat' dir='ltr'><strong>ei</strong></span> <span class='ocrx_word' id='word_1_860' title='bbox 2832 4539 3130 4608; x_wconf 56' lang='lat' dir='ltr'><strong>pr0phctia‘</strong></span> <span class='ocrx_word' id='word_1_861' title='bbox 3183 4555 3303 4609; x_wconf 69' lang='lat' dir='ltr'><strong>qua:</strong></span> <span class='ocrx_word' id='word_1_862' title='bbox 3343 4556 3489 4593; x_wconf 89' lang='lat' dir='ltr'><strong>nunc</strong></span> 
     </span>
    </p>
   </div>
   <div class='ocr_carea' id='block_1_109' title="bbox 1920 4626 3488 4696">
    <p class='ocr_par' dir='ltr' id='par_1_109' title="bbox 1920 4626 3488 4696">
     <span class='ocr_line' id='line_1_109' title="bbox 1920 4626 3488 4696; baseline 0.003 -18"><span class='ocrx_word' id='word_1_863' title='bbox 1920 4632 2185 4680; x_wconf 87' lang='lat' dir='ltr'><strong>tractatur</strong></span> <span class='ocrx_word' id='word_1_864' title='bbox 2207 4626 2568 4690; x_wconf 90' lang='lat' dir='ltr'><strong>concordans,</strong></span> <span class='ocrx_word' id='word_1_865' title='bbox 2605 4628 2944 4696; x_wconf 89' lang='lat' dir='ltr'><strong>apertissime</strong></span> <span class='ocrx_word' id='word_1_866' title='bbox 2983 4629 3049 4684; x_wconf 89' lang='lat' dir='ltr'><strong>de</strong></span> <span class='ocrx_word' id='word_1_867' title='bbox 3085 4629 3288 4682; x_wconf 80' lang='lat' dir='ltr'><strong>Christi</strong></span> <span class='ocrx_word' id='word_1_868' title='bbox 3320 4628 3488 4682; x_wconf 93' lang='lat' dir='ltr'><strong>disci-</strong></span> 
     </span>
    </p>
   </div>
   <div class='ocr_carea' id='block_1_110' title="bbox 1919 4717 3488 4790">
    <p class='ocr_par' dir='ltr' id='par_1_110' title="bbox 1919 4717 3488 4790">
     <span class='ocr_line' id='line_1_110' title="bbox 1919 4717 3488 4790; baseline 0.001 -19"><span class='ocrx_word' id='word_1_869' title='bbox 1919 4717 2060 4787; x_wconf 84' lang='lat' dir='ltr'><strong>pulis</strong></span> <span class='ocrx_word' id='word_1_870' title='bbox 2093 4717 2326 4770; x_wconf 87' lang='lat' dir='ltr'><strong>dicenti:</strong></span> <span class='ocrx_word' id='word_1_871' title='bbox 2367 4735 2385 4766; x_wconf 78' lang='grc' dir='ltr'><strong>ι</strong></span> <span class='ocrx_word' id='word_1_872' title='bbox 2411 4717 2676 4782; x_wconf 86' lang='lat' dir='ltr'><strong>Quoniam</strong></span> <span class='ocrx_word' id='word_1_873' title='bbox 2700 4734 2844 4772; x_wconf 90' lang='lat' dir='ltr'><strong>nunc</strong></span> <span class='ocrx_word' id='word_1_874' title='bbox 2873 4720 3360 4790; x_wconf 79' lang='lat' dir='ltr'><strong>magnificabuntur</strong></span> <span class='ocrx_word' id='word_1_875' title='bbox 3399 4734 3488 4772; x_wconf 90' lang='lat' dir='ltr'><strong>us-</strong></span> 
     </span>
    </p>
   </div>
   <div class='ocr_carea' id='block_1_111' title="bbox 1917 4808 3486 4879">
    <p class='ocr_par' dir='ltr' id='par_1_111' title="bbox 1917 4808 3486 4879">
     <span class='ocr_line' id='line_1_111' title="bbox 1917 4808 3486 4879; baseline 0.001 -17"><span class='ocrx_word' id='word_1_876' title='bbox 1917 4824 2024 4879; x_wconf 90' lang='lat' dir='ltr'><strong>que</strong></span> <span class='ocrx_word' id='word_1_877' title='bbox 2063 4808 2129 4862; x_wconf 88' lang='lat' dir='ltr'><strong>ad</strong></span> <span class='ocrx_word' id='word_1_878' title='bbox 2160 4815 2461 4863; x_wconf 86' lang='lat' dir='ltr'><strong>extremum</strong></span> <span class='ocrx_word' id='word_1_879' title='bbox 2507 4817 2697 4864; x_wconf 65' lang='lat' dir='ltr'><strong>terrae:</strong></span> <span class='ocrx_word' id='word_1_880' title='bbox 2744 4821 2796 4865; x_wconf 90' lang='lat' dir='ltr'><strong>ct</strong></span> <span class='ocrx_word' id='word_1_881' title='bbox 2840 4811 2943 4865; x_wconf 88' lang='lat' dir='ltr'><strong>erit</strong></span> <span class='ocrx_word' id='word_1_882' title='bbox 3000 4812 3110 4864; x_wconf 66' lang='lat' dir='ltr'><strong>haec</strong></span> <span class='ocrx_word' id='word_1_883' title='bbox 3179 4826 3302 4879; x_wconf 78' lang='lat' dir='ltr'><strong>pax.</strong></span> <span class='ocrx_word' id='word_1_884' title='bbox 3347 4808 3486 4864; x_wconf 69' lang='lat' dir='ltr'><strong>)Cui</strong></span> 
     </span>
    </p>
   </div>
   <div class='ocr_carea' id='block_1_112' title="bbox 1917 4898 3486 4970">
    <p class='ocr_par' dir='ltr' id='par_1_112' title="bbox 1917 4898 3486 4970">
     <span class='ocr_line' id='line_1_112' title="bbox 1917 4898 3486 4970; baseline 0 -16"><span class='ocrx_word' id='word_1_885' title='bbox 1917 4907 2341 4954; x_wconf 87' lang='lat' dir='ltr'><strong>consentaneum</strong></span> <span class='ocrx_word' id='word_1_886' title='bbox 2365 4902 2608 4969; x_wconf 89' lang='lat' dir='ltr'><strong>estquod</strong></span> <span class='ocrx_word' id='word_1_887' title='bbox 2640 4901 2692 4954; x_wconf 90' lang='lat' dir='ltr'><strong>in</strong></span> <span class='ocrx_word' id='word_1_888' title='bbox 2716 4899 2945 4956; x_wconf 88' lang='lat' dir='ltr'><strong>Psalmis</strong></span> <span class='ocrx_word' id='word_1_889' title='bbox 2971 4902 3162 4970; x_wconf 84' lang='lat' dir='ltr'><strong>legitur</strong></span> <span class='ocrx_word' id='word_1_890' title='bbox 3178 4901 3242 4953; x_wconf 87' lang='lat' dir='ltr'><strong>de</strong></span> <span class='ocrx_word' id='word_1_891' title='bbox 3265 4898 3486 4954; x_wconf 88' lang='lat' dir='ltr'><strong>Christo</strong></span> 
     </span>
    </p>
   </div>
   <div class='ocr_carea' id='block_1_113' title="bbox 1916 4991 3484 5060">
    <p class='ocr_par' dir='ltr' id='par_1_113' title="bbox 1916 4991 3484 5060">
     <span class='ocr_line' id='line_1_113' title="bbox 1916 4991 3484 5060; baseline 0 -14"><span class='ocrx_word' id='word_1_892' title='bbox 1916 4993 2218 5054; x_wconf 86' lang='lat' dir='ltr'><strong>oraculum,</strong></span> <span class='ocrx_word' id='word_1_893' title='bbox 2247 4991 2465 5052; x_wconf 85' lang='lat' dir='ltr'><strong>dicens:</strong></span> <span class='ocrx_word' id='word_1_894' title='bbox 2505 5012 2522 5043; x_wconf 77' lang='grc' dir='ltr'>ι</span> <span class='ocrx_word' id='word_1_895' title='bbox 2555 4991 2772 5048; x_wconf 79' lang='lat' dir='ltr'><strong>Orietur</strong></span> <span class='ocrx_word' id='word_1_896' title='bbox 2795 4994 2852 5046; x_wconf 88' lang='lat' dir='ltr'><strong>in</strong></span> <span class='ocrx_word' id='word_1_897' title='bbox 2890 4993 3078 5047; x_wconf 88' lang='lat' dir='ltr'><strong>diebus</strong></span> <span class='ocrx_word' id='word_1_898' title='bbox 3122 4993 3238 5055; x_wconf 77' lang='lat' dir='ltr'><strong>ejus</strong></span> <span class='ocrx_word' id='word_1_899' title='bbox 3270 4991 3484 5060; x_wconf 88' lang='lat' dir='ltr'><strong>justitia</strong></span> 
     </span>
    </p>
   </div>
   <div class='ocr_carea' id='block_1_114' title="bbox 1915 5085 3483 5158">
    <p class='ocr_par' dir='ltr' id='par_1_114' title="bbox 1915 5085 3483 5158">
     <span class='ocr_line' id='line_1_114' title="bbox 1915 5085 3483 5158; baseline -0.002 -17"><span class='ocrx_word' id='word_1_900' title='bbox 1915 5093 1969 5141; x_wconf 88' lang='lat' dir='ltr'><strong>et</strong></span> <span class='ocrx_word' id='word_1_901' title='bbox 1999 5086 2326 5140; x_wconf 87' lang='lat' dir='ltr'><strong>abundantia</strong></span> <span class='ocrx_word' id='word_1_902' title='bbox 2359 5087 2592 5158; x_wconf 79' lang='lat' dir='ltr'><strong>pacis&quot;.</strong></span> <span class='ocrx_word' id='word_1_903' title='bbox 2623 5107 2639 5137; x_wconf 73' lang='grc' dir='ltr'>ι</span> <span class='ocrx_word' id='word_1_904' title='bbox 2683 5087 2760 5140; x_wconf 82' lang='lat' dir='ltr'><strong>Ex</strong></span> <span class='ocrx_word' id='word_1_905' title='bbox 2798 5102 2905 5156; x_wconf 82' lang='lat' dir='ltr'><strong>quo</strong></span> <span class='ocrx_word' id='word_1_906' title='bbox 2934 5086 3063 5139; x_wconf 88' lang='lat' dir='ltr'><strong>mihi</strong></span> <span class='ocrx_word' id='word_1_907' title='bbox 3098 5085 3309 5138; x_wconf 86' lang='lat' dir='ltr'><strong>videtur</strong></span> <span class='ocrx_word' id='word_1_908' title='bbox 3333 5086 3483 5153; x_wconf 89' lang='lat' dir='ltr'><strong>prin-</strong></span> 
     </span>
    </p>
   </div>
   <div class='ocr_carea' id='block_1_115' title="bbox 1914 5176 3480 5246">
    <p class='ocr_par' dir='ltr' id='par_1_115' title="bbox 1914 5176 3480 5246">
     <span class='ocr_line' id='line_1_115' title="bbox 1914 5176 3480 5246; baseline -0.003 -16"><span class='ocrx_word' id='word_1_909' title='bbox 1914 5191 2041 5246; x_wconf 90' lang='lat' dir='ltr'><strong>ceps</strong></span> <span class='ocrx_word' id='word_1_910' title='bbox 2091 5176 2241 5246; x_wconf 88' lang='lat' dir='ltr'><strong>pacis</strong></span> <span class='ocrx_word' id='word_1_911' title='bbox 2272 5177 2436 5240; x_wconf 89' lang='lat' dir='ltr'><strong>inea,</strong></span> <span class='ocrx_word' id='word_1_912' title='bbox 2488 5192 2608 5246; x_wconf 74' lang='lat' dir='ltr'><strong>quae</strong></span> <span class='ocrx_word' id='word_1_913' title='bbox 2654 5177 2899 5246; x_wconf 78' lang='lat' dir='ltr'><strong>proxime</strong></span> <span class='ocrx_word' id='word_1_914' title='bbox 2931 5182 3174 5244; x_wconf 79' lang='lat' dir='ltr'><strong>exposita</strong></span> <span class='ocrx_word' id='word_1_915' title='bbox 3208 5183 3311 5235; x_wconf 88' lang='lat' dir='ltr'><strong>est,</strong></span> <span class='ocrx_word' id='word_1_916' title='bbox 3352 5189 3480 5243; x_wconf 90' lang='lat' dir='ltr'><strong>pro-</strong></span> 
     </span>
    </p>
   </div>
   <div class='ocr_carea' id='block_1_116' title="bbox 1917 5269 3481 5338">
    <p class='ocr_par' dir='ltr' id='par_1_116' title="bbox 1917 5269 3481 5338">
     <span class='ocr_line' id='line_1_116' title="bbox 1917 5269 3481 5338; baseline -0.003 -15"><span class='ocrx_word' id='word_1_917' title='bbox 1917 5269 2096 5338; x_wconf 87' lang='lat' dir='ltr'><strong>phetia</strong></span> <span class='ocrx_word' id='word_1_918' title='bbox 2129 5269 2420 5322; x_wconf 89' lang='lat' dir='ltr'><strong>nominari.</strong></span> <span class='ocrx_word' id='word_1_919' title='bbox 2455 5270 2839 5324; x_wconf 86' lang='lat' dir='ltr'><strong>Animadverte</strong></span> <span class='ocrx_word' id='word_1_920' title='bbox 2872 5276 3076 5330; x_wconf 86' lang='lat' dir='ltr'><strong>tamen,</strong></span> <span class='ocrx_word' id='word_1_921' title='bbox 3103 5283 3309 5338; x_wconf 66' lang='lat' dir='ltr'><strong>quaeso,</strong></span> <span class='ocrx_word' id='word_1_922' title='bbox 3341 5279 3481 5336; x_wconf 52' lang='lat' dir='ltr'><strong>quo.</strong></span> 
     </span>
    </p>
   </div>
   <div class='ocr_carea' id='block_1_117' title="bbox 1916 5355 3480 5431">
    <p class='ocr_par' dir='ltr' id='par_1_117' title="bbox 1916 5355 3480 5431">
     <span class='ocr_line' id='line_1_117' title="bbox 1916 5355 3480 5431; baseline -0.001 -21"><span class='ocrx_word' id='word_1_923' title='bbox 1916 5375 2039 5411; x_wconf 90' lang='lat' dir='ltr'><strong>nam</strong></span> <span class='ocrx_word' id='word_1_924' title='bbox 2081 5368 2240 5426; x_wconf 88' lang='lat' dir='ltr'><strong>pacto</strong></span> <span class='ocrx_word' id='word_1_925' title='bbox 2275 5359 2321 5414; x_wconf 88' lang='lat' dir='ltr'><strong>is</strong></span> <span class='ocrx_word' id='word_1_926' title='bbox 2359 5359 2427 5414; x_wconf 91' lang='lat' dir='ltr'><strong>de</strong></span> <span class='ocrx_word' id='word_1_927' title='bbox 2464 5377 2574 5430; x_wconf 85' lang='lat' dir='ltr'><strong>quo</strong></span> <span class='ocrx_word' id='word_1_928' title='bbox 2606 5377 2750 5415; x_wconf 92' lang='lat' dir='ltr'><strong>nunc</strong></span> <span class='ocrx_word' id='word_1_929' title='bbox 2792 5362 3003 5431; x_wconf 84' lang='lat' dir='ltr'><strong>agimus</strong></span> <span class='ocrx_word' id='word_1_930' title='bbox 3048 5359 3328 5429; x_wconf 86' lang='lat' dir='ltr'><strong>propheta,</strong></span> <span class='ocrx_word' id='word_1_931' title='bbox 3372 5355 3480 5409; x_wconf 57' lang='lat' dir='ltr'><strong>Do-</strong></span> 
     </span>
    </p>
   </div>
   <div class='ocr_carea' id='block_1_118' title="bbox 1914 5450 3484 5522">
    <p class='ocr_par' dir='ltr' id='par_1_118' title="bbox 1914 5450 3484 5522">
     <span class='ocr_line' id='line_1_118' title="bbox 1914 5450 3484 5522; baseline 0.001 -18"><span class='ocrx_word' id='word_1_932' title='bbox 1914 5451 2120 5504; x_wconf 87' lang='lat' dir='ltr'><strong>minum</strong></span> <span class='ocrx_word' id='word_1_933' title='bbox 2149 5452 2214 5505; x_wconf 89' lang='lat' dir='ltr'><strong>de</strong></span> <span class='ocrx_word' id='word_1_934' title='bbox 2236 5455 2373 5506; x_wconf 75' lang='lat' dir='ltr'><strong>cmlo</strong></span> <span class='ocrx_word' id='word_1_935' title='bbox 2399 5468 2746 5522; x_wconf 75' lang='lat' dir='ltr'><strong>egressurum</strong></span> <span class='ocrx_word' id='word_1_936' title='bbox 2781 5454 2939 5512; x_wconf 85' lang='lat' dir='ltr'><strong>initio</strong></span> <span class='ocrx_word' id='word_1_937' title='bbox 2963 5452 3060 5516; x_wconf 85' lang='lat' dir='ltr'><strong>ait,</strong></span> <span class='ocrx_word' id='word_1_938' title='bbox 3097 5468 3161 5506; x_wconf 86' lang='lat' dir='ltr'><strong>ac</strong></span> <span class='ocrx_word' id='word_1_939' title='bbox 3189 5467 3298 5506; x_wconf 87' lang='lat' dir='ltr'><strong>non</strong></span> <span class='ocrx_word' id='word_1_940' title='bbox 3325 5450 3484 5522; x_wconf 70' lang='lat' dir='ltr'><strong>prius</strong></span> 
     </span>
    </p>
   </div>
   <div class='ocr_carea' id='block_1_119' title="bbox 1840 5544 2912 5620">
    <p class='ocr_par' dir='ltr' id='par_1_119' title="bbox 1840 5544 2912 5620">
     <span class='ocr_line' id='line_1_119' title="bbox 1840 5544 2912 5620; baseline -0.001 -23"><span class='ocrx_word' id='word_1_941' title='bbox 1840 5546 1884 5578; x_wconf 76' lang='grc'>⁷³</span> <span class='ocrx_word' id='word_1_942' title='bbox 1913 5544 2071 5600; x_wconf 81' lang='lat' dir='ltr'><strong>Mich.</strong></span> <span class='ocrx_word' id='word_1_943' title='bbox 2108 5562 2160 5612; x_wconf 87' lang='lat' dir='ltr'><strong>v,</strong></span> <span class='ocrx_word' id='word_1_944' title='bbox 2195 5545 2247 5608; x_wconf 63' lang='grc'>4,</span> <span class='ocrx_word' id='word_1_945' title='bbox 2281 5545 2332 5598; x_wconf 81' lang='lat'><strong>5.</strong></span> <span class='ocrx_word' id='word_1_946' title='bbox 2407 5547 2451 5577; x_wconf 78' lang='grc'><strong>⁵⁸</strong></span> <span class='ocrx_word' id='word_1_947' title='bbox 2488 5545 2628 5600; x_wconf 85' lang='lat' dir='ltr'><strong>Psal.</strong></span> <span class='ocrx_word' id='word_1_948' title='bbox 2660 5561 2826 5620; x_wconf 65' lang='grc' dir='ltr'><strong>ιχχι,</strong></span> <span class='ocrx_word' id='word_1_949' title='bbox 2859 5548 2912 5600; x_wconf 83' lang='grc' dir='ltr'><strong>Ἷ.</strong></span> 
     </span>
    </p>
   </div>
   <div class='ocr_carea' id='block_1_120' title="bbox 314 5632 1830 5716">
    <p class='ocr_par' dir='ltr' id='par_1_120' title="bbox 314 5632 1830 5706">
     <span class='ocr_line' id='line_1_120' title="bbox 314 5632 1830 5706; baseline 0.003 -18"><span class='ocrx_word' id='word_1_950' title='bbox 314 5636 363 5704; x_wconf 81' lang='lat' dir='ltr'><strong>(I</strong></span> <span class='ocrx_word' id='word_1_951' title='bbox 375 5665 392 5705; x_wconf 83' lang='lat'><strong>,</strong></span> <span class='ocrx_word' id='word_1_952' title='bbox 414 5632 456 5686; x_wconf 84' lang='grc' dir='ltr'>Τ</span> <span class='ocrx_word' id='word_1_953' title='bbox 464 5636 899 5706; x_wconf 81' lang='lat' dir='ltr'><strong>ypographorum</strong></span> <span class='ocrx_word' id='word_1_954' title='bbox 933 5637 1146 5693; x_wconf 89' lang='lat' dir='ltr'><strong>incuria</strong></span> <span class='ocrx_word' id='word_1_955' title='bbox 1177 5636 1520 5697; x_wconf 84' lang='lat' dir='ltr'><strong>intercidisse</strong></span> <span class='ocrx_word' id='word_1_956' title='bbox 1551 5638 1768 5697; x_wconf 88' lang='lat' dir='ltr'><strong>videtur</strong></span> <span class='ocrx_word' id='word_1_957' title='bbox 1791 5657 1830 5693; x_wconf 89' lang='grc' dir='ltr'><strong>τ·</strong></span> 
     </span>
    </p>
   </div>
   <div class='ocr_carea' id='block_1_121' title="bbox 1935 5632 3058 5716">
    <p class='ocr_par' dir='ltr' id='par_1_121' title="bbox 1938 5635 3058 5716">
     <span class='ocr_line' id='line_1_121' title="bbox 1938 5635 3058 5716; baseline -0.004 -24"><span class='ocrx_word' id='word_1_958' title='bbox 1938 5636 2082 5708; x_wconf 87' lang='lat' dir='ltr'><strong>quod</strong></span> <span class='ocrx_word' id='word_1_959' title='bbox 2114 5635 2381 5693; x_wconf 79' lang='lat' dir='ltr'><strong>referatur</strong></span> <span class='ocrx_word' id='word_1_960' title='bbox 2414 5637 2481 5692; x_wconf 89' lang='lat' dir='ltr'><strong>ad</strong></span> <span class='ocrx_word' id='word_1_961' title='bbox 2508 5636 3058 5716; x_wconf 40' lang='grc' dir='ltr'>παρουσεαηλωιτ.</span> 
     </span>
    </p>
   </div>
  </div>
