3916 6200
221 177 316 236 5ίῦ
1085 173 1748 231 DEMONSTRATIONIS
1787 173 2248 230 EVANGELICAS
2290 174 2418 230 LIB.
2463 174 2579 244 νη,

3353 183 3459 240 ista
3535 168 3537 170 ’

223 314 370 370 μενον
396 294 530 347 Θεὸν
557 292 976 365 προελεύσεσθαι
1011 293 1366 364 σημαίνουσα.
1406 293 1575 346 Τοῦτο
1608 293 1663 346 δὲ
1689 289 1770 346 οῦκ

1886 290 2037 344 illum
2072 289 2266 354 Deum,
2296 291 2390 360 qui
2421 289 2711 345 nuntiatur
2739 298 3028 359 venturus,
3055 295 3123 352 de
3143 294 3458 358 Bethlehem

217 387 340 442 αὐτὸ
391 388 484 441 καὶ
525 389 554 440 ό
603 385 788 452 Δαϐὶδ,
835 385 1096 457 πρότερον
1140 386 1236 456 μὲν
1277 385 1510 453 ἀγνοῶν,
1562 383 1780 454 εὔχεται

217 481 359 555 παρὰ
399 479 491 534 τοῦ
537 479 670 534 Θεοῦ
719 478 928 550 μαθεῖν,
969 476 1065 532 εἶτ’
1108 477 1404 550 εὐξάμενος
1445 478 1776 531 παιδεύεται.

227 573 433 644 Ἐπειδὴ
456 573 564 643 γὰρ
585 571 847 643 τετύχηκε
873 571 1120 642 χρησμοῦ
1153 571 1243 624 τοῦ
1271 570 1406 642 πρὸς
1433 571 1593 624 αὑτὸν
1622 571 1679 623 ἐν
1702 570 1781 642 τῷ

438 667 729 738 φήσαντος,
771 684 788 715 ι
833 665 927 717 Ἐκ
959 663 1170 734 καρποῦ
1201 665 1299 734 τῆς
1329 663 1534 726 κοιλίας
1570 680 1661 716 σου
1688 663 1780 735 θή-

219 777 369 830 σομαι
405 761 497 812 ἐπὶ
531 759 621 812 τὸν
650 758 836 830 θρόνον
864 776 979 822 σου,
1021 779 1038 809 ι
1078 759 1172 812 καὶ
1203 755 1380 821 αὖθις,
1433 777 1450 810 ι
1502 759 1649 812 Ἐκεῖ
1693 757 1779 825 ἐξ·

214 852 445 906 ανατελῶ
471 853 638 922 κέρας
661 850 739 921 τῷ
751 850 929 913 Δαϐὶδ,
953 851 1223 921 ήτοίμασα
1249 851 1440 921 λύχνον
1461 850 1538 921 τῷ
1560 850 1778 923 Χριστῷ

218 963 332 1016 μου,
365 965 383 996 ι
415 944 642 1006 εἰκότως
677 943 1005 1014 προσπίπτει
1035 942 1112 1013 τῷ
1145 941 1283 1014 Θεῷ,
1320 943 1414 996 καὶ
1452 943 1776 1014 προσπεσὼν

213 1035 293 1088 ἐπ’
323 1035 554 1102 ἐδάφους
592 1032 897 1085 ποτνιᾶται·
953 1031 1047 1083 ἐπὶ
1099 1030 1257 1083 πλέον
1302 1030 1357 1082 δὲ
1387 1032 1453 1100 τῇ
1500 1032 1774 1101 προσευχῇ

213 1124 627 1202 προσκαρτερῶν
654 1123 844 1194 δμνυσι
876 1121 953 1192 τῷ
981 1121 1119 1193 Θεῷ,
1158 1121 1232 1193 μὴ
1260 1121 1520 1194 πρότερον
1550 1121 1779 1174 εἰσελεύ-

213 1219 392 1273 σεσθαι
433 1219 510 1280 εἰς
557 1217 816 1286 σκήνωμα
849 1215 999 1266 οἴκου
1039 1212 1226 1275 αὑτοῦ,
1270 1213 1404 1284 μηδὲ
1445 1211 1634 1266 δώσειν
1664 1215 1776 1277 τοῖς

210 1309 498 1381 ὀφθαλμοῖς
547 1309 709 1362 αὐτοῦ
758 1308 942 1369 ῦπνον,
994 1306 1088 1359 καὶ
1132 1308 1243 1369 τοῖς
1282 1305 1570 1377 βλεφάροις
1609 1304 1774 1358 αὐτοῦ

209 1403 528 1472 νυσταγμὸν,
573 1401 704 1472 μηδὲ
745 1398 1108 1469 ἀναϐήσεσθαι
1141 1399 1233 1450 ἐπὶ
1267 1397 1452 1468 κλίνης
1487 1397 1776 1468 στρωμνῆς

210 1495 396 1558 αὐτοῦ,
429 1494 638 1547 κεῖσθαι
663 1493 719 1545 δὲ
751 1493 926 1562 χαμαὶ
960 1490 1390 1568 προσκυνοῦντα,
1427 1491 1520 1543 καὶ
1549 1487 1776 1542 ποτνιώ-

210 1602 400 1656 μενον,
434 1583 540 1636 ἐστ’
573 1583 636 1636 ἂν
666 1582 797 1653 εὕρῃ
830 1583 992 1634 τόπον
1026 1579 1102 1651 τῷ
1135 1581 1342 1651 Κυρίῳ,
1380 1580 1473 1633 καὶ
1509 1580 1774 1650 σκήνωμα

1883 399 2306 455 progressurum
2343 383 2637 455 significat.
2692 387 2873 456 Ipsum
2933 387 3037 442 hoc
3088 391 3253 460 igitur
3289 389 3460 447 David

1883 493 2122 547 quoque,
2154 477 2314 547 prius
2361 477 2580 547 quidem
2614 477 2900 548 ignorans,
2931 490 3083 552 optat
3125 484 3342 542 discere
3391 485 3459 541 ab

1884 566 2002 635 ipso
2035 565 2162 629 Deo,
2195 574 2310 619 tum
2347 581 2477 620 vero
2517 567 2607 620 ubi
2651 570 2857 637 optavit
2899 582 3136 642 votoque
3184 576 3455 644 poposcit,

1886 658 1939 712 id
1976 659 2154 728 ipsum
2182 658 2445 721 docetur,
2477 657 2638 730 347
2671 658 2965 730 Postquam
2995 664 3141 718 enim
3174 666 3457 719 oraculum

1887 753 2122 820 accepit,
2151 750 2295 820 quod
2330 749 2396 804 ad
2428 751 2605 820 ipsum
2645 751 2698 804 in
2731 755 2942 822 psalmo
2973 756 3085 820 ait,
3125 775 3144 806 ι
3177 755 3250 811 De
3276 757 3458 811 fructu

1879 845 2086 899 ventris
2117 844 2196 896 tui
2228 858 2426 913 ponam
2458 859 2622 912 super
2649 845 2830 898 sedem
2877 854 3061 912 tuam;
3089 863 3122 900 ι·
3147 856 3201 903 et
3239 864 3454 913 rursus,

1888 953 1906 984 ι
1937 933 2067 989 llluc
2111 935 2410 1004 producam
2453 950 2624 989 cornu
2683 934 2880 1000 David,
2936 939 3124 1008 paravi
3171 941 3456 994 lucernam

1879 1029 2102 1084 Christo
2135 1043 2278 1092 meo,
2312 1047 2331 1081 ι
2384 1027 2584 1082 merito
2632 1029 2944 1098 procumbit
2984 1031 3088 1101 ipsi
3122 1029 3252 1095 Deo.
3292 1041 3459 1102 atque

1883 1121 1954 1172 ita
1991 1119 2202 1173 haerens
2227 1120 2365 1182 solo,
2394 1119 2669 1189 supplicat
2693 1128 2748 1174 et
2779 1130 3072 1190 precatur:
3104 1123 3320 1193 longius
3352 1139 3453 1178 au-

1882 1217 1988 1263 tem
2021 1209 2478 1280 constantiusque
2519 1209 2576 1264 in
2615 1210 2863 1266 oratione
2899 1227 3278 1282 perseverans,
3307 1214 3458 1284 jurat

1881 1299 2012 1363 Dco.
2067 1317 2175 1356 non
2219 1303 2373 1371 prius
2426 1318 2486 1359 se
2535 1305 2912 1375 ingressurum
2957 1305 3012 1360 in
3045 1308 3457 1361 tabernaculum

1879 1391 2075 1446 domus
2107 1407 2240 1456 suae,
2271 1407 2449 1462 neque
2493 1392 2748 1448 daturum
2790 1395 2968 1450 oculis
3010 1396 3127 1450 suis
3175 1410 3451 1459 somnum,

1878 1489 1930 1535 et
1957 1482 2232 1551 palpebris
2255 1483 2372 1538 suis
2395 1483 2860 1550 dormitationem,
2892 1495 3070 1558 neque
3092 1503 3452 1543 ascensurum

1879 1574 1932 1626 in
1983 1574 2180 1627 lectum
2213 1575 2368 1628 strati
2416 1577 2524 1640 sui,
2563 1577 2712 1632 humi
2739 1586 2970 1633 stratum
3006 1580 3234 1650 soloque
3265 1580 3452 1635 adhae-

207 1677 282 1748 τῷ
315 1676 431 1746 Θεῷ
467 1675 680 1735 Ἰακὼϐ,
715 1673 858 1726 τοῦτ’
885 1673 1026 1726 ἔστιν
1049 1673 1152 1738 ’ἐως
1176 1671 1240 1726 ἂν
1263 1671 1430 1744 μάθῃ,
1455 1671 1546 1724 τοῦ
1570 1672 1770 1744 Κυρίου

1879 1671 2108 1728 rentem,
2140 1681 2314 1736 eoque
2364 1668 2526 1722 modo
2582 1671 2901 1724 adorantem
2951 1689 3013 1726 ac
3055 1674 3455 1743 supplicantem

210 1767 612 1840 φανερώσαντος
647 1765 813 1836 αύτῷ,
839 1764 936 1835 τὴν
959 1765 1168 1833 γένεσιν
1195 1765 1286 1819 τοῦ
1311 1763 1567 1837 Χριστοῦ·
1605 1762 1770 1828 εὐξά-

211 1876 364 1932 μενος
395 1857 472 1920 δὲ,
509 1859 601 1910 καὶ
641 1855 860 1909 τοιαῦτα
882 1853 1082 1923 γνῶναι
1118 1855 1381 1925 ποθήσας,
1418 1854 1517 1906 οὐκ
1549 1855 1627 1916 είς
1665 1871 1771 1924 μα·

205 1951 340 2021 κρᾶν
365 1948 442 2019 τῷ
475 1948 603 2019 θείῳ
639 1947 914 2017 Πνεύματι
936 1945 1004 1999 τὰ
1033 1946 1291 2016 μέλλοντα
1315 1943 1533 1999 ἔσεσθαι
1557 1944 1769 2018 θεωρεῖ,

204 2039 295 2094 τοῦ
314 2038 448 2092 Θεοῦ
482 2041 591 2101 τοῖς
623 2037 840 2099 οἰκείοις
867 2035 1330 2106 ἐπαγγειλαμένου
1357 2035 1436 2089 ἔτι
1465 2052 1528 2104 γε
1553 2035 1774 2089 λαλούν-

201 2147 305 2184 των
338 2127 752 2182 ὲπακούσεσθαι.
814 2125 1202 2190 Ἐπακουσθεὶς
1246 2126 1380 2198 δῆτα
1427 2125 1772 2191 καταξιοῦται

202 2220 444 2293 χρησμοῦ
479 2220 574 2290 τὴν
607 2218 848 2290 Βηθλεὲμ
871 2217 1264 2286 ἐπιφωνοῦντος
1289 2218 1453 2289 αὐτῷ,
1481 2217 1556 2282 ὡς
1585 2218 1652 2272 ἂν
1685 2221 1770 2271 ἐν-

203 2314 324 2368 θὰδε
356 2313 515 2366 τοῦτό
547 2329 648 2366 που
677 2310 770 2364 τοῦ
807 2310 1034 2383 Κυρίου,
1062 2311 1270 2364 καὶτοῦ
1296 2310 1649 2383 σκηνώματός
1679 2311 1770 2364 τοῦ

200 2405 330 2460 θεοῦ
396 2404 588 2459 Ἰακὼϐ
636 2402 1055 2473 συστησομένου.
1113 2403 1297 2456 Ταῦτα
1341 2403 1630 2474 τοιγαροῦν
1676 2403 1771 2456 τοῦ

199 2498 341 2553 θείου
385 2498 697 2569 Πνεύματος
729 2499 786 2552 ὲν
827 2496 973 2568 αύτῷ
1007 2495 1382 2558 θεσπίσαντος,
1411 2495 1572 2558 αὐτὸς
1605 2494 1770 2548 αὑτοῦ

196 2590 505 2652 ἐπακούσας
554 2589 812 2656 ἐπιλέγει·
875 2607 893 2639 ι
948 2588 1075 2641 Ἰδοὺ
1123 2586 1434 2656 ἠκούσαμεν
1490 2585 1656 2657 αὐτὴν
1714 2588 1771 2638 ὲν

207 2682 468 2754 Ἐφραθά.
501 2699 519 2732 ι
557 2680 801 2752 Ἐφραθὰ
833 2681 889 2734 δὲ
921 2683 953 2751 ἡ
989 2680 1123 2751 αὐτή
1159 2681 1274 2732 ἐστι
1307 2681 1370 2750 τῇ
1406 2678 1670 2748 Βηθλεὲμ,
1697 2679 1768 2744 ὼς

193 2773 353 2844 δῆλόν
389 2774 499 2824 ἐστι
532 2770 640 2824 ἀπὸ
673 2771 768 2841 τῆς
802 2769 1090 2832 Γενὲσεως,
1127 2769 1254 2822 ἔνθα
1285 2769 1529 2840 περὶτῆς
1573 2771 1772 2842 Ῥαχὴλ

195 2866 443 2936 εἴρηται,
503 2865 584 2916 ὅτι
635 2883 652 2915 ι
688 2860 932 2930 Ἔθαψαν
985 2861 1150 2932 αὐτὴν
1211 2864 1268 2914 ὲν
1319 2860 1395 2932 τῷ
1451 2863 1771 2932 ἱπποδρόμῳ

203 2953 473 3026 .Εφραθὰ,
508 2954 648 3025 αῦτη
683 2954 800 3006 ἐστὶ
833 2953 1104 3023 Βηθλεέμ.
1145 2972 1164 3004 ι
1204 2954 1314 3005 Καὶ
1349 2955 1382 3024 ὴ
1426 2953 1531 3025 πρὸ
1566 2953 1769 3026 ταύτης

1878 1771 2224 1820 mansurum,
2255 1758 2430 1814 donec
2465 1760 2706 1816 inveniat
2761 1763 2938 1816 locum
2985 1763 3238 1828 Domino,
3269 1771 3324 1819 et
3365 1774 3452 1819 ta-

1878 1849 2234 1904 bernaculum
2295 1853 2405 1905 Deo
2466 1851 2656 1918 Jacob,
2705 1855 2806 1909 hoc
2881 1863 2986 1918 est,
3029 1856 3206 1910 donec
3254 1856 3453 1921 discat,

1879 1937 2112 1994 Domino
2144 1943 2251 1996 sibi
2285 1943 2586 2012 indicante,
2618 1945 2795 2015 ipsius
2828 1945 3030 2002 Christi
3063 1957 3281 2005 ortum:
3327 1966 3455 2006 cum

1877 2039 2054 2084 autem
2089 2041 2218 2085 voto
2249 2032 2301 2086 id
2333 2035 2688 2102 postulasset,
2727 2044 2781 2090 et
2811 2037 2937 2091 talia
2976 2053 3311 2109 cognoscere
3353 2057 3453 2096 ex—

1879 2121 2182 2190 petivisset,
2218 2123 2361 2177 haud
2396 2125 2467 2178 ita
2503 2128 2674 2180 multo
2708 2136 2854 2197 post,
2911 2145 3034 2199 qua;
3067 2130 3248 2186 futura
3295 2143 3454 2188 erant

1875 2211 2060 2266 divino
2090 2213 2368 2270 iudicante
2403 2215 2607 2286 Spiritu
2641 2221 3065 2287 contemplatur,
3098 2224 3300 2293 quippe
3325 2240 3450 2279 cum

1875 2305 1994 2359 suis
2016 2304 2158 2360 Deus
2189 2307 2469 2376 pollicitus
2499 2309 2590 2374 sit,
2623 2326 2683 2366 se
2712 2314 2948 2382 amplius
2973 2314 3262 2384 loquentes
3282 2329 3452 2371 exau-

1875 2397 2138 2454 diturum-.
2176 2400 2364 2470 Itaque
2401 2402 2479 2456 illi
2513 2403 2566 2456 in
2592 2405 2737 2458 hunc
2765 2407 2986 2460 modum
3021 2408 3300 2474 exaudito,
3333 2424 3457 2464 ora-

1874 2491 2058 2544 culum
2088 2491 2356 2557 redditur,
2411 2509 2522 2563 quo
2574 2495 2702 2564 ipsa
2739 2495 3053 2552 Bethleltem
3101 2499 3450 2568 inclamatur,

1873 2590 2132 2652 tanquam
2169 2583 2281 2639 illic
2312 2584 2471 2639 locus
2504 2584 2755 2646 Domino,
2792 2597 2846 2641 et
2887 2589 3305 2644 tabernaculum
3337 2590 3448 2645 Deo

1873 2671 2043 2728 Jacob
2063 2677 2452 2732 constituenda
2504 2678 2633 2733 sint.
2705 2677 2830 2734 lltec
2875 2680 3042 2751 igitur
3088 2681 3182 2736 ubi
3229 2683 3450 2738 divinus

1876 2769 2114 2837 Spiritus
2142 2771 2285 2842 apud
2316 2786 2374 2826 se
2409 2772 2592 2840 ipsum
2615 2771 2838 2837 cecinit,
2869 2773 2984 2842 ipse
3007 2775 3251 2844 seipsum
3283 2789 3454 2830 exau-

1874 2857 2032 2914 diens
2081 2861 2352 2931 adjungit,
2385 2881 2402 2912 ι
2440 2861 2579 2916 Ecce
2607 2862 2922 2920 audivimus
2944 2880 3062 2919 eam
3095 2865 3149 2919 in
3179 2865 3448 2937 Ephrat‘a:

1881 2966 1902 2998 ι
1931 2948 2167 3018 Ephrata
2199 2966 2332 3006 vero
2381 2953 2572 3007 eadem
2623 2961 2707 3008 est
2745 2962 2798 3008 et
2833 2953 3147 3010 Dethlchem
3175 2972 3190 3022 ;
3223 2957 3365 3012 sicut
3395 2957 3450 3011 in

192 3046 248 3096 δὲ
282 3048 523 3116 περιεῖχε
558 3045 881 3117 προφητεία·
917 3063 935 3095 ι
969 3043 1080 3096 Καὶ
1114 3044 1200 3106 σὺ,
1236 3043 1482 3114 Βηθλεὲμ
1507 3039 1652 3108 οἶκος
1677 3046 1768 3098 τοῦ

1876 3044 2076 3099 Genesi
2127 3052 2366 3108 constat,
2405 3043 2498 3100 ubi
2553 3045 2622 3100 de
2651 3045 2854 3102 Rachel
2899 3047 3110 3102 dictum
3159 3057 3285 3106 est:
3322 3069 3341 3102 ι
3387 3050 3451 3106 Ει

204 3136 467 3206 Ἑφραθᾶ.
505 3157 624 3186 ι-ι
651 3137 802 3199 Ἰδοὺ,
831 3137 1014 3208 φησὶν,
1044 3156 1061 3186 ι
1094 3135 1404 3206 ἠκούσαμεν
1421 3137 1606 3207 αὑτήν·
1635 3157 1651 3188 ι
1678 3137 1771 3208 δῆ-

189 3230 282 3281 λον
316 3230 362 3282 δ’
394 3230 474 3281 ὅτι
508 3228 604 3300 τὴν
634 3227 725 3280 τοῦ
756 3225 990 3299 Χριστοῦ
1022 3227 1255 3296 γένεσιν,
1283 3227 1376 3279 καὶ
1403 3225 1499 3296 τὴν
1521 3226 1614 3279 τοῦ
1637 3227 1769 3280 Θεοῦ

204 3320 400 3374 Ἰακὼϐ
434 3322 864 3391 κατασκήνωσιν.
912 3319 1069 3371 Ποῖον
1101 3318 1143 3370 δ’
1195 3318 1260 3372 ἂν
1297 3317 1380 3390 εἴη
1417 3318 1474 3371 τὸ
1511 3321 1774 3390 σκήνωμα

188 3413 288 3466 τοῦ
333 3412 468 3466 Θεοῦ
522 3411 717 3466 Ἰακὼϐ
755 3412 788 3483 ἢ
819 3413 878 3465 τὸ
911 3411 1068 3482 σῶμα
1099 3410 1192 3464 τοῦ
1227 3411 1463 3482 Χριστοῦ
1502 3411 1562 3464 τὸ
1606 3413 1662 3463 ὲν
1696 3410 1773 3481 τῷ

189 3507 346 3576 τόπῳ
375 3506 472 3576 τῆς
501 3505 746 3576 Βηθλεὲμ
771 3504 1196 3576 γεγεννημένον;
1221 3505 1277 3556 ἐν
1303 3497 1346 3572 ᾧ
1373 3505 1446 3568 ὼς
1469 3506 1525 3556 ὲν
1559 3503 1771 3575 σκηνώ-

192 3617 350 3671 ματι,
397 3601 430 3670 ἡ
475 3598 664 3669 θεότης
694 3597 788 3651 τοῦ
833 3595 1165 3666 Μονογενοῦς
1206 3597 1608 3667 κατεσκήνωσε.
1661 3595 1770 3665 Ούχ

191 3689 386 3754 ἁπλῶς
423 3690 480 3742 δὲ
534 3687 691 3753 Θεοῦ,
741 3687 877 3742 ἀλλὰ
931 3687 1069 3758 μετὰ
1113 3686 1429 3757 προσθήκης
1481 3686 1577 3757 τῆς
1623 3705 1639 3736 ι
1679 3685 1770 3738 τοῦ

189 3782 329 3835 Θεοῦ
380 3780 592 3844 Ἰακὼϐ,
634 3801 651 3832 ι
687 3781 904 3850 λέγεται
934 3781 994 3833 τὸ
1021 3781 1285 3851 σκήνωμα
1318 3778 1474 3844 εἶναι,
1500 3779 1588 3833 διὰ
1612 3780 1671 3832 τὸ
1695 3779 1768 3850 μή

186 3874 320 3927 ἄλλο
343 3869 556 3926 εἶναιτὸ
578 3873 862 3945 σκηνῶσαν
898 3875 954 3926 ὲν
993 3871 1140 3942 αὐτῷ
1171 3873 1202 3943 ἢ
1238 3873 1326 3924 τὸν
1358 3872 1436 3942 τῷ
1482 3871 1674 3924 Ἰακὼϐ
1711 3875 1769 3925 ἐν

188 3963 485 4035 ἀνθρώπου
517 3963 645 4016 εἴδει
681 3963 773 4017 κατ⁹
808 3961 1291 4035 σχήματιόφθέντα
1320 3963 1472 4026 Θεὸν,
1499 3963 1564 4015 δι’
1595 3963 1652 4015 ὃν
1675 3965 1768 4016 καὶ

183 4052 290 4122 τῆς
327 4054 421 4105 ἐπὶ
443 4052 518 4124 τῷ
534 4054 748 4125 Ἰσραὴλ
769 4055 1152 4124 προσωνυμίαις
1174 4053 1402 4127 ἠξιώθη,
1425 4055 1578 4123 δρῶν
1600 4057 1765 4109 θεόν.

178 4145 354 4198 τοῦτο
382 4145 490 4217 γὰρ
515 4145 874 4217 ἑρμηνεύεται
893 4145 954 4198 τὸ
975 4145 1142 4216 ὄνομα
1173 4143 1647 4217 προσαγορευθείς·
1671 4146 1768 4199 οῦκ

181 4239 353 4291 ἄλλον
373 4238 428 4290 δὲ
453 4238 581 4291 ὄντα
613 4237 704 4291 τοῦ
728 4237 861 4291 Θεοῦ
888 4239 1060 4307 Λόγου
1090 4236 1179 4291 τὸν
1213 4237 1289 4308 τῷ
1325 4237 1514 4292 Ἰακὼϐ
1537 4231 1769 4307 ὀφθέντα

179 4336 242 4385 ἐν
278 4334 396 4395 τοῖς
444 4330 678 4403 πρώτοις
717 4331 816 4400 τῆς
863 4331 999 4402 μετὰ
1043 4335 1232 4402 χεῖρας
1276 4331 1582 4394 ὑποθέσεως
1629 4349 1768 4403 παρ-

1871 3139 2209 3207 sepelierunt
2264 3153 2382 3192 eam
2414 3137 2470 3192 in
2513 3138 2876 3208 hippodromo
2933 3140 3193 3212 Ephrata,
3227 3144 3340 3198 haec
3367 3154 3452 3199 est

1871 3227 2186 3282 Bethlehem
2211 3228 2279 3282 ⁸⁵.
2374 3228 2482 3281 iEt
2535 3232 2787 3300 superior
2853 3232 3139 3300 prophetia
3213 3233 3452 3289 habebat

1876 3318 2045 3374 illud:
2079 3338 2104 3370 ι-
2120 3318 2188 3372 Et
2217 3327 2278 3373 tu.
2301 3319 2612 3376 Bethlehem
2642 3323 2838 3379 domus
2863 3323 3274 3393 EphrataJ—i
3292 3325 3447 3390 Ecce,

1881 3409 2081 3480 inquit,
2133 3409 2445 3465 audivimus
2478 3426 2596 3465 eam
2647 3413 2729 3466 Im:
2771 3433 2788 3464 ι
2819 3423 3035 3468 constat
3089 3425 3268 3470 autem
3305 3416 3450 3486 quod

1872 3517 1969 3570 per
1997 3501 2138 3555 illud.
2173 3517 2293 3556 eam
2327 3501 2534 3558 Christi
2565 3504 2834 3573 originem
2867 3506 3142 3575 intelligit,
3173 3515 3230 3562 et
3274 3510 3450 3580 ipsius

1871 3594 1964 3648 Dei
1989 3593 2179 3657 Iacob,
2216 3593 2630 3648 habitationem.
2672 3595 2776 3650 Sed
2795 3613 2916 3666 quat
2943 3599 3159 3652 tandem
3188 3600 3302 3654 haec
3330 3600 3448 3656 fue-

1869 3690 1941 3742 rit
1973 3688 2239 3742 habitatio
2284 3687 2374 3743 Dei
2402 3686 2594 3756 Jacob,
2629 3689 2734 3744 nisi
2764 3690 2938 3760 ipsius
2976 3691 3181 3748 Christi
3213 3709 3440 3764 corpus,

1871 3781 2016 3850 quod
2079 3780 2134 3834 in
2189 3778 2502 3834 Beuilehem
2554 3787 2740 3832 natum
2787 3787 2891 3846 est,
2925 3781 2978 3833 in
3029 3797 3139 3851 quo
3183 3791 3444 3854 tauquam

1871 3869 1924 3922 in
1957 3869 2333 3932 tabernaculo,
2367 3868 2514 3922 unici
2549 3867 2642 3922 lilii
2673 3867 2940 3923 divinitas
2971 3871 3277 3927 habitavit?
3329 3873 3444 3930 Ca,-

1880 3971 2058 4016 terum
2109 3975 2220 4013 non
2279 3959 2604 4030 simpliciter
2646 3958 2764 4020 Dei,
2817 3962 2914 4016 sed
2969 3977 3092 4016 cum
3146 3965 3444 4025 additione.

1876 4072 1895 4104 ι
1921 4052 2014 4107 Dei
2039 4051 2267 4106 Jacob‘”
2307 4070 2324 4101 ι
2356 4053 2772 4106 tabernaculum
2800 4068 2923 4118 esse
2937 4053 3161 4117 dicitur,
3197 4063 3447 4125 propter-

1870 4160 1933 4198 ea
1985 4143 2130 4214 quod
2163 4157 2272 4197 non
2319 4143 2468 4198 aliud
2511 4143 2581 4198 sit
2611 4145 2922 4214 quidquam.
2944 4146 3092 4215 quod
3125 4147 3178 4201 in
3220 4147 3314 4200 illo
3341 4147 3444 4201 lia-

1870 4236 2026 4299 bitet,
2065 4251 2228 4306 quam
2263 4235 2309 4290 is
2337 4233 2480 4290 Deus
2509 4238 2604 4306 qui
2641 4237 2748 4307 ipsi
2775 4236 2947 4293 Jacob
2971 4239 3026 4292 in
3057 4238 3295 4295 hominis
3321 4255 3444 4308 spe-

1871 4331 1954 4384 cie
1985 4344 2048 4384 ac
2085 4329 2256 4398 ﬁgura
2287 4329 2366 4383 sit.
2383 4330 2556 4385 visus.
2591 4331 2766 4400 Cujus
2794 4348 2927 4388 sane
2952 4333 3127 4402 gratia
3154 4333 3252 4387 illo.
3279 4335 3442 4388 etiam

179 4426 524 4496 εστήσαμεν.
573 4422 810 4495 Ἐδείχθη
843 4423 1128 4495 τοιγαροῦν
1163 4423 1239 4494 τῷ
1271 4425 1436 4486 Δαϐὶδ
1465 4424 1764 4495 εὐξαμένῳ,

1875 4421 2199 4491 cognomine
2258 4419 2421 4476 Israel
2449 4422 2648 4491 dignus
2696 4431 2782 4479 est
2833 4425 3074 4492 habit-us,
3109 4433 3374 4495 tanquam
3397 4429 3446 4479 is

179 4516 284 4570 καὶ
323 4515 620 4586 ποθήσαντι
644 4515 734 4568 τοῦ
762 4515 963 4586 Κυρίου
989 4516 1083 4568 καὶ
1105 4516 1237 4568 Θεοῦ
1274 4514 1466 4569 Ἰακὼϐ
1487 4515 1578 4568 τὸν
1603 4516 1766 4569 τόπον

178 4608 285 4660 καὶ
328 4606 390 4659 τὸ
432 4607 692 4678 σκήνωμα
725 4606 926 4678 εὑρεῖν,
969 4608 997 4658 ὁ
1029 4608 1120 4660 ἐπὶ
1163 4606 1262 4676 τῆς
1296 4605 1538 4677 Βηθλεὲμ
1583 4607 1764 4670 τόπος·

180 4699 383 4769 διόπερ
413 4696 599 4761 εἰπὼν,
630 4718 647 4749 ι
686 4699 814 4752 Ἰδοὺ
837 4697 1147 4769 ἠκούσαμεν
1169 4697 1334 4768 αὐτὴν
1365 4700 1422 4750 ἐν
1454 4698 1713 4769 Ἐφραθὰ,
1741 4719 1760 4752 ι

182 4793 446 4864 ἐπιφέρει
477 4791 668 4859 λέγων·
711 4811 726 4840 ι
753 4791 1222 4861 Ιιροσκυνήσωμεν
1256 4793 1333 4853 εἰς
1367 4791 1455 4843 τὸν
1489 4791 1652 4844 τόπον
1703 4784 1764 4845 οῦ

181 4885 429 4952 ἔστησαν
468 4884 517 4934 oi
559 4881 714 4944 πόδες
743 4880 924 4934 αὑτοῦ.
959 4900 976 4931 ι
1008 4880 1202 4951 Σαφῶς
1240 4881 1527 4952 τοιγαροῦν
1574 4883 1668 4935 καὶ
1708 4885 1766 4937 εν

178 4972 404 5035 τούτοις
431 4974 487 5025 ὲν
518 4974 581 5042 τῇ
624 4971 887 5044 Ἐφραθὰ,
918 4971 1038 5042 ἥτις
1071 4971 1218 5024 ἐστὶν
1255 4973 1288 5042 ή
1317 4970 1579 5044 Βηθλεὲμ,
1605 4973 1767 5039 αὐτὸς

179 5065 213 5117 ὁ
245 5061 458 5133 Κύριος
481 5063 574 5115 καὶ
603 5061 732 5126 Θεὸς
769 5061 962 5115 Ἰακὼϐ
993 5060 1153 5114 τόπον
1183 5061 1358 5130 ἑαυτῷ
1383 5063 1474 5114 καὶ
1504 5065 1767 5135 σκήνωμα

181 5153 554 5226 συστήσεσθαι
578 5153 995 5224 προεφήτεύετο,
1020 5153 1314 5224 ὁμοφώνως
1334 5154 1398 5224 τῇ
1423 5153 1513 5206 τοῦ
1533 5155 1763 5226 Μιχαίου

181 5247 499 5321 προφητείᾳ
544 5247 793 5319 φησάσῃ·
853 5266 870 5298 ι
900 5246 1010 5301 Καὶ
1056 5246 1142 5309 σὺ,
1203 5244 1447 5316 Βηθλεὲμ
1484 5242 1627 5310 οἶκος
1670 5248 1762 5302 τοῦ

191 5341 469 5411 Ἐφραθὰ,
505 5343 570 5394 ὲκ
599 5341 692 5393 σοῦ
730 5358 816 5412 μοι
851 5339 1188 5407 ἐξελεύσεται
1229 5340 1548 5412 ἡγούμενος,
1586 5343 1679 5395 καὶ
1705 5343 1763 5396 αἱ

178 5433 362 5500 ἐξοδοι
409 5433 572 5487 αὑτοῦ
605 5433 698 5488 ἀπ’
737 5433 910 5507 ἀρχῆς
942 5433 1001 5499 ἐξ
1038 5432 1260 5506 ἡμερῶν
1298 5432 1510 5498 αἰῶνος·
1569 5453 1588 5485 ›
1623 5433 1764 5507 ἅπερ

1871 4515 1964 4584 qui
2001 4513 2168 4569 Deum
2204 4513 2432 4578 viderit;
2467 4528 2599 4568 nam
2643 4515 2698 4569 id
2727 4530 2926 4571 nomen
2955 4515 3000 4570 si
3044 4515 3439 4586 interpreteris,

1869 4623 2018 4668 cum,
2055 4607 2142 4677 qui
2179 4605 2340 4659 Deum
2392 4605 2587 4668 videat,
2642 4607 2902 4662 habebis:
2956 4606 3106 4677 quod
3161 4622 3293 4661 vero
3333 4620 3441 4660 non

1872 4699 2015 4753 alius
2044 4699 2116 4753 sit
2145 4714 2307 4768 quam
2349 4696 2494 4753 Deus
2528 4697 2788 4767 Verbum,
2821 4701 2916 4769 qui
2956 4699 3058 4770 ipsi
3097 4698 3442 4753 Iacob-visus

1873 4791 1962 4852 sit,
2003 4791 2057 4844 in
2094 4790 2322 4859 hujusce
2363 4791 2548 4860 operis
2572 4792 2888 4862 primordiis
2919 4793 3436 4847 demonstravimus.

1871 4882 2126 4936 Prccanti
2173 4896 2304 4951 ergo
2335 4878 2528 4948 David,
2561 4890 2616 4936 et
2662 4884 2842 4938 videre
2893 4883 3139 4952 cupienti.
3164 4883 3344 4936 locum
3375 4897 3442 4939 ac

1871 4974 2288 5028 tabernaculum
2321 4973 2531 5028 Domini
2579 4973 2784 5047 Deique
2829 4973 3021 5039 Jacob,
3061 4976 3175 5044 ipse
3221 4974 3442 5031 Bethle-

1873 5067 1994 5122 hem
2057 5068 2210 5123 locus
2255 5073 2512 5124 Ostensus
2565 5076 2682 5124 est;
2734 5067 2899 5139 3&8
2941 5081 3276 5140 quapropter
3315 5082 3440 5122 cum

1870 5157 2121 5222 dixisset,
2157 5177 2176 5210 ι
2205 5157 2342 5214 Ecce
2371 5160 2681 5216 audivimus
2718 5175 2836 5216 eam
2868 5176 2923 5214 In
2941 5159 3441 5231 Ephrata,iadjun-

1871 5250 1948 5320 git
1989 5250 2220 5305 dicens:
2260 5269 2278 5301 ι
2319 5250 2623 5307 Adoremus
2663 5252 2718 5306 in
2746 5251 2867 5306 loco
2917 5253 3010 5308 ubi
3048 5261 3314 5308 steterunt
3349 5269 3444 5324 pe-

1869 5343 1967 5397 des
1993 5343 2112 5411 ejus
2131 5342 2199 5398 ⁸⁸.
2224 5363 2242 5396 ι
2286 5343 2614 5401 Planissime
2640 5346 2803 5416 igitur
2834 5348 2896 5402 in.
2941 5347 3029 5404 his
3055 5363 3275 5418 quoque
3315 5363 3444 5405 ver-

1871 5433 1956 5490 bis
1987 5435 2044 5490 in
2067 5433 2328 5508 Ephrata,
2356 5453 2476 5510 qua:
2525 5445 2610 5496 est
2654 5437 2996 5506 Bethlehem,
3022 5441 3142 5512 ipse
3182 5439 3450 5499 Dominus

254 5639 310 5673 ⁸³
336 5635 478 5698 Gen.
511 5653 678 5707 xxxv,
710 5637 798 5693 i9.
872 5637 918 5670 “
953 5636 1099 5710 Psal.
1127 5649 1311 5705 cum,
1345 5635 1400 5695 6.
1474 5638 1519 5678 ³⁷
1544 5637 1678 5694 ibid.
1709 5635 1762 5692 5.

1907 5636 2039 5696 ibid.
2081 5637 2134 5695 ’1.
