3922 6200
549 214 657 275 σιτ

1220 198 1486 260 EUSEBll
1519 192 2001 254 CESARIENSIS
2040 189 2191 247 OPP.
2235 187 2419 244 PARS
2456 182 2520 241 ll.
2546 178 3128 237 —APOLOGETICA.
3635 162 3714 236 Su

552 345 619 387 ac
642 327 783 383 Deus
808 323 975 379 Iacob
1010 321 1189 374 locum
1228 315 1333 373 sibi
1372 328 1437 369 ac
1468 310 1889 367 tabernaculum
1920 306 2127 362 consti-

2246 302 2430 376 Ιιρτίως
2462 298 2814 367 ἐξετάσαντες
2838 292 3150 367 ἐδείκνυμεν
3178 272 3515 365 ἀναφέρεσθαι
3539 296 3625 351 οὐδ’
3648 300 3718 369 ἐφ’

552 431 775 480 tuturus
799 416 1041 476 canitur,
1072 409 1218 482 quod
1245 409 1428 481 ipsum
1461 421 1588 461 cum
1620 402 1858 458 Michaeae
1894 398 2132 470 prophe—

554 517 627 570 tia
659 506 958 566 concordat
990 502 1208 558 dicente
1240 517 1254 554 :
1312 516 1332 548 ‹
1362 496 1427 550 Ει
1460 503 1539 561 tu,
1575 491 1890 548 Bethlehem
1936 488 2132 544 domus

552 600 852 678 Ephratha.
887 596 967 652 Ex
996 602 1050 651 te
1077 594 1213 649 mihi
1244 589 1559 663 egredietur
1600 585 1740 641 dux:
1777 590 1832 639 et
1875 595 2134 653 egressus

550 675 672 769 ejus
706 695 774 750 ab
806 692 963 748 initio
989 705 1054 744 ex
1076 688 1272 743 diebus
1293 682 1478 740 saeculi
1499 697 1515 747 ;
1540 701 1559 733 ι
1595 694 1717 751 qua:
1736 692 1860 733 cum
1886 675 2136 748 proxime

554 810 953 861 scrutaremur,
995 791 1334 851 ostendimus
1367 789 1435 844 ad
1464 788 1675 843 nullum
1706 786 1874 840 alium
1896 799 2019 839 esse
2048 797 2136 837 re-

555 891 802 960 ferenda,
832 904 995 961 quam
1032 886 1101 940 ad
1138 900 1306 941 unum
1359 881 1695 936 Salvatorem
1739 894 1802 933 ac
1847 876 2133 931 Dominum

557 998 808 1043 nostrum
853 983 1043 1039 Jesum
1091 980 1185 1051 qui
1234 977 1486 1032 Christus
1537 984 1621 1029 est
1659 971 1778 1035 Dei,
1830 972 2032 1042 quique
2082 969 2134 1023 in

560 1082 901 1141 Bethle'hem,
927 1078 1073 1132 sicut
1098 1071 1399 1144 prophetiae
1428 1067 1815 1138 praedixerant,
1847 1073 2008 1117 natus
2030 1069 2131 1116 cst.

558 1172 783 1229 Nullum
834 1170 980 1225 enim
1028 1167 1195 1221 alium
1243 1162 1517 1233 quispiam
1569 1171 1808 1227 unquam
1860 1154 2133 1216 ostendet,

561 1267 658 1338 qui
709 1265 835 1320 inde
873 1277 997 1317 cum
1034 1260 1205 1331 gloria
1247 1265 1365 1328 post
1417 1254 1592 1323 ipsius
1650 1249 1948 1321 prophetia:
2001 1257 2138 1299 tem-

564 1374 697 1430 pora
722 1355 988 1428 prodierit
1014 1371 1027 1407 :
1058 1353 1244 1406 nullus
1274 1349 1417 1403 enim
1457 1359 1632 1415 neque
1658 1358 1774 1404 rex,
1805 1356 1981 1410 neque
2013 1354 2140 1409 pro-

563 1429 753 1524 pheta.
783 1462 963 1518 neque
1008 1445 1153 1498 alius
1190 1439 1467 1512 quispiam
1503 1449 1692 1490 eorum
1726 1432 1831 1524 qui
1857 1430 2000 1502 apud
2032 1429 2139 1484 He-

562 1522 741 1598 braeos
776 1539 887 1593 Deo
920 1536 1084 1589 amici
1122 1532 1347 1591 fuerint,
1382 1538 1581 1599 prater
1616 1542 1782 1579 unum
1804 1522 2138 1577 Salvatorem

565 1648 630 1688 ac
665 1631 953 1686 Dominum
984 1633 1233 1680 nostrum
1268 1620 1361 1692 qui
1395 1619 1648 1675 Christus
1681 1626 1765 1671 est
1789 1614 1904 1679 Dei,
1926 1621 2137 1667 utrum—

567 1740 674 1797 que
719 1722 978 1778 habuisse
1034 1717 1468 1774 demonstratur,
1520 1720 1574 1764 et
1624 1707 1769 1780 quod
1814 1706 1883 1762 de
1931 1704 2140 1760 semine

572 1829 772 1890 David.
803 1837 858 1883 et
883 1826 1027 1896 quod
1054 1824 1109 1877 in
1140 1837 1205 1878 eo
1236 1822 1357 1876 loco
1391 1822 1463 1875 sit
1491 1827 1675 1872 natus.
1709 1815 1948 1886 Tempus
1979 1813 2144 1885 igitur

563 1927 679 1996 jam
705 1931 789 1979 est
816 1929 876 1977 ut
901 1921 1051 1975 illum
1095 1919 1274 1989 ipsum
1315 1929 1438 1969 esse
1475 1927 1604 1992 non,
1629 1910 1796 1993 alium
1831 1908 2143 1979 quempiam

570 2017 863 2078 fateamur,
887 2012 978 2083 qui
1004 2013 1060 2066 in
1092 2010 1179 2064 his
1210 2006 1542 2078 propheticis
1569 2003 1754 2060 verbis
1783 1999 2145 2072 signiﬁcatur,

568 2106 963 2175 evidenterque
1015 2104 1068 2158 in
1103 2101 1171 2157 iis
1218 2115 1341 2170 quae
1378 2104 1690 2168 sequuntur
1717 2093 1969 2150 eumdem
2000 2093 2146 2163 psal-

571 2213 743 2261 mum,
762 2197 889 2252 dum
916 2194 1234 2251 nominatim
1254 2192 1537 2247 Christum
1560 2189 1817 2259 appellat,
1840 2187 1945 2242 hoc
1966 2187 2145 2256 ipsum

572 2288 882 2351 ostendere,
921 2285 1013 2340 ubi
1060 2285 1165 2340 ait:
1200 2301 1220 2334 ι
1244 2280 1478 2352 Propter
1506 2279 1675 2334 David
1722 2294 1941 2335 servum
1968 2286 2144 2342 tuum,

574 2396 643 2436 ne
670 2388 886 2435 avertas
916 2376 1110 2432 faciem
1136 2375 1343 2430 Christi
1377 2374 1457 2427 tui
1475 2372 1543 2425 °’.
1570 2391 1588 2424 ι
1607 2370 1674 2426 Ει
1706 2386 1934 2427 rursus:
1975 2387 1995 2420 ‹
2016 2367 2148 2423 Illuc

573 2471 875 2544 producam
904 2484 1076 2523 cornu
1110 2464 1311 2520 David:
1361 2465 1547 2534 paravi
1597 2464 1876 2517 lucernam
1926 2459 2148 2516 Christo

574 2577 718 2618 meo.
786 2559 1043 2614 inimicos
1103 2558 1224 2626 ejus
1291 2557 1515 2611 induam
1584 2552 1930 2613 confusione,
1983 2566 2150 2622 super

577 2657 759 2725 ipsum
804 2660 985 2707 autem
1015 2649 1283 2705 etllorebit
1318 2648 1684 2703 sanctificatio
1729 2661 1852 2700 mea
1869 2645 1938 2700 9°.
1968 2663 1987 2696 ι
2041 2644 2149 2700 Sed

580 2744 672 2798 ubi
700 2741 918 2797 tandem
973 2742 1050 2793 ait
1073 2755 1133 2794 se
1170 2738 1566 2810 producturum
1602 2754 1775 2793 cornu
1808 2737 1999 2802 David,
2041 2736 2150 2793 nisi

579 2834 636 2889 in
667 2832 979 2888 Bethlehem
1008 2841 1170 2902 atque
1195 2832 1252 2886 in
1279 2830 1598 2901 Ephratba?
1634 2828 1763 2886 lnde
1795 2831 1942 2886 enim
1977 2844 2151 2885 cornu

579 2926 752 2982 David
781 2926 1037 2981 Christus
1081 2933 1354 2996 quatenus
1395 2923 1463 2979 ad
1490 2934 1744 2978 naturam
1777 2924 2012 2994 pertinet
2056 2922 2153 2977 hu-

578 3047 819 3097 manam,
853 3033 1010 3101 quasi
1041 3032 1235 3102 ingens
1264 3030 1450 3085 lumen
1480 3037 1731 3085 exortum
1763 3036 1871 3084 est.
1899 3027 2000 3084 Hic
2019 3028 2149 3084 item
2179 3025 2219 3082 C

576 3125 782 3180 Christi
816 3124 1037 3179 lucerna
1059 3122 1129 3177 ab
1159 3124 1280 3193 ipso
1303 3121 1413 3178 Deo
1443 3122 1682 3177 universi
1710 3129 2011 3191 praeparata
2032 3129 2145 3176 est:
2193 3175 2196 3178 .

581 3215 748 3270 fuerit
777 3223 957 3270 autem
1004 3214 1120 3269 haec
1148 3214 1372 3268 lucerna
1398 3212 1556 3283 quasi
1590 3213 1946 3282 intelligibilis
1989 3212 2148 3275 lucis,

579 3305 880 3360 humanum
930 3318 1154 3374 corpus,
1198 3317 1294 3372 per
1334 3303 1482 3373 quod
1513 3302 1688 3358 instar
1727 3302 1951 3357 testacei
1982 3303 2149 3366 vasis,

578 3402 841 3465 tanquam
873 3409 971 3465 per
1016 3395 1317 3458 lucernam,
1353 3393 1560 3464 preprii
1605 3393 1831 3448 luminis
1863 3393 2047 3448 radios
2093 3394 2150 3447 in

578 3500 794 3550 omnes,
828 3486 1148 3556 quicunque
1179 3485 1483 3556 ignorantia
1516 3482 1616 3539 Dei
1645 3491 1700 3539 et
1740 3483 2028 3555 profundis
2071 3491 2151 3539 te.

581 3577 767 3633 nebris
798 3577 1205 3647 premebantur,
1233 3574 1436 3631 emisit.
1476 3574 1686 3631 Etenim
1732 3578 1787 3629 in
1815 3576 1901 3631 his
1933 3590 2152 3647 quoque

579 3668 945 3724 demonstrari
962 3668 1280 3738 planissime
1291 3668 1531 3723 arbitror
1552 3667 1722 3722 Deum
1742 3666 1934 3732 Jacob,
1958 3668 2053 3739 qui
2084 3668 2152 3722 ab

581 3760 736 3815 initio
757 3767 893 3816 etex
913 3761 1106 3815 diebus
1129 3760 1314 3815 saeculi
1332 3759 1571 3837 exsistit,
1590 3760 1658 3814 ad
1680 3761 1929 3818 homines
1952 3771 2151 3817 ventu-

582 3864 790 3917 rum,et
813 3853 1083 3907 oriturum
1106 3869 1215 3908 non
1238 3855 1366 3910 alibi
1395 3863 1664 3910 terrarum
1683 3868 1846 3925 quam
1872 3855 1927 3908 in
1948 3852 2155 3910 Bethle-

562 3945 701 4033 Yhem
728 3946 869 4010 loco,
892 3945 985 4015 qui
1002 3960 1111 4000 non
1130 3947 1321 4018 procul
1345 3947 1414 4004 ab
1437 3947 1830 4020 Hierosolymis
1845 3946 2006 4002 hodie
2019 3962 2154 4018 quo-

579 4051 686 4106 que
702 4036 865 4092 visitu
876 4053 923 4103 r,
953 4039 1043 4093 ubi
1059 4053 1191 4094 sane
1207 4055 1315 4094 non
1330 4040 1472 4096 alius
1488 4047 1611 4111 post
1623 4038 2010 4110 prophetarum
2024 4047 2156 4095 tem-

579 4144 712 4198 pora
735 4129 983 4194 illustris,
1000 4138 1054 4185 et
1073 4131 1218 4201 apud
1237 4147 1429 4188 omnes
1450 4132 1701 4188 homines
1713 4133 1886 4204 gloria
1897 4132 2152 4198 celebris,

582 4231 747 4306 3&9
775 4247 939 4303 quam
970 4250 1113 4291 unus
1149 4233 1311 4292 Iesus
1338 4236 1592 4294 Christus
1626 4239 1697 4294 ab
1743 4239 2001 4293 omnibus
2034 4238 2155 4307 ejus

584 4323 690 4376 loci
721 4323 917 4378 incolis
948 4324 1063 4394 (qui
1097 4326 1318 4397 quidem
1365 4327 1447 4382 sic
1474 4342 1599 4382 cum
1630 4329 1961 4399 evangelicis
2003 4330 2154 4382 voci-

584 4413 689 4469 bus
714 4415 1072 4486 concordant)
1112 4426 1276 4474 natus
1319 4433 1442 4474 esse
1468 4418 1805 4489 perhibetur.
1838 4419 1935 4475 Est
1974 4428 2153 4473 autem

587 4505 928 4573 Bethlehem,
975 4523 1042 4563 ex
1071 4509 1542 4581 interpretatione,
1581 4510 1769 4567 domus
1808 4514 1983 4583 panis,
2036 4529 2156 4583 qua:

586 4599 670 4656 sic
711 4598 931 4671 quidem
977 4599 1222 4670 ejusdem
1276 4609 1360 4658 est
1393 4605 1633 4660 nominis
1676 4619 1801 4659 cum
1850 4620 1916 4661 eo
1951 4607 2045 4676 qui
2086 4605 2154 4661 de

588 4694 707 4765 ipsa
738 4690 1013 4763 profectus
1056 4703 1167 4756 est.
1205 4694 1488 4752 Salvatore
1537 4706 1749 4764 nostro,
1796 4700 1887 4769 qui
1924 4714 2049 4753 cum
2081 4699 2153 4755 sit

588 4784 685 4841 Dei
727 4783 966 4840 Verbum
1009 4792 1064 4840 et
1098 4786 1260 4850 ratio,
1313 4787 1629 4842 animalium
1664 4789 2015 4844 rationalium
2067 4798 2152 4845 est

586 4875 928 4932 alimentum.
987 4873 1160 4942 Quam
1205 4890 1321 4931 rem
1365 4878 1483 4948 ipse
1525 4894 1744 4950 quoque
1790 4879 2150 4944 demonstrat,

587 4967 682 5023 ubi
723 4967 829 5023 ait:
860 4985 881 5018 ι
907 4965 1020 5038 Ego
1049 4982 1170 5023 sum
1197 4968 1354 5038 panis
1381 4970 1473 5039 qui
1508 4970 1576 5025 de
1596 4971 1737 5027 caelo
1763 4971 2018 5029 descendi
2036 4973 2101 5026 ἰ.
2128 4991 2148 5025 ι

587 5059 789 5117 Verum
834 5063 1094 5132 quoniam
1138 5063 1255 5118 haec
1305 5063 1492 5120 eadem
1545 5064 1716 5135 ipsius
1767 5063 1936 5118 David
1979 5063 2151 5136 patria

585 5151 710 5219 fuit,
735 5153 932 5208 merito
953 5154 1048 5224 qui
1074 5157 1286 5212 ratione
1305 5156 1555 5210 humana:
1577 5162 1784 5211 naturae
1809 5156 1975 5211 David
2005 5158 2151 5213 lilius

585 5256 712 5322 fuit,
732 5274 797 5314 ex
818 5259 923 5315 hoc
955 5258 1076 5331 ipso
1098 5260 1220 5316 loco
1247 5260 1528 5333 profectus
1552 5266 1658 5325 est,
1689 5261 1745 5314 in
1778 5276 1845 5317 eo
1873 5276 2004 5319 sane
2024 5278 2148 5319 cum

585 5350 923 5423 prapheticis
964 5354 1308 5410 concordans
1352 5353 1589 5410 oraculis
1634 5371 1647 5406 :
1691 5353 1875 5426 itaque
1917 5358 2153 5413 obscura

579 5454 709 5498 esse
729 5444 971 5515 amplius
1002 5460 1169 5503 causa
1197 5462 1305 5501 non
1337 5455 1537 5516 potest,
1575 5461 1676 5503 cur
1702 5447 1808 5504 sibi
1842 5448 2152 5506 Bethlehcm

2232 395 2417 465 ἕτερον
2457 391 2491 463 ἢ
2539 388 2634 443 ἐπὶ
2675 387 2834 459 μόνον
2875 386 2966 439 τὸν
3003 383 3230 455 Σωτῆρα
3268 384 3360 436 καὶ
3391 383 3563 455 Κύριον
3595 388 3723 458 ἡμῶν

2245 483 2452 557 Ἰησοῦν
2471 482 2561 536 τὸν
2585 479 2818 552 Χριστὸν
2834 475 2928 531 τοῦ
2956 472 3112 538 Θεοῦ,
3136 475 3195 528 ὲν
3220 471 3451 547 Βηθλεὲμ
3477 477 3577 540 ταῖς
3596 484 3725 554 προέρ-

2236 579 2458 651 ρήσεσιν
2474 570 2788 634 ἀκολούθως
2807 566 3223 639 γεγεννημένον.
3249 567 3358 619 Ούκ
3383 565 3443 619 ἂν
3470 566 3579 634 γοῦν
3603 569 3723 624 ἄλλον

2233 687 2318 733 τις
2347 665 2662 731 ἐπιδείξειεν
2693 664 2757 715 ὲκ
2781 660 2984 741 ταύτης
3014 655 3237 722 ἐνδόξως
3273 657 3403 728 μετὰ
3428 659 3535 722 τοὺς
3561 675 3713 732 προφη

2234 761 2384 823 τείας
2430 756 2655 829 χρόνους
2702 751 3052 826 προελθόντα·
3083 749 3209 804 οῦτε
3243 748 3348 820 γὰρ
3381 748 3728 818 βασιλεὺςωῦτε

2235 849 2546 920 προφήτης,
2578 845 2684 898 οὐδ’
2711 842 2900 914 ἕτερός
2929 857 3014 903 τις
3037 840 3145 893 τῶν
3166 838 3294 910 παρ’
3327 838 3570 909 Ἑϐραίοις
3591 839 3727 911 θεοφι.

2235 940 2363 1003 λῶν,
2404 940 2436 1010 ἦ
2473 938 2631 1010 μόνος
2663 937 2691 988 6
2723 934 2913 1006 Σωτὴρ
2955 932 3049 985 καὶ
3082 930 3283 1001 Κύριος
3321 930 3466 1001 ἡμῶν
3499 933 3526 984 6
3551 931 3731 1004 Χριστος

2235 1030 2330 1087 τοῦ
2362 1031 2519 1094 Θεοῦ,
2561 1028 2697 1100 ὁμοῦ
2726 1028 2820 1082 καὶ
2849 1029 2913 1079 ὲκ
2945 1025 3257 1099 σπέρματος
3288 1023 3459 1087 Δαδὶδ,
3491 1024 3573 1077 καὶ
3592 1022 3729 1077 αἰηόθι

2238 1124 2631 1197 γεγεννημένος
2677 1119 3079 1174 ἀποδείκνυται.
3139 1119 3276 1189 Ὥρα
3314 1117 3576 1187 τοιγαροῦν
3614 1115 3730 1170 αὑτὸν

2238 1220 2445 1274 ἐκεῖνον
2476 1212 2637 1277 εἶναι,
2675 1213 2769 1267 καὶ
2803 1211 2925 1264 οὐδὲ
2973 1209 3048 1279 (1)
3084 1208 3241 1263 ἄλλον
3265 1209 3355 1262 τὸν
3377 1210 3464 1261 καὶ
3508 1211 3558 1260 ὲν
3578 1207 3733 1271 τούτοις

2240 1306 2547 1381 προφητευό
2554 1320 2713 1376 μενον
2744 1301 3050 1374 ὁμολογεῖν,
3070 1300 3153 1353 ὅτι
3172 1316 3229 1352 τε
3252 1297 3429 1368 σαφῶς
3457 1301 3510 1351 ὲν
3527 1303 3623 1362 τοῖς
3645 1300 3734 1369 ἑξῆς

2237 1404 2268 1455 6
2288 1402 2451 1464 αὐτὸς
2476 1398 2691 1469 ψαλμὸς
2721 1394 2979 1467 ὀνομαστὶ
3006 1394 3098 1447 τὸν
3141 1392 3366 1465 Χριστὸν
3392 1391 3734 1463 προσαγορεύων

2238 1494 2396 1549 τοῦτο
2429 1493 2746 1564 παρίστησι,
2789 1487 2855 1541 δι’
2886 1481 2962 1541 ὧν
2993 1503 3180 1559 φησιν·
3226 1504 3245 1537 ι
3281 1486 3488 1541 Ἕνεκεν
3516 1484 3651 1538 Δαδὶδ
3668 1485 3734 1538 τοῦ

2240 1587 2424 1643 δούλου
2466 1602 2561 1638 σου
2609 1583 2683 1656 μὴ
2724 1582 3078 1654 άποστρέψῃς
3116 1581 3179 1634 τὸ
3221 1580 3493 1654 πρόσωπον
3532 1578 3613 1631 τοῦ
3644 1578 3738 1649 Χρι-

2170 1673 2210 1727 Β
2246 1678 2371 1734 στοῦ
2414 1695 2531 1733 σοιν
2566 1698 2584 1730 ι
2624 1679 2719 1732 καὶ
2750 1676 2932 1730 πάλινο
2977 1694 2996 1726 ι
3042 1674 3194 1729 Ἐκεῖ
3224 1672 3507 1740 ὲξανατελῶ
3527 1670 3738 1744 κέραςτῷ

2243 1773 2369 1827 Δαό⁴
2364 1771 2431 1837 ιδ,
2449 1771 2566 1841 ἢτοι
2574 1786 2722 1841 μασα
2749 1768 2943 1840 λύχνον
2969 1766 3047 1839 τῷ
3063 1764 3284 1840 Χριστῷ
3303 1783 3416 1837 μου.
3434 1764 3558 1826 Τοὺς
3572 1763 3737 1834 ἐχθρούς

2246 1863 2410 1918 αὐτοῦ
2454 1862 2657 1917 ὲνδύσω
2688 1861 2970 1933 αἰσχύνην,
3015 1861 3108 1913 ἐπὶ
3151 1859 3210 1913 δὲ
3252 1857 3407 1912 αὐτὸν
3445 1855 3738 1927 ὲξανθήσειτδ

2245 1957 2494 2029 ἁγίασμόι
2520 1973 2642 2028 μου.
2678 1976 2698 2007 ι
2732 1954 2843 2010 Ποῦ
2871 1954 2927 2008 δέ
2958 1971 3145 2025 φησιν,
3186 1971 3205 2004 t
3250 1952 3391 2004 Ἐκεῖ
3409 1948 3664 2015 ἐξανατελῶ
3678 1946 3739 1999 κέ-

2251 2068 2347 2123 ρας
2378 2051 2455 2122 τῷ
2483 2048 2668 2112 Δασὶδ,
2703 2068 2721 2100 ι
2756 2049 2790 2119 ἢ
2827 2050 2884 2101 ὲν
2927 2048 2994 2118 τῇ
3038 2044 3289 2116 Βηθλεὲμ
3320 2047 3383 2115 τῇ
3430 2040 3739 2114 Ἐφραθάςὲν-

2245 2142 2434 2197 τεῦθεν
2459 2142 2568 2214 γὰρ
2597 2142 2660 2195 τὸ
2705 2142 2871 2213 κέρας
2912 2139 3007 2193 τοῦ
3038 2139 3207 2195 Δαόὶδ
3249 2139 3279 2190 6
3320 2135 3535 2207 Χριστὸς
3565 2134 3615 2187 τὸ
3640 2132 3739 2185 uti

2251 2237 2428 2309 σάρκα
2448 2231 2558 2289 οἷόν
2580 2253 2634 2288 τι
2664 2234 2807 2307 μέγα
2834 2233 2951 2302 φῶς
2977 2231 3331 2300 ἐξανέτειλεν,
3354 2227 3561 2283 ἐνταῦθά
3576 2243 3621 2280 τε
3640 2226 3739 2297 ἡτοί-

2252 2346 2425 2401 μαστο
2451 2328 2555 2381 ὑπὸ
2582 2326 2676 2380 τοῦ
2702 2325 2838 2383 Θεοῦ
2870 2325 2979 2380 τῶν
3008 2326 3147 2380 ὅλων
3175 2328 3204 2379 6
3233 2323 3326 2377 τοῦ
3353 2319 3558 2395 Χριστοῦ
3578 2318 3737 2388 λύχνος.

2249 2421 2351 2492 Εῑη
2380 2421 2424 2475 δ’
2451 2420 2517 2475 ἂν
2546 2420 2738 2491 λύχνος
2762 2417 2949 2483 αὐτοῦ,
2979 2414 3066 2472 οἷα
3097 2416 3288 2490 νοεροῦ
3316 2415 3498 2487 φωτὸς,
3524 2411 3570 2465 τὸ
3589 2408 3741 2480 ἀνθρών

2250 2530 2400 2567 πειον
2432 2513 2648 2584 σκῆνος,
2668 2512 2736 2567 δι’
2765 2505 2826 2565 οῦ
2853 2511 3009 2583 δίκην
3029 2510 3352 2582 όστρακίνου
3373 2506 3587 2567 σκεύους,
3603 2501 3740 2572 ὥσπερ

2248 2604 2337 2658 διὰ
2362 2604 2577 2676 λύχνου,
2603 2604 2703 2668 τὰς
2731 2603 2825 2657 τοῦ
2859 2603 2987 2656 ἰδίου
3017 2605 3198 2673 φωτὸς
3227 2603 3442 2664 ἀκτῖνας
3468 2599 3582 2651 πᾶσι
3602 2593 3741 2656 τοίςὲν

2251 2694 2443 2765 ἀγνοίᾳ
2473 2693 2607 2747 Θεοῦ
2638 2693 2731 2747 καὶ
2760 2694 2938 2764 σκότῳ
2964 2692 3116 2765 βαθεῖ
3143 2691 3477 2764 πιεζομένοις
3496 2684 3738 2753 ἐξέλαμψεν.

2264 2784 2422 2837 Ἀλλά
2490 2785 2599 2856 γὰρ
2661 2784 2757 2836 καὶ
2810 2784 2869 2835 ὲν
2922 2784 3136 2846 τούτοις
3205 2776 3561 2847 ἀποδεδεῖχθαι
3611 2769 3741 2841 σαφῶς

2252 2877 2494 2948 ἡγοῦμαι
2542 2876 2674 2930 Θεὸν
2720 2874 2914 2929 Ἰακὼϐ
2969 2876 3063 2929 ἀπ’
3088 2940 3095 2949 .
3122 2875 3300 2947 ἀρχῆς
3353 2873 3442 2927 καὶ
3488 2869 3540 2934 ἐξ
3585 2863 3743 2939 ἡμερῶν

2251 2973 2585 3040 τυγχάνοντα
2603 2970 2796 3033 αἰῶνος
2821 2967 3126 3040 ἀνθρώποις
3148 2969 3517 3041 ἐπιδημήσειν,
3532 2964 3749 3029 καὶγεννη·

2253 3062 2510 3136 θήσεσθαι
2534 3063 2634 3116 ούκ
2653 3061 2908 3133 ἀλλαχόθι
2934 3061 3040 3132 γῆς
3065 3061 3185 3115 ἀλλ’
3204 3062 3238 3133 ἢ
3258 3065 3314 3115 ἐν
3334 3060 3410 3132 τῷ
3428 3058 3552 3114 κατὰ
3570 3050 3746 3123 Βηθλεὲμ

2252 3157 2422 3228 τόπῳ,
2438 3155 2573 3227 πρὸς
2589 3159 2700 3218 τοῖς
2727 3154 2987 3227 Ἱεροσολύ
2997 3171 3118 3225 μοις
3132 3154 3307 3209 εἰσέτι
3326 3153 3416 3208 καὶ
3431 3150 3515 3205 νῦν
3529 3145 3749 3201 ἐπιδεικνυ-

2256 3248 2402 3320 μένῳ
2423 3246 2626 3318 χωρίῳ,
2650 3245 2779 3299 ἔνθα
2802 3246 2910 3299 οὐδ’
2931 3245 3089 3310 ἄλλος
3113 3246 3256 3319 μετὰ
3282 3248 3400 3311 τοὺς
3418 3244 3515 3298 τῶν
3530 3235 3746 3314 προφητῶν

2252 3342 2479 3414 χρόνους
2496 3338 2766 3410 ἐπιφανὴς
2794 3341 2887 3393 καὶ
2917 3342 2998 3402 εἰς
3014 3340 3229 3405 πάντας
3252 3338 3550 3412 ἀνθρώπους
3571 3328 3745 3394 ἐπίδοξος

2251 3435 2285 3507 ἢ
2310 3434 2467 3507 μόνος
2493 3432 2702 3503 Ἰησοῦς
2725 3433 2754 3485 6
2776 3431 3008 3505 Χριστὸς
3037 3433 3172 3505 πρὸς
3196 3435 3305 3488 τῶν
3330 3431 3607 3503 ἐπιχωρίων
3625 3423 3747 3480 ἁπάνο

2251 3542 2359 3579 των
2395 3524 2703 3588 ἀκολούθως
2755 3526 2877 3588 ταῖς
2923 3524 3311 3595 εύαγγελικαῖς
3355 3523 3541 3593 φωναῖς
3573 3508 3744 3586 γεγονὼς

2255 3619 2627 3688 μαρτυρεῖται.
2674 3616 3063 3691 Ἐρμηνεύεται
3107 3616 3163 3669 δὲ
3202 3619 3236 3689 ή
3270 3615 3503 3688 Βηθλεὲμ
3530 3606 3659 3672 οἷιιος
3674 3602 3744 3670 ἀι·

2252 3725 2381 3773 του,
2413 3707 2731 3779 φερώνυμος
2756 3703 2890 3761 οὖσα
2920 3708 3015 3762 τοῦ
3048 3708 3399 3780 προελθόντος
3429 3704 3485 3771 ἐξ
3509 3700 3645 3769 αὐτῆς
3668 3694 3745 3748 Σω·

2251 3800 2415 3871 τῆρος
2459 3790 2614 3870 ἡμῶν
2647 3799 2796 3863 ὄντος
2829 3798 2964 3853 Θεοῦ
2992 3801 3191 3870 Λόγου,
3226 3800 3410 3873 ψυχῶν
3440 3795 3635 3867 λογικῶν
3659 3788 3745 3856 θρε-
3860 3788 3861 3855 Ῑ

2255 3890 2448 3945 πτικοῦ
2468 3909 2480 3920 ·
2516 3891 2545 3944 6
2568 3892 2661 3945 καὶ
2693 3891 3023 3964 παρίστησιν
3044 3893 3207 3957 αὐτὸς
3238 3894 3439 3964 λέγων’
3480 3910 3496 3942 ι
3534 3883 3646 3954 Ἐγώ
3668 3882 3747 3946 εἶμι
3860 3952 3861 3961 γ

2253 3986 2282 4036 6
2315 3984 2479 4055 ἄρτος
2509 3987 2536 4037 ό
2584 3984 2650 4036 ὲκ
2693 3984 2788 4038 τοῦ
2821 3984 3051 4057 οὐρανοῦ
3086 3986 3353 4049 καταϐάς.
3398 4004 3416 4036 ι
3462 3979 3580 4036 Ἀλλ’
3614 3969 3747 4036 ἐπειδὴ

2255 4078 2349 4129 καὶ
2391 4074 2485 4129 τοῦ
2530 4076 2695 4130 Δαϐὶδ
2721 4078 2939 4146 γέγονεν
2980 4076 3119 4150 αῦτη
3164 4079 3383 4151 πατρὶς,
3414 4074 3608 4134 εἰκότως
3632 4066 3700 4121 καὶ
3728 4063 3748 4113 ὂ

2256 4167 2396 4222 κατὰ
2432 4168 2607 4240 σάρκα
2639 4169 2927 4241 γενόμενος
2950 4171 3063 4234 υἱὸς
3091 4171 3258 4225 Δαόὶδ
3277 4170 3374 4243 τὴν
3404 4165 3599 4240 πρόοδον
3619 4158 3665 4224 ἐξ
3682 4154 3749 4210 (ηδ’

2255 4263 2352 4333 τῆς
2380 4263 2690 4333 ἐποιήσατο,
2722 4260 3031 4326 ἀκολούθως
3054 4266 3175 4327 ταῖς
3209 4261 3554 4336 προφητικῶς
3579 4247 3750 4325 προρρἠ

2187 4366 2233 4423 ο
2261 4369 2438 4406 σεσιψ
2475 4352 2613 4407 ὥστε
2654 4354 2755 4407 οὐκ
2786 4352 2978 4425 ἄδηλον
3012 4349 3148 4409 εἶναι
3193 4357 3291 4409 καὶ
3326 4355 3421 4426 τὴν
3458 4350 3610 4405 αἰτίαν
3632 4343 3683 4398 δι’
3704 4338 3750 4407 ἣν

2259 4445 2488 4516 πατρίδα
2514 4446 2611 4516 τὴν
2639 4445 2887 4518 Βηθλεὲμ
2919 4446 3290 4519 ἐπεγράψατο.
3338 4446 3486 4500 Ἀλλὰ
3510 4441 3589 4496 καὶ
3607 4441 3653 4493 ὲν
3671 4433 3749 4488 Να-

2258 4534 2444 4613 ζάρθις
2492 4537 2822 4609 ἀνατραφεὶς
2872 4537 3108 4607 λέγεται,
3162 4540 3259 4592 καὶ
3312 4537 3465 4593 πάλιν
3509 4525 3750 4598 Ναζαραπ

2259 4626 2640 4699 κληθήσεσθαι.
2661 4629 2858 4683 Ἰστέον
2882 4626 2995 4692 οῦν,
3020 4632 3103 4685 ὅτι
3135 4632 3231 4684 καὶ
3247 4631 3310 4684 τὸ
3333 4626 3613 4698 Ναξαραῖον
3630 4618 3748 4684 ὄνομα

2270 4718 2551 4792 Ἐδραῖκὸν
2582 4721 2839 4792 τυγχάνει
2872 4723 2930 4776 ὲν
2974 4723 3244 4795 Λευῖτικῷ
3276 4725 3367 4777 ἐπὶ
3395 4721 3484 4775 τοῦ
3524 4717 3749 4795 χρίσματοί

2254 4810 2351 4865 τοῦ
2382 4812 2513 4884 παρ’
2543 4814 2727 4878 αὐτοῖς
2758 4813 3015 4885 Χριστοῦ.
3046 4810 3154 4869 Ἦν
3178 4793 3237 4868 δέ
3269 4808 3422 4880 οὗτος
3442 4815 3471 4868 6
3495 4812 3648 4883 ἄρχων
3665 4793 3749 4854 κατ’

2255 4904 2439 4958 εἰκόνα
2464 4903 2556 4958 τοῦ
2595 4904 2831 4976 μεγάλου
2865 4908 2957 4960 καὶ
2988 4907 3203 4978 ἀληθῶς
3236 4907 3525 4981 ἀρχιερέως
3555 4896 3632 4954 τοῧ
3656 4893 3751 4963 x9“

2256 4995 2382 5049 στοῦ
2402 4994 2496 5050 τοῦ
2528 4996 2685 5062 Θεοῦ,
2710 4996 2910 5071 σκιώδη
2938 4998 3058 5053 τινὰ
3087 5001 3180 5053 καὶ
3208 5001 3431 5055 τυπικὸν
3454 4990 3650 5070 Χριστὸν
3668 4986 3751 5038 ἔτι·

2258 5087 2573 5160 φερόμενος.
2608 5089 2695 5142 Ἐν
2726 5083 2809 5154 οἷς
2834 5090 2964 5159 γοῦν
2994 5091 3208 5165 εἴρηται
3241 5092 3381 5149 κατὰ
3403 5092 3520 5152 τοὺς
3553 5076 3748 5148 Ἑϐδομή·

2261 5198 2426 5234 κοντα
2456 5182 2583 5255 περὶ
2614 5181 2708 5236 τοῦ
2749 5183 3072 5257 Ἀρχιερέως
3095 5204 3109 5217 ·
3146 5206 3166 5238 ι
3196 5188 3304 5241 Καὶ
3327 5187 3387 5240 ού
3419 5165 3749 5255 βεόηλὼσειτδν

2259 5274 2590 5345 ἡγιασμένον
2635 5273 2728 5328 τοῦ
2784 5275 2920 5329 Θεοῦ
2972 5277 3138 5331 αὑτοῦ
3161 5296 3175 5309 ·
3228 5280 3307 5333 ὃτι
3350 5276 3411 5331 τό
3453 5275 3590 5343 ἅγιον
3625 5263 3751 5318 {iam

2259 5364 2495 5437 Χριστοῦ
2518 5363 2610 5418 τοῦ
2635 5364 2771 5420 Θεοῦ
2802 5365 2966 5420 αὐτοῦ
2984 5382 2998 5397 ⁸
3044 5386 3064 5419 ›
3095 5367 3158 5421 τὸ
3193 5367 3290 5440 μὲν
3328 5358 3606 5437 Ἐδραῑκόκ
3632 5347 3752 5440 ι’θτι

2260 5435 2446 5527 Ναζὲρ
2477 5453 2672 5521 ἔλαιον,
2706 5475 2724 5508 ι
2756 5454 3024 5527 περιέχειο
3058 5457 3088 5510 6
3114 5456 3172 5510 δὲ
3194 5435 3462 5518 ’Ἀκύλαςο
3498 5468 3517 5503 ι
3554 5447 3651 5500 ὀτι
3683 5435 3747 5501 ἀφ
3860 5504 3861 5519 1

652 5547 702 5586 ⁵⁸
729 5552 878 5609 Psal.
908 5569 1089 5621 cxxxt,
1123 5557 1209 5611 10.
1287 5557 1333 5589 ⁹⁰
1355 5557 1487 5616 ibid.
1522 5559 1610 5625 17,
1639 5560 1724 5616 18.
1771 5555 1848 5595 ⁶⁹¹
1880 5560 2133 5635 Joan.v1,
2165 5563 2255 5619 H.

522 5684 531 5703 ι
637 5639 718 5731 (ί)
734 5643 906 5703 Οὐδ’.
937 5645 1080 5720 Lege
1109 5651 1238 5721 οὐχ·
1272 5653 1400 5710 item
1440 5664 1493 5713 ct
1532 5658 1693 5729 paulo
1726 5667 1872 5729 post.
1916 5660 2073 5714 Ευιτ.

2224 5777 2285 5790 “
