3922 6200
141 179 246 236 διο

1048 174 1699 232 ΒΕΜΟΝδΤΒᾹΤΙΟΝΙδ
1740 175 2199 231 ΕΥΛΝΟΕΙΛΟᾸΞ
2247 175 2373 232 ΗΒ.
2420 176 2530 233 VII.

3274 180 3382 237 550

137 303 360 365 ἀρισμα,
383 293 556 347 ἔλαιον
577 292 908 364 ἁλείμματος
934 290 1067 345 Θεοῦ
1091 291 1255 345 αὑτοῦ
1287 292 1372 344 ἐπ’
1405 290 1552 344 αὑτῶ
1575 306 1587 318 ·
1629 310 1647 342 ι
1678 288 1713 342 λὸ

1815 292 2043 360 patriam
2068 292 2402 361 ascripserit.
2436 291 2703 347 Creterum
2725 295 2885 348 etiam
2914 296 2969 349 in
2998 296 3222 353 Nazaris
3245 301 3383 354 edu-

138 388 194 442 δὲ
225 387 520 457 Σύμμαχος
542 402 555 414 ο
600 404 618 435 ι
660 386 779 437 Ὅτι
812 384 1033 438 ἄθικτον
1074 385 1251 437 ἔλαιον
1296 386 1389 437 τοῦ
1416 384 1711 455 χρίσματος

136 481 231 533 τοῦ
264 479 400 533 Θεοῦ
427 476 588 530 αὑτοῦ
621 478 708 529 ἐπ’
741 475 922 546 αὐτῷ’
969 496 987 527 ι
1024 480 1052 530 ὀ
1093 477 1149 529 δὲ
1182 476 1501 530 Θεοδοτίωνο
1541 495 1558 525 ι
1593 476 1712 527 Ὅτι

135 570 197 624 τὸ
230 569 413 639 Ναζὲρ
439 568 613 622 ἔλαιον
637 568 697 620 τὸ
722 568 937 638 χριστὸν
971 568 1121 639 παρά
1149 567 1282 621 Θεοῦ
1308 567 1471 620 αὑτοῦ
1502 569 1587 620 ἐπ’
1618 567 1715 619 αὐ-

134 662 235 732 τῷ·
297 680 315 711 ι
346 660 485 713 ὣστε
519 655 737 713 εἶναιτὸ
770 659 970 730 Ναζὲρ,
1006 658 1145 711 κατὰ
1180 660 1277 730 μὲν
1301 660 1424 721 τοὺς
1458 658 1713 729 Ἐϐδομή-

135 770 326 815 κοντα,
352 752 541 820 ἅγιον,
576 751 717 805 κατά
747 751 804 804 δὲ
825 752 915 803 τὸν
930 750 1181 815 Ἀκύλαν,
1217 752 1537 819 ἀφίζρισμα,
1573 750 1712 803 κατά

133 844 191 897 δὲ
217 842 311 896 τὸν
344 842 656 914 Σύμμαχον,
691 843 962 897 ἄθικτον-ο
990 842 1128 899 ὥστε
1160 845 1222 895 ἐκ
1253 842 1439 895 τούτου
1463 842 1522 894 τὸ
1548 841 1666 905 Na;
1672 860 1714 893 ι-

137 938 291 1009 ραῖον
341 934 508 1005 ὄνομα
557 934 842 1005 σημαίνειν
888 935 1004 1004 ἤτοι
1038 933 1127 986 τὸν
1175 934 1412 1004 ἆγιον,ἢ
1455 933 1546 986 τὸν
1607 935 1711 1002 ἀφ-

135 1028 459 1097 ωρισμένον,
483 1027 515 1097 ἢ
543 1027 635 1079 τὸν
665 1026 898 1081 ἄθικτον.
944 1026 1079 1079 Ἀλλ’
1110 1029 1157 1080 οί
1200 1027 1296 1097 μὲν
1328 1027 1493 1080 πάλαι
1527 1030 1709 1099 ἱερεῖς,

134 1119 202 1171 δι’
229 1119 405 1172 ἐλαίου
432 1118 749 1181 σκευαστοῦ,
779 1116 869 1170 τοῦ
894 1118 1043 1189 παρά
1088 1120 1274 1170 Μωσεῖ
1313 1118 1495 1188 Ναζέρ
1523 1119 1712 1171 καλου-

138 1207 323 1277 μένου,
358 1208 654 1278 χριόμενοι,
701 1206 1044 1278 παραγώγως
1087 1206 1196 1259 ἀπὸ
1240 1206 1332 1258 τοῦ
1368 1206 1547 1278 Ναζὲρ
1581 1208 1711 1260 ἐκα-

134 1299 326 1354 λοῦντο
373 1300 658 1370 Ναξιραῖοι
686 1315 698 1328 ·
755 1300 783 1351 ὁ
820 1298 876 1350 δὲ
925 1299 1113 1369 Σωτὴρ
1160 1300 1251 1351 καὶ
1303 1299 1505 1369 Κύριος
1556 1298 1711 1368 ἡμῶν

136 1391 282 1445 κατὰ
316 1389 475 1460 φύσιν
510 1390 645 1459 ἔχων
691 1389 752 1442 τὸ
785 1389 958 1456 ἅγιον,
1004 1390 1095 1440 καὶ
1130 1388 1190 1440 τὸ
1234 1387 1471 1449 ἄθικτον,
1516 1387 1607 1440 καὶ
1652 1388 1711 1439 τὸ

137 1482 533 1554 ἀφωρισμένον,
564 1482 625 1533 οὑ
654 1480 904 1549 δεόμενός
936 1496 998 1548 γε
1026 1480 1321 1552 χρίσματος
1348 1480 1707 1551 ἀνθρωπίνου,

135 1576 288 1646 ὅμως
318 1574 414 1643 τῆς
455 1572 545 1625 τοῦ
587 1570 888 1643 Ναζιραίου
936 1571 1303 1642 προσηγορίας
1350 1573 1479 1641 παρ’
1505 1569 1711 1642 ἀνθρώ-

1812 393 1967 436 catus
1999 398 2120 437 esse
2142 383 2366 450 dicitur,
2393 394 2446 438 et
2471 384 2553 438 sic
2582 384 2874 441 Nazarazus
2904 389 3199 444 vocandus.
3226 389 3384 449 Scire

1814 471 1980 540 igitur
2023 480 2237 542 oportet
2278 473 2422 541 quod
2474 490 2670 529 nomen
2703 485 2787 531 est
2839 475 3165 532 llebraicum
3211 481 3378 536 Nazi-

1812 576 1977 615 rmum
2023 562 2075 614 in
2127 561 2391 627 Levitico,
2441 564 2491 617 in
2530 565 2651 633 ejus
2678 565 2882 623 Christi
2921 571 3181 626 unctione
3217 588 3379 641 quem

1811 650 1912 719 ipsi
1944 652 2232 705 habebant.
2268 652 2437 706 Porro
2458 654 2543 707 hic
2578 664 2692 708 erat
2729 659 3093 727 principatum
3127 662 3382 718 obtinens

1813 742 2109 795 secundum
2148 744 2435 813 imaginem
2468 748 2643 816 magni
2678 756 2731 801 et
2755 750 2868 803 veri
2905 749 3187 807 Pontilicis
3218 754 3381 809 Chri-

1813 832 1881 884 sti
1915 832 2028 897 Dei,
2074 834 2452 889 adumhratum
2482 838 2734 892 videlicet
2764 842 3050 909 quemdam
3098 851 3151 898 et
3188 845 3383 911 [igura-

1812 932 1925 978 tum
1952 926 2228 982 Christum
2255 938 2671 997 reprtesentans.
2706 930 2802 985 Ubi
2823 948 2949 986 vero
2977 932 3116 986 LXX
3136 936 3200 989 de
3232 935 3378 989 Pon-

1815 1015 1958 1069 tiﬁce
1994 1017 2066 1069 ita
2112 1019 2453 1088 interpretati
2509 1031 2655 1084 sunt,
2710 1042 2727 1072 ι
2759 1033 2811 1077 et
2859 1040 2967 1077 non
3006 1028 3206 1094 polluet
3235 1030 3381 1097 quod

1812 1106 2206 1161 sanctiﬁcatum
2238 1118 2320 1165 est
2355 1110 2444 1165 Dei
2475 1115 2579 1175 sui,
2615 1117 2870 1183 quoniam
2905 1126 3153 1171 sanctum
3197 1122 3378 1174 oleum

1812 1198 2085 1253 unctionis
2109 1199 2199 1254 Dei
2226 1203 2310 1255 sui
2335 1203 2400 1268 θ’,
2428 1223 2445 1254 ι
2478 1203 2530 1256 in
2558 1202 2822 1260 Dehraico
2844 1210 3057 1277 legitur,
3086 1212 3381 1279 «quoniam

1811 1288 1985 1344 Nazcr
2016 1292 2192 1346 oleum
2228 1311 2241 1347 :
2278 1313 2295 1345 ι
2330 1295 2523 1362 Aquila
2558 1307 2735 1351 autem
2774 1298 2853 1352 sic
2880 1303 3166 1366 convertit,
3204 1320 3222 1351 ι
3256 1318 3385 1370 quo-

1811 1383 1955 1435 niam
1998 1386 2339 1455 segregatio,
2386 1388 2563 1441 oleum
2616 1389 2893 1444 unctionis
2929 1391 3019 1446 Dei
3081 1395 3163 1447 sui
3222 1408 3387 1462 super

1812 1475 2006 1545 ipsum.
2043 1498 2062 1527 ι
2106 1478 2466 1551 Symmachus
2514 1490 2714 1545 autem,
2758 1503 2775 1534 ι
2807 1486 3063 1553 quoniam
3118 1489 3383 1540 intactum

1811 1568 1989 1621 oleum
2020 1571 2293 1624 unetionis
2329 1570 2422 1625 Dei
2452 1572 2535 1625 sui
2561 1589 2725 1642 super
2755 1574 2951 1643 ipsum.
2992 1595 3009 1626 ι
3041 1574 3383 1630 Theodotiou

138 1683 261 1728 mi;
289 1664 494 1734 ἔτυχεν,
523 1664 622 1716 οὐκ
666 1663 773 1715 ἀπὸ
816 1662 907 1715 τοῦ
942 1662 1272 1733 καλουμένου
1309 1662 1490 1735 Ναζὲρ
1534 1662 1710 1715 ἐλαίου

1814 1675 1953 1724 vero,
1992 1680 2010 1711 ‹
2035 1665 2290 1730 quoniam
2331 1661 2509 1717 Nazer
2547 1664 2723 1718 oleum
2758 1665 3033 1719 unctionis
3076 1682 3105 1719 a
3142 1666 3249 1722 Deo
3284 1683 3384 1722 suo

139 1757 429 1828 Ναζιραίος
471 1753 726 1823 γεγονὼς,
758 1754 870 1807 ἀλλ’
910 1752 984 1807 ὢν
1033 1755 1130 1825 μὲν
1162 1758 1227 1825 τῇ
1264 1754 1421 1822 φύσει
1447 1753 1705 1817 τοιοῦτος,

1815 1765 1978 1819 super
2007 1751 2205 1821 ipsum.
2243 1772 2259 1802 ι
2295 1753 2474 1818 Quare
2505 1752 2677 1808 Nazer
2711 1756 2857 1825 ipsos
2883 1758 3101 1825 quidem
3128 1756 3267 1811 LXX
3297 1775 3386 1814 se~

141 1848 355 1918 κληθεὶς
394 1848 449 1900 δὲ
498 1848 591 1900 καὶ
622 1847 749 1917 παρ’
787 1845 1091 1916 ἀνθρώποις
1131 1847 1423 1917 Ναζιραῖος
1468 1846 1575 1899 ἀπὸ
1612 1846 1709 1917 τῆς

140 1939 408 2012 Ναζαρὲθ,
443 1938 571 1992 ἔνθα
596 1938 743 2007 παρὰ
772 1940 883 2000 τοῖς
909 1936 1048 1990 κατά
1081 1938 1256 2006 σάρκα
1289 1935 1503 2004 γονεῦσι
1524 1935 1621 2006 τὴν
1654 1937 1710 1987 ἐν

140 2033 326 2101 παισὶν
382 2029 689 2101 ἀνατροφὴν
737 2028 958 2099 ἔσχηκε.
1015 2026 1106 2079 Διὸ
1150 2027 1395 2080 λέλεκται
1434 2025 1586 2096 παρά
1633 2024 1711 2095 τῷ

140 2123 402 2192 Ματθαίῳ
427 2139 440 2151 ⁸
498 2140 516 2172 ι
548 2120 955 2193 Χρηματισθεὶς
994 2119 1049 2173 δὲ
1093 2120 1211 2172 κατ’
1242 2120 1371 2190 ὄναρ
1424 2118 1600 2190 (δῆλον
1630 2117 1708 2179 δὲ,

140 2216 218 2268 ὅτι
252 2215 281 2266 ὁ
321 2213 561 2283 Ἰωσὴφ),
613 2210 958 2282 ἀνεχώρησεν
1004 2212 1082 2273 εἰς
1114 2211 1180 2264 τὰ
1226 2209 1363 2281 μέρη
1411 2210 1509 2279 τῆς
1558 2206 1713 2261 Γαλι-

139 2306 294 2360 λαίας
312 2323 327 2336 ο
357 2307 448 2359 καὶ
467 2304 640 2358 ἐλθὼν
666 2304 983 2375 κατῴκησεν
1014 2305 1092 2367 εἰς
1115 2304 1267 2356 πόλιν
1282 2302 1578 2373 λεγομένην
1596 2302 1711 2354 Να-

142 2396 300 2467 ζαρὰ,
333 2397 480 2459 ὅπως
525 2395 786 2467 πληρωθῇ
838 2394 898 2447 τὸ
932 2395 1089 2466 ῥηθὲν
1117 2394 1205 2448 διά
1247 2394 1354 2447 τῶν
1400 2393 1709 2465 προφητῶν,

140 2488 218 2539 ὅτι
250 2484 562 2558 Ναζαραῖος
608 2486 957 2556 κληθήσεται.
1013 2506 1030 2536 ι
1073 2485 1219 2539 Ἔδει
1267 2486 1364 2556 μὲν
1399 2486 1505 2557 γὰρ
1552 2485 1712 2538 αὐτὸν

142 2578 199 2643 ἐξ
222 2578 461 2641 ἅπαντος
494 2578 653 2648 φύσει
686 2579 777 2631 καὶ
815 2577 1040 2648 ἀληθείᾳ
1070 2576 1364 2641 Ναζιραῖον
1394 2578 1542 2640 ὅντα,
1567 2577 1710 2631 τοῦτ’

141 2671 283 2723 ἐστιν
314 2671 468 2738 ἆγιον
494 2670 583 2722 καὶ
617 2669 835 2724 ἄθικτον
869 2670 961 2723 καὶ
988 2670 1381 2741 ἀφωρισμένον,
1416 2667 1476 2732 ἐξ
1507 2668 1714 2739 ἀνθρώ-

143 2781 256 2816 πων
276 2762 539 2831 κληθῆναι
567 2762 738 2831 ταύτῃ
770 2765 834 2832 τῇ
854 2762 1192 2833 προσηγορίᾳ
1217 2776 1230 2789 ⁸
1262 2761 1371 2813 ἀλλ’
1407 2762 1528 2814 ἐπεὶ
1553 2761 1626 2832 μὴ
1649 2764 1712 2815 ἐκ

141 2854 232 2907 τοῦ
265 2852 451 2925 Ναζέρ
479 2853 656 2906 ἐλαίου
687 2852 890 2923 ταύτης
916 2852 1070 2923 ἔτυχε
1093 2853 1189 2922 τῆς
1218 2853 1603 2925 προσηγορίας,
1639 2854 1712 2923 μὴ

142 2945 352 3016 δεηθεὶς
378 2945 714 3015 ἀνθρωπίνου
747 2944 1064 3016 χρίσματος,
1089 2945 1150 2996 ἐκ
1180 2943 1271 2996 τοῦ
1300 2944 1462 2997 τόπου
1487 2946 1585 3015 τῆς
1605 2946 1715 2997 Να-

145 3036 308 3108 ζαρὲθ
339 3036 437 3109 τὴν
465 3037 778 3107 ἐπωνυμίαν
808 3037 1092 3107 ἐκτήσατο.
1121 3036 1337 3089 Τούτων
1379 3036 1548 3099 οὕτως
1582 3037 1714 3089 ἀπο-

141 3131 515 3202 δεδειγμένων,
548 3131 737 3202 καιρὸς
773 3129 1167 3200 ἐπισκέψασθαι
1192 3129 1283 3182 καὶ
1312 3128 1371 3193 ἐξ
1404 3129 1587 3183 ὁποίου
1616 3129 1711 3199 γέ-
1739 3110 1781 3166 C

144 3240 284 3285 νους,
315 3221 372 3287 ἐξ
403 3220 589 3283 ὁποίας
610 3238 668 3272 τε
706 3219 966 3290 Ἑϐραίων
994 3218 1165 3289 φυλῆς
1192 3221 1220 3271 ὁ
1244 3218 1433 3291 Σωτὴρ
1465 3219 1574 3272 τῶν
1606 3220 1708 3289 ψυ-

144 3314 252 3383 χῶν
281 3315 313 3384 ἡ
324 3313 458 3383 μῶν,
491 3314 520 3363 ὁ
565 3310 796 3382 Χριστὸς
828 3310 921 3363 τοῦ
964 3308 1096 3363 Θεοῦ
1143 3309 1560 3380 προελεύσεσθαι
1587 3312 1713 3379 ἐκηα

146 3406 386 3476 ρύττετο.
422 3402 650 3473 Πρώτας
684 3402 740 3454 δὲ
771 3402 868 3465 τὰς
918 3400 1275 3470 εύαγγελικὰς
1313 3402 1406 3454 καὶ
1437 3401 1564 3472 περὶ
1593 3399 1715 3453 τού-

142 3511 235 3546 του
265 3492 649 3563 παραθήσομαι
670 3491 843 3556 λέξεις
868 3508 880 3520 ·
908 3487 1006 3543 εἷθ’
1028 3490 1216 3562 ὥσπερ
1235 3492 1524 3562 ἁρμονίους
1546 3508 1716 3562 σφρα-

143 3582 298 3648 γῖδας
329 3581 426 3645 τὰς
450 3578 787 3651 πῳφητικάς
816 3579 1005 3643 αὑταῖς
1030 3581 1271 3651 ἐπιθήσω
1300 3581 1617 3653 μαρτυρίας.
1657 3582 1716 3633 '0

150 3674 245 3742 μὲν
285 3668 379 3725 οὖν
411 3671 688 3736 Ματθαῖος
720 3666 823 3725 ὧδε
860 3671 951 3726 τὸν
980 3674 1211 3744 Χριστὸν
1240 3674 1380 3726 κατά
1415 3674 1591 3744 σάρκα
1626 3691 1717 3742 γε-

145 3765 422 3831 νεαλογεῖ·
465 3783 483 3813 ι
525 3763 711 3827 Βίϐλος
762 3764 1025 3833 γενέσεως
1072 3765 1244 3837 Ἰησοῦ
1302 3766 1558 3837 Χριστοῦ,
1599 3767 1715 3819 υἱοῦ

146 3858 326 3919 Δαϐὶδ,
372 3856 486 3909 υἱοῦ
522 3856 786 3927 Ἀϐραάμ.
836 3856 1080 3927 Ἀϐραὰμ
1100 3858 1353 3927 ἐγέννησε
1380 3859 1469 3911 τὸν
1512 3860 1715 3922 Ἰσαὰκ,

157 3948 348 4002 Ἰσαάκ
388 3948 444 3999 δέ
476 3946 729 4016 ἐγέννησε
761 3945 850 3999 τὸν
890 3944 1101 4007 Ἰακὼϐ,
1142 3945 1333 3999 Ἰακὼϐ
1374 3947 1429 3999 δέ
1464 3948 1717 4017 ἐγέννησε

148 4039 237 4089 τὸν
276 4036 499 4099 Ἰόύδαν,
573 4038 663 4088 καὶ
726 4034 794 4087 τὰ
834 4033 977 4104 ἑξῆς.
1014 4035 1232 4104 Συνᾲδει
1280 4035 1333 4089 δὲ
1378 4036 1526 4106 αύτῷ
1559 4039 1650 4090 καὶ
1692 4040 1720 4090 ὁ

160 4130 501 4193 Ἀπὸστολος,
522 4128 692 4194 λέγων
726 4127 1028 4198 ἀφωρίσθαι
1066 4146 1082 4179 ι
1104 4129 1183 4190 εἰς
1218 4128 1540 4197 Εύαγγέλιον
1563 4128 1717 4191 Θεοῦ,

143 4221 171 4271 ὃ
210 4219 682 4290 προεπηγγείλατο
709 4217 796 4270 διὰ
826 4217 933 4269 τῶν
970 4217 1261 4288 προφητῶν
1303 4218 1466 4270 αὑτοῦ
1497 4220 1552 4271 ἐν
1582 4218 1722 4289 Γρα-

146 4313 276 4377 qui;
308 4308 488 4377 ἁγίαις
533 4308 659 4379 περὶ
691 4306 784 4360 τοῦ
829 4306 958 4359 Υἱοῦ
993 4306 1158 4359 αὐτοῦ
1189 4305 1295 4358 τοῦ,
1323 4306 1612 4377 γενομένου
1656 4308 1719 4359 ἐκ

144 4401 464 4471 σπέρματος
496 4399 656 4451 Δαϐὶδ
702 4397 841 4451 κατὰ
876 4398 1072 4469 σάρκα.
1111 4386 1131 4448 ιν
1158 4397 1371 4450 Γένοιτο
1402 4397 1446 4450 δ’
1486 4397 1552 4450 ἂν
1587 4396 1722 4467 σύμ-

145 4512 302 4561 φωνα
327 4493 499 4546 ταῦτα
531 4495 648 4555 ταῖς
672 4491 843 4555 οῦτως
882 4491 1129 4561 ἐχούσαις
1158 4492 1543 4561 προρρήσεσιν.

1810 1843 2104 1911 quentibus
2129 1854 2369 1897 sanctum
2400 1845 2524 1907 erit,
2558 1845 2735 1915 ipsum
2762 1862 2889 1900 vero
2917 1849 3191 1918 Aquilam,
3226 1865 3382 1919 sepa—

1810 1934 1972 1996 ratio,
2006 1933 2391 2005 Symmachum
2421 1945 2624 2001 autem,
2657 1940 2950 2003 intactum;
2986 1942 3170 2009 itaque
3200 1958 3264 1995 ex
3301 1943 3385 1997 his

1809 2023 2111 2079 Naziraaum
2162 2042 2359 2081 nomen
2411 2028 2768 2098 significabit,
2821 2039 2913 2083 aut
2960 2040 3240 2098 sanctum,
3292 2046 3386 2089 aut

1814 2126 2176 2188 segregatum,
2220 2125 2313 2173 aut
2360 2120 2648 2175 intactum.
2689 2123 2758 2176 At
2793 2140 2923 2178 vero
2970 2125 3135 2193 prisci
3165 2127 3385 2195 quidem

1814 2208 2163 2273 sacerdotes,
2236 2225 2360 2264 cum
2418 2212 2539 2266 oleo
2599 2222 2954 2282 comparato,
3032 2216 3175 2285 quod
3242 2216 3385 2285 apud

1815 2299 1997 2355 Mosen
2049 2299 2222 2355 Nazer
2278 2303 2597 2371 appellatur,
2653 2315 3015 2374 ungerentur,
3066 2322 3131 2360 ex
3172 2307 3385 2361 deriva-

1812 2392 1960 2446 tione
2004 2391 2237 2446 aNazer
2299 2393 2639 2448 vocabantur
2682 2394 2928 2450 Nazirazi.
2982 2396 3088 2452 Sed
3142 2396 3385 2451 Salvator

1814 2489 1867 2535 et
1893 2480 2156 2537 Dominus
2185 2491 2392 2547 noster,
2424 2494 2612 2553 suapte
2650 2494 2844 2539 natura
2878 2488 2931 2540 in
2967 2504 3024 2541 se
3066 2487 3297 2553 habens,
3334 2498 3383 2543 et

1815 2580 2085 2638 sanetum,
2121 2584 2170 2629 et
2194 2576 2482 2642 intactum,
2510 2582 2562 2630 et
2583 2587 2913 2644 separatum,
2952 2595 3129 2649 neque
3153 2580 3385 2649 alicujus

1814 2666 2063 2736 indigens
2090 2666 2342 2721 humanae
2387 2669 2682 2732 unctionis,
2714 2680 2897 2725 tamen
2938 2670 3164 2724 Nazirrei
3197 2673 3384 2740 appel-

1816 2756 2073 2811 lationem
2109 2757 2251 2825 apud
2276 2758 2524 2814 homines
2551 2761 2807 2825 obtinuit,
2833 2777 2943 2816 non
2983 2763 3128 2833 quod
3160 2764 3227 2817 ab
3262 2764 3385 2818 oleo

1815 2846 1958 2913 quod
1991 2844 2163 2898 Nazer
2179 2844 2466 2901 vocaretur
2488 2847 2765 2905 Nazirzeus
2800 2851 3092 2917 exstiterit,
3118 2852 3213 2906 sed
3240 2855 3385 2923 quod

1814 2938 2064 3007 quamvis
2100 2946 2294 2993 natura
2322 2941 2539 3010 quidem
2585 2942 2710 2997 talis
2757 2952 2922 3006 esset,
2959 2953 3137 2998 tamen
3182 2958 3212 2997 a
3256 2945 3383 2999 civi-

1813 3037 1926 3085 tate
1959 3029 2227 3086 Nazareth
2272 3034 2413 3101 apud
2440 3033 2690 3092 homines
2718 3034 2998 3091 Naziraeus
3038 3047 3263 3093 vocatus
3293 3038 3384 3101 sit,

1814 3124 1907 3177 ubi
1938 3124 2081 3193 apud
2109 3139 2259 3189 suos,
2292 3140 2400 3194 qua
2433 3124 2596 3180 homo
2634 3136 2771 3191 erat,
2810 3136 3084 3198 parentes,
3119 3129 3384 3197 puerilem

1812 3212 2190 3267 educationem
2224 3214 2477 3269 obtinuit.
2520 3214 2599 3270 Ex
2630 3233 2739 3287 quo
2783 3217 2924 3287 apud
2954 3217 3262 3273 Matthaeum
3303 3219 3381 3272 di-

1814 3310 1963 3356 ctum
2014 3311 2134 3358 est:
2168 3303 2329 3374 350
2356 3322 2373 3355 ι
2404 3304 2689 3376 Responso
2721 3317 2902 3363 autem
2944 3309 2998 3362 in
3048 3311 3256 3364 somnis
3290 3324 3383 3363 ac-

1814 3403 1970 3461 cepto
2002 3393 2139 3464 (ipse
2167 3395 2420 3451 videlicet
2447 3395 2670 3469 Ioseph)
2706 3399 2933 3454 secessit
2964 3399 3020 3452 in
3067 3407 3252 3469 partes
3282 3397 3391 3454 Ga-

1817 3483 2000 3550 lilaee;
2048 3492 2099 3538 et
2127 3486 2349 3542 veniens
2387 3486 2654 3543 habitavit
2684 3491 2739 3543 in
2780 3490 3000 3544 civitate
3030 3506 3151 3560 quae
3182 3491 3388 3545 dicitur

1817 3572 2048 3640 Nagara,
2084 3584 2144 3629 ut
2178 3577 2497 3648 impleretur
2519 3583 2661 3651 quod
2686 3581 2892 3634 dictum
2921 3588 3004 3636 est
3033 3596 3129 3650 per
3152 3583 3389 3652 prophe-

1815 3665 1945 3728 tam‘,
1966 3666 2110 3734 quod
2140 3666 2429 3725 Nazarazus
2454 3671 2734 3725 vocabitur
2752 3671 2821 3724 ’³.
2844 3690 2870 3722 θ
2914 3670 3213 3741 Oportebat
3237 3676 3385 3727 enim

1816 3769 2210 3825 usquequaque
2236 3772 2359 3811 cum
2390 3759 2505 3829 ipse
2532 3765 2720 3827 suapte
2751 3767 2947 3813 natura
2976 3767 3031 3814 et
3062 3775 3249 3814 revera
3278 3759 3389 3813 Na-

1818 3846 2011 3902 ziraaus
2036 3859 2201 3912 esset,
2230 3850 2330 3903 hoc
2359 3858 2443 3905 est
2470 3857 2713 3916 sanctus,
2738 3850 2998 3914 intactus,
3042 3860 3380 3920 segregatus,

1818 3938 1969 3990 illum
2023 3939 2090 3993 ab
2122 3940 2434 3995 hominibus
2478 3942 2578 3996 hac
2623 3942 2988 4011 appellatione
3026 3944 3241 4007 vocari;
3293 3942 3389 3997 sed

1819 4028 2078 4097 quoniam
2122 4036 2235 4084 non‘
2280 4045 2310 4083 a
2343 4019 2514 4085 Nazer
2544 4032 2664 4086 oleo
2698 4032 2840 4085 hanc
2883 4033 3119 4087 obtinuit
3152 4032 3376 4102 appella-

1819 4118 2042 4185 tio'nem,
2073 4123 2271 4192 quippe
2302 4125 2393 4192 qui
2424 4124 2672 4178 humanae
2704 4125 2909 4179 nullius
2942 4125 3219 4179 unctionis
3245 4124 3385 4177 indio

1822 4221 1989 4282 geret,
2050 4230 2078 4267 a
2124 4216 2244 4269 loco
2289 4214 2556 4271 Nazareth
2607 4216 3103 4271 denominationem
3152 4218 3365 4286 accepit

1820 4304 1954 4359 Cum
1980 4305 2146 4374 igitur
2178 4306 2290 4360 haec
2317 4306 2371 4360 in
2402 4307 2549 4361 hunc
2580 4309 2799 4362 modum
2834 4317 3052 4364 ostensa
3084 4309 3213 4373 sint,
3245 4319 3389 4363 tem-

1823 4417 1927 4469 pus
1953 4402 2065 4470 jam
2097 4416 2219 4456 esse
2255 4401 2468 4455 videtur
2500 4401 2789 4470 inspicere,
2837 4410 2889 4458 et
2922 4420 2985 4457 ex
3018 4418 3126 4473 quo
3161 4418 3383 4474 genere,

1754 4485 1797 4539 D
1822 4499 1876 4544 et
1897 4507 1962 4545 ex
1998 4506 2103 4561 qua
2144 4489 2490 4545 llebrteorum
2532 4492 2703 4555 tribu,
2741 4494 3045 4547 animarum
3077 4502 3389 4549 nostrarum

146 4589 404 4643 Salvator
431 4588 683 4643 Christus
742 4586 833 4641 Dei
874 4586 1187 4657 proditurus
1257 4583 1622 4638 nuntiaretur.
1661 4581 1926 4638 Caeterum
1970 4584 2074 4639 hac
2103 4584 2170 4640 de
2217 4600 2275 4640 re
2301 4586 2534 4654 primum
2570 4586 2737 4640 verba
2804 4587 2991 4641 citabo
3045 4587 3387 4656 evangelica,

146 4682 347 4739 deinde
375 4690 631 4751 tanquam
671 4688 827 4734 notas
848 4688 1010 4749 atque
1040 4676 1429 4747 impressiones
1471 4677 1706 4732 maxime
1743 4679 2204 4743 accommodatas,
2267 4678 2584 4749 prophetica
2624 4679 2734 4734 illis
2802 4680 3092 4751 adjungam
3153 4679 3391 4733 testimo-

148 4776 261 4830 nia.
300 4773 585 4827 Matthreus
609 4787 739 4842 ergo
794 4771 998 4826 Christi
1061 4786 1254 4841 genus,

1328 4778 1596 4839 quatenus
1639 4771 1704 4823 ad
1756 4770 2046 4824 humanam
2103 4772 2222 4839 ejus
2265 4781 2516 4827 naturam
2561 4775 2819 4842 pertinet,
2867 4775 2923 4829 in
2972 4774 3117 4827 hunc
3167 4770 3389 4826 modum

147 4868 457 4924 describit:
496 4885 513 4915 ι
544 4864 703 4920 Liber
736 4863 1104 4935 generationis
1148 4862 1275 4918 Jesu
1320 4862 1560 4926 Christi,
1616 4862 1711 4915 ﬁlii
1752 4862 1940 4925 David,
1981 4864 2075 4917 lilii
2110 4864 2405 4920 Abraham.
2442 4865 2714 4920 Abraham
2780 4867 2966 4937 genuit
3023 4867 3195 4919 Isaac.
3241 4863 3394 4919 Isaac

146 4967 332 5013 autem
395 4956 582 5027 genuit
640 4952 828 5007 Jacob.
883 4951 1055 5008 Jacob
1118 4961 1296 5006 autem
1375 4954 1560 5021 genuit
1618 4950 1813 5007 Judam
1866 4953 1933 5020 9‘,
1966 4971 1983 5005 ι
2038 4962 2093 5008 et
2158 4970 2278 5025 quae
2346 4964 2670 5026 sequuntur.
2717 4955 2855 5010 Huic
2912 4970 3044 5010 vero
3098 4954 3393 5024 Apostolus

144 5064 370 5122 quoque
393 5046 708 5109 concordat,
745 5044 838 5115 qui
867 5044 1020 5106 dicit,
1066 5062 1083 5093 ι
1116 5048 1458 5113 segregatum
1496 5058 1555 5098 se
1584 5058 1706 5098 esse
1746 5045 1799 5097 in
1835 5042 2184 5113 Evangelium
2225 5044 2340 5111 Dei,
2390 5047 2535 5118 quod
2575 5057 2700 5103 ante
2766 5047 3087 5117 promiserat
3116 5062 3213 5116 per
3267 5059 3390 5115 pro-

146 5144 347 5215 phetas
377 5155 505 5195 suos
536 5138 590 5191 in
620 5135 918 5207 Scripturis
958 5136 1161 5191 sanctis
1190 5135 1256 5189 de
1284 5133 1419 5189 Filio
1450 5150 1572 5201 suo,
1611 5136 1703 5205 qui
1746 5140 1923 5191 factus
1977 5145 2060 5192 est
2123 5153 2189 5192 ex
2246 5140 2453 5195 semine
2484 5140 2652 5196 David
2689 5144 2987 5197 secundum
3022 5152 3243 5195 carnem
3264 5137 3335 5197 ".
3364 5152 3390 5191 ι

146 5233 376 5290 Fuerint
400 5246 529 5286 vero
569 5231 682 5285 haec
704 5236 1069 5287 consentanea
1111 5230 1200 5293 iis,
1245 5245 1367 5300 quae
1400 5230 1474 5283 ita
1515 5246 1574 5285 se
1617 5229 1841 5294 habent,
1876 5231 2135 5287 oraculis.

219 5429 267 5468 "
311 5427 484 5485 Levit.
518 5444 631 5494 xxi,
666 5427 747 5482 l2.
822 5427 868 5459 ³³
903 5425 1170 5491 Matth.n,
1194 5423 1394 5494 22,23.

1471 5426 1515 5458 ’³
1536 5422 1730 5482 Matth.
1755 5441 1793 5491 ι,
1824 5425 1874 5491 1,
1893 5425 1947 5480 2.

1729 5662 1808 5691 ..ῃ

2022 5428 2067 5459 ³⁸
2096 5426 2256 5482 Rom.
2291 5443 2330 5494 ι,
2368 5427 2471 5482 ι-δ.
