3868 6196
191 219 278 276 553
1075 217 1730 276 DEMONSTBATIONIS
1769 220 2226 279 EVANGELICIE
2268 220 2398 276 LIB.
2442 220 2554 277 VII.

3292 223 3396 279 εει

189 358 282 413 γει·
313 358 333 392 ι
360 341 473 394 Καὶ
512 341 760 413 Σολομὼν
787 339 858 413 ἦν
895 342 1289 412 φιλογύναικος,
1333 344 1429 396 καὶ
1457 341 1615 396 ἔλαϐε
1641 360 1735 410 γυ-

1838 341 2092 397 Salomon
2125 339 2225 397 fuit
2272 340 2560 396 mulierum
2604 347 2834 400 amator.
2869 346 2919 394 et
2968 340 3175 410 accepit
3219 351 3398 396 exter-

186 437 351 496 ναῖκες
385 433 673 505 ἀλλοτρίας
708 434 928 499 πολλὰς,
964 435 1056 489 καὶ
1089 434 1183 505 τὴν
1215 433 1486 503 θυγατέρα
1518 431 1732 503 Φαραὼ,

181 524 528 588 Μωαϐίτιδας,
586 526 995 597 ’Δμμανίτιδας,
1042 527 1134 579 καὶ
1190 526 1509 596 Ἰδουμαίας,
1562 525 1735 598 Σύρας

182 616 255 669 καὶ
294 617 584 681 Χετταίας,
615 618 708 670 καὶ
764 619 1112 690 ’Ᾱμορῤαίας,
1160 619 1224 670 ἐκ
1265 617 1373 670 τῶν
1422 616 1614 682 ἐθνῶν,
1662 612 1736 670 ὧν

179 710 361 760 ἀπεῖπε
415 709 625 780 Κύριος
653 710 681 761 6
709 708 840 773 Θεὸς
883 713 994 773 τοίς
1042 711 1175 774 υἱοῖς
1217 708 1451 782 Ἰσραὴλ,
1484 710 1582 763 οὐκ
1622 710 1735 762 εἰσ-

177 800 478 854 ελεύσεσθαι
506 804 584 866 είς
612 802 800 866 αὐτάς.
842 822 858 853 ι
890 803 997 855 Καὶ
1026 803 1271 874 ἐπιφέρει
1298 802 1505 867 τούτοις
1532 820 1544 832 ·
1580 821 1598 853 ι
1628 804 1736 856 Καὶ

172 892 254 944 οὐκ
280 888 349 961 ἦν
386 894 421 963 ἡ
452 893 653 965 καρδία
690 893 852 946 αὐτοῦ
884 894 1064 947 εὐθεῖα
1088 894 1222 964 μετὰ
1244 895 1446 964 Κυρίου
1474 893 1566 948 τοῦ
1602 892 1734 948 Θεοῦ

172 980 346 1043 αὐτοῦ,
375 981 614 1053 καθὼςὴ
644 984 839 1054 καρδία
869 982 1031 1035 Δαόὶδ
1060 983 1151 1036 τοῦ
1186 983 1387 1053 πατρὸς
1410 982 1575 1036 αὐτοῦ
1595 1000 1609 1015 ·
1643 982 1737 1036 καὶ

171 1074 431 1146 ἐπορεύθη
467 1073 721 1145 Σολομὼν
749 1075 920 1127 ὀπίσω
946 1075 1045 1144 τῆς
1086 1075 1401 1146 Ἀστάρτης,
1439 1074 1736 1144 βδελύγμα-

170 1183 246 1229 τος
271 1166 568 1231 Σιδωνίων,
601 1166 693 1219 καὶ
722 1165 896 1218 ὀπίσω
923 1164 1015 1217 τοῦ
1058 1163 1317 1235 βασιλέως
1348 1164 1547 1229 αὐτῶν,
1581 1164 1733 1217 εἰδώ-

170 1258 245 1309 λου
277 1257 413 1310 υίῶν
451 1256 674 1327 Ἀμμών
696 1273 711 1286 ’
761 1257 853 1309 καὶ
891 1256 1112 1326 ἐποίησε
1135 1254 1384 1327 Σολομὼν
1414 1256 1474 1308 τὸ
1503 1256 1735 1328 πονηρὸν

168 1347 391 1402 ἐνώπιον
428 1349 656 1419 Κυρίου.
691 1367 710 1399 ι
761 1349 867 1401 Καὶ
907 1344 1061 1412 αὖθις
1090 1347 1217 1417 ἑξῆς
1257 1347 1530 1415 ἐπιλέγει·
1570 1367 1587 1399 ι
1627 1348 1736 1401 Καὶ

169 1442 351 1511 ἡγειρε
404 1439 607 1510 Κύριος
654 1438 830 1493 Σατὰν
861 1438 940 1509 τῷ
973 1439 1264 1510 Σολομῶνι,
1314 1441 1405 1494 τὸν
1438 1441 1599 1510 Ἀδερ
1645 1440 1735 1494 τὸν

179 1533 493 1602 Ἰδουμαῖον.
535 1550 553 1583 ι
589 1531 693 1584 Τὸν
720 1531 785 1602 δὴ
814 1532 905 1584 ἐπὶ
930 1533 1202 1595 τοσούτοις
1228 1531 1322 1586 καὶ
1353 1532 1608 1597 τοιούτοις
1630 1534 1737 1586 δια-

169 1623 499 1695 ϐεὸλημένον
537 1623 622 1685 τίς
647 1623 713 1676 ἂν
746 1624 892 1693 αἱρεῖ
928 1623 1082 1693 λόγος
1112 1624 1319 1698 πατέρα
1345 1625 1435 1678 τὸν
1467 1625 1596 1679 Θεὸν
1625 1625 1737 1678 τολ-

175 1720 272 1788 μᾷν
303 1716 722 1787 ἐπιγράφεσθαι,
747 1717 838 1769 καὶ
863 1716 952 1770 τὸν
976 1718 1065 1771 ἐπὶ
1091 1697 1305 1771 πάντων
1326 1719 1457 1771 Θεὸν
1482 1719 1594 1772 υἱὸν
1621 1721 1737 1773 ὲαυ-
1768 1697 1807 1751 Β

175 1808 248 1862 τοῦ
284 1808 632 1879 πρωτότοκον
678 1807 1029 1880 ἀναγορεύειν
1068 1809 1259 1875 αὐτόν;
1300 1810 1422 1875 Πῶς
1467 1810 1523 1862 δὲ
1568 1811 1736 1865 ταῦτα

178 1898 283 1951 τοτὲ
315 1896 417 1967 μὲν
449 1896 526 1960 ὡς
572 1898 698 1969 περὶ
742 1897 903 1951 αὐτοῦ
949 1899 1163 1967 λέγεται
1195 1900 1288 1953 τοῦ
1321 1901 1505 1964 Δαϐὶδ,
1534 1903 1651 1956 τοτὲ
1678 1902 1735 1956 δὲ

176 1989 242 2053 ὡς
266 1991 392 2062 περὶ
417 1990 731 2060 σπέρματος
753 1991 950 2055 aii-:05;
984 1992 1121 2045 Ἀλλ’
1151 1993 1269 2046 οὐδὲ
1292 1993 1367 2064 τῷ
1393 1994 1555 2047 Δαϐιδ
1576 1995 1737 2066 ἐφαρ-

177 2082 315 2157 μόζοι
358 2081 449 2146 ἂν,
501 2081 577 2145 ὡς
608 2084 958 2155 ὲπιστήσαντί
1000 2101 1081 2137 σοι
1125 2084 1281 2156 δῆλον
1316 2085 1485 2138 ἔσται.
1527 2085 1736 2140 Ούκοῦν

180 2173 252 2227 τὸν
301 2175 368 2226 ὲκ
418 2173 734 2245 σπέρματος
776 2174 937 2229 Δαϐὶδ
979 2177 1375 2247 ἀναστήσεσθαι
1425 2180 1479 2230 ὲν
1529 2178 1736 2242 τούτοις

176 2263 488 2335 δηλούμενον
529 2264 715 2336 ἕτερον
748 2265 1025 2338 ζητητέον.
1069 2268 1205 2319 Ἀλλ’
1244 2269 1415 2331 οὐδεὶς
1446 2269 1603 2333 ἄλλος
1631 2287 1737 2323 τοι-

175 2356 315 2420 οῦτος
338 2356 399 2424 ἐξ
424 2357 590 2411 αὐτοῦ
616 2357 856 2426 γέγονεν,
888 2359 961 2423 ὡς
994 2360 1302 2431 ἱστορεῖται,
1328 2360 1360 2431 ἢ
1390 2361 1471 2414 ὅτι
1502 2378 1565 2430 γε
1600 2357 1678 2426 εἷς
1708 2362 1736 2413 6

181 2448 352 2519 Σωτὴρ
383 2451 479 2501 καὶ
503 2447 707 2519 Κύριος
736 2449 890 2519 ἡμῶν
927 2450 1130 2520 Ἰησοῦς
1154 2452 1182 2504 6
1210 2452 1439 2523 Χριστὸς
1463 2451 1555 2505 τοῦ
1580 2452 1735 2517 Θεοῦ,

178 2539 227 2603 ὸς
260 2540 418 2609 μόνος
448 2540 555 2593 τῶν
581 2540 798 2593 πώποτε
824 2543 888 2594 ὲκ
911 2542 1223 2613 σπέρματος
1252 2542 1411 2595 Δαὸὶδ
1436 2542 1739 2613 βεϐασιλευ-

181 2634 336 2685 κότων
375 2631 501 2686 καθ’
543 2633 668 2703 ὅλης
711 2635 1067 2706 ἀνηγόρευται
1113 2635 1211 2705 τῆς
1254 2635 1576 2706 οἰκουμένης
1625 2635 1737 2698 υίὸς

180 2728 344 2792 Δασιδ,
377 2728 524 2782 κατὰ
551 2729 649 2801 τὴν
680 2730 937 2802 ἔνσαρκον
985 2730 1150 2786 αὐτοῦ
1196 2733 1405 2800 γένεσιν
1454 2731 1740 2801 ὁμολογού-

185 2835 347 2887 μενος,
387 2820 483 2872 καὶ
510 2820 700 2872 τούτου
727 2832 792 2889 γε
827 2821 976 2890 μένει
1014 2821 1106 2874 καὶ
1142 2820 1381 2891 διαμενεῖ
1414 2820 1735 2891 ἠβασιλεία,

182 2912 251 2974 εἰς
280 2910 369 2963 τὸν
401 2911 631 2981 ἄπειρον
671 2910 840 2967 αἰῶνα
885 2913 1301 2983 παρατείνουσα,
1351 2912 1523 2965 καίτοι
1570 2913 1739 2985 μυρία

185 3002 272 3071 μὲν
315 3002 828 3075 ὲπιὸεϐουλευμένη,
871 3003 991 3076 θείᾳ.
1036 3004 1091 3057 δὲ
1140 3005 1233 3057 καὶ
1273 3005 1412 3076 ὑπὲρ
1456 3004 1737 3078 ἄνθρωπον

182 3095 393 3165 δυνάμει
421 3096 480 3148 τὸ
510 3094 690 3149 ἔνθεον
716 3097 809 3149 καὶ
840 3097 1101 3167 ἀήττητον
1134 3097 1231 3168 τῆς
1253 3097 1379 3168 περὶ
1409 3096 1570 3150 αὑτοῦ
1605 3115 1735 3169 προ-

186 3186 396 3255 (θητείας
420 3186 730 3251 ἀκολούθως
761 3187 1188 3259 ἐπιδεικνυμένη.
1220 3188 1282 3240 Εἰ
1306 3187 1360 3240 δὲ
1387 3187 1622 3257 ὀμνύντι-ι
1644 3187 1734 3243 τὸν

184 3277 304 3331 Θεὸν
334 3280 551 3343 ἀκούεις
579 3279 720 3333 κατὰ
738 3279 829 3332 τοῦ
851 3281 1004 3349 ἁγίου
1040 3280 1223 3345 αὑτοῦ,
1253 3281 1326 3344 ὼς
1349 3281 1551 3353 πατρὸς
1574 3281 1734 3334 ἄκουε

185 3371 433 3439 ὀμνύντος
465 3372 608 3425 κατὰ
634 3372 728 3425 τοῦ
756 3372 889 3424 Θεοῦ
927 3372 1118 3441 Λόγου,
1154 3372 1247 3425 τοῦ
1275 3372 1488 3426 πάντων
1526 3371 1734 3426 αἰώνων

188 3460 609 3531 προῦφεστῶτος,
642 3462 798 3530 ἁγίου
844 3463 937 3514 καὶ
976 3462 1293 3533 μονογενοῦς
1325 3462 1484 3516 αὑτοῦ
1522 3463 1733 3529 Παιδὸς,

186 3549 240 3603 ὃν
264 3551 513 3616 ποικίλως
538 3551 887 3623 ἐθεολόγησαν
915 3555 969 3605 αί
1001 3553 1234 3625 πρόσθεν
1266 3556 1396 3624 ἡμῖν
1417 3554 1737 3625 παρατεθεῖ-

191 3660 268 3697 σαι
292 3644 483 3713 φωναὶ,
516 3644 635 3697 καθ’
660 3639 720 3698 οὗ
749 3644 971 3715 ὄμνυσιν
995 3646 1023 3701 6
1051 3645 1181 3708 Θεὸς
1208 3646 1303 3698 καὶ
1350 3645 1527 3717 πατὴρ
1552 3643 1733 3708 αὑτοῦ,

189 3736 254 3800 ὡς
296 3737 432 3791 κατά
474 3738 848 3807 ἠγαπημένον,
879 3739 968 3791 τὸν
1016 3738 1078 3790 ὲκ
1112 3737 1418 3809 σπέρματος
1462 3737 1623 3791 Δαϐὶδ
1647 3737 1737 3790 τὸν

192 3830 396 3901 ἄπερον
431 3828 603 3882 αἰῶνα
634 3830 875 3896 δοξάσειν
896 3847 907 3860 ’
937 3830 965 3882 ὃ
994 3829 1088 3882 καὶ
1121 3829 1339 3899 γέγονεν
1382 3832 1469 3883 ὅτε
1513 3833 1540 3883 6
1567 3830 1737 3897 Λόγος

192 3921 311 3991 σὰρξ
341 3921 631 3992 γενόμενος
655 3920 746 3973 τὸν
776 3923 839 3974 ἐκ
873 3920 1182 3993 σπέρματος
1203 3920 1367 3974 Δαϐὶδ
1393 3921 1644 3993 ἀνείληφε
1676 3938 1734 3974 τε

193 4014 272 4065 καὶ
300 4013 630 4085 ὲθεοποίησε.
654 4015 743 4067 Διὸ
767 4014 857 4067 καὶ
882 4014 993 4066 υἱὸν
1017 4012 1175 4066 αὑτὸν
1197 4012 1514 4084 ἀναγορεύει
1542 4011 1734 4080 λέγων.

198 4118 213 4148 ι
231 4099 360 4167 Ἐγὼ
384 4100 576 4171 ἔσομαι
599 4101 742 4172 αύτῴ
755 4102 832 4165 είς
848 4101 1076 4173 πατέρα,
1096 4100 1190 4155 καὶ
1207 4100 1365 4163 αὐτὸς
1381 4100 1528 4153 ἔσται
1548 4119 1635 4171 μοι
1658 4103 1736 4165 είς

195 4190 354 4244 υἱόν’›
386 4193 481 4244 καί
522 4192 707 4245 πάλινο
743 4211 764 4244 ‹
803 4192 973 4261 Κάγὼ
1006 4192 1345 4265 πρωτότοκον
1376 4191 1609 4262 θήσομαι
1642 4194 1737 4244 αύ-

194 4281 283 4335 τόν.
313 4301 331 4333 ο
359 4281 554 4352 Σαφῶς
584 4283 865 4355 τοιγαροῦν
888 4286 950 4337 ὲκ
982 4285 1184 4338 τούτων
1215 4286 1243 4337 6
1274 4284 1399 4348 Υἱὸς
1428 4285 1519 4339 τοῦ
1553 4284 1686 4338 Θεοῦ
1710 4287 1738 4338 6

1838 450 1939 488 nas
1979 433 2206 489 feminas
2236 436 2458 498 multas,
2485 443 2538 487 et
2573 430 2735 485 ﬁliam
2768 428 3093 495 Pharaonis,
3119 440 3171 487 et
3200 432 3400 490 Moabi-

1838 525 2001 581 tidas.
2046 532 2099 578 et
2135 523 2554 588 Ammanitidas,
2598 531 2652 578 et
2682 521 2967 581 Idumaeas.
3016 532 3071 577 et
3118 522 3304 595 Syras,
3336 533 3400 581 et

1836 619 1995 690 352
2020 619 2308 677 Cliettzeas.
2341 628 2395 673 et
2439 618 2801 684 Amorrhzeas,
2852 633 2917 673 ex
2962 618 3215 688 gentibus
3262 633 3399 689 quas

1838 712 2119 767 interdixit
2161 712 2421 766 Dominus
2468 710 2611 764 Deus
2650 710 2772 764 ﬁliis
2812 708 3021 773 lsrael,‘
3046 726 3151 764 non
3190 710 3398 781 ingredi

1838 803 1904 857 ad
1928 820 2020 858 eas
2044 804 2083 855 ³.
2118 822 2135 853 ι
2169 801 2236 855 Et
2267 802 2513 872 adjungit
2546 821 2559 855 :
2592 821 2610 851 ‹
2642 800 2704 855 Et
2746 817 2855 856 non
2896 809 3012 856 erat
3042 818 3136 855 cor
3160 805 3281 870 ejus
3309 819 3397 858 re-

1836 905 1981 949 ctum
2013 910 2135 950 cum
2174 893 2402 947 Domino
2434 892 2545 946 Deo
2584 909 2704 958 suo,
2735 893 2879 947 sicut
2912 907 3008 947 cor
3035 892 3203 947 David
3229 895 3399 964 patris

1836 984 1956 1050 eius
1982 1002 1995 1049 ;
2026 992 2078 1037 et
2104 983 2238 1036 abiit
2271 980 2528 1036 Salomon
2564 989 2685 1052 post
2715 982 3009 1043 Astartcm.
3046 985 3400 1040 abominatio-

1836 1091 1959 1129 nem
2000 1073 2372 1138 Sidoniorum,
2417 1080 2471 1130 et
2516 1082 2640 1142 post
2702 1089 2883 1144 regem
2925 1090 3134 1141 eorum,
3174 1077 3401 1132 simula-

1836 1183 1989 1223 crum
2024 1167 2257 1223 ﬁliorum
2290 1167 2540 1229 Ammon,
2572 1173 2626 1219 et
2661 1164 2786 1220 fecit
2819 1165 3076 1222 Salomon
3108 1169 3304 1223 malum
3341 1170 3397 1224 in

1837 1266 2130 1327 conspectu
2172 1256 2383 1311 Domini
2410 1256 2450 1311 ⁸.
2488 1274 2505 1307 ι
2534 1254 2599 1308 Et
2646 1271 2840 1310 rursus
2888 1256 3036 1310 addit
3086 1257 3137 1311 in
3177 1258 3243 1313 iis
3280 1276 3400 1330 qua:

1837 1357 2142 1419 sequuntur
2171 1367 2184 1403 :
2216 1367 2234 1399 ι
2268 1346 2332 1402 Et
2382 1347 2668 1403 suscitavit
2713 1346 2975 1404 Dominus
3021 1347 3191 1404 Satan
3245 1349 3400 1407 Salo-

1837 1441 2007 1503 moni,
2041 1440 2185 1494 Ader
2212 1438 2501 1495 ldumzeum
2525 1439 2566 1494 ⁸.
2605 1458 2622 1491 ι
2659 1438 2790 1493 Eum
2819 1438 2983 1510 igitur
3002 1441 3094 1510 qui
3120 1442 3174 1495 in
3198 1443 3399 1499 talibus

1835 1542 1889 1588 et
1932 1533 2100 1587 tantis
2144 1539 2453 1597 accusetur,
2505 1545 2626 1602 qua:
2664 1546 2903 1600 unquam
2960 1532 3096 1586 ratio
3151 1533 3397 1596 dictabit.

1837 1632 2047 1696 patrem
2081 1624 2185 1679 sibi
2215 1623 2415 1679 audere
2458 1621 2625 1677 Deum
2659 1625 2954 1690 ascribere,
2987 1625 3275 1695 ipsumque
3307 1641 3402 1678 su-

1837 1732 2082 1786 premum
2110 1715 2274 1770 Deum
2308 1716 2473 1769 ﬁlium
2500 1716 2646 1770 hunc
2671 1731 2827 1770 suum
2861 1715 3279 1787 primogenitum
3305 1732 3401 1787 ap-

1838 1809 2078 1879 pellare?
2121 1807 2294 1874 Quam
2341 1816 2521 1863 autem
2554 1809 2625 1863 ob
2670 1824 2888 1864 causam
2940 1810 3054 1866 [nec
3092 1812 3227 1867 alias
3277 1812 3402 1881 qui-

1835 1901 1956 1956 dem
1987 1901 2141 1970 quasi
2175 1901 2241 1955 de
2265 1900 2385 1969 ipso
2409 1900 2668 1955 dicuntur
2691 1900 2881 1964 David,
2914 1903 3050 1957 alias
3083 1918 3211 1959 vero
3240 1905 3399 1975 quasi

1836 1994 1903 2048 de
1933 1993 2079 2048 illius
2113 1993 2357 2048 semine?
2397 1992 2561 2063 Atqui
2600 1993 2715 2063 ipsa
2755 1993 2868 2048 haec
2905 1994 3008 2064 ipsi
3043 1996 3261 2065 quidem
3298 1995 3401 2049 Da-

1835 2084 1925 2137 vid
1967 2098 2245 2153 nunquam
2297 2083 2694 2138 accommodari
2747 2086 3400 2155 poterunt,qucmadmo-

1836 2177 1962 2230 dum
2013 2176 2112 2231 tibi
2166 2176 2449 2245 diligenter
2500 2177 2811 2233 observanti
2863 2179 2952 2235 ﬁet
2990 2180 3338 2235 manifestum
3383 2197 3395 2230 :

1839 2269 2003 2339 igitur
2036 2269 2200 2322 alium
2230 2284 2294 2323 ex
2326 2266 2532 2322 semine
2570 2266 2740 2321 David
2770 2279 3166 2335 surrecturum,
3195 2270 3262 2325 de
3290 2284 3398 2339 quo

1837 2358 1951 2413 hac
1994 2360 2215 2413 oracula
2262 2359 2574 2429 loquantur,
2603 2373 2844 2427 quterere
2878 2367 3110 2430 oportet.
3143 2360 3213 2413 At
3248 2361 3393 2415 enim

1836 2466 1903 2506 ex
1934 2451 2025 2505 illo
2050 2458 2321 2521 quatenus
2355 2459 2447 2505 aut
2492 2459 2840 2504 monumenta
2881 2451 3184 2505 litterarum
3214 2449 3395 2519 prodi-

1836 2541 2037 2605 derint,
2070 2547 2164 2594 aut
2207 2540 2260 2594 in
2303 2540 2563 2595 memoria
2596 2538 2874 2593 hominum
2915 2540 3171 2605 resideat,
3214 2541 3395 2595 nullus

1838 2634 1978 2689 alius
2015 2633 2137 2688 talis
2170 2632 2399 2695 exstitit,
2432 2631 2536 2687 nisi
2580 2647 2720 2686 unus
2766 2630 3015 2687 Salvator
3043 2629 3097 2687 e‘t
3137 2632 3396 2688 Dominus

1838 2732 2027 2781 noster
2052 2724 2215 2780 Jesus
2243 2725 2336 2794 qui
2366 2723 2618 2779 Christus
2646 2732 2729 2780 est
2756 2722 2870 2789 Dei,
2896 2724 2987 2793 qui
3011 2724 3230 2795 quidem
3254 2742 3397 2781 unus

1838 2835 1904 2875 ex
1944 2818 2200 2874 omnibus
2222 2818 2315 2887 qui
2349 2832 2586 2886 unquam
2610 2817 2678 2871 de
2706 2815 2913 2871 semine
2943 2816 3107 2871 David
3139 2833 3398 2887 regnave-

1839 2912 1970 2975 rint,
2003 2911 2059 2964 in
2089 2918 2205 2964 toto
2237 2909 2367 2963 orbe
2393 2915 2659 2963 terrarum
2696 2908 2836 2962 ﬁlius
2874 2906 3040 2962 David
3071 2909 3396 2978 appellatur,

1764 3038 1805 3096 ε
1842 3005 2053 3075 hocque
2103 3000 2402 3058 secundum
2443 3001 2587 3056 illius
2630 3009 2812 3055 ortum
2862 3001 2955 3071 qui
2986 3002 3052 3054 ad
3104 3002 3395 3055 humanam

1838 3105 2086 3151 naturam
2130 3093 2365 3163 pertinet
2398 3107 2588 3147 omnes
2629 3091 2957 3145 conﬁtentur
2986 3109 3001 3144 :
3034 3100 3196 3160 atque
3234 3090 3399 3159 hujus

1835 3203 2061 3258 regnum
2092 3194 2144 3240 et
2172 3192 2351 3240 manet
2375 3199 2521 3238 nunc
2548 3191 2601 3239 et
2622 3199 3036 3255 permansurum
3064 3192 3148 3237 est
3171 3183 3398 3252 posthac

1838 3279 1893 3332 in
1939 3276 2206 3331 inﬁnitum
2237 3290 2408 3329 azvum
2450 3289 2824 3343 perseverans,
2875 3287 3050 3342 neque
3086 3271 3398 3326 innumera—

1836 3370 1970 3425 biles
2010 3368 2269 3423 adversus
2300 3364 2432 3420 illud
2468 3364 2675 3419 insidia:
2724 3364 3029 3435 proﬁcient,
3082 3364 3175 3418 sed
3210 3364 3395 3417 divina

1837 3472 1934 3512 sua
1967 3463 2019 3512 et
2051 3457 2173 3527 plus
2220 3470 2380 3525 quam
2417 3454 2651 3507 humana
2698 3456 2915 3519 virtute,
2946 3453 3089 3525 quod
3133 3453 3397 3509 divinitus

1839 3549 2074 3604 amatum
2122 3556 2284 3619 atque
2325 3547 2690 3617 insuperabile
2740 3547 2927 3601 habuit
2960 3547 3244 3617 prophetia
3272 3562 3393 3618 qua

1837 3643 1903 3697 de
1940 3642 2058 3712 ipso
2088 3647 2287 3703 exstat,
2323 3640 2500 3709 palam
2532 3640 2680 3693 omni
2711 3646 2953 3709 tempore
2976 3639 3392 3694 demonstrabit.

1841 3732 1940 3788 Ubi
1969 3747 2097 3788 vero
2123 3731 2288 3786 Deum
2329 3745 2424 3800 per
2449 3737 2695 3786 sanctum
2736 3744 2891 3784 suum
2918 3731 3185 3795 iurantem
3214 3730 3393 3794 audis,

1838 3821 2053 3877 Patrem
2100 3823 2283 3891 accipe
2319 3820 2595 3890 jurantem
2639 3833 2735 3889 per
2786 3817 2953 3873 Deum
2994 3816 3254 3885 Verbum,
3300 3822 3394 3889 qui

1837 3915 2020 3971 omnia
2050 3915 2247 3970 saecula
2275 3913 2563 3979 antecedit,
2595 3918 2843 3967 sanctum
2867 3911 3054 3981 utique
3080 3918 3243 3981 atque
3273 3914 3397 3967 uni-

1838 4022 1961 4061 cum
1985 4023 2140 4063 suum
2175 4005 2390 4071 Filium,
2415 4020 2576 4075 quem
2610 4004 2758 4059 varie
2791 4011 2850 4057 ut
2876 4002 3042 4059 Deum
3076 4012 3201 4061 ante
3230 4021 3260 4060 a
3294 4021 3394 4060 no-

1840 4100 1923 4155 bis
1952 4100 2180 4171 expositi
2218 4115 2498 4155 sermones
2529 4098 2961 4163 celebraverunt,
2994 4114 3091 4169 per
3115 4113 3277 4169 quem
3303 4099 3396 4169 ju-

1839 4200 1922 4245 rat
1953 4191 2097 4248 Deus
2138 4200 2192 4247 et
2220 4201 2371 4262 pater
2395 4192 2565 4261 ipsius
2587 4199 2844 4259 tanquam
2885 4206 2982 4263 per
3016 4192 3297 4256 dilectum,
3334 4207 3395 4247 se

1839 4300 1961 4337 eum
1992 4284 2082 4354 qui
2110 4285 2175 4339 de
2199 4285 2404 4339 semine
2424 4284 2587 4339 David
2620 4285 2827 4338 oriatur
2850 4283 2903 4338 in
2927 4283 3197 4338 inﬁnitum
3221 4299 3396 4340 saccu-

195 4375 513 4445 πρωτότοκος
548 4377 612 4428 ἐκ
646 4375 953 4447 σπέρματος
990 4375 1206 4429 ἔσεσθαι
1238 4376 1401 4430 Δαόὶδ
1432 4377 1732 4448 ἀνείρηται,

1840 4377 1950 4430 lum
1990 4376 2456 4447 gloriﬁcaturum;
2491 4376 2635 4445 quod
2671 4375 2845 4444 ipsum
2872 4375 3034 4429 etiam
3069 4384 3153 4431 est
3196 4376 3397 4433 factum

192 4461 311 4519 ὥστε
340 4467 436 4519 ἕνα
469 4465 566 4518 καὶ
599 4465 687 4519 τὸν
729 4467 887 4520 αὐτὸν
918 4462 1054 4521 εἶναι
1080 4466 1168 4521 τὸν
1200 4468 1313 4521 υἱὸν
1347 4467 1437 4521 τοῦ
1470 4468 1632 4521 Δαϐὶδ
1662 4468 1739 4539 τῷ

193 4554 305 4611 Θεοῦ
337 4557 488 4628 Υίῷ,
522 4557 614 4610 καὶ
645 4558 734 4610 τὸν
766 4558 891 4611 Υἰὸν
923 4558 1012 4613 τοῦ
1052 4558 1186 4612 Θεοῦ
1220 4556 1296 4630 τῷ
1329 4559 1429 4630 υἱῷ
1454 4559 1632 4612 Δα6ίδ·
1671 4559 1737 4611 δι’

190 4638 251 4701 ὧν
284 4647 528 4721 ἐναργῶς
566 4650 595 4701 6
643 4649 985 4719 Πρωτότοκος
1038 4649 1213 4721 πάσης
1253 4650 1481 4713 κτίσεως
1523 4651 1682 4714 αὐτὸς
1710 4653 1737 4703 ό

191 4736 298 4804 T16;
344 4740 435 4793 τοῦ
470 4738 607 4791 Θεοῦ
653 4739 766 4803 υίὸς
805 4738 1089 4811 ἀνθρώπου
1142 4741 1463 4814 γενήσεσθαι
1498 4760 1736 4813 προειρη-

190 4831 372 4884 τεύετο.
416 4832 529 4885 Καὶ
582 4830 735 4884 τοῦτο
784 4831 839 4883 δὲ
882 4832 941 4885 τὸ
984 4832 1159 4901 λόγιον
1201 4836 1233 4905 ἡ
1280 4834 1372 4886 τοῦ
1408 4834 1735 4903 Εὑαγγελίου

192 4925 352 4996 γραφὴ
385 4924 854 4996 ἐπισφραγίζεται,
889 4925 956 4977 δι’
987 4918 1060 4979 ὦν
1107 4943 1267 4998 φησιν
1310 4926 1602 4980 ἐπιστάντα
1646 4926 1735 4980 τὸν

191 5010 406 5087 Γαϐριὴλ
440 5018 505 5087 τῇ
547 5017 676 5089 ἁγία
706 5016 964 5089 Παρθένῳ
1005 5018 1168 5087 φάναι
1201 5021 1327 5091 περί
1360 5018 1451 5073 τοῦ
1487 5019 1736 5092 Σωτῆρος

190 5105 347 5174 ἡμῶν
382 5129 397 5159 ι
429 5104 594 5173 Οὗτος
626 5109 774 5164 ἔσται
809 5108 1002 5179 μέγας,
1037 5110 1129 5164 καὶ
1162 5110 1275 5175 υἱὸς
1315 5111 1568 5181 Ὑψίστου
1601 5111 1731 5182 κλη-

192 5194 416 5266 θήσεται,
452 5202 545 5255 καὶ
583 5200 743 5255 δώσει
784 5201 930 5272 αὐτῷ
962 5203 1162 5275 Κύριος
1194 5205 1223 5256 6
1266 5203 1397 5268 Θεὸς
1424 5203 1515 5257 τὸν
1544 5203 1730 5274 θρόνον

196 5288 343 5343 Δαεὶδ
387 5292 476 5346 τοῦ
525 5293 732 5364 πατρὸς
781 5291 965 5355 αὑτοῦ,
1013 5293 1106 5346 καὶ
1154 5292 1459 5363 βασιλεύσει
1505 5293 1597 5347 ἐπὶ
1638 5295 1739 5348 τὸν

200 5371 327 5433 οἶκον
366 5381 552 5437 Ἰακὼϐ
598 5387 678 5448 είς
725 5384 849 5448 τοὺς
899 5383 1129 5449 αἰῶνας,
1176 5385 1269 5437 καὶ
1311 5382 1413 5455 τῆς
1458 5383 1731 5454 βασιλείας

202 5469 341 5527 abso-3
369 5475 461 5528 οὐκ
490 5476 640 5530 ἔσται
669 5476 840 5540 τέλος.
881 5494 901 5528 ι
927 5476 1035 5530 Καὶ
1073 5476 1211 5546 μετὰ
1242 5476 1447 5549 βραχέα
1477 5477 1534 5532 δὲ
1566 5478 1624 5531 ἐν
1653 5476 1729 5549 τῷ

236 5648 573 5724 ιιιιῐιες.ιι,
616 5650 667 5703 i.
730 5649 1048 5707 ‘ibidJ-ﬁ.
1114 5651 1411 5709 'ibidJI.

484 5745 749 5807 PATROL.
783 5747 897 5809 Gn.
934 5745 1169 5833 XXII._

1836 4483 1944 4537 quo
1975 4475 2213 4537 tempore
2238 4467 2470 4523 Verbum
2497 4484 2624 4523 caro
2653 4470 2899 4523 edoctum
2930 4477 3033 4532 est,
3072 4479 3125 4525 et
3152 4487 3277 4526 eum
3305 4473 3398 4542 qui

1838 4558 1905 4613 de
1952 4560 2157 4613 semine
2211 4558 2379 4613 David
2426 4561 2730 4623 oriebatur,
2779 4561 3079 4630 assumpsit
3122 4560 3399 4632 Deumque

1836 4648 2030 4705 effecit.
2055 4648 2323 4715 Quocirca
2342 4649 2536 4705 Filium
2560 4666 2774 4721 quoque
2794 4654 3043 4707 eumdem
3062 4654 3293 4722 appellat
3315 4654 3367 4708 di
3383 4682 3395 4693 -

1837 4755 1969 4797 cens
2003 4760 2014 4795 :
2049 4761 2066 4793 ι
2096 4740 2206 4812 Ego
2236 4756 2331 4797 ero
2362 4741 2438 4795 illi
2467 4742 2522 4796 in
2554 4751 2785 4811 patrerr,
2821 4751 2873 4797 et
2903 4742 3020 4812 ipse
3050 4743 3154 4795 erit
3182 4743 3311 4795 mihi
3340 4744 3397 4797 in

1838 4832 2027 4889 lilium.
2062 4852 2079 4883 ι
2115 4830 2181 4884 Ει
2219 4847 2413 4887 rursus
2440 4850 2453 4885 :
2483 4850 2501 4883 ι
2532 4830 2598 4885 Et
2620 4846 2721 4901 ego
2754 4830 3173 4901 primogenitum
3197 4842 3396 4899 ponam

1837 4924 2009 4980 illum.
2036 4944 2054 4977 ι
2098 4922 2423 4979 Planissime
2456 4923 2619 4993 igitur
2651 4924 2707 4978 in
2755 4924 2841 4977 his
2879 4922 3061 4976 verbis
3089 4917 3255 4974 Filius
3301 4906 3411 4972 Dei.

1835 5017 1995 5089 353
2021 5018 2407 5088 primogenitus
2436 5017 2504 5072 de
2542 5017 2748 5072 semine
2777 5013 2944 5067 David
2971 5012 3187 5066 futurus
3216 5010 3396 5065 dictus

1837 5120 1943 5174 est,
1993 5110 2129 5165 adeo
2161 5111 2398 5181 quidem,
2448 5119 2508 5165 ut
2542 5127 2682 5167 unus
2732 5119 2894 5181 atque
2941 5109 3081 5165 idem
3134 5111 3204 5164 sit
3246 5106 3396 5162 ﬁlius

1837 5204 2004 5260 David
2034 5221 2154 5259 cum
2186 5203 2322 5259 Filio
2354 5205 2468 5269 Dei,
2493 5212 2546 5260 et
2585 5204 2754 5260 Filius
2788 5204 2878 5259 Dei
2908 5219 3030 5259 cum
3062 5203 3175 5258 ﬁlio
3205 5200 3394 5263 David,

1837 5293 1895 5347 in
1939 5294 2140 5365 quibus
2168 5294 2572 5351 evidentissime
2598 5295 2994 5365 primugenitus
3034 5292 3214 5348 omnis
3242 5304 3398 5346 crea-

1836 5392 1974 5440 turae
2003 5384 2118 5450 ipse
2141 5385 2313 5441 Filius
2350 5385 2461 5451 Dei,
2487 5384 2630 5441 ﬁlius
2660 5386 2892 5441 hominis
2921 5383 3138 5438 futurus
3164 5382 3398 5437 caneba-

1837 5484 1945 5534 tur.
1995 5474 2112 5535 Hoc
2173 5487 2353 5534 autem
2401 5478 2680 5533 oraculum
2744 5473 3027 5548 Scriptura
3089 5472 3401 5546 evangelica

3014 5744 3175 5805 18’
