3922 6200
582 196 686 254 535

1285 192 1548 250 EUSEBII
1586 193 2062 253 CASSARlENSlS
2098 196 2249 255 OPP.
2275 196 2455 255 PARS
2492 198 2533 256 Ι.
2575 230 2645 241 -—
2683 200 3178 260 APOLOGETICA.

3616 168 3707 264 ἐει

584 314 741 391 quasi
780 319 935 390 signo
974 317 1241 388 impresso
1277 315 1585 383 conﬁrmat,
1635 317 1727 372 ubi
1766 318 1864 384 ait,
1906 317 2118 376 Gabriel

2217 319 2395 392 ,αὐτῷ
2444 320 2757 394 Εὑαγγελίῳ
2803 322 3075 394 Ζαχαρίας
3116 324 3145 376 6
3191 320 3279 375 τοῦ
3325 322 3532 378 Ἰωάννου
3566 328 3710 400 πατὴρ

583 430 708 469 cum
745 412 1006 468 astitissct
1034 408 1265 482 Virgini,
1301 410 1507 467 dixisse
1530 410 1598 466 de
1629 409 1910 467 Salvatore
1937 422 2147 479 nostro,

587 526 606 558 ι
636 502 734 561 Hic
766 504 870 560 erit
900 518 1148 576 magnus,
1180 511 1235 558 et
1261 501 1433 559 Filius
1457 501 1726 559 Altissimi
1762 505 2066 571 vocabitur,
2095 513 2150 561 et

580 596 730 651 dabit
761 595 809 651 ei
837 593 1100 650 Dominus
1136 592 1278 649 Deus
1309 593 1490 650 sedem
1522 593 1693 650 David
1729 595 1902 666 patris
1923 595 2066 667 ejus,
2095 605 2149 653 et

583 687 832 759 regnabit
864 687 920 743 in
948 687 1112 743 domo
1152 685 1322 743 Jacob
1354 688 1410 742 in
1436 695 1721 753 aeternum,
1752 698 1807 744 et
1848 692 2000 760 regni
2028 690 2147 760 ejus

584 792 692 832 non
717 777 821 831 erit
863 775 986 832 ﬁnis
1009 777 1049 830 ⁸.
1090 795 1108 830 ι
1140 775 1206 831 Ει
1230 784 1354 848 post
1394 791 1565 848 pauca
1591 777 1643 831 in
1674 776 1862 832 eodem
1904 776 2147 848 Evange-

583 867 678 930 lio,
725 865 1021 921 Zacharias
1051 860 1282 920 Joannis
1312 874 1467 937 pater
1496 865 1612 920 haec
1654 865 1722 921 de
1751 865 1971 922 Christo
2008 866 2149 920 divi-

577 967 672 1015 nat
698 974 712 1010 :
744 978 763 1010 ι
800 957 1129 1015 Benedictus
1158 957 1425 1013 Dominus
1448 957 1593 1014 Deus
1615 956 1806 1025 Israel,
1837 959 1964 1030 quia
2013 959 2145 1014 visi-

578 1051 712 1107 tavit
740 1059 794 1107 et
829 1051 957 1106 fecit
998 1050 1427 1119 redemptionem
1468 1051 1672 1123 pepulo
1719 1065 1841 1115 suo,
1879 1060 1933 1107 et
1972 1052 2144 1107 erexit

573 1159 743 1199 cornu
786 1143 981 1201 salutis
1011 1142 1064 1197 in
1104 1142 1266 1198 nobis
1296 1142 1353 1197 in
1390 1141 1561 1199 domo
1610 1141 1782 1197 David
1834 1143 1987 1213 pueri
2031 1143 2139 1208 sui,

572 1234 713 1290 sicut
741 1235 957 1291 locutus
1005 1241 1091 1290 est
1137 1250 1233 1305 per
1263 1248 1328 1289 os
1371 1242 1709 1299 sanctorum,
1740 1235 1836 1306 qui
1871 1249 1902 1289 a
1940 1237 2140 1291 saeculo

571 1334 701 1384 sunt
738 1327 1124 1398 pr0phetarum
1163 1326 1284 1396 ejus
1302 1333 1346 1382 ".
1387 1346 1406 1380 ι
1443 1324 1598 1394 Quod
1641 1342 1770 1382 vero
1812 1328 2137 1398 promissam

571 1418 678 1491 ipsi
733 1417 901 1473 David
947 1427 1206 1474 aeternam
1259 1418 1441 1474 sedem
1496 1416 1749 1473 Salvator
1790 1426 1844 1474 et
1876 1417 2139 1475 Dominus

571 1518 756 1567 noster
783 1509 966 1576 Iesus,
1005 1511 1098 1582 qui
1136 1510 1390 1567 Christus
1423 1520 1506 1567 est
1541 1509 1657 1577 Dei,
1694 1526 1870 1581 neque
1900 1513 2040 1567 alius
2070 1527 2137 1566 ex

564 1604 844 1658 hominum
875 1618 1071 1674 genere
1104 1603 1375 1674 quiSpiam
1419 1602 1711 1673 acceperit,
1753 1603 1886 1660 satis
1924 1618 1988 1659 ea
2018 1617 2138 1674 quae

2251 412 2375 466 τάδε
2406 414 2533 484 περὶ
2577 412 2670 466 τοῦ
2717 413 2952 485 Χριστοῦ
3000 410 3254 477 θεσπίζει’
3288 431 3307 463 ι
3341 411 3589 485 Εὐλογητὸς
3616 418 3707 470 Κὺο

2251 522 2366 578 ριος
2390 506 2419 559 6
2445 503 2576 570 Θεὸς
2600 504 2694 559 τοῦ
2722 505 2952 577 Ἰσραήλ,
2971 506 3050 558 ὅτι
3081 503 3413 573 ὲπεσκέλιατο,
3435 506 3514 559 καὶ
3539 508 3707 580 ἐποίησε

2248 598 2513 671 λύτρωσιν
2545 596 2622 669 τῷ
2649 596 2764 668 λαῷ
2795 595 2981 660 αὑτοῦ,
3003 595 3096 649 καὶ
3120 596 3297 667 ήγειρε
3326 596 3473 667 κέρας
3500 598 3711 668 σωτηρίας

2248 692 2378 763 ἡμῖν
2409 693 2467 745 ὲν
2499 690 2633 762 οἴκῳ
2674 689 2840 744 Δαϐὶδ
2883 687 2972 742 τοῦ
3006 687 3189 750 παιδὸς
3219 687 3393 753 αὐτοῦ,
3436 687 3583 752 καθὼς
3619 688 3711 742 tlt-

2246 782 2375 854 λησε
2412 781 2501 836 διὰ
2547 781 2816 853 στόματος
2866 781 2974 835 τῶν
3030 781 3198 851 ἁγίων
3253 781 3342 833 ἀπ’
3386 779 3551 843 αἰῶνος
3587 780 3713 834 αὐτοῦ

2246 871 2560 944 προφητῶν.
2603 890 2623 924 ι
2681 870 2820 924 Ἀλλ’
2856 871 2938 924 ὅτι
2990 869 3088 942 μὲν
3129 870 3219 923 τὸν
3269 869 3621 941 ἐπηγγελμένον
3654 870 3713 942 τῷ

2245 961 2407 1016 Δαϐὶδ
2454 961 2667 1016 αἰώνιον
2720 961 2906 1034 θρόνον
2948 963 2976 1015 6
3020 959 3208 1032 Σωτὴρ
3256 960 3345 1013 καὶ
3395 960 3567 1031 Κύριος
3597 961 3715 1032 ήμῶν

2256 1050 2461 1124 Ἰησοῦς
2491 1053 2520 1106 6
2553 1052 2787 1126 Χριστὸς
2820 1053 2910 1107 τοῦ
2943 1051 3109 1117 Θεοῦ,
3138 1051 3231 1106 καὶ
3258 1051 3371 1105 οὐδὲ
3398 1050 3532 1114 ἄλλος
3552 1050 3714 1123 ἀνθρώ-

2244 1160 2361 1198 πων
2402 1143 2732 1215 ἀπείληφεν,
2778 1144 2958 1199 ίκανα)⁸
3007 1142 3367 1200 πιστώσασθαι
3406 1146 3454 1199 al
3490 1162 3715 1217 προπαρα-

2239 1237 2475 1293 τεθεῖσαι
2530 1238 2856 1311 μαρτυρίαι,
2895 1239 2930 1310 ή
2979 1255 3038 1293 τε
3083 1238 3175 1293 τοῦ
3219 1238 3440 1312 Γαϐριὴλ
3479 1239 3560 1293 καὶ
3593 1239 3714 1311 ήτοῦ

2240 1332 2531 1403 Ζαχαρίου,
2565 1330 2633 1384 δι’
2662 1324 2738 1385 ὧν
2776 1331 2868 1386 καὶ
2912 1330 3221 1386 συνίσταται
3252 1334 3311 1386 ὲκ
3351 1333 3621 1404 σπέρματος
3653 1350 3717 1400 γε·

2238 1422 2411 1492 γονὼς
2442 1423 2607 1477 Δαϐὶδ
2642 1423 2779 1479 κατὰ
2814 1425 3012 1497 σάρκα.
3063 1424 3178 1477 Τίνι
3213 1424 3267 1479 δὲ
3301 1423 3432 1495 λόγῳ
3459 1424 3540 1477 τὸν
3569 1423 3716 1495 Ἰωσήφ

2238 1514 2651 1585 γενεαλογοῦσιν
2707 1518 2757 1571 οί
2815 1517 2952 1590 ίεροὶ
3002 1515 3401 1586 εὐαγγελισταὶ,
3455 1516 3629 1587 καίπερ
3664 1514 3716 1588 μὴ

2236 1606 2388 1670 ὄντος
2429 1605 2524 1661 τοῦ
2556 1607 2809 1680 Σωτῆρος
2849 1607 3008 1680 ἡμῶν
3058 1607 3120 1673 ἐξ
3165 1606 3350 1672 αὑτοῦ,
3396 1606 3499 1660 ἀλλ’
3525 1606 3577 1673 ἐξ
3604 1606 3715 1676 ἁγίου

565 1695 820 1767 superius
862 1695 1040 1766 posita
1088 1702 1217 1749 sunt
1260 1694 1577 1751 testimonia
1624 1696 2118 1766 comprobaverint,

2235 1697 2546 1769 Πνεῦματος
2593 1699 2685 1753 καὶ
2732 1699 2833 1771 τῆς
2866 1698 3022 1766 ἁγίας
3062 1699 3350 1770 Παρθένου,
3395 1701 3527 1764 ὅπως
3566 1716 3617 1752 τε
3651 1700 3715 1752 tul

565 1802 777 1842 necnon
802 1787 972 1858 ipsius
1006 1785 1224 1842 Gabriel
1255 1793 1310 1841 et
1337 1784 1632 1851 Zachariae,
1659 1786 1715 1840 in
1748 1787 1947 1859 quibus
1966 1788 2128 1842 etiam

2235 1789 2373 1863 αῦτη
2406 1791 2439 1861 ή
2470 1788 2566 1844 τοῦ
2598 1791 2803 1862 Κυρίου
2840 1792 3021 1864 μήτηρ
3066 1791 3178 1846 ἀπὸ
3206 1791 3385 1860 γένους
3412 1791 3495 1845 καί
3524 1789 3714 1862 σπέρμα-

563 1878 695 1934 illud
723 1878 1279 1951 con‘ﬁrmatur,quod,
1297 1887 1568 1951 quatenus
1594 1879 1663 1934 ad
1684 1880 1978 1949 humanam
2007 1880 2118 1951 ejus

2234 1898 2324 1945 τος
2355 1880 2735 1937 ἀποδείκνυται
2771 1878 2911 1937 εἶναι
2939 1882 3123 1947 Δαϐὶδ,
3158 1884 3217 1937 ὲν
3252 1882 3325 1955 τῷ
3352 1881 3532 1956 πρώτῳ
3556 1881 3641 1938 τῶν
3660 1882 3716 1944 είς

562 1979 813 2028 naturam
844 1974 1099 2044 pertinet,
1128 1973 1199 2028 de
1231 1975 1438 2029 semine
1472 1972 1642 2030 David
1673 1981 1839 2030 natus
1873 1980 1979 2030 est.
2008 1972 2118 2028 Cas-

2233 1969 2331 2043 τήν
2356 1969 2703 2040 γενεαλογίαν
2730 1969 2823 2024 τοῦ
2856 1971 3108 2043 Σωτῆρος
3148 1972 3304 2045 ήμῶν
3335 1970 3619 2044 ζητημάτων
3648 1968 3715 2023 καὶ

561 2071 759 2127 terum,
794 2079 899 2135 qua
921 2064 1130 2119 ratione
1158 2065 1331 2136 ipsius
1355 2063 1750 2137 Josephgenus
1771 2066 1943 2123 sancti
1970 2081 2118 2121 evan-

2233 2060 2435 2114 λύσεων
2464 2060 2815 2133 διειληφότες,
2844 2061 2929 2115 ἐπ’
2961 2063 3144 2116 ἐκεῖνα
3171 2063 3294 2127 τοὺς
3321 2062 3596 2135 φιλομαθεῖς
3619 2062 3716 2117 ἀκα-

558 2152 769 2224 εειίειαι
795 2152 1131 2219 describant,
1166 2155 1423 2226 quamvis
1460 2155 1716 2211 Salvator
1747 2164 1936 2213 noster
1962 2171 2027 2211 ex
2061 2172 2118 2212 eo

2233 2152 2542 2225 πέμπομεν,
2591 2153 2676 2223 ἐφ’
2703 2153 2894 2226 ἑτέραν
2925 2154 3072 2226 ήμᾶς
3103 2154 3354 2209 ὑπόθεσιν
3381 2154 3715 2223 κατεπείγοντος

556 2255 718 2301 natus
737 2261 845 2301 non
876 2245 968 2313 sit,
1002 2247 1099 2303 sed
1130 2247 1197 2303 de
1228 2247 1435 2319 Spiritu
1478 2257 1672 2304 sancto
1705 2256 1759 2305 et
1783 2256 1973 2306 sancta
1996 2246 2118 2305 Vir:

2230 2244 2324 2300 τοῦ
2353 2244 2617 2317 παρόντος
2648 2244 2863 2318 καιροῦ.

554 2340 701 2414 gine,
749 2359 964 2416 quoque
1010 2344 1171 2401 modo
1208 2345 1324 2401 haec
1373 2345 1547 2418 ipsius
1588 2344 1805 2401 Domini
1841 2354 2014 2401 mater
2059 2345 2126 2400 de
2155 2358 2354 2416 genere
2380 2358 2445 2409 ex
2472 2342 2681 2397 semine
2699 2340 2870 2398 David
2901 2340 3071 2400 fuisse
3136 2344 3466 2409 ostendatur,
3514 2342 3556 2397 in
3578 2339 3714 2412 primo

553 2444 606 2493 et
635 2437 994 2510 quaestionum
1021 2448 1076 2497 et
1116 2440 1447 2496 solutionum
1487 2456 1608 2512 qua:
1645 2440 1712 2495 ad
1756 2441 1974 2512 generis
2024 2437 2322 2501 Salvatoris
2342 2436 2519 2493 nostri
2565 2437 2763 2494 seriem
2823 2448 2988 2510 atque
3047 2441 3440 2496 enarrationem
3487 2437 3712 2509 pertinent.

552 2516 1069 2604 explicavimusAd
1096 2537 1187 2592 illa
1213 2536 1378 2609 igitur
1427 2552 1524 2593 eos
1553 2536 1644 2608 qui
1675 2536 1892 2592 discere
1932 2536 2161 2607 cupiunt
2197 2535 2548 2600 remittimus,
2601 2535 2821 2607 quando
2878 2535 2946 2591 ad
2999 2537 3148 2594 aliud
3184 2537 3446 2594 scribendi
3493 2546 3714 2608 argumcno

553 2634 667 2682 tum
695 2643 936 2699 praesens
965 2646 1065 2687 nos
1092 2639 1305 2702 tempus
1333 2639 1553 2687 revocat
1579 2638 1742 2703 atque
1771 2630 2024 2702 impellit.

2240 2722 2380 2778 Ἀπὸ
2421 2722 2668 2793 ψαλμοῦ
2695 2729 2802 2779 oa'.
2833 2755 2902 2765 —
2940 2724 3080 2792 Περὶ
3126 2722 3495 2793 Σολομῶντος
3528 2720 3607 2776 καί
3637 2717 3714 2773 τοῦ

552 2741 595 2794 Α
619 2742 824 2814 psalmo
847 2761 993 2800 Lm.
1022 2775 1093 2788 —
1117 2745 1191 2801 De
1231 2744 1516 2802 Salomone
1534 2756 1664 2803 eteo
1704 2748 1794 2820 qui
1819 2762 1885 2805 ea:
1928 2748 2118 2804 semine

1128 2816 1242 2864 eius
1268 2817 1527 2864 nrocedet-

2246 2741 2380 2778 “"0
2402 2741 3590 2864 έῖαέἔέῖᾔζιὲῗδςῖύῗὲἕ⁸πῗὲελὶἔΐὲῗιὲἱοῖ⁶

1128 2816 1242 2886 ejus
1267 2817 1528 2886 procedet.

626 2943 646 2976 ι
686 2923 850 2988 Deus.
871 2923 1137 2995 judicium
1162 2933 1315 2980 tuum
1339 2927 1452 2997 regi
1480 2927 1570 2995 da,
1597 2935 1651 2984 et
1673 2927 1945 2999 justitiam
1960 2937 2118 2985 .tuam

2303 2925 2323 2959 ι
2369 2907 2427 2961 ’0
2458 2906 2610 2972 Θεὸς,
2646 2908 2708 2961 τὸ
2739 2908 2915 2982 κρῖμά
2947 2926 3040 2964 σου
3071 2908 3148 2980 τῷ
3189 2910 3392 2984 βασιλεῖ
3416 2909 3512 2974 δὸς,
3548 2905 3624 2960 καὶ
3646 2903 3716 3012 '1,”

552 3016 662 3072 tilio
686 3018 829 3089 regis
841 2993 884 3082 ⁸,
919 3037 938 3071 ι
968 3033 1033 3073 ac
1048 3017 1306 3090 deinceps
1332 2993 1498 3094 θέρε,
1522 2993 1770 3093 adjungit
1802 3039 1815 3074 :
1855 3040 1873 3074 ι
1902 3021 1968 3076 Et
1993 3038 2118 3094 per-

2221 2999 2563 3072 δικαιοσύνην
2612 3015 2707 3053 σου
2757 2999 2837 3071 τῷ
2887 3000 2988 3072 υἱῷ
3017 2998 3111 3055 τοῦ
3163 3001 3446 3073 βασιλέως·
3483 3018 3501 3051 ι
3528 2997 3604 3052 καὶ
3624 2993 3714 3064 ἑῆς

549 3107 791 3163 manebit
825 3119 949 3161 cum
997 3107 1114 3164 sole
1156 3116 1211 3163 et
1239 3115 1366 3165 ante
1394 3083 1608 3174 lunam;
1632 3083 2011 3180 generationes
2036 3125 2118 3183 ge-

2220 3090 2477 3160 ὲπιλέγεν
2518 3110 2536 3142 ι
2582 3090 2690 3145 Καὶ
2741 3094 3164 3165 συμπαραμενεϊ
3214 3093 3291 3165 τῷ
3325 3093 3487 3169 ἡλίῳ,
3526 3090 3604 3144 καὶ
3640 3083 3715 3157 πρὸ

549 3196 921 3261 nerationum,
971 3195 1266 3254 descendet
1311 3198 1456 3254 sicut
1508 3176 1693 3270 pluvia
1743 3200 1801 3255 in
1837 3176 2118 3267 vellusiet

2219 3184 2317 3255 τῆς
2348 3182 2575 3255 σελήνης
2623 3182 2814 3253 γενεάς
2856 3185 3089 3253 γενεῶν,
3125 3185 3484 3258 καταϐήσεται
3518 3181 3581 3244 ὡς
3605 3176 3715 3238 ista;

549 3288 692 3344 sicut
718 3287 995 3344 stillicidia
1029 3289 1290 3344 stillantia
1329 3304 1494 3361 super
1556 3300 1778 3356 terram,
1809 3292 2018 3349 orietur
2061 3293 2118 3348 in

2218 3275 2311 3328 ἐπὶ
2359 3276 2544 3344 πόκον,
2596 3276 2690 3331 καὶ
2745 3276 2876 3330 ὡσεὶ
2926 3278 3188 3347 σταγόνες
3237 3278 3511 3343 στάζουσαι
3551 3274 3625 3328 ἐπὶ
3644 3270 3713 3341 τὴν

548 3381 740 3438 diebus
761 3382 882 3451 ejus
904 3382 1140 3452 justitia,
1172 3391 1225 3438 et
1255 3378 1589 3439 abundantia
1619 3386 1794 3455 pacis,
1821 3385 1995 3442 donec
2020 3401 2118 3441 au-

2217 3369 2319 3440 γῆν
2337 3385 2350 3399 ’
2400 3367 2648 3424 ἀνατελεῖ
2687 3369 2746 3424 ἐν
2795 3370 2916 3435 ταῖς
2960 3370 3200 3455 ἡμέραις
3253 3370 3409 3425 αὐτοῦ
3450 3363 3711 3432 δικαιοσύνη’

544 3471 754 3528 feratur
785 3473 936 3538 luna,
964 3481 1021 3529 et
1044 3472 1412 3531 dominabitur
1433 3491 1464 3530 a
1493 3454 1631 3531 mari
1661 3492 1836 3549 usque
1857 3477 1925 3532 ad
1943 3493 2113 3541 mare.

2217 3461 2311 3513 καὶ
2353 3460 2553 3533 πλῆθος
2584 3461 2837 3534 είρήνης,
2875 3462 2980 3527 ἕως
3012 3454 3074 3515 οὗ
3106 3462 3461 3537 ἀνταναιρεθῇ
3491 3463 3521 3534 ή
3550 3457 3712 3549 σελήνη,

545 3573 601 3618 et
629 3578 660 3618 a
695 3562 920 3621 ﬂumine
960 3581 1133 3636 usque
1168 3565 1238 3622 ad
1282 3567 1549 3624 terminos
1582 3569 1734 3625 orbis
1783 3566 1986 3629 teme’.
2018 3569 2115 3626 :Et

545 3664 668 3725 post
688 3672 880 3727 pauca,
899 3658 981 3713 sic
1004 3658 1112 3713 ait:
1132 3677 1151 3711 ι
1178 3656 1643 3730 Superextolletur
1658 3676 1824 3732 super
1847 3661 2113 3719 Libanum

543 3749 754 3809 ﬂuctus
780 3750 922 3821 ejus,
941 3751 1048 3807 erit
1064 3767 1264 3808 nomen
1286 3752 1408 3824 ejus
1435 3752 1780 3810 benedictum
1811 3755 1867 3811 in
1888 3756 2109 3822 saecula,

542 3850 671 3898 ante
699 3844 867 3899 solem
904 3843 1244 3914 permanebit
1288 3858 1486 3900 nomen
1515 3844 1659 3915 ejus,
1704 3852 1759 3902 et
1782 3845 2112 3903 benedicen-

544 3940 632 3986 tur
663 3931 721 3986 in
743 3932 862 4003 ipso
891 3945 1081 3987 omnes
1109 3931 1290 3991 tribus
1321 3938 1503 3997 terrae,
1543 3946 1737 3987 omnes
1761 3941 1952 4003 gentes
1983 3933 2111 3989 bea-

540 4020 958 4078 tiﬁcabunteum
981 4021 1045 4076 η.
1079 4041 1098 4073 ι
1125 4020 1355 4089 Quando
1369 4037 1500 4093 ergo
1515 4023 1571 4077 in
1602 4019 1947 4079 Salomonem
1975 4023 2111 4078 scri-

538 4122 663 4183 ptus
714 4128 801 4169 est
850 4112 1118 4183 psalmus,
1165 4113 1376 4185 primus
1433 4114 1629 4186 psalmi
1682 4114 1989 4172 versiculus
2039 4112 2109 4169 ad

538 4205 688 4259 illum
706 4203 999 4271 referatur;
1013 4221 1134 4276 qua:
1160 4221 1291 4262 vero
1316 4214 1622 4277 sequuntur
1638 4208 1819 4263 omnia
1842 4207 1909 4262 ad
1936 4206 2105 4263 [ilium

2216 3552 2310 3606 καὶ
2335 3552 2751 3625 κατακυριεύσει
2784 3555 2892 3608 ἀπὸ
2926 3553 3206 3628 θαλάσσης
3234 3556 3338 3620 ἕως
3366 3554 3620 3621 Θαλάσσης,
3645 3544 3713 3600 καὶ

2216 3643 2324 3697 ἀπὸ
2361 3642 2605 3715 ποταμοῦ
2646 3645 2751 3711 ἕως
2792 3646 3044 3718 περάτων
3086 3647 3190 3720 τῆς
3235 3645 3556 3719 οἰκουμένης.
3594 3634 3713 3693 »Καὶ

2216 3735 2355 3807 μετά
2407 3736 2612 3809 βραχέα
2664 3737 2862 3809 φησίνο
2912 3757 2930 3789 ι
2978 3738 3448 3814 ’Υπεραρθήσεται
3489 3734 3607 3803 ὑπὲρ
3648 3726 3712 3780 τὸν

2211 3826 2439 3882 Λίϐανον
2465 3830 2494 3881 6
2525 3828 2736 3900 καρπὸς
2766 3829 2950 3883 αὐτοῦ’
2979 3829 3131 3884 ἔσται
3156 3830 3219 3885 τὸ
3249 3832 3416 3902 ὄνομα
3442 3823 3583 3883 αὐτοῦ
3605 3818 3713 3873 εὐλο-

2211 3920 2449 3992 γημένον
2481 3924 2560 3987 εἰς
2608 3921 2700 3976 τὸν
2741 3922 2935 3989 αξῶνα,
2969 3921 3072 3997 πρὸ
3118 3924 3216 3978 τοῦ
3261 3924 3411 3997 ἡλίου
3453 3908 3712 3989 ammte?)

2210 4011 2379 4085 ὄνομα
2409 4013 2594 4079 αὐτοῦ,
2635 4014 2731 4068 καὶ
2779 4014 3294 4089 ὲνευλογηθήσονται
3335 4016 3392 4069 ὲν
3433 4009 3561 4082 αὐτῷ
3586 4007 3712 4061 πᾶσαι

2210 4099 2265 4157 αἱ
2311 4104 2476 4176 φυλαὶ
2513 4105 2612 4177 τῆς
2641 4106 2765 4178 γῆς,
2798 4105 2975 4161 πάντα
3005 4106 3075 4162 τὰ
3118 4106 3247 4182 ἔθνη
3291 4102 3612 4181 μακαριοῦσιν
3642 4094 3713 4150 αὐο

2208 4196 2318 4251 τόν.
2355 4217 2374 4248 ι
2415 4196 2632 4270 Ἐπειδὴ
2661 4197 2967 4270 γέγραπται
3000 4201 3080 4265 είς
3116 4200 3405 4273 Σολομῶνα
3430 4201 3458 4252 6
3482 4182 3713 4267 ψαλμδςιδ

540 4292 872 4355 Salomonis,
924 4275 1039 4348 non
1067 4292 1334 4359 Roboam,
1370 4275 1463 4365 qui
1498 4303 1623 4365 post
1674 4296 1825 4349 illum
1860 4296 2105 4367 regnavit

2217 4287 2424 4358 πρῶτος
2453 4288 2546 4343 τοῦ
2574 4288 2789 4361 ψαλμοῦ
2817 4290 2998 4362 στίχος
3026 4292 3106 4356 είς
3139 4291 3304 4346 αὐτὸν
3334 4290 3642 4360 ἀναφέροιτο,
3664 4275 3714 4330 τὰ

539 4386 593 4441 iu
638 4382 1002 4452 Hierusalem,
1033 4386 1130 4442 sed
1169 4386 1238 4440 ad
1283 4402 1409 4442 eum
1454 4387 1546 4457 qui
1597 4385 1666 4443 de
1702 4389 1822 4457 ejus
1876 4389 2104 4454 semine,

536 4479 749 4532 ratione
796 4475 1049 4533 humana
1096 4485 1304 4534 natura:
1350 4478 1628 4551 profectus
1671 4488 1777 4543 est,
1824 4479 2105 4538 Christum

534 4568 650 4626 Dei.
681 4566 839 4641 Quod
884 4569 1028 4625 enim
1072 4584 1249 4641 neque
1291 4571 1359 4626 ad
1408 4568 1773 4633 Salomonem,
1806 4588 1983 4643 neque
2032 4574 2104 4627 ad

533 4661 656 4731 ejus
688 4676 1066 4720 successorem
1108 4661 1300 4718 referri
1326 4663 1542 4735 possint
1562 4678 1633 4720 ea
1655 4678 1777 4734 quae
1806 4664 1860 4719 in
1892 4665 2104 4735 psalmo

533 4756 909 4822 continentur,
942 4763 1164 4827 propter
1195 4770 1292 4821 ea,
1343 4772 1462 4827 quze
1500 4757 1569 4813 de
1610 4757 1704 4811 illo
1737 4759 1955 4828 cognita
2004 4758 2105 4814 ha-

450 4885 459 4907 .
532 4850 751 4915 bentur,
775 4847 1091 4920 quicunque
1136 4844 1444 4903 divtnarum
1494 4844 1901 4919 Scripturarum
1933 4847 2103 4918 impe-

532 4942 675 4998 ritus
711 4956 822 4998 non
847 4949 952 5007 est,
990 4939 1147 4997 facile
1189 4938 1557 4997 conﬁtebitnr.
1614 4939 1826 4996 Etenim
1858 4940 1953 5010 qui
1984 4939 2104 4996 ﬁeri

532 5039 715 5106 potest
759 5042 818 5089 ut
859 5036 928 5089 de
963 5030 1274 5097 Salomone,
1308 5037 1403 5086 aut
1434 5032 1500 5086 de
1546 5030 1668 5100 ejus
1710 5029 1822 5085 tilio
1853 5028 2098 5087 Roboam

530 5126 890 5197 accipiantur,
939 5112 1069 5197 quae.
1113 5140 1210 5197 per
1255 5130 1428 5180 totum
1493 5122 1763 5194 psalmum
1810 5120 2097 5189 feruntur,

529 5217 692 5287 quale
727 5222 813 5272 est
843 5214 977 5271 illud
1017 5235 1031 5272 :
1069 5232 1090 5268 ι
1136 5213 1514 5269 Dominabitur
1556 5227 1587 5266 a
1630 5211 1769 5266 mari
1823 5227 1995 5283 usque
2029 5213 2097 5268 ad

531 5322 701 5372 mare,
735 5316 788 5362 et
815 5324 847 5363 a
870 5306 1089 5363 ﬂumine
1119 5322 1292 5378 usque
1320 5296 1388 5360 ad
1422 5304 1682 5360 terminos
1710 5303 1859 5358 orbis
1883 5313 2092 5370 terram

528 5409 587 5461 αι
617 5399 750 5455 illud
769 5418 792 5455 :
824 5419 844 5453 ι
874 5399 1223 5457 Permauebit
1254 5415 1379 5463 cum
1409 5397 1527 5465 sole
1551 5404 1607 5453 et
1630 5403 1757 5451 ante
1789 5396 1971 5452 lunam
2001 5413 2097 5468 ge-

525 5494 841 5548 nerationes
886 5490 1319 5564 generationum,
1355 5508 1375 5542 ι
1409 5495 1463 5544 et
1512 5499 1850 5560 quaecunque
1882 5487 1988 5543 alia
2011 5486 2096 5542 his

2205 4379 2263 4432 δὲ
2310 4379 2550 4452 ἑπόμενα
2594 4381 2774 4436 πάντα
2820 4384 2901 4446 είς
2949 4383 3041 4437 τὸν
3084 4382 3200 4436 υίδν
3232 4367 3713 4455 Σολομῶνος.οὕτδν

2221 4468 2475 4543 Ῥοϐοάμ,
2527 4470 2587 4535 δς
2628 4474 2746 4543 μετ’
2790 4473 2956 4527 αὐτὸν
3004 4473 3322 4528 ἐϐασίλευσε
3377 4472 3465 4527 τοῦ
3518 4459 3713 4538 Ἰσραὴλι

2207 4560 2344 4616 ἀλλὰ
2384 4562 2476 4619 τὸν
2520 4564 2585 4618 ὲκ
2619 4563 2932 4637 σπέρματος
2959 4565 3124 4620 αὐτοῦ
3167 4567 3311 4621 κατὰ
3355 4567 3522 4637 σάρκα
3543 4554 3718 4630 γενόμε-

2207 4669 2318 4718 νον,
2364 4652 2455 4708 τὸν
2500 4653 2735 4727 Χριστὸν
2764 4654 2858 4708 τοῦ
2896 4655 3053 4713 Θεοῦ,
3085 4657 3205 4711 ’Ὁτι
3246 4657 3357 4729 γὰρ
3401 4656 3494 4709 οὐκ
3534 4649 3611 4704 ἐπὶ
3649 4642 3715 4697 τὸν

2206 4745 2511 4818 Σολομῶνα,
2557 4747 2679 4802 οὐδὲ
2721 4749 2813 4802 ἐπὶ
2841 4748 2932 4802 τὸν
2972 4752 3162 4806 τούτου
3207 4749 3446 4821 διάδοχον
3484 4737 3715 4810 ἀναφέρειν

2205 4839 2427 4895 δυνατὸν
2456 4839 2526 4895 τὰ
2557 4843 2614 4896 ὲν
2640 4841 2718 4913 τῷ
2752 4841 2954 4915 ψαλμῷ
2980 4842 3068 4898 διὰ
3098 4842 3168 4897 τὰ
3197 4845 3327 4919 περὶ
3359 4838 3514 4896 αὑτοῦ
3539 4830 3718 4902 δεδηλω⁸

2208 4930 2364 5002 μένα,
2391 4932 2498 4995 πᾶς
2536 4933 2565 4986 6
2600 4931 2675 5004 μὴ
2702 4934 3087 5006 ἀνεπιστήμων
3122 4933 3230 4988 τῶν
3263 4932 3423 4987 θείων
3451 4923 3718 5006 ὁμολογήσῃ

2206 5022 2460 5095 Γραφῶν.
2499 5022 2658 5079 Ἀλλὰ
2706 5025 2799 5079 καὶ
2849 5024 2965 5089 πῶς
3012 5020 3125 5080 οἷόν
3152 5042 3213 5079 τε
3254 5025 3349 5079 ἐπὶ
3390 5017 3660 5091 Σολομῶναο
3690 5005 3716 5077 ἦ

2205 5114 2300 5168 ἐπὶ
2324 5116 2415 5169 τὸν
2442 5114 2628 5171 τούτου
2662 5116 2777 5171 υἱὸν
2816 5115 3051 5189 Ῥοϐοάμ
3093 5116 3452 5189 ἐκλαμϐάνειν
3491 5112 3551 5166 τὰ
3589 5108 3717 5175 éilli“

2210 5209 2410 5280 ρόμενα
2444 5207 2511 5262 δι’
2542 5207 2663 5262 ὅλου
2689 5207 2783 5263 τοῦ
2810 5207 3057 5282 ψαλμοῦς
3085 5203 3194 5263 οἷον
3222 5211 3305 5277 τὸ,
3338 5230 3358 5261 ι
3402 5192 3720 5291 Κατακυριείξ

2207 5318 2290 5355 σει
2328 5299 2435 5355 ἀπὸ
2463 5299 2734 5373 θαλάσσης
2763 5301 2866 5365 ἕως
2895 5299 3187 5373 θαλάσσης,
3235 5303 3329 5356 καὶ
3372 5300 3478 5355 ἀπὸ
3523 5300 3717 5358 malm

2203 5392 2308 5457 ἕως
2340 5393 2591 5471 περάτων
2632 5394 2732 5465 τῆς
2772 5395 3117 5467 οίκουμένης
3152 5414 3169 5446 ι
3197 5395 3289 5448 καὶ
3318 5393 3378 5447 τὸ
3408 5413 3426 5443 ι
3476 5390 3721 5459 Συμπερα·

2206 5487 2357 5558 μενεῖ
2386 5485 2464 5557 τῷ
2486 5486 2642 5557 ἡλίῳ,
2666 5486 2760 5540 καὶ
2790 5487 2897 5558 πρὸ
2922 5485 3021 5557 τῆς
3044 5485 3270 5559 σελήνης
3296 5482 3484 5555 γενεὰς
3509 5472 3716 5549 γενεῶν

587 5642 611 5674 ⁸
636 5648 785 5709 Luc.
812 5660 858 5714 1,
878 5645 974 5714 52,
1008 5650 1097 5706 55.
1132 5652 1153 5686 ⁷
1192 5651 1324 5717 ibid,
1359 5649 1539 5706 68-70.
1569 5650 1590 5682 ⁸
1617 5647 1764 5708 Psal.
1796 5666 1946 5719 uxr,
1970 5651 2024 5707 2.
2087 5651 2108 5684 '

2217 5650 2409 5708 (1.38.
2467 5650 2510 5683 ⁸ο
2539 5647 2669 5703 ibid.
2709 5649 2793 5706 16.
2840 5647 2921 5707 l7.
