3922 6200
239 205 332 260 557

1103 197 1759 258 DEMONSTRATIONIS
1799 194 2259 252 EVANGELICJE
2297 194 2424 248 LIB.
2467 194 2579 247 V'll.

3347 186 3450 240 558

238 321 322 374 καὶ
346 319 443 372 ὅσα
472 318 610 373 ἄλλα,
637 320 842 384 τούτοις
874 321 1036 391 ὃμοια
1062 321 1390 390 ἐπιλέγεται.
1427 321 1624 391 Διόπερ
1660 319 1794 372 ἀϐα-

1899 317 2036 386 ipsis
2073 315 2270 370 similia
2310 313 2699 382 adjnngmatur.
2742 309 3080 379 Quapropter
3115 305 3232 362 sine
3279 305 3446 358 multa

236 411 491 473 σανίστως
539 411 822 482 ἀποδοθείη
853 411 918 465 ἂν
957 415 985 466 ὁ
1033 414 1128 482 μὲν
1164 413 1384 481 φάσκων
1419 414 1474 464 ἐν
1513 413 1653 482 ἀρχῇ
1697 409 1790 463 τοῦ

232 501 440 573 ψαλμοῦ
491 502 662 570 λόγος·
700 521 719 554 ι
763 503 820 556 '0
849 503 999 569 Θεὸς,
1027 504 1088 557 τὸ
1136 505 1308 576 κρῖμά
1349 521 1440 557 σου
1477 503 1555 574 τῷ
1589 503 1794 574 βασιλεῖ

232 593 352 658 δὸς,
389 612 408 644 ι
445 595 529 645 ἐπ’
573 593 733 648 αὐτὸν
781 597 984 650 ἐκεῖνον
1020 595 1321 667 Σολομῶνα·
1348 596 1377 648 ὁ
1413 597 1676 664 ἐπιλέγων
1711 595 1788 662 δὲ,

238 705 260 740 ι
293 688 397 741 Καὶ
425 687 525 757 τὴν
559 686 900 758 δικαιοσύνην
949 687 1041 740 σου
1071 688 1147 760 τῷ
1185 689 1284 760 υἱῷ
1314 687 1406 742 τοῦ
1442 689 1723 759 βασιλέως.
1767 709 1784 741 ι

232 777 322 832 ἐπὶ
352 777 440 830 τὸν
472 777 777 848 Σολομῶνος
810 779 941 842 υἱὸν,
985 780 1044 832 οὐ
1089 780 1180 833 τὸν
1213 781 1554 851 πρωτότοκον
1585 783 1790 834 ἐκεῖνον

230 868 320 922 τὸν
364 867 600 939 διάδοχον
652 869 816 922 αὐτοῦ
866 871 966 940 τῆς
996 871 1268 941 βασιλείας
1316 873 1624 944 γενόμενον,
1657 872 1787 944 (οὐδ’

231 959 368 1024 ὅλοις
399 960 506 1032 γὰρ
537 962 740 1025 ἐκεῖνος
775 963 1140 1016 ἑπτακαίδεκα
1171 963 1311 1017 ἔτεσι
1340 964 1497 1034 μόνου
1525 964 1619 1018 τοῦ
1662 965 1790 1018 Ἰου-

231 1052 391 1106 δαίων
435 1053 619 1117 ἔθνους
665 1053 920 1125 προστὰς,
956 1054 1186 1108 κάκιστα
1233 1056 1466 1128 κέχρητο
1500 1060 1564 1128 τῇ
1600 1058 1786 1128 άρχῇ·)

232 1143 345 1196 ἀλλ’
375 1143 482 1196 οὐδ’
508 1146 592 1214 ἐφ’
622 1144 802 1216 ἕτερον
830 1146 937 1197 τῶν
978 1145 1214 1216 Ῥοϐοάμ
1239 1146 1329 1199 τὸν
1355 1147 1542 1219 θρόνον
1569 1147 1668 1218 τῆς
1691 1147 1784 1200 τοῦ

230 1229 533 1299 Σολομῶνος
560 1230 830 1300 βασιλείας
862 1231 1272 1304 διαδεξαμένων,
1307 1237 1398 1288 ἐπὶ
1427 1240 1580 1307 μόνον
1611 1236 1668 1289 δὲ
1696 1237 1788 1290 τὸν

233 1323 295 1374 ἐκ
331 1321 638 1392 σπέρματος
669 1323 852 1386 Δαϐὶδ,
879 1323 1018 1376 οὕτω
1053 1325 1144 1378 καὶ
1175 1325 1266 1379 τοῦ
1312 1327 1618 1398 Σολομῶνος
1651 1329 1784 1392 υἱὸν,

227 1410 302 1472 ὡς
337 1411 426 1462 καὶ
459 1410 547 1462 τοῦ
578 1410 740 1463 Δαϐὶδ
771 1413 1198 1483 χρηματίσαντα.
1233 1408 1398 1480 Οὗτος
1431 1419 1475 1471 δ’
1520 1414 1588 1490 ἦν
1621 1421 1649 1471 ὁ
1677 1421 1788 1472 Σω-

228 1500 332 1572 τὴρ
378 1503 470 1555 καὶ
511 1501 710 1574 Κύριος
759 1504 913 1575 ἡμῶν
956 1505 1160 1574 Ἰησοῦς
1204 1509 1232 1560 ό
1281 1509 1530 1579 Χριστός.
1585 1511 1784 1564 Τούτου

228 1593 336 1665 γὰρ
390 1594 564 1664 μόνου,
623 1595 712 1648 καὶ
763 1596 871 1649 οὐδ’
915 1597 1100 1670 ἐτέρου
1151 1599 1258 1652 τῶν
1303 1600 1554 1664 πώποτε,
1608 1605 1636 1657 ὁ
1685 1604 1784 1674 τῆς

225 1685 405 1737 ἐνθέου
445 1685 713 1754 βασιλείας
739 1687 924 1759 θρόνος
951 1699 1365 1764 συμπαραμενεῖ
1396 1694 1472 1764 τῷ
1503 1695 1655 1766 ήλίῳ·
1693 1672 1784 1749 καὶ
1818 1672 1856 1726 Β

227 1768 374 1838 οὗτός
424 1793 522 1844 γε,
553 1776 665 1830 ἀλλ’
717 1779 888 1843 οὐδεὶς
930 1779 1113 1853 ἔτερος
1154 1782 1485 1855 ἀνθρώπων,
1533 1785 1637 1858 πρὸ
1685 1787 1782 1856 τῆς

228 1867 449 1938 σελήνης
494 1869 585 1920 καὶ
630 1868 737 1941 πρὸ
783 1870 882 1940 τῆς
927 1873 1018 1926 τοῦ
1063 1875 1264 1945 κόσμου
1318 1876 1654 1940 συστάσεως,
1689 1879 1782 1931 ἆτε

222 1959 388 2026 Λόγος
418 1959 492 2011 ὢν
523 1960 676 2025 Θεοῦ,
706 1963 1075 2035 προϋπῆρχεν,
1113 1966 1300 2034 ἔσταξέ
1339 1985 1398 2021 τε
1434 1969 1592 2038 μόνος
1631 1962 1784 2033 οὗτος

222 2050 507 2119 οὐρανόθεν
534 2050 722 2122 δρόσου
749 2053 904 2125 δίκην
931 2056 1021 2108 ἐπὶ
1046 2059 1224 2112 πᾶσαν
1261 2057 1358 2130 τήν
1400 2060 1524 2130 γῆν.
1555 2060 1781 2133 Εἴρηται

223 2140 276 2193 δὲ
321 2144 412 2196 καὶ
461 2146 538 2207 είς
583 2145 786 2210 πάντας
817 2147 1134 2220 ἀνθρώπους
1171 2151 1611 2217 ἀνατεταλκέναι,
1645 2155 1782 2208 κατὰ

222 2230 286 2284 τά
315 2233 496 2303 μικρῷ
528 2235 759 2305 πρόσθεν
789 2239 917 2308 ἡμῖν
939 2240 1324 2311 ἀποδεδομένα,
1353 2243 1448 2295 καὶ
1472 2243 1780 2317 δικαιοσύνη

227 2324 607 2394 παραμένουσα
641 2325 799 2398 μέχρι
844 2329 941 2399 τῆς
993 2329 1085 2382 τοῦ
1134 2329 1248 2401 βίου
1304 2331 1630 2397 συντελείας,
1660 2335 1782 2404 ἥτις

221 2415 593 2484 ἁνταναίρεσις
614 2417 921 2488 ὠνόμασται
945 2420 1044 2491 τῆς
1075 2422 1318 2494 σελήνης.
1354 2424 1624 2494 Ἐναργῶς
1652 2445 1709 2480 τε
1747 2429 1779 2498 ή

217 2507 308 2560 τοῦ
343 2509 591 2579 Σωτῆρος
615 2512 646 2580 ή
657 2510 770 2581 μῶν
801 2512 1024 2584 δύναμις
1051 2520 1236 2586 κρατεῖ
1271 2516 1364 2570 καὶ
1393 2517 1631 2589 κυριεύει
1673 2518 1780 2572 τῶν

221 2599 276 2665 ἐξ
342 2599 484 2670 ἐῴας
530 2601 801 2675 θαλάσσης
836 2606 928 2658 καὶ
973 2607 1065 2660 ἐπὶ
1110 2607 1298 2661 δύοντα
1329 2609 1497 2680 ἥλιον,
1539 2611 1780 2682 ἐνεργεῖν

221 2692 318 2760 μὲν
348 2690 625 2764 ἀρξαμένη
669 2694 772 2748 ἀπὸ
813 2697 1075 2768 ποταμοῦ,
1108 2700 1223 2769 ἢτοι
1253 2699 1345 2753 τοῦ
1380 2701 1518 2754 κατὰ
1557 2700 1778 2774 λουτρὸν

222 2784 550 2855 μυστηρίου,
603 2785 635 2857 ἢ
686 2788 780 2839 καὶ
826 2789 916 2857 ἀφ’
962 2783 1131 2862 οὗπερ
1181 2792 1321 2847 κατὰ
1365 2793 1456 2846 τὸν
1510 2794 1777 2866 Ἰορδάνην

219 2873 432 2943 πρῶτον
464 2878 650 2944 φανεὶς
693 2879 892 2950 ἤρξατο
934 2881 1032 2952 τῆς
1080 2884 1158 2946 εἰς
1206 2884 1520 2956 ἀνθρώπους
1557 2887 1777 2958 εὐεργε-

1899 409 2187 463 admodum
2225 407 2618 476 exploratione,
2659 420 2778 474 qua'
2826 402 3042 472 quidem
3088 399 3248 452 verba
3295 398 3450 451 initio

1896 498 2090 569 psalmi
2121 497 2388 550 habentur
2416 515 2427 549 :
2463 515 2479 545 ι
2517 494 2678 558 Deus,
2702 492 2964 562 judicium
2991 498 3141 543 tuum
3171 487 3278 558 regi
3305 487 3372 541 da
3393 507 3442 553 ,ι

1893 606 2025 646 sane
2070 588 2135 642 ad
2173 589 2320 641 illum
2356 587 2532 657 ipsum
2577 584 2914 639 Salomonem
2965 580 3294 643 referantur;
3326 593 3445 664 qua;

1892 698 2020 738 vero
2054 689 2358 753 sequuntur
2391 695 2402 730 :
2447 697 2466 730 ι
2507 678 2573 731 Ει
2606 677 2870 746 justitiam
2901 682 3045 728 tuam
3084 674 3192 727 lilio
3232 672 3394 742 regis,
3421 691 3442 722 ο

1891 776 1960 831 ad
1992 773 2299 830 Salomonis
2332 770 2522 834 ﬁlium,
2549 785 2657 823 non
2696 767 2843 820 illiilli
2877 766 3315 836 primogenitum,
3353 765 3448 834 qui

1889 868 1968 922 illi
1997 868 2052 921 in
2091 880 2258 935 regno
2294 860 2558 918 successit
2592 858 2736 930 (nam
2783 859 2870 912 ille
2911 873 3033 912 cum
3078 855 3176 910 soli
3209 849 3448 908 Iudaica:

1887 961 2034 1030 genti
2067 974 2135 1012 ne
2165 966 2306 1012 totos
2335 953 2568 1024 quidem.
2588 951 2772 1006 decem
2806 957 2857 1004 et
2884 958 3088 1020 septem
3121 963 3291 1003 annos
3313 963 3448 1018 prae-

1889 1051 2100 1114 fuisset,
2132 1048 2364 1120 pessime
2388 1060 2521 1100 usus
2549 1053 2631 1099 est
2652 1043 2921 1113 imperio),
2951 1042 3044 1098 sed
3072 1057 3170 1096 nec
3192 1039 3258 1094 ad
3279 1041 3444 1095 alium

1889 1153 2146 1216 praeterea
2178 1142 2482 1213 quempiam
2513 1155 2698 1195 eorum
2729 1138 2820 1208 qui
2859 1144 2980 1208 post
3009 1133 3246 1189 Roboam
3274 1133 3326 1187 in
3359 1147 3447 1187 re-

1888 1253 1994 1306 gno
2027 1234 2334 1290 Salomonis
2368 1233 2754 1296 successerint,
2788 1231 2878 1285 sed
2917 1229 2982 1283 ad
3014 1228 3188 1282 solum
3221 1242 3248 1280 a
3278 1225 3442 1280 David

1887 1325 2200 1389 oriundum,
2230 1323 2321 1394 qui
2354 1324 2426 1377 ita
2461 1321 2764 1378 Salomonis
2809 1319 2952 1374 ﬁlius
2993 1326 3050 1372 ut
3081 1317 3253 1387 ipsius
3275 1314 3442 1368 David

1887 1418 2065 1472 dictus
2114 1424 2219 1472 est.
2271 1415 2369 1470 Hic
2409 1427 2586 1470 autem
2635 1412 2736 1466 fuit
2779 1412 3028 1466 Salvator
3080 1419 3134 1465 et
3181 1407 3444 1463 Dominus

1887 1519 2070 1564 noster
2096 1505 2255 1562 Jesus
2284 1507 2553 1562 Christus.
2586 1505 2756 1576 Hujus
2793 1505 2936 1558 enim
2969 1501 3154 1564 unius,
3185 1515 3284 1554 nec
3311 1499 3445 1553 alte-

1886 1603 2000 1656 rius
2029 1601 2333 1670 eujuspiam
2382 1614 2591 1661 eorum,
2622 1598 2712 1668 qui
2747 1611 2983 1666 unquam
3022 1593 3243 1656 fuerint,
3274 1590 3442 1646 divini

1885 1692 2036 1762 regni
2063 1700 2225 1762 atque
2255 1689 2467 1760 imperii
2493 1689 2651 1745 sedes
2669 1698 3026 1758 permansura
3060 1689 3142 1737 est
3165 1696 3286 1735 cum
3304 1681 3441 1745 sole,

1883 1792 1936 1840 et
1964 1784 2053 1838 hic
2076 1784 2218 1839 idem
2248 1798 2347 1837 nec
2373 1782 2511 1837 alius
2529 1780 2795 1851 quispiam
2824 1793 2889 1832 ex
2910 1776 3187 1830 hominum
3223 1788 3438 1844 genere.

1884 1889 2008 1932 ante
2051 1877 2233 1931 lunam
2279 1883 2332 1930 et
2373 1882 2498 1928 ante
2537 1871 2696 1943 355
2743 1868 2930 1923 nnmdi
2975 1867 3439 1930 constitutionem,

1881 1978 2139 2040 tanquam
2169 1968 2216 2024 is
2241 1968 2332 2038 qui
2363 1965 2453 2020 Dei
2485 1964 2554 2020 sit
2576 1962 2834 2026 Verbum,
2860 1961 2926 2016 ab
2953 1960 3109 2015 initio
3135 1959 3257 2020 fuit,
3280 1966 3442 2028 atque

1883 2061 1971 2116 hic
2003 2061 2152 2116 solus
2179 2061 2394 2115 caelitus
2419 2059 2470 2111 in
2489 2071 2702 2111 omnem
2733 2065 2935 2109 terram
2967 2053 3108 2108 roris
3133 2053 3303 2106 instar
3333 2051 3441 2106 stil-

1881 2155 2029 2208 lavit.
2059 2152 2271 2207 Dictum
2307 2165 2522 2221 quoque
2545 2156 2649 2212 est,
2682 2148 2832 2201 illum
2865 2147 2928 2200 ad
2969 2160 3158 2201 omnes
3192 2143 3442 2198 homines

1880 2255 2127 2300 exortum
2169 2259 2312 2309 esse,
2341 2245 2393 2297 in
2428 2243 2493 2296 iis
2524 2257 2640 2312 quae
2667 2240 2828 2310 paulo
2869 2231 2999 2292 ante
3028 2253 3056 2291 a
3089 2237 3246 2292 nobis
3274 2251 3441 2304 expo-

1881 2340 1982 2393 sita
2013 2348 2157 2400 sunt,
2193 2345 2246 2390 et
2271 2333 2538 2404 justitiam
2570 2336 2970 2402 permanentem
3017 2342 3190 2398 usque
3221 2325 3287 2380 ad
3321 2326 3440 2380 vitm

1881 2428 2421 2489 consummationem,
2453 2440 2574 2494 quae
2609 2423 2747 2476 [unm
2766 2421 3000 2476 sublatio
3032 2420 3310 2474 nominata
3333 2427 3435 2474 est.

1880 2519 2170 2581 Evidenter
2195 2533 2322 2572 vero
2370 2515 2668 2571 Salvatoris
2702 2513 2876 2569 nostri
2907 2514 3081 2568 virtus
3127 2512 3439 2565 dominatur

1880 2619 2042 2682 atque
2085 2612 2312 2682 imperat
2349 2611 2417 2664 ab
2448 2608 2559 2663 Eoo
2607 2606 2742 2661 mari
2784 2620 2956 2675 usque
2990 2603 3056 2658 ad
3096 2603 3262 2658 solem
3295 2603 3439 2658 occi-

1879 2704 2122 2768 dentem;
2158 2701 2276 2775 quaé
2314 2703 2533 2774 quidem
2575 2701 2748 2755 virtus
2773 2699 3050 2753 actionum
3079 2711 3300 2752 suarum
3328 2696 3439 2750 ini-

1878 2797 2014 2851 tium
2061 2797 2186 2850 l'ecit
2221 2813 2251 2850 a
2293 2796 2535 2857 ﬂumine,
2581 2793 2725 2866 quod
2755 2799 2860 2859 est,
2907 2799 2999 2844 aut
3025 2789 3224 2844 lavacri
3248 2799 3442 2860 myste-

1879 2888 1982 2954 rio,
2015 2897 2107 2941 aut
2141 2902 2172 2940 a
2195 2885 2450 2951 Jordane,
2494 2886 2584 2940 ubi
2631 2900 2752 2939 cum
2781 2885 3012 2954 primum
3056 2898 3115 2937 se
3147 2879 3439 2937 videntium

223 2967 362 3028 σίας.
394 2967 803 3040 Παρεκταθεῖσα
835 2971 963 3040 γοῦν
999 2974 1054 3040 ἐξ
1085 2976 1290 3029 ἐκείνου
1321 2979 1353 3048 ή
1383 2979 1439 3031 ἐν
1471 2978 1775 3051 ἀνθρώποις

1881 2979 2185 3047 praebuerit,
2212 2967 2529 3033 hominibus
2562 2979 2728 3049 coepit
2765 2992 2887 3032 esse
2917 2975 3210 3030 beneﬁcus.
3243 2974 3319 3029 Ex
3348 2975 3440 3028 illo

221 3055 466 3124 βασιλεία
517 3060 699 3124 αὐτοῦ,
740 3061 920 3132 διῆλθε
969 3065 1086 3118 καθ’
1137 3067 1262 3138 ὅλης
1288 3070 1384 3140 τῆς
1434 3070 1774 3142 οἰκουμένης·

217 3146 451 3200 Λιϐάνου
482 3148 538 3202 δέ
583 3151 969 3225 ἐπινοουμένης
1014 3157 1111 3227 τῆς
1153 3157 1519 3231 Ἰερουσαλὴμ,
1554 3163 1628 3224 ὡς
1671 3163 1779 3216 ἀπὸ

218 3237 482 3292 πλείστων
534 3241 672 3294 ὅσων
730 3247 1072 3316 προφητειῷν
1125 3250 1535 3317 ἀποδείκνυται,
1585 3253 1672 3306 διὰ
1717 3253 1779 3307 τὺ

216 3327 385 3380 πάλαι
420 3331 478 3380 ἐν
511 3331 645 3401 αὐτῇ
676 3333 942 3405 ἁγίασμα,
976 3339 1068 3392 καὶ
1093 3340 1152 3392 τὸ
1183 3339 1584 3417 θυσιαστήριον,
1623 3346 1692 3400 τά
1719 3365 1777 3400 τε

216 3422 310 3472 ἐπὶ
336 3422 508 3492 τούτῳ
553 3425 633 3488 είς
673 3425 834 3498 τιμὴν
871 3429 1245 3502 ἀναφερόμενα
1285 3433 1496 3488 λιϐάνου
1524 3437 1676 3508 δίκην
1702 3437 1779 3508 τῷ

214 3510 358 3581 Θεῷ,
386 3513 414 3563 ό
451 3513 541 3566 τοῦ
586 3513 820 3587 Χριστοῦ
858 3520 1061 3590 καρπὸς
1101 3523 1132 3592 ή
1179 3522 1237 3589 ἐξ
1285 3523 1448 3576 ἐθνῶν
1490 3525 1780 3598 Ἐκκλησία

215 3601 360 3672 ὑπὲρ
387 3603 474 3656 τὸν
508 3606 733 3660 Λίϐανον
769 3607 1097 3680 ἀρθήσεσθαι
1133 3613 1462 3678 θεσπίζεται.
1503 3617 1623 3670 Ἐπὶ
1654 3635 1778 3688 σχο-

216 3693 319 3761 li;
348 3695 390 3746 δ’
425 3695 489 3748 ἂν
514 3697 542 3748 ό
568 3697 871 3771 φιλομαθὴς
908 3701 1083 3774 ἐαυτῷ
1116 3705 1206 3756 τὸν
1236 3705 1446 3776 ψαλμὸν
1473 3708 1607 3778 πρὸς
1637 3708 1778 3774 λέξιν

219 3784 535 3854 βασανίσας,
585 3790 727 3861 μόνῳ
775 3791 852 3862 τῷ
897 3793 1148 3866 ἡμετέρῳ
1203 3796 1391 3868 Κυρίῳ
1431 3796 1498 3850 τὰ
1530 3800 1587 3852 ἐν
1632 3799 1778 3869 αὐτῷ

215 3883 512 3953 προσήκειν
557 3884 932 3956 ὁμολογήσειεν
976 3887 1057 3941 ἄν·
1110 3887 1244 3942 ἀλλὰ
1282 3887 1404 3942 οὔτε
1450 3890 1528 3962 τῷ
1569 3892 1778 3964 παλαιῷ

209 3972 508 4042 Σολομῶνι,
561 3974 680 4028 οὔτε
733 3977 900 4048 ἑτέρῳ
946 3977 1053 4031 τῶν
1136 3981 1250 4050 μετ’
1309 3983 1470 4035 αὐτὸν
1520 3983 1777 4055 βασιλέων

209 4063 338 4126 ἑνὸς
383 4063 569 4129 ἔθνους
603 4067 710 4120 τῶν
750 4069 1015 4124 Ἰουδαίων
1040 4070 1337 4142 ἀρξάντων,
1373 4076 1463 4128 καὶ
1496 4078 1555 4130 ού
1595 4077 1776 4131 πλεῖον

207 4155 510 4223 ὀλιγοστῶν
557 4156 726 4211 ἐθνῶν
745 4198 760 4223 ,
808 4161 900 4213 καὶ
950 4163 1057 4215 οὐδ’
1087 4163 1169 4232 ἐφ’
1199 4165 1390 4237 ἐτέρας
1426 4168 1458 4238 ἢ
1489 4168 1651 4241 μόνης
1678 4171 1775 4240 τῆς

221 4246 486 4310 Ἰουδαίας
511 4247 631 4319 γῆς.

215 4451 372 4509 Ἀπὸ
414 4455 519 4510 τοῦ
555 4458 810 4541 Ἰξσοΐου.
839 4462 1070 4541 -ιηερι
1121 4463 1367 4541 Ἰεσσαὶ,
1410 4467 1505 4519 καὶ
1549 4468 1652 4522 τοῦ
1703 4469 1772 4522 ἐκ

492 4527 826 4596 σπέρματος
856 4527 1039 4585 αὐτοῦ
1072 4535 1494 4604 γενησομένου.

282 4656 309 4690 ι
345 4639 454 4692 Καὶ
486 4639 822 4705 ἐξελεύσεται
868 4645 1060 4715 ῥάϐδος
1106 4649 1170 4700 ἐκ
1213 4647 1310 4717 τῆς
1355 4649 1508 4721 ῥίζης
1545 4651 1771 4713 Ἰεσσαὶ,

200 4728 306 4780 καὶ
337 4729 492 4793 ἄνθος
521 4733 582 4785 ἐκ
618 4733 718 4802 τῆς
763 4735 917 4804 ῥίζης
958 4736 1305 4808 ἀναϐήσεται,
1341 4741 1433 4794 καὶ
1456 4742 1772 4796 ἐπαναπαύ-

201 4837 366 4872 σεται
415 4823 508 4875 ἐπὶ
552 4823 712 4877 αὐτὸν
756 4824 973 4896 πνεῦμα
1003 4827 1156 4891 Θεοῦ,
1203 4829 1418 4901 πνεῦμα
1458 4833 1648 4900 σοφίας
1679 4835 1773 4886 καλ⁵

198 4913 502 4979 συνέσεως,
539 4917 752 4987 πνεῦμα
791 4917 985 4990 βουλῆς
1021 4919 1113 4973 καὶ
1148 4921 1361 4991 ἰσχύος,
1394 4923 1611 4994 πνεῦμα
1636 4923 1774 4992 γνὼ-

195 5023 349 5070 σεως
399 5009 490 5061 καί⁵
532 5009 827 5074 εὐσεϐείας·
870 5011 1136 5083 ἐμπλήσει
1170 5013 1330 5068 αὑτὸν
1367 5013 1581 5084 πνεῦμα
1608 5015 1770 5084 φόϐου

191 5097 362 5150 Θεοῦ.
395 5099 469 5152 Οὐ
520 5100 656 5153 κατὰ
695 5102 795 5171 τὴν
835 5101 992 5166 δόξαν
1017 5107 1211 5175 κρινεῖ,
1239 5106 1358 5160 οὐδὲ
1391 5106 1530 5158 κατὰ
1554 5106 1651 5176 τὴν
1677 5105 1773 5158 λα-

189 5187 330 5240 λιὰν
358 5188 582 5257 ἐλέγξει,
609 5191 744 5245 ἀλλὰ
772 5196 948 5263 κρινεῖ
965 5194 1201 5265 ταπεινῷ
1221 5195 1419 5266 κρίσιν,
1447 5197 1540 5250 καὶ
1563 5197 1771 5266 ἐλέγξει

185 5281 332 5343 τοὺς
374 5284 657 5346 ταπεινοὺς
690 5283 785 5354 τῆς
820 5283 942 5354 γῆς.
976 5286 1086 5339 Καὶ
1126 5285 1278 5340 ἔσται
1305 5289 1613 5362 δικαιοσύνῃ
1639 5291 1773 5355 ἐζω-

189 5375 403 5442 σμένος
427 5373 523 5444 τὴν
561 5374 728 5442 ὀσφὺν
771 5375 958 5438 αὑτοῦ,
992 5376 1088 5430 καὶ
1115 5376 1338 5450 ἀληθείᾳ.
1367 5379 1646 5451 είλημένος
1673 5382 1771 5445 τὰς

185 5461 444 5532 ¹ιἐλευρὰς
493 5463 689 5526 αὐτοῦ,
735 5466 826 5518 καὶ
881 5465 1382 5539 συμϐοσκηθήσεται
1437 5469 1595 5534 λύκος
1637 5474 1772 5541 μετὰ

181 5555 402 5626 ἀρνὸς,
447 5557 539 5608 καὶ
585 5557 846 5628 ⁸τιιάρδαλις
893 5561 1362 5615 συναναπαύσεται
1416 5563 1626 5634 ἐρίφῳ,
1677 5565 1771 5618 καὶ

185 5648 500 5719 μοσχάριον
530 5651 620 5704 καί
661 5649 796 5704 λέων
840 5652 954 5722 ἅμα
992 5652 1430 5725 βοσκηθήσονται.
1473 5657 1580 5710 Καὶ
1617 5656 1769 5710 ἔσται

1877 3083 2006 3139 ergo
2035 3067 2334 3138 prolectant
2363 3068 2507 3122 illius
2552 3068 2692 3122 inter
2737 3067 2986 3120 homines
3033 3080 3258 3134 regnum
3315 3063 3439 3117 uni-

1877 3176 2088 3216 versam
2124 3169 2321 3215 terram
2361 3162 2687 3230 peragravit.
2727 3159 2861 3214 Cum
2891 3173 3020 3212 vero
3049 3173 3144 3226 per
3172 3155 3436 3210 Libanum

1877 3253 2212 3308 Hierusalem
2259 3251 2610 3323 intelligatur,
2659 3258 2716 3305 ut
2752 3265 2815 3304 ex
2855 3247 3272 3320 quamplurimis
3312 3263 3438 3317 pro-

1880 3347 2073 3417 phetiis
2109 3351 2352 3417 apparet,
2395 3353 2617 3414 propter
2664 3343 2945 3412 antiquum
2978 3341 3030 3394 in
3061 3340 3150 3394 illa
3183 3346 3437 3394 sanctua-

1880 3440 2040 3501 rium,
2076 3447 2129 3492 et
2166 3438 2355 3500 altare,
2383 3445 2436 3491 et
2462 3451 2580 3504 qua:
2612 3436 2663 3488 in
2692 3451 2758 3490 eo
2791 3433 2856 3488 ad
2884 3432 3144 3488 honorem
3175 3431 3284 3488 Deo
3309 3432 3437 3485 thu-

1877 3531 1954 3583 ris
1986 3531 2154 3584 instar
2183 3528 2568 3590 offerebantur,
2602 3527 2804 3581 Christi
2850 3525 3082 3587 fructus,
3117 3542 3237 3596 quae
3260 3533 3344 3581 est
3368 3540 3435 3580 ex

1877 3621 2125 3689 gentibus
2170 3619 2432 3684 Ecclesia,
2469 3634 2634 3688 super
2677 3617 2944 3672 Libanum
2970 3617 3310 3674 extollendos
3340 3633 3432 3672 ca-

1879 3713 2044 3768 nitur.
2077 3712 2365 3777 Czeterum,
2404 3710 2698 3767 studiosior
2733 3707 3004 3779 quispiam
3052 3705 3297 3762 discendi
3341 3707 3433 3763 ubi

1879 3820 1974 3873 per
1999 3804 2169 3859 otium
2201 3804 2342 3875 apud
2365 3803 2602 3873 seipsum
2626 3817 2724 3872 per
2755 3801 2966 3876 singula
2996 3801 3160 3856 verba
3185 3801 3435 3854 eumdem

1880 3898 2141 3967 psalmum
2161 3895 2540 3967 exploraverit,
2562 3895 2652 3948 nni
2681 3892 2904 3947 Domino
2931 3901 3119 3947 nostro
3148 3893 3437 3946 convenire

1878 3989 1998 4062 quaé
2025 3991 2078 4044 in
2112 4006 2175 4044 eo
2198 3990 2564 4049 continentur,
2590 3986 2745 4041 facile
2766 3985 3130 4045 conﬁtebitur.
3159 3983 3434 4040 Salmnoni

1879 4092 2081 4146 autem,
2115 4090 2206 4135 aut
2230 4081 2321 4135 alii
2348 4081 2584 4150 cuipiam
2621 4095 2812 4134 eorum
2845 4095 3030 4151 regum
3058 4081 3151 4149 qui
3185 4086 3303 4150 post
3345 4077 3439 4134 Sa-

1877 4173 2144 4228 lomonem
2186 4171 2373 4242 paucis
2430 4173 2589 4227 annis
2632 4187 2738 4226 non
2786 4173 3017 4242 amplius
3060 4173 3154 4227 uni
3200 4172 3440 4229 Iudaica:

1877 4274 2022 4336 genti
2052 4282 2159 4321 non
2195 4265 2322 4320 alibi
2367 4281 2528 4336 quam
2572 4266 2626 4319 in
2664 4280 2768 4319 una
2807 4265 2989 4320 Iudaea
3027 4274 3170 4322 terra
3205 4268 3440 4339 impera-

1801 4345 1846 4398 Ῐ)
1873 4359 2068 4424 verint,
2091 4372 2454 4428 nequaquam.

1874 4457 2163 4523 Ab'lsaia.
2202 4498 2264 4508 -—
2309 4468 2386 4522 De
2422 4467 2593 4526 Iesse.
2635 4479 2682 4520 ct
2733 4485 2793 4522 eo
2843 4470 2933 4541 qui
2969 4485 3033 4528 ex
3080 4475 3272 4524 sentina
3322 4470 3434 4537 ejus

2522 4548 2785 4592 nascetur.

1952 4665 1969 4697 ι
2004 4645 2066 4699 Et
2091 4645 2397 4716 egredietur
2434 4646 2585 4716 virga
2632 4647 2699 4701 de
2743 4648 2920 4702 radice
2948 4647 3121 4714 Jesse,
3156 4657 3209 4704 et
3239 4647 3338 4703 ﬂos
3368 4649 3436 4706 de

1874 4739 2058 4794 radice
2092 4739 2212 4808 ejus
2256 4739 2533 4802 ascendet,
2567 4748 2619 4793 et
2649 4742 2951 4810 requiescet
2971 4756 3132 4810 super
3161 4756 3282 4796 eum
3313 4741 3434 4811 Spi-

1874 4829 2012 4884 ritus
2035 4828 2151 4894 Dei,
2180 4829 2404 4898 spiritus
2435 4831 2714 4898 sapientia:
2745 4838 2798 4884 et
2841 4830 3168 4894 intellectus,
3207 4832 3435 4901 spiritus

1873 4918 2090 4972 consilii
2113 4927 2167 4973 et
2197 4917 2555 4984 fortitudinis,
2581 4919 2805 4989 spiritus
2835 4921 3076 4976 Scientia:
3107 4931 3162 4977 et
3195 4922 3431 4993 pietatis;

1873 5011 2102 5079 replebit
2131 5027 2254 5066 eum
2306 5013 2531 5082 spiritus
2581 5015 2791 5069 timoris
2829 5013 2947 5080 Dei,
2992 5031 3102 5069 non
3134 5015 3433 5070 secundum

1871 5103 2179 5172 opinionem
2222 5091 2528 5173 judicabit,
2575 5123 2748 5178 neque
2806 5106 3105 5162 secundum
3161 5107 3432 5176 loquelam

1872 5193 2182 5265 redarguet,
2219 5195 2310 5248 sed
2341 5195 2604 5263 judicabit
2628 5195 3125 5264 humilijudicium,
3163 5203 3217 5252 et
3247 5193 3433 5250 redar-

1870 5293 1997 5356 guet
2026 5286 2258 5342 humiles
2283 5293 2462 5352 terrae,
2502 5297 2554 5344 et
2585 5288 2686 5342 erit
2721 5287 2936 5355 justitia
2964 5287 3242 5358 cingulum
3292 5287 3435 5342 luni—

1872 5379 2065 5433 borum
2095 5379 2236 5447 ejus,
2267 5389 2320 5434 et
2359 5381 2556 5436 veritas
2590 5380 2964 5446 indumentum
2995 5380 3238 5442 ,laterum
3289 5380 3432 5448 ejus,

1873 5479 1922 5526 et
1953 5479 2208 5540 pascatur
2243 5472 2402 5526 simul
2435 5472 2592 5541 lupus
2620 5486 2747 5526 cum
2777 5485 2942 5548 agno,
2970 5479 3025 5526 et
3045 5471 3248 5539 pardus
3276 5471 3438 5526 simul

1873 5564 2120 5634 quiescet
2149 5579 2272 5617 cum
2310 5565 2490 5626 homo,
2523 5571 2576 5618 et
2605 5565 2825 5631 vitulus
2847 5573 2905 5620 et
2928 5561 3014 5616 leo
3035 5563 3192 5615 simul
3220 5577 3444 5628 pascen-

1869 5664 1978 5722 tur,
2211 5670 2263 5710 ct
2296 5658 2398 5712 erit
2427 5656 2573 5711 radix
2615 5654 2830 5752 Jcsse‘
2858 5663 2924 5725 et.
2962 5653 3050 5720 quin
3087 5652 3254 5717 snvqfxt
3287 5652 3456 5720 impe-
