3868 6196
607 285 710 342 839

1273 282 1539 340 EUSEBII
1574 278 2051 354 CE'SARIESSIS
2087 276 2236 332 OPP.
2282 276 2462 334 PARS
2501 280 2564 336 11.
2592 282 3166 341 —APOLOGET|CA.
3667 297 3722 351 δα

609 426 733 466 rare
765 410 1044 481 gentibus,
1089 407 1141 461 in
1187 423 1248 462 eo
1286 416 1470 477 gentes
1513 405 1830 476 sperabunt,
1866 412 1920 458 et
1941 403 2045 458 erit
2080 414 2163 454 re-

2273 401 2306 470 ή
2336 403 2458 472 ῥίζα
2481 403 2575 456 τοῦ
2613 404 2828 470 Ἰεσσαὶ,
2861 407 2954 460 καὶ
2983 409 3012 459 ό
3039 407 3383 476 ἀνιστάμενος
3408 408 3572 480 ἄρχειν
3598 413 3722 470 ἒθνῶι

608 505 762 574 quies
810 502 930 572 ejus
967 499 1222 554 honor".
1263 519 1280 552 ι
1315 498 1414 554 Hic
1445 498 1630 566 Jesse,
1667 500 1758 570 qui
1804 499 1906 554 hoc
1946 499 2002 553 in
2047 497 2166 556 loco

607 593 898 658 indicatur,
943 599 1096 661 pater
1141 591 1238 645 fuit
1282 590 1470 646 David.
1511 592 1978 659 Quemadmodum
2019 591 2165 646 enim

608 688 663 741 in
684 685 750 740 iis
781 683 1081 756 prophetiis
1110 699 1230 754 quae
1265 684 1435 755 ipsam
1462 684 1604 740 hanc
1635 692 2068 749 antecesserunt,
2100 685 2167 740 de

607 778 786 833 fructu
810 790 864 834 et
896 777 1103 832 semine
1127 775 1296 832 David
1330 777 1645 848 proditurus
1674 777 1974 842 dicebatur,
2005 787 2168 850 atque

605 873 734 928 item
775 873 842 928 de
879 873 1086 928 semine
1116 870 1445 936 Salomonis,
1471 873 1656 928 eodem
1694 873 1854 928 modo
1883 875 2045 928 etiam
2079 873 2166 929 hic

607 963 856 1035 plurimis
886 963 1045 1021 annis
1084 973 1206 1034 post
1239 973 1465 1020 mortem
1494 981 1600 1020 non
1644 967 1818 1020 solum
1852 965 2038 1032 David,
2071 968 2164 1024 sed

606 1056 767 1112 etiam
799 1053 1127 1118 Salomonis,
1147 1055 1213 1112 de
1243 1055 1426 1110 radice
1451 1053 1624 1120 Jesse,
1656 1055 1757 1110 hoc
1784 1065 1866 1110 est
1893 1056 1959 1111 de
1984 1057 2166 1113 radice

608 1147 772 1204 David
796 1148 1109 1220 proditurus
1140 1147 1361 1218 quidam
1392 1148 1724 1219 praedicitur.
1761 1150 2009 1205 Prmsens
2067 1165 2166 1204 au-

605 1251 712 1297 tem
756 1243 893 1296 ratio
926 1259 989 1297 ea
1028 1242 1310 1305 dissolvet,
1350 1256 1471 1312 quae
1507 1242 1560 1296 in
1603 1242 1980 1312 superioribus
2021 1243 2160 1313 apud

603 1333 820 1390 Judaaos
847 1332 923 1388 'de
959 1330 1249 1387 Salomone
1279 1332 1660 1396 credebantur,
1695 1347 1818 1387 cum
1843 1333 1991 1388 illius
2017 1348 2164 1387 mor—

603 1427 673 1482 tis
705 1435 916 1496 tempus
947 1433 1179 1489 constet,
1213 1433 1266 1479 et
1294 1424 1407 1478 haec
1434 1423 1621 1479 eadem
1652 1423 1817 1480 Isaias
1839 1424 1906 1480 de
1929 1425 2163 1495 quodam

603 1517 710 1573 alio
735 1517 1076 1582 vaticinatur,
1105 1515 1196 1586 qui
1221 1515 1374 1578 sitde
1402 1515 1584 1571 radice
1610 1515 1763 1574 Jesse
1785 1525 1838 1572 et
1865 1517 1932 1573 de
1957 1518 2165 1574 semine

603 1606 771 1664 David
812 1609 1146 1678 proditurus.
1177 1605 1333 1674 Quod
1367 1623 1498 1666 vero
1536 1624 1645 1664 non
1686 1608 1752 1663 ad
1795 1609 1959 1664 alium
1999 1625 2162 1680 quam

603 1700 671 1756 ad
714 1709 959 1758 nostrqu
1001 1699 1336 1756 Salvatorem
1377 1699 1651 1755 Christum
1703 1700 1818 1765 Dei,
1855 1703 1947 1772 qui
1980 1700 2046 1756 de
2075 1717 2164 1756 ra-

2273 494 2356 547 ἐπ⁴
2383 495 2528 567 αὐτῷ
2552 494 2678 567 ἔθνη
2710 495 2971 561 ἐλπιοῦσι,
2997 497 3087 550 καὶ
3106 497 3252 550 ἔσται
3282 499 3313 568 ἡ
3337 498 3601 566 ἀνάπαυσις
3619 507 3721 559 αὐτο

2271 587 2426 658 τιμή.
2480 606 2499 638 ι
2554 587 2612 641 '0
2659 587 2980 660 δηλούμενος
3029 587 3256 643 ἐνταῦθα
3296 589 3476 644 Ἰεσσαὶ
3515 596 3662 668 πατὴρ
3699 595 3722 670 ἦ

2270 679 2364 732 τοῦ
2394 678 2575 734 Δαϐίδ.
2606 679 2813 752 ’Ὠσπερ
2858 676 2951 736 οὖν
2995 681 3053 734 ἐν
3097 684 3214 745 ταῖς
3242 683 3343 754 πρὸ
3379 683 3558 757 ταύτης
3587 703 3722 760 προφτ

2271 771 2438 834 τείαις
2460 773 2522 825 ἐκ
2547 772 2757 844 καρποῦ
2779 772 2872 826 καὶ
2896 773 3202 845 σπέρματος
3227 774 3382 828 Δαὸὶδ
3405 777 3722 847 προελεύσεσθι

2271 863 2506 934 ἐλέγετο,
2553 867 2647 919 καὶ
2693 866 2852 920 πάλιν
2896 869 2959 920 ἐκ
3006 867 3314 938 σπέρματος
3352 868 3650 940 Σολομῶνος,
3685 876 3722 928 τί

2271 957 2432 1010 αὑτὸν
2477 958 2676 1029 τρόπον
2719 957 2994 1014 κάνταῦθα
3040 959 3306 1024 πλείστοις
3349 961 3550 1034 ὕστερον
3586 966 3664 1036 τῆς
3687 983 3722 1018 τι

2271 1049 2434 1103 Δαόὶδ
2461 1051 2520 1103 οὐ
2565 1052 2752 1122 μόνον,
2779 1051 2913 1105 ἀλλὰ
2945 1052 3037 1105 καὶ
3067 1052 3164 1122 τῆς
3200 1051 3291 1105 τοῦ
3321 1053 3596 1124 Σολομῶνος
3619 1057 3722 1109 τελει

2269 1141 2370 1210 τῆς
2400 1142 2594 1205 ἐτεσιν,
2626 1145 2690 1196 ἐκ
2723 1143 2877 1213 ῥίζης
2919 1144 3142 1206 Ἰεσσαὶ,
3171 1144 3322 1214 δῆλον
3343 1145 3384 1198 δ’
3411 1147 3485 1200 ὅτι
3508 1149 3589 1202 καὶ
3614 1150 3667 1201 ἐκ
3687 1150 3722 1201 τί

2271 1232 2364 1286 τοῦ
2399 1234 2562 1288 Δασὶδ
2591 1235 3008 1307 προελεύσεσθαί
3031 1253 3114 1299 τις
3147 1237 3469 1302 θεσπίζεται.
3500 1239 3642 1295 Λύσει
3667 1242 3709 1294 δὲ

2271 1325 2461 1397 παρὼν
2486 1327 2642 1396 λόγος
2668 1329 2765 1400 τὴν
2795 1329 2851 1380 ἐν
2880 1331 2990 1392 τοῖς
3031 1328 3263 1401 πρόσθεν
3294 1329 3623 1404 νομιζομένην
3648 1351 3722 1404 παι

2284 1415 2556 1482 Ἰουδαίοις
2612 1420 2739 1493 περὶ
2791 1419 2883 1473 τοῦ
2937 1421 3247 1492 Σολομῶνος
3304 1422 3546 1493 τελευτῆς
3592 1427 3721 1495 malive

2271 1511 2456 1566 Ταῦτα
2493 1512 2722 1578 Ἡσαΐας
2755 1514 2882 1585 περί
2924 1530 3064 1578 τινος
3097 1516 3280 1587 ἐτέρου
3309 1516 3634 1586 προφητεύει,
3671 1519 3721 1587 μέ

2270 1605 2450 1669 λοντος
2496 1608 2559 1660 ἐκ
2603 1605 2758 1678 ῥίζης
2812 1607 3009 1660 Ἰεσσαὶ
3057 1609 3150 1662 καὶ
3201 1612 3264 1662 ὲκ
3309 1611 3597 1680 σπέρματος
3640 1613 3721 1666 Δαε

2271 1699 2730 1771 ἀναφανήσεσθαι.
2767 1701 2886 1754 Ὅτι
2927 1701 2982 1754 δὲ
3029 1701 3137 1754 οὐδ’
3184 1703 3270 1770 ἐφ’
3309 1701 3482 1774 ἓτερον
3524 1703 3556 1775 ἢ
3589 1704 3665 1756 ἐπὶ
3697 1722 3721 1756 τ

601 1791 722 1847 dice
767 1789 935 1845 David
964 1796 1018 1846 et
1051 1787 1203 1844 Jesse
1240 1797 1395 1843 ortus
1439 1797 1544 1852 est,
1577 1764 2012 1846 referenda-sint
2043 1807 2163 1860 qua:

2269 1764 2532 1862 ἡμέτερον.
2556 1793 2781 1865 Σωτῆρα
2802 1793 2893 1846 τὸν
2922 1793 3153 1867 Χριστὸν
3190 1764 3282 1846 τοῦ
3316 1764 3443 1847 Θεοῦ
3471 1764 3690 1864 ἀνάγεται
3713 1815 3722 1840 ε

603 1883 844 1953 proxime
867 1882 1177 1944 citavimus,
1201 1878 1572 1934 dubitaturum
1603 1881 1840 1935 arbitror
1869 1882 2161 1947 neminem,

601 1975 694 2044 qui
721 1983 774 2032 et
803 1976 1129 2045 promissum
1154 1975 1360 2030 oraculi
1387 1963 1696 2037 attenderit,
1731 1973 1874 2045 quod
1906 1974 1980 2029 ait
2007 1990 2020 2026 :
2051 1993 2068 2024 ι
2099 1973 2164 2029 Et

599 2067 705 2123 erit
741 2067 891 2122 radix
920 2065 1092 2133 Jesse,
1121 2075 1174 2123 et
1201 2068 1294 2139 qui
1331 2068 1502 2138 surgit
1533 2076 1591 2122 ut
1629 2068 1856 2138 imperet
1888 2068 2161 2139 gentibus,

602 2162 657 2217 in
685 2175 750 2218 eo
786 2169 974 2232 gentes
1010 2161 1326 2233 sperabunt,
1358 2181 1378 2214 ι
1412 2169 1467 2217 et
1512 2176 1691 2216 rerum
1723 2171 1914 2218 eventa
1945 2179 2064 2234 quae
2095 2163 2164 2219 de

601 2255 881 2312 Salvatore
936 2262 1125 2312 nostro
1175 2253 1640 2310 demonstrantur.
1674 2253 1836 2313 Solus
1881 2258 2026 2312 enim
2077 2256 2165 2312 hic

600 2349 692 2404 ubi
721 2365 752 2405 ιι
784 2356 959 2404 morte
989 2349 1248 2414 surrexit,
1281 2359 1500 2421 propter
1521 2349 1663 2420 quod
1680 2350 1842 2404 etiam
1865 2351 2014 2405 illum
2047 2366 2167 2406 sur-

600 2453 814 2512 gentem
831 2451 1084 2497 vocatum
1112 2457 1234 2498 esse
1263 2442 1518 2504 arbitror,
1544 2458 1654 2496 non
1683 2439 1913 2495 Iudaico
1943 2443 2162 2512 populo,

600 2531 694 2588 sed
728 2529 999 2588 universis
1033 2533 1285 2602 gentibus
1315 2535 1620 2605 imperavit,
1656 2533 1792 2590 adeo
1835 2535 2076 2605 quidem,
2107 2544 2166 2590 ut

600 2639 671 2678 ne
717 2624 827 2678 ulla
867 2623 1089 2695 quidem
1141 2626 1588 2695 interpretatione
1633 2626 1876 2695 indigere
1919 2627 2167 2683 videatur

599 2715 904 2780 oraculum,
947 2731 1069 2770 cum
1121 2715 1438 2786 planissime
1487 2723 1701 2771 constet
1754 2717 1808 2770 in
1860 2717 1952 2771 illo
2007 2717 2164 2774 linem

601 2807 878 2877 accepisse
902 2821 1011 2862 una
1036 2822 1157 2861 cum
1182 2806 1305 2860 aliis
1329 2807 1458 2861 illud
1482 2822 1699 2878 quoque
1729 2824 1772 2862 ιε
1804 2810 1862 2865 ln
1891 2826 1956 2864 eo
1979 2819 2166 2880 gentes

600 2897 915 2968 sperabunt.
955 2916 974 2950 ι
1015 2895 1146 2962 Quae
1178 2913 1306 2953 vero
1349 2908 1608 2969 tanquam
1646 2899 1713 2954 de
1752 2901 2077 2956 animalibus
2110 2907 2166 2958 et

601 2987 732 3045 feris
758 2990 1268 3054 mansuefacieudis,
1304 2999 1358 3046 et
1396 3001 1638 3062 agrestes
1669 3007 1848 3048 mores
1881 3001 2044 3063 atque
2075 2993 2165 3048 in-

2266 1882 2587 1954 δηλούμενα,
2618 1886 2682 1938 ἐκ
2714 1884 2864 1957 ῥίζης
2895 1886 3182 1956 γενόμενον
3209 1886 3367 1940 Δα6ίδ
3392 1904 3446 1940 τε
3476 1889 3562 1940 καὶ
3593 1889 3722 1942 Ἰεσσα

2267 1978 2364 2030 οὐκ
2397 1976 2548 2048 οἶμαί
2573 1996 2690 2032 τινα
2717 1977 3093 2049 ἀμφιϐάλλεις),
3113 1981 3473 2051 ἐπιστήσαντα
3487 1983 3545 2052 τῇ
3571 1998 3618 2035 τε
3637 1984 3721 2035 ἐπα

2266 2070 2420 2142 γελίᾳ
2466 2071 2564 2141 τῆς
2614 2073 2967 2144 προρρήσεως
3018 2073 3336 2146 φασκούσῃο
3381 2092 3399 2124 ι
3443 2075 3542 2128 Καὶ
3581 2075 3704 2127 ἔσται

2268 2161 2392 2234 ῥίζα
2438 2163 2530 2216 τοῦ
2571 2165 2783 2228 Ἰεσσαὶ,
2828 2165 2921 2218 καὶ
2953 2167 2980 2218 ό
3021 2164 3377 2235 ἀνιστάμενος
3420 2167 3589 2238 ἄρχειν
3617 2166 3722 2218 ἐθνὼ

2266 2256 2352 2309 ἐπ’
2387 2244 2532 2328 αὐτῷ
2560 2257 2685 2329 ἔθνη
2721 2257 2961 2312 ἐλπιοῦσι
2981 2298 2995 2323 ,
3031 2279 3048 2312 ι
3081 2262 3176 2313 καὶ
3203 2263 3313 2324 τοῖς
3347 2259 3435 2313 ἐπὶ
3458 2258 3541 2312 τοῦ
3571 2259 3721 2328 Σωτῆρ

2265 2345 2421 2415 ἡμῶν
2460 2344 2822 2416 δεικνυμένοις
2860 2348 3281 2420 ἀποτελέσμασι.
3326 2349 3493 2413 Μόνος
3518 2347 3622 2418 γοῦν
3644 2343 3721 2400 οὗτι

2268 2437 2406 2508 μετὰ
2454 2438 2551 2510 τὴν
2584 2441 2648 2492 ἐκ
2696 2440 2902 2512 νεκρῶν
2937 2441 3265 2508 ἀνάστασιν,
3314 2443 3378 2497 δι’
3427 2443 3487 2514 ἣν
3530 2442 3604 2496 καὶ
3642 2437 3722 2511 eiu:

2266 2529 2426 2582 αὑτὸν
2473 2531 2821 2602 ἀνιστάμενον
2870 2534 3294 2606 ἐπικεκλῆσθαι,
3331 2537 3390 2590 οὐ
3439 2535 3523 2589 τοῦ
3555 2535 3722 2588 ’louﬁaic

2265 2620 2414 2688 λαοῦ,
2439 2623 2574 2678 ἀλλὰ
2611 2624 2717 2678 τῶν
2750 2624 2916 2680 ἐθνῶν
2945 2626 3203 2681 ἁπάντων
3243 2625 3427 2700 ἦρξεν,
3451 2631 3518 2693 ὡς
3542 2628 3604 2700 μὴ
3626 2627 3722 2680 δεεελ

2269 2715 2389 2768 σθαι
2420 2716 2482 2769 τὸ
2526 2717 2702 2786 λόγιον
2745 2719 3038 2790 ἑρμηνείας
3061 2760 3076 2785 ,
3129 2721 3321 2790 σαφῶς
3371 2721 3608 2792 προδήλου
3645 2717 3722 2772 καθ

2269 2807 2497 2872 στῶτος,
2551 2811 2699 2875 ὅπως
2748 2814 2826 2876 είς
2881 2813 3040 2866 αὑτὸν
3093 2813 3248 2877 τέλος
3300 2815 3483 2886 εἴληφε
3529 2811 3644 2886 μετὰ
3684 2811 3722 2862 τί

2266 2899 2438 2954 ἄλλων
2459 2903 2552 2958 καὶ
2573 2903 2651 2970 τὸ,
2683 2923 2700 2956 ι
2743 2905 2857 2958 Ἐπ’
2881 2906 3025 2977 αὐτῷ
3052 2905 3181 2979 ἔθνη
3206 2908 3496 2963 ἐλπιοῦσιν.
3527 2927 3544 2958 ι
3571 2908 3637 2960 Τὰ
3657 2906 3689 2957 δ’
3709 2909 3721 2956 ι

2269 2993 2395 3064 περὶ
2444 2993 2596 3059 ζώων
2643 2996 2736 3050 καὶ
2782 2997 2984 3068 θηρίων
3029 3000 3419 3072 ἡμερουμένων
3465 3001 3519 3054 ἐν
3561 2997 3721 3067 eum

600 3081 833 3138 domitos
863 3082 1216 3152 deposituris,
1247 3083 1301 3138 in
1327 3083 1447 3153 ejus
1481 3085 1715 3138 adventu
1747 3085 1814 3140 de
1847 3101 1955 3156 quo
1990 3085 2163 3156 loqui-

2266 3083 2532 3156 λεγόμενα
2575 3087 2907 3162 ἀλληγοροῖτ’
2939 3091 3004 3146 ἂν
3051 3092 3143 3144 ἐπὶ
3190 3094 3424 3166 τρόπους
3465 3093 3659 3163 ἀπηνεῖς
3695 3106 3721 3140 κ

600 3182 692 3228 tur
720 3174 1021 3245 prophetia,
1045 3173 1320 3237 dicuntur,
1342 3190 1434 3244 per
1454 3175 1676 3245 figuram
1699 3177 1886 3232 referri
1911 3185 2166 3249 poterunt

601 3265 669 3321 ad
699 3281 880 3322 mores
904 3267 1142 3322 immites
1185 3275 1346 3338 atque
1377 3277 1640 3339 agrestes,
1676 3279 1729 3325 et
1761 3271 1830 3325 ad
1862 3273 2039 3328 victus
2067 3272 2166 3327 ho-

600 3359 808 3414 minum
841 3359 1004 3423 feros,
1039 3361 1130 3430 qui
1176 3375 1272 3430 per
1301 3359 1503 3416 Christi
1538 3361 1866 3427 doctrinam,
1914 3362 2168 3417 immani-

600 3458 766 3506 tatem
818 3450 1053 3521 priorem
1101 3465 1165 3505 ac
1203 3447 1474 3508 feritatem
1497 3453 1814 3522 abjecerint.
1842 3452 2166 3510 Planissime

599 3550 780 3598 autem
825 3544 1017 3600 horum
1063 3545 1324 3617 ﬁguratus
1373 3561 1569 3602 sensus
1617 3547 1910 3616 aperietur,
1962 3547 2010 3603 si
2038 3549 2162 3620 quis

597 3636 834 3692 radicem
861 3634 1034 3703 Jesse,
1069 3653 1190 3710 qua:
1219 3639 1276 3694 in
1305 3638 1585 3709 prophetia
1617 3640 1944 3705 continetur,
1975 3647 2030 3695 et
2055 3641 2166 3696 vir-

597 3743 741 3800 gam,
765 3738 818 3784 et
842 3727 1026 3785 ﬂorem
1060 3731 1126 3786 ad
1159 3747 1378 3786 sensum
1409 3740 1732 3788 convertens
1756 3734 2160 3804 interpretetur,

595 3830 939 3893 exponatque
983 3839 1090 3894 qua
1128 3825 1340 3879 ratione
1384 3824 1718 3894 intelligatur
1748 3825 1960 3894 justitia
1993 3827 2164 3882 latera

595 3915 856 3979 cinxisse,
902 3922 956 3970 et
987 3915 1220 3972 veritate
1263 3914 1477 3971 lumbos
1513 3915 1775 3971 induisse.
1829 3913 1981 3970 Sicut
2016 3915 2162 3971 enim

598 4009 711 4062 tunc
736 4023 842 4062 non
875 4007 1029 4062 aliter
1061 4022 1354 4078 possumus
1379 4021 1539 4078 quam
1567 4023 1661 4077 per
1683 4009 1966 4078 ﬁguratam
1995 4023 2162 4079 expo-

595 4099 850 4154 sitionem
895 4099 1264 4168 interpretari,
1298 4099 1372 4152 ita
1420 4101 1689 4171 sequitur,
1734 4109 1793 4154 ut
1837 4115 1900 4154 ea
1943 4115 2159 4170 quoque

596 4193 844 4261 accipere
864 4199 1131 4262 oporteat,
1163 4207 1284 4262 quae
1307 4192 1473 4248 variis
1492 4195 1545 4246 iu
1575 4193 1710 4247 locis
1725 4192 1828 4248 sub
1844 4191 2158 4248 animalium

597 4284 908 4338 nominibus
939 4283 1309 4354 proferuntur.

597 4415 757 4486 357
793 4415 869 4468 Ab
891 4417 1144 4489 Ieremia.
1172 4445 1240 4458 -ν-
1280 4419 1441 4489 Ortus
1469 4419 1650 4489 justus
1672 4433 1737 4472 ea:
1756 4421 1950 4474 semine
1991 4419 2158 4476 David

2267 3176 2507 3248 ἀγρίους,
2539 3181 2632 3232 καὶ
2664 3179 2766 3253 ἤθη
2812 3182 3018 3255 ἀνδρῶν
3049 3182 3315 3255 θηριώδη,
3343 3184 3430 3238 διὰ
3454 3180 3640 3255 τῆςτοῦ
3665 3181 3722 3250 Χρ

2266 3267 2392 3321 στοῦ
2425 3269 2769 3336 διδασκαλίας
2801 3272 2898 3345 τῆς
2930 3273 3152 3342 ἀλογίας
3197 3278 3292 3329 καὶ
3338 3275 3606 3347 θηριωδίας
3645 3289 3721 3343 μετ

2265 3362 2557 3434 θησόμενα.
2603 3365 2973 3437 Ἀλληγοροίτο
3017 3366 3060 3419 δ’
3100 3366 3168 3420 ἂν
3208 3367 3382 3422 ταῦτα
3431 3367 3598 3436 σαφῶς
3621 3365 3722 3418 οὕτω

2247 3451 2328 3507 οᾶν
2380 3453 2470 3506 καὶ
2515 3454 2612 3526 τὴν
2655 3455 2984 3527 δηλουμένην
3027 3455 3114 3510 διὰ
3161 3459 3262 3529 τῆς
3312 3459 3621 3531 προφητείας
3653 3455 3721 3524 ρίξλ

2275 3543 2491 3608 Ἰεσσαὶ,
2544 3546 2634 3598 καὶ
2681 3547 2778 3617 τὴν
2822 3546 3034 3618 passm,
3072 3549 3168 3602 καὶ
3205 3551 3265 3602 τὸ
3298 3549 3454 3614 ἄνθος
3490 3543 3722 3621 τροπολογὶ

2259 3650 2343 3698 τις
2373 3633 2450 3689 ἔτι
2495 3635 2846 3708 ἑρμηνεύσειε
2875 3639 2969 3692 καὶ
2995 3638 3068 3704 ὡς
3099 3640 3166 3694 ἂν
3194 3641 3498 3712 ἐπινοηθείη
3520 3636 3722 3693 δικαιοσυ

2265 3726 2364 3796 μὲν
2390 3725 2488 3790 τὰς
2519 3726 2754 3800 πλευρὰς
2787 3727 3144 3800 ζωννύμενος,
3180 3731 3410 3801 ἀληθείᾳ
3447 3729 3501 3782 δὲ
3527 3729 3614 3798 τὴν
3639 3726 3721 3790 ita;

2261 3814 2562 3888 είλημένος.
2598 3817 2685 3882 Ὠς
2729 3818 2838 3890 γὰρ
2885 3819 2944 3871 οὺ
2983 3819 3208 3873 δυνατὸν
3250 3820 3450 3892 ἑτέρως
3475 3817 3630 3873 ταῦτα
3656 3812 3722 3885 ἥδ

2266 3907 2430 3979 μόνης
2452 3909 2813 3982 ἀλληγορικῆς
2849 3910 3156 3976 ἀποδόσεως
3181 3911 3522 3984 ἑρμηνεύειν,
3549 3909 3627 3963 τὸν
3649 3906 3722 3960 αὒτ

2261 4001 2459 4070 τρόπον
2503 4001 2812 4056 ἕπεταικαὶ
2853 4001 2920 4056 τὰ
2969 4003 3095 4074 περὶ
3140 4003 3252 4057 τῶν
3283 4003 3425 4058 κατά
3469 4003 3580 4066 τοὺς
3618 3999 3722 4051 rem

2262 4091 2671 4164 ὀνομαζομένων
2699 4092 2850 4158 ζώων
2877 4093 3071 4165 χρῆναι
3095 4094 3206 4149 δεῖν
3239 4094 3607 4167 ἐκλαμϐάνειν.

2277 4419 2408 4474 Ἀπὸ
2439 4418 2545 4474 τοῦ
2587 4419 2876 4488 Ἰερεμίου.
2909 4449 2980 4461 --
3017 4421 3302 4489 Ἀνατολὴ
3327 4422 3519 4475 δικαία
3545 4420 3605 4472 ἐκ
3631 4411 3721 4476 σπέ

667 4467 970 4560 Ξίςιιιςῃεηε,
998 4494 1052 4560 e_t_
1069 4487 1331 4560 hominum
1363 4467 1500 4560 idem
1541 4505 1652 4552 rex,
1695 4507 1924 4560 nouaque
1963 4493 2160 4545 consti-

2283 4467 3298 4560 “’ξιὶὶιτὶῖιιᾶὲῖὲᾝὶρῖἁταμέὲὴῖεἱὲὶϊ
3321 4467 3625 4560 (ἱὲῖιᾶπὶῥῷ
3640 4467 3674 4539 ίεε
3694 4467 3722 4560 gi

667 4555 858 4610 tuenda
881 4555 1163 4634 appciialio
1182 4558 1267 4620 iis,
1284 4561 1373 4629 qui
1401 4559 1496 4613 sub
1521 4577 1580 4614 eo
1604 4555 1912 4634 regnabam,
1935 4563 2161 4634 itemque

966 4627 1200 4696 priorum
1227 4627 1552 4697 peccatorum
1575 4627 1790 4686 solutio.

670 4825 688 4858 ι
720 4805 861 4862 Ecce
887 4805 1005 4862 dies
1047 4808 1290 4871 veniunt,
1317 4809 1449 4864 dicit
1471 4809 1756 4876 Dominus,
1791 4817 1846 4866 et
1879 4811 2158 4868 suscitabo

594 4900 698 4971 ipsi
737 4898 906 4955 David
930 4909 1108 4956 ortum
1135 4901 1367 4972 justum,
1396 4910 1449 4957 et
1487 4903 1736 4975 regnabit
1777 4919 1895 4968 rex,
1919 4912 1971 4959 et
2001 4903 2161 4960 intel-

592 4996 744 5065 liget,
795 5004 849 5051 et
894 4995 1054 5051 faciet
1079 4996 1366 5067 judicium,
1414 5005 1468 5052 et
1500 4997 1772 5067 justitiam
1812 4998 1868 5052 in
1897 5006 2065 5062 terra,
2104 4999 2162 5054 in

594 5087 788 5144 diebus
833 5089 951 5158 ejus
1007 5090 1311 5145 servabitur
1351 5088 1542 5152 ludas,
1571 5098 1626 5145 et
1675 5089 1844 5146 lsrael
1899 5091 2161 5146 habitabit

595 5179 896 5242 conﬁdens,
929 5188 984 5235 et
1021 5180 1124 5236 hoc
1147 5194 1344 5236 nomen
1375 5195 1483 5250 quo
1514 5180 1730 5234 vocabit
1753 5181 1954 5251 ipsum,
1985 5182 2163 5236 Domi-

593 5289 718 5338 nus,
783 5269 1088 5329 Josedccim
1133 5273 1276 5327 inter
1326 5273 1619 5342 prophetas
1648 5273 1713 5328 ¹¹.
1779 5271 1836 5327 In
1892 5273 1980 5328 die
2043 5274 2158 5338 illa,

593 5366 730 5421 dixit
761 5364 1042 5432 Dominus,
1067 5375 1346 5423 conteram
1371 5366 1562 5436 jugum
1597 5365 1664 5422 de
1695 5365 1838 5420 collo
1865 5381 2073 5430 eorum,
2109 5375 2163 5423 et

592 5461 809 5516 vincula
832 5475 1022 5515 eorum
1044 5458 1310 5531 frangam,
1331 5465 1386 5513 et
1405 5473 1514 5512 non
1539 5457 1908 5528 operahuntur
1930 5459 2164 5530 amplius

594 5550 702 5608 diis
729 5552 940 5620 alienis,
970 5552 1066 5610 sed
1095 5552 1468 5625 operabuntur
1495 5549 1725 5608 Domino
1755 5549 1863 5610 Deo
1896 5552 2161 5624 ipsorum,

668 5733 710 5767 “
738 5733 840 5787 lsa.
876 5750 951 5802 ιι,
983 5735 1068 5789 10.
1149 5738 1190 5768 η
1219 5733 1310 5791 Jer
1365 5752 1534 5806 nui,
1575 5738 1699 5805 5,6.

2334 4551 2437 4628 τὸς
2453 4551 2768 4626 βασιλεὺς,
2782 4551 2972 4631 καινῆ
2985 4578 3047 4614 τε
3069 4551 3446 4631 εὶροσηγιορίιί
3465 4551 3722 4631 τεθησομέι

2335 4631 2456 4698 τοῖς
2501 4632 2602 4702 ὑπ’
2653 4629 2811 4695 αὐτῷ
2852 4628 3482 4702 βασιλεύθησομένοις
3503 4673 3516 4696 ,
3560 4628 3645 4682 καὶ
3687 4641 3722 4675 τί

2336 4701 2636 4772 προτέρων
2665 4701 3093 4771 ἁμαρτημάτων
3125 4701 3336 4770 λύσις.

2277 4845 2283 4851 -
2340 4837 2359 4870 ι
2397 4817 2528 4871 Ἰδοὺ
2562 4818 2766 4889 ἡμέραι
2809 4817 3077 4888 ἔρχονται,
3118 4816 3271 4886 λέγει
3306 4817 3526 4888 Κύριος,
3558 4812 3639 4866 καὶ
3675 4811 3722 4861 ἅν

2268 4911 2448 4981 στήσω
2485 4909 2564 4981 τῷ
2603 4909 2766 4963 Δαὸὶδ
2808 4908 3069 4978 ἀνατολὴν
3110 4907 3349 4976 δικαίαν,
3393 4907 3492 4986 καὶ.
3529 4897 3722 4976 βασιλεὺς

2268 5002 2538 5073 βασιλεὺς,
2565 5003 2660 5056 καὶ
2684 5004 2918 5074 συνήσει,
2945 5003 3040 5055 καὶ
3070 5003 3288 5072 ποιήσει
3313 5003 3485 5073 κρῖμα
3512 4998 3596 5052 καὶ
3618 4993 3721 5045 δικαι

2269 5094 2432 5166 σύνην
2465 5095 2556 5148 ἐπὶ
2579 5094 2677 5164 τῆς
2704 5093 2824 5163 γῆς.
2863 5093 2951 5145 Ἐν
2981 5095 3101 5156 ταῖς
3132 5093 3374 5163 ἡμέραις
3405 5088 3562 5145 αὑτοῦ
3589 5081 3722 5150 etiam

2266 5205 2352 5243 ται
2401 5188 2628 5252 Ἰούδας,
2673 5187 2766 5240 καὶ
2819 5185 3030 5259 Ἰσραὴλ
3069 5183 3486 5258 κατασκηνώσει
3517 5171 3721 5234 πεποιθὼ

2269 5282 2362 5336 καὶ
2387 5281 2541 5336 τοῦτο
2577 5281 2638 5334 τὺ
2679 5279 2848 5348 δνομα
2871 5272 2916 5346 ᾧ
2945 5277 3159 5332 καλεσει
3193 5277 3362 5330 αὐτὸν
3388 5275 3610 5346 Κύριος.
3642 5269 3722 5319 Ἰω⁴

2264 5373 2457 5443 δεκεὶμ
2487 5374 2545 5425 ἐν
2573 5373 2684 5435 τοῖς
2709 5369 3032 5442 προφήταις.
3070 5369 3156 5422 Ἐν
3176 5369 3245 5438 τῇ
3281 5368 3462 5439 ἡμέρᾳ
3485 5363 3665 5431 ἐκείνῃ,
3682 5349 3722 5406 εἷ

2266 5448 2470 5538 Κύριος
2492 5506 2507 5531 ,
2540 5463 2809 5535 συντρίψω
2851 5462 2952 5515 τὸν
2975 5459 3134 5530 ζυγὸν
3176 5459 3290 5514 ἀπὸ
3319 5455 3578 5530 τραχήολου
3607 5444 3722 5502 αὺτῶ

2268 5561 2361 5615 καὶ
2390 5560 2514 5623 τοὺς
2539 5558 2769 5629 δεσμοὺς
2794 5553 2972 5609 αὐτῶν
2999 5551 3292 5625 διαρρῆξαι,
3317 5551 3410 5606 καὶ
3435 5551 3529 5604 οὐκ
3557 5545 3722 5616 emam
