3922 6200
225 275 309 333 861

1038 268 1687 327 DEMONSTRATIONIS
1722 267 2171 323 EVANGELlCIE
2202 265 2331 323 LIB.
2376 265 2482 321 VII.

3322 260 3425 315 562

223 396 291 448 ἔτι
317 393 453 456 θεοῖς
479 392 718 464 ἑτέροις,
745 392 879 447 ἀλλά
905 391 1172 462 ἑργῶνται
1199 394 1391 465 Κυρίῳ
1422 392 1502 465 τῷ
1523 391 1644 463 Θεῷ
1669 392 1765 445 αύ-

1866 398 1918 444 et
1950 405 2128 461 regem
2156 387 2322 442 David
2356 384 2635 442 suscitabo
2666 381 2747 439 eis
2774 382 2838 438 ”.
2879 402 2897 435 ι
2925 380 3107 454 Longo
3136 379 3426 437 admodum

218 485 348 549 τῶν,
395 485 490 538 καὶ
534 484 623 537 τὸν
655 483 819 537 Δαϐὶδ
866 484 1087 554 βασιλέα
1121 484 1297 538 αὐτῶν
1332 485 1620 554 ἀναστήσω
1664 483 1766 535 αύ-

216 578 336 640 τοῐς.
363 595 383 627 ι
413 575 567 630 Μετὰ
600 575 847 629 πλεῖστον
874 576 971 647 τῆς
994 576 1247 647 τελευτῆς
1281 575 1376 630 τοῦ
1406 574 1570 629 Δαϐὶδ
1590 614 1603 638 ,
1632 574 1767 628 ἀλλὰ

216 666 415 721 καὶτοῦ
440 667 750 737 Σολομῶνος
775 668 983 738 χρόνον,
1006 668 1179 723 ταῦτα
1208 668 1302 721 καὶ
1342 667 1605 739 Ἱερεμίας
1637 666 1765 737 περὶ

216 759 301 812 τοῦ
327 758 607 829 μέλλοντος
634 760 698 811 ἐκ
731 760 1041 831 σπέρματος
1066 759 1463 831 ἀναστήσεσθαι
1489 759 1652 814 Δαϐὶδ
1673 759 1767 830 βα-

217 853 393 916 σιλέως
423 851 666 915 θεσπίζει
690 868 705 884 ο
728 852 786 905 ὃν
822 852 1033 924 πρῶτον
1064 854 1159 925 μὲν
1186 852 1445 924 ἀνατολὴν
1466 853 1638 917 καλεῖ,
1674 853 1766 906 καὶ

213 945 304 1016 οὐχ
330 942 532 1008 ἁπλῶς,
557 943 692 997 ἀλλά
717 943 952 1007 δικαίαν,
975 944 1050 1007 ὡς
1074 943 1139 997 ἂν
1162 942 1221 1007 ἐξ
1248 943 1398 1015 ἡλίου
1421 943 1767 1015 δικαιοσύνης

214 1038 618 1108 συστησόμενον,
662 1038 787 1109 περὶ
818 1029 879 1089 οὗ
907 1036 1253 1108 διειλήφαμεν
1277 1040 1333 1090 ὲν
1360 1039 1479 1100 ταῖς
1513 1036 1639 1109 περὶ
1670 1035 1764 1090 τοῦ

210 1127 447 1197 δευτέρου
469 1128 642 1181 αἰτίου
670 1126 1025 1194 ἀποδείξεσιν,
1074 1125 1249 1193 ὲνάἷς
1275 1129 1366 1182 τὸν
1396 1130 1629 1200 προόντα
1670 1127 1763 1181 τοῦ

211 1218 336 1273 Θεοῦ
367 1220 571 1288 Λόγον,
624 1219 842 1291 μυρίαις
886 1221 1223 1291 κεχρημένον
1270 1221 1635 1289 ἐπωνυμίαις,
1671 1221 1764 1273 καὶ

208 1308 350 1379 ἦλιον
393 1308 736 1380 δικαιοσύνης
778 1309 1139 1382 ὀνομάζεσθαι
1197 1310 1621 1382 ἀπεδείκνυμεν,
1667 1310 1765 1383 τὴν

209 1400 514 1468 φάσκουσαν
555 1401 923 1471 προφητείαν,
975 1419 994 1452 ι
1026 1402 1150 1466 Τοῖς
1193 1401 1249 1455 δὲ
1298 1403 1648 1473 φοϐουμένοις
1698 1419 1763 1473 με

207 1490 449 1545 ἀνατελεῖ
475 1491 620 1561 ἦλιος
654 1492 1027 1565 δικαιοσύνης,
1072 1517 1089 1546 ι
1139 1494 1523 1566 παραθέμενοι.
1556 1497 1764 1569 Ὥσπερ

205 1576 297 1635 οὖν
327 1581 473 1649 ἥλιον
506 1581 881 1653 δικαιοσύνης,
918 1584 1059 1638 οὕτω
1091 1586 1184 1638 καὶ
1216 1585 1475 1657 ἀνατολὴν
1498 1587 1710 1641 δικαίαν
1737 1590 1765 1642 ὁ

205 1673 359 1740 λόγος
385 1674 475 1725 ἐπὶ
502 1673 592 1726 τοῦ
625 1674 891 1745 παρόντος
918 1678 1244 1746 ἀναστήσειν
1269 1677 1344 1748 τῷ
1368 1677 1531 1731 Δαϐὶδ
1555 1697 1765 1751 προφη-

1872 491 2114 553 tempore
2155 488 2277 551 post
2311 487 2541 534 mortem
2571 493 2678 533 non
2716 478 2891 533 solum
2922 474 3108 543 David,
3140 475 3234 531 sed
3263 475 3427 531 etiam

1868 572 2194 635 Salomonis,
2220 572 2333 625 haec
2357 568 2620 624 Jeremias
2651 567 2717 623 de
2745 582 2810 621 eo
2840 580 2983 638 rege,
3011 564 3102 634 qui
3127 564 3193 620 de
3223 563 3428 619 semine

1867 666 2034 721 David
2064 670 2210 720 esset
2235 664 2495 726 oriturus,
2528 659 2735 718 divinat
2766 677 2779 713 :
2809 672 2970 728 quem
3004 656 3178 726 primo
3209 654 3426 726 quidem

1866 764 2045 813 ortum
2076 762 2254 820 vocat,
2302 769 2478 825 neque
2525 750 2849 821 simpliciter
2888 757 3089 814 ortum,
3121 748 3215 804 sed
3246 754 3423 799 ortum

1861 852 2096 922 justum,
2125 857 2383 919 tanquam
2414 862 2538 902 eum
2575 845 2667 915 qui
2693 860 2760 898 ex
2796 844 2909 899 sole
2933 841 3159 912 justitia
3195 841 3267 897 sit
3296 854 3427 894 con-

1866 942 2205 1005 stituendus,
2240 940 2306 994 de
2336 952 2445 1008 quo
2484 951 2617 990 sane
2659 934 3017 990 disseruimus
3060 935 3115 988 in
3145 931 3212 988 iis
3244 971 3258 994 ,
3308 944 3429 1001 quae

1867 1043 2023 1089 antea
2061 1034 2129 1088 de
2161 1032 2269 1087 Deo
2310 1030 2490 1085 Verbo
2537 1025 3030 1082 demonstravimus
3054 1065 3069 1090 ,
3123 1025 3176 1079 in
3228 1022 3427 1093 quibus

1866 1127 1959 1183 Dei
1993 1125 2249 1190 Verbum,
2281 1126 2426 1195 quod
2457 1133 2616 1179 antea
2657 1129 2774 1177 erat
2813 1116 3299 1174 innumerabilibus
3328 1131 3424 1185 ap-

1866 1221 2122 1292 pellatum
2150 1218 2482 1281 nominibus,
2516 1217 2677 1271 etiam
2702 1213 2927 1284 justitia:
2959 1211 3129 1266 solem
3160 1207 3426 1263 nominari

1866 1313 2086 1383 planum
2118 1310 2366 1374 fecimus,
2398 1310 2486 1364 ubi
2519 1306 2853 1379 prophetiam
2901 1319 3022 1374 quae
3051 1304 3122 1357 ita
3154 1302 3229 1356 ait
3256 1321 3268 1355 :
3303 1320 3321 1353 ι
3357 1299 3428 1356 iis

1867 1411 2044 1458 autem
2067 1404 2159 1474 qui
2183 1418 2268 1457 me
2299 1403 2513 1468 timent,
2545 1401 2748 1456 orietur
2777 1398 2858 1453 sol
2892 1396 3119 1466 justitia
3148 1394 3213 1459 ιδ,
3249 1413 3269 1445 ι
3303 1392 3431 1447 cita~

1865 1495 2063 1550 vimus.
2102 1493 2254 1549 Sicut
2293 1509 2421 1564 ergo
2455 1494 2623 1550 solem
2668 1490 2912 1561 justitiae,
2952 1489 3022 1542 ita
3060 1487 3219 1542 etiam
3250 1492 3426 1539 ortum

1860 1587 2069 1657 justum
2101 1600 2341 1657 prazscns
2385 1585 2667 1641 oraculum
2714 1594 3086 1640 surrecturum
3131 1581 3232 1651 ipsi
3263 1578 3429 1635 David

1868 1681 2211 1737 vaticinatur.
2253 1679 2423 1733 Porro
2457 1677 2705 1734 eumdem
2741 1692 2918 1747 regem
2964 1675 3343 1745 iutelligentem
3377 1681 3430 1728 et

206 1763 370 1817 τεύει.
410 1763 510 1817 Τὸν
548 1764 709 1819 αὑτὸν
748 1765 804 1818 δὲ
844 1765 1028 1820 τοῦτον
1072 1766 1294 1837 βασιλέα
1342 1768 1620 1835 συνιέντα,
1671 1770 1765 1823 καὶ

1869 1772 2153 1828 facientem
2194 1769 2463 1842 judicium
2497 1780 2552 1827 et
2580 1745 2851 1840 justitiam
2895 1769 2949 1822 in
2981 1775 3127 1822 terra
3177 1766 3428 1836 appellat.

209 1856 455 1911 ποιοῦντα
488 1859 658 1927 κρῖμα
704 1859 795 1910 καὶ
832 1858 1176 1930 δικαιοσύνην
1222 1860 1313 1913 ἐπὶ
1361 1860 1462 1931 τῆς
1499 1862 1603 1934 γῆς
1634 1882 1766 1936 προ-

207 1948 474 2021 αγορεύει.
506 1945 636 2002 Εἶτα
682 1951 776 2004 καὶ
812 1950 1115 2022 ὁμωνύμως
1157 1951 1247 2006 τὸν
1298 1954 1457 2007 αὐτὸν
1499 1955 1655 2009 καλεῖ
1688 1956 1765 2028 τῷ

206 2043 368 2096 πάλαι
414 2042 676 2114 πρότερον
722 2044 1129 2114 τετελευτηκότι
1158 2045 1337 2098 Δαϐίδ.
1387 2048 1629 2118 Πρόσχες
1657 2049 1766 2122 γὰρ

203 2133 475 2204 ἐπιμελῶς
500 2134 575 2205 τῷ
607 2135 862 2207 ἀνωτέρω
898 2136 1024 2208 μὲν,
1062 2156 1080 2187 ι
1112 2138 1221 2191 Καὶ
1253 2138 1538 2214 ἀναστήσω
1556 2141 1632 2212 τῷ
1659 2143 1765 2195 Δα-

202 2224 286 2278 ϐὶδ
304 2224 565 2296 ἀνατολὴν
585 2224 820 2288 δικαίαν,
847 2245 866 2276 ι
892 2226 985 2278 ἐπὶ
1007 2225 1148 2279 τέλει
1180 2226 1236 2279 δὲ
1266 2227 1642 2300 ἐπιφερομένῳ
1667 2228 1763 2299 τῷ,

209 2336 227 2367 ι
270 2317 381 2370 Καὶ
423 2316 512 2369 τὸν
544 2315 707 2369 Δαϐὶδ
753 2315 974 2385 βασιλέα
1017 2315 1180 2370 αὐτοῦ
1223 2318 1509 2387 ἀναστήσω
1541 2318 1705 2390 αὐτῷ.
1740 2340 1759 2371 ι

205 2408 317 2462 Τίνι
347 2407 405 2460 δὲ
431 2406 578 2477 αὐτῷ
601 2406 633 2476 ἢ
655 2406 733 2477 τῷ
761 2406 951 2471 Δαϐίδ;
973 2407 1148 2479 τούτῳ
1174 2406 1281 2479 γὰρ
1304 2408 1502 2479 ἔφησεν
1530 2402 1765 2481 ἀναστή-

204 2515 313 2552 σειν
353 2498 452 2569 τὴν
481 2496 743 2567 ἀνατολὴν
787 2496 886 2569 τὴν
918 2496 1151 2554 δικαίαν.
1190 2498 1299 2551 Καὶ
1341 2498 1371 2549 ό
1414 2499 1682 2569 Ζαχαρίας
1709 2500 1764 2553 δὲ

202 2592 327 2665 περὶ
356 2592 451 2645 τοῦ
484 2591 647 2645 αὐτοῦ
678 2590 1034 2662 προφητεύων
1072 2590 1271 2661 ὁμοίως
1315 2591 1579 2661 ἀνατολὴν
1606 2593 1765 2647 αὑτὸν

199 2686 372 2747 καλεῖ,
396 2684 567 2752 λέγων
587 2701 599 2713 ο
630 2702 649 2734 ι
690 2683 820 2735 Ἰδοὺ
849 2681 1007 2753 ἀνὴρ,
1037 2682 1269 2754 ἀνατολὴ
1294 2683 1462 2755 ὄνομα
1485 2684 1654 2755 αὐτῷ,
1673 2686 1766 2739 καὶ

199 2774 547 2830 ὑποκάτωθεν
592 2773 755 2828 αὐτοῦ
797 2774 1043 2827 ἀνατελεῖ
1084 2775 1395 2846 δικαιοσύνη
1420 2795 1431 2805 ·
1475 2796 1494 2829 ι
1528 2778 1623 2830 καὶ
1661 2778 1767 2830 πάρ

196 2873 278 2924 λιν
298 2888 313 2901 ’
369 2890 388 2922 ι
415 2870 642 2924 Καλέσω
672 2868 763 2921 τὸν
789 2868 974 2922 δοῦλόν
1005 2886 1103 2939 μου
1131 2870 1411 2942 ἀνατολήν.
1444 2890 1462 2921 ι
1510 2870 1646 2924 Ἀλλ’
1677 2873 1767 2925 οὑ-

196 2962 307 3025 δείς
334 2978 397 3029 γε
430 2960 564 3031 μετὰ
588 2961 714 3023 τοὺς
753 2957 1015 3029 Ἱερεμίου
1044 2960 1269 3030 χρόνους
1290 3002 1304 3026 ,
1338 2962 1452 3015 ἀλλ’
1481 2962 1601 3015 οὐδὲ
1631 2964 1767 3033 μετὰ

1867 1864 2070 1921 Deinde
2115 1864 2363 1921 eumdem
2406 1872 2564 1919 vocat
2601 1879 2711 1919 uno
2750 1869 2803 1918 et
2835 1862 3025 1917 eodem
3057 1860 3276 1914 nomine
3306 1873 3429 1911 cum

1863 1974 1949 2022 eo,
1980 1957 2073 2028 qui
2121 1957 2292 2012 multo
2334 1964 2459 2012 ante
2487 1956 2743 2020 decessit,
2787 1954 2973 2009 David.
3010 1952 3240 2008 Attende
3282 1950 3426 2006 enim

1864 2052 2153 2123 diligenter
2200 2066 2323 2105 cum
2367 2049 2500 2104 illud
2530 2052 2782 2120 superius
2816 2069 2828 2104 :
2863 2066 2882 2100 ι
2924 2048 2988 2101 Ει
3016 2047 3291 2103 suscitabo
3325 2046 3430 2115 ipsi

1865 2145 2033 2200 David
2069 2154 2247 2200 ortum
2294 2144 2524 2215 justum,
2576 2164 2595 2195 ι
2632 2146 2744 2197 tum
2787 2141 2919 2197 illud
2954 2140 3097 2211 quod
3148 2138 3213 2193 ad
3246 2148 3429 2194 extre-

1866 2255 2011 2293 mum
2042 2238 2285 2293 additum
2308 2245 2391 2294 est
2424 2258 2436 2292 :
2471 2256 2490 2288 ‹
2521 2236 2586 2291 Et
2616 2235 2786 2290 David
2821 2249 2998 2304 regem
3045 2248 3202 2288 suum
3254 2233 3432 2286 susci-

1867 2333 1991 2386 tabo
2013 2332 2087 2387 ei.
2134 2351 2154 2385 ι
2201 2331 2298 2387 Cui
2339 2347 2468 2387 vero
2497 2331 2572 2396 ei,
2607 2329 2713 2385 nisi
2749 2328 2852 2399 ipsi
2891 2326 3100 2381 David?
3126 2324 3254 2379 huic
3282 2323 3428 2377 enim

1864 2424 1999 2480 dixit
2033 2439 2093 2480 se
2139 2425 2527 2481 suscitaturum
2558 2434 2735 2479 ortum
2774 2422 3006 2491 justum.
3033 2416 3199 2488 358
3221 2414 3428 2469 Zacha-

1866 2514 1975 2569 rias
2003 2515 2130 2569 item
2159 2513 2225 2569 de
2263 2513 2451 2569 eodem
2481 2513 2819 2576 vaticinans,
2864 2517 3046 2564 ortum
3076 2507 3208 2563 illud
3238 2506 3430 2562 simili-

1864 2616 1945 2661 ter
1972 2613 2131 2661 vocat
2167 2624 2180 2661 :
2238 2623 2257 2657 ι
2297 2604 2437 2660 Ecce
2463 2605 2565 2670 vir,
2606 2613 2760 2660 ortus
2790 2617 2988 2659 nomen
3033 2602 3104 2665 ei,
3152 2608 3208 2655 et
3239 2600 3431 2655 subter

1863 2716 1985 2755 eum
2017 2701 2222 2755 orietur
2250 2699 2461 2769 justitia
2498 2699 2559 2752 ".
2595 2717 2613 2748 ι
2638 2696 2703 2751 Ει
2735 2711 2968 2751 rursus:
3002 2712 3021 2746 ι
3059 2691 3277 2748 Vocabo
3302 2707 3431 2747 εει-ς
3520 2722 3525 2729 κ

1865 2809 1989 2847 vum
2034 2807 2236 2856 meum,
2291 2798 2471 2845 ortum
2512 2790 2556 2823 “
2596 2808 2609 2843 :
2653 2808 2671 2839 ι
2727 2786 2833 2845 Sed
2886 2788 3031 2842 enim
3080 2785 3263 2839 nullus
3308 2793 3431 2853 post

1862 2884 2107 2942 Jeremiae
2147 2893 2411 2953 tempora,
2467 2896 2533 2937 ac
2577 2898 2646 2938 ne
2699 2888 2822 2951 post
2878 2879 3154 2935 Zachariae
3204 2875 3425 2948 quidem

1864 2978 2006 3048 apud
2033 2977 2247 3033 Iudaeos
2270 2975 2394 3030 talis
2422 2974 2650 3039 exstitit,
2680 2982 2775 3028 ut:
2816 2973 2998 3028 oriens
3026 2972 3204 3042 justus
3229 2990 3248 3023 ι
3271 2983 3430 3024 voca-

196 3053 323 3116 τοὺς
364 3051 458 3103 τοῦ
487 3051 753 3121 Ζαχαρίου
780 3048 1019 3113 τοιοῦτος
1048 3051 1243 3121 ἀνέστη
1280 3055 1393 3116 τοῖς
1434 3055 1497 3106 ὲκ
1546 3070 1763 3124 περιτο-

1867 3078 2015 3125 retur
2039 3078 2094 3124 et
2127 3088 2145 3121 ι
2183 3068 2489 3138 intelligens
2516 3081 2631 3128 rex,
2660 3072 2714 3120 et
2736 3064 2939 3120 faciens
2967 3062 3231 3133 judicium
3258 3069 3313 3117 et
3333 3061 3428 3131 ju-

200 3143 311 3215 μῆς
330 3184 346 3207 ,
374 3142 450 3207 ὡς
479 3163 497 3194 ι
528 3142 761 3215 ἀνατολὴ
786 3142 970 3196 δικαία
998 3162 1016 3195 ι
1054 3143 1346 3215 κληθῆναι,
1391 3145 1486 3199 καὶ
1519 3167 1537 3196 ι
1564 3147 1764 3210 συνιεὶς

198 3233 452 3302 βασιλεὺς
475 3276 489 3299 ,
520 3235 615 3287 καὶ
644 3233 811 3288 ποιῶν
846 3238 1018 3306 κρῖμα
1049 3237 1143 3289 καὶ
1175 3234 1517 3307 δικαιοσύνην
1546 3238 1639 3291 ἐπὶ
1670 3238 1767 3309 τῆς

195 3329 320 3398 γῆς.
355 3346 374 3380 ι
420 3329 482 3382 ΕΞ
528 3328 586 3382 δὲ
630 3328 774 3397 λέγοι
816 3346 901 3391 τις
941 3328 1029 3382 διὰ
1076 3330 1283 3382 τούτων
1325 3330 1528 3401 Ἰησοῦν
1555 3330 1645 3384 τὸν
1672 3330 1768 3384 τοῦ

210 3420 454 3474 Ἰωσεδὲκ
483 3420 792 3491 δηλοῦσθαι,
817 3421 1055 3486 λεκτέον,
1074 3423 1155 3475 ὅτι
1187 3422 1248 3474 οὐ
1281 3422 1607 3493 συνέστηκεν
1636 3426 1664 3477 ὸ
1683 3423 1768 3475 λό-

196 3530 291 3581 γος
322 3512 490 3582 αὐτῷ.
516 3512 654 3566 Οὔτε
675 3514 781 3585 γὰρ
807 3515 913 3567 ἀπὸ
945 3513 1134 3582 γένους
1161 3513 1326 3567 Δαϐὶδ
1354 3507 1506 3577 οὗτος
1529 3510 1616 3586 ἦν,
1643 3514 1765 3568 οὕτε

194 3606 269 3669 ὡς
297 3605 548 3676 βασιλεὺς
567 3605 937 3661 ἐϐασίλευσεν.
966 3606 1089 3670 Πῶς
1116 3606 1172 3659 δὲ
1205 3606 1291 3658 ἐπ’
1323 3609 1523 3660 ἐκεῖνον
1547 3606 1766 3661 δύναται

196 3698 488 3770 ἁρμόττειν
511 3699 600 3765 τὸ,
634 3718 651 3749 ι
680 3698 788 3752 Καὶ
815 3699 905 3752 τὸν
930 3698 1094 3752 Δαϐὶδ
1122 3699 1341 3769 βασιλέα
1362 3700 1647 3771 ἀναστήσω
1672 3700 1768 3754 αύ-

192 3789 307 3859 τῷς
341 3808 359 3841 ι
393 3789 555 3841 ὁπότε
587 3788 756 3859 φυλῆς
788 3789 889 3859 μὲν
918 3785 985 3860 ἦν
1008 3790 1169 3853 Λευὶ,
1199 3789 1405 3856 τάξεως
1435 3790 1479 3843 δ’
1509 3791 1767 3861 ἀρχιερα-

193 3885 389 3956 τικῆς,
427 3886 523 3937 καὶ
561 3884 748 3952 γένους
791 3884 977 3956 ἐτέρου
1009 3884 1157 3957 παρὰ
1184 3884 1272 3937 τὸν
1303 3884 1484 3949 Δαϐὶδ,
1518 3885 1768 3954 βασιλεὺς

189 3980 236 4033 δ’
266 3977 520 4049 οὐδαμῶς
554 3976 789 4046 γεγονὼς
816 3978 1112 4049 ίστορῆται.
1143 3978 1325 4041 Ὥστε,
1364 3980 1411 4030 εί
1447 3977 1631 4049 μηδεὶς
1661 3978 1769 4032 ἓτεο

195 4089 286 4142 ρος
333 4070 641 4141 εὑρίσκοιτο
688 4070 964 4134 τοιοῦτος,
1012 4071 1129 4141 ὥρα
1161 4070 1251 4123 τὸν
1299 4071 1767 4143 προφητευόμενον

188 4166 290 4218 καὶ
327 4163 417 4217 διὰ
466 4163 671 4216 τούτων
708 4162 986 4233 ὁμολογεῖν
1025 4163 1182 4232 μόνον
1222 4158 1358 4215 εἶναι
1407 4163 1496 4215 τὸν
1542 4162 1769 4233 Σωτῆρα

1868 3161 2074 3216 stitiam
2096 3161 2151 3215 in
2190 3168 2389 3215 terra.»
2427 3158 2583 3224 Quod
2614 3158 2659 3212 si
2688 3158 2816 3227 quis
2848 3156 2999 3210 dicat
3031 3156 3084 3209 in
3117 3154 3201 3209 his
3234 3151 3424 3209 Jesum

1868 3253 2034 3308 lilium
2067 3251 2295 3309 Josedec
2322 3251 2638 3323 signiﬁcari,
2669 3249 2956 3304 dicendum
2982 3248 3087 3303 erit
3113 3245 3256 3316 quod
3289 3244 3428 3300 ratio

1870 3345 1982 3399 haec
2035 3344 2113 3398 illi
2169 3352 2421 3399 constare
2472 3358 2580 3398 non
2615 3348 2810 3413 potest.
2862 3339 2997 3394 Nam
3040 3340 3127 3394 hic
3159 3352 3334 3407 neque
3361 3336 3429 3392 de

1869 3451 2061 3507 genere
2105 3435 2277 3491 David
2308 3434 2431 3498 fuit,
2476 3449 2653 3504 neque
2707 3441 2960 3502 tanquam
3015 3446 3108 3487 rex
3166 3428 3426 3499 regnavit.

1867 3528 2149 3594 Quomodo
2183 3535 2360 3583 autem
2391 3528 2465 3582 illi
2493 3534 2671 3597 potest
2703 3524 3102 3580 accommodari
3126 3520 3290 3583 illud,
3329 3539 3348 3571 ι
3378 3528 3431 3576 et

1851 3598 2037 3675 David
2064 3635 2244 3689 regem
2284 3620 2565 3675 suscitabo
2596 3619 2689 3674 ei?
2728 3639 2746 3670 ι
2784 3632 2907 3673 cum
2941 3625 2995 3671 et
3025 3631 3092 3671 ex
3124 3615 3270 3669 tribu
3302 3611 3429 3669 Levi

1868 3720 1921 3765 et
1969 3725 2037 3764 ex
2067 3710 2259 3765 ordine
2314 3709 2592 3779 pontiﬁcio
2635 3706 2817 3770 fuerit,
2848 3714 2900 3760 et
2953 3720 3148 3776 genere
3178 3719 3207 3757 a
3260 3700 3428 3778 David

1868 3802 2101 3863 alienus,
2154 3816 2331 3871 neque
2368 3815 2462 3855 rex
2516 3799 2627 3853 ullo
2666 3798 2826 3853 modo
2865 3787 3141 3852 exstitisse
3164 3809 3429 3850 memore-

1868 3894 1992 3948 tur?
2020 3907 2189 3963 quare
2222 3892 2268 3948 si
2304 3893 2485 3948 nullus
2515 3892 2656 3948 alius
2706 3891 2977 3946 invenitur
3018 3890 3143 3944 talis
3166 3927 3181 3951 ,
3212 3894 3428 3956 tempus

1862 3985 1975 4055 jam
2009 3984 2172 4039 fuerit
2197 3999 2318 4039 eum
2350 3983 2419 4038 de
2441 3999 2552 4053 quo
2589 3984 2640 4037 in
2679 3983 2763 4039 bis
2793 3982 3029 4037 oraculis
3059 3978 3259 4034 mentio
3289 3977 3427 4032 facta

1867 4082 1969 4140 est,
2001 4081 2053 4130 et
2079 4074 2147 4130 de
2174 4088 2282 4144 quo
2311 4075 2400 4128 illa
2433 4076 2703 4144 praecipue
2758 4071 3235 4143 loquuntur,t‘ateri
3260 4085 3426 4125 unum

1866 4182 1990 4222 esse
2025 4165 2360 4220 Salvatorem
2391 4181 2453 4219 ac
2480 4165 2765 4220 Dominum
2794 4174 3064 4227 nostrum,
3098 4163 3189 4234 qui
3222 4162 3350 4216 alibi
3378 4169 3434 4216 et

190 4258 288 4309 καὶ
343 4254 547 4324 Κύριον
595 4255 783 4325 ἡμῶν,
828 4254 916 4307 τὸν
963 4254 1056 4307 καὶ
1110 4255 1167 4307 ἐν
1216 4256 1422 4326 ἑτέροις
1468 4271 1487 4305 ι
1518 4253 1632 4325 φῶς
1673 4256 1764 4308 τοῦ

1874 4276 1891 4307 ι
1923 4258 2011 4310 lux
2028 4257 2213 4311 mundi
2235 4258 2492 4313 etlumen
2519 4258 2757 4328 gentium
2790 4276 2808 4307 ι
2848 4263 3092 4309 vocatur.
3129 4255 3247 4324 Ipse
3268 4252 3435 4322 igitur

188 4348 403 4417 κόσμου
437 4348 527 4399 καὶ
559 4345 672 4414 φῶς
699 4346 805 4401 τῶν
840 4345 1009 4399 ἐθνῶν
1043 4364 1060 4399 ι
1103 4342 1557 4418 ἀνηγορευμένον.
1598 4346 1765 4410 Αὐτὸς

1869 4348 2028 4405 etiam
2067 4349 2171 4404 hoc
2202 4349 2324 4404 loco
2361 4348 2525 4404 fuerit
2553 4350 2619 4403 de
2648 4363 2759 4417 quo
2785 4347 3044 4417 prOpheta
3091 4346 3350 4417 loquitur,
3380 4351 3435 4398 et

186 4438 487 4507 τοιγαροῦν
528 4439 612 4509 εἴη
656 4437 722 4490 ἂν
762 4437 1040 4491 κάνταῦθα
1065 4441 1093 4491 ό
1129 4439 1633 4511 προφητευόμενος,
1674 4439 1764 4491 καὶ

1870 4455 2000 4496 sane
2035 4441 2238 4513 absque
2275 4441 2556 4497 mendacio
2600 4440 2847 4495 constitit
2899 4439 3236 4494 vaticinium.
3272 4436 3433 4491 Solus

191 4530 528 4599 συνέστηκεν
576 4528 809 4600 ἀψευδὴς
857 4532 888 4601 ὴ
936 4531 1259 4603 πρόρρησις.
1321 4532 1493 4594 Μόνος
1549 4530 1654 4602 γὰρ
1702 4532 1765 4583 ὲκ

188 4623 514 4695 σπέρματος
566 4622 725 4675 Δαϐὶδ
788 4622 1089 4693 ὁμωνύμως
1144 4622 1222 4693 τῷ
1277 4624 1579 4696 προπάτορι
1625 4623 1767 4678 κατά

184 4715 465 4778 διάνοιαν,
510 4715 628 4768 ἐπεὶ
662 4716 1020 4786 ἑρμηνεύεται
1067 4734 1086 4766 ι
1116 4715 1334 4779 δυνατὸς
1367 4718 1541 4787 χειρὶ,
1576 4735 1594 4767 ι
1633 4734 1767 4788 χρη-

187 4807 476 4877 ματίσας,
516 4827 532 4858 ι
563 4811 734 4879 κρῖμα
781 4808 871 4861 καὶ
913 4807 1255 4879 δικαιοσύνην
1286 4826 1303 4859 ι
1343 4808 1431 4861 διὰ
1469 4809 1566 4880 τῆς
1599 4807 1763 4861 αὑτοῦ

181 4897 544 4961 διδασκαλίας
572 4902 684 4962 τοῖς
715 4900 806 4953 ἐπὶ
824 4901 926 4970 γῆς
955 4899 1156 4953 ἅπασιν
1188 4898 1416 4971 ἐκήρυξε
1435 4939 1449 4963 ,
1483 4900 1576 4953 καὶ
1606 4900 1764 4971 μόνος

181 4990 305 5047 τῶν
332 4988 553 5043 πώποτε
582 4991 680 5044 οὐκ
710 4993 801 5045 ἐπὶ
828 4992 1024 5064 μέρους
1052 4992 1363 5047 ἐϐασίλευσε
1392 4992 1490 5063 τῆς
1515 4992 1763 5063 οἰκουμέ-

180 5100 292 5155 νης
316 5123 332 5147 ,
358 5081 497 5143 ἀλλά
524 5084 613 5135 ἐπὶ
636 5085 812 5136 πᾶσαν
844 5083 939 5155 τὴν
970 5084 1092 5155 γῆν,
1118 5086 1211 5138 καὶ
1243 5085 1400 5155 μόνος
1428 5083 1662 5136 ἀνέτειλε
1685 5083 1765 5136 δι-

177 5174 492 5246 καιοσύνην
511 5216 525 5240 ,
559 5162 862 5239 ἀκολούθως
902 5177 995 5229 καὶ
1020 5177 1098 5247 τῷ
1125 5178 1181 5228 ὲν
1208 5174 1404 5245 ψαλμῷ
1441 5176 1568 5243 περὶ
1598 5174 1762 5228 αὐτοῦ

172 5265 511 5342 λεγομένῳσ
563 5286 583 5317 ι
623 5267 892 5321 ’Δνατελεῖ
925 5270 982 5321 ὲν
1032 5270 1153 5331 ταῖς
1202 5267 1434 5340 ἡμέραις
1477 5265 1641 5321 αὐτοῦ
1682 5267 1760 5321 δι-

169 5358 478 5429 καιοσύνη.
519 5360 612 5413 καὶ
657 5359 857 5430 πλῆθος
894 5361 1133 5431 εἰρήνης.
1184 5379 1203 5410 ι
1252 5359 1450 5424 Ἰούδας
1494 5360 1551 5413 δὲ
1595 5359 1767 5431 σωθη-

169 5454 423 5523 σόμενος
453 5454 548 5506 καὶ
600 5452 813 5524 Ἰσραὴλ
844 5454 899 5506 ἐν
932 5456 1048 5517 ταῖς
1076 5453 1309 5524 ἡμέραις
1355 5450 1515 5506 αὐτοῦ
1561 5452 1762 5515 πάντες

166 5545 326 5598 εἰσὶν
355 5544 411 5599 οἱ
450 5544 516 5614 τῇ
548 5542 614 5596 δι’
648 5543 815 5597 αὐτοῦ
856 5542 1132 5615 θεοσεϐείᾳ
1171 5543 1628 5615 προσεληλυθότες
1664 5544 1759 5597 τοῦ

256 5722 306 5754 ⁸³
347 5719 464 5776 Jer.
504 5736 640 5786 xxx,
675 5720 726 5782 8.
756 5722 788 5774 9
862 5722 905 5761 υ
943 5719 1170 5776 Μαιαεὴ.
1204 5736 1290 5785 iv,
1327 5719 1379 5774 2.
1463 5720 1502 5753 ¹⁸
1542 5718 1765 5776 Zachar.

1876 5754 1892 5783 ,
1928 5717 2012 5773 12.
2093 5719 2134 5749 ¹⁶
2163 5715 2390 5772 Zachar.
2426 5732 2521 5781 ιιι,
2557 5714 2610 5773 8.

1871 4534 2013 4588 enim
2071 4534 2138 4588 de
2192 4536 2397 4590 semine
2442 4532 2609 4588 David
2662 4534 2757 4603 qui
2817 4533 3005 4587 eodem
3060 4533 3276 4586 nomine
3303 4543 3431 4583 cum
3474 4542 3483 4551 '

1872 4624 2057 4695 prisco
2092 4640 2194 4681 suo
2233 4636 2456 4696 parente
2487 4626 2554 4681 ad
2606 4639 2828 4681 sensum
2874 4623 2947 4678 sit
2973 4622 3177 4684 dictus,
3216 4619 3435 4692 quando

1872 4734 1938 4773 ex
1979 4718 2422 4789 interpretatione
2465 4718 2554 4773 ille
2580 4724 2666 4773 est
2709 4732 2873 4771 manu
2912 4723 3126 4786 potens,
3164 4711 3430 4783 judicium

1872 4818 1927 4866 et
1954 4810 2220 4880 justitiam
2272 4825 2370 4880 per
2412 4824 2567 4865 suam
2610 4810 2782 4879 ipsius
2827 4806 3132 4862 doctrinam
3179 4800 3437 4858 omnibus

1871 4903 1964 4973 qui
2010 4910 2193 4956 essent
2221 4902 2275 4955 in
2311 4909 2456 4957 terra
2486 4902 2752 4955 nuntiavit
2771 4941 2786 4964 .
2816 4908 2870 4955 et
2896 4900 3045 4955 solus
3077 4893 3320 4950 omnium
3342 4906 3439 4948 eo-

1870 5011 1993 5052 rum
2039 4998 2132 5068 qui
2168 5011 2406 5066 unquam
2440 4994 2640 5049 fuerint
2660 5008 2775 5049 non
2815 4993 2868 5045 in
2891 4999 3046 5062 parte
3073 4988 3253 5057 aliqua
3284 4984 3438 5041 orbis

1870 5092 2137 5164 regnavit,
2171 5090 2264 5145 sed
2304 5091 2359 5145 in
2405 5091 2551 5144 omni
2607 5102 2834 5159 prorsus
2872 5095 3040 5147 terra,
3092 5089 3147 5138 et
3193 5080 3344 5136 solus
3377 5089 3435 5131 ut

1870 5183 2174 5262 exoriretur
2209 5182 2423 5251 justitia
2457 5190 2647 5233 auctor
2691 5177 2793 5231 fuit
2826 5217 2841 5239 ,
2879 5167 3436 5262 quemadmodurdde

1869 5270 1989 5340 ipso
2018 5254 2074 5323 in
2101 5269 2312 5339 psalmo
2342 5267 2548 5323 dictum
2577 5272 2681 5327 est,
2711 5282 2729 5314 ι
2762 5263 2970 5316 orietur
2997 5261 3054 5315 in
3086 5256 3281 5314 diebus
3312 5254 3435 5323 ejus

1864 5361 2075 5431 justitia
2096 5367 2151 5415 et
2173 5359 2505 5415 abundantia
2530 5360 2680 5429 pacis
2707 5357 2771 5413 ¹⁷.
2811 5374 2830 5406 ι
2865 5353 3035 5409 Judas
3060 5359 3242 5421 autem
3270 5361 3434 5417 atque

1867 5454 2057 5515 Israel,
2090 5452 2183 5522 qui
2226 5452 2282 5506 in
2307 5452 2502 5506 diebus
2531 5450 2677 5503 illius
2732 5447 2986 5503 servandi
3042 5452 3192 5506 sunt.
3241 5450 3433 5499 omnes

1868 5551 1996 5599 sunt
2028 5543 2118 5613 qui
2155 5544 2301 5598 illius
2336 5542 2589 5613 pietatem
2628 5554 2689 5593 ac
2729 5540 2936 5595 cultum
2984 5553 3049 5594 ex
3078 5535 3303 5592 Judaico
3336 5546 3430 5603 po

2689 5716 2728 5746 ³⁷
2771 5713 2917 5770 Psal.
2950 5728 3076 5766 Lxxi
3100 5752 3114 5775 ,
3151 5712 3202 5767 7.
